  <div class='ocr_page' id='page_1' title='image "/cluster/home/n/w/nwhite01/storage/ocr_20150623/34/hvd.32044019207760/074.png"; bbox 0 0 4040 6574; ppageno 0'>
   <div class='ocr_carea' id='block_1_1' title="bbox 233 230 3447 303">
    <p class='ocr_par' dir='ltr' id='par_1_1' title="bbox 233 230 3447 303">
     <span class='ocr_line' id='line_1_1' title="bbox 233 230 3447 303; baseline -0.001 -14"><span class='ocrx_word' id='word_1_1' title='bbox 233 236 322 289; x_wconf 65' lang='grc'>126</span> <span class='ocrx_word' id='word_1_2' title='bbox 1700 230 1929 287; x_wconf 74' lang='grc' dir='ltr'>νιΤΑΕ.</span> <span class='ocrx_word' id='word_1_3' title='bbox 3343 247 3447 303; x_wconf 56' lang='grc' dir='ltr'>ηδ</span> 
     </span>
    </p>
   </div>
   <div class='ocr_carea' id='block_1_2' title="bbox 228 343 3450 436">
    <p class='ocr_par' dir='ltr' id='par_1_2' title="bbox 228 343 3450 436">
     <span class='ocr_line' id='line_1_2' title="bbox 228 343 3450 436; baseline 0.003 -21"><span class='ocrx_word' id='word_1_4' title='bbox 228 347 464 415; x_wconf 83' lang='lat' dir='ltr'>Macario</span> <span class='ocrx_word' id='word_1_5' title='bbox 498 343 911 407; x_wconf 87' lang='lat' dir='ltr'>Alexandrino</span> <span class='ocrx_word' id='word_1_6' title='bbox 941 345 1127 408; x_wconf 89' lang='lat' dir='ltr'>missa</span> <span class='ocrx_word' id='word_1_7' title='bbox 1176 346 1285 429; x_wconf 90' lang='lat'>(1),</span> <span class='ocrx_word' id='word_1_8' title='bbox 1321 349 1399 412; x_wconf 91' lang='lat' dir='ltr'>de</span> <span class='ocrx_word' id='word_1_9' title='bbox 1449 349 1758 414; x_wconf 85' lang='lat' dir='ltr'>daemone</span> <span class='ocrx_word' id='word_1_10' title='bbox 1787 355 1834 411; x_wconf 77' lang='grc' dir='ltr'><strong>Α</strong></span> <span class='ocrx_word' id='word_1_11' title='bbox 1868 350 2049 424; x_wconf 91' lang='lat' dir='ltr'>dicis,</span> <span class='ocrx_word' id='word_1_12' title='bbox 2084 352 2231 432; x_wconf 89' lang='lat' dir='ltr'>quia</span> <span class='ocrx_word' id='word_1_13' title='bbox 2262 369 2483 416; x_wconf 91' lang='lat' dir='ltr'>omnes</span> <span class='ocrx_word' id='word_1_14' title='bbox 2513 353 2665 416; x_wconf 89' lang='lat' dir='ltr'>mihi</span> <span class='ocrx_word' id='word_1_15' title='bbox 2693 356 2989 418; x_wconf 77' lang='lat' dir='ltr'>contrarii</span> <span class='ocrx_word' id='word_1_16' title='bbox 3013 357 3161 421; x_wconf 85' lang='lat' dir='ltr'>facti</span> <span class='ocrx_word' id='word_1_17' title='bbox 3190 367 3356 436; x_wconf 89' lang='lat' dir='ltr'>sunt,</span> <span class='ocrx_word' id='word_1_18' title='bbox 3387 372 3450 425; x_wconf 86' lang='lat' dir='ltr'>et</span> 
     </span>
    </p>
   </div>
   <div class='ocr_carea' id='block_1_3' title="bbox 227 446 3448 535">
    <p class='ocr_par' dir='ltr' id='par_1_3' title="bbox 227 446 3448 535">
     <span class='ocr_line' id='line_1_3' title="bbox 227 446 3448 535; baseline 0.002 -18"><span class='ocrx_word' id='word_1_19' title='bbox 227 451 462 517; x_wconf 88' lang='lat' dir='ltr'>eundem</span> <span class='ocrx_word' id='word_1_20' title='bbox 483 446 809 507; x_wconf 88' lang='lat' dir='ltr'>Macarium</span> <span class='ocrx_word' id='word_1_21' title='bbox 834 447 910 508; x_wconf 92' lang='lat' dir='ltr'>ad</span> <span class='ocrx_word' id='word_1_22' title='bbox 933 448 1259 511; x_wconf 82' lang='lat' dir='ltr'>collectam</span> <span class='ocrx_word' id='word_1_23' title='bbox 1307 450 1606 515; x_wconf 79' lang='lat' dir='ltr'>invitante</span> <span class='ocrx_word' id='word_1_24' title='bbox 1650 454 1756 534; x_wconf 77' lang='lat'>(2),</span> <span class='ocrx_word' id='word_1_25' title='bbox 1862 449 2074 512; x_wconf 90' lang='lat' dir='ltr'>nullus</span> <span class='ocrx_word' id='word_1_26' title='bbox 2120 453 2277 515; x_wconf 87' lang='lat' dir='ltr'>meis</span> <span class='ocrx_word' id='word_1_27' title='bbox 2334 456 2613 518; x_wconf 90' lang='lat' dir='ltr'>consiliis</span> <span class='ocrx_word' id='word_1_28' title='bbox 2658 458 3022 535; x_wconf 81' lang='lat' dir='ltr'>acquiescit.</span> <span class='ocrx_word' id='word_1_29' title='bbox 3071 460 3144 521; x_wconf 94' lang='lat' dir='ltr'>Et</span> <span class='ocrx_word' id='word_1_30' title='bbox 3192 462 3341 524; x_wconf 84' lang='lat' dir='ltr'>dicit</span> <span class='ocrx_word' id='word_1_31' title='bbox 3387 463 3448 525; x_wconf 90' lang='lat' dir='ltr'>ei</span> 
     </span>
    </p>
   </div>
   <div class='ocr_carea' id='block_1_4' title="bbox 224 542 3446 631">
    <p class='ocr_par' dir='ltr' id='par_1_4' title="bbox 224 542 3446 631">
     <span class='ocr_line' id='line_1_4' title="bbox 224 542 3446 631; baseline 0.007 -31"><span class='ocrx_word' id='word_1_32' title='bbox 224 552 289 613; x_wconf 82' lang='lat' dir='ltr'>de</span> <span class='ocrx_word' id='word_1_33' title='bbox 329 542 613 608; x_wconf 83' lang='lat' dir='ltr'>sententia</span> <span class='ocrx_word' id='word_1_34' title='bbox 662 543 960 624; x_wconf 88' lang='lat' dir='ltr'>denique,</span> <span class='ocrx_word' id='word_1_35' title='bbox 1003 563 1218 609; x_wconf 89' lang='lat' dir='ltr'>verum</span> <span class='ocrx_word' id='word_1_36' title='bbox 1264 552 1644 615; x_wconf 87' lang='lat' dir='ltr'>monachum</span> <span class='ocrx_word' id='word_1_37' title='bbox 1692 556 1759 617; x_wconf 86' lang='lat' dir='ltr'>in</span> <span class='ocrx_word' id='word_1_38' title='bbox 1865 566 2061 611; x_wconf 80' lang='lat' dir='ltr'>senex</span> <span class='ocrx_word' id='word_1_39' title='bbox 2100 568 2114 611; x_wconf 93' lang='lat'>:</span> <span class='ocrx_word' id='word_1_40' title='bbox 2148 554 2310 631; x_wconf 90' lang='lat' dir='ltr'>Ergo</span> <span class='ocrx_word' id='word_1_41' title='bbox 2350 554 2592 617; x_wconf 90' lang='lat' dir='ltr'>nullum</span> <span class='ocrx_word' id='word_1_42' title='bbox 2639 555 2833 619; x_wconf 90' lang='lat' dir='ltr'>habes</span> <span class='ocrx_word' id='word_1_43' title='bbox 2873 558 3184 621; x_wconf 77' lang='lat' dir='ltr'>amicum?</span> <span class='ocrx_word' id='word_1_44' title='bbox 3218 566 3292 622; x_wconf 86' lang='lat' dir='ltr'>At</span> <span class='ocrx_word' id='word_1_45' title='bbox 3338 561 3446 625; x_wconf 84' lang='lat' dir='ltr'>ille</span> 
     </span>
    </p>
   </div>
   <div class='ocr_carea' id='block_1_5' title="bbox 218 643 3445 741">
    <p class='ocr_par' dir='ltr' id='par_1_5' title="bbox 218 643 3445 741">
     <span class='ocr_line' id='line_1_5' title="bbox 218 643 3445 741; baseline 0.009 -35"><span class='ocrx_word' id='word_1_46' title='bbox 218 646 503 726; x_wconf 78' lang='lat' dir='ltr'>arguendo</span> <span class='ocrx_word' id='word_1_47' title='bbox 539 643 661 705; x_wconf 91' lang='lat' dir='ltr'>alio</span> <span class='ocrx_word' id='word_1_48' title='bbox 709 663 1028 724; x_wconf 86' lang='lat' dir='ltr'>nunquam</span> <span class='ocrx_word' id='word_1_49' title='bbox 1074 650 1151 710; x_wconf 93' lang='lat' dir='ltr'>ad</span> <span class='ocrx_word' id='word_1_50' title='bbox 1180 649 1576 715; x_wconf 67' lang='lat' dir='ltr'>iracundiam</span> <span class='ocrx_word' id='word_1_51' title='bbox 1620 675 1757 718; x_wconf 91' lang='lat' dir='ltr'>mo-</span> <span class='ocrx_word' id='word_1_52' title='bbox 1863 650 2188 727; x_wconf 69' lang='lat' dir='ltr'>respondit</span> <span class='ocrx_word' id='word_1_53' title='bbox 2240 668 2253 711; x_wconf 76' lang='grc' dir='ltr'>ε</span> <span class='ocrx_word' id='word_1_54' title='bbox 2306 653 2513 714; x_wconf 79' lang='lat' dir='ltr'>Unum</span> <span class='ocrx_word' id='word_1_55' title='bbox 2560 652 2763 717; x_wconf 74' lang='lat' dir='ltr'>habeo</span> <span class='ocrx_word' id='word_1_56' title='bbox 2808 656 3102 731; x_wconf 70' lang='lat' dir='ltr'>amicum.</span> <span class='ocrx_word' id='word_1_57' title='bbox 3156 660 3252 721; x_wconf 73' lang='grc' dir='ltr'>νει</span> <span class='ocrx_word' id='word_1_58' title='bbox 3307 661 3445 741; x_wconf 71' lang='lat' dir='ltr'>ipse</span> 
     </span>
    </p>
   </div>
   <div class='ocr_carea' id='block_1_6' title="bbox 217 746 3443 834">
    <p class='ocr_par' dir='ltr' id='par_1_6' title="bbox 217 746 3443 834">
     <span class='ocr_line' id='line_1_6' title="bbox 217 746 3443 834; baseline 0.009 -40"><span class='ocrx_word' id='word_1_59' title='bbox 217 748 347 819; x_wconf 53' lang='lat' dir='ltr'>veri,</span> <span class='ocrx_word' id='word_1_60' title='bbox 376 746 476 808; x_wconf 78' lang='lat' dir='ltr'>sed</span> <span class='ocrx_word' id='word_1_61' title='bbox 510 762 760 825; x_wconf 78' lang='lat' dir='ltr'>semper</span> <span class='ocrx_word' id='word_1_62' title='bbox 784 764 922 808; x_wconf 83' lang='lat' dir='ltr'>sese</span> <span class='ocrx_word' id='word_1_63' title='bbox 972 749 1222 812; x_wconf 76' lang='lat' dir='ltr'>vincere</span> <span class='ocrx_word' id='word_1_64' title='bbox 1275 752 1382 833; x_wconf 73' lang='grc'>(3),</span> <span class='ocrx_word' id='word_1_65' title='bbox 1417 772 1603 834; x_wconf 70' lang='lat' dir='ltr'>supra</span> <span class='ocrx_word' id='word_1_66' title='bbox 1647 776 1757 820; x_wconf 76' lang='lat' dir='ltr'>co-</span> <span class='ocrx_word' id='word_1_67' title='bbox 1862 751 2175 811; x_wconf 86' lang='lat' dir='ltr'>consentit</span> <span class='ocrx_word' id='word_1_68' title='bbox 2202 751 2380 827; x_wconf 91' lang='lat' dir='ltr'>mihi,</span> <span class='ocrx_word' id='word_1_69' title='bbox 2418 761 2478 814; x_wconf 90' lang='lat' dir='ltr'>et</span> <span class='ocrx_word' id='word_1_70' title='bbox 2512 756 2759 833; x_wconf 88' lang='lat' dir='ltr'>quoties</span> <span class='ocrx_word' id='word_1_71' title='bbox 2787 774 2888 817; x_wconf 89' lang='lat' dir='ltr'>me</span> <span class='ocrx_word' id='word_1_72' title='bbox 2915 757 3160 833; x_wconf 89' lang='lat' dir='ltr'>viderit,</span> <span class='ocrx_word' id='word_1_73' title='bbox 3190 758 3314 822; x_wconf 92' lang='lat' dir='ltr'>huc</span> <span class='ocrx_word' id='word_1_74' title='bbox 3347 770 3443 824; x_wconf 87' lang='lat' dir='ltr'>at-</span> 
     </span>
    </p>
   </div>
   <div class='ocr_carea' id='block_1_7' title="bbox 216 846 3446 937">
    <p class='ocr_par' dir='ltr' id='par_1_7' title="bbox 216 846 3446 937">
     <span class='ocr_line' id='line_1_7' title="bbox 216 846 3446 937; baseline 0.009 -43"><span class='ocrx_word' id='word_1_75' title='bbox 216 849 511 930; x_wconf 70' lang='lat' dir='ltr'>gnavimus</span> <span class='ocrx_word' id='word_1_76' title='bbox 550 846 660 926; x_wconf 76' lang='grc'>(4),</span> <span class='ocrx_word' id='word_1_77' title='bbox 700 848 1042 911; x_wconf 79' lang='lat' dir='ltr'>Duodecim</span> <span class='ocrx_word' id='word_1_78' title='bbox 1099 860 1346 916; x_wconf 61' lang='lat' dir='ltr'>ceterae</span> <span class='ocrx_word' id='word_1_79' title='bbox 1391 854 1511 918; x_wconf 65' lang='lat' dir='ltr'>hae,</span> <span class='ocrx_word' id='word_1_80' title='bbox 1568 870 1755 921; x_wconf 76' lang='lat' dir='ltr'>sum;</span> <span class='ocrx_word' id='word_1_81' title='bbox 1862 865 1984 925; x_wconf 90' lang='lat' dir='ltr'>que</span> <span class='ocrx_word' id='word_1_82' title='bbox 2004 848 2151 911; x_wconf 92' lang='lat' dir='ltr'>illuc</span> <span class='ocrx_word' id='word_1_83' title='bbox 2177 851 2300 912; x_wconf 89' lang='lat' dir='ltr'>cito</span> <span class='ocrx_word' id='word_1_84' title='bbox 2324 856 3026 937; x_wconf 84' lang='lat' dir='ltr'>convertitur.-Cumque</span> <span class='ocrx_word' id='word_1_85' title='bbox 3050 876 3281 922; x_wconf 86' lang='lat' dir='ltr'>nomen</span> <span class='ocrx_word' id='word_1_86' title='bbox 3305 863 3446 923; x_wconf 89' lang='lat' dir='ltr'>eius</span> 
     </span>
    </p>
   </div>
   <div class='ocr_carea' id='block_1_8' title="bbox 283 947 1757 1032">
    <p class='ocr_par' dir='ltr' id='par_1_8' title="bbox 283 947 1757 1032">
     <span class='ocr_line' id='line_1_8' title="bbox 283 947 1757 1032; baseline 0.01 -26"><span class='ocrx_word' id='word_1_87' title='bbox 283 974 307 1005; x_wconf 76' lang='grc' dir='ltr'>ι</span> <span class='ocrx_word' id='word_1_88' title='bbox 336 948 525 1007; x_wconf 87' lang='lat' dir='ltr'>Abbas</span> <span class='ocrx_word' id='word_1_89' title='bbox 552 947 855 1009; x_wconf 88' lang='lat' dir='ltr'>Macarius</span> <span class='ocrx_word' id='word_1_90' title='bbox 883 950 1389 1032; x_wconf 81' lang='lat' dir='ltr'>quotiescunque</span> <span class='ocrx_word' id='word_1_91' title='bbox 1441 974 1585 1017; x_wconf 91' lang='lat' dir='ltr'>cum</span> <span class='ocrx_word' id='word_1_92' title='bbox 1631 959 1757 1021; x_wconf 88' lang='lat' dir='ltr'>fra-</span> 
     </span>
    </p>
   </div>
   <div class='ocr_carea' id='block_1_9' title="bbox 212 1046 1756 1141">
    <p class='ocr_par' dir='ltr' id='par_1_9' title="bbox 212 1046 1756 1141">
     <span class='ocr_line' id='line_1_9' title="bbox 212 1046 1756 1141; baseline 0.008 -30"><span class='ocrx_word' id='word_1_93' title='bbox 212 1050 384 1111; x_wconf 90' lang='lat' dir='ltr'>tribus</span> <span class='ocrx_word' id='word_1_94' title='bbox 410 1046 567 1107; x_wconf 88' lang='lat' dir='ltr'>facta</span> <span class='ocrx_word' id='word_1_95' title='bbox 614 1047 915 1110; x_wconf 90' lang='lat' dir='ltr'>charitate</span> <span class='ocrx_word' id='word_1_96' title='bbox 958 1052 1297 1127; x_wconf 80' lang='lat' dir='ltr'>reficiebat,</span> <span class='ocrx_word' id='word_1_97' title='bbox 1341 1055 1463 1118; x_wconf 92' lang='lat' dir='ltr'>hoc</span> <span class='ocrx_word' id='word_1_98' title='bbox 1492 1059 1557 1119; x_wconf 89' lang='lat' dir='ltr'>in</span> <span class='ocrx_word' id='word_1_99' title='bbox 1604 1079 1756 1141; x_wconf 91' lang='lat' dir='ltr'>pro-</span> 
     </span>
    </p>
   </div>
   <div class='ocr_carea' id='block_1_10' title="bbox 211 1146 1758 1231">
    <p class='ocr_par' dir='ltr' id='par_1_10' title="bbox 211 1146 1758 1231">
     <span class='ocr_line' id='line_1_10' title="bbox 211 1146 1758 1231; baseline 0.01 -22"><span class='ocrx_word' id='word_1_100' title='bbox 211 1149 329 1230; x_wconf 90' lang='lat' dir='ltr'>prio</span> <span class='ocrx_word' id='word_1_101' title='bbox 356 1146 538 1207; x_wconf 90' lang='lat' dir='ltr'>corde</span> <span class='ocrx_word' id='word_1_102' title='bbox 587 1153 904 1221; x_wconf 85' lang='lat' dir='ltr'>statuerat,</span> <span class='ocrx_word' id='word_1_103' title='bbox 950 1158 1019 1211; x_wconf 87' lang='lat' dir='ltr'>ut</span> <span class='ocrx_word' id='word_1_104' title='bbox 1061 1162 1332 1231; x_wconf 91' lang='lat' dir='ltr'>quantos</span> <span class='ocrx_word' id='word_1_105' title='bbox 1376 1158 1501 1219; x_wconf 91' lang='lat' dir='ltr'>vini</span> <span class='ocrx_word' id='word_1_106' title='bbox 1532 1162 1758 1224; x_wconf 76' lang='lat' dir='ltr'>calices</span> 
     </span>
    </p>
   </div>
   <div class='ocr_carea' id='block_1_11' title="bbox 1859 949 3445 1041">
    <p class='ocr_par' dir='ltr' id='par_1_11' title="bbox 1859 949 3445 1041">
     <span class='ocr_line' id='line_1_11' title="bbox 1859 949 3445 1041; baseline 0.009 -32"><span class='ocrx_word' id='word_1_107' title='bbox 1859 949 1938 1009; x_wconf 89' lang='lat' dir='ltr'>ab</span> <span class='ocrx_word' id='word_1_108' title='bbox 1957 966 2034 1010; x_wconf 90' lang='lat' dir='ltr'>eo</span> <span class='ocrx_word' id='word_1_109' title='bbox 2053 952 2498 1031; x_wconf 89' lang='lat' dir='ltr'>requisivisset,</span> <span class='ocrx_word' id='word_1_110' title='bbox 2515 956 2620 1027; x_wconf 88' lang='lat' dir='ltr'>ait,</span> <span class='ocrx_word' id='word_1_111' title='bbox 2637 957 2784 1035; x_wconf 89' lang='lat' dir='ltr'>quia</span> <span class='ocrx_word' id='word_1_112' title='bbox 2799 957 3272 1041; x_wconf 89' lang='lat' dir='ltr'>Theopcmptus</span> <span class='ocrx_word' id='word_1_113' title='bbox 3294 963 3445 1025; x_wconf 84' lang='lat' dir='ltr'>dici-</span> 
     </span>
    </p>
   </div>
   <div class='ocr_carea' id='block_1_12' title="bbox 1858 1052 3440 1127">
    <p class='ocr_par' dir='ltr' id='par_1_12' title="bbox 1858 1052 3440 1127">
     <span class='ocr_line' id='line_1_12' title="bbox 1858 1052 3440 1127; baseline 0.01 -16"><span class='ocrx_word' id='word_1_114' title='bbox 1858 1056 1980 1112; x_wconf 91' lang='lat' dir='ltr'>tur.</span> <span class='ocrx_word' id='word_1_115' title='bbox 2005 1052 2373 1116; x_wconf 89' lang='lat' dir='ltr'>Discedente</span> <span class='ocrx_word' id='word_1_116' title='bbox 2408 1055 2516 1117; x_wconf 94' lang='lat' dir='ltr'>illo</span> <span class='ocrx_word' id='word_1_117' title='bbox 2541 1074 2688 1118; x_wconf 91' lang='lat' dir='ltr'>mox</span> <span class='ocrx_word' id='word_1_118' title='bbox 2715 1061 2983 1121; x_wconf 82' lang='lat' dir='ltr'>surrexit</span> <span class='ocrx_word' id='word_1_119' title='bbox 3018 1062 3210 1124; x_wconf 84' lang='lat' dir='ltr'>abbas</span> <span class='ocrx_word' id='word_1_120' title='bbox 3235 1066 3440 1127; x_wconf 91' lang='lat' dir='ltr'>Maca-</span> 
     </span>
    </p>
   </div>
   <div class='ocr_carea' id='block_1_13' title="bbox 1859 1150 3440 1236">
    <p class='ocr_par' dir='ltr' id='par_1_13' title="bbox 1859 1150 3440 1236">
     <span class='ocr_line' id='line_1_13' title="bbox 1859 1150 3440 1236; baseline 0.01 -27"><span class='ocrx_word' id='word_1_121' title='bbox 1859 1150 1989 1211; x_wconf 89' lang='lat' dir='ltr'>rius</span> <span class='ocrx_word' id='word_1_122' title='bbox 2011 1158 2071 1212; x_wconf 92' lang='lat' dir='ltr'>et</span> <span class='ocrx_word' id='word_1_123' title='bbox 2088 1151 2413 1215; x_wconf 89' lang='lat' dir='ltr'>descendit</span> <span class='ocrx_word' id='word_1_124' title='bbox 2433 1154 2511 1215; x_wconf 90' lang='lat' dir='ltr'>ad</span> <span class='ocrx_word' id='word_1_125' title='bbox 2540 1155 2904 1219; x_wconf 90' lang='lat' dir='ltr'>inferiorem</span> <span class='ocrx_word' id='word_1_126' title='bbox 2936 1177 3239 1223; x_wconf 89' lang='lat' dir='ltr'>eremum.</span> <span class='ocrx_word' id='word_1_127' title='bbox 3263 1165 3440 1236; x_wconf 86' lang='lat' dir='ltr'>Quod</span> 
     </span>
    </p>
   </div>
   <div class='ocr_carea' id='block_1_14' title="bbox 210 1245 3441 1342">
    <p class='ocr_par' dir='ltr' id='par_1_14' title="bbox 210 1245 3441 1342">
     <span class='ocr_line' id='line_1_14' title="bbox 210 1245 3441 1342; baseline 0.009 -46"><span class='ocrx_word' id='word_1_128' title='bbox 210 1248 422 1312; x_wconf 72' lang='lat' dir='ltr'>oblatos</span> <span class='ocrx_word' id='word_1_129' title='bbox 446 1245 778 1321; x_wconf 66' lang='lat' dir='ltr'>hausisset,</span> <span class='ocrx_word' id='word_1_130' title='bbox 806 1251 993 1312; x_wconf 74' lang='lat' dir='ltr'>tentis</span> <span class='ocrx_word' id='word_1_131' title='bbox 1026 1253 1246 1316; x_wconf 76' lang='lat' dir='ltr'>diebus</span> <span class='ocrx_word' id='word_1_132' title='bbox 1291 1274 1408 1320; x_wconf 76' lang='lat' dir='ltr'>nec</span> <span class='ocrx_word' id='word_1_133' title='bbox 1455 1266 1515 1320; x_wconf 70' lang='grc' dir='ltr'>ει</span> <span class='ocrx_word' id='word_1_134' title='bbox 1557 1262 1753 1342; x_wconf 70' lang='lat' dir='ltr'>ipsam</span> <span class='ocrx_word' id='word_1_135' title='bbox 1860 1266 2003 1311; x_wconf 91' lang='lat' dir='ltr'>cum</span> <span class='ocrx_word' id='word_1_136' title='bbox 2022 1252 2365 1315; x_wconf 89' lang='lat' dir='ltr'>audiissent</span> <span class='ocrx_word' id='word_1_137' title='bbox 2384 1254 2625 1329; x_wconf 85' lang='lat' dir='ltr'>fratres,</span> <span class='ocrx_word' id='word_1_138' title='bbox 2652 1260 2887 1336; x_wconf 79' lang='lat' dir='ltr'>egressi</span> <span class='ocrx_word' id='word_1_139' title='bbox 2914 1270 3057 1322; x_wconf 90' lang='lat' dir='ltr'>sunt</span> <span class='ocrx_word' id='word_1_140' title='bbox 3084 1261 3170 1322; x_wconf 90' lang='lat' dir='ltr'>illi</span> <span class='ocrx_word' id='word_1_141' title='bbox 3196 1263 3441 1325; x_wconf 86' lang='lat' dir='ltr'>obviam</span> 
     </span>
    </p>
   </div>
   <div class='ocr_carea' id='block_1_15' title="bbox 208 1351 1748 1439">
    <p class='ocr_par' dir='ltr' id='par_1_15' title="bbox 208 1351 1748 1437">
     <span class='ocr_line' id='line_1_15' title="bbox 208 1351 1748 1437; baseline 0.015 -33"><span class='ocrx_word' id='word_1_142' title='bbox 208 1364 403 1430; x_wconf 80' lang='lat' dir='ltr'>aquam</span> <span class='ocrx_word' id='word_1_143' title='bbox 431 1352 703 1423; x_wconf 81' lang='lat' dir='ltr'>gustaret</span> <span class='ocrx_word' id='word_1_144' title='bbox 741 1351 1023 1414; x_wconf 88' lang='lat' dir='ltr'>omnino.</span> <span class='ocrx_word' id='word_1_145' title='bbox 1053 1356 1202 1416; x_wconf 91' lang='lat' dir='ltr'>Cum</span> <span class='ocrx_word' id='word_1_146' title='bbox 1251 1375 1402 1437; x_wconf 91' lang='lat' dir='ltr'>ergo</span> <span class='ocrx_word' id='word_1_147' title='bbox 1432 1361 1492 1421; x_wconf 89' lang='lat' dir='ltr'>ei</span> <span class='ocrx_word' id='word_1_148' title='bbox 1533 1361 1748 1427; x_wconf 82' lang='lat' dir='ltr'>fratres</span> 
     </span>
    </p>
   </div>
   <div class='ocr_carea' id='block_1_16' title="bbox 1846 1351 3439 1439">
    <p class='ocr_par' dir='ltr' id='par_1_16' title="bbox 1862 1352 3439 1439">
     <span class='ocr_line' id='line_1_16' title="bbox 1862 1352 3439 1439; baseline 0.01 -30"><span class='ocrx_word' id='word_1_149' title='bbox 1862 1355 1923 1409; x_wconf 91' lang='lat' dir='ltr'>et</span> <span class='ocrx_word' id='word_1_150' title='bbox 1952 1352 2390 1431; x_wconf 86' lang='lat' dir='ltr'>unusquisque</span> <span class='ocrx_word' id='word_1_151' title='bbox 2422 1371 2705 1433; x_wconf 88' lang='lat' dir='ltr'>sperans,</span> <span class='ocrx_word' id='word_1_152' title='bbox 2730 1358 2899 1436; x_wconf 93' lang='lat' dir='ltr'>quod</span> <span class='ocrx_word' id='word_1_153' title='bbox 2934 1360 3099 1439; x_wconf 89' lang='lat' dir='ltr'>apud</span> <span class='ocrx_word' id='word_1_154' title='bbox 3123 1378 3190 1422; x_wconf 93' lang='lat' dir='ltr'>se</span> <span class='ocrx_word' id='word_1_155' title='bbox 3218 1379 3439 1423; x_wconf 89' lang='lat' dir='ltr'>mane-</span> 
     </span>
    </p>
   </div>
   <div class='ocr_carea' id='block_1_17' title="bbox 208 1449 3440 1540">
    <p class='ocr_par' dir='ltr' id='par_1_17' title="bbox 208 1449 3440 1540">
     <span class='ocr_line' id='line_1_17' title="bbox 208 1449 3440 1540; baseline 0.005 -30"><span class='ocrx_word' id='word_1_156' title='bbox 208 1450 390 1510; x_wconf 77' lang='lat' dir='ltr'>vinum</span> <span class='ocrx_word' id='word_1_157' title='bbox 434 1449 851 1528; x_wconf 89' lang='lat' dir='ltr'>porrigerent,</span> <span class='ocrx_word' id='word_1_158' title='bbox 883 1471 1026 1515; x_wconf 89' lang='lat' dir='ltr'>cum</span> <span class='ocrx_word' id='word_1_159' title='bbox 1076 1458 1304 1534; x_wconf 90' lang='lat' dir='ltr'>gaudio</span> <span class='ocrx_word' id='word_1_160' title='bbox 1350 1465 1656 1540; x_wconf 84' lang='lat' dir='ltr'>sumebat,</span> <span class='ocrx_word' id='word_1_161' title='bbox 1688 1474 1757 1531; x_wconf 72' lang='lat' dir='ltr'>ut</span> <span class='ocrx_word' id='word_1_162' title='bbox 1858 1455 1973 1523; x_wconf 79' lang='lat' dir='ltr'>ret,</span> <span class='ocrx_word' id='word_1_163' title='bbox 2010 1454 2400 1532; x_wconf 80' lang='lat' dir='ltr'>praeparavit</span> <span class='ocrx_word' id='word_1_164' title='bbox 2454 1472 2544 1517; x_wconf 91' lang='lat' dir='ltr'>se.</span> <span class='ocrx_word' id='word_1_165' title='bbox 2591 1461 2665 1516; x_wconf 89' lang='lat' dir='ltr'>At</span> <span class='ocrx_word' id='word_1_166' title='bbox 2708 1457 2814 1519; x_wconf 92' lang='lat' dir='ltr'>ille</span> <span class='ocrx_word' id='word_1_167' title='bbox 2850 1460 3181 1539; x_wconf 88' lang='lat' dir='ltr'>requirens</span> <span class='ocrx_word' id='word_1_168' title='bbox 3217 1463 3440 1525; x_wconf 88' lang='lat' dir='ltr'>cellam</span> 
     </span>
    </p>
   </div>
   <div class='ocr_carea' id='block_1_18' title="bbox 207 1549 3437 1647">
    <p class='ocr_par' dir='ltr' id='par_1_18' title="bbox 207 1549 3437 1647">
     <span class='ocr_line' id='line_1_18' title="bbox 207 1549 3437 1647; baseline 0.009 -34"><span class='ocrx_word' id='word_1_169' title='bbox 207 1558 395 1632; x_wconf 89' lang='lat' dir='ltr'>postea</span> <span class='ocrx_word' id='word_1_170' title='bbox 415 1567 482 1611; x_wconf 91' lang='lat' dir='ltr'>se</span> <span class='ocrx_word' id='word_1_171' title='bbox 502 1550 609 1611; x_wconf 90' lang='lat' dir='ltr'>siti</span> <span class='ocrx_word' id='word_1_172' title='bbox 636 1563 1002 1616; x_wconf 88' lang='lat' dir='ltr'>maceraret.</span> <span class='ocrx_word' id='word_1_173' title='bbox 1028 1559 1202 1630; x_wconf 88' lang='lat' dir='ltr'>Quod</span> <span class='ocrx_word' id='word_1_174' title='bbox 1236 1578 1380 1623; x_wconf 88' lang='lat' dir='ltr'>cum</span> <span class='ocrx_word' id='word_1_175' title='bbox 1409 1564 1757 1647; x_wconf 88' lang='lat' dir='ltr'>discipulus</span> <span class='ocrx_word' id='word_1_176' title='bbox 1856 1549 2516 1632; x_wconf 60' lang='lat' dir='ltr'>Theopemptiadeum</span> <span class='ocrx_word' id='word_1_177' title='bbox 2543 1558 2859 1636; x_wconf 63' lang='lat' dir='ltr'>PPOfeCtus</span> <span class='ocrx_word' id='word_1_178' title='bbox 2873 1568 2983 1621; x_wconf 71' lang='grc' dir='ltr'>θεῖ·</span> <span class='ocrx_word' id='word_1_179' title='bbox 3001 1563 3280 1642; x_wconf 71' lang='lat' dir='ltr'>Cumque</span> <span class='ocrx_word' id='word_1_180' title='bbox 3293 1582 3437 1626; x_wconf 75' lang='lat' dir='ltr'>cum</span> 
     </span>
    </p>
   </div>
   <div class='ocr_carea' id='block_1_19' title="bbox 208 1652 3443 1752">
    <p class='ocr_par' dir='ltr' id='par_1_19' title="bbox 208 1652 3443 1752">
     <span class='ocr_line' id='line_1_19' title="bbox 208 1652 3443 1752; baseline 0.009 -37"><span class='ocrx_word' id='word_1_181' title='bbox 208 1655 319 1715; x_wconf 89' lang='lat' dir='ltr'>eius</span> <span class='ocrx_word' id='word_1_182' title='bbox 343 1652 679 1725; x_wconf 88' lang='lat' dir='ltr'>didicisset,</span> <span class='ocrx_word' id='word_1_183' title='bbox 714 1655 1020 1734; x_wconf 90' lang='lat' dir='ltr'>patefacto</span> <span class='ocrx_word' id='word_1_184' title='bbox 1051 1662 1218 1723; x_wconf 91' lang='lat' dir='ltr'>senis</span> <span class='ocrx_word' id='word_1_185' title='bbox 1258 1665 1547 1743; x_wconf 91' lang='lat' dir='ltr'>consilio,</span> <span class='ocrx_word' id='word_1_186' title='bbox 1582 1687 1661 1731; x_wconf 90' lang='lat' dir='ltr'>ne</span> <span class='ocrx_word' id='word_1_187' title='bbox 1696 1671 1755 1734; x_wconf 93' lang='lat' dir='ltr'>ei</span> <span class='ocrx_word' id='word_1_188' title='bbox 1789 1697 1831 1752; x_wconf 73' lang='grc' dir='ltr'><strong>Β</strong></span> <span class='ocrx_word' id='word_1_189' title='bbox 1858 1654 2084 1730; x_wconf 71' lang='grc' dir='ltr'>εθυειίο</span> <span class='ocrx_word' id='word_1_190' title='bbox 2111 1654 2289 1717; x_wconf 67' lang='lat' dir='ltr'>illum</span> <span class='ocrx_word' id='word_1_191' title='bbox 2318 1659 2718 1737; x_wconf 57' lang='lat' dir='ltr'>suscepisset,</span> <span class='ocrx_word' id='word_1_192' title='bbox 2752 1668 2811 1722; x_wconf 77' lang='grc' dir='ltr'>θῐ</span> <span class='ocrx_word' id='word_1_193' title='bbox 2841 1669 3049 1724; x_wconf 66' lang='lat' dir='ltr'>essent</span> <span class='ocrx_word' id='word_1_194' title='bbox 3076 1665 3324 1743; x_wconf 61' lang='lat' dir='ltr'>umque</span> <span class='ocrx_word' id='word_1_195' title='bbox 3360 1666 3443 1726; x_wconf 71' lang='grc' dir='ltr'>δί-</span> 
     </span>
    </p>
   </div>
   <div class='ocr_carea' id='block_1_20' title="bbox 205 1754 3440 1838">
    <p class='ocr_par' dir='ltr' id='par_1_20' title="bbox 205 1754 3440 1838">
     <span class='ocr_line' id='line_1_20' title="bbox 205 1754 3440 1838; baseline 0.005 -24"><span class='ocrx_word' id='word_1_196' title='bbox 205 1754 386 1815; x_wconf 86' lang='lat' dir='ltr'>vinum</span> <span class='ocrx_word' id='word_1_197' title='bbox 427 1754 849 1832; x_wconf 88' lang='lat' dir='ltr'>porrigerent,</span> <span class='ocrx_word' id='word_1_198' title='bbox 893 1760 1279 1838; x_wconf 69' lang='lat' dir='ltr'>coniurabat,</span> <span class='ocrx_word' id='word_1_199' title='bbox 1315 1770 1621 1833; x_wconf 61' lang='lat' dir='ltr'>tormenta</span> <span class='ocrx_word' id='word_1_200' title='bbox 1663 1772 1756 1835; x_wconf 70' lang='lat' dir='ltr'>illi</span> <span class='ocrx_word' id='word_1_201' title='bbox 1856 1756 1987 1817; x_wconf 88' lang='lat' dir='ltr'>mu]</span> <span class='ocrx_word' id='word_1_202' title='bbox 2010 1756 2322 1831; x_wconf 87' lang='lat' dir='ltr'>soli,dixit</span> <span class='ocrx_word' id='word_1_203' title='bbox 2343 1760 2399 1821; x_wconf 93' lang='lat' dir='ltr'>ei</span> <span class='ocrx_word' id='word_1_204' title='bbox 2417 1766 3204 1835; x_wconf 79' lang='lat' dir='ltr'>seneszuemadmodum</span> <span class='ocrx_word' id='word_1_205' title='bbox 3232 1773 3325 1828; x_wconf 90' lang='lat' dir='ltr'>est</span> <span class='ocrx_word' id='word_1_206' title='bbox 3349 1773 3440 1829; x_wconf 89' lang='lat' dir='ltr'>te-</span> 
     </span>
    </p>
   </div>
   <div class='ocr_carea' id='block_1_21' title="bbox 205 1855 3438 1955">
    <p class='ocr_par' dir='ltr' id='par_1_21' title="bbox 205 1855 3438 1955">
     <span class='ocr_line' id='line_1_21' title="bbox 205 1855 3438 1955; baseline 0.004 -41"><span class='ocrx_word' id='word_1_207' title='bbox 205 1855 385 1934; x_wconf 87' lang='lat' dir='ltr'>potius</span> <span class='ocrx_word' id='word_1_208' title='bbox 414 1870 551 1915; x_wconf 88' lang='lat' dir='ltr'>esse</span> <span class='ocrx_word' id='word_1_209' title='bbox 582 1872 770 1934; x_wconf 90' lang='lat' dir='ltr'>quam</span> <span class='ocrx_word' id='word_1_210' title='bbox 821 1859 1047 1937; x_wconf 89' lang='lat' dir='ltr'>pocula</span> <span class='ocrx_word' id='word_1_211' title='bbox 1110 1865 1518 1932; x_wconf 86' lang='lat' dir='ltr'>manifestans</span> <span class='ocrx_word' id='word_1_212' title='bbox 1577 1872 1685 1955; x_wconf 79' lang='grc'>(5),</span> <span class='ocrx_word' id='word_1_213' title='bbox 1722 1898 1751 1931; x_wconf 68' lang='grc' dir='ltr'>,ο</span> <span class='ocrx_word' id='word_1_214' title='bbox 1854 1871 2020 1930; x_wconf 86' lang='lat' dir='ltr'>cum,</span> <span class='ocrx_word' id='word_1_215' title='bbox 2056 1855 2185 1920; x_wconf 74' lang='lat' dir='ltr'>fili?</span> <span class='ocrx_word' id='word_1_216' title='bbox 2214 1862 2285 1920; x_wconf 85' lang='lat' dir='ltr'>At</span> <span class='ocrx_word' id='word_1_217' title='bbox 2328 1859 2433 1923; x_wconf 92' lang='lat' dir='ltr'>ille</span> <span class='ocrx_word' id='word_1_218' title='bbox 2473 1863 2798 1941; x_wconf 86' lang='lat' dir='ltr'>respondit</span> <span class='ocrx_word' id='word_1_219' title='bbox 2834 1883 2846 1925; x_wconf 90' lang='lat'><strong>:</strong></span> <span class='ocrx_word' id='word_1_220' title='bbox 2881 1866 3276 1927; x_wconf 83' lang='lat' dir='ltr'>Orationibus</span> <span class='ocrx_word' id='word_1_221' title='bbox 3316 1868 3438 1929; x_wconf 90' lang='lat' dir='ltr'>tuis</span> 
     </span>
    </p>
   </div>
   <div class='ocr_carea' id='block_1_22' title="bbox 203 1952 1753 2047">
    <p class='ocr_par' dir='ltr' id='par_1_22' title="bbox 203 1952 1753 2047">
     <span class='ocr_line' id='line_1_22' title="bbox 203 1952 1753 2047; baseline 0.013 -31"><span class='ocrx_word' id='word_1_222' title='bbox 203 1955 349 2016; x_wconf 89' lang='lat' dir='ltr'>Idem</span> <span class='ocrx_word' id='word_1_223' title='bbox 379 1952 442 2013; x_wconf 92' lang='lat' dir='ltr'>in</span> <span class='ocrx_word' id='word_1_224' title='bbox 470 1953 635 2016; x_wconf 91' lang='lat' dir='ltr'>libro</span> <span class='ocrx_word' id='word_1_225' title='bbox 665 1956 886 2035; x_wconf 88' lang='lat' dir='ltr'>quinto</span> <span class='ocrx_word' id='word_1_226' title='bbox 918 1958 999 2040; x_wconf 90' lang='lat'>(6)</span> <span class='ocrx_word' id='word_1_227' title='bbox 1029 1960 1277 2040; x_wconf 88' lang='lat' dir='ltr'>legitur,</span> <span class='ocrx_word' id='word_1_228' title='bbox 1333 1973 1395 2029; x_wconf 94' lang='lat' dir='ltr'>et</span> <span class='ocrx_word' id='word_1_229' title='bbox 1434 1952 1657 2047; x_wconf 87' lang='lat' dir='ltr'>graece</span> <span class='ocrx_word' id='word_1_230' title='bbox 1686 1974 1753 2035; x_wconf 92' lang='lat' dir='ltr'>in</span> 
     </span>
    </p>
   </div>
   <div class='ocr_carea' id='block_1_23' title="bbox 205 2050 1752 2150">
    <p class='ocr_par' dir='ltr' id='par_1_23' title="bbox 205 2050 1752 2150">
     <span class='ocr_line' id='line_1_23' title="bbox 205 2050 1752 2150; baseline 0.015 -38"><span class='ocrx_word' id='word_1_231' title='bbox 205 2050 736 2133; x_wconf 69' lang='lat' dir='ltr'>apophthegmatis</span> <span class='ocrx_word' id='word_1_232' title='bbox 774 2074 807 2116; x_wconf 90' lang='lat' dir='ltr'>a</span> <span class='ocrx_word' id='word_1_233' title='bbox 842 2058 1148 2123; x_wconf 90' lang='lat' dir='ltr'>Cotelerio</span> <span class='ocrx_word' id='word_1_234' title='bbox 1179 2064 1384 2140; x_wconf 91' lang='lat' dir='ltr'>editis,</span> <span class='ocrx_word' id='word_1_235' title='bbox 1417 2086 1451 2129; x_wconf 92' lang='lat' dir='ltr'>a</span> <span class='ocrx_word' id='word_1_236' title='bbox 1483 2088 1752 2150; x_wconf 89' lang='lat' dir='ltr'>quorum</span> 
     </span>
    </p>
   </div>
   <div class='ocr_carea' id='block_1_24' title="bbox 202 2152 1753 2246">
    <p class='ocr_par' dir='ltr' id='par_1_24' title="bbox 202 2152 1753 2246">
     <span class='ocr_line' id='line_1_24' title="bbox 202 2152 1753 2246; baseline 0.013 -30"><span class='ocrx_word' id='word_1_237' title='bbox 202 2152 585 2232; x_wconf 88' lang='lat' dir='ltr'>compilatore</span> <span class='ocrx_word' id='word_1_238' title='bbox 618 2155 700 2216; x_wconf 89' lang='lat' dir='ltr'>ad</span> <span class='ocrx_word' id='word_1_239' title='bbox 750 2158 1083 2221; x_wconf 88' lang='lat' dir='ltr'>Macarium</span> <span class='ocrx_word' id='word_1_240' title='bbox 1134 2166 1510 2246; x_wconf 84' lang='lat' dir='ltr'>Aegyptium</span> <span class='ocrx_word' id='word_1_241' title='bbox 1554 2172 1753 2236; x_wconf 88' lang='lat' dir='ltr'>refer-</span> 
     </span>
    </p>
   </div>
   <div class='ocr_carea' id='block_1_25' title="bbox 205 2250 1755 2340">
    <p class='ocr_par' dir='ltr' id='par_1_25' title="bbox 205 2250 1755 2340">
     <span class='ocr_line' id='line_1_25' title="bbox 205 2250 1755 2340; baseline 0.017 -29"><span class='ocrx_word' id='word_1_242' title='bbox 205 2259 284 2313; x_wconf 87' lang='lat' dir='ltr'>tur</span> <span class='ocrx_word' id='word_1_243' title='bbox 336 2250 437 2334; x_wconf 84' lang='lat'>(7).</span> <span class='ocrx_word' id='word_1_244' title='bbox 501 2253 628 2314; x_wconf 90' lang='lat' dir='ltr'>Pro</span> <span class='ocrx_word' id='word_1_245' title='bbox 663 2276 691 2310; x_wconf 75' lang='grc' dir='ltr'>κ</span> <span class='ocrx_word' id='word_1_246' title='bbox 727 2256 1228 2340; x_wconf 89' lang='lat' dir='ltr'>quotiescunque</span> <span class='ocrx_word' id='word_1_247' title='bbox 1275 2283 1420 2327; x_wconf 90' lang='lat' dir='ltr'>cum</span> <span class='ocrx_word' id='word_1_248' title='bbox 1459 2268 1755 2337; x_wconf 84' lang='lat' dir='ltr'>fratribus</span> 
     </span>
    </p>
   </div>
   <div class='ocr_carea' id='block_1_26' title="bbox 200 2346 1753 2443">
    <p class='ocr_par' dir='ltr' id='par_1_26' title="bbox 200 2346 1753 2443">
     <span class='ocr_line' id='line_1_26' title="bbox 200 2346 1753 2443; baseline 0.015 -30"><span class='ocrx_word' id='word_1_249' title='bbox 200 2346 334 2413; x_wconf 71' lang='lat' dir='ltr'>facta</span> <span class='ocrx_word' id='word_1_250' title='bbox 377 2352 680 2416; x_wconf 86' lang='lat' dir='ltr'>charitate</span> <span class='ocrx_word' id='word_1_251' title='bbox 731 2356 1072 2431; x_wconf 86' lang='lat' dir='ltr'>reﬁciebat,</span> <span class='ocrx_word' id='word_1_252' title='bbox 1110 2385 1137 2416; x_wconf 78' lang='grc'><strong>»</strong></span> <span class='ocrx_word' id='word_1_253' title='bbox 1180 2363 1246 2425; x_wconf 91' lang='lat' dir='ltr'>in</span> <span class='ocrx_word' id='word_1_254' title='bbox 1285 2382 1512 2443; x_wconf 88' lang='lat' dir='ltr'>graeco</span> <span class='ocrx_word' id='word_1_255' title='bbox 1566 2380 1661 2434; x_wconf 90' lang='lat' dir='ltr'>est</span> <span class='ocrx_word' id='word_1_256' title='bbox 1704 2386 1753 2437; x_wconf 81' lang='grc' dir='ltr'>εἰ</span> 
     </span>
    </p>
   </div>
   <div class='ocr_carea' id='block_1_27' title="bbox 200 2458 970 2535">
    <p class='ocr_par' dir='ltr' id='par_1_27' title="bbox 200 2458 970 2535">
     <span class='ocr_line' id='line_1_27' title="bbox 200 2458 970 2535; baseline 0.01 -23"><span class='ocrx_word' id='word_1_257' title='bbox 200 2458 459 2529; x_wconf 77' lang='grc' dir='ltr'>εὐκαξρησε</span> <span class='ocrx_word' id='word_1_258' title='bbox 503 2462 648 2530; x_wconf 73' lang='grc' dir='ltr'>μετὰ</span> <span class='ocrx_word' id='word_1_259' title='bbox 695 2464 939 2535; x_wconf 84' lang='grc' dir='ltr'>ἀδελφῶν</span> <span class='ocrx_word' id='word_1_260' title='bbox 953 2506 970 2534; x_wconf 92' lang='grc'><strong><em>,</em></strong></span> 
     </span>
    </p>
   </div>
   <div class='ocr_carea' id='block_1_28' title="bbox 199 2551 1752 2655">
    <p class='ocr_par' dir='ltr' id='par_1_28' title="bbox 199 2551 1752 2655">
     <span class='ocr_line' id='line_1_28' title="bbox 199 2551 1752 2655; baseline 0.018 -45"><span class='ocrx_word' id='word_1_261' title='bbox 199 2551 408 2614; x_wconf 77' lang='lat' dir='ltr'>vacavit</span> <span class='ocrx_word' id='word_1_262' title='bbox 435 2552 606 2615; x_wconf 83' lang='lat' dir='ltr'>inter</span> <span class='ocrx_word' id='word_1_263' title='bbox 644 2554 891 2633; x_wconf 88' lang='lat' dir='ltr'>fratres,</span> <span class='ocrx_word' id='word_1_264' title='bbox 927 2583 955 2617; x_wconf 70' lang='grc' dir='ltr'><strong><em>ι</em></strong></span> <span class='ocrx_word' id='word_1_265' title='bbox 996 2579 1189 2641; x_wconf 92' lang='lat' dir='ltr'>quare</span> <span class='ocrx_word' id='word_1_266' title='bbox 1219 2564 1324 2628; x_wconf 91' lang='lat' dir='ltr'>illa</span> <span class='ocrx_word' id='word_1_267' title='bbox 1355 2569 1487 2632; x_wconf 93' lang='lat' dir='ltr'>noli</span> <span class='ocrx_word' id='word_1_268' title='bbox 1519 2591 1752 2655; x_wconf 91' lang='lat' dir='ltr'>perpe—</span> 
     </span>
    </p>
   </div>
   <div class='ocr_carea' id='block_1_29' title="bbox 199 2654 1751 2740">
    <p class='ocr_par' dir='ltr' id='par_1_29' title="bbox 199 2654 1751 2740">
     <span class='ocr_line' id='line_1_29' title="bbox 199 2654 1751 2740; baseline 0.015 -25"><span class='ocrx_word' id='word_1_269' title='bbox 199 2670 308 2715; x_wconf 88' lang='lat' dir='ltr'>ram</span> <span class='ocrx_word' id='word_1_270' title='bbox 349 2654 721 2733; x_wconf 79' lang='lat' dir='ltr'>intelligere.</span> <span class='ocrx_word' id='word_1_271' title='bbox 756 2660 997 2724; x_wconf 89' lang='lat' dir='ltr'>Fratres</span> <span class='ocrx_word' id='word_1_272' title='bbox 1030 2665 1227 2728; x_wconf 92' lang='lat' dir='ltr'>Scetis</span> <span class='ocrx_word' id='word_1_273' title='bbox 1261 2669 1416 2740; x_wconf 85' lang='lat'><strong>133</strong></span> <span class='ocrx_word' id='word_1_274' title='bbox 1463 2673 1609 2737; x_wconf 89' lang='lat' dir='ltr'>vino</span> <span class='ocrx_word' id='word_1_275' title='bbox 1642 2654 1751 2739; x_wconf 81' lang='lat' dir='ltr'>re-</span> 
     </span>
    </p>
   </div>
   <div class='ocr_carea' id='block_1_30' title="bbox 191 2755 1754 2849">
    <p class='ocr_par' dir='ltr' id='par_1_30' title="bbox 191 2755 1754 2849">
     <span class='ocr_line' id='line_1_30' title="bbox 191 2755 1754 2849; baseline 0.016 -34"><span class='ocrx_word' id='word_1_276' title='bbox 191 2755 367 2817; x_wconf 83' lang='lat' dir='ltr'>fectos</span> <span class='ocrx_word' id='word_1_277' title='bbox 420 2773 563 2819; x_wconf 86' lang='lat' dir='ltr'>esse</span> <span class='ocrx_word' id='word_1_278' title='bbox 613 2776 648 2819; x_wconf 89' lang='lat' dir='ltr'>a</span> <span class='ocrx_word' id='word_1_279' title='bbox 694 2762 1231 2829; x_wconf 89' lang='lat' dir='ltr'>verisimilitudine</span> <span class='ocrx_word' id='word_1_280' title='bbox 1292 2770 1618 2849; x_wconf 84' lang='lat' dir='ltr'>abhorret,</span> <span class='ocrx_word' id='word_1_281' title='bbox 1668 2777 1754 2841; x_wconf 93' lang='lat' dir='ltr'>ita</span> 
     </span>
    </p>
   </div>
   <div class='ocr_carea' id='block_1_31' title="bbox 197 2854 1751 2938">
    <p class='ocr_par' dir='ltr' id='par_1_31' title="bbox 197 2854 1751 2938">
     <span class='ocr_line' id='line_1_31' title="bbox 197 2854 1751 2938; baseline 0.014 -26"><span class='ocrx_word' id='word_1_282' title='bbox 197 2860 252 2915; x_wconf 88' lang='lat' dir='ltr'>ut</span> <span class='ocrx_word' id='word_1_283' title='bbox 296 2854 353 2914; x_wconf 91' lang='lat' dir='ltr'>in</span> <span class='ocrx_word' id='word_1_284' title='bbox 393 2854 752 2931; x_wconf 86' lang='lat' dir='ltr'>itineribus,</span> <span class='ocrx_word' id='word_1_285' title='bbox 806 2876 969 2938; x_wconf 91' lang='lat' dir='ltr'>quae</span> <span class='ocrx_word' id='word_1_286' title='bbox 1014 2864 1314 2927; x_wconf 90' lang='lat' dir='ltr'>Macarius</span> <span class='ocrx_word' id='word_1_287' title='bbox 1346 2867 1425 2928; x_wconf 92' lang='lat' dir='ltr'>ad</span> <span class='ocrx_word' id='word_1_288' title='bbox 1473 2869 1751 2933; x_wconf 81' lang='lat' dir='ltr'>invisen-</span> 
     </span>
    </p>
   </div>
   <div class='ocr_carea' id='block_1_32' title="bbox 194 2940 1751 3048">
    <p class='ocr_par' dir='ltr' id='par_1_32' title="bbox 194 2940 1751 3048">
     <span class='ocr_line' id='line_1_32' title="bbox 194 2940 1751 3048; baseline 0.014 -34"><span class='ocrx_word' id='word_1_289' title='bbox 194 2952 291 3016; x_wconf 91' lang='lat' dir='ltr'>dos</span> <span class='ocrx_word' id='word_1_290' title='bbox 329 2940 546 3017; x_wconf 69' lang='lat' dir='ltr'>frafres</span> <span class='ocrx_word' id='word_1_291' title='bbox 620 2957 935 3021; x_wconf 91' lang='lat' dir='ltr'>interdum</span> <span class='ocrx_word' id='word_1_292' title='bbox 1001 2961 1268 3027; x_wconf 91' lang='lat' dir='ltr'>faciebat</span> <span class='ocrx_word' id='word_1_293' title='bbox 1315 2966 1424 3048; x_wconf 85' lang='lat'>(8),</span> <span class='ocrx_word' id='word_1_294' title='bbox 1474 2970 1538 3031; x_wconf 92' lang='lat' dir='ltr'>id</span> <span class='ocrx_word' id='word_1_295' title='bbox 1582 2974 1751 3035; x_wconf 91' lang='lat' dir='ltr'>acci-</span> 
     </span>
    </p>
   </div>
   <div class='ocr_carea' id='block_1_33' title="bbox 192 3052 756 3119">
    <p class='ocr_par' dir='ltr' id='par_1_33' title="bbox 192 3052 756 3119">
     <span class='ocr_line' id='line_1_33' title="bbox 192 3052 756 3119; baseline 0.011 -6"><span class='ocrx_word' id='word_1_296' title='bbox 192 3052 333 3115; x_wconf 84' lang='lat' dir='ltr'>disse</span> <span class='ocrx_word' id='word_1_297' title='bbox 374 3055 756 3119; x_wconf 80' lang='lat' dir='ltr'>existimem.</span> 
     </span>
    </p>
   </div>
   <div class='ocr_carea' id='block_1_34' title="bbox 258 3155 1747 3245">
    <p class='ocr_par' dir='ltr' id='par_1_34' title="bbox 258 3155 1747 3245">
     <span class='ocr_line' id='line_1_34' title="bbox 258 3155 1747 3245; baseline 0.017 -35"><span class='ocrx_word' id='word_1_298' title='bbox 258 3178 283 3210; x_wconf 78' lang='lat'><em>«</em></span> <span class='ocrx_word' id='word_1_299' title='bbox 311 3155 507 3217; x_wconf 85' lang='lat' dir='ltr'>Abbas</span> <span class='ocrx_word' id='word_1_300' title='bbox 530 3158 841 3221; x_wconf 85' lang='lat' dir='ltr'>Macarius</span> <span class='ocrx_word' id='word_1_301' title='bbox 881 3161 1029 3223; x_wconf 92' lang='lat' dir='ltr'>dum</span> <span class='ocrx_word' id='word_1_302' title='bbox 1059 3163 1124 3226; x_wconf 89' lang='lat' dir='ltr'>in</span> <span class='ocrx_word' id='word_1_303' title='bbox 1157 3164 1263 3227; x_wconf 91' lang='lat' dir='ltr'>illa</span> <span class='ocrx_word' id='word_1_304' title='bbox 1292 3167 1652 3245; x_wconf 89' lang='lat' dir='ltr'>solitudine,</span> <span class='ocrx_word' id='word_1_305' title='bbox 1682 3173 1747 3235; x_wconf 91' lang='lat' dir='ltr'>in</span> 
     </span>
    </p>
   </div>
   <div class='ocr_carea' id='block_1_35' title="bbox 192 3256 1749 3351">
    <p class='ocr_par' dir='ltr' id='par_1_35' title="bbox 192 3256 1749 3351">
     <span class='ocr_line' id='line_1_35' title="bbox 192 3256 1749 3351; baseline 0.013 -36"><span class='ocrx_word' id='word_1_306' title='bbox 192 3271 294 3332; x_wconf 90' lang='lat' dir='ltr'>qua</span> <span class='ocrx_word' id='word_1_307' title='bbox 319 3256 483 3319; x_wconf 91' lang='lat' dir='ltr'>solus</span> <span class='ocrx_word' id='word_1_308' title='bbox 508 3267 669 3332; x_wconf 87' lang='lat' dir='ltr'>erat,</span> <span class='ocrx_word' id='word_1_309' title='bbox 701 3270 1004 3338; x_wconf 88' lang='lat' dir='ltr'>maneret,</span> <span class='ocrx_word' id='word_1_310' title='bbox 1037 3265 1301 3330; x_wconf 89' lang='lat' dir='ltr'>inferior</span> <span class='ocrx_word' id='word_1_311' title='bbox 1325 3277 1529 3333; x_wconf 91' lang='lat' dir='ltr'>autem</span> <span class='ocrx_word' id='word_1_312' title='bbox 1561 3272 1749 3351; x_wconf 88' lang='lat' dir='ltr'>plena</span> 
     </span>
    </p>
   </div>
   <div class='ocr_carea' id='block_1_36' title="bbox 189 3358 1746 3446">
    <p class='ocr_par' dir='ltr' id='par_1_36' title="bbox 189 3358 1746 3446">
     <span class='ocr_line' id='line_1_36' title="bbox 189 3358 1746 3446; baseline 0.013 -30"><span class='ocrx_word' id='word_1_313' title='bbox 189 3364 329 3417; x_wconf 82' lang='lat' dir='ltr'>esset</span> <span class='ocrx_word' id='word_1_314' title='bbox 354 3358 569 3420; x_wconf 89' lang='lat' dir='ltr'>multis</span> <span class='ocrx_word' id='word_1_315' title='bbox 600 3358 914 3436; x_wconf 91' lang='lat' dir='ltr'>fratribus,</span> <span class='ocrx_word' id='word_1_316' title='bbox 956 3381 1101 3427; x_wconf 92' lang='lat' dir='ltr'>sero</span> <span class='ocrx_word' id='word_1_317' title='bbox 1133 3384 1250 3446; x_wconf 89' lang='lat' dir='ltr'>per</span> <span class='ocrx_word' id='word_1_318' title='bbox 1283 3369 1442 3430; x_wconf 87' lang='lat' dir='ltr'>viam</span> <span class='ocrx_word' id='word_1_319' title='bbox 1474 3372 1746 3436; x_wconf 87' lang='lat' dir='ltr'>circum-</span> 
     </span>
    </p>
   </div>
   <div class='ocr_carea' id='block_1_37' title="bbox 186 3458 1746 3538">
    <p class='ocr_par' dir='ltr' id='par_1_37' title="bbox 186 3458 1746 3538">
     <span class='ocr_line' id='line_1_37' title="bbox 186 3458 1746 3538; baseline 0.014 -22"><span class='ocrx_word' id='word_1_320' title='bbox 186 3458 481 3534; x_wconf 74' lang='lat' dir='ltr'>spiciebat,</span> <span class='ocrx_word' id='word_1_321' title='bbox 534 3466 607 3521; x_wconf 86' lang='lat' dir='ltr'>et</span> <span class='ocrx_word' id='word_1_322' title='bbox 651 3461 803 3523; x_wconf 87' lang='lat' dir='ltr'>vidit</span> <span class='ocrx_word' id='word_1_323' title='bbox 853 3463 1226 3527; x_wconf 87' lang='lat' dir='ltr'>daemonem</span> <span class='ocrx_word' id='word_1_324' title='bbox 1277 3471 1630 3535; x_wconf 90' lang='lat' dir='ltr'>venientem</span> <span class='ocrx_word' id='word_1_325' title='bbox 1680 3475 1746 3538; x_wconf 92' lang='lat' dir='ltr'>in</span> 
     </span>
    </p>
   </div>
   <div class='ocr_carea' id='block_1_38' title="bbox 187 3556 1744 3654">
    <p class='ocr_par' dir='ltr' id='par_1_38' title="bbox 187 3556 1744 3654">
     <span class='ocr_line' id='line_1_38' title="bbox 187 3556 1744 3654; baseline 0.013 -37"><span class='ocrx_word' id='word_1_326' title='bbox 187 3556 357 3634; x_wconf 84' lang='lat' dir='ltr'>ﬁgura</span> <span class='ocrx_word' id='word_1_327' title='bbox 384 3560 689 3635; x_wconf 86' lang='lat' dir='ltr'>hominis,</span> <span class='ocrx_word' id='word_1_328' title='bbox 724 3564 1014 3625; x_wconf 90' lang='lat' dir='ltr'>vestitum</span> <span class='ocrx_word' id='word_1_329' title='bbox 1059 3566 1271 3630; x_wconf 91' lang='lat' dir='ltr'>tunica</span> <span class='ocrx_word' id='word_1_330' title='bbox 1316 3568 1483 3633; x_wconf 88' lang='lat' dir='ltr'>linea</span> <span class='ocrx_word' id='word_1_331' title='bbox 1527 3574 1744 3654; x_wconf 80' lang='lat' dir='ltr'>perfo-</span> 
     </span>
    </p>
   </div>
   <div class='ocr_carea' id='block_1_39' title="bbox 186 3661 1746 3753">
    <p class='ocr_par' dir='ltr' id='par_1_39' title="bbox 186 3661 1746 3753">
     <span class='ocr_line' id='line_1_39' title="bbox 186 3661 1746 3753; baseline 0.014 -37"><span class='ocrx_word' id='word_1_332' title='bbox 186 3664 315 3732; x_wconf 90' lang='lat' dir='ltr'>rata,</span> <span class='ocrx_word' id='word_1_333' title='bbox 359 3666 417 3719; x_wconf 91' lang='lat' dir='ltr'>et</span> <span class='ocrx_word' id='word_1_334' title='bbox 461 3678 586 3740; x_wconf 86' lang='lat' dir='ltr'>per</span> <span class='ocrx_word' id='word_1_335' title='bbox 631 3661 876 3741; x_wconf 87' lang='lat' dir='ltr'>singula</span> <span class='ocrx_word' id='word_1_336' title='bbox 921 3664 1228 3729; x_wconf 88' lang='lat' dir='ltr'>foramina</span> <span class='ocrx_word' id='word_1_337' title='bbox 1274 3671 1521 3734; x_wconf 90' lang='lat' dir='ltr'>vascula</span> <span class='ocrx_word' id='word_1_338' title='bbox 1558 3691 1746 3753; x_wconf 88' lang='lat' dir='ltr'>parva</span> 
     </span>
    </p>
   </div>
   <div class='ocr_carea' id='block_1_40' title="bbox 184 3754 1742 3843">
    <p class='ocr_par' dir='ltr' id='par_1_40' title="bbox 184 3754 1742 3843">
     <span class='ocr_line' id='line_1_40' title="bbox 184 3754 1742 3843; baseline 0.014 -28"><span class='ocrx_word' id='word_1_339' title='bbox 184 3754 633 3835; x_wconf 88' lang='lat' dir='ltr'>dependebant.</span> <span class='ocrx_word' id='word_1_340' title='bbox 680 3763 754 3822; x_wconf 89' lang='lat' dir='ltr'>Et</span> <span class='ocrx_word' id='word_1_341' title='bbox 783 3762 938 3824; x_wconf 88' lang='lat' dir='ltr'>dixit</span> <span class='ocrx_word' id='word_1_342' title='bbox 974 3764 1062 3825; x_wconf 93' lang='lat' dir='ltr'>illi</span> <span class='ocrx_word' id='word_1_343' title='bbox 1095 3783 1289 3829; x_wconf 88' lang='lat' dir='ltr'>senex</span> <span class='ocrx_word' id='word_1_344' title='bbox 1326 3786 1338 3822; x_wconf 84' lang='lat'><strong>:</strong></span> <span class='ocrx_word' id='word_1_345' title='bbox 1379 3772 1513 3843; x_wconf 92' lang='lat' dir='ltr'>Quo</span> <span class='ocrx_word' id='word_1_346' title='bbox 1547 3775 1742 3843; x_wconf 88' lang='lat' dir='ltr'>vadis.</span> 
     </span>
    </p>
   </div>
   <div class='ocr_carea' id='block_1_41' title="bbox 185 3856 1739 3955">
    <p class='ocr_par' dir='ltr' id='par_1_41' title="bbox 185 3856 1739 3955">
     <span class='ocr_line' id='line_1_41' title="bbox 185 3856 1739 3955; baseline 0.013 -39"><span class='ocrx_word' id='word_1_347' title='bbox 185 3856 466 3936; x_wconf 80' lang='lat' dir='ltr'>maligne?</span> <span class='ocrx_word' id='word_1_348' title='bbox 482 3862 560 3921; x_wconf 86' lang='lat' dir='ltr'>Et</span> <span class='ocrx_word' id='word_1_349' title='bbox 589 3864 916 3942; x_wconf 86' lang='lat' dir='ltr'>respondit</span> <span class='ocrx_word' id='word_1_350' title='bbox 938 3864 1025 3925; x_wconf 92' lang='lat' dir='ltr'>ei:</span> <span class='ocrx_word' id='word_1_351' title='bbox 1050 3865 1223 3929; x_wconf 88' lang='lat' dir='ltr'>Vado</span> <span class='ocrx_word' id='word_1_352' title='bbox 1248 3885 1642 3935; x_wconf 89' lang='lat' dir='ltr'>commovere</span> <span class='ocrx_word' id='word_1_353' title='bbox 1658 3872 1739 3955; x_wconf 85' lang='lat'>(9)</span> 
     </span>
    </p>
   </div>
   <div class='ocr_carea' id='block_1_42' title="bbox 180 3956 1740 4041">
    <p class='ocr_par' dir='ltr' id='par_1_42' title="bbox 180 3956 1740 4041">
     <span class='ocr_line' id='line_1_42' title="bbox 180 3956 1740 4041; baseline 0.013 -25"><span class='ocrx_word' id='word_1_354' title='bbox 180 3956 374 4020; x_wconf 84' lang='lat' dir='ltr'>fratres</span> <span class='ocrx_word' id='word_1_355' title='bbox 400 3958 543 4035; x_wconf 90' lang='lat' dir='ltr'>hos,</span> <span class='ocrx_word' id='word_1_356' title='bbox 575 3961 687 4041; x_wconf 88' lang='lat' dir='ltr'>qui</span> <span class='ocrx_word' id='word_1_357' title='bbox 720 3970 866 4024; x_wconf 91' lang='lat' dir='ltr'>sunt</span> <span class='ocrx_word' id='word_1_358' title='bbox 890 3963 1172 4028; x_wconf 90' lang='lat' dir='ltr'>inferius.</span> <span class='ocrx_word' id='word_1_359' title='bbox 1196 3968 1305 4028; x_wconf 90' lang='lat' dir='ltr'>Cui</span> <span class='ocrx_word' id='word_1_360' title='bbox 1326 3985 1518 4032; x_wconf 88' lang='lat' dir='ltr'>senex</span> <span class='ocrx_word' id='word_1_361' title='bbox 1547 3972 1701 4037; x_wconf 87' lang='lat' dir='ltr'>dixit</span> <span class='ocrx_word' id='word_1_362' title='bbox 1727 3992 1740 4036; x_wconf 94' lang='lat'>:</span> 
     </span>
    </p>
   </div>
   <div class='ocr_carea' id='block_1_43' title="bbox 181 4056 1745 4140">
    <p class='ocr_par' dir='ltr' id='par_1_43' title="bbox 181 4056 1745 4140">
     <span class='ocr_line' id='line_1_43' title="bbox 181 4056 1745 4140; baseline 0.012 -25"><span class='ocrx_word' id='word_1_363' title='bbox 181 4056 241 4116; x_wconf 88' lang='lat' dir='ltr'>Et</span> <span class='ocrx_word' id='word_1_364' title='bbox 267 4066 523 4139; x_wconf 86' lang='lat' dir='ltr'>prOpter</span> <span class='ocrx_word' id='word_1_365' title='bbox 554 4060 714 4140; x_wconf 87' lang='lat' dir='ltr'>quid</span> <span class='ocrx_word' id='word_1_366' title='bbox 736 4068 832 4123; x_wconf 89' lang='lat' dir='ltr'>tot</span> <span class='ocrx_word' id='word_1_367' title='bbox 859 4063 1107 4126; x_wconf 90' lang='lat' dir='ltr'>vascula</span> <span class='ocrx_word' id='word_1_368' title='bbox 1128 4064 1256 4127; x_wconf 92' lang='lat' dir='ltr'>fers</span> <span class='ocrx_word' id='word_1_369' title='bbox 1276 4066 1522 4130; x_wconf 80' lang='lat' dir='ltr'>tecum?</span> <span class='ocrx_word' id='word_1_370' title='bbox 1548 4074 1621 4132; x_wconf 87' lang='lat' dir='ltr'>At</span> <span class='ocrx_word' id='word_1_371' title='bbox 1639 4071 1745 4135; x_wconf 92' lang='lat' dir='ltr'>ille</span> 
     </span>
    </p>
   </div>
   <div class='ocr_carea' id='block_1_44' title="bbox 181 4155 1746 4239">
    <p class='ocr_par' dir='ltr' id='par_1_44' title="bbox 181 4155 1746 4239">
     <span class='ocr_line' id='line_1_44' title="bbox 181 4155 1746 4239; baseline 0.011 -21"><span class='ocrx_word' id='word_1_372' title='bbox 181 4155 317 4219; x_wconf 88' lang='lat' dir='ltr'>dixit</span> <span class='ocrx_word' id='word_1_373' title='bbox 357 4162 678 4223; x_wconf 89' lang='lat' dir='ltr'>:Gustum</span> <span class='ocrx_word' id='word_1_374' title='bbox 719 4161 855 4224; x_wconf 92' lang='lat' dir='ltr'>fero</span> <span class='ocrx_word' id='word_1_375' title='bbox 909 4162 1233 4239; x_wconf 87' lang='lat' dir='ltr'>fratribus,</span> <span class='ocrx_word' id='word_1_376' title='bbox 1285 4172 1345 4228; x_wconf 87' lang='lat' dir='ltr'>et</span> <span class='ocrx_word' id='word_1_377' title='bbox 1386 4167 1530 4231; x_wconf 92' lang='lat' dir='ltr'>ideo</span> <span class='ocrx_word' id='word_1_378' title='bbox 1576 4177 1746 4236; x_wconf 86' lang='lat' dir='ltr'>tanta</span> 
     </span>
    </p>
   </div>
   <div class='ocr_carea' id='block_1_45' title="bbox 178 4257 1741 4348">
    <p class='ocr_par' dir='ltr' id='par_1_45' title="bbox 178 4257 1741 4348">
     <span class='ocr_line' id='line_1_45' title="bbox 178 4257 1741 4348; baseline 0.008 -27"><span class='ocrx_word' id='word_1_379' title='bbox 178 4257 316 4335; x_wconf 89' lang='lat' dir='ltr'>fero,</span> <span class='ocrx_word' id='word_1_380' title='bbox 340 4269 427 4337; x_wconf 88' lang='lat' dir='ltr'>ut,</span> <span class='ocrx_word' id='word_1_381' title='bbox 449 4264 503 4324; x_wconf 92' lang='lat' dir='ltr'>si</span> <span class='ocrx_word' id='word_1_382' title='bbox 531 4280 733 4324; x_wconf 86' lang='lat' dir='ltr'>unum</span> <span class='ocrx_word' id='word_1_383' title='bbox 760 4262 1169 4343; x_wconf 88' lang='lat' dir='ltr'>displicuerit,</span> <span class='ocrx_word' id='word_1_384' title='bbox 1199 4268 1524 4330; x_wconf 88' lang='lat' dir='ltr'>ostendam</span> <span class='ocrx_word' id='word_1_385' title='bbox 1550 4270 1741 4348; x_wconf 88' lang='lat' dir='ltr'>aliud,</span> 
     </span>
    </p>
   </div>
   <div class='ocr_carea' id='block_1_46' title="bbox 1853 1956 3439 2047">
    <p class='ocr_par' dir='ltr' id='par_1_46' title="bbox 1853 1956 3439 2047">
     <span class='ocr_line' id='line_1_46' title="bbox 1853 1956 3439 2047; baseline 0.006 -29"><span class='ocrx_word' id='word_1_386' title='bbox 1853 1956 2018 2020; x_wconf 86' lang='lat' dir='ltr'>bene</span> <span class='ocrx_word' id='word_1_387' title='bbox 2054 1977 2214 2021; x_wconf 90' lang='lat' dir='ltr'>sum.</span> <span class='ocrx_word' id='word_1_388' title='bbox 2253 1962 2327 2022; x_wconf 88' lang='lat' dir='ltr'>Et</span> <span class='ocrx_word' id='word_1_389' title='bbox 2364 1962 2448 2023; x_wconf 92' lang='lat' dir='ltr'>ait</span> <span class='ocrx_word' id='word_1_390' title='bbox 2494 1980 2687 2025; x_wconf 91' lang='lat' dir='ltr'>senex</span> <span class='ocrx_word' id='word_1_391' title='bbox 2723 1980 2738 2025; x_wconf 88' lang='lat'><strong>:</strong></span> <span class='ocrx_word' id='word_1_392' title='bbox 2784 1966 2921 2027; x_wconf 91' lang='lat' dir='ltr'>Non</span> <span class='ocrx_word' id='word_1_393' title='bbox 2960 1973 3021 2027; x_wconf 91' lang='lat' dir='ltr'>te</span> <span class='ocrx_word' id='word_1_394' title='bbox 3069 1966 3439 2047; x_wconf 87' lang='lat' dir='ltr'>impugnant</span> 
     </span>
    </p>
   </div>
   <div class='ocr_carea' id='block_1_47' title="bbox 1854 2059 3436 2145">
    <p class='ocr_par' dir='ltr' id='par_1_47' title="bbox 1854 2059 3436 2145">
     <span class='ocr_line' id='line_1_47' title="bbox 1854 2059 3436 2145; baseline 0.006 -25"><span class='ocrx_word' id='word_1_395' title='bbox 1854 2059 2322 2137; x_wconf 78' lang='lat' dir='ltr'>cogitationes?</span> <span class='ocrx_word' id='word_1_396' title='bbox 2396 2066 2472 2124; x_wconf 83' lang='lat' dir='ltr'>At</span> <span class='ocrx_word' id='word_1_397' title='bbox 2533 2063 2640 2125; x_wconf 91' lang='lat' dir='ltr'>ille</span> <span class='ocrx_word' id='word_1_398' title='bbox 2731 2066 3119 2145; x_wconf 87' lang='lat' dir='ltr'>respondit:</span> <span class='ocrx_word' id='word_1_399' title='bbox 3192 2069 3436 2129; x_wconf 86' lang='lat' dir='ltr'>Interea</span> 
     </span>
    </p>
   </div>
   <div class='ocr_carea' id='block_1_48' title="bbox 1848 2157 3438 2229">
    <p class='ocr_par' dir='ltr' id='par_1_48' title="bbox 1848 2157 3438 2229">
     <span class='ocr_line' id='line_1_48' title="bbox 1848 2157 3438 2229; baseline 0.006 -10"><span class='ocrx_word' id='word_1_400' title='bbox 1848 2157 2013 2220; x_wconf 88' lang='lat' dir='ltr'>bene</span> <span class='ocrx_word' id='word_1_401' title='bbox 2082 2177 2243 2222; x_wconf 90' lang='lat' dir='ltr'>sum.</span> <span class='ocrx_word' id='word_1_402' title='bbox 2308 2163 2733 2227; x_wconf 88' lang='lat' dir='ltr'>Erubescebat</span> <span class='ocrx_word' id='word_1_403' title='bbox 2801 2167 2968 2227; x_wconf 91' lang='lat' dir='ltr'>enim</span> <span class='ocrx_word' id='word_1_404' title='bbox 3047 2166 3281 2229; x_wconf 90' lang='lat' dir='ltr'>dicere.</span> <span class='ocrx_word' id='word_1_405' title='bbox 3364 2170 3438 2228; x_wconf 91' lang='lat' dir='ltr'>Et</span> 
     </span>
    </p>
   </div>
   <div class='ocr_carea' id='block_1_49' title="bbox 1852 2259 3436 2345">
    <p class='ocr_par' dir='ltr' id='par_1_49' title="bbox 1852 2259 3436 2345">
     <span class='ocr_line' id='line_1_49' title="bbox 1852 2259 3436 2345; baseline 0.008 -26"><span class='ocrx_word' id='word_1_406' title='bbox 1852 2259 2009 2321; x_wconf 85' lang='lat' dir='ltr'>dixit</span> <span class='ocrx_word' id='word_1_407' title='bbox 2066 2261 2124 2323; x_wconf 90' lang='lat' dir='ltr'>ei</span> <span class='ocrx_word' id='word_1_408' title='bbox 2199 2280 2393 2325; x_wconf 84' lang='lat' dir='ltr'>senex</span> <span class='ocrx_word' id='word_1_409' title='bbox 2444 2266 2655 2328; x_wconf 90' lang='lat' dir='ltr'>:Ecce</span> <span class='ocrx_word' id='word_1_410' title='bbox 2729 2275 2883 2345; x_wconf 91' lang='lat' dir='ltr'>quot</span> <span class='ocrx_word' id='word_1_411' title='bbox 2952 2285 3154 2330; x_wconf 91' lang='lat' dir='ltr'>annos</span> <span class='ocrx_word' id='word_1_412' title='bbox 3202 2286 3341 2330; x_wconf 90' lang='lat' dir='ltr'>sum</span> <span class='ocrx_word' id='word_1_413' title='bbox 3370 2269 3436 2332; x_wconf 91' lang='lat' dir='ltr'>in</span> 
     </span>
    </p>
   </div>
   <div class='ocr_carea' id='block_1_50' title="bbox 1852 2360 3437 2443">
    <p class='ocr_par' dir='ltr' id='par_1_50' title="bbox 1852 2360 3437 2443">
     <span class='ocr_line' id='line_1_50' title="bbox 1852 2360 3437 2443; baseline 0.008 -22"><span class='ocrx_word' id='word_1_414' title='bbox 1852 2360 2214 2439; x_wconf 85' lang='lat' dir='ltr'>solitudine,</span> <span class='ocrx_word' id='word_1_415' title='bbox 2246 2371 2308 2426; x_wconf 89' lang='lat' dir='ltr'>et</span> <span class='ocrx_word' id='word_1_416' title='bbox 2337 2366 2416 2428; x_wconf 89' lang='lat' dir='ltr'>ab</span> <span class='ocrx_word' id='word_1_417' title='bbox 2447 2366 2740 2429; x_wconf 91' lang='lat' dir='ltr'>omnibus</span> <span class='ocrx_word' id='word_1_418' title='bbox 2767 2366 3071 2443; x_wconf 90' lang='lat' dir='ltr'>honoror,</span> <span class='ocrx_word' id='word_1_419' title='bbox 3109 2377 3170 2431; x_wconf 88' lang='lat' dir='ltr'>et</span> <span class='ocrx_word' id='word_1_420' title='bbox 3212 2370 3278 2431; x_wconf 93' lang='lat' dir='ltr'>in</span> <span class='ocrx_word' id='word_1_421' title='bbox 3320 2370 3437 2434; x_wconf 90' lang='lat' dir='ltr'>hac</span> 
     </span>
    </p>
   </div>
   <div class='ocr_carea' id='block_1_51' title="bbox 1737 2466 3435 2543">
    <p class='ocr_par' dir='ltr' id='par_1_51' title="bbox 1737 2466 3435 2543">
     <span class='ocr_line' id='line_1_51' title="bbox 1737 2466 3435 2543; baseline 0.007 -22"><span class='ocrx_word' id='word_1_422' title='bbox 1737 2475 1754 2537; x_wconf 79' lang='grc' dir='ltr'><strong>ί</strong></span> <span class='ocrx_word' id='word_1_423' title='bbox 1852 2468 2076 2537; x_wconf 89' lang='lat' dir='ltr'>aetate,</span> <span class='ocrx_word' id='word_1_424' title='bbox 2103 2482 2244 2527; x_wconf 91' lang='lat' dir='ltr'>cum</span> <span class='ocrx_word' id='word_1_425' title='bbox 2266 2466 2382 2528; x_wconf 90' lang='lat' dir='ltr'>sim</span> <span class='ocrx_word' id='word_1_426' title='bbox 2404 2484 2620 2543; x_wconf 91' lang='lat' dir='ltr'>senex,</span> <span class='ocrx_word' id='word_1_427' title='bbox 2643 2467 2978 2531; x_wconf 88' lang='lat' dir='ltr'>molestant</span> <span class='ocrx_word' id='word_1_428' title='bbox 3012 2470 3170 2541; x_wconf 67' lang='lat'>134</span> <span class='ocrx_word' id='word_1_429' title='bbox 3196 2487 3299 2532; x_wconf 91' lang='lat' dir='ltr'>me</span> <span class='ocrx_word' id='word_1_430' title='bbox 3322 2488 3435 2533; x_wconf 85' lang='lat' dir='ltr'>co-</span> 
     </span>
    </p>
   </div>
   <div class='ocr_carea' id='block_1_52' title="bbox 1853 2564 3434 2652">
    <p class='ocr_par' dir='ltr' id='par_1_52' title="bbox 1853 2564 3434 2652">
     <span class='ocr_line' id='line_1_52' title="bbox 1853 2564 3434 2652; baseline 0.008 -30"><span class='ocrx_word' id='word_1_431' title='bbox 1853 2564 2184 2640; x_wconf 86' lang='lat' dir='ltr'>gitationes</span> <span class='ocrx_word' id='word_1_432' title='bbox 2238 2585 2436 2630; x_wconf 92' lang='lat' dir='ltr'>meae.</span> <span class='ocrx_word' id='word_1_433' title='bbox 2488 2570 2839 2649; x_wconf 85' lang='lat' dir='ltr'>Respondit</span> <span class='ocrx_word' id='word_1_434' title='bbox 2894 2570 3366 2652; x_wconf 82' lang='lat' dir='ltr'>TheOpemptus</span> <span class='ocrx_word' id='word_1_435' title='bbox 3416 2591 3434 2634; x_wconf 86' lang='lat'><strong><em>:</em></strong></span> 
     </span>
    </p>
   </div>
   <div class='ocr_carea' id='block_1_53' title="bbox 1853 2664 3433 2748">
    <p class='ocr_par' dir='ltr' id='par_1_53' title="bbox 1853 2664 3433 2748">
     <span class='ocr_line' id='line_1_53' title="bbox 1853 2664 3433 2748; baseline 0.008 -25"><span class='ocrx_word' id='word_1_436' title='bbox 1853 2664 2048 2728; x_wconf 82' lang='lat' dir='ltr'>Crede</span> <span class='ocrx_word' id='word_1_437' title='bbox 2098 2666 2274 2741; x_wconf 90' lang='lat' dir='ltr'>mihi,</span> <span class='ocrx_word' id='word_1_438' title='bbox 2314 2668 2495 2743; x_wconf 91' lang='lat' dir='ltr'>abba,</span> <span class='ocrx_word' id='word_1_439' title='bbox 2529 2670 2675 2748; x_wconf 92' lang='lat' dir='ltr'>quia</span> <span class='ocrx_word' id='word_1_440' title='bbox 2717 2670 3002 2732; x_wconf 89' lang='lat' dir='ltr'>similiter</span> <span class='ocrx_word' id='word_1_441' title='bbox 3045 2679 3107 2732; x_wconf 90' lang='lat' dir='ltr'>et</span> <span class='ocrx_word' id='word_1_442' title='bbox 3134 2672 3289 2733; x_wconf 91' lang='lat' dir='ltr'>mihi</span> <span class='ocrx_word' id='word_1_443' title='bbox 3336 2672 3433 2735; x_wconf 92' lang='lat' dir='ltr'>fa-</span> 
     </span>
    </p>
   </div>
   <div class='ocr_carea' id='block_1_54' title="bbox 1852 2764 3436 2853">
    <p class='ocr_par' dir='ltr' id='par_1_54' title="bbox 1852 2764 3436 2853">
     <span class='ocr_line' id='line_1_54' title="bbox 1852 2764 3436 2853; baseline 0.008 -29"><span class='ocrx_word' id='word_1_444' title='bbox 1852 2764 2048 2827; x_wconf 90' lang='lat' dir='ltr'>ciunt.</span> <span class='ocrx_word' id='word_1_445' title='bbox 2080 2768 2253 2830; x_wconf 88' lang='lat' dir='ltr'>Tunc</span> <span class='ocrx_word' id='word_1_446' title='bbox 2283 2786 2476 2830; x_wconf 91' lang='lat' dir='ltr'>senex</span> <span class='ocrx_word' id='word_1_447' title='bbox 2506 2769 2782 2847; x_wconf 89' lang='lat' dir='ltr'>singulas</span> <span class='ocrx_word' id='word_1_448' title='bbox 2813 2771 3225 2849; x_wconf 81' lang='lat' dir='ltr'>cogitationes</span> <span class='ocrx_word' id='word_1_449' title='bbox 3257 2774 3436 2853; x_wconf 88' lang='lat' dir='ltr'>quasi</span> 
     </span>
    </p>
   </div>
   <div class='ocr_carea' id='block_1_55' title="bbox 1853 2867 3436 2952">
    <p class='ocr_par' dir='ltr' id='par_1_55' title="bbox 1853 2867 3436 2952">
     <span class='ocr_line' id='line_1_55' title="bbox 1853 2867 3436 2952; baseline 0.007 -25"><span class='ocrx_word' id='word_1_450' title='bbox 1853 2884 1921 2928; x_wconf 91' lang='lat' dir='ltr'>se</span> <span class='ocrx_word' id='word_1_451' title='bbox 1952 2867 2394 2948; x_wconf 90' lang='lat' dir='ltr'>impugnantes</span> <span class='ocrx_word' id='word_1_452' title='bbox 2433 2870 2726 2948; x_wconf 85' lang='lat' dir='ltr'>ﬁngebat,</span> <span class='ocrx_word' id='word_1_453' title='bbox 2750 2889 3083 2952; x_wconf 88' lang='lat' dir='ltr'>usquequo</span> <span class='ocrx_word' id='word_1_454' title='bbox 3104 2882 3308 2937; x_wconf 90' lang='lat' dir='ltr'>totum</span> <span class='ocrx_word' id='word_1_455' title='bbox 3342 2876 3436 2939; x_wconf 85' lang='lat' dir='ltr'>illi</span> 
     </span>
    </p>
   </div>
   <div class='ocr_carea' id='block_1_56' title="bbox 1852 2966 3429 3048">
    <p class='ocr_par' dir='ltr' id='par_1_56' title="bbox 1852 2966 3429 3048">
     <span class='ocr_line' id='line_1_56' title="bbox 1852 2966 3429 3048; baseline 0.007 -20"><span class='ocrx_word' id='word_1_456' title='bbox 1852 2966 2326 3048; x_wconf 82' lang='lat' dir='ltr'>Theopemptus</span> <span class='ocrx_word' id='word_1_457' title='bbox 2351 2971 2776 3033; x_wconf 86' lang='lat' dir='ltr'>conﬁteretur.</span> <span class='ocrx_word' id='word_1_458' title='bbox 2804 2975 2949 3035; x_wconf 88' lang='lat' dir='ltr'>Post</span> <span class='ocrx_word' id='word_1_459' title='bbox 2973 2974 3129 3037; x_wconf 89' lang='lat' dir='ltr'>haec</span> <span class='ocrx_word' id='word_1_460' title='bbox 3149 2976 3303 3037; x_wconf 87' lang='lat' dir='ltr'>dixit</span> <span class='ocrx_word' id='word_1_461' title='bbox 3331 2978 3429 3047; x_wconf 81' lang='lat' dir='ltr'>ei:</span> 
     </span>
    </p>
   </div>
   <div class='ocr_carea' id='block_1_57' title="bbox 1776 3063 3433 3158">
    <p class='ocr_par' dir='ltr' id='par_1_57' title="bbox 1776 3063 3433 3158">
     <span class='ocr_line' id='line_1_57' title="bbox 1776 3063 3433 3158; baseline 0.008 -31"><span class='ocrx_word' id='word_1_462' title='bbox 1776 3063 1824 3125; x_wconf 86' lang='lat' dir='ltr'><strong>C</strong></span> <span class='ocrx_word' id='word_1_463' title='bbox 1853 3069 2392 3140; x_wconf 88' lang='lat' dir='ltr'>Quemadmodum</span> <span class='ocrx_word' id='word_1_464' title='bbox 2412 3071 2695 3133; x_wconf 76' lang='lat' dir='ltr'>ieiunas?</span> <span class='ocrx_word' id='word_1_465' title='bbox 2712 3076 2786 3134; x_wconf 85' lang='lat' dir='ltr'>At</span> <span class='ocrx_word' id='word_1_466' title='bbox 2806 3074 2928 3136; x_wconf 85' lang='lat' dir='ltr'>ille-</span> <span class='ocrx_word' id='word_1_467' title='bbox 2940 3075 3089 3137; x_wconf 91' lang='lat' dir='ltr'>dicit</span> <span class='ocrx_word' id='word_1_468' title='bbox 3110 3077 3168 3138; x_wconf 93' lang='lat' dir='ltr'>ei</span> <span class='ocrx_word' id='word_1_469' title='bbox 3189 3094 3201 3137; x_wconf 92' lang='lat'>:</span> <span class='ocrx_word' id='word_1_470' title='bbox 3220 3079 3433 3158; x_wconf 90' lang='lat' dir='ltr'>Usque</span> 
     </span>
    </p>
   </div>
   <div class='ocr_carea' id='block_1_58' title="bbox 1848 3167 3431 3256">
    <p class='ocr_par' dir='ltr' id='par_1_58' title="bbox 1848 3167 3431 3256">
     <span class='ocr_line' id='line_1_58' title="bbox 1848 3167 3431 3256; baseline 0.008 -29"><span class='ocrx_word' id='word_1_471' title='bbox 1848 3167 1927 3227; x_wconf 92' lang='lat' dir='ltr'>ad</span> <span class='ocrx_word' id='word_1_472' title='bbox 1960 3184 2210 3229; x_wconf 90' lang='lat' dir='ltr'>nonam.</span> <span class='ocrx_word' id='word_1_473' title='bbox 2246 3169 2355 3230; x_wconf 85' lang='lat' dir='ltr'>Cui</span> <span class='ocrx_word' id='word_1_474' title='bbox 2386 3187 2581 3231; x_wconf 86' lang='lat' dir='ltr'>senex</span> <span class='ocrx_word' id='word_1_475' title='bbox 2609 3172 2693 3233; x_wconf 90' lang='lat' dir='ltr'>ait</span> <span class='ocrx_word' id='word_1_476' title='bbox 2725 3173 2975 3253; x_wconf 91' lang='lat' dir='ltr'>:Usque</span> <span class='ocrx_word' id='word_1_477' title='bbox 3001 3175 3079 3236; x_wconf 93' lang='lat' dir='ltr'>ad</span> <span class='ocrx_word' id='word_1_478' title='bbox 3106 3193 3431 3256; x_wconf 91' lang='lat' dir='ltr'>vesperam</span> 
     </span>
    </p>
   </div>
   <div class='ocr_carea' id='block_1_59' title="bbox 1846 3266 3434 3357">
    <p class='ocr_par' dir='ltr' id='par_1_59' title="bbox 1846 3266 3434 3357">
     <span class='ocr_line' id='line_1_59' title="bbox 1846 3266 3434 3357; baseline 0.008 -30"><span class='ocrx_word' id='word_1_479' title='bbox 1846 3266 2083 3343; x_wconf 87' lang='lat' dir='ltr'>ieiuna,</span> <span class='ocrx_word' id='word_1_480' title='bbox 2121 3275 2182 3329; x_wconf 94' lang='lat' dir='ltr'>et</span> <span class='ocrx_word' id='word_1_481' title='bbox 2210 3268 2289 3331; x_wconf 92' lang='lat' dir='ltr'>de</span> <span class='ocrx_word' id='word_1_482' title='bbox 2319 3271 2654 3349; x_wconf 88' lang='lat' dir='ltr'>Evangelio</span> <span class='ocrx_word' id='word_1_483' title='bbox 2692 3272 2789 3333; x_wconf 89' lang='lat' dir='ltr'>vel</span> <span class='ocrx_word' id='word_1_484' title='bbox 2821 3274 2898 3335; x_wconf 92' lang='lat' dir='ltr'>de</span> <span class='ocrx_word' id='word_1_485' title='bbox 2938 3274 3073 3336; x_wconf 91' lang='lat' dir='ltr'>aliis</span> <span class='ocrx_word' id='word_1_486' title='bbox 3095 3275 3434 3357; x_wconf 88' lang='lat' dir='ltr'>Scripturis</span> 
     </span>
    </p>
   </div>
   <div class='ocr_carea' id='block_1_60' title="bbox 1847 3368 3434 3456">
    <p class='ocr_par' dir='ltr' id='par_1_60' title="bbox 1847 3368 3434 3456">
     <span class='ocr_line' id='line_1_60' title="bbox 1847 3368 3434 3456; baseline 0.008 -26"><span class='ocrx_word' id='word_1_487' title='bbox 1847 3368 1984 3431; x_wconf 91' lang='lat' dir='ltr'>sine</span> <span class='ocrx_word' id='word_1_488' title='bbox 2019 3371 2364 3434; x_wconf 86' lang='lat' dir='ltr'>cessatione</span> <span class='ocrx_word' id='word_1_489' title='bbox 2411 3390 2663 3453; x_wconf 88' lang='lat' dir='ltr'>semper</span> <span class='ocrx_word' id='word_1_490' title='bbox 2708 3374 2944 3456; x_wconf 88' lang='lat' dir='ltr'>aliquid</span> <span class='ocrx_word' id='word_1_491' title='bbox 2987 3377 3321 3455; x_wconf 88' lang='lat' dir='ltr'>meditare;</span> <span class='ocrx_word' id='word_1_492' title='bbox 3370 3387 3434 3444; x_wconf 88' lang='lat' dir='ltr'>et</span> 
     </span>
    </p>
   </div>
   <div class='ocr_carea' id='block_1_61' title="bbox 1847 3470 3430 3559">
    <p class='ocr_par' dir='ltr' id='par_1_61' title="bbox 1847 3470 3430 3559">
     <span class='ocr_line' id='line_1_61' title="bbox 1847 3470 3430 3559; baseline 0.008 -30"><span class='ocrx_word' id='word_1_493' title='bbox 1847 3470 2097 3548; x_wconf 91' lang='lat' dir='ltr'>quoties</span> <span class='ocrx_word' id='word_1_494' title='bbox 2124 3471 2235 3531; x_wconf 91' lang='lat' dir='ltr'>tibi</span> <span class='ocrx_word' id='word_1_495' title='bbox 2260 3471 2469 3552; x_wconf 90' lang='lat' dir='ltr'>aliqua</span> <span class='ocrx_word' id='word_1_496' title='bbox 2506 3474 2833 3538; x_wconf 90' lang='lat' dir='ltr'>immunda</span> <span class='ocrx_word' id='word_1_497' title='bbox 2880 3477 3174 3555; x_wconf 88' lang='lat' dir='ltr'>cogitatio</span> <span class='ocrx_word' id='word_1_498' title='bbox 3204 3497 3430 3559; x_wconf 89' lang='lat' dir='ltr'>super-</span> 
     </span>
    </p>
   </div>
   <div class='ocr_carea' id='block_1_62' title="bbox 1845 3569 3429 3656">
    <p class='ocr_par' dir='ltr' id='par_1_62' title="bbox 1845 3569 3429 3656">
     <span class='ocr_line' id='line_1_62' title="bbox 1845 3569 3429 3656; baseline 0.009 -28"><span class='ocrx_word' id='word_1_499' title='bbox 1845 3569 2107 3645; x_wconf 89' lang='lat' dir='ltr'>venerit,</span> <span class='ocrx_word' id='word_1_500' title='bbox 2142 3588 2465 3651; x_wconf 92' lang='lat' dir='ltr'>nunquam</span> <span class='ocrx_word' id='word_1_501' title='bbox 2503 3573 2797 3636; x_wconf 91' lang='lat' dir='ltr'>deorsum</span> <span class='ocrx_word' id='word_1_502' title='bbox 2827 3576 3114 3656; x_wconf 89' lang='lat' dir='ltr'>aspicias,</span> <span class='ocrx_word' id='word_1_503' title='bbox 3148 3580 3258 3641; x_wconf 89' lang='lat' dir='ltr'>sed</span> <span class='ocrx_word' id='word_1_504' title='bbox 3286 3598 3429 3643; x_wconf 83' lang='lat' dir='ltr'>sur-</span> 
     </span>
    </p>
   </div>
   <div class='ocr_carea' id='block_1_63' title="bbox 1846 3674 3431 3743">
    <p class='ocr_par' dir='ltr' id='par_1_63' title="bbox 1846 3674 3431 3743">
     <span class='ocr_line' id='line_1_63' title="bbox 1846 3674 3431 3743; baseline 0.009 -13"><span class='ocrx_word' id='word_1_505' title='bbox 1846 3686 2010 3742; x_wconf 88' lang='lat' dir='ltr'>sum,</span> <span class='ocrx_word' id='word_1_506' title='bbox 2043 3678 2105 3731; x_wconf 88' lang='lat' dir='ltr'>et</span> <span class='ocrx_word' id='word_1_507' title='bbox 2132 3688 2279 3733; x_wconf 90' lang='lat' dir='ltr'>mox</span> <span class='ocrx_word' id='word_1_508' title='bbox 2298 3674 2599 3735; x_wconf 89' lang='lat' dir='ltr'>Dominus</span> <span class='ocrx_word' id='word_1_509' title='bbox 2626 3676 2739 3736; x_wconf 91' lang='lat' dir='ltr'>tibi</span> <span class='ocrx_word' id='word_1_510' title='bbox 2764 3676 3009 3739; x_wconf 92' lang='lat' dir='ltr'>adiutor</span> <span class='ocrx_word' id='word_1_511' title='bbox 3035 3686 3149 3740; x_wconf 90' lang='lat' dir='ltr'>est.</span> <span class='ocrx_word' id='word_1_512' title='bbox 3180 3681 3255 3741; x_wconf 89' lang='lat' dir='ltr'>Et</span> <span class='ocrx_word' id='word_1_513' title='bbox 3280 3698 3431 3743; x_wconf 91' lang='lat' dir='ltr'>mox</span> 
     </span>
    </p>
   </div>
   <div class='ocr_carea' id='block_1_64' title="bbox 1843 3766 3430 3857">
    <p class='ocr_par' dir='ltr' id='par_1_64' title="bbox 1843 3766 3430 3857">
     <span class='ocr_line' id='line_1_64' title="bbox 1843 3766 3430 3857; baseline 0.009 -30"><span class='ocrx_word' id='word_1_514' title='bbox 1843 3766 1929 3829; x_wconf 87' lang='lat' dir='ltr'>ita</span> <span class='ocrx_word' id='word_1_515' title='bbox 1964 3767 2249 3831; x_wconf 90' lang='lat' dir='ltr'>discessit</span> <span class='ocrx_word' id='word_1_516' title='bbox 2274 3772 2467 3833; x_wconf 90' lang='lat' dir='ltr'>abbas</span> <span class='ocrx_word' id='word_1_517' title='bbox 2494 3774 2797 3837; x_wconf 91' lang='lat' dir='ltr'>Macarius</span> <span class='ocrx_word' id='word_1_518' title='bbox 2822 3775 2888 3837; x_wconf 89' lang='lat' dir='ltr'>in</span> <span class='ocrx_word' id='word_1_519' title='bbox 2918 3779 3239 3857; x_wconf 90' lang='lat' dir='ltr'>propriam</span> <span class='ocrx_word' id='word_1_520' title='bbox 3281 3781 3430 3842; x_wconf 87' lang='lat' dir='ltr'>soli-</span> 
     </span>
    </p>
   </div>
   <div class='ocr_carea' id='block_1_65' title="bbox 1844 3866 3430 3957">
    <p class='ocr_par' dir='ltr' id='par_1_65' title="bbox 1844 3866 3430 3957">
     <span class='ocr_line' id='line_1_65' title="bbox 1844 3866 3430 3957; baseline 0.012 -31"><span class='ocrx_word' id='word_1_521' title='bbox 1844 3866 2152 3929; x_wconf 86' lang='lat' dir='ltr'>tudinem.</span> <span class='ocrx_word' id='word_1_522' title='bbox 2174 3872 2534 3950; x_wconf 86' lang='lat' dir='ltr'>Iterumque</span> <span class='ocrx_word' id='word_1_523' title='bbox 2556 3872 2719 3935; x_wconf 86' lang='lat' dir='ltr'>viam</span> <span class='ocrx_word' id='word_1_524' title='bbox 2745 3874 3257 3957; x_wconf 88' lang='lat' dir='ltr'>circumspiciens</span> <span class='ocrx_word' id='word_1_525' title='bbox 3277 3881 3430 3945; x_wconf 83' lang='lat' dir='ltr'>vidit</span> 
     </span>
    </p>
   </div>
   <div class='ocr_carea' id='block_1_66' title="bbox 1846 3967 3428 4054">
    <p class='ocr_par' dir='ltr' id='par_1_66' title="bbox 1846 3967 3428 4054">
     <span class='ocr_line' id='line_1_66' title="bbox 1846 3967 3428 4054; baseline 0.009 -26"><span class='ocrx_word' id='word_1_526' title='bbox 1846 3967 2221 4030; x_wconf 90' lang='lat' dir='ltr'>daemonem</span> <span class='ocrx_word' id='word_1_527' title='bbox 2255 3970 2643 4046; x_wconf 90' lang='lat' dir='ltr'>redeuntem,</span> <span class='ocrx_word' id='word_1_528' title='bbox 2678 3980 2739 4035; x_wconf 93' lang='lat' dir='ltr'>et</span> <span class='ocrx_word' id='word_1_529' title='bbox 2778 3976 3039 4054; x_wconf 89' lang='lat' dir='ltr'>requirit</span> <span class='ocrx_word' id='word_1_530' title='bbox 3071 3994 3214 4039; x_wconf 90' lang='lat' dir='ltr'>eum</span> <span class='ocrx_word' id='word_1_531' title='bbox 3249 3997 3263 4040; x_wconf 91' lang='lat'><strong>:</strong></span> <span class='ocrx_word' id='word_1_532' title='bbox 3293 3982 3428 4053; x_wconf 92' lang='lat' dir='ltr'>Quo</span> 
     </span>
    </p>
   </div>
   <div class='ocr_carea' id='block_1_67' title="bbox 1844 4067 3426 4153">
    <p class='ocr_par' dir='ltr' id='par_1_67' title="bbox 1844 4067 3426 4153">
     <span class='ocr_line' id='line_1_67' title="bbox 1844 4067 3426 4153; baseline 0.01 -23"><span class='ocrx_word' id='word_1_533' title='bbox 1844 4067 2056 4132; x_wconf 85' lang='lat' dir='ltr'>vadis?</span> <span class='ocrx_word' id='word_1_534' title='bbox 2083 4074 2158 4132; x_wconf 85' lang='lat' dir='ltr'>At</span> <span class='ocrx_word' id='word_1_535' title='bbox 2200 4071 2306 4133; x_wconf 91' lang='lat' dir='ltr'>ille</span> <span class='ocrx_word' id='word_1_536' title='bbox 2353 4075 2679 4153; x_wconf 88' lang='lat' dir='ltr'>respondit</span> <span class='ocrx_word' id='word_1_537' title='bbox 2714 4092 2728 4136; x_wconf 88' lang='lat'><strong>:</strong></span> <span class='ocrx_word' id='word_1_538' title='bbox 2762 4077 2961 4139; x_wconf 90' lang='lat' dir='ltr'>Simili</span> <span class='ocrx_word' id='word_1_539' title='bbox 3005 4080 3198 4143; x_wconf 92' lang='lat' dir='ltr'>modo</span> <span class='ocrx_word' id='word_1_540' title='bbox 3248 4100 3426 4145; x_wconf 91' lang='lat' dir='ltr'>com-</span> 
     </span>
    </p>
   </div>
   <div class='ocr_carea' id='block_1_68' title="bbox 1846 4169 3433 4258">
    <p class='ocr_par' dir='ltr' id='par_1_68' title="bbox 1846 4169 3433 4258">
     <span class='ocr_line' id='line_1_68' title="bbox 1846 4169 3433 4258; baseline 0.01 -27"><span class='ocrx_word' id='word_1_541' title='bbox 1846 4188 2099 4233; x_wconf 91' lang='lat' dir='ltr'>movere</span> <span class='ocrx_word' id='word_1_542' title='bbox 2117 4169 2484 4255; x_wconf 83' lang='lat' dir='ltr'>(10)I‘ratres.</span> <span class='ocrx_word' id='word_1_543' title='bbox 2501 4176 2648 4236; x_wconf 90' lang='lat' dir='ltr'>Cum</span> <span class='ocrx_word' id='word_1_544' title='bbox 2666 4183 2870 4238; x_wconf 91' lang='lat' dir='ltr'>autem</span> <span class='ocrx_word' id='word_1_545' title='bbox 2886 4185 3318 4258; x_wconf 89' lang='lat' dir='ltr'>reverteretur,</span> <span class='ocrx_word' id='word_1_546' title='bbox 3332 4202 3433 4247; x_wconf 86' lang='lat' dir='ltr'>re-</span> 
     </span>
    </p>
   </div>
   <div class='ocr_carea' id='block_1_69' title="bbox 1846 4272 3423 4358">
    <p class='ocr_par' dir='ltr' id='par_1_69' title="bbox 1846 4272 3423 4358">
     <span class='ocr_line' id='line_1_69' title="bbox 1846 4272 3423 4358; baseline 0.011 -26"><span class='ocrx_word' id='word_1_547' title='bbox 1846 4272 2098 4353; x_wconf 90' lang='lat' dir='ltr'>quisivit</span> <span class='ocrx_word' id='word_1_548' title='bbox 2124 4292 2291 4350; x_wconf 90' lang='lat' dir='ltr'>eum,</span> <span class='ocrx_word' id='word_1_549' title='bbox 2325 4277 2857 4355; x_wconf 89' lang='lat' dir='ltr'>quemadmodum</span> <span class='ocrx_word' id='word_1_550' title='bbox 2893 4284 3151 4358; x_wconf 82' lang='lat' dir='ltr'>agerent</span> <span class='ocrx_word' id='word_1_551' title='bbox 3180 4283 3423 4349; x_wconf 84' lang='lat' dir='ltr'>fratres.</span> 
     </span>
    </p>
   </div>
   <div class='ocr_carea' id='block_1_70' title="bbox 180 4360 3428 4478">
    <p class='ocr_par' dir='ltr' id='par_1_70' title="bbox 180 4360 3428 4478">
     <span class='ocr_line' id='line_1_70' title="bbox 180 4360 3428 4478; baseline 0.01 -61"><span class='ocrx_word' id='word_1_552' title='bbox 180 4365 231 4418; x_wconf 84' lang='lat' dir='ltr'>et</span> <span class='ocrx_word' id='word_1_553' title='bbox 255 4360 302 4420; x_wconf 91' lang='lat' dir='ltr'>si</span> <span class='ocrx_word' id='word_1_554' title='bbox 338 4360 489 4423; x_wconf 90' lang='lat' dir='ltr'>illud</span> <span class='ocrx_word' id='word_1_555' title='bbox 519 4378 655 4425; x_wconf 91' lang='lat' dir='ltr'>non</span> <span class='ocrx_word' id='word_1_556' title='bbox 684 4362 909 4443; x_wconf 87' lang='lat' dir='ltr'>placet,</span> <span class='ocrx_word' id='word_1_557' title='bbox 940 4365 1254 4445; x_wconf 90' lang='lat' dir='ltr'>porrigam</span> <span class='ocrx_word' id='word_1_558' title='bbox 1286 4366 1485 4444; x_wconf 90' lang='lat' dir='ltr'>aliud;</span> <span class='ocrx_word' id='word_1_559' title='bbox 1520 4378 1581 4432; x_wconf 92' lang='lat' dir='ltr'>et</span> <span class='ocrx_word' id='word_1_560' title='bbox 1611 4373 1742 4435; x_wconf 86' lang='lat' dir='ltr'>ﬁeri</span> <span class='ocrx_word' id='word_1_561' title='bbox 1776 4423 1819 4478; x_wconf 63' lang='grc' dir='ltr'><strong>Β</strong></span> <span class='ocrx_word' id='word_1_562' title='bbox 1846 4379 1920 4435; x_wconf 82' lang='lat' dir='ltr'>At</span> <span class='ocrx_word' id='word_1_563' title='bbox 1947 4375 2054 4437; x_wconf 88' lang='lat' dir='ltr'>ille</span> <span class='ocrx_word' id='word_1_564' title='bbox 2098 4376 2251 4438; x_wconf 86' lang='lat' dir='ltr'>dixit</span> <span class='ocrx_word' id='word_1_565' title='bbox 2279 4394 2293 4438; x_wconf 90' lang='lat'>:</span> <span class='ocrx_word' id='word_1_566' title='bbox 2321 4378 2507 4453; x_wconf 93' lang='lat' dir='ltr'>Male,</span> <span class='ocrx_word' id='word_1_567' title='bbox 2544 4379 2853 4459; x_wconf 89' lang='lat' dir='ltr'>quoniam</span> <span class='ocrx_word' id='word_1_568' title='bbox 2888 4397 3108 4445; x_wconf 92' lang='lat' dir='ltr'>omnes</span> <span class='ocrx_word' id='word_1_569' title='bbox 3153 4395 3428 4464; x_wconf 88' lang='lat' dir='ltr'>agrestes</span> 
     </span>
    </p>
   </div>
   <div class='ocr_carea' id='block_1_71' title="bbox 121 4463 3422 4564">
    <p class='ocr_par' dir='ltr' id='par_1_71' title="bbox 121 4463 3422 4564">
     <span class='ocr_line' id='line_1_71' title="bbox 121 4463 3422 4564; baseline 0.009 -44"><span class='ocrx_word' id='word_1_570' title='bbox 121 4541 127 4546; x_wconf 13' lang='grc' dir='ltr'><strong>Α</strong></span> <span class='ocrx_word' id='word_1_571' title='bbox 177 4475 288 4522; x_wconf 88' lang='lat' dir='ltr'>non</span> <span class='ocrx_word' id='word_1_572' title='bbox 316 4470 549 4542; x_wconf 90' lang='lat' dir='ltr'>potest,</span> <span class='ocrx_word' id='word_1_573' title='bbox 577 4463 698 4525; x_wconf 90' lang='lat' dir='ltr'>nisi</span> <span class='ocrx_word' id='word_1_574' title='bbox 720 4482 918 4526; x_wconf 90' lang='lat' dir='ltr'>unum</span> <span class='ocrx_word' id='word_1_575' title='bbox 939 4483 1017 4526; x_wconf 89' lang='lat' dir='ltr'>ex</span> <span class='ocrx_word' id='word_1_576' title='bbox 1036 4465 1190 4546; x_wconf 90' lang='lat' dir='ltr'>ipsis</span> <span class='ocrx_word' id='word_1_577' title='bbox 1218 4466 1470 4550; x_wconf 89' lang='lat' dir='ltr'>aliquod</span> <span class='ocrx_word' id='word_1_578' title='bbox 1502 4472 1745 4552; x_wconf 87' lang='lat' dir='ltr'>placeat</span> <span class='ocrx_word' id='word_1_579' title='bbox 1776 4463 1817 4478; x_wconf 75' lang='grc'>”</span> <span class='ocrx_word' id='word_1_580' title='bbox 1848 4476 2054 4540; x_wconf 74' lang='lat' dir='ltr'>effecti</span> <span class='ocrx_word' id='word_1_581' title='bbox 2085 4484 2252 4552; x_wconf 90' lang='lat' dir='ltr'>sunt,</span> <span class='ocrx_word' id='word_1_582' title='bbox 2290 4484 2373 4553; x_wconf 88' lang='lat' dir='ltr'>et,</span> <span class='ocrx_word' id='word_1_583' title='bbox 2408 4480 2580 4558; x_wconf 90' lang='lat' dir='ltr'>quod</span> <span class='ocrx_word' id='word_1_584' title='bbox 2629 4479 2706 4541; x_wconf 89' lang='lat' dir='ltr'>de</span> <span class='ocrx_word' id='word_1_585' title='bbox 2753 4482 3046 4545; x_wconf 90' lang='lat' dir='ltr'>omnibus</span> <span class='ocrx_word' id='word_1_586' title='bbox 3090 4486 3272 4564; x_wconf 90' lang='lat' dir='ltr'>peius</span> <span class='ocrx_word' id='word_1_587' title='bbox 3308 4496 3422 4563; x_wconf 90' lang='lat' dir='ltr'>est,</span> 
     </span>
    </p>
   </div>
   <div class='ocr_carea' id='block_1_72' title="bbox 177 4560 3423 4657">
    <p class='ocr_par' dir='ltr' id='par_1_72' title="bbox 177 4560 3423 4657">
     <span class='ocr_line' id='line_1_72' title="bbox 177 4560 3423 4657; baseline 0.009 -36"><span class='ocrx_word' id='word_1_588' title='bbox 177 4560 258 4623; x_wconf 91' lang='lat' dir='ltr'>iis.</span> <span class='ocrx_word' id='word_1_589' title='bbox 284 4565 355 4625; x_wconf 87' lang='lat' dir='ltr'>Et</span> <span class='ocrx_word' id='word_1_590' title='bbox 380 4564 541 4628; x_wconf 89' lang='lat' dir='ltr'>haec</span> <span class='ocrx_word' id='word_1_591' title='bbox 569 4566 792 4628; x_wconf 91' lang='lat' dir='ltr'>dicens</span> <span class='ocrx_word' id='word_1_592' title='bbox 824 4567 1127 4630; x_wconf 86' lang='lat' dir='ltr'>discessit.</span> <span class='ocrx_word' id='word_1_593' title='bbox 1159 4569 1506 4634; x_wconf 86' lang='lat' dir='ltr'>Permansit</span> <span class='ocrx_word' id='word_1_594' title='bbox 1534 4582 1743 4636; x_wconf 91' lang='lat' dir='ltr'>autem</span> <span class='ocrx_word' id='word_1_595' title='bbox 1843 4595 1988 4639; x_wconf 91' lang='lat' dir='ltr'>eum</span> <span class='ocrx_word' id='word_1_596' title='bbox 2047 4597 2235 4657; x_wconf 85' lang='lat' dir='ltr'>quem</span> <span class='ocrx_word' id='word_1_597' title='bbox 2292 4578 2483 4641; x_wconf 88' lang='lat' dir='ltr'>habui</span> <span class='ocrx_word' id='word_1_598' title='bbox 2550 4581 2821 4643; x_wconf 90' lang='lat' dir='ltr'>amicum</span> <span class='ocrx_word' id='word_1_599' title='bbox 2908 4590 2969 4644; x_wconf 90' lang='lat' dir='ltr'>et</span> <span class='ocrx_word' id='word_1_600' title='bbox 3027 4586 3423 4651; x_wconf 88' lang='lat' dir='ltr'>obedientem</span> 
     </span>
    </p>
   </div>
   <div class='ocr_carea' id='block_1_73' title="bbox 175 4666 3426 4762">
    <p class='ocr_par' dir='ltr' id='par_1_73' title="bbox 175 4666 3426 4762">
     <span class='ocr_line' id='line_1_73' title="bbox 175 4666 3426 4762; baseline 0.008 -38"><span class='ocrx_word' id='word_1_601' title='bbox 175 4680 346 4726; x_wconf 87' lang='lat' dir='ltr'>senex</span> <span class='ocrx_word' id='word_1_602' title='bbox 375 4666 611 4729; x_wconf 87' lang='lat' dir='ltr'>iterum</span> <span class='ocrx_word' id='word_1_603' title='bbox 642 4667 800 4729; x_wconf 91' lang='lat' dir='ltr'>viam</span> <span class='ocrx_word' id='word_1_604' title='bbox 841 4668 1379 4749; x_wconf 88' lang='lat' dir='ltr'>circumspiciens,</span> <span class='ocrx_word' id='word_1_605' title='bbox 1408 4690 1742 4754; x_wconf 90' lang='lat' dir='ltr'>usquequo</span> <span class='ocrx_word' id='word_1_606' title='bbox 1842 4677 2020 4751; x_wconf 91' lang='lat' dir='ltr'>mihi,</span> <span class='ocrx_word' id='word_1_607' title='bbox 2050 4678 2186 4758; x_wconf 91' lang='lat' dir='ltr'>ipse</span> <span class='ocrx_word' id='word_1_608' title='bbox 2216 4680 2432 4742; x_wconf 90' lang='lat' dir='ltr'>nescio</span> <span class='ocrx_word' id='word_1_609' title='bbox 2480 4682 2805 4760; x_wconf 90' lang='lat' dir='ltr'>quomodo</span> <span class='ocrx_word' id='word_1_610' title='bbox 2848 4701 3187 4748; x_wconf 90' lang='lat' dir='ltr'>conversus</span> <span class='ocrx_word' id='word_1_611' title='bbox 3216 4696 3330 4762; x_wconf 90' lang='lat' dir='ltr'>est,</span> <span class='ocrx_word' id='word_1_612' title='bbox 3364 4698 3426 4751; x_wconf 90' lang='lat' dir='ltr'>et</span> 
     </span>
    </p>
   </div>
   <div class='ocr_carea' id='block_1_74' title="bbox 177 4765 3426 4862">
    <p class='ocr_par' dir='ltr' id='par_1_74' title="bbox 177 4765 3426 4862">
     <span class='ocr_line' id='line_1_74' title="bbox 177 4765 3426 4862; baseline 0.009 -40"><span class='ocrx_word' id='word_1_613' title='bbox 177 4765 407 4841; x_wconf 88' lang='lat' dir='ltr'>rediret,</span> <span class='ocrx_word' id='word_1_614' title='bbox 454 4776 542 4842; x_wconf 90' lang='lat' dir='ltr'>et,</span> <span class='ocrx_word' id='word_1_615' title='bbox 595 4786 739 4830; x_wconf 89' lang='lat' dir='ltr'>cum</span> <span class='ocrx_word' id='word_1_616' title='bbox 790 4769 1044 4844; x_wconf 90' lang='lat' dir='ltr'>rediret,</span> <span class='ocrx_word' id='word_1_617' title='bbox 1097 4771 1245 4835; x_wconf 90' lang='lat' dir='ltr'>dicit</span> <span class='ocrx_word' id='word_1_618' title='bbox 1293 4774 1398 4835; x_wconf 87' lang='lat' dir='ltr'>ei:</span> <span class='ocrx_word' id='word_1_619' title='bbox 1444 4775 1739 4839; x_wconf 86' lang='lat' dir='ltr'>Salverisl</span> <span class='ocrx_word' id='word_1_620' title='bbox 1844 4779 2138 4841; x_wconf 90' lang='lat' dir='ltr'>omnibus</span> <span class='ocrx_word' id='word_1_621' title='bbox 2166 4780 2436 4860; x_wconf 88' lang='lat' dir='ltr'>amplius</span> <span class='ocrx_word' id='word_1_622' title='bbox 2479 4782 2763 4862; x_wconf 73' lang='lat' dir='ltr'>asperior</span> <span class='ocrx_word' id='word_1_623' title='bbox 2808 4784 2965 4845; x_wconf 89' lang='lat' dir='ltr'>mihi</span> <span class='ocrx_word' id='word_1_624' title='bbox 3002 4785 3169 4847; x_wconf 91' lang='lat' dir='ltr'>visus</span> <span class='ocrx_word' id='word_1_625' title='bbox 3200 4794 3314 4849; x_wconf 90' lang='lat' dir='ltr'>est.</span> <span class='ocrx_word' id='word_1_626' title='bbox 3352 4791 3426 4850; x_wconf 91' lang='lat' dir='ltr'>Et</span> 
     </span>
    </p>
   </div>
   <div class='ocr_carea' id='block_1_75' title="bbox 174 4864 3421 4966">
    <p class='ocr_par' dir='ltr' id='par_1_75' title="bbox 174 4864 3421 4966">
     <span class='ocr_line' id='line_1_75' title="bbox 174 4864 3421 4966; baseline 0.007 -40"><span class='ocrx_word' id='word_1_627' title='bbox 174 4864 312 4929; x_wconf 92' lang='lat' dir='ltr'>Dicit</span> <span class='ocrx_word' id='word_1_628' title='bbox 355 4876 416 4931; x_wconf 90' lang='lat' dir='ltr'>et</span> <span class='ocrx_word' id='word_1_629' title='bbox 460 4870 573 4931; x_wconf 92' lang='lat' dir='ltr'>ille</span> <span class='ocrx_word' id='word_1_630' title='bbox 624 4888 636 4930; x_wconf 94' lang='lat'>:</span> <span class='ocrx_word' id='word_1_631' title='bbox 688 4870 1016 4943; x_wconf 90' lang='lat' dir='ltr'>Quomodo</span> <span class='ocrx_word' id='word_1_632' title='bbox 1062 4872 1229 4935; x_wconf 85' lang='lat' dir='ltr'>istud</span> <span class='ocrx_word' id='word_1_633' title='bbox 1276 4873 1431 4935; x_wconf 90' lang='lat' dir='ltr'>mihi</span> <span class='ocrx_word' id='word_1_634' title='bbox 1482 4877 1734 4939; x_wconf 84' lang='lat' dir='ltr'>verbum</span> <span class='ocrx_word' id='word_1_635' title='bbox 1841 4878 2087 4954; x_wconf 89' lang='lat' dir='ltr'>iuravit,</span> <span class='ocrx_word' id='word_1_636' title='bbox 2131 4897 2258 4942; x_wconf 91' lang='lat' dir='ltr'>non</span> <span class='ocrx_word' id='word_1_637' title='bbox 2308 4881 2395 4942; x_wconf 89' lang='lat' dir='ltr'>ibi</span> <span class='ocrx_word' id='word_1_638' title='bbox 2444 4883 2766 4959; x_wconf 88' lang='lat' dir='ltr'>accedere,</span> <span class='ocrx_word' id='word_1_639' title='bbox 2810 4885 2929 4947; x_wconf 90' lang='lat' dir='ltr'>nisi</span> <span class='ocrx_word' id='word_1_640' title='bbox 2974 4894 3117 4966; x_wconf 92' lang='lat' dir='ltr'>post</span> <span class='ocrx_word' id='word_1_641' title='bbox 3159 4888 3421 4952; x_wconf 82' lang='lat' dir='ltr'>multum</span> 
     </span>
    </p>
   </div>
   <div class='ocr_carea' id='block_1_76' title="bbox 229 5093 1635 5168">
    <p class='ocr_par' dir='ltr' id='par_1_76' title="bbox 229 5093 1635 5168">
     <span class='ocr_line' id='line_1_76' title="bbox 229 5093 1635 5168; baseline 0.005 -23"><span class='ocrx_word' id='word_1_642' title='bbox 229 5093 296 5163; x_wconf 77' lang='lat' dir='ltr'>(i)</span> <span class='ocrx_word' id='word_1_643' title='bbox 326 5093 436 5149; x_wconf 72' lang='grc' dir='ltr'><strong>νγ.</strong></span> <span class='ocrx_word' id='word_1_644' title='bbox 466 5095 575 5148; x_wconf 87' lang='lat' dir='ltr'>PP.</span> <span class='ocrx_word' id='word_1_645' title='bbox 607 5093 823 5151; x_wconf 83' lang='lat' dir='ltr'>Rosow.</span> <span class='ocrx_word' id='word_1_646' title='bbox 862 5096 953 5149; x_wconf 82' lang='lat' dir='ltr'>lib.</span> <span class='ocrx_word' id='word_1_647' title='bbox 987 5095 1055 5150; x_wconf 82' lang='lat' dir='ltr'>lli</span> <span class='ocrx_word' id='word_1_648' title='bbox 1083 5112 1203 5167; x_wconf 84' lang='lat' dir='ltr'>cap.</span> <span class='ocrx_word' id='word_1_649' title='bbox 1233 5096 1303 5151; x_wconf 73' lang='grc'>42</span> <span class='ocrx_word' id='word_1_650' title='bbox 1323 5113 1381 5168; x_wconf 92' lang='lat' dir='ltr'>p.</span> <span class='ocrx_word' id='word_1_651' title='bbox 1419 5097 1546 5163; x_wconf 85' lang='lat'><strong>507,</strong></span> <span class='ocrx_word' id='word_1_652' title='bbox 1579 5098 1635 5152; x_wconf 70' lang='grc'>2.</span> 
     </span>
    </p>
   </div>
   <div class='ocr_carea' id='block_1_77' title="bbox 224 5185 1041 5258">
    <p class='ocr_par' dir='ltr' id='par_1_77' title="bbox 224 5185 1041 5258">
     <span class='ocr_line' id='line_1_77' title="bbox 224 5185 1041 5258; baseline 0.006 -20"><span class='ocrx_word' id='word_1_653' title='bbox 224 5185 294 5254; x_wconf 76' lang='grc'>(2)</span> <span class='ocrx_word' id='word_1_654' title='bbox 321 5185 452 5241; x_wconf 90' lang='lat' dir='ltr'>Ibid.</span> <span class='ocrx_word' id='word_1_655' title='bbox 484 5202 607 5257; x_wconf 84' lang='lat' dir='ltr'>cap.</span> <span class='ocrx_word' id='word_1_656' title='bbox 633 5188 702 5241; x_wconf 69' lang='grc'>45</span> <span class='ocrx_word' id='word_1_657' title='bbox 742 5203 795 5258; x_wconf 90' lang='lat' dir='ltr'>p.</span> <span class='ocrx_word' id='word_1_658' title='bbox 823 5187 949 5250; x_wconf 81' lang='lat'>507,</span> <span class='ocrx_word' id='word_1_659' title='bbox 986 5190 1041 5243; x_wconf 66' lang='grc' dir='ltr'>Ξ.</span> 
     </span>
    </p>
   </div>
   <div class='ocr_carea' id='block_1_78' title="bbox 233 5279 1063 5351">
    <p class='ocr_par' dir='ltr' id='par_1_78' title="bbox 233 5279 1063 5351">
     <span class='ocr_line' id='line_1_78' title="bbox 233 5279 1063 5351; baseline 0.002 -16"><span class='ocrx_word' id='word_1_660' title='bbox 233 5279 305 5350; x_wconf 76' lang='grc' dir='ltr'>(ὅ)</span> <span class='ocrx_word' id='word_1_661' title='bbox 333 5280 469 5336; x_wconf 90' lang='lat' dir='ltr'>Ibid.</span> <span class='ocrx_word' id='word_1_662' title='bbox 493 5297 619 5351; x_wconf 83' lang='lat' dir='ltr'>cap.</span> <span class='ocrx_word' id='word_1_663' title='bbox 651 5282 716 5335; x_wconf 91' lang='lat'>87</span> <span class='ocrx_word' id='word_1_664' title='bbox 753 5298 804 5351; x_wconf 93' lang='lat' dir='ltr'>p.</span> <span class='ocrx_word' id='word_1_665' title='bbox 854 5282 979 5347; x_wconf 82' lang='grc'>515,</span> <span class='ocrx_word' id='word_1_666' title='bbox 1007 5284 1063 5338; x_wconf 73' lang='lat'>‘2.</span> 
     </span>
    </p>
   </div>
   <div class='ocr_carea' id='block_1_79' title="bbox 231 5370 1737 5449">
    <p class='ocr_par' dir='ltr' id='par_1_79' title="bbox 231 5370 1737 5449">
     <span class='ocr_line' id='line_1_79' title="bbox 231 5370 1737 5449; baseline 0.005 -24"><span class='ocrx_word' id='word_1_667' title='bbox 231 5370 301 5443; x_wconf 68' lang='grc' dir='ltr'>(ι)</span> <span class='ocrx_word' id='word_1_668' title='bbox 327 5372 409 5428; x_wconf 78' lang='lat' dir='ltr'>Ct.</span> <span class='ocrx_word' id='word_1_669' title='bbox 438 5372 486 5445; x_wconf 63' lang='grc' dir='ltr'>ς.</span> <span class='ocrx_word' id='word_1_670' title='bbox 518 5374 592 5427; x_wconf 72' lang='lat' dir='ltr'>ac</span> <span class='ocrx_word' id='word_1_671' title='bbox 617 5390 666 5443; x_wconf 93' lang='lat' dir='ltr'>p.</span> <span class='ocrx_word' id='word_1_672' title='bbox 698 5374 820 5428; x_wconf 79' lang='lat' dir='ltr'>uo.</span> <span class='ocrx_word' id='word_1_673' title='bbox 872 5373 990 5429; x_wconf 68' lang='grc' dir='ltr'>ηδ.</span> <span class='ocrx_word' id='word_1_674' title='bbox 1028 5372 1148 5445; x_wconf 72' lang='lat'>§24</span> <span class='ocrx_word' id='word_1_675' title='bbox 1174 5389 1225 5445; x_wconf 91' lang='lat' dir='ltr'>p.</span> <span class='ocrx_word' id='word_1_676' title='bbox 1271 5374 1375 5430; x_wconf 72' lang='lat'>103</span> <span class='ocrx_word' id='word_1_677' title='bbox 1408 5391 1494 5447; x_wconf 86' lang='lat' dir='ltr'>sq.</span> <span class='ocrx_word' id='word_1_678' title='bbox 1528 5375 1555 5447; x_wconf 65' lang='grc' dir='ltr'><strong>ς</strong></span> <span class='ocrx_word' id='word_1_679' title='bbox 1587 5376 1658 5431; x_wconf 72' lang='lat' dir='ltr'>es</span> <span class='ocrx_word' id='word_1_680' title='bbox 1682 5392 1737 5449; x_wconf 90' lang='lat' dir='ltr'>p.</span> 
     </span>
    </p>
   </div>
   <div class='ocr_carea' id='block_1_80' title="bbox 174 5462 865 5537">
    <p class='ocr_par' dir='ltr' id='par_1_80' title="bbox 174 5462 865 5537">
     <span class='ocr_line' id='line_1_80' title="bbox 174 5462 865 5537; baseline 0.007 -23"><span class='ocrx_word' id='word_1_681' title='bbox 174 5462 259 5516; x_wconf 73' lang='lat'>“6</span> <span class='ocrx_word' id='word_1_682' title='bbox 286 5482 366 5535; x_wconf 89' lang='lat' dir='ltr'>sq.</span> <span class='ocrx_word' id='word_1_683' title='bbox 407 5466 455 5537; x_wconf 82' lang='lat'>§.</span> <span class='ocrx_word' id='word_1_684' title='bbox 501 5466 571 5521; x_wconf 76' lang='lat' dir='ltr'>i7</span> <span class='ocrx_word' id='word_1_685' title='bbox 603 5482 655 5537; x_wconf 90' lang='lat' dir='ltr'>p.</span> <span class='ocrx_word' id='word_1_686' title='bbox 684 5466 753 5521; x_wconf 86' lang='lat'>65</span> <span class='ocrx_word' id='word_1_687' title='bbox 781 5482 865 5536; x_wconf 87' lang='lat' dir='ltr'>sq.</span> 
     </span>
    </p>
   </div>
   <div class='ocr_carea' id='block_1_81' title="bbox 227 5556 995 5631">
    <p class='ocr_par' dir='ltr' id='par_1_81' title="bbox 227 5556 995 5631">
     <span class='ocr_line' id='line_1_81' title="bbox 227 5556 995 5631; baseline -0.001 -18"><span class='ocrx_word' id='word_1_688' title='bbox 227 5556 296 5627; x_wconf 82' lang='lat'>(5)</span> <span class='ocrx_word' id='word_1_689' title='bbox 321 5558 454 5629; x_wconf 87' lang='lat' dir='ltr'>Cap.</span> <span class='ocrx_word' id='word_1_690' title='bbox 482 5559 612 5613; x_wconf 77' lang='lat'>551.</span> <span class='ocrx_word' id='word_1_691' title='bbox 640 5560 676 5615; x_wconf 86' lang='grc' dir='ltr'>ι.</span> <span class='ocrx_word' id='word_1_692' title='bbox 710 5575 762 5631; x_wconf 84' lang='grc' dir='ltr'>ρ.</span> <span class='ocrx_word' id='word_1_693' title='bbox 786 5559 912 5625; x_wconf 75' lang='lat'>509,</span> <span class='ocrx_word' id='word_1_694' title='bbox 951 5559 995 5613; x_wconf 78' lang='grc' dir='ltr'>Ι.</span> 
     </span>
    </p>
   </div>
   <div class='ocr_carea' id='block_1_82' title="bbox 224 5646 1658 5721">
    <p class='ocr_par' dir='ltr' id='par_1_82' title="bbox 224 5646 1658 5721">
     <span class='ocr_line' id='line_1_82' title="bbox 224 5646 1658 5721; baseline 0.003 -20"><span class='ocrx_word' id='word_1_695' title='bbox 224 5647 292 5715; x_wconf 85' lang='grc'>(6)</span> <span class='ocrx_word' id='word_1_696' title='bbox 320 5646 429 5703; x_wconf 68' lang='grc' dir='ltr'>νγ.</span> <span class='ocrx_word' id='word_1_697' title='bbox 460 5647 573 5703; x_wconf 87' lang='lat' dir='ltr'>PP.</span> <span class='ocrx_word' id='word_1_698' title='bbox 598 5647 780 5704; x_wconf 80' lang='lat' dir='ltr'>Rosw.</span> <span class='ocrx_word' id='word_1_699' title='bbox 810 5649 901 5704; x_wconf 85' lang='lat' dir='ltr'>lib.</span> <span class='ocrx_word' id='word_1_700' title='bbox 928 5647 971 5700; x_wconf 86' lang='lat' dir='ltr'><strong>V</strong></span> <span class='ocrx_word' id='word_1_701' title='bbox 995 5649 1159 5704; x_wconf 87' lang='lat' dir='ltr'>libell.</span> <span class='ocrx_word' id='word_1_702' title='bbox 1190 5648 1246 5715; x_wconf 69' lang='grc'>4,</span> <span class='ocrx_word' id='word_1_703' title='bbox 1272 5649 1344 5705; x_wconf 77' lang='grc'>26</span> <span class='ocrx_word' id='word_1_704' title='bbox 1372 5667 1423 5721; x_wconf 84' lang='grc' dir='ltr'>ρ.</span> <span class='ocrx_word' id='word_1_705' title='bbox 1454 5651 1581 5716; x_wconf 82' lang='grc'>569,</span> <span class='ocrx_word' id='word_1_706' title='bbox 1603 5651 1658 5707; x_wconf 67' lang='grc'>2.</span> 
     </span>
    </p>
   </div>
   <div class='ocr_carea' id='block_1_83' title="bbox 231 5738 1726 5814">
    <p class='ocr_par' dir='ltr' id='par_1_83' title="bbox 231 5738 1726 5814">
     <span class='ocr_line' id='line_1_83' title="bbox 231 5738 1726 5814; baseline 0.004 -23"><span class='ocrx_word' id='word_1_707' title='bbox 231 5739 568 5809; x_wconf 80' lang='lat' dir='ltr'>(7)Coteler.</span> <span class='ocrx_word' id='word_1_708' title='bbox 600 5738 744 5797; x_wconf 84' lang='lat' dir='ltr'>Eccl.</span> <span class='ocrx_word' id='word_1_709' title='bbox 783 5740 968 5796; x_wconf 82' lang='lat' dir='ltr'>Graec.</span> <span class='ocrx_word' id='word_1_710' title='bbox 1034 5740 1171 5796; x_wconf 71' lang='grc' dir='ltr'>ὶιοη.</span> <span class='ocrx_word' id='word_1_711' title='bbox 1214 5740 1278 5795; x_wconf 86' lang='lat' dir='ltr'>&#39;l‘.</span> <span class='ocrx_word' id='word_1_712' title='bbox 1318 5741 1337 5796; x_wconf 89' lang='grc' dir='ltr'><strong>Ι</strong></span> <span class='ocrx_word' id='word_1_713' title='bbox 1369 5760 1420 5814; x_wconf 91' lang='lat' dir='ltr'>p.</span> <span class='ocrx_word' id='word_1_714' title='bbox 1456 5742 1558 5799; x_wconf 76' lang='grc'>555</span> <span class='ocrx_word' id='word_1_715' title='bbox 1588 5761 1633 5799; x_wconf 93' lang='lat' dir='ltr'>s.</span> <span class='ocrx_word' id='word_1_716' title='bbox 1675 5760 1726 5797; x_wconf 74' lang='grc' dir='ltr'><strong>ν.</strong></span> 
     </span>
    </p>
   </div>
   <div class='ocr_carea' id='block_1_84' title="bbox 1851 5095 3423 5171">
    <p class='ocr_par' dir='ltr' id='par_1_84' title="bbox 1851 5095 3423 5171">
     <span class='ocr_line' id='line_1_84' title="bbox 1851 5095 3423 5171; baseline 0.006 -21"><span class='ocrx_word' id='word_1_717' title='bbox 1851 5095 2127 5151; x_wconf 78' lang='lat' dir='ltr'>Macarius</span> <span class='ocrx_word' id='word_1_718' title='bbox 2160 5098 2447 5169; x_wconf 78' lang='lat' dir='ltr'>Aegyptius</span> <span class='ocrx_word' id='word_1_719' title='bbox 2488 5099 2515 5171; x_wconf 86' lang='lat'>§</span> <span class='ocrx_word' id='word_1_720' title='bbox 2563 5099 2639 5166; x_wconf 81' lang='lat' dir='ltr'>X;</span> <span class='ocrx_word' id='word_1_721' title='bbox 2669 5099 2810 5154; x_wconf 81' lang='lat' dir='ltr'>infra</span> <span class='ocrx_word' id='word_1_722' title='bbox 2832 5101 2884 5155; x_wconf 87' lang='lat' dir='ltr'>in</span> <span class='ocrx_word' id='word_1_723' title='bbox 2907 5102 3100 5156; x_wconf 86' lang='lat' dir='ltr'>harum</span> <span class='ocrx_word' id='word_1_724' title='bbox 3134 5104 3423 5170; x_wconf 67' lang='lat' dir='ltr'>Quaestio-</span> 
     </span>
    </p>
   </div>
   <div class='ocr_carea' id='block_1_85' title="bbox 1849 5190 2760 5260">
    <p class='ocr_par' dir='ltr' id='par_1_85' title="bbox 1849 5190 2760 5260">
     <span class='ocr_line' id='line_1_85' title="bbox 1849 5190 2760 5260; baseline 0.001 -15"><span class='ocrx_word' id='word_1_725' title='bbox 1849 5206 1980 5245; x_wconf 88' lang='lat' dir='ltr'>num</span> <span class='ocrx_word' id='word_1_726' title='bbox 2005 5190 2314 5260; x_wconf 86' lang='lat' dir='ltr'>Appendice</span> <span class='ocrx_word' id='word_1_727' title='bbox 2344 5192 2512 5246; x_wconf 88' lang='lat' dir='ltr'>altera</span> <span class='ocrx_word' id='word_1_728' title='bbox 2541 5193 2644 5247; x_wconf 79' lang='lat' dir='ltr'>sub</span> <span class='ocrx_word' id='word_1_729' title='bbox 2675 5191 2760 5246; x_wconf 85' lang='lat' dir='ltr'>Ill.</span> 
     </span>
    </p>
   </div>
   <div class='ocr_carea' id='block_1_86' title="bbox 1918 5282 3422 5359">
    <p class='ocr_par' dir='ltr' id='par_1_86' title="bbox 1918 5282 3422 5359">
     <span class='ocr_line' id='line_1_86' title="bbox 1918 5282 3422 5359; baseline 0.005 -22"><span class='ocrx_word' id='word_1_730' title='bbox 1918 5283 1993 5353; x_wconf 92' lang='lat'>(8)</span> <span class='ocrx_word' id='word_1_731' title='bbox 2024 5282 2114 5336; x_wconf 88' lang='lat' dir='ltr'>Sic</span> <span class='ocrx_word' id='word_1_732' title='bbox 2139 5283 2438 5338; x_wconf 82' lang='lat' dir='ltr'>monachos</span> <span class='ocrx_word' id='word_1_733' title='bbox 2463 5282 2665 5338; x_wconf 83' lang='lat' dir='ltr'>Nitriae</span> <span class='ocrx_word' id='word_1_734' title='bbox 2702 5283 2971 5342; x_wconf 85' lang='lat' dir='ltr'>Macarius</span> <span class='ocrx_word' id='word_1_735' title='bbox 3007 5285 3305 5359; x_wconf 84' lang='lat' dir='ltr'>Aegyptius</span> <span class='ocrx_word' id='word_1_736' title='bbox 3334 5289 3422 5344; x_wconf 86' lang='lat' dir='ltr'>in-</span> 
     </span>
    </p>
   </div>
   <div class='ocr_carea' id='block_1_87' title="bbox 1842 5366 2748 5445">
    <p class='ocr_par' dir='ltr' id='par_1_87' title="bbox 1842 5366 2748 5445">
     <span class='ocr_line' id='line_1_87' title="bbox 1842 5366 2748 5445; baseline 0.003 -19"><span class='ocrx_word' id='word_1_737' title='bbox 1842 5374 2024 5429; x_wconf 84' lang='lat' dir='ltr'>visere</span> <span class='ocrx_word' id='word_1_738' title='bbox 2049 5375 2280 5428; x_wconf 86' lang='lat' dir='ltr'>solebat.</span> <span class='ocrx_word' id='word_1_739' title='bbox 2299 5366 2383 5428; x_wconf 79' lang='lat' dir='ltr'>Cf.</span> <span class='ocrx_word' id='word_1_740' title='bbox 2418 5375 2560 5428; x_wconf 81' lang='lat' dir='ltr'>infra</span> <span class='ocrx_word' id='word_1_741' title='bbox 2584 5374 2610 5445; x_wconf 85' lang='lat'>§</span> <span class='ocrx_word' id='word_1_742' title='bbox 2660 5374 2748 5429; x_wconf 78' lang='grc'>54.</span> 
     </span>
    </p>
   </div>
   <div class='ocr_carea' id='block_1_88' title="bbox 1916 5463 3419 5536">
    <p class='ocr_par' dir='ltr' id='par_1_88' title="bbox 1916 5463 3419 5536">
     <span class='ocr_line' id='line_1_88' title="bbox 1916 5463 3419 5536; baseline 0.008 -19"><span class='ocrx_word' id='word_1_743' title='bbox 1916 5463 1992 5533; x_wconf 80' lang='lat'>(9)</span> <span class='ocrx_word' id='word_1_744' title='bbox 2025 5464 2133 5529; x_wconf 90' lang='lat' dir='ltr'>Sic,</span> <span class='ocrx_word' id='word_1_745' title='bbox 2189 5464 2331 5519; x_wconf 84' lang='lat' dir='ltr'>facili</span> <span class='ocrx_word' id='word_1_746' title='bbox 2361 5466 2515 5535; x_wconf 91' lang='lat' dir='ltr'>lapsu</span> <span class='ocrx_word' id='word_1_747' title='bbox 2542 5481 2639 5536; x_wconf 92' lang='lat' dir='ltr'>pro</span> <span class='ocrx_word' id='word_1_748' title='bbox 2675 5483 3021 5531; x_wconf 83' lang='lat' dir='ltr'>comnmnere,</span> <span class='ocrx_word' id='word_1_749' title='bbox 3052 5475 3107 5522; x_wconf 93' lang='lat' dir='ltr'>ut</span> <span class='ocrx_word' id='word_1_750' title='bbox 3135 5469 3288 5524; x_wconf 90' lang='lat' dir='ltr'>estin</span> <span class='ocrx_word' id='word_1_751' title='bbox 3319 5469 3419 5529; x_wconf 88' lang='lat' dir='ltr'>lib.</span> 
     </span>
    </p>
   </div>
   <div class='ocr_carea' id='block_1_89' title="bbox 1841 5554 3417 5626">
    <p class='ocr_par' dir='ltr' id='par_1_89' title="bbox 1841 5554 3417 5626">
     <span class='ocr_line' id='line_1_89' title="bbox 1841 5554 3417 5626; baseline 0.006 -17"><span class='ocrx_word' id='word_1_752' title='bbox 1841 5554 1933 5610; x_wconf 73' lang='grc' dir='ltr'>νη</span> <span class='ocrx_word' id='word_1_753' title='bbox 1961 5571 2080 5626; x_wconf 90' lang='lat' dir='ltr'>cap.</span> <span class='ocrx_word' id='word_1_754' title='bbox 2126 5558 2177 5621; x_wconf 82' lang='grc'>1,</span> <span class='ocrx_word' id='word_1_755' title='bbox 2220 5558 2272 5611; x_wconf 91' lang='grc'>8.</span> <span class='ocrx_word' id='word_1_756' title='bbox 2296 5557 2430 5611; x_wconf 83' lang='lat' dir='ltr'>Cod.</span> <span class='ocrx_word' id='word_1_757' title='bbox 2461 5558 2624 5613; x_wconf 88' lang='lat' dir='ltr'>Corb.</span> <span class='ocrx_word' id='word_1_758' title='bbox 2675 5575 3001 5615; x_wconf 82' lang='lat' dir='ltr'>commonere</span> <span class='ocrx_word' id='word_1_759' title='bbox 3033 5569 3086 5615; x_wconf 88' lang='lat' dir='ltr'>et</span> <span class='ocrx_word' id='word_1_760' title='bbox 3115 5561 3417 5619; x_wconf 77' lang='lat' dir='ltr'>admunere.</span> 
     </span>
    </p>
   </div>
   <div class='ocr_carea' id='block_1_90' title="bbox 1841 5648 3418 5725">
    <p class='ocr_par' dir='ltr' id='par_1_90' title="bbox 1841 5648 3418 5725">
     <span class='ocr_line' id='line_1_90' title="bbox 1841 5648 3418 5725; baseline 0.006 -23"><span class='ocrx_word' id='word_1_761' title='bbox 1841 5648 1925 5703; x_wconf 72' lang='grc' dir='ltr'>(ΞΓ.</span> <span class='ocrx_word' id='word_1_762' title='bbox 1953 5650 2187 5705; x_wconf 85' lang='lat' dir='ltr'>Coleler.</span> <span class='ocrx_word' id='word_1_763' title='bbox 2224 5648 2368 5703; x_wconf 86' lang='lat' dir='ltr'>Eccl.</span> <span class='ocrx_word' id='word_1_764' title='bbox 2400 5648 2593 5705; x_wconf 83' lang='lat' dir='ltr'>Graec.</span> <span class='ocrx_word' id='word_1_765' title='bbox 2624 5649 2767 5707; x_wconf 76' lang='lat' dir='ltr'>Men.</span> <span class='ocrx_word' id='word_1_766' title='bbox 2795 5650 2856 5706; x_wconf 88' lang='grc' dir='ltr'><strong>Τ.</strong></span> <span class='ocrx_word' id='word_1_767' title='bbox 2889 5651 2906 5706; x_wconf 91' lang='lat' dir='ltr'>l</span> <span class='ocrx_word' id='word_1_768' title='bbox 2942 5670 2995 5725; x_wconf 89' lang='lat' dir='ltr'>p.</span> <span class='ocrx_word' id='word_1_769' title='bbox 3040 5653 3145 5709; x_wconf 78' lang='grc'>815</span> <span class='ocrx_word' id='word_1_770' title='bbox 3175 5652 3243 5708; x_wconf 85' lang='lat' dir='ltr'>ad</span> <span class='ocrx_word' id='word_1_771' title='bbox 3274 5652 3332 5711; x_wconf 75' lang='lat' dir='ltr'>li.</span> <span class='ocrx_word' id='word_1_772' title='bbox 3381 5656 3418 5712; x_wconf 79' lang='grc'>⁸.</span> 
     </span>
    </p>
   </div>
   <div class='ocr_carea' id='block_1_91' title="bbox 1911 5742 2635 5813">
    <p class='ocr_par' dir='ltr' id='par_1_91' title="bbox 1911 5742 2635 5813">
     <span class='ocr_line' id='line_1_91' title="bbox 1911 5742 2635 5813; baseline 0.004 -19"><span class='ocrx_word' id='word_1_773' title='bbox 1911 5742 2025 5813; x_wconf 85' lang='grc'>(10)</span> <span class='ocrx_word' id='word_1_774' title='bbox 2052 5742 2143 5797; x_wconf 89' lang='lat' dir='ltr'>Sic</span> <span class='ocrx_word' id='word_1_775' title='bbox 2169 5758 2266 5813; x_wconf 90' lang='lat' dir='ltr'>pro</span> <span class='ocrx_word' id='word_1_776' title='bbox 2288 5758 2635 5798; x_wconf 80' lang='lat' dir='ltr'>commonere.</span> 
     </span>
    </p>
   </div>
  </div>
