4040 6590
560 272 659 327 121

1390 268 1491 327 SS.
1532 267 1995 327 MACARIORUM
2029 262 2354 323 AEGYPTII
2385 264 2475 321 ET
2513 264 2982 322 ALEXANDRINI
3700 278 3785 335 ηις

554 392 826 468 tempus,
848 391 910 448 et
940 385 1095 449 haec
1121 385 1337 449 dicens
1366 386 1652 450 discessit
1698 388 1809 470 (1).
1840 411 1868 443 »
1906 387 2138 450 Eadem
2169 393 2213 449 Α
2242 384 2424 447 editis
2446 384 2593 466 (11').
2612 386 2831 447 Fusius
2859 392 3066 448 tamen
3089 385 3307 447 eadem
3340 398 3441 451 res
3467 382 3589 453 hoc
3614 391 3787 463 altcm

554 486 621 550 in
671 488 849 551 libro
895 488 1119 568 quinto
1197 486 1314 567 (2),
1364 494 1427 549 et
1492 490 1760 569 septimo
1824 488 1939 568 (3),
1988 488 2140 549 etin

556 588 1128 669 ApOphthegmatis
1181 608 1217 651 a
1270 591 1577 653 Cotelerio
1648 590 1841 651 editis»
1879 588 2151 651 tradun-

555 696 659 751 tur
703 688 808 767 (4),
875 688 996 750 hoc
1048 688 1302 767 quidem
1384 689 1770 762 discrimine,
1817 693 1884 748 ut
1930 704 2144 748 mona-

558 787 716 851 chus
742 788 845 853 ille
868 790 931 850 in
956 790 1174 868 quinto
1207 789 1612 861 Theoctistus,
1635 787 1701 847 in
1718 786 2010 866 septimo,
2034 787 2145 867 qui

558 893 838 944 ceterum
881 902 1025 946 cum
1077 885 1235 946 libro
1281 886 1467 946 tertio
1515 885 1593 945 ad
1628 886 1889 946 verbum
1918 903 2146 948 conve-

556 984 694 1045 nire
743 984 904 1046 solet
946 985 1054 1062 (5),
1100 985 1467 1063 Theopistus
1499 992 1791 1059 vocetur;
1823 985 1955 1047 sola
1983 990 2147 1066 Apo-

556 1084 964 1163 phthegmata
1012 1102 1156 1145 cum
1204 1084 1366 1146 libro
1426 1085 1611 1147 tertio
1670 1085 2145 1165 Theopemptum

554 1183 901 1263 appellant.
926 1185 1121 1245 Porro
1147 1184 1212 1245 in
1236 1186 1609 1247 narrationis
1628 1184 1769 1247 libri
1790 1185 1991 1265 quinti
2020 1186 2144 1247 ﬁne

555 1285 713 1364 legis
747 1304 760 1346 :
791 1310 819 1343 α
852 1288 1058 1348 Senex
1092 1304 1240 1349 vero
1273 1295 1522 1350 sanctus
1551 1289 1799 1350 intravit
1826 1288 1894 1348 in
1924 1287 2145 1349 cellam

556 1401 733 1445 suam
781 1383 1055 1446 adorans
1107 1393 1168 1446 et
1223 1387 1449 1463 gratias
1498 1403 1691 1463 agens
1746 1387 1874 1447 Deo
1931 1384 2143 1447 Salva-

556 1485 702 1557 tori,
736 1508 763 1539 ι)
796 1484 862 1545 in
893 1485 1454 1565 ApOphthegmatis
1487 1504 1501 1547 :
1533 1510 1561 1543 «
1585 1489 1757 1548 Tunc
1780 1492 2029 1547 sanctus
2053 1486 2148 1546 in-

559 1586 737 1646 travit
765 1584 829 1644 in
850 1584 1072 1646 cellam
1099 1603 1298 1646 suam.
1333 1610 1361 1643 »
1385 1587 1535 1647 Uter
1562 1602 1707 1647 vero
1737 1586 2147 1647 Macariorum

557 1682 962 1787 intelligatur,
990 1685 1200 1787 dicere
1232 1684 1497 1747 haesito.
1526 1684 2143 1787 Apophthegmatum
2176 1733 2216 1787 Β

558 1783 816 1863 quidem
856 1784 1229 1864 compilator
1260 1786 1593 1847 Macarium
1624 1784 1996 1863 Aegyptium
2025 1800 2138 1861 ag-

558 1885 752 1945 novit.
800 1886 926 1947 Nec
956 1902 1217 1965 prorsus
1264 1886 1609 1961 immerito;
1647 1885 1811 1956 135
1834 1902 1975 1948 nam
2008 1887 2137 1947 Ma-

558 1984 764 2047 carius
804 1986 1148 2066 Aegyptius
1180 1985 1395 2065 procul
1429 1986 1817 2065 aliquantum
1846 2004 1882 2048 a
1915 2003 2139 2047 mona-

558 2085 725 2160 chis,
793 2088 1023 2165 quibus
1088 2094 1406 2161 praeerat,
1472 2087 1788 2147 habitasse
1840 2086 2139 2166 perhibe-

557 2192 661 2246 tur
725 2186 830 2267 (6).
882 2191 955 2248 At
1026 2204 1239 2249 nonne
1293 2187 1373 2248 de
1418 2188 1686 2249 Macario
1720 2187 2141 2249 Alexandrino

560 2286 932 2348 Cellularum
952 2288 1321 2368 presbytero
1338 2287 1504 2349 idem
1522 2285 1953 2349 tvalebit‘?1nde
1967 2303 2139 2361 vero,

562 2386 735 2465 quod
767 2388 1100 2450 Macarium
1135 2388 1311 2450 illum
1345 2389 1413 2449 in
1450 2405 1792 2468 paneremo
1833 2388 2143 2449 habitasse

562 2484 717 2565 legis
795 2489 904 2569 (7),
970 2490 1303 2551 Macarium
1356 2490 1729 2569 Aegyptium
1774 2488 1967 2550 fuisse
2015 2506 2144 2550 non

562 2594 751 2668 patet,
788 2595 1120 2669 propterea
1152 2589 1322 2668 quod
1355 2589 1540 2652 etiam
1566 2588 1835 2651 Cellulae
1862 2588 1928 2649 in
1956 2604 2147 2669 pane-

562 2704 738 2749 remo
789 2688 942 2749 sitae
991 2695 1187 2750 erant.
1239 2694 1440 2767 Atque
1489 2690 1823 2751 Macarium
1873 2687 2167 2753 Alexanw

563 2788 815 2850 drinum
843 2790 1152 2851 daemone
1171 2789 1557 2851 familiariter
1575 2806 1759 2851 usum
1788 2806 1926 2851 esse
1957 2806 2163 2869 suprai

561 2890 972 2967 cognovimus
1029 2889 1134 2971 (8).
1176 2890 1297 2951 Sed
1371 2889 1693 2970 quomodo
1739 2891 2007 2952 daemon
2036 2889 2148 2952 bo-

561 2987 764 3048 mines
794 2992 1017 3062 tentet,
1050 2987 1429 3066 singularem
1471 2987 1538 3049 in
1582 2988 1843 3050 modum
1870 2991 1933 3050 S.
1964 2989 2148 3053 Atha-

560 3088 775 3149 nasius
810 3088 876 3149 in
906 3089 1029 3150 vita
1065 3089 1126 3148 S.
1158 3089 1407 3150 Antonii
1447 3088 1775 3169 descripsit
1814 3088 1911 3172 (9).

643 3207 671 3240 α
700 3185 904 3247 Abbas
939 3186 1249 3247 Macarius
1271 3203 1416 3248 cum
1458 3193 1624 3248 esset
1652 3187 1719 3247 in
1759 3192 2042 3268 Aegypto
2092 3195 2169 3252 et-

564 3301 854 3362 egressus
880 3285 1100 3348 fuisset
1131 3288 1209 3349 de
1241 3287 1399 3348 cella
1428 3305 1563 3360 sua,
1597 3304 1895 3350 reversus
1915 3290 2153 3352 invenit

564 3384 883 3464 quendam
903 3385 1216 3448 furantem
1236 3387 1322 3461 id,
1347 3387 1517 3465 quod
1544 3387 1610 3447 in
1635 3387 1793 3449 cella
1812 3406 1921 3449 sua
1955 3389 2150 3452 habe-

564 3484 691 3547 bat.
727 3486 904 3547 Stetit
920 3500 1075 3565 ergo
1109 3494 1171 3549 et
1190 3487 1327 3567 ipse
1346 3495 1645 3567 tanquam
1673 3489 2060 3567 peregrinus,
2089 3496 2166 3551 et.

566 3585 889 3647 oarricavit
925 3586 1288 3667 (10)animal
1317 3605 1459 3649 cum
1492 3587 1601 3648 illo
1640 3605 1782 3649 cum
1821 3588 2012 3650 multa
2047 3606 2149 3649 re-

568 3685 741 3765 quie,
774 3694 836 3747 et
868 3687 1162 3767 perduxit
1188 3705 1334 3749 eum
1372 3687 1589 3748 dicens
1625 3705 1637 3747 :
1674 3687 1839 3748 Nihil
1878 3689 1941 3749 in
1981 3687 2151 3750 hunc

568 3786 873 3847 mundum
902 3785 1261 3860 intulimus;
1292 3786 1594 3848 Dominus
1623 3787 1818 3861 dedit,
1849 3788 2161 3849 Dominus

567 3884 857 3961 abstulit;
891 3888 1053 3949 sicut
1092 3894 1154 3949 et
1200 3887 1338 3967 ipse
1380 3887 1597 3961 voluit,
1627 3888 1711 3949 ita
1744 3888 1977 3950 factum
2010 3896 2145 3963 est;

569 3986 937 4049 benedictus
948 3986 1248 4048 Dominus
1275 3985 1338 4046 in
1361 3986 1651 4047 omnibus
1668 3986 1719 4062 (1
1738 3987 1853 4064 1).»
1870 3987 2041 4048 Idem
2060 4006 2162 4050 re-

568 4087 737 4167 peris
766 4087 830 4147 in
853 4085 1011 4149 libro
1035 4087 1253 4166 quinto
1284 4086 1426 4165 (12),
1461 4087 1568 4148 ubi
1598 4089 1788 4149 abbas
1818 4087 1923 4148 ille
1966 4112 1993 4143 «
2021 4091 2152 4150 Ma-

568 4188 773 4250 carius
800 4188 868 4248 in
913 4190 1195 4266 Aegypto
1238 4187 1531 4265 positus»
1575 4195 1851 4260 vocatur,
1878 4188 1941 4248 in
1986 4187 2147 4251 libro

567 4287 838 4368 septimo
864 4285 982 4365 (l3)
996 4334 1010 4359 ,
1033 4293 1095 4347 et
1108 4285 1179 4346 in
1207 4283 1769 4363 ApOphthegmatis
1789 4302 1824 4346 a
1838 4284 2146 4347 Cotelerio

2242 485 2855 565 ApOphthegmatum
2902 486 3041 548 loco
3091 487 3481 565 explicatur“:
3523 514 3550 545 α
3588 494 3790 560 Narra-

2243 585 2413 660 bant,
2473 586 2540 647 in
2599 587 2881 648 absentia
2926 588 3175 649 Macarii
3227 589 3791 665 abbatislatronem
3857 668 3861 675 ,

2243 686 2594 764 ingressum
2649 703 2787 747 esse
2859 684 3146 747 cellulam
3216 687 3373 749 eius.
3430 690 3572 769 Ipse
3629 693 3799 772 igitur

2245 803 2439 865 quum
2469 786 2547 847 ad
2585 784 2874 847 cellulam
2905 786 3212 860 rediisset,
3245 788 3482 851 invenit
3512 790 3794 861 latronem

2246 881 2551 944 camelum
2589 881 2977 961 supellectile
3016 900 3126 944 sua
3185 894 3574 949 onerantem.
3617 892 3797 962 Quare

2244 978 2549 1041 introiens
2576 979 2643 1040 in
2672 979 2959 1041 cellulam
2991 987 3052 1043 et
3080 983 3380 1045 Macarius
3416 985 3493 1047 de
3524 988 3683 1049 vasis
3704 1010 3795 1055 ae-

2246 1079 2539 1159 cipiebat,
2591 1086 2653 1141 et
2694 1097 2822 1141 una
2851 1098 2994 1142 cum
3035 1098 3111 1143 eo
3152 1084 3451 1145 onerabat
3487 1089 3797 1156 camelum.

2246 1182 2496 1243 Sarcina
2538 1180 2731 1259 igitur
2774 1181 3067 1261 imposita
3098 1182 3199 1244 fur
3243 1186 3454 1265 coepit
3491 1191 3800 1258 verberare

2247 1281 2577 1356 camelum,
2602 1290 2669 1343 ut
2698 1289 2997 1359 surgeret.
3027 1284 3245 1363 Neque
3274 1290 3482 1348 tamen
3504 1293 3801 1367 surgebat.

2247 1382 2424 1455 Quod
2461 1381 2571 1442 ubi
2605 1381 2757 1443 vidit
2794 1381 2985 1444 abbas
3029 1383 3354 1459 Macarius,
3393 1386 3681 1450 cellulam
3726 1394 3805 1455 in-

2247 1499 2499 1561 gressus
2530 1488 2689 1559 130
2714 1500 2972 1563 parvum
3016 1482 3339 1545 sarculum
3360 1485 3621 1561 invenit,
3651 1496 3805 1570 quod

2248 1582 2544 1644 emissum
2573 1582 2874 1661 imposuit
2903 1582 3142 1644 camelo
3174 1584 3393 1647 dicens
3411 1604 3423 1646 :
3441 1588 3669 1661 Frater,
3700 1591 3805 1657 hoc

2249 1683 2495 1761 quaerit
2543 1682 2840 1745 camelus.
2866 1685 2952 1744 Ac
2989 1682 3150 1762 pede
3180 1682 3439 1762 pulsans
3465 1702 3603 1747 eam
3632 1705 3807 1753 senex

2245 1784 2328 1845 ait
2360 1802 2372 1843 :
2406 1781 3105 1861 Surge.Confestimque
3140 1784 3430 1859 surrexit,
3472 1792 3532 1847 et
3564 1804 3808 1867 parum-

2246 1900 2361 1961 per
2380 1881 2619 1943 itineris
2659 1880 2930 1943 confecit
2965 1888 3224 1962 prOpter
3268 1883 3807 1952 eius‘sermonem.

2246 1982 2383 2044 Sed-
2410 1982 2653 2043 iterum
2674 1981 2927 2056 resedit,
2961 1998 3170 2061 neque
3214 1986 3586 2060 exsurrexit,
3622 1987 3808 2052 donec

2248 2085 2692 2165 deposuissent
2745 2090 3037 2146 cunctam
3104 2084 3581 2163 supellectilem.
3655 2091 3823 2154 Tunc

2248 2186 2501 2247 demum
2529 2185 2679 2248 abiit
2705 2183 2854 2264 (15).
2886 2208 2914 2240 ι)
2946 2184 3278 2246 Macarium
3304 2189 3702 2267 Aegyptium,
3722 2194 3814 2254 cui

2248 2286 2872 2366 ApOphthegmatum
2914 2284 3286 2364 compilator
3340 2304 3471 2349 rem
3525 2290 3812 2363 attribuit,

2249 2386 2606 2465 significari,
2655 2384 2798 2446 libri
2829 2384 3033 2465 quinti
3074 2385 3261 2446 verba
3300 2402 3313 2445 :
3349 2408 3378 2441 α
3426 2388 3731 2451 Macarius
3757 2392 3815 2453 in

2249 2491 2532 2565 Aegypto
2570 2485 2872 2565 positus,»
2908 2491 2968 2546 et
2997 2484 3240 2557 eadem,
3263 2502 3429 2564 quae
3453 2491 3624 2569 apud
3642 2493 3813 2553 Cote-
3908 2472 3913 2475 ’

2250 2586 2472 2649 lerium
2504 2592 2669 2658 sunt,
2692 2586 2993 2648 vocabula
3032 2604 3292 2665 graeca:
3317 2591 3607 2661 Μακάριος
3649 2593 3704 2644 ἐν
3742 2595 3833 2645 Ai.-

2250 2691 2443 2764 γύπτῳ
2462 2693 2536 2746 ῶν
2558 2688 2709 2749 satis
2729 2689 3163 2769 comprobant.
3189 2689 3298 2750 Illa
3326 2686 3462 2749 Iobi
3491 2686 3686 2746 verba
3712 2687 3835 2747 Ma‘o‘

2253 2784 2459 2845 carius
2499 2786 2841 2869 Aegyptius
2888 2786 3072 2848 etiam
3117 2787 3181 2847 in
3218 2783 3496 2847 homiliis
3540 2782 3822 2844 laudibus

2254 2884 2890 2964 e1fert(16).Latrones
2917 2903 3068 2948 vero
3090 2886 3199 2948 illo
3224 2896 3510 2964 tempore
3546 2882 3620 2943 in
3642 2886 3826 2960 Aegy-

2253 2985 2343 3063 pti
2378 2985 2641 3048 desertis
2667 2987 3030 3049 creberrimi
3062 2994 3261 3049 erant.
3300 2987 3384 3046 De
3416 2976 3686 3055 latrone,
3730 2983 3826 3061 qui

2176 3092 2219 3150 C
2250 3087 2551 3165 virginem
2587 3089 2716 3150 Deo
2764 3096 3063 3150 sacratam
3106 3105 3141 3149 e
3187 3086 3478 3148 manibus
3516 3083 3827 3145 sociorum

2255 3192 2539 3265 stuprare
2572 3203 2708 3248 eam
2740 3186 3131 3265 cupientium
3169 3184 3421 3264 eripuit,
3455 3182 3617 3257 legis
3659 3180 3726 3241 in
3758 3178 3828 3239 li-

2256 3286 2370 3347 bro
2416 3287 2697 3349 secundo
2735 3287 2882 3367 (17).
2908 3286 3138 3349 Cellam
3175 3288 3236 3348 S.
3271 3284 3625 3347 Hilarionis
3650 3283 3828 3343 latro-

2256 3403 2367 3448 nes
2426 3404 2540 3466 per-
2584 3394 2779 3449 totam
2833 3395 3085 3451 noctem
3147 3385 3577 3466 quaesierunt,
3634 3400 3832 3462 neque

2253 3486 2535 3547 invenire
2565 3494 2906 3566 potuerunt
2953 3486 3101 3569 (18).
3142 3487 3204 3547 S.
3239 3484 3528 3546 Ammoni
3568 3483 3833 3545 latrones

2256 3585 2619 3666 frequenter
2647 3602 2876 3668 panem
2905 3587 3315 3659 abstulerunt,
3356 3600 3555 3664 quare
3589 3593 3839 3645 sanetus-

2258 3686 2417 3747 duos
2444 3687 2640 3747 eremi
2676 3687 2981 3749 dracones
3015 3684 3407 3765 ingentesad
3444 3684 3682 3745 ostium
3713 3681 3833 3744 cel-

2257 3787 2354 3850 lae
2409 3788 2759 3862 collocavit,
2806 3805 3077 3867 quorum
3139 3793 3399 3866 aspectu
3461 3785 3833 3854 semineces,

2259 3906 2454 3967 quum
2497 3888 3132 3969 appropinquassent,
3183 3888 3465 3948 latrones
3505 3886 3577 3947 in
3621 3884 3833 3948 cellam

2259 3985 2620 4054 introducti,
2635 4001 2850 4046 mensa
2868 3986 3182 4065 apposita,
3206 3986 3275 4047 in
3305 3983 3639 4046 meliorem
3660 3984 3837 4043 vitam

2260 4086 2548 4149 conversi
2581 4094 2725 4147 sunt
2759 4085 2902 4166 (19).
2934 4086 3107 4147 Bello
3129 4087 3293 4147 inter
3312 4083 3838 4147 duorumineolas

2258 4203 2562 4265 pagorum
2592 4194 2810 4248 coorto
2831 4185 3243 4247 alterlatrone
3272 4184 3547 4264 quodam
3581 4184 3747 4245 duce
3767 4182 3835 4244 aJ

2253 4287 2490 4350 bellum
2541 4288 2886 4366 gerendum
2936 4287 3204 4348 maxime
3259 4286 3491 4348 idoneo
3557 4284 3835 4346 confide-

641 4521 720 4593 (1)
777 4517 893 4573 νγ.
952 4518 1057 4573 PP.
1112 4520 1295 4576 Rosw.
1341 4520 1435 4575 lib.
1501 4518 1569 4574 111
1629 4532 1745 4589 cap.
1795 4518 1857 4573 61
1918 4534 1973 4589 p.
2019 4518 2147 4582 510,
2182 4523 2225 4577 D
2326 4518 2440 4590 (12)
2472 4518 2605 4574 lbid.
2639 4518 2994 4575 lib.Vlibell.
3030 4519 3170 4584 16,6
3228 4534 3280 4587 p.
3314 4517 3519 4577 651.1.

576 4615 603 4669 1
639 4628 726 4682 sq.

644 4704 889 4777 (2)1bid.
920 4704 1015 4759 lib.
1060 4702 1099 4756 v
1130 4704 1301 4758 ιίιιωιι.
1331 4704 1419 4767 18,
1454 4701 1485 4756 9
1529 4718 1581 4771 p.
1625 4702 1750 4765 657,
1800 4702 1819 4755 ι
1874 4717 1958 4771 sq.

638 4797 720 4869 (5)
757 4795 891 4851 Ibid.
928 4796 1022 4851 lib.
1057 4794 1149 4848 Vll
1178 4811 1297 4863 cap.
1325 4795 1376 4859 1,
1401 4796 1434 4848 8
1465 4810 1516 4863 p.
1545 4794 1671 4858 665,
1697 4796 1732 4847 Ξ
1756 4810 1840 4863 sq.

639 4888 717 4960 (4)
747 4888 982 4943 Coteler.
1010 4886 1163 4941 Eccl.
1191 4885 1385 4940 Graec.
1421 4885 1565 4939 Μυιι.
1603 4884 1669 4939 Τ.
1706 4884 1722 4936 l
1752 4901 1803 4951 p.
1838 4883 1942 4937 528
1973 4899 2057 4951 sq.
2101 4896 2147 4935 s.

568 4996 620 5033 ν.
652 4977 924 5031 Macarius
954 4976 1243 5046 Aegyptius
1273 4974 1301 5046 ς
1341 4974 1442 5039 IlI;
1488 4974 1632 5027 infra
1667 4975 1719 5027 in
1752 4975 1945 5027 harum
1969 4972 2153 5037 Quae-

568 5070 809 5127 stionum
840 5068 1155 5139 Appendice
1185 5067 1354 5120 altera
1388 5067 1491 5120 sub
1516 5064 1608 5119 ΙΙΙ.

639 5158 823 5229 (5‘)Cf.
849 5172 1015 5227 supra
1045 5156 1071 5228 §
1104 5157 1165 5211 10
1202 5173 1254 5226 p.
1288 5157 1379 5211 55.

640 5250 717 5322 (6)
752 5250 836 5305 Cf.
870 5266 1034 5319 supra
1064 5250 1121 5322 ἐξ
1161 5251 1248 5314 12,
1292 5251 1374 5315 15,
1403 5266 1455 5320 p.
1484 5246 1573 5310 58,
1602 5248 1689 5301 41.

638 5343 716 5414 (7)
753 5340 1022 5411 Apoplith.
1055 5341 1091 5396 l.
1120 5340 1161 5394 l.

640 5436 718 5506 (8)
754 5434 838 5491 Cf.
874 5452 1042 5505 supra
1070 5434 1097 5505 §
1122 5435 1214 5495 28,
1246 5449 1301 5502 p.
1336 5431 1436 5486 116
1470 5447 1552 5500 sq.

638 5528 717 5599 (9)
752 5528 887 5597 Opp.
925 5527 1215 5581 Athanasii
1256 5526 1345 5582 ed.
1376 5526 1413 5580 ι.
1438 5524 1502 5579 τ.
1540 5524 1556 5577 ι
1603 5523 1663 5578 ι).
1700 5522 1740 5575 ιι
1782 5539 1833 5593 p.
1875 5520 2003 5577 σει.

637 5618 750 5690 (10)
793 5619 873 5672 Ad
904 5619 1046 5672 hanc
1098 5633 1284 5674 vocem
1317 5618 1486 5690 gloss.
1530 5627 1660 5672 vett.
1709 5617 1940 5681 carrico,
1973 5627 2150 5668 onero.

567 5712 751 5768 Rosw.
781 5712 817 5766 l.
850 5712 885 5765 l.
915 5728 969 5781 p.
996 5709 1119 5772 535,
1146 5712 1169 5764 1
1207 5703 1320 5765 not.
1348 5711 1434 5764 15.

636 5804 752 5876 (ιι)
784 5800 897 5861 vv.
930 5802 1035 5859 pr.
1060 5802 1243 5859 Rosw.
1271 5803 1365 5859 lib.
1394 5803 1463 5859 ιιι
1492 5820 1613 5874 cap.
1646 5802 1716 5859 τε
1743 5817 1797 5873 p.
1833 5798 1956 5866 512,
1994 5797 2044 5853 ι.

2324 4612 2437 4683 (1'5)
2464 4613 2603 4666 Ibid.
2634 4613 2730 4666 lib.
2767 4610 2850 4664 Vll
2876 4626 2997 4680 cap.
3032 4611 3134 4674 3,1
3165 4626 3213 4677 p.
3258 4608 3382 4673 666,
3416 4608 3470 4663 2.

2322 4700 2434 4774 (14)
2463 4702 2702 4757 Coteler.
2734 4701 2877 4754 Eccl.
2903 4700 3097 4755 Graec.
3133 4698 3279 4751 Mon.
3306 4697 3368 4751 Τ.
3419 4696 3437 4749 1
3480 4713 3534 4766 ρ.
3565 4697 3677 4753 556
3702 4713 3753 4753 s.
3792 4711 3839 4749 v.

2251 4796 2523 4851 Macarius
2546 4794 2882 4866 Acgyptius§
2931 4794 3125 4859 thll;
3160 4792 3305 4846 infra
3348 4793 3402 4846 in
3440 4792 3645 4846 harum
3675 4792 3844 4858 Quae-

2251 4889 2491 4945 stionum
2528 4886 2840 4957 Appendice
2860 4886 3029 4940 altera
3053 4884 3156 4939 sub
3184 4884 3273 4939 Ill.

2323 4979 2436 5051 (l5)
2482 4978 2617 5033 lbid.
2646 4994 2700 5049 p.
2726 4979 2833 5032 548
2862 4994 2910 5033 s.
2947 4994 3000 5032 ν.
3028 4977 3304 5030 Macarius
3336 4974 3634 5044 Aegyptius
3679 4971 3707 5041 §
3745 4968 3843 5023 .\L.

2324 5072 2439 5141 (16)
2470 5072 2555 5127 Cf.
2600 5070 2744 5125 infra
2774 5071 2954 5125 locum
2984 5069 3141 5122 Hom.
3172 5068 3216 5122 V
3263 5084 3293 5122 a
3338 5068 3497 5121 nobis
3551 5082 3709 5119 nunc
3749 5068 3844 5134 pri-

2255 5179 2405 5219 mum
2438 5163 2667 5218 editum.
3836 5214 3837 5217 η

2327 5256 2439 5323 U7)
2467 5252 2581 5310 VV.
2613 5253 2720 5307 PP.
2748 5253 2931 5308 Rosw.
2959 5251 3054 5306 lib.
3078 5249 3121 5303 ιι
3155 5264 3273 5319 cap.
3307 5248 3373 5303 16
3397 5265 3447 5317 p.
3470 5247 3608 5308 tu,
3648 5247 3723 5313 1-;
3750 5243 3846 5295 m1-

2261 5348 2350 5400 lini
2372 5346 2511 5416 Opp.
2543 5345 2630 5399 ed.
2661 5344 2896 5399 Vallarsi
2930 5360 2983 5413 p.
3012 5344 3139 5406 176,
3184 5343 3367 5411 Migne
3399 5358 3451 5410 p.
3486 5340 3627 5393 456.

2327 5437 2437 5507 (18)
2467 5437 2587 5491 Vita
2618 5436 2675 5490 S.
2708 5435 2977 5491 Hilarion.
3020 5450 3142 5505 cap.
3175 5434 3229 5499 7,
3277 5433 3391 5487 VV.
3425 5431 3537 5487 ΡΙ).
3580 5430 3773 5487 Rosw.
3799 5444 3847 5497 p.

2259 5528 2431 5590 77,1.
3448 5584 3449 5587 η

2332 5618 2443 5687 (19',-
2474 5615 2582 5671 νγ.
2618 5616 2718 5673 PP.
2755 5618 2940 5674 Rosw.
2978 5616 3074 5673 lib.
3112 5615 3158 5669 ll
3197 5624 3322 5686 cap.
3369 5613 3402 5668 8
3429 5629 3479 5683 p.
3516 5613 3656 5675 46b,
3687 5611 3744 5665 Ξ.
3773 5622 3848 5677 sq.

2262 5710 2462 5768 Ruﬁni.
2487 5711 2623 5783 Opp.
2659 5712 2746 5768 ed.
2776 5711 3009 5769 Vallarsi
3040 5727 3095 5782 p.
3130 5710 3268 5775 158',
3303 5706 3481 5779 Migne
3503 5722 3567 5778 p.
3600 5706 3698 5761 40.
