4040 6570
250 338 353 387 129

1733 326 1963 383 VITAE.

3387 317 3508 374 ιω

247 443 352 504 bat
386 443 406 520 (
415 442 491 518 1).
533 446 830 506 Facmora
871 444 1204 514 latronum,
1243 443 1711 520 eorundemque
1734 440 1810 502 ad
1841 449 1886 504 Α
1916 441 2111 503 Scetis
2139 441 2358 503 abbate
2387 437 2648 499 relatum
2683 440 2868 507 esset,
2905 433 3278 513 Aegyptium
3303 433 3491 496 tutel.-

250 543 574 604 meliorem
613 545 796 606 vitam
843 544 1074 605 reditus
1111 545 1172 603 iu
1203 544 1325 602 VV.
1357 544 1472 602 PP.
1508 559 1818 620 saepenu-

249 659 425 703 mero
458 652 795 704 occurrunt
828 643 930 724 (2).
971 643 1287 704 Beduinos
1330 660 1582 722 quoque
1629 642 1826 702 incer-

249 742 328 803 tis
355 761 606 822 semper
625 744 876 804 sedibus
900 739 1012 823 per
1033 744 1399 806 solitudines
1429 743 1548 804 huc
1579 743 1725 805 illuc
1746 743 1824 804 ad

253 845 678 922 praedandum
722 854 971 923 vagatos
1015 864 1176 918 esse,
1211 863 1287 907 ex
1325 844 1701 924 perpulchra
1761 845 1824 904 S.

247 944 474 1006 Malchi
504 946 624 1006 vita
663 963 698 1006 a
734 947 794 1005 S.
840 947 1224 1026 llieronymo
1258 945 1609 1025 conscripta
1634 944 1826 1006 disci-

251 1063 390 1106 mus
420 1044 525 1114 (3).

333 1170 361 1199 α
398 1146 676 1219 Quodam
715 1155 1000 1226 tempore
1064 1154 1282 1208 orante
1324 1147 1507 1208 beato
1557 1145 1828 1207 Macario

248 1246 498 1320 abbate,
535 1264 656 1308 vox
695 1249 769 1308 ad
809 1265 950 1308 eum
1002 1249 1327 1326 personuit
1367 1248 1584 1310 dicens
1627 1265 1640 1307 :
1699 1249 1826 1308 Ma-

251 1345 402 1416 cari,
440 1347 706 1407 necdum
731 1345 807 1408 ad
829 1364 1182 1408 mensuram
1213 1348 1476 1409 duarum
1499 1347 1830 1408 mulierum

255 1447 413 1516 137
444 1449 804 1527 pervenisti,
843 1468 1004 1529 quae
1039 1451 1102 1511 in
1136 1451 1419 1530 proxima
1456 1451 1688 1531 pariter
1727 1449 1834 1512 ha-

249 1547 450 1609 bitant
496 1549 760 1611 civitate.
813 1553 945 1623 Quo
990 1551 1204 1612 audito
1246 1569 1439 1613 senex
1487 1569 1833 1629 exsurgens

249 1654 504 1725 arrepto
539 1648 761 1710 baculo
790 1649 855 1709 in
893 1649 1278 1727 designatam
1303 1650 1586 1729 pervenit
1613 1651 1829 1712 civita-

251 1754 402 1808 tem.
439 1751 716 1828 Cumque
763 1751 990 1812 ostium
1035 1753 1353 1831 quaesitae
1391 1753 1616 1814 domus
1644 1759 1830 1832 atque

249 1849 541 1911 inventae
595 1851 890 1930 pulsaret,
943 1871 1192 1932 egressa
1242 1872 1368 1916 una
1408 1871 1484 1915 ex
1529 1853 1651 1915 illis
1687 1872 1831 1916 cum

249 1967 480 2028 magna
517 1951 895 2014 exultatione
924 1971 1067 2015 eum
1105 1955 1401 2034 suscepit.
1441 1957 1601 2028 Quas
1635 1961 1834 2016 utras-

251 2068 379 2129 que
422 2069 612 2112 senex
653 2062 1022 2116 convocatas
1053 2055 1136 2116 ita
1165 2063 1258 2116 est
1293 2055 1601 2118 allocutus
1636 2074 1648 2116 :
1688 2059 1836 2118 Pro-

251 2153 397 2225 pter
419 2166 525 2210 vos
545 2158 781 2212 tantum
803 2151 1083 2213 laborem
1115 2153 1371 2215 veniens
1393 2172 1468 2216 ex
1490 2153 1834 2216 solitudine

253 2245 600 2326 longinqua
647 2249 950 2320 sustineo,
993 2258 1060 2312 ut
1093 2269 1284 2330 opera
1336 2261 1538 2315 vestra
1594 2270 1833 2332 cogno-

251 2364 687 2426 scerem,quae
707 2348 856 2409 mihi
885 2367 994 2411 vos
1016 2349 1323 2412 condicite
1343 2369 1412 2413 ac
1435 2360 1697 2414 narrate.
1728 2354 1835 2414 Cui

251 2447 400 2509 illae
447 2449 535 2509 sic
577 2449 910 2512 dixerunt:
947 2452 1139 2513 Crede
1198 2452 1402 2528 nobis,
1449 2455 1836 2516 sanctissime

254 2558 460 2628 pater,
497 2552 641 2629 quia
674 2571 788 2614 nec
821 2555 1134 2632 praesenti
1179 2563 1363 2617 nocte
1401 2573 1435 2616 a
1473 2556 1833 2618 maritorum

257 2651 506 2712 lectulis
527 2652 757 2713 fuimus
791 2663 1132 2733 separatae.
1163 2656 1376 2729 Qualia
1403 2673 1552 2734 ergo
1583 2674 1773 2737 opera
1800 2675 1836 2719 a

259 2753 448 2813 nobis
479 2752 798 2832 exquiris?
827 2755 944 2816 Sed
983 2774 1174 2817 senex
1221 2758 1285 2818 in
1323 2758 1613 2836 precibus
1634 2760 1836 2838 persi-

255 2856 480 2929 stebat,
513 2863 580 2916 ut
626 2855 680 2916 ei
731 2857 886 2916 vitae
931 2875 1079 2918 suae
1112 2858 1396 2918 ordinem
1429 2858 1835 2920 declararent.

257 2958 369 3017 Cui
399 2963 550 3018 tunc
586 2957 726 3018 illae
757 2958 1119 3036 compulsae
1149 2959 1439 3019 dixerunt
1477 2977 1488 3018 :
1515 2961 1640 3020 Nos
1671 2960 1840 3022 nulla

255 3057 426 3116 inter
464 3074 579 3117 nos
611 3074 825 3116 sumus
856 3056 1302 3135 parentelitatis
1361 3056 1648 3120 afﬁnitate
1693 3077 1842 3121 con-

1925 541 2031 618 ligi
2075 541 2371 619 sequitur.
2423 540 2706 598 Ceterum
2761 535 3008 609 similia,
3040 534 3268 613 quibus
3312 532 3496 595 liceat

1927 642 2361 720 comprobare,
2392 640 2576 701 vitam
2605 636 2986 699 saecularem
3018 651 3162 697 cum
3194 633 3304 694 Dei
3325 648 3498 696 amo-

1927 759 1994 802 re
2027 748 2225 802 actam
2254 739 2449 817 magis
2479 753 2934 816 nonnunquam
2962 735 3114 807 Deo,
3147 749 3333 812 quam
3354 747 3496 793 mo-

1928 841 2250 902 nachicam
2282 840 2554 920 placere,
2581 856 2616 901 e
2644 840 2770 898 VV.
2801 839 2916 897 PP.
2952 851 3139 916 supra
3183 834 3501 915 congessi-

1928 959 2068 1002 mus
2091 940 2196 1020 (6).
2231 945 2277 1000 A
2305 940 2534 1020 quibus
2558 937 3018 1001 narrationibus
3047 935 3234 997 etiam
3263 950 3501 1012 germa-

1928 1041 2138 1103 nicum
2164 1041 2324 1112 138
2348 1041 2593 1118 insigne
2621 1056 2871 1120 poema,
2897 1037 3066 1116 quod
3109 1053 3312 1114 nuper
3345 1049 3499 1113 pro-

1929 1140 2062 1214 diit,
2089 1141 2297 1202 medio
2319 1157 2472 1202 aevo
2501 1141 2883 1201 elaboratum
2907 1144 2970 1198 et
2996 1154 3008 1197 :
3035 1138 3159 1196 Der
3179 1142 3320 1214 gute
3351 1135 3502 1196 Ger-

1931 1239 2092 1300 hard
2122 1240 2490 1320 inscriptum
2521 1239 2626 1318 (7),
2657 1238 2832 1299 initia
2861 1254 2970 1298 sua
3010 1236 3258 1315 cepisse
3293 1233 3499 1295 credi-

1931 1342 2151 1404 derim.
2183 1345 2384 1420 Atque
2441 1339 2675 1401 similes
2732 1337 3021 1399 historias
3084 1353 3289 1414 nuper
3343 1351 3500 1396 con-

1932 1444 2120 1521 gessit
2163 1443 2365 1505 clarus
2411 1442 2791 1504 Simrockius
2821 1447 3032 1502 noster
3064 1440 3128 1501 in
3168 1440 3328 1500 libro
3360 1455 3499 1511 suo,

1932 1544 2041 1622 qui
2087 1545 2444 1606 inscribitur
2479 1562 2492 1604 :
2533 1546 2660 1604 Der
2709 1553 2854 1623 guto
2894 1543 3179 1606 Gcrhard
3222 1542 3354 1604 und
3403 1541 3504 1602 dic

1933 1645 2291 1707 dankbaren
2329 1647 2567 1708 Todten
2591 1646 2698 1724 (8).

2015 1770 2044 1803 ‹‹
2085 1748 2310 1809 Beatus
2357 1746 2657 1809 Macarius
2691 1746 2770 1808 de
2808 1745 3146 1824 semetipso
3196 1743 3506 1805 referebat

1934 1848 2151 1910 dicens
2178 1867 2190 1909 :
2221 1850 2377 1909 Dum
2415 1865 2619 1909 essem
2642 1847 2907 1922 iuvenis,
2931 1853 2990 1909 et
3022 1852 3228 1908 tamen
3255 1846 3320 1907 in
3350 1844 3507 1908 cella

1936 1952 2295 2026 residerem,
2318 1951 2583 2013 invitum
2621 1967 2722 2011 me
2750 1957 3038 2011 tenentes
3080 1949 3374 2011 clericum
3402 1966 3508 2012 or-

1936 2052 2302 2114 dinaverunt
2319 2052 2386 2112 in
2405 2051 2564 2114 vico.
2579 2052 2728 2112 Cum
2742 2058 2946 2113 autem
2962 2050 3185 2112 nolens
3201 2049 3328 2114 illic
3341 2067 3502 2124 esse,

1935 2151 2000 2212 in
2021 2151 2225 2212 vicum
2253 2150 2517 2213 alterum
2552 2151 2934 2230 effugissem,
2971 2158 3032 2212 et
3062 2150 3315 2230 quidam
3351 2149 3507 2212 mihi

1938 2253 2270 2315 saecularis
2310 2253 2638 2331 religiosus
2691 2269 2882 2332 opere
2913 2269 3056 2314 meo
3097 2251 3350 2314 vendito
3396 2252 3511 2312 mi-

1938 2355 2245 2429 nistraret,
2296 2354 2576 2432 contigit,
2627 2354 2939 2434 quandam
3023 2353 3325 2431 virginem
3396 2369 3512 2432 per

1938 2461 2219 2534 stuprum
2260 2455 2488 2516 ventris
2535 2473 2693 2516 onus
2728 2455 3034 2534 accipere.
3069 2456 3237 2527 Quae
3279 2453 3428 2514 dum
3474 2469 3511 2514 a

1939 2554 2326 2634 parentibus,
2360 2573 2393 2616 a
2433 2571 2560 2633 quo
2591 2555 2807 2616 fuisset
2836 2572 3218 2634 compressa,
3251 2555 3513 2634 requiri-

1939 2661 2061 2730 tur,
2091 2656 2243 2717 dixit
2277 2656 2377 2717 illa
2413 2673 2425 2716 :
2463 2656 2848 2718 Anachoreta
2884 2655 2989 2717 ille
3032 2663 3237 2718 vester
3279 2655 3399 2717 hoc
3445 2655 3513 2717 in

1940 2775 2041 2818 me
2069 2756 2310 2818 facinus
2336 2758 2737 2836 perpetravit.
2765 2757 3011 2835 Egressi
3040 2775 3188 2819 vero
3223 2765 3514 2837 parentes

1941 2857 2188 2937 puellae
2220 2857 2831 2937 comprehendentes
2885 2875 2987 2919 me
3049 2859 3514 2938 suspenderunt

1940 2975 2084 3019 meo
2106 2958 2270 3020 collo
2291 2976 2433 3020 vasa
2471 2958 2700 3030 fictilia,
2728 2965 2788 3019 et
2821 2975 2934 3038 per
2961 2959 3236 3037 singulas
3264 2961 3516 3022 semitas

1941 3059 2492 3120 circumducebant
2536 3075 2636 3119 me
2669 3059 2859 3120 caede
2902 3066 3262 3133 mactantes,
3327 3068 3518 3141 atque

259 3154 544 3228 iunctae;
583 3154 844 3232 contigit
885 3163 1116 3229 autem,
1153 3163 1220 3217 ut
1264 3157 1514 3218 duobus
1551 3158 1842 3220 fratribus
1869 3161 1911 3218 C
1945 3157 2206 3236 insuper
2247 3157 2344 3217 his
2387 3156 2648 3217 vocibus
2692 3154 3062 3217 insultantes
3097 3173 3109 3215 :
3152 3157 3267 3218 Hic
3293 3173 3515 3220 mona-

259 3257 689 3333 iungeremur,
731 3263 791 3317 et
839 3275 980 3317 cum
1019 3255 1114 3318 his
1148 3257 1510 3336 quindecim
1559 3259 1736 3320 annis
1773 3260 1839 3320 in

261 3356 455 3416 domo
492 3374 617 3417 una
662 3357 895 3436 pariter
922 3365 1365 3435 permanentes
1415 3376 1620 3438 neque
1658 3365 1841 3440 turpe

261 3457 523 3517 verbum
563 3456 752 3518 altera
797 3457 951 3518 dixit
995 3457 1068 3518 ad
1111 3457 1387 3532 alteram,
1424 3476 1631 3537 neque
1669 3459 1841 3522 litem

258 3557 604 3636 aliquando
637 3557 1086 3630 commisimus,
1117 3558 1224 3619 sed
1255 3559 1318 3619 in
1353 3577 1506 3638 pace
1543 3560 1842 3623 hactenus

259 3659 554 3730 viximus,
578 3666 638 3719 et
678 3658 1156 3738 pariconsensu
1191 3661 1845 3740 tractavimus,quate-

263 3776 380 3820 nus
403 3759 639 3838 pariter
681 3758 910 3820 relictis
954 3759 1189 3820 maritis
1234 3758 1298 3819 in
1357 3761 1843 3838 congregatione

263 3860 700 3938 religiosarum
713 3860 1019 3938 virginum
1035 3860 1670 3939 proﬁcisceremur,et
1693 3862 1846 3923 mul-

263 3961 340 4021 tis
380 3962 675 4040 precibus
726 3961 846 4022 lioc
892 3979 926 4022 a
967 3961 1340 4039 coniugibus
1380 3979 1507 4022 non
1541 3963 1846 4023 valuimus

263 4062 577 4123 obtinere.
610 4065 743 4135 Quo
781 4079 908 4123 non
939 4061 1190 4143 adepto,
1221 4062 1382 4123 inter
1410 4080 1526 4124 nos
1561 4069 1620 4124 et
1652 4063 1843 4123 Deum

266 4162 596 4240 posuimus
636 4168 1096 4234 testamentum,
1128 4169 1196 4222 ut
1236 4180 1434 4240 usque
1473 4163 1547 4223 ad
1580 4170 1846 4222 mortem

264 4267 546 4322 nostram
601 4258 916 4322 saeculare
959 4262 1219 4326 verbum
1270 4280 1398 4323 non
1447 4262 1850 4341 loqueremur

265 4360 555 4421 omnino.
585 4361 751 4434 Quae
780 4377 920 4422 cum
956 4359 1254 4422 audiisset
1281 4363 1498 4422 beatus
1521 4361 1844 4433 Macarius,

1945 3257 2100 3319 chus
2121 3257 2281 3320 filiae
2311 3263 2560 3319 nostrae
2579 3256 2701 3317 vim
2730 3256 2956 3318 intulit.
2980 3259 3259 3338 Cum-que
3285 3276 3386 3321 me
3406 3277 3515 3321 us-

1943 3376 2068 3438 que
2090 3357 2166 3420 ad
2191 3375 2413 3420 necem
2434 3357 2702 3420 fustibus
2727 3376 2925 3438 paene
2943 3358 3368 3434 mulctassent,
3384 3361 3520 3440 qui-

1944 3460 2086 3521 dam
2116 3477 2193 3520 ex
2252 3459 2604 3520 senioribus
2652 3459 2805 3520 dixit
2849 3459 2925 3520 ad
2957 3477 3066 3521 eos
3117 3477 3130 3520 :
3176 3462 3519 3542 Usquequo

1943 3563 2112 3624 hunc
2147 3561 2546 3641 peregrinum
2570 3560 2949 3622 monachum
2980 3561 3170 3623 caede
3203 3561 3522 3626 mactatis?

1945 3662 2066 3724 Sed
2100 3669 2160 3723 et
2204 3663 2594 3724 ministrante
2645 3662 2800 3724 mihi
2848 3669 3150 3742 sequente
3194 3671 3255 3725 et
3289 3665 3520 3726 rubore

1944 3762 2223 3843 perfuso,
2291 3763 2547 3824 iniurias
2596 3763 2954 3841 irrogabant
2999 3762 3325 3826 dicentes:
3359 3765 3521 3827 Ecce

1946 3863 2097 3942 quid
2131 3861 2279 3923 fecit
2306 3861 2431 3935 hic,
2461 3878 2573 3940 pro
2595 3877 2720 3940 quo
2751 3866 2818 3920 tu
2847 3860 3272 3920 testimonium
3313 3858 3522 3938 perhi-

1946 3961 2178 4023 bebas‘?
2202 3965 2496 4023 Parentes
2516 3968 2721 4022 autem
2739 3959 2983 4040 puellae
2997 3960 3287 4021 dixerunt
3307 3977 3320 4019 :
3339 3959 3520 4022 Nulla

1948 4059 2116 4122 hunc
2166 4060 2404 4121 ratione
2451 4059 2839 4131 dimittimus,
2891 4058 3007 4119 nisi
3052 4075 3169 4138 pro
3207 4058 3520 4120 alimentis

1948 4160 2194 4240 puellae
2222 4159 2607 4240 praestandis
2635 4158 2859 4237 aliquis
2891 4176 3005 4238 pro
3027 4157 3166 4237 ipso
3194 4157 3522 4219 satisdator

1947 4263 2298 4325 accesserit.
2333 4261 2505 4333 Quod
2543 4261 2690 4321 dum
2726 4261 3098 4321 ministranti
3125 4259 3303 4334 mihi,
3340 4266 3404 4320 ut
3425 4258 3522 4321 fa-

1949 4369 2143 4437 ceret,
2182 4362 2552 4434 innuissem,
2574 4359 2940 4439 interposita
2974 4377 3075 4420 me
3105 4377 3215 4421 sua
3246 4360 3368 4422 fide
3392 4377 3525 4420 sus-

266 4463 423 4524 dixit
461 4480 473 4522 :
503 4464 574 4524 In
602 4463 857 4524 veritate
891 4482 1022 4525 non
1062 4470 1155 4526 est
1191 4464 1388 4541 virgo,
1430 4480 1635 4542 neque
1666 4463 1849 4523 mari-
1883 4541 1904 4543 _
1951 4463 2142 4543 cepit.
2174 4463 2388 4540 Itaque
2428 4478 2747 4538 regressus
2792 4459 2870 4521 ad
2902 4459 3212 4534 cellulam,
3236 4466 3526 4538 quantas-

265 4567 412 4636 tata,
463 4580 671 4642 neque
710 4563 1079 4636 monachus,
1108 4581 1314 4643 neque
1346 4541 1700 4635 saecularis,
1735 4561 1846 4622 sed
1881 4541 1924 4597 θ
1951 4541 2206 4642 cunque
2265 4562 2475 4623 inveni
2532 4560 2860 4642 sportellas
2915 4561 2972 4621 ei
3024 4561 3522 4628 contribuebam.

266 4663 433 4724 Deus
491 4672 730 4725 tantum
781 4665 1178 4744 propositum
1225 4663 1489 4743 quaerit,
1550 4673 1611 4723 et
1660 4663 1844 4741 spiri-

266 4770 400 4823 tum
436 4763 597 4823 vitae
641 4763 936 4824 omnibus
979 4763 1282 4824 ministrat
1321 4761 1426 4841 (4).
1464 4785 1491 4817 ››
1521 4761 1749 4823 Eadem
1784 4761 1848 4821 in

265 4863 430 4923 libro
481 4869 655 4924 sexto
695 4865 963 4924 narratio
1020 4868 1132 4936 est,
1185 4862 1292 4924 ubi
1349 4863 1570 4942 incipit
1603 4863 1844 4924 verbis:

269 4988 296 5018 α
352 4964 583 5023 Orante
655 4961 992 5042 aliquando
1070 4961 1294 5024 eodem
1363 4961 1586 5022 abbate
1650 4963 1850 5023 Maca-

265 5063 439 5125 rio...
467 5062 574 5142 (5).
601 5085 628 5118 ν
657 5064 786 5136 Qua
819 5079 896 5125 ex
927 5080 1016 5136 re,
1041 5079 1236 5142 quum
1257 5068 1439 5123 antea
1469 5061 1546 5122 de
1581 5061 1846 5124 Macario

344 5273 423 5341 (ι)
459 5271 570 5325 vv.
604 5271 705 5325 PP.
738 5271 924 5328 κυεην.
955 5273 1051 5325 lib.
1085 5271 1195 5324 vm
1221 5286 1344 5340 cap.
1381 5272 1450 5326 52
1488 5287 1541 5341 p.
1576 5271 1699 5334 749,
1736 5271 1787 5324 ι.

342 5367 422 5434 (2)
452 5365 537 5419 Cf.
566 5381 730 5434 supra
766 5365 849 5435 μ
889 5380 942 5434 p.
973 5364 1056 5417 10.

342 5455 421 5522 (5)
461 5452 571 5508 νγ.
598 5452 698 5506 PP.
736 5453 918 5508 Rosw.
953 5455 1044 5509 lib.
1075 5456 1089 5507 Ι
1121 5471 1170 5525 p.
1203 5454 1272 5509 95
1293 5469 1376 5523 sq.

341 5546 420 5617 (4)
455 5546 598 5600 Ibid.
639 5547 733 5599 lib.
769 5544 832 5599 Ill
867 5560 984 5615 cap.
1020 5546 1088 5600 97
1119 5562 1171 5616 p.
1201 5546 1334 5609 515,
1371 5547 1418 5597 Ι.

340 5637 420 5706 (5)
449 5638 588 5692 Ibid.
623 5637 718 5691 lib.
738 5637 804 5690 vi
842 5638 1010 5692 libell.
1041 5639 1094 5705 δ,
1125 5639 1190 5691 l7
1229 5654 1281 5707 p.
1305 5636 1429 5703 657,
1469 5641 1518 5690 Ι.

339 5730 418 5786 (Gl
449 5729 536 5784 Cf.
575 5745 741 5800 supra
769 5728 852 5798 §5
875 5745 927 5784 ο.
967 5732 1000 5783 6
1025 5738 1138 5783 not.
1167 5730 1202 5782 5

343 5820 420 5890 (7)
455 5819 564 5878 Der
589 5829 716 5893 gute
761 5819 1023 5874 Gerliard.
1067 5815 1198 5874 Eine
1239 5818 1546 5891 Erliililung
1595 5834 1699 5875 von
1740 5815 1853 5872 Ru-

671 5914 948 5976 PATROL.
1005 5914 1122 5976 Gn.
1171 5909 1470 5973 XXXIV.

1951 4666 2180 4744 quibus
2213 4665 2478 4726 venditis
2500 4665 2726 4726 victum
2755 4663 2909 4724 mihi
2940 4663 3324 4742 coniugique
3347 4677 3525 4724 meae

1949 4763 2347 4826 ministraret.
2388 4763 2680 4824 Dicebam
2728 4770 2934 4825 autem
2985 4763 3217 4835 :Ecce,
3276 4759 3524 4836 Macari,

1949 4863 2240 4925 invenisti
2273 4864 2386 4926 tibi
2429 4880 2727 4938 uxorem;
2770 4880 3030 4925 necesse
3065 4869 3158 4923 est
3205 4877 3355 4940 ergo
3387 4877 3525 4922 am-

1956 4963 2121 5043 plius
2157 4965 2428 5043 Operari,
2457 4971 2528 5024 ut
2567 4980 2704 5024 eam
2729 4961 2932 5024 valeas
2959 4961 3258 5024 enutrirc.
3305 4961 3376 5020 Et
3399 4965 3525 5022 tam

1957 5061 2179 5124 diebus
2200 5080 2387 5143 quam
2406 5061 2696 5126 noctibus
2716 5062 3042 5143 operabar,
3065 5068 3134 5123 ut
3163 5061 3222 5121 ei
3243 5059 3526 5140 quotidie

1951 5270 2068 5324 dolt‘
2093 5285 2196 5324 von
2221 5268 2350 5325 Ems
2377 5269 2816 5340 herausgegebeu
2845 5282 2948 5321 von
2974 5265 3140 5321 Moriz
3168 5265 3526 5336 Haupt.Leip-

1953 5361 2242 5522 ιιῆἐῗέῗι·
2268 5459 2395 5522 gnte
2426 5449 2672 5506 Gerhard
2703 5448 2811 5503 und
2839 5449 2927 5502 die
2947 5447 3264 5503 dankbaren
3289 5447 3523 5502 Todten.

1966 5544 2062 5598 Ein
2089 5543 2303 5615 Beitrag
2333 5562 2430 5599 zur
2463 5545 2766 5601 deutschen
2800 5542 3128 5616 Mytbologie
3171 5543 3283 5598 und
3314 5542 3524 5615 Sagen-

1960 5637 2142 5692 kumle
2182 5652 2285 5693 vou
2338 5637 2400 5692 Κ.
2444 5637 2712 5693 Simrock.
2770 5636 2923 5692 Bonn
2967 5636 3053 5694 hei
3113 5636 3279 5692 Adoll‘
3313 5635 3523 5692 Marcus

1959 5729 2118 5786 1856.
