4040 6606
555 332 652 388 431
1359 338 1456 394 SS.
1503 336 1964 393 MACARIORUM
2007 338 2326 393 AEGYPTII
2364 339 2450 393 ΕΤ
2491 337 2957 394 ALEXANDRINI
3688 351 3774 407 432

553 431 781 494 victum
813 432 1246 496 ministrarem.
1282 436 1402 496 Sed
1422 425 1676 514 quando
1697 437 1957 498 miserae
1974 444 2128 498 tem-
2158 447 2198 501 Α
2230 439 2428 516 ipsam
2460 438 2678 498 beatus
2709 438 3007 499 Macarius
3040 437 3464 517 requisivisset
3499 459 3511 500 :
3539 440 3776 506 Humili-

557 550 672 611 pus
705 533 986 612 pariendi
1027 534 1296 606 advenit,
1328 535 1549 598 diebus
1583 535 1864 615 plurimis
1902 555 2119 617 parere
2222 543 2316 597 tas
2355 545 2482 610 tua,
2529 537 2704 609 dixit,
2753 535 2881 596 sola
2922 551 3022 596 me
3067 535 3276 597 vincit.
3324 539 3492 599 Haec
3548 539 3773 606 dicente

552 631 824 692 cruciata
845 647 969 693 non
1000 632 1220 711 potuit.
1253 636 1418 705 Quae
1442 633 1592 712 quid
1613 634 1862 695 fecisset
1901 635 2114 714 requi-
2219 636 2496 708 inimico,
2531 642 2592 696 et
2641 635 3017 696 extendente
3067 635 3250 697 beato
3280 638 3544 699 Macario
3575 656 3776 704 manus

549 731 668 794 sita
695 731 1018 810 respondit
1051 750 1063 792 :
1102 733 1250 804 Quia
1294 733 1707 794 anachoretae
1744 733 1831 794 illi
1873 753 2121 796 causam
2220 750 2363 794 suas
2402 734 2478 795 ad
2519 734 2890 808 orationem,
2921 733 3177 813 spiritus
3220 734 3582 798 immundus
3633 738 3778 804 inter

553 847 685 892 non
719 831 971 893 habenti
1000 833 1235 894 crimen
1265 832 1558 911 imposui.
1585 835 1738 894 Nam
1759 852 1859 895 me
1879 835 2122 896 iuvenis
2219 851 2400 896 auras
2463 834 2711 895 evanuit
2751 833 2859 913 (8).
2921 834 3151 896 Eadem
3195 834 3380 914 plane
3414 836 3493 897 ad
3534 837 3774 903 verbum

551 931 792 993 vicinus
822 939 1033 993 noster
1051 931 1156 992 ille
1190 933 1583 1011 compressit.
1609 934 1784 1006 Quod
1817 951 1960 995 cum
1987 935 2117 1010 ille,
2220 933 2511 1010 leguntur
2548 933 2611 993 in
2645 933 2803 994 libro
2833 933 3102 1012 septimo
3129 932 3207 1014 (9)
3227 951 3242 1007 ;
3293 934 3359 994 in
3389 934 3546 996 libro
3584 946 3774 1000 autem

550 1032 661 1111 qui
702 1031 856 1092 mihi
885 1031 1290 1104 ministrabat,
1323 1031 1642 1105 audiissct,
1673 1034 1898 1110 gaudio
1921 1035 2123 1113 reple—
2220 1033 2440 1110 quinto
2479 1029 2599 1110 (10)
2635 1037 2696 1092 et
2737 1031 2802 1090 in
2833 1030 3447 1110 ApOphthegmatisa
3484 1033 3774 1098 Cotelerio

547 1137 646 1194 tus
703 1138 862 1209 139
913 1131 1187 1205 advenit,
1247 1131 1563 1193 infelicem
1605 1133 1772 1194 illam
1819 1133 2114 1213 puellam,
2220 1132 2401 1193 editis
2443 1131 2560 1211 (11)
2595 1131 2714 1192 hoc
2759 1131 3015 1210 quidem
3059 1131 3417 1192 discrimine
3458 1131 3772 1208 habentur,

547 1231 915 1309 priusquam
965 1231 1294 1305 fateretur,
1367 1233 1540 1312 quod
1597 1234 1709 1294 tibi
1746 1233 2118 1296 calumniam
2217 1243 2286 1294 ut
2336 1234 2475 1294 ﬁnis
2524 1233 2650 1306 ille,
2705 1239 2923 1294 orante
2976 1234 3244 1294 Macario
3294 1233 3614 1294 diabolum
3656 1251 3778 1297 eva-

544 1329 768 1392 frustra
799 1332 1141 1405 contexuit,
1179 1350 1397 1411 parere
1436 1333 1790 1408 nullatenus
1836 1335 2117 1413 potuisse
2218 1333 2452 1407 nuisse,
2490 1333 2900 1394 desideretur.
2923 1333 3559 1395 Animadvertendum
3584 1341 3697 1406 est,
3717 1336 3776 1397 in

547 1431 1588 1506 vociferans,sedetomnesvicinos
1619 1435 1854 1507 venire,
1888 1444 1948 1496 et
1972 1436 2034 1498 in
2056 1444 2118 1497 te
2217 1431 2772 1512 ApOphthegmatis
2835 1450 2965 1492 rem
3016 1432 3111 1493 bis
3165 1433 3462 1505 inveniri;
3512 1451 3655 1494 nam
3699 1435 3774 1495 ibi

544 1531 860 1592 commissi
897 1531 1138 1592 veniam
1171 1531 1507 1611 postulare.
1541 1534 1707 1604 Quae
1739 1549 1855 1608 ego
1887 1550 2118 1610 cogno-
2218 1541 2440 1610 postea
2459 1532 2684 1593 iterum
2704 1532 2858 1611 legis
2883 1551 2895 1592 :
2920 1555 2946 1587 ‹‹
2970 1531 3131 1593 Alias
3146 1531 3371 1592 iterum
3391 1532 3658 1593 daemon
3672 1533 3773 1593 ad-

543 1645 840 1704 scens,ne
865 1649 963 1692 me
992 1637 1051 1691 et
1074 1631 1193 1709 ipsi
1225 1629 1510 1690 homines
1548 1629 1971 1703 molestarent,
2017 1631 2114 1693 fe-
2215 1648 2431 1692 versus
2460 1631 2794 1692 Macarium
2823 1630 3108 1691 abbatem
3136 1627 3473 1689 insurrexit
3493 1644 3639 1689 cum
3666 1627 3778 1705 gla-

543 1729 739 1790 stinus
783 1729 1127 1791 abscedens
1166 1729 1231 1789 in
1276 1729 1442 1790 hunc
1479 1728 1686 1791 locum
1724 1732 2004 1810 perveni,
2056 1739 2115 1793 et
2218 1730 2408 1803 diolo,
2457 1729 2591 1791 eius
2633 1729 2860 1809 pedem
2910 1736 3363 1808 amputaturus.
3420 1726 3595 1800 Quod
3645 1745 3779 1789 cum

543 1829 695 1892 haec
719 1837 809 1892 est
832 1848 1015 1892 causa
1036 1831 1159 1892 mei
1200 1830 1265 1891 in
1296 1831 1428 1892 istis
1459 1829 1614 1892 locis
1637 1831 2101 1912 adventus(1).»
2141 1822 2180 1876 Β
2210 1838 2473 1910 prOpter
2510 1829 2922 1894 humilitatem
2965 1829 3098 1889 eius
3146 1846 3274 1890 non
3313 1828 3640 1908 potuisset,
3677 1828 3732 1888 ei
3762 1846 3775 1888 :

539 1933 709 1993 Idem
741 1932 1002 1994 traditur
1029 1931 1093 1992 in
1135 1932 1256 1992 VV.
1294 1934 1408 1992 PP.
1459 1932 1618 1993 libro
1647 1934 1868 2011 quinto
1903 1933 2008 2014 (2),
2047 1941 2108 1996 et
2207 1933 2624 2011 Quaecunque
2658 1932 2923 2005 habetis,
2956 1930 3182 2008 inquit,
3216 1929 3522 1990 habemus
3553 1934 3615 1989 et
3636 1945 3777 2000 nos;

538 2031 603 2090 in
650 2030 1209 2110 ApOphthegmatis
1255 2050 1290 2093 a
1322 2032 1627 2094 Cotelerio
1671 2034 1850 2096 editis
1890 2035 1996 2112 (3),
2045 2041 2106 2096 et
2206 2033 2338 2094 sola
2381 2033 2726 2094 humilitate
2766 2050 2800 2093 a
2838 2031 3020 2091 nobis
3055 2029 3316 2090 differtis
3363 2035 3424 2090 et
3477 2027 3783 2108 praevale-

539 2131 871 2210 utrobique
887 2131 1084 2206 locus,
1108 2132 1172 2192 in
1193 2149 1382 2211 quem
1403 2133 1702 2194 Macarius
1723 2133 1902 2212 fugit,
1926 2136 2106 2196 Scete
2206 2134 2283 2194 tis
2315 2131 2460 2212 (12).
2505 2157 2532 2189 »
2569 2135 2718 2194 Cum
2748 2130 3328 2212 ApOphthegmatis,
3357 2129 3469 2190 ubi
3515 2147 3617 2190 res
3638 2148 3690 2196 s.
3718 2146 3778 2189 ν.

537 2231 918 2310 appellatur;
991 2250 1068 2293 ex
1135 2250 1262 2310 quo
1330 2233 1661 2294 Macarium
1739 2235 2107 2312 Aegyptium
2206 2229 2878 2308 MacariusAegyptius
2907 2229 3199 2301 occurrit,
3223 2227 3562 2290 convenire
3612 2227 3780 2288 vide-

535 2327 726 2390 fuisse
769 2347 914 2390 eum
939 2330 1398 2408 apparet.Eum
1427 2347 1572 2390 vero
1591 2346 1758 2390 anno
1786 2329 2106 2405 trigesimo
2207 2337 2306 2391 tur
2354 2329 2495 2390 libri
2549 2329 2753 2408 quinti
2809 2329 3098 2408 scriptor,
3164 2327 3273 2406 qui
3318 2326 3662 2388 narrationi
3708 2327 3781 2387 de

536 2427 751 2487 aetatis
786 2443 933 2487 suae
969 2427 1036 2486 in
1075 2427 1303 2487 Scetim
1339 2426 1564 2488 abiisse
1595 2445 1628 2487 e
1656 2427 1928 2488 Palladio
1951 2445 2107 2488 con-
2207 2430 2474 2491 Macario
2507 2427 2814 2508 Aegyptio
2845 2427 3015 2488 illam
3047 2425 3400 2487 subiunxit:

533 2533 652 2588 stat
697 2526 804 2606 (4).
847 2531 929 2588 Ac
957 2527 1150 2589 sancti
1187 2527 1440 2606 quidem
1489 2544 1617 2588 non
1659 2528 1843 2606 pauci
1875 2529 1952 2589 de
1982 2529 2105 2590 cri-
2289 2554 2316 2585 «
2343 2529 2617 2602 Quodam
2653 2537 2937 2608 tempore
2958 2526 3149 2588 abbas
3169 2526 3492 2599 Macarius,
3523 2525 3678 2586 dum
3707 2525 3782 2587 ad

536 2626 704 2688 mine
736 2628 923 2689 scorti
951 2626 1105 2688 falso
1133 2627 1403 2688 accusati
1423 2643 1558 2688 esse
1598 2628 1912 2700 dicuntur,
1945 2646 2110 2708 quo-
2208 2638 2486 2694 montem
2523 2631 2754 2693 Nitriae
2779 2628 3167 2700 ascenderet,
3200 2627 3510 2707 discipulo
3545 2644 3690 2700 suo,
3719 2633 3788 2687 ut

535 2744 674 2786 rum
701 2726 1060 2786 innocentia
1095 2731 1311 2803 postea
1347 2723 1590 2786 detecta
1621 2731 1734 2786 est.
1761 2727 1807 2785 E
1837 2743 2108 2804 quorum
2209 2749 2430 2811 parum
2472 2730 2897 2810 praecederet,
2936 2729 3285 2809 imperavit.
3324 2729 3609 2801 Quicum
3644 2734 3788 2789 ante

532 2843 798 2887 numero
826 2825 1077 2885 fuerunt
1107 2824 1359 2897 Marina,
1390 2824 1689 2901 Eugenia,
1733 2825 2108 2904 Apollinaris
2207 2832 2384 2892 illum
2406 2829 2983 2910 pergeret,obvium
3013 2829 3229 2890 habuit
3250 2827 3566 2907 quendam
3589 2844 3792 2890 sacer-

531 2926 823 3004 virgines,
864 2943 1025 3004 quae
1067 2924 1281 2985 habitu
1329 2925 1489 2985 virili
1523 2925 1855 3005 adsumpto
1896 2936 2108 2988 sancte
2210 2932 2422 2993 dotem
2457 2931 2791 3004 idolorum,
2817 2947 3002 2992 cursu
3033 2929 3282 2990 concito
3310 2928 3697 3003 venientem,
3729 2938 3791 2992 et

531 3029 816 3090 vixerunt
842 3028 1026 3107 (5),et
1047 3026 1396 3088 Eustathius
1428 3025 1624 3087 lector
1646 3027 1977 3088 Caesareae
1999 3045 2106 3088 ur-
2208 3032 2445 3110 lignum
2475 3031 2708 3109 grande
2729 3037 3106 3110 portantem.
3133 3030 3241 3090 Cui
3277 3029 3636 3090 exclamans
3662 3029 3785 3091 ait:

531 3130 628 3192 bis
655 3130 720 3191 in
754 3129 1100 3192 Palaestina
1139 3127 1310 3199 sitae,
1352 3127 1451 3187 cui
1482 3127 1646 3187 idem
1677 3126 1886 3206 plane,
1936 3127 2106 3206 quod
2134 3157 2176 3216 ο
2211 3133 2343 3204 Quo
2381 3129 2599 3201 curris,
2629 3126 2935 3190 daemon?
2963 3132 3036 3188 At
3070 3127 3175 3188 ille
3208 3128 3399 3190 iratus
3430 3127 3622 3189 tantis
3645 3147 3790 3190 eum

529 3231 816 3304 Macario,
893 3228 1192 3290 accidisse
1263 3227 1684 3305 comperimus
1753 3227 1856 3306 (6).
1905 3227 2101 3289 Etiam
2206 3230 2404 3312 plagis
2423 3228 2651 3302 affecit,
2674 3234 2738 3289 ut
2762 3228 3111 3289 exanimem
3136 3245 3336 3307 paene
3363 3227 3789 3306 relinqueret;

528 3325 1708 3409 hodieinElephantineinsula,stupro
1741 3327 2100 3402 commisso,
2205 3338 2265 3392 et
2295 3329 2511 3392 relicto
2541 3346 2617 3392 eo
2669 3328 2960 3390 sacerdos
3009 3327 3237 3388 iterum
3278 3327 3589 3388 currebat.
3637 3329 3792 3388 Pro-

529 3430 869 3511 pmpinqui
899 3428 1151 3507 virginis
1190 3426 1400 3508 lapsae
1439 3433 1499 3487 et
1540 3427 1742 3506 ipsam
1783 3433 1843 3487 et
1871 3443 2036 3499 eum,
2069 3446 2104 3488 a
2203 3445 2578 3508 gressusque
2610 3444 2828 3507 parum
2858 3427 3126 3488 obviavit
3153 3427 3337 3488 beato
3357 3428 3655 3499 Macario,
3682 3427 3794 3506 qui

528 3552 656 3613 quo
678 3540 970 3612 corrupta
993 3539 1106 3600 est,
1135 3529 1423 3591 occidere
1443 3527 1648 3589 solent
1683 3527 1787 3608 (7).
2202 3529 2286 3588 ait
2321 3527 2399 3589 ad
2431 3544 2575 3588 cum
2610 3544 2621 3585 :
2665 3524 2951 3598 Salveris,
2998 3525 3334 3598 laborator,
3374 3524 3672 3586 salverisl
3721 3531 3795 3588 At

611 3665 638 3691 σι
675 3637 877 3698 Abhas
920 3633 1220 3696 Macarius
1253 3631 1400 3694 dum
1443 3629 1718 3692 diluculo
1755 3629 2103 3710 palmarum
2201 3627 2307 3688 ille
2361 3626 2699 3689 admiratus
2750 3623 3080 3704 respondit
3114 3641 3127 3683 :
3165 3623 3322 3697 Quid
3371 3624 3436 3685 in
3481 3641 3586 3686 me
3636 3626 3797 3686 boni

529 3735 677 3797 folia
705 3744 960 3816 portans
981 3735 1058 3796 ad
1077 3732 1298 3796 cellam
1325 3747 1499 3792 suam
1530 3737 1966 3805 reverteretur,
2001 3749 2104 3793 oc-
2202 3727 2609 3808 conspexisti,
2646 3733 2715 3788 ut
2752 3743 2855 3787 me
2884 3723 3232 3788 salutares?
3267 3725 3378 3786 Cui
3417 3743 3620 3787 senex
3665 3727 3791 3787 ait:

527 3835 716 3898 currit
750 3835 807 3895 ei
828 3833 1112 3894 diabolus
1137 3848 1279 3893 cum
1307 3829 1464 3891 falce
1486 3835 1839 3909 praeacuta,
1863 3829 2102 3891 volens-
2201 3830 2352 3902 Quia
2380 3828 2501 3888 vidi
2531 3835 2592 3888 te
2623 3826 3032 3898 laborantem,
3073 3832 3134 3886 et
3164 3824 3360 3886 curris
3389 3824 3794 3902 ignoranter.

526 3952 650 4015 que
693 3951 837 3995 eum
894 3938 1220 4012 percutere
1263 3947 1395 3991 non
1431 3928 1695 3991 valebat.
1755 3929 1870 4000 Qui
1903 3929 2104 3991 excla-
2200 3930 2308 3990 Cui
2329 3927 2620 3990 sacerdos
2641 3925 2926 3987 dixitzEt
2945 3941 3065 4002 ego
3089 3923 3462 3985 salutatione
3481 3930 3591 3985 tua
3617 3941 3800 3986 com-

526 4053 703 4096 mans
752 4034 905 4096 dixit
937 4050 950 4092 :
984 4034 1266 4108 Magnam
1309 4047 1345 4091 a
1385 4037 1444 4092 te
1482 4029 1606 4090 vim
1644 4029 1870 4109 patior,
1901 4048 1940 4090 ο
1983 4033 2102 4092 Ma-
2201 4036 2470 4110 punctus
2500 4043 2792 4104 maguum
2819 4044 3065 4088 servum
3093 4025 3206 4086 Dei
3225 4030 3286 4084 te
3307 4024 3612 4099 cognovi;
3643 4041 3798 4084 nam

526 4136 674 4209 cari,
725 4134 857 4214 qui,
897 4151 1039 4195 cum
1082 4139 1142 4194 te
1185 4131 1375 4212 cupio
1422 4146 1674 4203 nocere,
1723 4148 1852 4192 non
1895 4130 2096 4206 valeo,
2198 4129 2352 4189 alter
2393 4127 2546 4199 1&1
2582 4125 2796 4186 nescio
2850 4125 2991 4202 quis
3026 4122 3396 4185 miserabilis
3430 4127 3799 4185 monachus

527 4236 698 4308 dum,
731 4251 1144 4314 quaecunque
1172 4240 1240 4293 tu
1270 4232 1446 4305 facis,
1479 4248 1598 4310 ego
1622 4237 1818 4310 magis
1848 4250 1925 4294 ex
1949 4250 2098 4312 Ope-
2198 4245 2539 4288 occurrens
2577 4224 2730 4287 mihi
2763 4224 3021 4288 iniurias
3061 4222 3232 4297 fecit,
3255 4223 3364 4284 sed
3395 4230 3455 4284 et
3487 4240 3615 4301 ego
3651 4223 3799 4303 pla-

528 4355 595 4398 re
626 4335 808 4398 facio.
840 4339 931 4396 Tu
952 4352 1102 4412 ergo
1131 4335 1372 4397 ieiunas
1403 4333 1741 4405 interdum,
1774 4350 1892 4412 ego
1923 4334 2096 4396 nullo
2198 4346 2304 4406 gas
2337 4327 2425 4387 illi
2475 4343 2590 4406 pro
2630 4325 2836 4388 verbis
2872 4323 3168 4404 imposui.
3198 4325 3370 4384 Tunc
3412 4323 3798 4403 apprehen-

524 4451 802 4517 unquam
827 4436 969 4498 cibo
995 4437 1262 4498 reﬁcior.
1285 4438 1377 4495 Tu
1394 4452 1583 4514 saepe
1605 4435 1839 4512 vigilas,
1865 4453 1965 4497 me
1995 4453 2097 4497 ve-
2126 4481 2173 4538 υ
2199 4429 2352 4489 dens
2409 4425 2601 4506 pedes
2638 4425 2799 4486 beati
2849 4423 3094 4486 Macarii
3144 4421 3447 4486 clamabat
3491 4423 3734 4486 dicens
3783 4442 3796 4484 :

527 4553 596 4599 ro
619 4554 812 4616 sopor
833 4553 1153 4614 nunquam
1190 4536 1346 4608 1&0
1365 4535 1697 4614 Oppressit.
1730 4536 1850 4596 Sed
1885 4537 1948 4596 in
1972 4554 2095 4597 una
2126 4524 2168 4538 “’
2202 4529 2331 4588 Nisi
2389 4546 2488 4588 me
2541 4525 2917 4587 monachum
2981 4524 3228 4597 feceris,
3279 4542 3407 4585 non
3451 4525 3797 4589 desistam.

525 4653 594 4698 re
625 4655 724 4696 me
757 4636 970 4708 vincis,
1003 4636 1139 4715 ipse
1185 4636 1505 4715 profiteor.
1539 4637 1688 4696 Cum
1739 4635 1817 4695 ab
1850 4652 1926 4695 eo
1963 4654 2094 4696 rem
2202 4631 2662 4704 Pergentesque
2686 4628 2916 4706 pariter
2945 4630 3250 4685 venerunt
3293 4624 3372 4686 ad
3406 4623 3659 4703 locum,
3685 4627 3803 4690 ubi

597 4819 672 4888 (l)
697 4817 932 4872 VV.PP.
975 4819 1158 4873 ltosw.
1189 4816 1368 4872 lib.l|l
1403 4832 1524 4886 cap.
1558 4816 1626 4871 99
1657 4834 1709 4886 p.
1755 4817 1880 4880 515,
1927 4818 1964 4871 2
2009 4833 2092 4887 sq.
2262 4810 2339 4878 t7)
2364 4808 2608 4862 Minutoli
2634 4805 2794 4861 Reise
2834 4821 2958 4858 zum
2995 4803 3215 4874 Tempel
3263 4804 3358 4858 des
3397 4803 3630 4875 Jupiter
3672 4807 3806 4861 Am-

591 4911 670 4980 (2)
703 4909 836 4964 Ibid.
873 4911 968 4974 lib,
1004 4908 1047 4963 ν
1081 4909 1244 4963 libell.
1284 4909 1448 4972 15,2l
1481 4924 1534 4977 p.
1577 4908 1701 4974 (325,
1729 4908 1764 4960 2
1803 4925 1887 4979 sq.
2191 4919 2317 4956 mou
2342 4919 2393 4972 p.
2431 4899 2556 4955 292.

595 5004 669 5072 ('5)
701 5002 934 5058 Coteler.
965 5001 1108 5055 Eccl.
1134 4999 1327 5055 Graec.
1354 5000 1499 5054 Mou.
1527 4998 1590 5055 Τ.
1622 4999 1715 5069 lp.
1740 5000 1843 5054 524
1869 5015 1952 5071 sq.
1975 5017 2093 5056 s.v.
2265 4997 2342 5066 (8)
2373 4995 2488 5050 VV.
2523 4995 2625 5048 PP.
2664 4994 2848 5049 Rosw.
2878 4995 2968 5047 lib.
3005 4992 3073 5046 ΙΙΙ
3100 5008 3219 5062 cap.
3257 4992 3357 5046 124
3399 5009 3450 5062 p.
3479 4993 3618 5060 5l8,
3664 4995 3731 5050 2.

524 5093 796 5148 Macarius
813 5094 1098 5164 Aegyptius
1121 5092 1149 5162 ᾗ
1175 5092 1216 5155 l;
1248 5092 1388 5146 infra
1413 5093 1464 5144 in
1490 5093 1681 5146 harum
1700 5091 2093 5158 Quaestionum
2261 5090 2337 5161 (9)
2362 5089 2494 5142 lbid.
2519 5088 2614 5143 lib.
2645 5086 2736 5139 Vll
2754 5102 2874 5155 cap.
2905 5086 2988 5148 l5,
3019 5086 3051 5139 6
3084 5101 3136 5153 p.
3163 5084 3358 5148 670,2.

520 5187 832 5255 Appendice
864 5185 1032 5239 altera
1061 5185 1162 5238 sub
1182 5182 1266 5236 lll.

2262 5178 2372 5245 (ιο)
2405 5175 2539 5230 Ibid.
2575 5176 2668 5229 lib.
2698 5173 2738 5226 v
2765 5174 2931 5227 libell.
3073 5172 3142 5226 9.6
3167 5188 3218 5240 p.
3257 5172 3387 5236 624,
3432 5173 3481 5224 ι.

592 5278 671 5349 (4)
702 5277 786 5333 Cf.
810 5293 973 5346 supra
1004 5278 1030 5346 §
1059 5278 1124 5330 1-2
1153 5292 1204 5346 p.
1227 5276 1312 5330 38.

2263 5271 2376 5340 (ll)
2415 5268 2648 5345 Coteler.
2693 5266 2838 5320 Eccl.
2883 5265 3075 5320 Graec.
3117 5262 3264 5318 Mon.
3307 5261 3368 5316 Τ.
3415 5263 3432 5316 l
3473 5279 3524 5333 p-
3577 5267 3702 5320 554
3756 5285 3805 5323 s.

596 5371 672 5440 (5)
701 5369 819 5424 Vita
843 5368 900 5423 S.
927 5369 1164 5422 Mariuae
1193 5367 1304 5422 VV.
1335 5365 1435 5419 PP.
1459 5367 1640 5420 Rosw.
1671 5367 1764 5420 lib.
1819 5367 1834 5419 l
1881 5383 1933 5438 p.
1989 5367 2095 5422 595
2193 5381 2245 5416 ν.
2286 5361 2560 5415 Macarius
2591 5359 2876 5428 Aegyptius
2906 5356 2932 5427 ξ
2964 5355 3068 5420 XI;
3109 5355 3250 5408 infra
3289 5357 3343 5410 in
3377 5356 3580 5410 harum
3610 5357 3814 5425 Quae-

523 5477 648 5530 sqq.
677 5459 796 5514 Vita
828 5461 885 5513 ὃ.
924 5459 1197 5529 Eugeniae
1239 5459 1368 5512 ibid.
1407 5475 1458 5527 p.
1492 5458 1597 5512 340
1629 5475 1750 5528 sqq.
1787 5457 1862 5512 De
1894 5461 2093 5529 Appol-
2193 5455 2433 5510 stionum
2472 5450 2786 5522 Appendice
2825 5449 2993 5502 altera
3034 5447 3137 5500 sub
3176 5445 3262 5499 lll.

524 5553 684 5607 linari
713 5554 922 5622 virgine
954 5551 1026 5606 cf.
1055 5552 1192 5604 infra
1229 5551 1402 5620 Caput
1435 5550 1677 5622 Vll§M.
2263 5548 2373 5613 (η)
2417 5547 2548 5601 Ibid.
2587 5561 2641 5616 p.
2681 5545 2784 5602 545
2835 5561 2919 5614 sq.
2972 5561 3018 5598 s.
3073 5561 3126 5596 ν.
3173 5542 3444 5596 Macarius
3486 5543 3814 5612 Aegyptius

597 5643 672 5713 (6)
703 5641 842 5697 Hist.
882 5642 1042 5697 Laus.
1080 5647 1164 5696 ed.
1195 5641 1397 5696 Meurs.
1427 5656 1549 5712 cap.
1581 5641 1684 5694 tu
1719 5640 1856 5711 Opp.
1887 5639 2086 5694 Meurs.
2196 5641 2222 5711 §
2261 5639 2490 5703 XXXV;
2531 5638 2673 5693 infra
2711 5639 2764 5692 iu
2806 5639 2998 5692 barum
3032 5635 3787 5703 QuaestionumAppendicc

523 5736 618 5792 l.l.
641 5751 693 5804 p.
722 5734 844 5790 6‘27.
867 5733 924 5788 lu
958 5733 1114 5788 codd.
1155 5730 1462 5788 Viudobon.
1499 5733 1650 5787 locus
1685 5730 1754 5786 de
1807 5730 2092 5787 Eustatbio
2199 5732 2367 5785 altera
2400 5729 2504 5785 sub
2541 5727 2628 5783 lll.

522 5829 696 5887 deest.
