4040 6540
247 305 344 362 I33

1750 304 1982 360 VITAE.

3370 314 3475 370 136

242 435 440 484 caesus
458 414 647 479 frater
676 416 932 479 iacebat.
966 416 1160 489 Quem
1192 416 1441 496 utrique
1475 417 1792 488 tollentes.
1827 425 1868 478 A
1901 422 2518 502 quantulamcunque
2548 425 2851 503 patimur;
2885 426 2975 486 illi
3016 444 3185 503 vero,
3220 430 3327 508 qui
3362 446 3480 492 co-

198 550 203 555 ι
242 520 519 603 quoniam
542 518 715 595 gradi
752 535 878 579 non
910 524 1175 597 poterat,
1198 518 1483 579 manibus
1505 519 1569 580 in
1601 520 1801 582 eccle-

240 623 380 685 siam
409 619 821 699 pertulerunt.
844 620 993 679 Cum
1018 625 1225 679 autem
1254 618 1473 680 fratres
1502 620 1801 682 vidissent

240 722 607 785 sacerdotem
640 720 815 781 illum
841 720 1093 782 beatum
1123 721 1458 782 Macarium
1489 722 1795 783 comitan-

238 832 375 895 tem,
400 821 721 901 stupefacti
785 839 927 883 cum
967 820 1378 883 admiratione
1422 821 1801 884 monachum

236 925 402 987 illum
432 924 782 1003 perficiunt,
818 931 877 984 et
898 922 1077 983 multi
1100 928 1361 1002 pr0pter
1380 922 1555 984 illum
1587 940 1663 985 ex
1686 941 1798 1003 pa-

236 1026 402 1104 ganis
422 1024 564 1085 facti
595 1032 739 1085 sunt
773 1024 1122 1085 Christiani.
1154 1024 1402 1086 Dicebat
1435 1042 1584 1103 ergo
1612 1026 1803 1087 abbas

243 1126 539 1187 Macarius
560 1144 571 1185 :
591 1126 741 1198 Quia
764 1143 969 1187 sermo
990 1126 1300 1205 superbus
1323 1132 1383 1186 et
1402 1125 1802 1217 malus’etiam

238 1232 428 1292 bonos
456 1230 621 1290 viros
661 1229 967 1290 convertit
1008 1229 1085 1290 ad
1126 1228 1383 1302 malum,
1417 1246 1624 1290 sermo
1654 1246 1803 1291 vero

237 1329 479 1391 humilis
519 1336 579 1390 et
620 1330 825 1390 bonus
863 1328 1047 1390 etiam
1088 1329 1288 1390 malos
1318 1336 1513 1391 mutat
1557 1330 1623 1390 in
1665 1347 1801 1391 me-

237 1431 347 1493 lius
374 1428 482 1509 (1).
521 1454 549 1486 »
594 1430 826 1491 Eadem
866 1430 1029 1491 inter
1069 1429 1608 1509 ApOphthegmata
1635 1429 1805 1509 apud

236 1532 597 1595 Cotelerium
622 1532 935 1609 leguntur,
964 1530 1068 1592 ubi
1092 1531 1174 1591 ita
1204 1530 1516 1609 incipiunt
1554 1547 1566 1589 :
1594 1549 1611 1581 ι
1642 1533 1802 1591 Nar-

237 1640 443 1696 rarunt
466 1633 798 1695 Macarium
821 1631 1189 1711 Aegyptium
1219 1631 1505 1692 abbatem
1518 1631 1802 1710 aliquan-

237 1734 310 1795 do
328 1751 359 1795 e
379 1735 558 1795 Scete
588 1732 940 1794 ascendisse
962 1731 1025 1791 in
1050 1737 1326 1792 montem
1353 1731 1721 1810 Nitriae..(2)
1740 1748 1755 1805 ;
1776 1755 1803 1787 »

235 1840 430 1894 cetera
466 1848 613 1893 vero
650 1837 936 1893 accurate
972 1847 1114 1891 cum
1161 1829 1284 1890 illis
1318 1830 1723 1892 conveniunt.

309 1956 335 1988 α
368 1932 575 1993 Abbas
611 1932 913 1994 Macarius
944 1932 1093 1992 dum
1122 1930 1471 1993 ambularet
1499 1930 1564 1991 in
1598 1931 1809 1993 deser-

236 2039 314 2106 to,
352 2039 542 2111 caput
562 2032 882 2093 cuiusdam
907 2030 1179 2091 hominis
1208 2029 1451 2091 aridum
1478 2031 1716 2092 invenit
1742 2032 1809 2093 in

234 2142 404 2196 ttrra.
438 2133 619 2207 Quod
661 2140 993 2213 postquam
1045 2130 1268 2193 baculo
1321 2148 1436 2192 suo
1476 2131 1806 2206 convertit,

236 2251 440 2295 vocem
477 2233 677 2294 visum
711 2240 803 2293 est
838 2232 1143 2293 emittere.
1178 2231 1357 2303 Quod
1386 2249 1602 2306 senex,
1645 2231 1812 2311 quis-

236 2352 370 2395 nam
400 2340 591 2407 esset,
626 2333 987 2409 interrogat.
1032 2334 1105 2392 At
1150 2331 1255 2392 ille
1292 2331 1654 2411 respondit:
1680 2333 1810 2409 Ego

237 2434 481 2513 quidem
516 2434 814 2514 princeps
848 2450 1017 2494 eram
1048 2432 1439 2494 sacerdotum
1472 2433 1806 2509 idolorum,

237 2533 333 2611 qui
368 2532 430 2593 in
470 2533 597 2595 hoc
639 2532 781 2594 loco
822 2531 1201 2594 habitabant.
1241 2534 1334 2593 Tu
1363 2539 1572 2594 autem
1604 2551 1671 2595 es
1697 2533 1809 2595 ab-

236 2632 336 2693 bas
354 2632 661 2694 Macarius
690 2633 922 2713 Spiritu
946 2632 1157 2696 divino
1186 2633 1484 2714 repletus.
1514 2637 1814 2708 Quacum-

237 2749 351 2811 que
379 2734 555 2793 enim
595 2732 753 2795 hora
796 2733 1086 2795 misertus
1116 2751 1336 2796 eorum
1364 2734 1582 2809 fueris,
1608 2736 1715 2814 qui
1749 2735 1815 2796 in

237 2849 431 2910 poena
451 2840 629 2906 sunt,
669 2839 729 2894 et
758 2850 872 2912 pro
896 2833 973 2894 iis
995 2834 1290 2907 oraveris,
1321 2834 1816 2896 consolationem

236 2934 495 3013 aliquam
524 2935 825 2996 sentiunt.
862 2934 971 2995 Cui
994 2952 1187 2997 senex
1214 2953 1227 2995 :
1251 2937 1325 2996 Et
1346 2953 1509 3015 quae
1544 2942 1638 2997 est
1658 2952 1815 2998 con-

237 3033 445 3095 solatio
478 3043 688 3096 vestra
709 3035 804 3096 vel
838 3034 1089 3115 poena?
1120 3037 1455 3116 responde.
1492 3040 1565 3098 At
1590 3036 1696 3099 ille
1720 3037 1814 3099 a1-

1906 524 2143 601 gnitum
2180 532 2583 602 negaverunt,
2623 527 3008 604 gravioribus
3056 537 3117 589 et
3155 530 3482 592 ineffabili-

1906 625 2023 685 bus
2050 626 2273 704 poenis
2301 626 2519 687 subtus
2551 644 2668 688 nos
2692 628 3069 689 cruciantur.
3113 630 3346 702 Quibus
3366 648 3480 691 au-

1908 724 2050 785 ditis
2088 724 2306 786 beatus
2333 727 2635 787 Macarius
2673 728 2875 807 capite
2916 728 3100 789 altius
3130 736 3335 790 terrae
3368 730 3481 791 de-

1906 823 2077 886 fosso
2126 825 2409 888 discessit
2446 827 2552 907 (3).
2596 851 2624 883 »
2668 828 2839 889 Idem
2884 829 2947 890 in
2990 829 3150 891 libro
3188 836 3364 891 sexto
3400 829 3480 910 (4)

1909 922 1987 985 de
2006 925 2225 986 abbate
2256 927 2520 988 Macario
2542 927 2762 989 maiori
2792 928 2833 987 i.
2856 945 2912 989 e.
2946 930 3275 1008 Aegyptio,
3296 938 3486 1009 atque

1907 1022 1971 1084 in
2015 1024 2576 1103 Apophthegmatis
2612 1045 2645 1087 a
2680 1027 2985 1089 Cotelerio
3015 1029 3195 1090 editis
3228 1029 3307 1110 (5)
3334 1048 3385 1091 s.
3417 1048 3482 1091 v.

1908 1124 2231 1185 Macarius
2281 1126 2623 1204 Aegyptius
2653 1127 2935 1189 traditur.
2976 1132 3100 1191 Nec
3141 1149 3269 1192 non
3318 1132 3483 1194 idem

1910 1222 2294 1303 colloquium
2334 1227 2599 1286 Ioannes
2634 1227 3072 1302 Damascenus,
3104 1229 3258 1292 falso
3293 1237 3359 1291 ut
3393 1233 3482 1290 vi-

1912 1323 2113 1396 detur,
2162 1324 2229 1384 in
2273 1326 2543 1386 Historia
2584 1327 2875 1389 Lausiaca
2916 1328 3138 1405 legisse
3177 1348 3243 1392 se
3292 1334 3480 1393 tradi-

1922 1421 2012 1482 dit
2071 1421 2189 1501 (6),
2234 1423 2297 1483 in
2340 1441 2465 1502 qua
2532 1424 2720 1485 hodie
2758 1442 2885 1486 non
2932 1428 3199 1507 amplius
3234 1429 3481 1507 legitur.

1910 1526 2112 1603 Atque
2158 1524 2419 1604 insuper
2462 1542 2498 1585 a
2544 1525 2845 1588 Michaele
2877 1527 3067 1606 Glyca
3102 1529 3209 1606 (7),
3254 1530 3317 1589 in
3368 1532 3489 1591 Me-

1912 1626 2085 1686 naeis
2141 1626 2519 1688 Graecorum
2577 1626 2697 1706 (8),
2754 1645 2788 1688 a
2844 1629 3200 1708 Nicephoro
3254 1630 3486 1691 Blemi-

1915 1724 1989 1785 da
2043 1724 2159 1804 (9),
2218 1733 2280 1787 et
2332 1726 2398 1787 in
2451 1728 2702 1788 Ioannis
2757 1729 3143 1807 Hagioelitae
3199 1731 3489 1792 encomio

1909 1824 2456 1905 MacariiAegyptii
2474 1827 2593 1909 (10)
2611 1838 3011 1892 memoratur.
3028 1833 3490 1911 Theologorum

1910 1923 2422 1987 scholasticorum
2464 1929 2716 2005 ingenia
2758 1931 2838 1991 ob
2875 1931 3287 2007 difﬁcultates,
3329 1951 3490 2012 quae

1912 2024 1969 2085 ei
1995 2025 2232 2099 insunt,
2270 2026 2653 2104 dogmaticas
2694 2030 2958 2091 multum
2999 2034 3299 2094 exercuit.
3331 2036 3493 2105 Quas

1912 2126 2168 2205 quidem
2206 2129 2268 2188 S.
2303 2127 2595 2202 Thomas,
2628 2130 2910 2192 refutatis
2930 2141 3282 2194 ceterorum
3315 2133 3494 2196 scho-

1912 2228 2268 2290 lasticorum
2306 2229 2425 2291 loci
2469 2230 3009 2311 explicationibus,
3037 2234 3273 2312 Optime
3295 2252 3491 2314 expe—

1912 2328 2046 2389 dire
2100 2329 2335 2391 studuit
2393 2329 2539 2411 (11).
2596 2333 2718 2393 Sed
2763 2349 2890 2393 rem
2932 2332 3281 2395 fabulosam
3331 2352 3491 2407 esse,

1913 2427 2055 2506 quis
2080 2444 2208 2489 non
2232 2428 2584 2491 existimat?
2610 2431 3019 2509 Origenistam
3046 2432 3205 2493 forte
3228 2451 3491 2513 compo-

1914 2528 2110 2589 suisse
2141 2546 2278 2590 eam
2304 2531 2613 2609 suspicor,
2645 2533 2790 2611 quia
2817 2533 3198 2611 Origenistae
3229 2535 3305 2595 de
3329 2536 3497 2597 dani-

1915 2638 2204 2693 natorum
2245 2637 2408 2692 statu
2450 2640 2593 2713 post
2629 2641 2894 2695 mortem
2927 2635 3088 2697 male
3115 2637 3494 2699 sentiebant.

1915 2734 2201 2793 Ceterum
2230 2732 2296 2793 in
2333 2750 2449 2794 ms.
2482 2733 2831 2812 Aquicinct.
2856 2742 3012 2796 teste
3038 2738 3376 2800 Rosweido
3406 2738 3499 2799 hi-

1916 2831 2106 2892 storia
2139 2830 2464 2909 legebatur
2505 2831 2589 2892 ita
2619 2832 2823 2893 verbis
2861 2842 3193 2913 concepta,
3234 2843 3303 2897 ut
3342 2836 3498 2898 diffi—

1917 2932 2179 2993 cultates
2207 2932 2459 3012 penitus
2489 2939 2806 2993 cessarent
2839 2933 2983 3013 (12).

2000 3033 2157 3105 143
2202 3057 2229 3089 ‹‹
2282 3034 2542 3107 Quidam
2594 3032 2786 3095 frater
2837 3035 3089 3096 beatum
3154 3038 3497 3100 Macarium

238 3136 348 3196 tius
391 3135 818 3212 ingemiscens
861 3156 874 3197 :
922 3139 1253 3211 Quantum,
1300 3137 1524 3216 inquit,
1570 3138 1815 3201 coelum
1844 3128 1887 3187 C
1921 3132 2293 3212 postulabat,
2317 3140 2387 3193 ut
2417 3132 2475 3193 ei
2504 3150 2859 3195 sermonem
2885 3133 3141 3207 diceret,
3162 3153 3277 3214 per
3308 3153 3498 3215 quem

238 3236 407 3297 distat
439 3254 473 3298 a
518 3245 707 3309 terra,
755 3242 995 3297 tantum
1038 3236 1200 3314 ignis
1238 3243 1330 3298 est
1370 3236 1552 3312 altus,
1592 3237 1659 3299 in
1688 3255 1815 3319 quo

236 3338 434 3399 medio
466 3356 692 3399 sumus
719 3355 753 3398 a
784 3338 1049 3416 pedibus
1072 3354 1276 3417 usque
1308 3336 1385 3398 ad
1418 3344 1605 3418 caput
1632 3339 1811 3400 undi-

237 3455 352 3515 que
388 3438 656 3518 perfusi,
679 3454 795 3499 nec
818 3437 1109 3517 cuiquam
1130 3438 1276 3500 licet
1303 3438 1525 3501 faciem
1557 3440 1812 3502 alterius

237 3538 478 3613 intueri,
524 3538 639 3600 sed
692 3538 882 3600 facies
936 3544 1149 3600 nostro
1204 3539 1391 3601 dorso
1440 3540 1813 3603 coniunctae

238 3646 392 3699 sunt.
415 3641 575 3700 Cum
600 3656 748 3717 ergo
781 3656 920 3701 oras
946 3656 1063 3717 pro
1096 3639 1301 3713 nobis,
1326 3656 1402 3699 ex
1432 3646 1608 3718 parte
1635 3642 1813 3703 vide-

238 3754 366 3798 mus
386 3737 859 3812 alterutrum,et
885 3736 1006 3799 hoc
1041 3736 1222 3798 nobis
1243 3754 1357 3816 pro
1388 3737 1818 3801 consolatione

239 3846 491 3901 constat.
522 3839 640 3900 Ilis
662 3838 889 3900 auditis
909 3838 1193 3900 lacrimas
1222 3836 1381 3898 fudit
1406 3838 1623 3901 dicens
1656 3858 1669 3900 :
1693 3841 1819 3902 Vae

239 3941 353 4003 diei
383 3941 501 4017 illi,
533 3942 607 4003 in
638 3957 766 4020 quo
790 3939 981 4001 homo
1014 3939 1303 4001 mandata
1335 3941 1445 4002 Dei
1473 3948 1819 4021 transgres-

241 4052 337 4095 sus
356 4036 477 4099 estl
526 4040 687 4112 142
720 4037 792 4097 Et
820 4036 1043 4097 iterum
1079 4036 1158 4095 ab
1191 4053 1289 4107 eo,
1334 4038 1384 4097 si
1424 4048 1587 4100 esset
1628 4040 1820 4102 altera

242 4153 437 4216 poena
495 4137 723 4209 maior,
771 4136 1051 4215 inquirit.
1111 4137 1219 4197 Cui
1270 4136 1373 4199 ille
1430 4138 1755 4219 respondit
1799 4157 1815 4199 :

241 4238 388 4297 Sunt
425 4237 619 4298 nobis
660 4236 765 4297 alii
806 4235 1002 4297 multo
1040 4234 1326 4298 inferius.
1382 4239 1662 4318 Cumque
1708 4241 1818 4320 qui

239 4344 439 4399 essent
494 4336 593 4398 illi
644 4336 1077 4415 interrogaret,
1126 4337 1322 4399 dixit:
1362 4340 1489 4401 Nos
1533 4340 1812 4420 quidem,

1924 3240 2138 3314 posset
2173 3234 2414 3295 salvari.
2454 3234 2564 3295 Cui
2595 3251 2788 3295 senex
2825 3235 2907 3295 ait
2942 3253 2954 3295 :
2986 3236 3243 3314 Oportet
3281 3236 3497 3315 fugere

1917 3334 2228 3410 homines,
2262 3342 2325 3397 et
2364 3335 2584 3397 sedere
2624 3336 2690 3396 in
2731 3334 2910 3410 cella,
2955 3342 3017 3397 et
3064 3354 3178 3416 pro
3223 3339 3499 3416 peccatis

1915 3435 2143 3512 iugiter
2181 3434 2525 3509 lamentari,
2553 3441 2613 3496 et
2648 3435 2818 3514 quod
2867 3453 3059 3514 super
3105 3452 3327 3497 omnes
3372 3437 3498 3498 vir-

1918 3542 2083 3596 tutes
2122 3542 2235 3609 est,
2265 3542 2390 3596 tam
2433 3535 2711 3614 linguam
2756 3553 3049 3597 coercere
3105 3556 3294 3617 quam
3342 3556 3497 3599 ven-

1922 3644 2080 3701 trem
2124 3634 2270 3719 (13).
2320 3656 2349 3692 »
2397 3639 2675 3700 Eandem
2727 3640 2974 3700 Macarii
3030 3640 3378 3702 doctrinam
3433 3641 3498 3702 in

1915 3737 2478 3819 ApOphthegmatis
2505 3755 2539 3799 a
2569 3736 2877 3799 Cotelerio
2904 3738 3086 3800 editis
3114 3739 3209 3800 bis
3230 3740 3495 3801 invenis.

1914 3840 1988 3898 Et
2055 3838 2249 3899 semel
2321 3838 2579 3918 quidem
2645 3837 2741 3898 his
2806 3836 3011 3898 verbis
3080 3839 3497 3918 concipitur:

1919 3961 1947 3994 α
1984 3938 2192 4000 Esaias
2223 3939 2439 4013 abbas,
2486 3939 2880 4015 interrogans
2926 3939 3261 4000 Macarium
3304 3940 3498 4002 abba-

1916 4046 2043 4101 tem
2088 4057 2101 4099 :
2153 4039 2377 4101 Profer
2433 4040 2610 4113 mihi,
2661 4040 2891 4119 inquit,
2940 4040 3335 4102 sententiam.
3395 4043 3504 4103 Cui

1922 4157 2115 4203 senex
2141 4140 2502 4221 respondit:
2526 4140 2830 4202 Homines
2852 4140 3022 4219 fuge.
3042 4141 3251 4202 Esaias
3270 4140 3462 4202 abbas
3488 4160 3500 4202 :

1923 4241 2101 4315 Quid,
2124 4243 2351 4321 inquit,
2379 4249 2473 4304 est
2514 4242 2732 4321 fugere
2782 4240 3116 4305 homines?
3154 4242 3506 4322 Respondit

1922 4360 2154 4405 senex:
2194 4344 2425 4406 Sedere
2459 4344 2527 4406 in
2566 4343 2723 4406 cella
2752 4350 2855 4406 tua
2886 4351 2947 4407 et
2977 4344 3209 4406 deﬂere
3247 4351 3504 4423 peccata

241 4438 342 4516 qui
385 4438 593 4500 Deum
649 4453 778 4498 non
832 4436 1263 4515 cognovimus,
1318 4438 1811 4503 misericordiam
1844 4444 1891 4505 D
1914 4448 2022 4505 tua
2052 4442 2198 4523 (14).
2228 4466 2257 4500 ι)
2289 4444 2460 4506 Alter
2486 4460 2637 4505 vero
2665 4442 3282 4524 Apophthegmatum
3328 4442 3507 4505 locus

304 4624 375 4692 (I)
417 4623 537 4679 VV.
584 4622 686 4677 PP.
728 4622 912 4681 Rosw.
957 4624 1052 4681 lib.
1096 4625 1158 4679 111
1192 4642 1314 4698 cap.
1356 4628 1457 4681 19.7
1498 4645 1551 4700 p.
1593 4628 1719 4693 518,
1760 4628 1813 4683 2.

306 4716 377 4786 (2)
417 4717 665 4773 Coteler.
706 4717 852 4772 Eccl.
894 4716 1089 4773 Graec.
1133 4719 1276 4774 Mon.
1320 4719 1382 4774 T.
1428 4721 1443 4774 l
1493 4737 1543 4790 p.
1615 4722 1717 4776 547
1770 4737 1816 4776 s.

246 4830 291 4863 ν.
328 4811 609 4866 Macarius
634 4812 921 4882 Aegyptius
957 4811 983 4883 §
1020 4810 1273 4879 XXXIX;
1314 4812 1457 4866 infra
1514 4814 1571 4867 in
1626 4814 1818 4867 harum

246 4902 633 4968 Quaestionum
668 4904 980 4973 Appendice
1018 4905 1186 4959 altera
1227 4906 1327 4958 sub
1353 4903 1440 4959 III.

309 4995 381 5063 (3)
436 4992 557 5050 VV.
608 4992 711 5046 PP.
760 4992 945 5049 ltosw.
1000 4996 1093 5049 lib.
1152 4994 1215 5048 IIl
1260 5009 1379 5063 cap.
1435 4993 1540 5047 172
1590 5009 1645 5063 p.
1695 4993 1820 5057 59.6,

247 5084 266 5137 1
302 5104 382 5155 sq.

312 5178 383 5248 (ὦ)
423 5178 564 5232 Ibid.
606 5178 700 5233 lib.
743 5178 810 5231 Vl
850 5176 1018 5231 libell.
1056 5175 1109 5240 5,
1153 5175 1218 5228 16
1260 5192 1310 5244 p.
1352 5174 1481 5238 656,
1506 5174 1541 5226 ‘2
1566 5190 1651 5243 sq.

313 5268 387 5339 (5)
426 5269 668 5322 Goteler.
694 5266 843 5320 Eccl.
880 5266 1073 5321 Graec.
1108 5264 1248 5318 Mon.
1286 5264 1347 5318 Τ.
1392 5264 1410 5317 1
1454 5281 1506 5334 p.
1543 5263 1647 5319 546
1683 5279 1727 5319 s.
1770 5280 1823 5317 ν.

249 5359 517 5415 Macarius
568 5361 849 5430 Aegyptius
896 5360 923 5428 §
977 5356 1276 5423 XXXVIII;
1326 5356 1467 5410 infra
1522 5357 1578 5411 in
1630 5358 1826 5411 harum

248 5457 637 5519 Quaestionum
666 5452 981 5523 Appendice
1020 5451 1192 5503 altera
1233 5450 1336 5504 sub
1374 5448 1463 5502 Ill.

313 5549 385 5617 (6)
422 5548 616 5603 Oratio
649 5545 715 5601 de
754 5546 821 5600 iis
861 5544 951 5614 qui
993 5543 1048 5595 in
1083 5542 1186 5596 fide
1220 5541 1577 5596 dormierunt.
1616 5536 1692 5597 lo.
1728 5538 1830 5592 Da—

246 5658 409 5697 masc.
452 5641 600 5710 Opp.
642 5639 704 5693 T.
748 5640 765 5693 l
806 5653 858 5707 p.
894 5635 1018 5690 585.

311 5738 385 5801 (7)
432 5736 535 5804 Ep.
596 5734 682 5788 26.
726 5733 811 5787 Cf.
860 5728 1099 5783 Fabricii
1152 5727 1410 5784 Bibliotb.
1456 5725 1649 5782 Graec.
1684 5739 1728 5781 ε.
1776 5740 1829 5779 v.

247 5829 548 5884 Palladia:
572 5827 657 5882 ed.
698 5829 736 5883 1.
779 5826 893 5881 Vol.
938 5822 980 5875 Χ
1025 5839 1082 5887 p.
1113 5821 1231 5875 I06.

1990 4607 2067 4678 (8)
2109 4605 2472 4679 Synaxarinm
2499 4607 2835 4663 Graecorum
2872 4606 2942 4661 26
2967 4604 3081 4661 Ian.

1993 4703 2068 4774 (9)
2094 4700 2357 4768 Diatriba,
2389 4702 2604 4771 qualem
2637 4714 2760 4755 esse
2792 4698 2979 4753 deceat
3008 4698 3389 4768 imperatorem
3416 4694 3500 4751 Cf.

1922 4792 2157 4851 Fabrici‘
2208 4794 2463 4849 Biblioth.
2489 4792 2685 4847 Graec.
2726 4792 2763 4845 l.
2807 4792 2841 4843 Ι.

1996 4888 2107 4956 (10)
2141 4884 2377 4942 Consule
2399 4886 2637 4940 Leonem
2668 4884 2923 4937 Allatium
2952 4881 3019 4937 de
3041 4881 3197 4936 libris
3218 4880 3506 4937 ecclesias-

1924 4980 2051 5033 ticis
2089 4978 2421 5034 Graecorum
2460 4978 2595 5033 diss.
2625 4975 2664 5028 ll
2695 4977 2762 5030 ed
2810 4975 2965 5031 Paris
3034 4973 3169 5031 I645
3207 4988 3259 5042 p.
3304 4972 3407 5025 117
3435 5001 3505 5010 ~—

1926 5071 2050 5125 125.

1998 5161 2111 5229 (11)
2152 5158 2207 5214 1η
2248 5158 2337 5214 IV.
2385 5158 2534 5214 Sent.
2568 5160 2701 5214 Dist.
2741 5158 2879 5212 XLV
2909 5174 2963 5228 q.
3004 5157 3047 5210 ll
3086 5165 3188 5210 art.
3232 5154 3273 5208 ll
3307 5156 3372 5209 ad
3414 5154 3501 5211 IV.

1928 5254 2011 5309 Cf.
2038 5253 2150 5309 νγ.
2188 5253 2288 5307 ΡΡ.
2323 5254 2506 5309 Rosw.
2546 5253 2642 5308 lib.
2673 5250 2741 5305 Vl
2772 5261 2886 5304 not.
2929 5250 3064 5320 I2p.
3090 5248 3214 5309 622,
3241 5248 3293 5301 2.

1992 5346 2102 5415 (12)
2135 5344 2249 5399 vv.
2290 5344 2397 5399 PP.
2431 5343 2619 5400 nosw.
2676 5344 2769 5397 lib.
2807 5342 2873 5395 Ill
2916 5350 3029 5395 not.
3071 5342 3141 5394 ευ
3183 5358 3233 5409 ρ.
3292 5338 3417 5402 £55,
3450 5340 3502 5393 ι.

2005 5437 2117 5507 (15)
2158 5436 2293 5491 Ibid.
2321 5437 2415 5490 lib.
2452 5435 2519 5489 Ill
2546 5450 2666 5504 cap.
2701 5434 2800 5488 189
2825 5450 2878 5503 p.
2910 5432 3034 5496 5‘28,
3062 5433 3113 5484 1.
3526 5442 3529 5445 ‘

2005 5528 2117 5600 (14)
2151 5529 2384 5583 Coteler.
2433 5526 2578 5581 Eccl.
2621 5526 2812 5581 Graec.
2850 5524 2991 5579 Mon.
3025 5522 3089 5576 T.
3121 5522 3216 5592 Ip.
3244 5521 3346 5575 540
3374 5536 3420 5575 s.
3450 5534 3504 5575 v.

1934 5618 2207 5673 Macarius
2225 5618 2509 5687 Aegyptius
2540 5616 2566 5685 §
2594 5614 2816 5680 XXVII;
2842 5613 2979 5667 infra
3006 5613 3059 5667 in
3090 5611 3283 5667 barum
3301 5610 3517 5678 Quaes-

1935 5712 2144 5768 tionum
2176 5710 2487 5781 Appendice
2519 5710 2689 5801 altera
2714 5707 2817 5763 sub
2846 5704 2928 5761 111.
