4040 6550
519 317 636 370 ’155

1341 308 1442 365 SS.
1468 305 1926 361 MACARIORUM
1967 303 2292 360 AEGYPTII
2331 303 2418 357 ET
2460 297 2929 357 ALEXANDRINI

3668 291 3763 349 I56

522 428 587 490 in
617 446 693 488 eo
723 427 858 488 solo
884 427 1113 500 dilTert,
1145 426 1314 506 quod
1361 444 1476 505 pro
1517 427 1692 486 Esaia
1722 425 1943 486 abbate
1985 423 2096 484 Aio
2131 429 2170 483 Α
2200 422 2397 483 tribus
2418 419 2768 500 paximatiis
2790 415 2870 498 (4)
2892 412 3562 494 apposuit,tacensque
3583 415 3760 475 stetit.

521 527 714 589 abbas
762 526 988 603 legitur
1020 524 1126 604 (l).
1170 526 1280 585 Aio
1330 532 1538 585 autem
1585 523 1776 584 abbas
1825 524 1890 583 in
1939 521 2104 582 The-

523 624 707 686 baide
757 624 1055 685 habitavit
1090 622 1198 700 (2);
1245 622 1454 684 Esaias
1507 623 1700 683 abbas
1758 623 1825 683 in
1879 622 2107 700 quibus

523 726 791 805 Aegypti
841 725 1204 803 regionibus
1249 724 1491 798 vixerit,
1531 741 1658 784 non
1710 723 1963 784 invenio
2001 722 2104 802 (3).

524 825 684 887 Num
697 825 1682 905 compilatorApophthegmatum
1698 841 1828 885 rem
1841 825 2106 885 Macario

524 928 831 1005 Aegyptio
877 927 1038 987 iuste
1067 925 1376 998 tribuerit,
1423 925 1675 986 aliunde
1723 942 1849 985 non
1884 924 2103 1003 liquet.

606 1051 633 1082 ‹‹
671 1028 985 1087 Venerunt
1018 1025 1354 1103 aliquando
1395 1026 1521 1086 duo
1560 1026 1813 1104 quidam
1844 1025 2106 1085 iuvenes

527 1127 601 1188 ad
635 1128 883 1188 beatum
909 1128 1265 1199 Macarium,
1289 1146 1448 1188 unus
1473 1128 1727 1205 quidem
1749 1127 1824 1187 ad
1848 1127 2106 1206 plenum

527 1227 771 1293 doctus.
801 1227 959 1287 alter
997 1243 1145 1287 vero
1177 1227 1380 1286 adhuc
1411 1227 1744 1305 incipiens.
1777 1227 1849 1286 Et
1880 1241 2104 1304 provo-

526 1325 639 1385 luti
687 1326 954 1404 pedibus
1003 1326 1138 1387 eius
1186 1327 1604 1404 postulabant,
1635 1334 1702 1386 ut
1747 1343 1957 1386 secum
1999 1342 2108 1386 eos

528 1425 808 1487 habitare
844 1427 1254 1505 permitteret.
1288 1429 1452 1499 Quos
1481 1444 1622 1488 cum
1655 1427 1907 1486 vidisset
1933 1428 2108 1504 quasi

528 1540 794 1603 corpore
842 1524 1197 1592 deliciosos,
1254 1525 1624 1585 existimavit
1671 1543 1780 1585 eos
1827 1542 2108 1585 eremum

529 1626 692 1685 ferre
724 1642 850 1685 non
882 1642 1092 1704 posse.
1119 1625 1405 1702 Dixitque
1434 1625 1509 1686 ad
1543 1642 1652 1685 eos
1682 1643 1694 1685 :
1725 1625 1860 1698 Hic,
1885 1624 2108 1686 fratres

2203 524 2479 601 Cumque
2544 519 2987 587 comedissent,
3035 515 3326 575 dixerunt
3389 511 3466 572 ad
3526 511 3766 573 beatum

2205 620 2538 681 Macarium
2579 639 2592 682 :
2639 617 2939 684 Discedis,
2967 621 3161 694 pater,
3213 629 3292 672 an
3340 606 3510 671 non?
3557 610 3625 668 Et
3669 608 3769 670 ille

2205 723 2330 784 illic
2375 737 2442 782 se
2489 720 2815 798 quiescere
2867 715 3022 776 velle
3076 711 3420 793 respondit.
3463 712 3635 771 Tunc
3686 709 3771 771 illi

2207 822 2525 885 mattulam
2555 822 2620 881 in
2649 837 2778 881 uno
2808 816 3039 895 angulo
3067 815 3145 877 ad
3175 830 3336 892 Opus
3365 811 3562 891 ipsius
3589 809 3774 870 collo-

2207 931 2448 995 carunt,
2482 921 2601 1001 ipsi
2626 937 2775 981 vero
2807 921 2872 980 in
2901 919 3097 980 altero
3125 915 3354 993 angulo
3383 913 3768 992 quieverunt,

2207 1023 2382 1103 quasi
2409 1024 2484 1082 ad
2518 1019 2956 1083 dormiendum
2986 1035 3052 1078 se
3088 1015 3520 1096 proiecissent.
3552 1014 3775 1071 Iterum

2207 1142 2358 1201 ergo
2397 1123 2699 1183 Macarius
2734 1120 2971 1197 rogavit
3008 1117 3364 1188 Dominum,
3396 1121 3465 1174 ut
3501 1114 3556 1174 ei
3593 1129 3776 1190 opera

2209 1225 2487 1301 ipsorum
2532 1221 2896 1282 declararet.
2937 1221 3009 1279 Et
3056 1235 3226 1289 ecce,
3268 1215 3434 1276 velut
3483 1213 3777 1291 dissipato

2207 1331 2371 1382 tecto
2399 1321 2503 1382 lux
2527 1321 2689 1382 clara
2711 1319 2998 1381 cellulam
3029 1317 3196 1378 illam
3222 1315 3396 1395 quasi
3427 1313 3631 1374 media
3655 1314 3780 1373 dies

2208 1423 2511 1501 implevit,
2537 1439 2723 1500 quam
2764 1428 2972 1481 tamen
3003 1419 3094 1480 illi
3124 1435 3253 1479 non
3283 1421 3634 1477 senserunt.
3667 1415 3779 1474 Sed

2209 1532 2541 1604 postquam
2573 1524 2846 1585 arbitrati
2885 1529 3028 1583 sunt
3064 1537 3278 1581 senem
3317 1517 3616 1589 dormire,
3649 1534 3780 1576 sur-

2209 1631 2426 1699 gentes
2444 1624 2504 1684 in
2523 1624 2870 1684 orationem
2889 1639 3024 1682 sese
3038 1621 3367 1690 dederunt,
3385 1617 3784 1678 extendentes

530 1725 677 1797 mei,
711 1737 836 1785 non
878 1724 1140 1803 potestis
1171 1741 1448 1784 manere.
1480 1726 1552 1784 Et
1579 1724 1666 1784 illi
1700 1725 1986 1786 dixerunt
2013 1743 2023 1784 :
2049 1725 2110 1785 Si
2145 1757 2183 1809 Β
2213 1741 2434 1784 manus
2463 1725 2539 1784 ad
2573 1723 2840 1784 coelum.
2873 1724 3038 1794 Quos
3067 1721 3321 1800 quidem
3350 1718 3478 1790 ille,
3505 1715 3657 1795 quid
3695 1714 3781 1775 fa-

530 1833 737 1886 tecum
795 1842 922 1886 non
977 1842 1316 1902 possumus
1373 1825 1674 1898 habitare,
1718 1833 1914 1904 pater,
1963 1827 2113 1905 quid

532 1945 681 2004 ergo
712 1925 1052 1988 faciemus?
1081 1930 1214 1999 Quo
1246 1927 1349 1988 ille
1377 1926 1589 1988 audito
1621 1928 1830 2006 coepit
1857 1928 2016 1988 intra
2049 1946 2114 1987 se

529 2030 613 2090 ita
644 2034 933 2108 reputare
960 2045 972 2088 :
999 2029 1062 2089 Si
1091 2028 1235 2090 illos
1273 2028 1420 2090 hinc
1452 2029 1721 2103 eiecere,
1755 2029 2114 2090 scandalum

533 2131 878 2210 patientur;
904 2147 1072 2192 nunc
1094 2130 1297 2191 dicam
1327 2130 1449 2191 illis
1478 2148 1489 2190 :
1515 2130 2117 2203 Venite,construite

532 2229 712 2290 vobis
740 2227 1056 2302 cellulam,
1081 2230 1133 2290 si
1163 2229 1446 2308 potestis.
1481 2231 1757 2307 Cumque
1789 2227 1879 2288 illi
1907 2228 2115 2289 locum

537 2330 655 2390 sibi
689 2331 1123 2392 tantummodo
1165 2330 1580 2390 demonstrari
1608 2337 1918 2407 rogarent,
1944 2330 2119 2390 duxit

537 2445 645 2489 eos
693 2437 751 2489 et
801 2428 1074 2489 ostendit
1117 2427 1274 2498 144
1313 2427 1386 2488 iis
1436 2434 1700 2505 petram,
1743 2444 1864 2506 qua
1923 2429 2116 2488 incisa

537 2532 655 2592 sibi
689 2531 1109 2594 habitaculum
1133 2537 1600 2609 praepararent,
1625 2537 1684 2590 et
1712 2529 1896 2606 lignis
1919 2530 2117 2591 allatis

537 2630 616 2691 de
664 2631 892 2710 palude
953 2636 1384 2707 contegerent.
1435 2628 1861 2690 Arbitrabatur
1907 2637 2115 2689 autem

537 2731 835 2791 Macarius
878 2730 1208 2792 confestim
1249 2728 1390 2789 illos
1430 2746 1545 2808 pro
1581 2729 1861 2791 iniuncto
1902 2729 2115 2790 labore

538 2830 881 2892 discedere.
915 2831 1008 2891 Illi
1046 2847 1192 2891 vero
1231 2829 1773 2907 interrogaverunt
1811 2848 1978 2903 eum,
2015 2831 2110 2890 di-

537 2935 748 2990 centes
775 2947 785 2988 :
811 2929 967 3002 Quid
991 2928 1200 3008 operis
1223 2945 1514 2990 exercere
1536 2928 1716 2990 iubes
1738 2946 1875 3001 nos,
1902 2927 2116 3009 pater?

536 3031 709 3092 Tunc
731 3029 837 3090 ille
860 3029 1117 3091 sublatis
1136 3029 1302 3090 foliis
1322 3028 1671 3092 funiculum
1693 3029 1812 3091 illis
1831 3030 2112 3092 intexere

540 3129 834 3203 ostendit,
862 3147 1051 3208 quem
1083 3147 1198 3209 pro
1228 3129 1533 3191 victu'eos
1563 3128 1908 3192 distrahere
1935 3149 2111 3193 com-

540 3230 814 3303 monuit;
866 3237 926 3290 et
972 3229 1054 3290 ita
1104 3229 1181 3288 ab
1230 3230 1306 3289 iis
1361 3229 1663 3291 discessit.
1713 3233 1786 3290 At
1832 3229 1921 3291 illi
1971 3250 2114 3293 cum

541 3350 783 3393 summa
813 3330 1132 3410 patientia,
1159 3346 1593 3409 quaecumque
1621 3331 1697 3392 iis
1726 3329 1971 3393 fuerant
1994 3333 2114 3393 im-

542 3438 778 3510 perata,
823 3429 1244 3509 perfecerunt.
1291 3429 1521 3491 Videns
1571 3447 1721 3507 ergo
1769 3447 1880 3492 eos
1925 3449 2118 3492 senex

543 3532 608 3591 in
663 3529 963 3609 operibus
1017 3530 1201 3591 bonis
1254 3529 1534 3608 quotidie
1595 3547 2014 3604 succrescere,
2061 3540 2123 3592 et

546 3631 910 3710 frequenter
937 3629 1001 3690 in
1035 3629 1364 3691 ecclesiam
1403 3649 1543 3692 cum
1584 3630 1833 3693 silentio
1871 3632 1937 3692 in
1978 3651 2122 3694 ora-

545 3731 820 3792 tionibus
886 3731 1243 3810 persistere,
1299 3731 1690 3794 desiderabat
1754 3735 1914 3796 scire
1983 3751 2125 3795 vera

547 3849 739 3910 opera
772 3848 1015 3892 eorum.
1040 3830 1398 3910 Septimana
1429 3848 1580 3909 ergo
1607 3832 1849 3911 integra
1878 3833 2124 3895 ieiuna-

2221 1833 2454 1898 cerent,
2505 1826 2892 1896 intuebatur;
2951 1822 3039 1883 illi
3095 1828 3298 1882 autem
3353 1819 3530 1880 illum
3582 1817 3787 1877 videre

2219 1943 2348 1986 non
2397 1932 2705 2004 poterant.
2748 1925 3051 1985 Intentius
3095 1930 3301 1984 autem
3351 1938 3542 1982 senex
3592 1919 3786 1998 respi-

2219 2027 2392 2087 ciens
2413 2027 2562 2088 vidit
2591 2035 2888 2106 tanquam
2919 2044 3163 2087 muscas
3185 2025 3525 2086 daemones
3545 2022 3790 2082 venien-

2220 2133 2311 2187 tes
2337 2128 2402 2187 in
2429 2127 2595 2189 illius
2624 2129 2884 2190 minoris
2914 2145 3022 2189 ore
3062 2133 3248 2207 atque
3283 2125 3482 2187 oculis
3520 2122 3790 2185 residere

2219 2227 2522 2301 volentes,
2538 2227 2647 2288 sed
2665 2228 2924 2305 angelus
2943 2229 3188 2290 Domini
3210 2226 3597 2306 rhomphaea
3618 2225 3792 2303 ignea

2219 2336 2491 2390 armatus
2526 2328 2682 2400 145
2712 2322 3018 2388 tamillum
3034 2328 3457 2390 circumdabat
3487 2333 3546 2388 et
3577 2326 3790 2387 defen-

2219 2429 2426 2502 debat,
2451 2447 2639 2509 quam
2667 2431 3008 2492 daemones
3031 2428 3375 2508 repellebat
3395 2433 3454 2489 et
3481 2427 3791 2499 eiicicbat;

2219 2529 2293 2590 ad
2325 2531 2624 2592 maiorem
2657 2548 2804 2593 vero
2845 2531 3146 2592 accedere
3178 2529 3353 2590 nullo
3389 2529 3580 2591 modo
3621 2547 3792 2608 prae-

2219 2629 2522 2691 valebant.
2557 2632 2760 2709 PrOpc
2791 2647 2937 2690 vero
2977 2629 3097 2690 iam
3133 2629 3270 2690 luce
3302 2629 3706 2708 proiecerunt
3735 2645 3796 2690 se

2218 2729 2283 2790 in
2337 2729 2562 2791 eodem
2614 2737 2807 2790 stratu
2857 2746 2995 2790 suo.
3046 2731 3218 2791 Tunc
3280 2728 3585 2790 Macarius
3642 2727 3799 2790 velut

2217 2829 2514 2906 evigilans
2581 2829 2878 2901 surrexit;
2933 2827 3218 2890 similiter
3278 2836 3691 2889 surrexerunt
3745 2836 3800 2888 et

2214 2930 2336 3009 ipsi
2367 2947 2542 3010 quasn
2577 2930 2656 2991 de
2697 2929 2888 3007 longo
2930 2947 3154 2990 somno
3201 2929 3473 2990 excitati.
3507 2931 3581 2990 Et
3624 2945 3798 2990 acce-

2217 3029 2372 3091 dens
2402 3031 2614 3092 senior
2640 3030 2830 3091 frater
2857 3030 2933 3091 ad
2963 3047 3180 3092 senem
3209 3030 3363 3091 dixit
3393 3047 3406 3089 :
3435 3029 3566 3103 Vis,
3606 3039 3800 3108 pater,

2215 3133 2311 3194 vel
2334 3133 2668 3195 duodecim
2693 3134 2970 3212 psalmos
2992 3151 3311 3195 canamus.
3338 3135 3620 3213 Cumque
3651 3132 3804 3213 psal-

2217 3233 2440 3307 lerent,
2483 3233 2562 3296 de
2611 3252 2721 3296 ore
2773 3234 3036 3296 iunioris
3086 3234 3292 3295 fratris
3354 3253 3468 3314 per
3527 3235 3806 3313 singulos

2220 3355 2434 3398 versus
2453 3336 2553 3398 fax
2575 3338 2736 3414 ignis
2758 3355 3006 3415 egressa
3027 3338 3405 3400 ascendebat
3422 3337 3497 3400 ad
3529 3338 3804 3400 coelum.

2223 3441 2375 3499 Item
2422 3447 2483 3499 et
2536 3440 2736 3500 maior
2791 3458 2934 3500 cum
2992 3440 3377 3512 decantaret,
3427 3441 3680 3520 quoties
3735 3439 3805 3501 ad

2226 3539 2616 3617 psallendum
2663 3538 2823 3601 labia
2869 3539 3241 3614 deducebat,
3283 3540 3451 3602 velut
3494 3541 3808 3603 funiculus

2225 3640 2389 3716 ignis
2419 3639 2496 3701 de
2529 3657 2640 3701 ore
2669 3641 2806 3702 eius
2840 3640 3123 3702 similiter
3149 3641 3525 3703 tendebatur
3555 3643 3637 3703 ad
3666 3660 3806 3704 coc-

2229 3740 2382 3802 lum.
2401 3743 2736 3820 Postquam
2755 3759 2900 3802 vero
2921 3741 3330 3822 expleverunt
3351 3745 3693 3805 matutinos
3709 3743 3808 3822 (5),

2232 3858 2518 3918 egressus
2567 3841 2866 3904 Macarius
2912 3843 3277 3905 obsecrabat
3317 3861 3448 3918 eos,
3483 3852 3551 3905 ut
3594 3862 3711 3924 pro
3749 3861 3810 3906 se

546 3930 652 4003 Vit,
688 3937 748 3991 et
778 3930 1017 4007 I'OgaVit
1048 3929 1405 4003 Dominum,
1431 3938 1497 3992 ut
1527 3932 1645 3992 Sibi
1682 3950 1875 4012 Opera
1911 3951 2130 3995 eorum
2233 3957 2412 4002 orare
2450 3941 2885 4019 dignarentur;
2924 3942 3014 4004 illi
3053 3961 3199 4006 vero
3247 3951 3522 4005 tacentes
3561 3945 3641 4006 ad
3686 3945 3812 4006 eius

547 4030 910 4109 dignaretur
941 4031 1298 4092 ostendere.
1335 4032 1408 4092 Et
1440 4040 1582 4111 post
1619 4033 1772 4096 haec
1813 4034 2132 4113 profectus

548 4140 642 4193 est
669 4132 747 4193 ad
778 4149 910 4205 eos,
935 4132 1325 4211 pulsavitque
1370 4134 1601 4194 ostium
1641 4134 1980 4213 speluncae
2031 4155 2136 4197 eo-

549 4249 710 4291 rum.
749 4236 882 4302 Quo
920 4238 1140 4310 aperto
1181 4237 1244 4292 et
1287 4231 1419 4292 viso
1460 4230 1716 4294 homine
1757 4235 1862 4296 Dei
1908 4236 2132 4298 adora-

549 4339 770 4392 verunt
811 4331 1058 4410 utrique
1087 4331 1152 4391 in
1181 4338 1366 4391 terra.
1400 4332 1471 4390 Et
1509 4339 1840 4412 postquam
1872 4334 2028 4396 facta
2062 4352 2137 4396 ex

2235 4042 2432 4121 pedes
2458 4049 2602 4104 sunt
2621 4044 2956 4122 provoluti,
2979 4046 3222 4125 seipsos
3242 4047 3632 4108 orationibus
3655 4045 3813 4106 illius

2238 4144 2768 4206 commendantes.
2801 4146 2872 4205 Et
2925 4147 3216 4223 cognovit
3273 4165 3488 4220 senex,
3518 4148 3812 4227 quoniam

2239 4242 2438 4303 maior
2474 4243 2730 4322 quidem
2769 4251 2932 4305 esset
2958 4244 3024 4305 in
3060 4245 3283 4306 timore
3325 4246 3432 4306 Dei
3474 4245 3813 4325 perfectus,

2242 4343 2549 4403 minorem
2579 4361 2726 4405 vero
2757 4345 2960 4408 adhuc
2983 4347 3325 4408 daemones
3352 4347 3813 4426 impugnarent.

551 4447 726 4490 more
756 4429 1038 4491 oratione
1080 4429 1524 4504 consederunt,
1558 4430 1663 4491 ille
1704 4433 1902 4492 maior
1939 4433 2141 4495 innuit
2171 4454 2218 4513 ι)
2242 4444 2389 4503 Post
2430 4460 2668 4522 paucos
2708 4462 2854 4506 vero
2895 4445 3030 4508 dies
3072 4447 3271 4508 maior
3310 4445 3499 4506 frater
3529 4452 3817 4524 receptus

551 4529 803 4602 minori,
823 4537 883 4589 et
913 4547 1200 4607 egressus
1231 4536 1323 4590 est
1347 4529 1536 4590 foras.
1560 4532 1700 4608 Ipse
1730 4539 1936 4593 autem
1965 4534 2141 4596 sede-

550 4629 655 4690 bat
676 4635 978 4706 torquens
1000 4627 1370 4701 funiculum,
1389 4627 1540 4687 nihil
1568 4627 1834 4708 loquens
1854 4633 2136 4692 omnino.

549 4729 720 4816 Hora
750 4745 896 4790 vero
935 4745 1102 4789 nona
1142 4727 1411 4808 pulsavit
1435 4729 1664 4790 ostium
1686 4729 1876 4792 frater
1904 4733 2136 4807 iunior,

553 4835 614 4890 et
656 4829 974 4907 ingressus
1013 4835 1105 4889 est
1143 4846 1288 4890 cum
1331 4829 1497 4904 cibo,
1529 4848 1656 4912 quo
1698 4833 2130 4898 reficerentur.

550 4927 788 4989 Eodem
817 4934 972 4988 nutu
1003 4928 1207 4988 iussus
1247 4929 1597 4991 mensulam
1637 4933 1957 5010 parvulam
1991 4955 2135 4999 cum

630 5141 706 5210 (ι)
741 5139 881 5194 Ibid.
922 5156 977 5210 p.
1005 5139 1109 5194 549
1133 5138 1160 5209 §
1187 5139 1319 5193 xu.

630 5231 864 5302 (2)1bid.
902 5248 956 5301 p.
992 5232 1098 5286 400
1125 5248 1210 5301 sq.
1243 5248 1289 5286 s.
1330 5249 1381 5286 v.
1423 5237 1543 5288 Ain.

631 5321 708 5393 (ὅ)
740 5322 814 5376 De
843 5321 1009 5377 Esaia
1034 5323 1228 5378 abbate
1249 5323 1324 5377 cf.
1350 5321 1463 5376 νγ.
1492 5322 1594 5377 PP.
1621 5322 1802 5377 Rosw.
1828 5324 1922 5377 lib.
1945 5325 1987 5378 ll
2018 5341 2136 5396 cap.

560 5412 628 5468 10
661 5429 716 5484 p.
749 5413 875 5478 469,
903 5418 956 5468 2.
1005 5414 1144 5469 llist.
1189 5414 1354 5470 Laus.
1405 5416 1472 5470 ed
1520 5415 1722 5470 Meurs.
1749 5431 1870 5486 cap.
1898 5417 1962 5469 57
1996 5417 2132 5487 Opp.

563 5507 766 5561 Meurs.
785 5509 822 5561 l.
849 5509 886 5561 l.
915 5525 967 5578 p.
987 5509 1109 5562 515.
1143 5508 1410 5579 (Genuina
1436 5526 1577 5573 esse,
1599 5527 1740 5579 quae
1761 5511 1831 5564 ibi
1857 5512 2139 5582 leguntur.

562 5602 763 5656 docent
807 5601 969 5656 codd.
1005 5600 1312 5656 Vindobon.
1351 5619 1489 5671 quos
1533 5619 1585 5672 p.
1621 5603 1688 5657 14
1721 5605 2141 5672 recensuimus.)

567 5690 786 5747 Sozom.
832 5691 972 5745 llist.
1026 5693 1168 5747 Eccl.
1215 5695 1308 5749 lib.
1352 5694 1415 5746 lll
1457 5709 1577 5763 cap.
1627 5695 1692 5748 14
1729 5695 1816 5749 ed.
1852 5695 1888 5750 l.
1932 5713 1985 5765 p.
2020 5697 2142 5750 518.

562 5784 802 5841 Coteler.
836 5782 983 5839 Eccl.
1014 5783 1207 5839 Graec.
1242 5785 1383 5840 Mon.
1415 5785 1477 5839 T.
1506 5785 1599 5856 l'p.
1635 5787 1738 5840 415
1779 5802 1827 5841 s.
1853 5803 1907 5843 v.
1938 5787 2123 5841 Esaia.

2247 4549 2341 4603 est
2374 4542 2441 4603 in
2482 4560 2670 4622 pace;
2710 4545 2895 4606 tertio
2934 4545 3035 4607 die
3075 4547 3258 4608 etiam
3306 4546 3514 4607 minor
3551 4553 3647 4607 est
3682 4562 3817 4606 eum

2247 4643 2578 4705 adsecutus
2616 4644 2722 4724 (6).
2756 4669 2783 4701 »
2821 4646 2993 4707 Idem
3041 4647 3296 4708 uberius
3339 4647 3474 4725 ipse
3520 4647 3818 4708 Macarius

2249 4761 2531 4805 narrasse
2560 4745 2820 4806 traditur
2851 4747 2913 4807 in
2943 4747 3104 4808 libro
3135 4755 3310 4808 sexto
3336 4747 3417 4829 (7)
3454 4755 3514 4810 et
3548 4748 3617 4808 in
3655 4751 3816 4826 Apo-

2241 4840 2664 4919 phthegmatis
2685 4861 2719 4904 a
2743 4844 3048 4906 Cotelcrio
3082 4845 3340 4924 prolatis
3357 4845 3462 4927 (8);
3486 4845 3818 4924 utrobique

2243 4941 2412 5001 enim
2444 4941 2539 5002 his
2567 4943 2787 5022 incipit
2815 4945 3019 5005 verbis
3047 4963 3058 5005 :
3094 4970 3122 5001 (ι
3160 4946 3413 5009 Dicebat
3441 4946 3634 5010 abbas
3674 4945 3817 5006 Vin-

2322 5153 2397 5221 (4)
2438 5151 2493 5206 1η
2535 5170 2730 5223 graeco
2758 5164 2903 5209 textu
2927 5156 3176 5212 (lotelerii
3201 5161 3350 5227 τρεῖς
3377 5158 3719 5228 παξαμάδας.

2322 5245 2396 5311 (5)
2450 5243 2506 5298 1η
2562 5262 2758 5314 graeco
2809 5255 2959 5300 textu
3019 5264 3107 5316 ap.
3170 5248 3500 5302 Cotelcrium
3555 5250 3687 5320 περὶ
3731 5247 3822 5316 τὴν

2249 5338 2492 5406 πρωῖαν,
2522 5340 2668 5392 circa
2701 5341 3026 5393 matutinum
3057 5349 3288 5398 tempus.

2323 5428 2396 5492 (6)
2431 5427 2542 5482 VV.
2574 5427 2675 5483 PP.
2708 5429 2890 5485 Rosw.
2919 5431 3011 5484 lib.
3049 5431 3114 5483 |1l
3158 5448 3278 5500 cap.
3307 5431 3411 5486 195
3453 5448 3506 5501 p.
3529 5431 3656 5495 528,
3683 5430 3718 5484 2
3741 5445 3818 5499 sq.

2323 5521 2398 5588 (7)
2426 5518 2563 5574 una.
2601 5521 2696 5574 lib.
2725 5520 2789 5573 v1
2817 5523 2983 5577 libell.
3017 5524 3068 5586 δ,
3097 5523 3132 5576 2
3167 5541 3218 5588 ν.
3251 5522 3376 5585 631,
3412 5524 3446 5576 9.
3479 5539 3541 5592 sq

2325 5610 2402 5675 (8)
2442 5610 2678 5666 Coteler.
2711 5611 2858 5667 Eccl.
2887 5612 3083 5668 Graec.
3105 5614 3250 5667 Mon.
3279 5614 3384 5670 T.l
3421 5630 3472 5684 p.
3506 5614 3603 5669 541
3633 5629 3818 5684 sqq.,s.

2258 5717 2306 5754 v.
2342 5700 2619 5756 Macarius
2661 5703 2949 5776 Aegyptius
2981 5704 3285 5775 §XXXlll;
3349 5706 3490 5760 infra
3529 5707 3582 5759 in
3634 5706 3821 5759 harum

2249 5790 2642 5859 Quaestionum
2677 5797 2972 5866 appendice
3004 5798 3171 5852 altera
3205 5798 3308 5854 sub
3339 5795 3426 5852 111.
