4040 6568
297 394 388 447 157

1784 409 2011 464 VITAE.
2089 405 2100 413 ’

3417 426 3519 483 153

283 485 506 553 demius
562 487 658 563 [in
713 491 1272 573 ApOphthegmatis
1326 508 1636 582 Birtpzog],
1691 508 1839 586 quia
1871 517 1910 570 A
1943 516 2228 588 spectare
2258 510 2632 588 invenimus,
2656 514 2718 575 id
2752 516 2923 594 quod
2953 523 3014 577 et
3041 516 3102 576 in
3141 518 3362 580 ceteris
3391 518 3516 584 ’κ’-ν.

283 586 735 697 ηειπεγὶῐρξὼθε
753 593 1368 697 Macarius:Sedente
1385 603 1838 683 mealiquando
1945 586 2060 670 PP.
2105 611 2388 673 eiusdem
2431 586 2822 676 collectionis
2862 614 3034 677 libris
3078 617 3515 697 deprchende-

279 687 338 794 in
365 685 552 794 Scithi
581 688 1155 794 [Apophthegmata
1180 713 1193 756 :
1215 707 1297 768 εἰς
1328 703 1556 777 Σκῆτιν]
1580 701 1840 764 descen-
1940 727 2100 771 mus.
2157 712 2526 774 Rosweidus
2550 714 2706 786 147
2729 733 2872 776 cum
2915 733 2950 777 e
2992 685 3222 794 genere
3267 719 3518 781 dicendi

277 781 485 846 derunt
515 783 644 846 duo
674 787 1104 854 adolescentes
1133 797 1488 873 peregrini.
1513 844 1525 857 .
1551 846 1563 858 .
1591 847 1606 873 ,
1629 824 1660 856 ››
1688 809 1748 863 et
1769 803 1835 864 in

1940 815 2001 869 et
2043 810 2420 889 quibusdam
2467 813 2869 892 praefationis
2911 817 3136 892 verbis,
3168 835 3329 897 quae
3373 836 3516 882 cum

274 883 627 993 narrationis
658 887 910 952 demum
943 892 1069 954 fine
1106 892 1262 958 haec
1299 897 1614 961 adduntur
1646 919 1659 962 :
1699 926 1729 960 α
1762 905 1836 964 Et
1937 883 2084 970 libri
2120 913 2382 973 secundi
2423 913 2812 993 praefatione
2842 919 3245 992 conveniunt,
3268 926 3400 980 tum
3440 937 3518 981 ex

273 999 401 1043 cum
431 980 622 1062 aliqui
648 993 894 1064 patrum
915 991 1280 1056 advenirent
1303 997 1511 1059 abbati
1540 1001 1830 1079 Macario,

271 1081 523 1145 ducebat
544 1102 653 1148 eos
681 1087 745 1148 in
773 1090 995 1154 cellam
1026 1094 1309 1174 ipsorum
1333 1097 1550 1160 dicens
1575 1117 1588 1160 :
1612 1102 1832 1164 Venite

267 1181 464 1244 videre
511 1189 874 1267 martyrium
915 1192 1142 1256 horum
1184 1198 1502 1260 minorum
1547 1205 1829 1282 peregri-

268 1301 503 1348 norum.
533 1312 561 1344 υ
592 1293 923 1358 Macarium
951 1298 1140 1377 igitur
1163 1304 1537 1382 Aegyptium
1567 1305 1832 1386 intelligi

265 1394 475 1468 sponte
514 1389 704 1454 lucet.

336 1512 362 1544 «
393 1489 545 1552 Cum
573 1495 827 1573 quidam
854 1497 1098 1576 fratres,
1122 1505 1657 1582 quemadmodum
1695 1525 1831 1572 ora-

261 1595 407 1662 rent,
430 1590 682 1656 beatum
704 1600 1034 1662 Macarium
1056 1604 1548 1683 requisivissent,
1568 1625 1828 1688 respon-

261 1689 340 1750 dit
356 1690 474 1753 illis
496 1695 744 1758 dicens:
767 1701 906 1762 Non
927 1709 1071 1763 sunt
1092 1707 1442 1769 necessaria
1463 1707 1622 1780 146
1640 1711 1827 1773 nobis

1937 1010 2396 1088 praefationum
2435 1013 2573 1076 libri
2612 1017 2871 1078 secundi
2914 1025 2975 1079 et
3016 1019 3184 1079 tertii
3224 1017 3517 1081 afﬁnitate

1935 1127 2078 1170 cum
2124 1115 2465 1192 prooemiis
2493 1117 2801 1180 Historiae
2823 1121 3175 1194 Lausiacae,
3219 1123 3516 1184 Ruﬁnum

1932 1208 2072 1272 libri
2112 1201 2277 1274 tertii
2306 1215 2678 1294 scriptorem
2711 1217 3161 1301 (interpretem)
3187 1239 3324 1284 esse
3357 1239 3512 1285 con-

1929 1308 2097 1372 iecit.
2129 1313 2277 1382 Quia
2313 1316 2482 1377 enim
2510 1317 2652 1379 libri
2685 1320 2850 1380 tertii
2892 1322 3196 1400 praefatio
3247 1325 3513 1403 epistola

1934 1411 2192 1475 Palladii
2222 1417 2296 1476 ad
2329 1418 2597 1478 Lausum
2627 1419 2936 1482 Historiae
2963 1423 3294 1485 Lausiacae
3326 1442 3510 1504 prac-

1929 1512 2120 1575 missa
2176 1523 2346 1578 certo
2396 1518 2705 1593 innititur,
2748 1521 3051 1600 praefatio
3109 1531 3318 1586 autem
3369 1525 3510 1587 libri

1929 1613 2212 1688 secundi,
2239 1616 2416 1678 cuius
2459 1617 2772 1697 interpres
2829 1623 3116 1696 Ruﬁnus,
3147 1623 3225 1685 ad
3275 1643 3505 1704 prooe-

1927 1711 2144 1787 mium,
2196 1717 2366 1794 quod
2426 1717 2490 1778 in
2547 1718 2754 1782 fronte
2816 1723 3121 1785 Historiae
3178 1726 3506 1788 Lausiacae

257 1790 561 1867 superﬂua
594 1798 802 1873 verba,
827 1801 935 1862 sed
964 1805 1303 1866 extendere
1330 1813 1571 1869 tantum
1602 1827 1824 1874 manus
1858 1864 1896 1916 B
1926 1811 2309 1876 Meursianae
2369 1823 2431 1877 et
2486 1819 2948 1882 Rosweidianae
2996 1823 3287 1886 editionis
3348 1826 3504 1905 legi-

261 1906 319 1916 -..
367 1891 564 1916 1:--_-
648 1897 662 1916 I
710 1900 722 1916 ι
1027 1905 1070 1916 κ
1517 1909 1532 1916 -
1667 1910 1678 1916 -
1938 1915 1942 1916 ,
2096 1911 2111 1916 _
2243 1914 2254 1916 _
2341 1914 2352 1916 _

256 1906 321 1951 ac
362 1891 572 1956 dicere
626 1897 930 1962 debemus
973 1921 986 1963 :
1027 1905 1213 1981 Deus,
1254 1909 1578 1985 quomodo
1624 1910 1716 1972 vis
1764 1918 1826 1972 et
1858 1891 1896 1916 υ
1928 1915 2051 1985 tur,
2094 1911 2260 1974 haud
2319 1914 2507 1978 dubie
2562 1918 2798 1994 alludit,
2841 1923 3112 1984 eundem
3179 1891 3505 2006 utriusque

254 1992 400 2054 sicut
427 1995 546 2057 tibi
575 1997 800 2078 placet,
834 2003 918 2065 ita
949 2005 1074 2068 ﬁat.
1111 2008 1174 2068 Si
1202 2014 1410 2070 autem
1445 2012 1704 2074 tentatio
1736 2013 1823 2074 ir-

253 2095 451 2169 ruerit,
483 2107 593 2160 aut
641 2102 1054 2182 impugnatio,
1079 2108 1412 2172 dicendum
1459 2119 1553 2173 est
1587 2131 1600 2173 :
1632 2114 1820 2187 Deus,

251 2195 538 2259 auxiliare
593 2201 799 2263 nobis.
847 2206 990 2284 Ipse
1039 2211 1205 2268 enim
1257 2210 1394 2283 scit,
1429 2228 1590 2289 quae
1640 2212 1822 2274 nobis

252 2297 577 2376 expediant
609 2300 714 2378 (1).
749 2325 778 2358 »
817 2304 1049 2366 Eadem
1089 2309 1339 2369 Macarii
1373 2308 1724 2372 exhortatio
1755 2311 1818 2372 in

251 2396 394 2460 libro
443 2402 672 2479 quinto
696 2403 778 2483 (2)
811 2411 873 2465 et
915 2406 980 2467 in
1028 2408 1588 2488 Apophthegmatis
1635 2413 1816 2473 Cote-

250 2495 372 2558 lerii
403 2497 483 2579 (3)
525 2499 772 2578 legitur.
813 2507 1013 2583 Atque
1043 2523 1120 2567 ex
1155 2507 1481 2569 monachis
1517 2510 1623 2570 alii
1667 2529 1815 2590 per-

247 2596 457 2658 multas
515 2600 801 2678 quotidie
859 2603 1174 2665 orationes
1233 2605 1524 2668 recitasse
1569 2607 1675 2688 (4),
1713 2609 1817 2670 alii

249 2698 498 2760 eandem
559 2700 812 2763 brevem
867 2721 1118 2784 semper
1170 2706 1498 2786 repetiisse
1552 2710 1813 2772 tradun-

247 2801 338 2856 tur
375 2796 476 2876 (5).
538 2799 822 2861 Ceterum
875 2819 1062 2881 quam
1113 2805 1339 2866 eximie
1394 2804 1474 2868 de
1532 2808 1814 2871 oratione

245 2897 536 2958 Macarius
571 2901 913 2980 Aegyptius
945 2904 1232 2980 senserit,
1264 2922 1342 2966 ex
1369 2906 1504 2969 eius
1543 2907 1816 2972 homiliis

246 2998 394 3058 clare
421 3004 622 3078 patet.
831 2995 834 2998 “
1603 3079 1607 3083 ,

319 3082 346 3153 '.
379 3099 588 3162 Abbas
617 3102 918 3166 Macarius
943 3104 1091 3166 dum
1119 3107 1314 3169 semel
1337 3107 1417 3170 de
1447 3082 1640 3171 Scithi
1668 3128 1813 3190 por-

1927 2007 2066 2071 libri
2083 2013 2454 2092 scriptorem
2473 2014 2901 2098 (interpretem
2922 2030 3026 2083 aut
3046 2024 3503 2102 praefationum

1924 2111 2320 2195 scriptorem)
2353 2116 2649 2178 Ruﬁnum
2679 2135 2840 2192 esse,
2867 2122 3014 2182 satis
3033 2123 3330 2185 audacter
3357 2126 3501 2204 qui-

1924 2209 2067 2270 dem
2097 2214 2367 2276 coniecit
2392 2215 2497 2296 (9).
2523 2218 2888 2297 Quanquam
2918 2221 3012 2280 vel
3047 2239 3148 2294 eo,
3175 2224 3345 2302 quod
3380 2226 3504 2285 Ru-

1922 2307 2085 2369 ﬁnus
2134 2318 2417 2374 mortuus
2463 2321 2613 2388 erat,
2645 2321 2980 2394 antequam
3025 2317 3297 2380 Historia
3340 2321 3498 2380 Lau-

1921 2407 2080 2470 siaca
2111 2410 2391 2489 prodiret
2418 2411 2565 2492 (10),
2597 2431 2631 2474 a
2672 2413 2779 2476 tali
2816 2432 3028 2478 errore
3068 2418 3345 2480 revocari
3386 2419 3499 2481 de-

1917 2508 2126 2570 bebat.
2148 2511 2390 2572 Etenim
2411 2516 2803 2592 prooemium
2833 2517 2999 2579 istud
3032 2520 3418 2581 Meursianae
3440 2527 3502 2582 et

1916 2608 2384 2674 Rosweidianae
2421 2613 2713 2678 editionis
2748 2615 2867 2696 (11)
2906 2619 3215 2682 Historiae
3243 2622 3497 2682 Lausia-

1916 2726 2049 2784 cae,
2069 2729 2344 2790 quocum
2367 2714 2509 2775 libri
2537 2717 2796 2778 secundi
2826 2720 3127 2798 praefatio
3149 2722 3282 2784 sine
3306 2723 3498 2785 dubio

1916 2810 2232 2886 cohaeret,
2259 2815 2539 2892 Spurium
2559 2824 2650 2877 est
2671 2815 2788 2896 (12)
2823 2826 2883 2879 et
2909 2820 3177 2883 Historia
3203 2823 3497 2884 Lausiaca

1913 2909 2239 2984 vetustius,
2272 2913 2440 2974 unde
2476 2914 2538 2974 id
2575 2915 2640 2976 in
2677 2916 2836 2979 libro
2876 2921 3155 2982 secundo
3193 2930 3340 2983 ante
3381 2923 3493 2983 Hi-

1913 3011 2167 3071 storiam
2198 3014 2556 3076 Lausiacam
2592 3017 2824 3096 scripto
2851 3019 3134 3081 adhiberi
3159 3021 3341 3083 facile
3381 3040 3491 3084 ex-

1913 3107 2333 3190 plicabis(13).
2353 3112 2517 3174 Libri
2537 3131 2684 3177 vero
2705 3117 2869 3177 tertii
2890 3119 3192 3197 praefatio
3207 3122 3496 3198 genuinis

244 3201 389 3259 taret
417 3201 947 3282 sportellas,quas
975 3207 1551 3282 texerat,grandem
1573 3207 1810 3271 habens
1839 3219 1879 3276 C
1912 3210 2221 3272 Historiae
2244 3213 2575 3276 Lausiacae
2595 3216 2883 3279 innititur
2911 3219 3086 3292 locis,
3104 3229 3492 3301 quapropter

243 3301 364 3362 viae
400 3301 680 3364 laborem
721 3305 954 3366 resedit
993 3312 1054 3367 et
1099 3306 1252 3368 dixit
1292 3325 1305 3368 :
1341 3309 1526 3383 Deus,
1553 3316 1622 3370 tu
1664 3310 1809 3401 scis,

242 3406 374 3484 quia
405 3407 683 3486 amplius
709 3426 839 3471 non
868 3411 1042 3472 valeo
1069 3412 1410 3486 ambulare,
1442 3421 1502 3475 et
1532 3432 1680 3476 mox
1708 3416 1809 3476 in-

239 3514 448 3569 ventus
497 3515 599 3569 est
651 3509 727 3571 ad
787 3511 1064 3587 ﬂuvium,
1111 3513 1280 3575 unde
1337 3514 1542 3576 adhuc
1598 3516 1811 3578 multis

239 3609 436 3670 aberat
487 3609 832 3672 intervallis
869 3612 972 3693 (6).
1011 3637 1038 3669 »
1091 3615 1263 3676 Idem
1310 3616 1376 3676 in
1423 3616 1583 3678 libro
1634 3603 1809 3678 sexto

241 3709 431 3772 verbis
457 3728 469 3772 :
501 3734 536 3766 α
567 3711 865 3774 Dicebant
894 3714 972 3775 de
1002 3717 1223 3777 abbate
1256 3718 1518 3778 Macario
1548 3717 1656 3779 illo
1685 3735 1812 3779 ma-

237 3809 397 3872 iore.
424 3860 437 3872 .
461 3858 475 3872 .
499 3811 614 3892 (7),
639 3835 666 3867 »
688 3819 748 3873 et
777 3813 841 3874 in
867 3815 1427 3895 Apophthegmatis
1447 3835 1482 3880 a
1503 3817 1808 3880 Cotelerio

239 3907 410 3970 editis
436 3910 530 3972 ita
557 3910 816 3991 incipit:
849 3936 875 3966 «
911 3914 1209 3976 Dicebant
1240 3917 1318 3978 de
1348 3917 1568 3980 abbate
1600 3919 1802 3980 Maca-

237 4009 325 4069 rio
350 4013 663 4091 Aegyptio
689 4061 701 4073 .
727 4060 740 4074 .
771 4011 910 4094 .(8),
938 4039 965 4070 »
999 4015 1193 4090 unde,
1229 4025 1370 4078 uter
1399 4020 1803 4080 Macariorum

239 4108 489 4186 dicatur,
516 4111 928 4192 perspicuum
959 4121 1071 4175 est.
1089 4115 1359 4190 Fluvius,
1374 4135 1562 4196 quem
1578 4118 1803 4194 innuit,

238 4209 401 4272 Nilus
429 4218 562 4284 est;
585 4212 663 4274 ad
683 4214 871 4275 urbes
901 4215 1067 4276 enim
1100 4216 1166 4277 in
1196 4216 1469 4279 ﬂuminis
1496 4220 1630 4299 ripa
1663 4221 1807 4282 sitas

237 4307 569 4372 adventare
619 4311 902 4374 solebant
946 4315 1260 4390 monachi,
1287 4318 1596 4396 sportulas
1651 4337 1806 4399 quas

237 4412 537 4484 texerant,
565 4411 897 4474 vendituri.

307 4511 376 4571 Et
403 4511 563 4574 haec
594 4512 849 4591 quidem
867 4513 1082 4576 insunt
1115 4515 1192 4576 de
1223 4516 1502 4578 Macariis
1528 4518 1654 4578 VV.
1684 4519 1799 4579 PP.

1917 3324 2054 3369 cam
2106 3317 2247 3387 post
2304 3312 2514 3372 Ruﬁni
2568 3321 2832 3377 mortem
2879 3319 3297 3398 conscriptam
3354 3339 3491 3383 esse

1913 3425 2043 3468 non
2072 3409 2280 3470 minus
2310 3413 2712 3492 perspicuum
2744 3423 2856 3478 est.
2892 3418 2960 3478 1d
2992 3418 3192 3480 solum
3220 3428 3486 3494 constat,

1911 3506 2056 3568 libri
2120 3511 2283 3571 tertii
2339 3512 2790 3591 praefationem
2837 3535 2872 3578 e
2922 3518 3064 3578 libri
3123 3521 3382 3582 secundi
3430 3529 3491 3582 et

1911 3609 2218 3671 Historiae
2265 3613 2596 3676 Lausiacae
2649 3617 3141 3695 praefationibus
3182 3622 3485 3702 compila-

1911 3715 2060 3783 tam,
2107 3709 2414 3790 illumque
2483 3713 2672 3790 igitur
2724 3714 2951 3777 librum
3011 3718 3182 3779 hisce
3240 3719 3489 3781 duobus

1911 3814 2110 3870 aetate
2144 3812 2556 3888 posteriorem
2590 3831 2748 3876 esse.

1992 3913 2018 3984 §
2063 3908 2159 3970 33.
2202 3911 2387 3973 Libro
2453 3915 2675 3993 quinto
2740 3917 2863 3976 νγ.
2916 3918 3032 3978 PP.
3093 3918 3487 3983 collectionis

1910 4010 2376 4073 Bosweidianae
2405 4013 2832 4092 septendecim
2865 4017 2940 4076 de
2977 4018 3251 4079 Macariis
3284 4018 3482 4080 histo-

1911 4109 2037 4170 riae
2081 4111 2502 4173 continentur.
2547 4116 2815 4186 Quarum
2873 4125 3014 4179 octo
3079 4119 3156 4179 de
3215 4121 3482 4181 Macario

1909 4212 2218 4290 Aegyptio
2267 4230 2409 4274 cum
2457 4213 2750 4277 fratribus
2785 4217 2998 4278 vinum
3047 4219 3325 4293 bibentc,
3372 4223 3482 4283 sed

1909 4317 2130 4389 postea
2159 4328 2274 4389 pro
2304 4311 2525 4389 quovis
2551 4311 2740 4374 calice
2771 4313 2936 4374 diem
2976 4315 3286 4392 integrum
3320 4335 3480 4397 aqua

1909 4411 2256 4472 abstinente
2283 4411 2430 4493 (14),
2463 4412 2540 4474 de
2577 4414 2859 4476 eiusdem
2899 4417 3145 4478 Macarii
3183 4418 3372 4492 dicto,
3414 4420 3479 4480 in

1905 4514 2305 4594 increpandis
2356 4515 2492 4577 aliis
2534 4516 2612 4577 ad
2656 4517 3041 4578 iracundiam
3095 4527 3478 4581 commotum

237 4607 386 4672 libro
436 4614 907 4677 Rosweidianae
953 4617 1340 4678 collectionis
1388 4619 1592 4681 tertio.
1637 4622 1804 4693 Quae
1838 4607 1879 4626 ’⁷
1910 4631 1978 4674 se
2013 4613 2220 4692 ipsum
2251 4614 2515 4692 perdere
2542 4613 2699 4694 (15),
2737 4617 2814 4678 de
2849 4617 3129 4679 eiusdem
3169 4617 3474 4691 dOClI‘ina.

236 4712 563 4774 maximam
614 4721 853 4794 partem
902 4715 980 4776 ad
1044 4717 1375 4778 Macarium
1435 4718 1803 4797 Aegyptium

302 4897 373 4966 (l)
402 4897 519 4952 νγ.
560 4899 664 4954 PP.
693 4900 872 4955 llusw.
900 4901 992 4956 lib.
1029 4901 1093 4955 Ill
1128 4919 1247 4972 cap.
1276 4903 1376 4958 207
1413 4921 1465 4974 p.
1500 4905 1626 4969 551,
1657 4906 1708 4958 1.

303 4989 374 5056 (2)
411 4989 548 5045 Ibid.
580 4993 672 5048 lib.
704 4991 746 5042 V
785 4993 949 5047 libell.
990 4993 1080 5057 12,
1118 4995 1182 5048 I0
1221 5012 1274 5064 p.
1309 4995 1434 5058 (5M,
1468 4998 1518 5050 1.

301 5081 372 5148 (5)
407 5082 646 5140 Cotelcr.
673 5083 819 5138 Eccl.
860 5083 1051 5138 Graec.
1089 5085 1230 5139 Mon.
1269 5084 1331 5139 T.
1366 5085 1468 5156 Ip.
1501 5087 1604 5141 536
1632 5104 1713 5156 sq.
1750 5104 1796 5142 s.

235 5186 285 5228 v.
308 5172 584 5228 Macarius
618 5177 900 5246 Aegyptius
923 5175 949 5246 §
973 5174 1121 5243 XIX;
1153 5176 1296 5231 infra
1319 5179 1371 5232 in
1399 5179 1589 5232 barum
1623 5177 1799 5245 Quac-

235 5263 465 5318 stionum
501 5265 810 5334 Appendice
839 5269 1008 5321 altera
1039 5269 1142 5323 sub
1170 5267 1257 5322 111.
1700 5272 1707 5282 ’

318 5355 371 5424 4)
410 5356 497 5411 Cf.
534 5373 695 5427 supra
718 5359 744 5429 ᾗ
770 5359 839 5413 ‘25
865 5377 918 5430 p.
963 5362 1083 5415 106.
1121 5361 1260 5417 Ilist.
1290 5361 1449 5418 Laus.
1483 5363 1570 5418 ed.
1597 5361 1795 5418 Meurs.

232 5461 346 5516 cap.
388 5449 459 5503 53
497 5447 636 5518 Opp.
681 5451 880 5506 Meurs.
922 5454 958 5505 l.
988 5454 1002 5506 l
1033 5471 1084 5522 p.
1131 5455 1268 5522 4M;
1297 5471 1414 5525 cap.
1446 5457 1513 5511 59
1563 5473 1612 5526 p.
1653 5457 1796 5522 456;

232 5554 343 5608 cap.
369 5540 434 5593 47
464 5557 520 5610 p.
545 5542 639 5595 481
666 5561 680 5609 ;
708 5559 826 5612 cap.
866 5545 934 5599 55
957 5561 1011 5615 p.
1037 5546 1176 5614 495;
1203 5563 1321 5617 cap.
1355 5547 1423 5602 88
1447 5564 1501 5618 p.
1533 5547 1653 5602 555.

294 5634 368 5704 (5)
400 5635 515 5690 VV.
553 5635 654 5691 PP.
683 5637 866 5693 Rosw.
916 5640 1010 5696 lib.
1045 5640 1087 5694 11
1128 5657 1248 5712 cap.
1279 5641 1311 5695 9
1342 5658 1394 5712 p.
1434 5641 1558 5708 167,
1595 5643 1618 5697 1
1658 5642 1795 5713 Opp.

233 5723 424 5780 .‘tlcurs.
470 5730 508 5782 l.
534 5727 574 5784 l.
602 5746 654 5800 p.
685 5731 789 5785 6M
822 5749 929 5802 sq.,
957 5734 1181 5801 passim.

296 5818 368 5884 (6)
402 5819 539 5874 Ibid.
572 5824 660 5877 lib.
696 5823 758 5876 111
787 5841 906 5896 cap.
933 5826 1036 5879 ‘2l5
1060 5842 1108 5894 p.
1146 5827 1267 5885 552.
1307 5827 1350 5878 1.

301 5905 374 5980 (7)
401 5907 544 5966 Ibid.
572 5912 662 5968 lib.
695 5912 754 5967 Vl
781 5915 941 5970 libell.
978 5914 1031 5984 2,
1063 5916 1094 5970 6
1133 5933 1184 5987 p.
1218 5917 1339 5982 uti),
1369 5916 1422 5969 :2.

1910 4732 2027 4777 nos
2062 4724 2456 4796 acceptarum
2497 4715 2656 4788 148
2688 4716 2766 4778 ab
2816 4717 3175 4780 hominibus
3217 4718 3474 4781 iniuria-

1977 4898 2053 4968 (8)
2086 4897 2318 4954 Cotelcr.
2347 4898 2494 4953 Eccl.
2519 4899 2712 4956 Graec.
2752 4900 2896 4954 Mon.
2927 4903 2990 4957 Τ.
3037 4903 3054 4955 1
3084 4920 3136 4972 p.
3184 4903 3289 4957 55ὶὶ
3334 4920 3376 4961 s.
3420 4923 3472 4960 ν.

1821 4981 1824 4992 ’
1904 4990 2176 5046 Macarius
2211 4993 2495 5062 Aegyptius
2531 4991 2700 5064 §XIV
2731 5011 2746 5058 ;
2779 4995 2916 5046 infra
2971 4995 3024 5046 in
3066 4997 3256 5049 haram
3291 4995 3476 5063 Quac-

1901 5084 2140 5137 stiouum
2175 5083 2485 5153 Appendice
2515 5085 2683 5138 altera
2715 5087 2815 5138 sub
2850 5083 2934 5136 111.

1974 5177 2047 5244 (9)
2084 5175 2195 5230 VX.
2225 5176 2326 5232 PP.
2367 5175 2547 5232 ltosw.
2577 5176 2787 5246 Proleg.
2823 5177 2862 5229 ν
2893 5193 2944 5246 p.
2984 5175 3153 5230 XXIX
3185 5196 3264 5247 sq.

1972 5265 2082 5336 (10)
2120 5265 2203 5320 Cl‘.
2238 5280 2402 5333 supra
2434 5265 2460 5336 §
2491 5266 2522 5319 6
2545 5282 2593 5335 p.
2623 5265 2712 5318 21.

1975 5359 2084 5428 (ll)
2115 5357 2226 5412 vv.
2260 5357 2361 5414 PP.
2387 5358 2567 5413 Rosw.
2591 5359 2683 5412 lib.
2717 5357 2826 5411 vnu
2859 5373 2910 5427 p.
2946 5359 3048 5413 701
3077 5377 3163 5430 sq.

1974 5449 2085 5517 (12)
2115 5449 2199 5503 tif.
2233 5465 2397 5518 supra
2429 5449 2509 5520 §5
2543 5465 2595 5518 p.
2632 5450 2696 5502 15
2720 5448 2745 5519 §
2767 5450 2799 5503 6
2829 5465 2880 5518 p.
2906 5449 2976 5504 ‘28
3009 5467 3091 5518 sq.

1974 5538 2348 5609 (15)Ct.lbid.
2381 5556 2432 5609 p.
2463 5539 2552 5593 21.
2586 5538 2655 5593 9.8
2681 5555 2762 5608 sq.

1973 5631 2086 5701 (14)
2136 5629 2249 5684 νγ.
2295 5630 2400 5686 PP.
2449 5631 2632 5686 Rosw.
2685 5633 2779 5686 lib.
2819 5632 2858 5684 V
2891 5633 3058 5692 libell.
3093 5633 3146 5696 τί,
3179 5634 3246 5689 ‘26
3280 5653 3330 5705 p.
3365 5635 3470 5690 56$!

1892 5725 1927 5779 2
1960 5741 2042 5790 sq.

1970 5817 2081 5887 (ιδ)
2111 5815 2244 5872 Ibid.
2277 5817 2442 5873 libell.
2477 5817 2529 5883 .r,
2563 5819 2632 5873 es
2660 5835 2709 5888 ρ.
2745 5819 2868 5888 57o,
2902 5819 2946 5873 ι.
