4040 6556
548 367 652 423 159

1371 371 1473 425 SS.
1514 372 1976 432 MACARIORUM
2016 374 2118 429 AEt

2218 372 2336 427 PTII
2378 371 2463 426 ΕΤ
2503 366 2974 424 ALEXANDRINI
3702 366 3796 423 110

545 498 684 543 rum
746 484 1210 546 reminiscendo
1268 504 1389 547 vim
1448 493 1790 554 memoriae
1847 492 2120 568 laedere,
2152 501 2197 557 A
2227 491 2402 572 poris
2430 488 2712 551 ariditate
2739 486 3041 548 Macarius
3068 481 3525 545 Alexandrinus
3544 480 3683 556 fuit,
3706 482 3798 546 cui

545 581 852 643 malorum
892 602 1039 646 vero
1083 603 1117 646 a
1156 585 1570 649 daemonibus
1605 590 1983 653 inﬂictorum
2021 610 2121 653 re-

544 683 909 746 cordatione
930 703 1058 747 non
1082 687 1328 749 laedere
1345 686 1450 768 (1),
1466 689 1543 752 de
1568 692 1757 753 modo
1781 693 2120 773 orandi(2),

546 780 626 842 de
666 783 874 862 puella
910 787 1157 863 gravida
1185 805 1220 849 a
1249 790 1513 851 Macario
1544 792 1853 870 Aegyptio
1883 810 1950 855 se
1977 812 2121 855 cor-

542 891 792 962 ruptam
825 904 959 948 esse
996 888 1338 950 mentiente
1363 889 1471 967 (3),
1502 890 1581 952 de
1622 891 1874 955 diabolo
1912 892 2119 955 humi-

542 982 712 1045 litate
748 1003 783 1046 a
819 988 1085 1049 Macario
1121 990 1430 1069 Aegyptio
1457 1008 1525 1052 se
1558 992 1722 1053 vinci
1754 992 1987 1055 fatente
2014 994 2121 1075 (4),

544 1081 623 1143 de
652 1083 813 1157 fure,
846 1103 1034 1163 quem
1065 1086 1231 1147 idem
1260 1090 1562 1151 Macarius
1592 1091 1658 1151 in
1681 1091 1836 1153 cella
1862 1111 1974 1154 sua
2008 1093 2120 1155 de-

542 1184 878 1262 prehendit
901 1186 1009 1265 (5),
1040 1186 1119 1248 de
1158 1187 1466 1251 daemone
1488 1191 1786 1271 denique,
1822 1193 1931 1272 qui
1970 1193 2119 1254 visi-

542 1287 685 1348 tatis
715 1287 1005 1351 fratribus
1027 1288 1231 1351 solum
1264 1292 1383 1352 sibi
1414 1291 1841 1355 Theoctistum
1870 1294 2120 1357 fratrem

538 1385 607 1445 in
651 1389 1043 1456 monasterio
1092 1390 1298 1451 favere
1351 1391 1551 1452 eidem
1608 1394 1872 1455 Macario
1920 1394 2120 1455 fassus

541 1485 620 1546 sit
652 1486 760 1565 (6),
786 1506 975 1568 supra
1011 1490 1402 1552 excussimus
1427 1490 1532 1571 (7).
1558 1494 1875 1572 Superest,
1903 1501 1972 1555 ut
2011 1512 2118 1556 ce-

541 1592 705 1649 teras
734 1606 960 1650 novem
991 1608 1067 1651 ex
1099 1592 1319 1653 ordine
1353 1610 1812 1656 recenseamus.

626 1711 653 1741 «
702 1688 863 1749 Dixit
909 1690 1100 1752 abbas
1154 1692 1454 1753 Macarius
1502 1694 1709 1755 abbati
1741 1682 2114 1760 Zachariae:

542 1786 863 1893 Dicmihi,
890 1791 1061 1869 quod
1109 1799 1201 1853 est
1247 1810 1408 1871 opus
1454 1794 1790 1857 monachi?
1822 1798 1982 1858 Dixit
2020 1799 2116 1860 ei:
2152 1840 2193 1893 Β

540 1886 635 1947 Me
664 1886 1031 1968 interrogas,
1067 1890 1280 1971 pater?
1310 1894 1382 1953 Et
1411 1893 1562 1954 dixit
1592 1895 1651 1956 ei
1688 1896 1878 1958 abbas
1915 1900 2115 1960 Maca-

539 1987 704 2051 rius:
732 1992 946 2053 Certus
975 2011 1112 2054 sum
1138 1993 1216 2054 de
1244 2000 1329 2068 te,
1349 1994 1435 2055 fili
1459 1996 1747 2058 Zacharia
1764 2014 1778 2070 ;
1804 2005 1898 2059 est
1926 2000 2115 2075 enim,

541 2087 651 2165 qui
685 2106 786 2150 me
817 2090 1042 2169 pulsat,
1074 2098 1143 2153 ut
1182 2092 1562 2171 interrogem
1601 2099 1685 2155 te.
1718 2096 1879 2158 Dixit
1915 2098 1971 2159 ei
2005 2101 2117 2160 Za-

540 2187 782 2251 charias
829 2208 842 2250 :
883 2193 1191 2263 Quantum
1234 2192 1311 2254 ad
1360 2211 1482 2268 me,
1525 2204 1724 2273 pater,
1765 2196 1885 2259 hoc
1937 2206 2114 2278 puto,

540 2290 863 2368 quoniam,
909 2292 1272 2371 quicunque
1321 2295 1729 2373 semetipsum
1781 2299 2117 2359 necessita-

542 2387 707 2449 tibus
743 2392 1099 2466 subiecerit,
1126 2399 1313 2471 atque
1352 2394 1649 2471 coegerit,
1678 2395 1814 2475 ipse
1845 2405 1938 2459 est
1977 2416 2115 2459 mo-

540 2488 779 2551 nachus
804 2489 909 2570 (8).
940 2514 966 2546 »
989 2491 1162 2553 Idem
1178 2494 1417 2572 reperis
1434 2494 1499 2553 in
1517 2494 2069 2574 Apophthegmatis
2084 2515 2119 2559 a

540 2586 849 2650 Cotelerio
882 2590 1062 2651 editis
1080 2608 1131 2651 s.
1156 2610 1217 2651 v.
1238 2593 1606 2666 Zacharias,
1626 2611 1815 2672 quem
1846 2598 1908 2656 in
1938 2598 2119 2657 Scete

540 2686 850 2750 resedisse
893 2689 979 2751 ibi
1023 2690 1342 2766 edoceris;
1376 2712 1497 2772 qua
1544 2711 1622 2755 ex
1670 2712 1738 2756 re
1783 2696 2119 2757 Macarium

539 2788 913 2867 Aegyptium
950 2798 1168 2853 nostro
1206 2792 1348 2854 loco
1391 2794 1656 2873 intelligi
1686 2794 1853 2856 haud
1890 2794 2118 2857 iniuste

537 2886 816 2965 colliges.
841 2890 1169 2953 Zachariae
1199 2900 1409 2953 autem
1436 2895 1766 2974 responsio
1795 2896 1858 2956 in
1892 2913 2117 2973 graeco

538 2992 710 3048 textu
744 2988 877 3050 fere
920 2989 1073 3052 haec
1116 2999 1209 3053 est
1242 3010 1255 3052 :
1292 3017 1319 3049 «
1351 2996 1659 3066 Quantum
1700 3012 1817 3073 ego
1862 2997 2117 3075 quidem

538 3088 849 3163 existimo,
878 3098 1071 3170 pater,
1102 3092 1211 3171 qui
1242 3111 1308 3155 se
1338 3094 1546 3174 ipsum
1577 3096 1745 3173 cogit
1767 3096 1845 3157 ad
1884 3098 2112 3171 omnia,

538 3185 591 3246 is
624 3193 717 3247 est
750 3188 1097 3249 monachus
1126 3188 1229 3269 (9).
1268 3213 1297 3245 »
1626 3188 1629 3191 “

619 3310 648 3341 .‹
682 3288 1227 3366 Interrogaverunt
1255 3290 1509 3369 quidam
1546 3299 1791 3372 patrum
1829 3294 2115 3358 abbatem

538 3387 874 3448 Macarium
953 3390 1328 3468 Aegyptium
1393 3392 1672 3455 dicentes
1725 3413 1737 3454 :
1789 3398 2116 3468 Quomodo

537 3504 771 3569 corpus
802 3496 999 3565 tuum,
1018 3498 1080 3552 et
1107 3491 1357 3571 quando
1385 3494 1744 3569 manducas,
1773 3503 1833 3558 et
1862 3499 2115 3577 quando

537 3589 800 3663 ieiunas,
840 3592 1075 3653 siccum
1117 3591 1247 3655 est?
1278 3595 1351 3655 Et
1380 3594 1533 3656 dixit
1563 3595 1640 3657 iis
1677 3613 1909 3659 senex:
1947 3598 2117 3661 Sicut

537 3689 777 3767 lignum
808 3692 871 3751 in
895 3710 1084 3754 manu
1115 3692 1410 3768 hominis,
1439 3714 1581 3756 cum
1611 3714 1737 3775 quo
1765 3696 2021 3760 frutices
2050 3698 2115 3760 in

536 3791 682 3867 igne
721 3799 1046 3853 versantur
1083 3800 1271 3873 atque
1314 3804 1730 3871 reversantur,
1755 3815 2005 3877 semper
2037 3798 2114 3859 ab

535 3890 682 3969 igne
754 3894 1167 3967 consumitur,
1211 3895 1318 3968 ita,
1362 3896 1415 3957 si
1475 3896 1666 3958 homo
1725 3897 2115 3959 mundaverit

534 4000 813 4053 mentem
844 4011 1019 4055 suam
1055 3995 1121 4055 in
1159 3995 1383 4058 timore
1426 3997 1558 4071 Dei,
1590 3997 1728 4077 ipse
1770 3999 1960 4061 timor
2000 3999 2113 4060 Dei

537 4094 722 4155 etiam
775 4112 913 4156 ossa
968 4096 1104 4157 eius
1150 4097 1309 4168 149
1350 4099 1834 4179 consumit(10).
1864 4123 1892 4156 »
1935 4100 2111 4161 Idem

534 4193 780 4254 Macarii
827 4196 1113 4274 Aegyptii
1155 4196 1388 4258 dictum
1435 4198 1502 4259 in
1550 4199 2112 4279 Apophthegmatis

536 4308 724 4373 saepe
749 4292 1012 4357 laudatis
1030 4296 1258 4375 legitur
1281 4297 1427 4378 (11).
1453 4300 1580 4360 Nec
1610 4317 1740 4362 non
1757 4300 1944 4363 simili
1966 4318 2109 4363 cor-

2228 608 2308 653 ne
2351 590 2461 671 pili
2501 587 2757 667 quidem
2798 584 2995 646 menti
3037 583 3205 645 enati
3249 587 3425 642 erant
3461 581 3544 643 ob
3581 581 3801 646 nimios

2228 689 2693 753 exercitationis
2720 686 2967 749 labores
2989 686 3199 764 obque
3222 682 3477 744 nimiam
3495 683 3655 745 cutis
3681 682 3800 745 ari-

2227 793 2479 855 ditatem
2508 789 2659 870 (12).

2307 916 2332 947 (1
2369 892 2671 952 Miserunt
2711 886 3051 968 aliquando
3094 902 3279 947 senes
3318 884 3396 946 de
3436 890 3649 944 monte
3697 884 3797 943 Ni-

2224 990 2380 1052 triae
2403 991 2481 1052 ad
2502 990 2792 1051 abbatem
2815 986 3149 1049 Macarium
3169 986 3235 1046 in
3259 983 3474 1057 Scithi,
3494 992 3797 1060 rogantes,

2224 1098 2293 1151 ut
2318 1090 2557 1151 veniret
2580 1090 2658 1151 ad
2688 1105 2820 1163 eos,
2840 1086 3122 1165 alioquin
3147 1084 3352 1155 sciret,
3374 1100 3625 1143 omnem
3654 1082 3800 1143 mul-

2224 1188 2578 1263 titudinem,
2595 1188 2647 1249 si
2673 1188 2810 1267 ipse
2830 1185 2907 1248 ad
2931 1203 3040 1246 eos
3062 1201 3192 1246 non
3211 1184 3475 1255 veniret,
3494 1181 3573 1243 ad
3601 1182 3797 1261 ipsum

2224 1305 2361 1350 esse
2400 1296 2751 1362 venturam,
2786 1285 3085 1367 quoniam
3122 1282 3563 1345 desiderabant
3598 1280 3799 1344 videre

2224 1405 2393 1463 eum,
2439 1396 2775 1466 antequam
2829 1385 3124 1462 migraret
3166 1382 3245 1443 ad
3288 1382 3647 1444 Dominum.
3693 1383 3800 1453 Qui

2222 1508 2365 1551 cum
2385 1490 2655 1551 venisset
2678 1488 2744 1548 in
2768 1494 3073 1559 montem,
3094 1488 3469 1562 congregata
3491 1489 3585 1544 est
3604 1483 3800 1545 omnis

2222 1590 2555 1654 multitudo
2593 1589 2851 1650 fratrum
2896 1586 2973 1647 ad
3014 1602 3182 1647 eum.
3230 1584 3557 1662 Rogabant
3598 1592 3799 1645 autem

2224 1708 2368 1751 cum
2406 1705 2612 1763 senes,
2640 1695 2710 1748 ut
2750 1686 2983 1747 faceret
3014 1685 3275 1745 verbum
3308 1682 3387 1744 ad
3426 1682 3667 1744 fratres.
3700 1682 3801 1743 Ille

2222 1789 2774 1852 autemlacrimans
2789 1787 2907 1849 ait:
2934 1784 3279 1858 Ploremus,
3303 1783 3547 1859 fratres,
3574 1792 3637 1846 et
3668 1801 3803 1864 pro-

2223 1890 2453 1952 ducant
2473 1888 2639 1951 oculi
2668 1888 2867 1950 nostri
2899 1886 3207 1960 lacrimas,
3231 1891 3569 1965 antequam
3592 1902 3803 1947 eamus

2220 1990 2391 2064 hinc,
2410 1990 2519 2051 ubi
2541 1989 2832 2052 lacrimae
2853 1992 3101 2048 nostrae
3120 2002 3386 2065 corpora
3404 1985 3798 2047 comburant.

2220 2092 2292 2151 Et
2319 2092 2624 2152 ﬂeverunt
2654 2106 2876 2152 omnes
2906 2096 2967 2150 et
2997 2087 3362 2149 ceciderunt
3396 2088 3581 2165 proni
3611 2088 3677 2148 in
3706 2087 3800 2149 fa-

2220 2194 2379 2254 ciem
2407 2193 2714 2255 dicentes:
2736 2194 2939 2263 Pater,
2960 2206 3065 2252 ora
3088 2206 3204 2269 pro
3224 2188 3407 2250 nobis
3427 2188 3548 2268 (13)
3564 2212 3616 2248 .»
3634 2189 3804 2251 Idem

2221 2300 2417 2355 exstat
2432 2294 2495 2353 in
2509 2290 3065 2372 Apophthegmatis
3085 2288 3437 2351 aCotelerio
3460 2288 3644 2350 editis
3659 2290 3799 2372 (14).

2218 2392 2421 2453 Verba
2452 2397 2660 2457 autem
2700 2388 2869 2450 senis
2903 2389 3244 2465 nonaginta
3274 2386 3407 2449 fere
3444 2404 3647 2449 annos
3678 2390 3802 2450 nati

2221 2502 2283 2556 et
2312 2494 2600 2555 ultimum
2638 2491 2897 2553 Nitriam
2932 2489 3236 2551 visitantis
3272 2488 3517 2549 animos
3548 2488 3805 2550 fratrum

2218 2596 2295 2657 ad
2356 2594 2641 2657 lacrimas
2705 2589 3143 2662 commovisse,
3195 2588 3336 2668 quis
3416 2605 3545 2649 non
3624 2589 3807 2651 facile

2220 2693 2469 2756 credet?
2495 2694 2802 2769 Indidem,
2827 2691 3045 2773 quanti
3075 2706 3219 2750 eum
3253 2687 3519 2749 fecerint
3556 2687 3802 2763 fratres,

2219 2796 2445 2860 elucet.

2299 2923 2327 2956 ‹‹
2363 2898 2566 2959 Abbas
2614 2894 2914 2959 Macarius
2956 2893 3156 2954 maior
3197 2893 3264 2952 in
3310 2889 3504 2951 Scithi
3553 2888 3803 2951 dicebat

2217 2996 2509 3060 fratribus
2531 3004 2673 3077 post
2694 2996 2914 3057 missas
2936 2991 3271 3055 ecclesiae:
3300 2990 3538 3067 Fugite,
3560 2988 3804 3051 fratres.

2220 3097 2292 3157 Et
2322 3096 2470 3157 dicit
2499 3096 2553 3156 ei
2585 3112 2751 3156 unus
2786 3092 3045 3154 fratrum
3074 3108 3087 3150 :
3122 3092 3323 3162 Pater,
3351 3088 3460 3149 ubi
3497 3087 3806 3150 habemus

2146 3202 2187 3259 C
2218 3197 2435 3275 fugere
2471 3196 2740 3277 amplius
2770 3213 2805 3257 a
2836 3192 3173 3256 solitudine
3215 3187 3373 3251 ista?
3410 3191 3483 3250 Et
3528 3191 3806 3268 ponebat

2221 3297 2481 3375 digitum
2528 3314 2707 3358 suum
2746 3295 2813 3356 in
2851 3310 2961 3355 ore
3010 3308 3125 3353 suo
3172 3290 3389 3351 dicens
3422 3305 3435 3347 :
3470 3288 3645 3349 Istud
3684 3295 3801 3365 est,

2220 3397 2390 3476 quod
2418 3395 2783 3474 fugiendum
2806 3394 2980 3469 dico;
3005 3399 3065 3453 et
3093 3391 3181 3453 sic
3207 3389 3476 3450 intrabat
3495 3389 3559 3449 in
3581 3388 3805 3451 cellam

2219 3516 2391 3560 suam
2434 3506 2495 3559 et
2522 3497 2819 3559 claudens
2852 3496 3078 3556 ostium
3106 3490 3362 3555 sedebat
3386 3488 3559 3549 solus
3584 3488 3732 3568 (l5).
3769 3513 3801 3545 υ

2218 3601 2391 3661 Idem
2446 3600 2638 3660 habes
2689 3597 2757 3658 in
2804 3590 3362 3676 Apophthcgmatis
3409 3605 3445 3650 a
3493 3589 3805 3653 Cotelerio

2218 3697 2398 3758 editis
2414 3696 2560 3776 (16),
2576 3697 2698 3758 hoc
2722 3712 2854 3757 uno
2887 3691 3267 3763 discrimine,
3283 3686 3451 3767 quod
3472 3705 3589 3766 pro
3613 3712 3641 3743 α
3663 3698 3806 3769 post

2216 3798 2433 3858 missas
2466 3796 2769 3858 ecclesiae
2803 3818 2830 3850 »
2865 3795 2931 3854 in
2967 3808 3190 3870 graeco
3226 3790 3383 3860 150
3414 3799 3803 3870 «postquam

2216 3896 2449 3958 dimisit
2475 3895 2803 3958 ecclesiam
2829 3917 2855 3947 »
2884 3892 3130 3969 legitur.
3155 3892 3563 3954 Taciturnitas
3590 3900 3803 3954 autem

2218 3997 2575 4077 praecipuis
2638 3993 3095 4057 monachorum
3149 3994 3415 4073 Aegypti
3469 3993 3804 4055 virtutibus

2216 4096 2683 4160 adnumeranda
2717 4103 2809 4157 est
2834 4093 2954 4176 (17)
2969 4140 2982 4153 .

2298 4222 2326 4253 ‹‹
2349 4200 2551 4261 Abbas
2573 4196 2961 4270 Theodorus,
2977 4198 3398 4272 cognomento
3412 4194 3490 4254 dc
3507 4192 3799 4267 Pherme,

2217 4299 2487 4361 habebat
2526 4304 2648 4359 tres
2687 4296 2938 4358 codices
2972 4295 3198 4357 bonos.
3233 4296 3308 4357 Et
3345 4314 3491 4357 cum
3525 4296 3802 4357 venisset

606 4474 686 4546 (1)
718 4476 827 4531 vv.
864 4477 1169 4534 PP.Rosw.
1201 4481 1294 4535 lib.
1326 4481 1679 4547 Vlibell.10,
1713 4483 1783 4537 51
1802 4500 1856 4554 ρ.
1889 4484 2013 4548 599,
2052 4484 2108 4539 2.
2150 4470 2199 4532 ι)
2224 4496 2463 4542 stionum
2494 4483 2807 4555 Appendice
2824 4483 2991 4537 altera
3027 4482 3130 4537 sub
3158 4481 3243 4536 111.

603 4567 685 4641 (2)
712 4569 847 4625 Ibid.
877 4571 1044 4627 libell.
1078 4574 1164 4637 12,
1191 4575 1258 4628 10
1284 4591 1338 4645 p.
1370 4576 1495 4640 614,
1522 4575 1573 4629 1.

604 4665 684 4735 (5)
719 4663 853 4720 Ibid.
884 4667 1051 4723 libell.
1085 4669 1173 4733 15,
1204 4670 1275 4724 25
1304 4685 1357 4740 p.
1384 4669 1510 4735 625,
1530 4670 1566 4724 2
1594 4686 1679 4741 sq.

604 4757 684 4829 (4)
720 4758 858 4812 Ibid.
885 4760 1053 4814 libell.
1089 4762 1177 4826 15,
1209 4761 1279 4815 26
1304 4777 1355 4832 p.
1392 4761 1518 4825 624,
1556 4763 1608 4816 1.

603 4851 682 4923 (5)
713 4850 849 4905 Ibid.
886 4851 1054 4907 libell.
1087 4852 1172 4917 16,
1206 4854 1239 4907 6
1272 4869 1325 4922 p.
1354 4853 1552 4917 651,1.

601 4940 680 5009 (6)
708 4939 843 4995 Ibid.
872 4942 1040 4996 libell.
1070 4943 1156 5005 18,
1181 4945 1213 4999 9
1248 4959 1301 5012 p.
1328 4944 1453 5007 657,
1487 4944 1511 4996 1
1548 4960 1631 5013 sq.

602 5032 683 5103 (τ)
724 5033 805 5087 cr.
834 5033 952 5105 §32
984 5033 1624 5107 ρ.152ᾗ17ρ.65ξ29
1657 5051 1712 5106 ρ.
1760 5035 1858 5089 1111
1890 5036 1916 5106 §
1950 5036 2018 5090 52
2058 5053 2109 5106 ι».

533 5124 658 5179 115.
690 5125 793 5180 1'58
822 5142 906 5195 sq.
944 5126 1045 5180 159
1072 5142 1158 5195 sq.
1197 5126 1299 5181 155
1328 5142 1413 5196 sq.
1452 5128 1553 5181 155
1585 5144 1669 5196 sq.

608 5216 683 5286 (8)
724 5218 839 5273 vv.
875 5218 977 5271 PP.
1014 5218 1201 5274 Rosw.
1232 5218 1585 5273 lib.Vlibell.
1623 5225 1675 5285 1,
1711 5220 1743 5273 c
1798 5237 1852 5289 p.
1899 5219 2022 5285 562,
2058 5221 2108 5274 1.

605 5308 681 5379 (9)
710 5308 950 5363 Coteler.
974 5308 1121 5363 Eccl.
1154 5309 1345 5365 Graec.
1386 5308 1618 5365 lllon.T.
1655 5311 1673 5363 l
1707 5329 1759 5381 p.
1807 5312 1913 5366 445
1957 5329 2004 5367 s.
2056 5330 2108 5367 v.

532 5396 831 5454 Zacharias
856 5400 883 5471 §
914 5401 974 5465 1;
1012 5400 1158 5455 infra
1184 5402 1235 5454 in
1260 5402 1455 5456 harum
1479 5404 1869 5468 Quaestionum
1898 5405 2113 5475 Appen-

533 5492 656 5546 dice
684 5493 850 5547 altera
876 5492 1085 5548 sublV.

602 5584 717 5653 (10)
756 5582 869 5639 νγ.
926 5584 1030 5639 ΡΡ.
1067 5586 1249 5645 Rssw.
1286 5588 1382 5643 lib.
1410 5587 1454 5641 V
1494 5588 1661 5643 libell.
1711 5589 1765 5656 5,
1814 5588 1846 5642 8
1896 5605 1951 5659 p.
1983 5588 2107 5655 565,

532 5672 568 5728 2
592 5689 677 5743 sq.

601 5764 714 5835 (11)
754 5763 991 5821 Coteler.
1019 5768 1166 5823 Eccl.
1199 5768 1392 5824 Graec.
1414 5769 1560 5823 Mon.
1595 5769 1659 5823 T.
1692 5768 1787 5839 Ip.
1821 5769 1924 5823 551
1946 5787 2030 5839 sq.
2059 5787 2104 5827 s.

530 5873 586 5914 ν.
619 5854 895 5915 Macarius
918 5860 1204 5933 Argyptius
1235 5862 1261 5934 §
1294 5861 1419 5918 XII:
1459 5862 1603 5921 intra
1636 5864 1691 5919 in
1719 5864 1907 5919 harum
1930 5862 2110 5929 Quac-

2291 4578 2400 4648 (12)
2440 4576 2525 4629 Cf.
2562 4591 2727 4645 supra
2756 4575 2782 4647 §
2810 4576 2875 4631 19
2902 4591 2955 4645 p.
2990 4574 3076 4628 75.
3109 4573 3195 4627 79.

2287 4670 2398 4741 (15)
2440 4668 2553 4721 VV.
2580 4668 2683 4722 PP.
2716 4667 2900 4722 Rosw.
2929 4667 3024 4722 lib.
3048 4664 3093 4719 ν
3123 4665 3291 4721 libell.
3324 4665 3378 4729 5,
3403 4665 3437 4719 9
3463 4681 3518 4737 p.
3545 4665 3673 4734 566,
3714 4668 3765 4722 1.

2288 4762 2399 4833 (14)
2439 4762 2677 4816 Coteler.
2699 4759 2849 4815 Eccl.
2886 4758 3080 4814 Graec.
3116 4757 3262 4812 Mon.
3298 4756 3364 4811 Τ.
3395 4758 3416 4811 Ι
3444 4774 3498 4828 p.
3532 4759 3637 4813 515
3660 4776 3708 4814 s.
3742 4776 3796 4813 ν.

2219 4852 2494 4907 Macarius
2545 4852 2831 4922 Aegyptius
2884 4850 2911 4921 §
2973 4849 3227 4916 XXXIV;
3292 4848 3435 4903 infra
3481 4849 3536 4903 in
3602 4852 3797 4904 harum

2218 4944 2614 5010 Quaestionum
2640 4942 2953 5011 Appendice
2982 4943 3153 4995 altera
3187 4940 3289 4995 sub
3314 4939 3396 4995 111.
3432 4926 3443 4935 ’

2289 5037 2400 5106 (15)
2447 5034 2556 5088 vv.
2584 5033 2688 5091 PP.
2723 5034 2907 5089 Rosw.
2937 5035 3033 5090 lib.
3059 5034 3101 5087 v
3132 5034 3297 5087 libell.
3328 5033 3381 5097 1,
3409 5033 3478 5085 9.7
3499 5048 3550 5101 p.
3576 5032 3705 5094 57o,
3743 5032 3792 5084 1.

2287 5130 2401 5200 (16)
2440 5130 2674 5185 Coteler.
2716 5129 2865 5183 Eccl.
2890 5127 3083 5183 Graec.
3115 5127 3261 5181 Mon.
3286 5124 3349 5178 T.
3392 5124 3411 5177 1
3452 5142 3505 5195 p.
3531 5126 3638 5181 556
3661 5143 3705 5179 s.
3735 5141 3790 5177 γ.

2218 5221 2493 5277 Macarius
2531 5224 2815 5292 Aegyptius
2852 5222 2879 5293 §
2917 5220 3075 5286 XVI;
3125 5220 3266 5273 infra
3299 5220 3352 5272 in
3387 5218 3582 5273 harum
3605 5218 3787 5285 Quae-

2215 5316 2453 5370 stionum
2486 5313 2800 5384 Appendice
2823 5315 2993 5367 altera
3019 5312 3122 5367 sub
3146 5311 3237 5365 111.

2287 5407 2400 5477 (17)
2436 5406 2652 5476 Agatho
2673 5404 2863 5466 abbas,
2887 5411 2945 5455 ut
2968 5402 3359 5456 taciturnitatis
3375 5400 3636 5455 virtutem
3655 5414 3791 5453 nan-

2213 5500 2475 5563 ciscalur,
2503 5506 2616 5551 tres
2640 5511 2814 5550 annos
2846 5494 3076 5564 lapidem
3103 5495 3157 5547 in
3182 5509 3277 5548 ore
3306 5500 3553 5562 gestasse
3593 5493 3783 5546 fertur.

2214 5590 2327 5646 VV.
2364 5590 2467 5643 PP.
2492 5589 2675 5645 Rosw.
2708 5590 2806 5644 lib.
2831 5586 2875 5640 V
2900 5588 3068 5642 libell.
3090 5588 3143 5651 5,
3172 5587 3203 5638 7
3229 5602 3280 5657 p.
3314 5586 3437 5650 568,
3468 5587 3519 5639 1.
3542 5586 3788 5639 Tacitur-

2212 5683 2401 5738 nitatis
2428 5684 2673 5751 exempla
2709 5681 3000 5734 laudantur
3042 5680 3097 5734 in
3130 5678 3315 5734 Iudice
3347 5694 3522 5733 rerum
3546 5678 3603 5732 in
3644 5676 3784 5733 Vitas

2224 5775 2443 5830 Patrum
2473 5773 2616 5844 apud
2648 5772 3013 5830 liosweidum.
