4040 6568
285 338 386 393 HI

1836 338 2063 394 VITAE.

3445 339 3550 396 “9.

284 459 360 523 ad
400 459 692 521 abbatem
735 460 1092 534 Macarium,
1123 460 1279 522 dixit
1321 462 1381 523 ei
1416 480 1428 522 :
1467 462 1682 523 Habeo
1727 469 1851 523 tres
1882 472 1927 524 A
1955 460 2091 539 ipsa
2123 460 2325 541 plecta
2354 476 2469 540 per
2499 461 2832 523 fenestram
2858 461 3273 524 descendebat
3302 461 3367 523 in
3397 479 3545 542 spe.

284 560 555 633 codices,
582 566 644 620 et
672 561 935 638 proﬁcio
967 579 1043 622 ex
1076 561 1345 623 lectione
1378 580 1620 624 eorum.
1650 562 1770 623 Sed
1801 568 1862 623 et

282 661 503 723 fratres
528 668 749 740 petunt
779 679 889 724 eos
920 663 997 724 ad
1028 662 1388 741 legendum,
1414 669 1475 726 et
1508 665 1629 743 ipsi
1663 665 1859 743 profi-

283 762 477 823 ciunt.
523 762 630 824 Dic
679 780 829 840 ergo
870 763 1049 836 mihi,
1074 762 1226 843 quid
1270 763 1473 825 debeo
1511 760 1757 824 facere?
1791 764 1863 822 Et

283 862 676 941 respondens
724 881 918 924 senex
962 864 1116 925 dixit
1158 882 1170 924 :
1214 864 1372 924 Boni
1418 870 1563 925 sunt
1604 863 1862 943 quidem

280 960 608 1033 actus,sed
635 960 859 1023 melius
882 961 1175 1022 omnibus
1199 967 1313 1033 est,
1329 959 1479 1021 nihil
1513 960 1859 1039 possidere.

280 1059 461 1129 Quod
492 1076 635 1119 cum
663 1059 982 1132 audiisset,
1011 1058 1184 1132 abiit,
1219 1067 1281 1120 et
1313 1058 1590 1119 vendidit
1619 1075 1861 1119 memo-

279 1167 451 1220 ratos
496 1159 769 1234 codices,
798 1167 859 1221 et
908 1159 1079 1221 dedit
1124 1160 1550 1237 indigentibus
1595 1160 1863 1239 pretium

276 1258 567 1339 ipsorum
602 1260 709 1341 (1).
749 1285 777 1316 »
819 1261 1050 1323 Eadem
1098 1261 1164 1323 in
1222 1260 1784 1341 ApOphthegmatis
1831 1278 1865 1322 a

276 1360 591 1423 Cotelerio
640 1361 820 1423 editis
864 1361 950 1423 ita
998 1368 1331 1424 narrantur
1369 1381 1381 1423 :
1428 1386 1453 1416 α
1500 1362 1867 1425 Theodorus

274 1460 474 1520 abbas
504 1459 803 1522 Phermae
831 1468 959 1523 tres
989 1461 1192 1523 bonos
1224 1461 1417 1523 libros
1440 1461 1771 1541 possidens
1790 1448 1867 1523 ad

272 1560 619 1622 Macarium
672 1562 961 1624 abbatem
1011 1562 1203 1637 venit,
1245 1570 1308 1623 et
1356 1580 1368 1623 :
1412 1565 1586 1632 Tres,
1636 1563 1865 1642 inquit,

274 1656 439 1722 mihi
467 1669 611 1723 sunt
647 1662 788 1723 libri
816 1663 1153 1742 praeclari,
1189 1681 1265 1725 ex
1295 1681 1566 1743 quorum
1597 1664 1869 1727 lectione

1962 562 2167 622 lunca.
2219 563 2292 621 Et
2334 561 2664 637 egrediens
2708 580 2893 623 mane
2936 567 3188 623 sanctus
3238 563 3548 623 Antonius

1961 662 2113 723 vidit
2143 662 2581 725 collectionem
2614 662 2961 743 plectarum
2996 662 3237 724 abbatis
3275 662 3543 734 Macarii,

1964 771 2025 825 et
2057 765 2397 826 admiratus
2427 771 2542 839 est,
2570 771 2631 826 et
2662 763 2977 825 osculatus
3011 780 3235 824 manus
3273 762 3408 824 eius
3448 762 3545 822 di-

1964 865 2145 926 cebat
2188 883 2200 924 :
2244 864 2432 927 Multa
2477 865 2669 927 virtus
2714 865 2792 926 de
2839 865 2970 925 istis
3020 863 3336 941 egreditur
3366 858 3472 941 (6).
3511 880 3538 912 »

1963 965 2193 1025 Eadem
2234 965 2299 1025 in
2344 964 2905 1045 ApOphthegmatis
2943 982 2978 1025 a
3016 963 3321 1025 Cotelerio
3363 962 3545 1023 editis

1963 1064 2293 1127 traduntur
2314 1066 2422 1143 (7).
2454 1066 2789 1127 Macarium
2822 1082 2971 1127 vero
3004 1064 3374 1144 Aegyptium
3401 1082 3543 1125 cum

1966 1166 2026 1225 S.
2077 1164 2346 1226 Antonio
2391 1164 2461 1244 (ῒ
2500 1166 2655 1226 XVI.
2690 1166 2813 1227 Cal.
2854 1166 3033 1227 Febr.
3069 1164 3214 1245 356)
3259 1163 3338 1246 (8)
3388 1182 3545 1226 con-

1968 1282 2249 1344 gressum
2303 1282 2470 1340 esse,
2534 1264 2637 1327 hic
2700 1265 2929 1327 iterum
2982 1265 3405 1343 comperimus
3438 1262 3544 1342 (9).

1969 1368 2163 1440 Quam
2202 1365 2459 1446 quidem
2493 1365 2815 1428 historiam
2851 1384 2994 1428 cum
3038 1366 3136 1440 iis,
3162 1385 3322 1445 quae
3362 1385 3549 1447 supra

1969 1470 2049 1532 de
2115 1469 2383 1532 Macario
2453 1467 2655 1548 Pispir
2721 1467 3017 1529 coenobii
3082 1467 3304 1529 abbate
3360 1468 3551 1530 relata

1969 1577 2115 1633 sunt
2146 1570 2292 1653 (10),
2324 1569 2835 1633 confundendam
2862 1587 2993 1631 non
3022 1586 3158 1630 esse
3189 1569 3369 1631 facile
3399 1589 3548 1650 per-

1971 1691 2179 1753 spias.

271 1762 554 1824 fructum
590 1765 803 1845 capio;
836 1765 1057 1827 fratres
1093 1782 1351 1846 quoque
1380 1766 1455 1827 iis
1492 1772 1774 1841 utuntur,
1808 1774 1871 1829 et
1900 1810 1943 1866 Β
2053 1798 2081 1830 ‹‹
2116 1774 2448 1836 Descendit
2502 1771 2842 1852 aliquando
2898 1771 3036 1850 ipse
3118 1771 3419 1831 Macarius
3474 1770 3552 1831 de

272 1864 518 1943 pariter
572 1866 930 1945 proﬁciunt.
984 1867 1187 1930 Effare
1239 1867 1431 1946 igitur
1484 1866 1661 1939 mihi,
1711 1866 1865 1947 quid
1902 1864 1927 1866 7
1970 1876 2164 1938 Scithi
2192 1877 2269 1938 ad
2300 1875 2511 1939 locum
2542 1874 2652 1954 qui
2682 1874 2909 1935 dicitur
2936 1871 3343 1944 Terenuthin,
3370 1877 3430 1932 et
3462 1872 3555 1931 in-

273 1963 550 2025 debeﬂm
612 1964 850 2040 facere;
892 1984 1044 2028 Ilum
1092 1967 1171 2029 ad
1220 1985 1424 2030 meam
1477 1968 1867 2048 fratrumque
1964 1978 2146 2038 travit
2181 1976 2455 2038 dormire
2485 1976 2551 2038 in
2580 1980 3015 2047 monumento,
3044 1973 3151 2035 ubi
3181 1980 3355 2033 erant
3388 1972 3552 2032 anti-

271 2063 614 2125 utilitatem
656 2083 766 2127 eos
809 2067 1135 2142 retineam,
1166 2086 1247 2129 an
1290 2069 1555 2130 vendam
1593 2069 1869 2148 demque

273 2163 711 2242 pauperibus?
762 2168 967 2229 Senex
1007 2168 1696 2247 respondit:Pulehrae
1734 2169 1872 2248 qui-

272 2263 429 2324 dem
478 2266 759 2328 actiones
802 2274 967 2343 sunt,
999 2269 1110 2330 sed
1157 2268 1382 2331 melior
1430 2270 1723 2331 omnibus
1777 2277 1870 2332 est

274 2373 645 2444 paupertas.
679 2370 814 2440 Quo
851 2370 1064 2432 audito
1107 2370 1411 2444 discessit,
1436 2387 1674 2450 eosque
1712 2389 1867 2432 ven-

274 2464 467 2539 didit,
495 2474 554 2528 et
583 2470 918 2547 pecuniam
951 2471 1122 2532 dedit
1152 2471 1534 2550 pauperibus
1555 2471 1662 2550 (2).
1694 2496 1722 2528 »
1750 2474 1872 2533 Ma-

274 2568 522 2629 carium
547 2573 917 2651 Aegyptium
943 2591 1081 2636 esse
1103 2574 1252 2637 inde
1278 2576 1547 2638 coniicio
1568 2576 1674 2656 (3),
1698 2577 1869 2655 quod

276 2668 556 2732 Pherme
587 2690 786 2752 prope
819 2676 1047 2736 Scetim
1077 2676 1191 2738 sita
1221 2681 1373 2749 erat,
1408 2682 1469 2737 et
1504 2677 1871 2739 Theodorus

274 2768 428 2847 ipse
474 2770 652 2833 initio
693 2771 761 2833 in
804 2775 982 2835 Scete
1025 2774 1176 2835 vixit
1203 2774 1308 2856 (4).
1346 2777 1688 2855 Paupertas
1727 2794 1871 2839 vero

279 2871 657 2951 principalis
678 2875 1133 2954 Aegyptiorum
1156 2883 1406 2955 patrum
1421 2877 1614 2938 virtus
1630 2877 1747 2939 fuit
1763 2878 1842 2958 (5)
1856 2927 1869 2939 .

375 2996 403 3027 α
439 2974 623 3035 Venit
662 2975 852 3037 abbas
899 2976 1201 3038 Macarius
1236 2977 1437 3038 maior
1471 2978 1549 3039 ad
1584 2978 1873 3040 abbatem

276 3074 629 3135 Antonium
648 3075 713 3135 in
735 3082 1037 3149 montem,
1054 3082 1273 3138 etcum
1295 3077 1603 3156 pulsasset
1620 3080 1869 3153 ostium,

1968 2078 2182 2157 quitus
2224 2077 2472 2157 sepulta
2515 2093 2783 2156 corpora
2825 2091 3236 2153 paganorum.
3270 2075 3343 2132 Et
3374 2073 3557 2134 traxit

1966 2194 2164 2238 unum
2202 2194 2435 2256 corpus
2478 2177 2594 2237 sub
2635 2182 2824 2254 caput
2860 2191 3042 2234 suum
3082 2179 3380 2251 tanquam
3410 2172 3554 2251 plu-

1969 2277 2226 2338 matium
2254 2277 2333 2339 de
2364 2276 2596 2355 scirpo.
2628 2274 2780 2344 151
2812 2275 3161 2335 Daemones
3194 2278 3425 2345 autem,
3462 2273 3552 2333 vi-

1971 2376 2191 2439 dentes
2230 2376 2519 2439 fiduciam
2562 2376 2719 2449 eius,
2749 2375 2930 2435 invisi
2974 2380 3140 2446 sunt,
3176 2379 3236 2436 et
3277 2373 3557 2435 volentes

1968 2485 2206 2541 terrere
2235 2495 2403 2551 eum,
2431 2478 2737 2539 vocabant
2766 2476 2947 2555 quasi
2981 2475 3297 2554 quandam
3329 2474 3554 2536 mulie-

1972 2597 2106 2649 rem
2146 2579 2429 2642 dicentes
2465 2597 2477 2639 :
2512 2580 2734 2639 Nonna
2777 2576 2905 2650 illa,
2939 2576 3082 2637 veni
3122 2576 3450 2637 nobiscum
3479 2576 3557 2637 ad

1972 2680 2289 2741 balneum.
2312 2682 2386 2740 Et
2407 2678 2563 2741 alter
2584 2678 2853 2739 daemon
2875 2676 3073 2738 desub
3094 2676 3235 2756 ipso
3260 2683 3554 2756 tanquam

1975 2799 2047 2842 ex
2077 2782 2339 2844 mortuis
2363 2781 2485 2843 illis
2513 2779 2838 2859 respondit
2864 2778 3113 2840 dicens:
3142 2777 3557 2855 Peregrinum

1975 2880 2291 2959 quendam
2312 2878 2515 2939 habeo
2539 2894 2728 2956 super
2748 2893 2874 2950 me,
2889 2893 3020 2937 non
3043 2892 3302 2955 possum
3317 2876 3554 2937 venire.

1976 2982 2180 3043 Senex
2209 2985 2418 3041 autem
2446 2995 2577 3040 non
2607 2977 2876 3057 expavit,
2911 2979 3018 3039 sed
3052 2976 3379 3039 confidens
3411 2980 3579 3037 tun-'

1978 3082 2164 3143 debat
2211 3097 2444 3159 corpus
2497 3078 2676 3153 illud,
2724 3078 2941 3139 dicens
2976 3096 2987 3136 :
3022 3078 3241 3156 Surge,
3285 3077 3466 3150 vade,
3508 3078 3561 3137 si

278 3175 482 3236 exivit
514 3175 592 3237 ad
636 3194 780 3237 eum
821 3183 882 3237 et
920 3178 1073 3239 dixit
1112 3178 1170 3240 ei
1198 3196 1210 3238 :
1234 3181 1327 3240 Tu
1360 3180 1502 3258 quis
1533 3178 1636 3241 es?
1662 3182 1735 3241 Et
1762 3181 1868 3243 ille
1895 3165 1938 3223 ο
1971 3187 2174 3260 potes.
2203 3178 2379 3251 Quod
2413 3194 2556 3239 cum
2585 3177 2931 3237 audiissent
2956 3175 3563 3251 daemones,clama—

277 3277 574 3355 ait:Ego
618 3296 755 3339 sum
799 3278 1125 3340 Macarius.
1170 3280 1243 3340 Et
1290 3279 1590 3342 claudens
1640 3282 1868 3343 ostium

275 3379 561 3453 intravit,
590 3386 652 3440 et
688 3379 919 3440 dimisit
951 3396 1095 3440 eum
1132 3379 1307 3441 foris.
1348 3382 1421 3441 Et
1449 3398 1590 3443 cum
1618 3382 1871 3444 vidisset

277 3487 513 3561 postea
543 3481 907 3560 patientiam
943 3480 1098 3555 eius,
1128 3480 1374 3560 aperuit
1413 3482 1492 3542 ei.
1523 3483 1597 3543 Et
1634 3482 1869 3559 adgau-

279 3582 452 3644 dens
488 3582 545 3644 ei
585 3581 868 3643 dicebat:
902 3581 1161 3643 Multum
1198 3588 1448 3661 tempus
1485 3589 1601 3658 est,
1628 3601 1705 3644 ex
1744 3601 1872 3663 quo

277 3691 349 3744 te
386 3682 598 3744 videre
625 3682 1080 3756 desiderabam,
1099 3682 1361 3744 audiens
1384 3683 1463 3745 de
1487 3689 1571 3744 te.
1600 3685 1673 3745 Et
1703 3684 1876 3746 exhi-

276 3784 454 3847 bens
490 3784 548 3845 ei
578 3783 1064 3864 hospitalitatem
1094 3784 1312 3847 refecit
1340 3803 1517 3859 eum;
1552 3793 1682 3848 erat
1706 3788 1874 3848 enim

279 3885 501 3947 fessus
532 3886 610 3947 de
650 3885 847 3946 multo
884 3885 1125 3947 labore.
1151 3887 1428 3966 Vespere
1464 3894 1671 3949 autem
1712 3888 1875 3951 facto

278 3982 525 4045 infudit
567 3984 686 4046 sibi
724 3985 914 4046 abbas
950 3984 1258 4046 Antonius
1298 3984 1577 4047 modicas
1614 3986 1874 4065 palmas,

284 4093 355 4147 et
402 4085 554 4147 dicit
596 4085 654 4147 ei
696 4084 886 4148 abbas
934 4085 1274 4147 Macarius:
1305 4086 1391 4147 Da
1433 4086 1610 4158 mihi,
1651 4093 1719 4147 ut
1759 4104 1877 4164 ego

280 4184 625 4247 infundam
668 4185 839 4265 quod
870 4203 1119 4265 Operer.
1144 4187 1253 4248 Ille
1284 4194 1491 4249 autem
1522 4188 1712 4249 dixit:
1741 4190 1879 4250 Non

284 4285 505 4347 habeo
549 4286 711 4365 plus.
759 4289 833 4347 Et
878 4287 1118 4348 faciens
1162 4286 1530 4349 fasciculum
1577 4288 1879 4350 maiorem

283 4386 528 4447 infudit
550 4403 716 4447 eum.
737 4388 810 4447 Et
836 4387 1125 4449 sedentes
1145 4405 1179 4450 a
1201 4405 1341 4449 sero
1364 4394 1423 4449 et
1446 4388 1881 4467 colloquentes

1969 3286 2195 3342 verunt
2233 3296 2387 3341 voce
2432 3294 2657 3355 magna
2697 3277 2978 3338 dicentes
3012 3293 3025 3336 :
3063 3276 3272 3338 Vicisti
3314 3294 3454 3338 nos.
3489 3279 3562 3338 Et

1970 3381 2266 3459 fugerunt
2300 3378 2545 3441 confusi
2575 3376 2769 3460 (11).»
2808 3377 3038 3438 Eadem
3072 3394 3170 3438 res
3201 3377 3267 3437 in
3299 3376 3557 3456 ApOph-

1970 3481 2301 3559 thegmatis
2346 3495 2535 3558 saepe
2578 3478 2842 3540 laudatis
2873 3477 3140 3539 habetur
3171 3474 3316 3559 (12).
3365 3479 3557 3538 Tere-

1974 3582 2199 3643 nuthin
2248 3598 2395 3642 vero
2452 3580 2560 3641 ubi
2607 3580 2793 3640 situm
2842 3578 3052 3654 fuerit,
3098 3580 3379 3641 invenire
3428 3597 3558 3642 non

1975 3684 2177 3766 potui.

2056 3810 2084 3842 α
2119 3783 2398 3847 Narravit
2428 3782 2620 3843 abbas
2649 3782 2889 3855 Petrus,
2922 3783 3032 3860 qui
3068 3779 3184 3842 fuit
3214 3779 3561 3859 discipulus

1977 3887 2215 3949 abbatis
2254 3887 2389 3958 Lot,
2423 3882 2677 3943 dicens:
2711 3883 2893 3942 Eram
2923 3882 3260 3961 aliquando
3308 3881 3373 3941 in
3403 3879 3560 3941 cella

1979 3988 2216 4050 abbatis
2244 3982 2609 4063 Agathonis,
2642 3989 2704 4044 et
2741 3983 2912 4044 venit
2948 3982 3139 4045 frater
3180 3982 3435 4061 quidam
3483 3981 3561 4043 ad

1979 4108 2147 4163 eum,
2196 4088 2460 4149 dicens:
2507 4084 2667 4147 Volo
2716 4083 2996 4147 habitare
3044 4102 3187 4146 cum
3233 4083 3559 4157 fratribus,

1979 4190 2090 4253 sed
2114 4188 2215 4252 dic
2241 4187 2419 4261 mihi,
2452 4185 2777 4266 quomodo
2808 4184 3082 4247 habitem
3113 4204 3255 4249 cum
3284 4185 3381 4246 iis.
3405 4184 3563 4245 Dicit

1981 4288 2040 4350 ei
2075 4302 2271 4348 senex
2300 4301 2313 4344 :
2344 4283 2515 4345 Sicut
2557 4282 2626 4344 in
2662 4282 2863 4364 prima
2895 4283 3019 4357 die,
3051 4283 3304 4363 quando
3344 4283 3560 4361 ingre-

1982 4386 2147 4450 deris
2169 4384 2247 4447 ad
2269 4400 2403 4457 eos,
2426 4382 2513 4443 ita
2536 4383 2780 4445 custodi
2800 4383 3371 4462 peregrinationem
3393 4390 3560 4443 tuam

286 4488 382 4549 de
422 4488 684 4550 utilitate
728 4489 1071 4550 animarum
1121 4490 1429 4553 faciebant
1481 4491 1776 4571 plectam,
1818 4498 1879 4554 et
1912 4511 1954 4565 ῃ
1983 4486 2276 4551 omnibus
2304 4484 2526 4546 diebus
2559 4484 2718 4545 vitae
2746 4489 2911 4559 tuae,
2942 4502 3059 4547 nec
3089 4502 3369 4547 assumas
3403 4483 3561 4546 ﬁdu-

373 4742 449 4808 (l)
491 4740 603 4795 VV.
637 4742 739 4796 PP.
767 4743 931 4798 Rosw
956 4744 1049 4797 lib.
1075 4742 1115 4795 V
1140 4745 1307 4799 libell.
1331 4744 1384 4810 6,
1411 4746 1443 4798 6
1468 4762 1519 4816 p.
1551 4745 1656 4800 58⁵2
1684 4762 1765 4814 sq.

372 4835 451 4903 (2)
490 4824 725 4889 Cotelei'.
771 4834 919 4889 Eccl.
960 4836 1154 4892 Graec.
1198 4835 1341 4891 Mon.
1375 4836 1439 4890 T.
1484 4837 1501 4889 I
1532 4854 1586 4908 p.
1613 4837 1709 4892 451
1746 4852 1791 4890 s.
1823 4853 1873 4889 v.

292 4918 609 4983 Theodorui
633 4928 963 4983 Phermensis
989 4928 1088 4999 §I;
1123 4929 1265 4983 infra
1290 4931 1346 4985 in
1372 4930 1563 4985 harum
1592 4928 1879 4997 Quaestio—

288 5037 427 5077 nem
450 5020 761 5090 Appendice
778 5022 946 5076 altera
970 5024 1073 5078 sub
1100 5021 1189 5076 IV.

373 5113 451 5185 (5)
492 5112 630 5169 Hist.
664 5114 828 5169 Laus.
859 5115 947 5169 ed.
992 5115 1192 5170 Meurs.
1222 5130 1344 5186 cap.
1388 5116 1459 5171 24
1490 5115 1627 5188 Opp.
1671 5116 1872 5174 Meurs.

290 5210 338 5262 ι.
377 5210 412 5262 Ι.
440 5224 495 5276 p.
521 5208 647 5269 “7;
678 5207 750 5261 cf.
772 5207 1014 5263 Palladii
1046 5208 1676 5265 HistoriamLaasiacam
1707 5214 1776 5265 ad
1793 5228 1875 5266 co-

292 5300 438 5354 dicis
473 5298 884 5353 Vindobonensis
916 5302 1074 5369 ﬁdem
1101 5301 1321 5355 breviter
1349 5302 1692 5364 delinealam,
1733 5303 1875 5357 infra

293 5395 432 5449 huic
453 5400 674 5448 nostrae
702 5394 930 5451 editioni
960 5393 1232 5451 Historiae
1267 5393 1568 5450 Lausiacae
1591 5398 1873 5466 praeposi-

293 5498 436 5541 tam.

375 5580 453 5641 (4)
493 5578 726 5633 Coteler.
779 5579 815 5631 l.
864 5579 901 5631 l.
951 5594 1001 5647 p.
1045 5578 1170 5632 45³7.
1223 5576 1328 5631 458
1384 5592 1429 5631 s.
1479 5593 1533 5629 v.
1579 5575 1881 5630 Theodorus

297 5666 641 5721 Phermensis
673 5668 699 5737 §
729 5666 894 5721 XXV.
928 5666 1118 5722 XXVI.
1149 5664 1363 5720 XXVII.

380 5760 457 5829 (5)
496 5760 580 5813 Cf.
630 5758 901 5816 Bosweidi
938 5760 1174 5816 Iudicem
1202 5775 1383 5816 rerum
1431 5760 1486 5815 in
1537 5757 1649 5813 νγ.
1694 5757 1876 5815 Rosw.

299 5863 361 5907 s.
394 5868 441 5904 v.
467 5849 788 5917 Paupertas.

2058 4740 2131 4809 (6)
2171 4738 2285 4795 vv.
2315 4738 2420 4793 PP.
2451 4739 2637 4795 nosw.
2668 4739 2758 4794 lib.
2803 4738 2867 4793 v.
2908 4739 3072 4795 Iibell.
3105 4740 3157 4802 7,
3197 4739 3228 4793 9
3267 4756 3319 4808 p.
3356 4738 3554 4803 585,1.

2056 4832 2129 4901 (7)
2169 4831 2400 4886 Coteler.
2423 4829 2571 4885 Eccl.
2595 4830 2787 4885 Graec.
2814 4830 2957 4884 Mon.
2984 4830 3046 4885 T.
3076 4831 3095 4884 l
3120 4847 3170 4900 p.
3196 4831 3299 4885 550
3320 4846 3399 4899 sq.
3432 4847 3480 4887 s.
3504 4848 3555 4885 v.

1986 4922 2261 4978 Macarius
2295 4925 2581 4995 Aegyptius
2611 4924 2637 4997 §
2668 4923 2772 4991 IV;
2802 4922 2943 4977 infra
2968 4923 3023 4978 in
3058 4924 3247 4977 harum
3273 4923 3558 4988 Quaestio-

1985 5032 2115 5070 num
2138 5016 2455 5087 Appendice
2481 5017 2651 5071 altera
2680 5017 2783 5072 sub
2812 5015 2899 5068 Ill.

2056 5108 2132 5180 (8)
2170 5109 2253 5164 Cf.
2284 5108 2576 5165 Tillemont
2604 5109 2888 5165 Mémoires
2911 5107 2972 5161 T.
3003 5106 3086 5160 VII
3112 5106 3172 5161 P.
3204 5106 3222 5160 I
3252 5124 3303 5179 p.
3334 5109 3460 5164 9.28.

2053 5201 2128 5269 (9)
2168 5200 2251 5256 Cf.
2298 5201 2699 5271 ApOphthegm.
2757 5200 2988 5255 Coteler.
3042 5199 3078 5251 l.
3118 5199 3152 5252 l.
3208 5215 3242 5265 p
3312 5200 3417 5255 559
3467 5217 3556 5271 sq.

1982 5294 2009 5367 §
2036 5293 2238 5361 XXVI;
2265 5294 2407 5349 infra
2429 5294 2455 5366 §
2481 5295 2571 5350 58.

2054 5388 2168 5457 (10)
2208 5386 2294 5442 Cf.
2330 5402 2495 5455 supra
2534 5385 2561 5457 ᾗ
2594 5386 2666 5439 24
2696 5402 2749 5455 p.
2780 5384 2880 5437 I05
2909 5400 2993 5452 sq.

2053 5480 2164 5549 (Η)
2205 5477 2318 5531 vv.
2343 5477 2447 5531 PP.
2481 5480 2666 5532 Rosw.
2692 5477 2784 5530 lib.
2810 5472 3044 5529 Vlibell.
3076 5475 3125 5539 7,
3167 5476 3229 5529 ιο
3255 5491 3307 5545 ρ.
3344 5476 3468 5540 585,
3501 5474 3557 5531 2.

2057 5570 2170 5640 (ιω
2209 5570 2449 5625 Coteler.
2484 5569 2634 5624 Eccl.
2659 5568 2851 5623 Graec.
2880 5566 3023 5620 Mon.
3052 5569 3117 5621 T.
3152 5568 3169 5620 1
3198 5583 3249 5635 p.
3292 5567 3396 5621 555
3424 5585 3468 5622 s.
3504 5586 3555 5622 v.

1990 5661 2263 5717 Macarius
2310 5663 2592 5732 Aegyptius
2628 5662 2655 5734 §
2702 5659 2855 5726 XIII;
2889 5659 3031 5715 infra
3067 5660 3120 5715 in
3158 5660 3350 5715 harum
3380 5658 3559 5729 Quaer-

1991 5760 2231 5814 stionum
2261 5757 2573 5829 Appcudicc
2607 5756 2775 5811 altera
2807 5752 2909 5809 sub
2942 5750 3025 5807 IIl.
