4040 6556
492 308 596 363 115

1341 309 1444 366 SS.
1482 309 1946 370 MACARIOIIUM
1986 313 2310 371 AEGYPTII
2341 315 2426 369 ET
2460 311 2927 371 ALEXANDRINI

3653 304 3738 365 111

492 427 675 488 ciam.
710 426 867 490 Dicit
896 428 954 491 ei
983 428 1173 492 abbas
1207 429 1510 492 Macarius
1543 447 1555 491 :
1589 430 1744 505 Quid
1780 431 1942 493 enim
1977 433 2072 494 fa-
2110 445 2156 501 Α
2186 434 2318 496 ritis
2346 449 2600 514 pueros,
2632 432 2830 494 tollite
2877 429 3140 492 melotes
3169 434 3422 498 vestras,
3457 432 3520 487 et
3550 424 3740 487 disce-

497 529 580 588 cit
611 527 876 590 ﬁducia?
902 530 1058 592 Dicit
1087 531 1142 592 ei
1169 548 1360 592 senex
1393 549 1408 591 :
1442 533 1540 594 Sic
1571 540 1664 593 est
1686 533 1843 594 sicut
1871 541 2076 596 aestus

500 627 783 706 grandis;
808 631 916 709 qui
943 631 1195 710 quando
1226 633 1546 705 exarserit,
1577 650 1799 695 omnes
1831 633 2080 713 fugiunt

499 744 534 787 a
566 727 724 788 facie
753 729 908 806 ejus,
940 729 1083 808 quia
1115 738 1319 792 aestus
1373 731 1558 791 etiam
1601 732 1897 793 arborum
1943 732 2078 795 fru—

502 835 640 890 ctus
661 830 1027 909 corrumpit.
1053 830 1213 892 Dixit
1233 831 1424 892 abbas
1443 832 1742 894 Macarius
1767 849 1780 892 :
1805 833 1904 895 Sic
1922 833 2082 896 mala

504 928 730 992 ﬁducia
775 928 906 992 est?
943 932 1290 1010 Respondit
1333 932 1526 995 abbas
1574 933 1860 1012 Agathon
1895 953 1908 995 :
1943 937 2082 997 Non

508 1037 602 1091 est
639 1030 822 1110 peior
851 1029 1043 1091 altera
1072 1032 1279 1110 passio
1307 1050 1495 1111 quam
1530 1034 1784 1109 ﬁducia;
1817 1036 2084 1114 genitrix

507 1134 602 1189 est
630 1127 798 1188 enim
841 1128 1124 1188 omnium
1166 1131 1556 1208 passionum.
1589 1135 1888 1195 Convenit
1934 1151 2084 1213 ergo

509 1228 792 1309 Operatio
837 1229 1148 1293 monacho
1189 1249 1318 1294 non
1362 1251 1609 1296 sumere
1645 1236 1958 1310 ﬁduciam,
1994 1237 2086 1298 vel

509 1328 562 1389 si
605 1328 776 1390 solus
819 1330 896 1392 sit
931 1331 996 1392 in
1040 1331 1198 1394 cella
1235 1333 1338 1413 (1).
1382 1357 1422 1390 -ιο
1454 1337 1588 1398 Hoc
1616 1337 1953 1414 Agathonis
1984 1355 2084 1399 re-

510 1446 815 1509 sponsum
847 1431 1017 1493 fratri
1049 1432 1262 1494 datum
1293 1434 1477 1496 etiam
1503 1436 1568 1497 in
1599 1436 1759 1498 libro
1790 1439 1971 1500 tertio
2004 1437 2086 1517 (2)

515 1531 667 1592 etin
698 1531 858 1594 libro
879 1535 1147 1612 septimo
1172 1534 1252 1612 (3)
1278 1535 1466 1612 legis;
1495 1536 1605 1598 sed
1631 1537 1877 1599 Macarii
1900 1541 2090 1602 verba

515 1630 581 1691 in
635 1630 783 1693 solis
846 1634 1404 1714 ApOphthcgmatis
1461 1655 1496 1698 a
1549 1638 1854 1700 Cotelerio
1911 1641 2094 1702 editis

517 1730 830 1792 adduntur
878 1731 982 1810 (4).
1032 1737 1196 1806 Quae
1233 1753 1312 1795 an
1363 1736 1486 1797 sint
1530 1739 1816 1816 Aegyptii
1847 1741 2096 1801 Macarii

518 1830 727 1904 verba,
760 1849 888 1892 non
921 1833 1065 1894 satis
1101 1835 1503 1914 perspicuum
1528 1846 1640 1898 est.
1669 1840 1908 1899 Etenim
1941 1844 2093 1918 Aga-

517 1929 671 1992 thon
692 1931 883 1994 abbas
899 1933 1054 2004 152
1068 1936 1129 1996 in
1148 1938 1328 1998 Scete
1345 1955 1472 1999 non
1486 1939 1729 2000 videtur
1741 1941 1962 2002 vixisse
1984 1941 2062 2022 (5)
2074 1959 2088 2016 ;

519 2031 738 2094 Petrus
775 2040 984 2095 autem
1031 2036 1222 2098 abbas
1250 2037 1314 2098 in
1359 2039 1605 2100 Cellulis
1637 2039 1952 2103 habitabat
1984 2043 2090 2122 (6),

522 2139 584 2193 et
611 2135 723 2194 Lot
750 2135 1109 2213 magistrum
1150 2137 1284 2198 eius
1313 2137 1377 2197 in
1412 2156 1599 2218 parva
1640 2139 1867 2219 palude
1910 2144 2093 2203 Arse-

523 2234 712 2295 noitis
741 2235 1013 2312 regionis
1042 2235 1284 2314 degissc
1316 2238 1656 2300 credideris
1693 2241 1798 2320 (7).

605 2359 632 2391 α
664 2335 868 2397 Abbas
919 2339 1220 2399 Macarius
1263 2339 1480 2401 volens
1525 2342 1836 2403 consolari
1878 2343 2098 2406 fratres

525 2433 771 2497 dicebat
803 2454 816 2495 :
849 2437 1030 2498 Venit
1066 2437 1190 2500 huc
1219 2439 1556 2519 aliquando
1587 2461 1732 2504 cum
1762 2451 1956 2505 matre
1984 2463 2098 2506 sua

525 2555 706 2618 puer,
739 2540 849 2618 qui
885 2557 918 2601 a
962 2539 1294 2604 daemonio
1342 2545 1699 2618 vexabatur,
1751 2553 1811 2608 et
1857 2548 2102 2610 dicebat

526 2639 709 2700 matri
756 2657 950 2701 suae:
1003 2641 1230 2718 Surge,
1280 2661 1494 2704 eamus
1539 2644 1704 2707 hinc.
1750 2647 1859 2708 Illa
1891 2656 2100 2710 autem

530 2740 777 2802 dicebat
805 2760 818 2801 :
843 2742 980 2804 Non
1000 2760 1257 2822 possum
1275 2745 1540 2823 pedibus
1559 2747 1900 2809 ambulare.
1925 2749 1996 2808 Et
2014 2749 2103 2809 di-

531 2839 712 2902 cebat
733 2841 789 2902 ei
812 2841 972 2903 ﬁlius
991 2861 1139 2904 suus
1159 2862 1172 2904 :
1192 2845 1321 2922 Ego
1337 2852 1396 2907 te
1425 2854 1630 2926 porto.
1666 2849 1739 2908 Et
1766 2849 2102 2911 admiratus

531 2957 669 3002 sum
707 2943 992 3003 astutiam
1031 2943 1779 3025 daemonum,quomodo
1817 2965 1926 3010 eos
1954 2949 2101 3011 inde

533 3040 750 3117 fugare
777 3041 1023 3104 volebat
1057 3042 1163 3123 (8).
1190 3069 1216 3102 ››
1251 3045 1420 3107 Ideni
1447 3048 1512 3108 in
1543 3047 2104 3128 ApOphthegmatis

2182 534 2310 596 dite
2343 533 2492 615 (10).
2528 557 2557 589 ι)
2591 532 2869 594 Eandem
2899 529 3148 592 Macarii
3175 525 3463 606 Aegyptii
3491 524 3744 606 pr0phe-

2183 634 2332 695 tiam
2360 634 2426 694 in
2457 629 3016 712 ApOphthegmatis
3041 645 3078 690 a
3114 627 3421 689 Cotelerio
3451 625 3630 687 editis
3653 624 3745 687 de-

2184 732 2526 813 prehendis
2557 731 2706 814 (11).
2736 733 3051 804 Quaenam
3081 727 3278 790 Scetis
3305 726 3640 788 devastatio
3666 726 3746 786 in-

2185 840 2437 906 nuatur,
2470 850 2620 893 num
2650 833 2765 893 sub
2809 830 3000 892 Lucio
3044 829 3415 889 Arianorum
3462 825 3749 905 episcopo

2185 933 2591 994 Alexandriae
2622 932 2888 994 Macario
2935 931 3269 1009 superstite
3312 927 3469 990 facta
3505 925 3649 1006 (12),
3679 944 3750 987 an

2187 1033 2290 1095 illa
2337 1033 2766 1104 barbarorum,
2814 1031 2923 1110 qui
2972 1033 3233 1108 Moysen
3286 1028 3574 1089 abbatem
3624 1043 3752 1088 cum

2190 1131 2376 1193 sociis
2404 1129 2793 1193 trucidarunt
2826 1129 2971 1210 (13),
3007 1146 3088 1190 an
3118 1128 3298 1189 tertia
3321 1125 3630 1206 quaedam
3658 1141 3757 1185 no-

2189 1232 2287 1293 bis
2316 1231 2657 1309 incognita,
2687 1231 2958 1292 discerni
3000 1230 3099 1290 vix
3146 1228 3398 1308 poterit.
3427 1225 3756 1287 'l'illemon-

2195 1334 2312 1394 lius
2348 1333 2736 1394 invasionem
2781 1331 3190 1394 barbarorum
3224 1329 3510 1403 istorum,
3548 1343 3704 1408 quos
3730 1344 3760 1388 c

2193 1433 2623 1495 crudelissima
2681 1433 2982 1494 Mazicum
3055 1438 3240 1510 gente
3296 1429 3490 1490 fuisse
3559 1426 3761 1489 nescio

2195 1536 2425 1614 quibus
2451 1535 2529 1597 de
2559 1533 2906 1596 rationibus
2947 1532 3277 1605 existimat,
3313 1530 3469 1600 153
3499 1528 3765 1609 praedici

2196 1636 2540 1696 autumavit
2577 1633 2725 1714 (14).
2770 1635 2858 1695 Ea
2899 1639 3131 1703 autem,
3164 1649 3328 1712 quae
3365 1633 3426 1692 S.
3479 1629 3764 1707 Augusti-

2198 1751 2315 1794 nus
2365 1734 2443 1795 de
2500 1733 2765 1813 Aegypti
2820 1732 3212 1794 monasteriis
3263 1730 3597 1793 devastatis
3651 1735 3766 1791 tra-

2201 1835 2356 1896 didit
2387 1834 2534 1914 (15),
2568 1835 2690 1898 huc
2727 1853 2854 1896 non
2888 1843 3175 1914 spectare
3203 1834 3508 1896 videntur.

2281 1937 2538 2010 Quando
2567 1937 2728 1999 liber
2771 1938 3026 2016 quintus
3072 1934 3460 2014 compositus
3503 1932 3603 2005 sit,
3653 1949 3773 1993 non

2202 2037 2349 2097 satis
2397 2042 2664 2098 constat.
2714 2038 3026 2098 Laudatur
3058 2043 3267 2095 autem
3311 2050 3346 2093 a
3376 2031 3601 2093 Photio
3634 2029 3772 2110 (16),

2204 2143 2264 2199 et
2302 2136 2623 2214 Pelagium
2670 2136 2810 2198 libri
2856 2137 3263 2215 interpretem
3311 2131 3563 2194 saeculo
3609 2139 3777 2192 sexto

2204 2239 2450 2313 vixisse,
2484 2256 2612 2300 non
2640 2244 2878 2300 temere
2922 2236 3332 2299 coniecerunt
3378 2231 3526 2314 (17).
3558 2231 3682 2293 Sed
3708 2232 3779 2292 ad

2209 2346 2437 2407 librum
2466 2353 2711 2407 sextum
2740 2343 3097 2405 transimus.

2287 2450 2338 2521 ᾗ.
2370 2446 2467 2506 34.
2519 2446 2704 2507 Libro
2758 2452 2935 2507 sexto
2989 2442 3286 2504 undecim
3341 2441 3558 2502 insunt
3589 2438 3780 2500 histo-

2207 2547 2335 2608 riae
2365 2547 2442 2610 de
2471 2546 2771 2620 Macariis,
2803 2563 3068 2626 quarum
3116 2550 3355 2624 septem
3408 2542 3486 2604 de
3525 2541 3786 2602 Macario

2208 2649 2513 2726 Aegyptio
2565 2654 2896 2728 postquam
2946 2646 3237 2723 fatigatus
3284 2644 3501 2716 oravit,
3552 2641 3785 2704 elevato

2209 2756 2271 2811 et
2325 2756 2494 2809 trans
2562 2749 2796 2810 ﬂumen
2866 2745 3140 2808 demisso
3187 2744 3347 2824 (18),
3404 2743 3484 2804 de
3547 2740 3790 2803 duobus

2209 2847 2715 2909 adolescentibus
2784 2844 3135 2926 peregrinis
3213 2843 3505 2904 eumdem
3590 2842 3790 2900 Maca-

2212 2949 2372 3010 rium
2419 2948 2793 3010 adeuntibus
2841 2953 2903 3007 et
2947 2953 3118 3007 tanta
3151 2945 3378 3006 virtute
3427 2940 3789 3004 excellenti-

2213 3051 2329 3112 bus
2375 3049 2522 3130 (19),
2592 3049 2670 3109 de
2734 3047 3145 3110 Macariorum
3213 3062 3357 3107 cum
3395 3043 3646 3105 duobus
3691 3043 3794 3103 tri-

535 3159 568 3202 a
598 3141 903 3205 Cotelerio
933 3144 1113 3206 editis
1143 3145 1407 3208 habetur
1436 3148 1539 3226 (9).
1589 3150 1718 3210 Utri
1755 3158 1962 3211 autem
1987 3153 2109 3213 Ma—
2135 3169 2176 3226 ο
2210 3151 2396 3212 bunis
2464 3166 2805 3226 congressu
2877 3147 3119 3209 adiecta
3196 3145 3303 3207 illa
3375 3143 3796 3222 descriptione

537 3240 846 3302 cariorum
889 3259 989 3304 res
1017 3243 1346 3306 tribuenda
1376 3245 1472 3319 sit,
1506 3245 1783 3314 historia.
1816 3266 1977 3327 quae
2006 3267 2108 3311 se-

538 3337 772 3417 quitur,
803 3339 1060 3402 indicat.

620 3463 646 3493 a
679 3440 932 3502 Dicebat
977 3441 1202 3504 iterum
1249 3444 1328 3505 de
1376 3445 1761 3508 desolatione
1800 3447 1990 3508 Scithi
2033 3448 2110 3510 ad

541 3538 759 3602 fratres
797 3557 810 3600 :
842 3541 1099 3612 Quando
1135 3543 1409 3606 videritis
1457 3544 1678 3607 cellam
1723 3545 2108 3610 aediﬁcatam

543 3640 712 3701 iuxta
756 3640 1072 3720 paludem,
1112 3645 1354 3719 scitote,
1388 3646 1533 3724 quia
1571 3663 1770 3725 prope
1801 3655 1894 3708 est
1923 3649 2111 3711 deso-

547 3742 690 3803 tatio
730 3742 953 3818 Scilhi;
997 3746 1250 3824 quando
1290 3755 1498 3807 autem
1529 3747 1785 3810 arbores
1815 3749 2112 3823 videritis,

546 3843 666 3903 iam
712 3851 856 3907 ante
911 3847 1161 3909 ianuam
1217 3856 1341 3921 est;
1395 3849 1649 3928 quando
1689 3856 1899 3910 autem
1942 3850 2116 3911 vidc-

620 4067 695 4138 (ι)
735 4064 850 4121 vv.
886 4064 992 4121 PP.
1025 4065 1209 4122 κυεην.
1252 4068 1344 4122 lib.
1377 4067 1421 4120 v
1453 4069 1619 4125 libell.
1654 4069 1740 4135 ιο,
1772 4070 1806 4124 8
1837 4069 2035 4140 p.596,
2065 4069 2119 4122 2.

620 4161 703 4230 (2)
742 4159 880 4215 Ibid.
921 4161 1012 4214 lib.
1042 4159 1108 4214 ιιι
1144 4176 1265 4231 cap.
1304 4162 1409 4217 198
1441 4179 1493 4232 ιι.
1521 4163 1647 4224 529,
1679 4163 1735 4218 2.

621 4251 700 4322 (3)
741 4249 877 4305 Ibid.
909 4251 1006 4305 lib.
1045 4249 1133 4304 VII
1169 4267 1289 4321 cap.
1317 4252 1406 4313 42,
1441 4253 1464 4306 1
1500 4269 1553 4324 p.
1586 4254 1712 4316 685,
1755 4253 1805 4308 1.

623 4341 704 4414 (4)
737 4341 970 4398 Coteler.
1003 4343 1150 4397 Eccl.
1181 4342 1374 4397 Graec.
1409 4342 1552 4398 Mon.
1591 4345 1656 4398 Τ.
1695 4342 1713 4396 1
1742 4360 1794 4414 p.
1828 4344 1933 4398 372
1962 4360 2046 4414 sq.
2076 4360 2122 4400 ε.

555 4448 608 4488 ν.
639 4433 885 4503 Agathon
927 4432 955 4504 §
991 4433 1012 4487 1
1045 4452 1059 4501 ;
1090 4433 1231 4488 infra
1281 4435 1335 4488 in
1365 4433 1560 4490 harum
1585 4434 1981 4502 Quaestionum
2018 4436 2127 4506 Ap-

557 4525 788 4596 pendice
816 4525 985 4580 altera
1021 4527 1123 4582 sub
1146 4524 1235 4582 IV.

631 4615 708 4686 (5)
747 4614 1055 4686 Congressu
1079 4618 1132 4670 in
1161 4616 1322 4672 Scete
1353 4618 1538 4672 habito
1566 4619 1815 4690 Agathon
1844 4619 2014 4675 abbas
2042 4636 2134 4675 ve-

564 4709 646 4762 nit
672 4709 1042 4778 fratribusque
1071 4727 1180 4765 non
1222 4720 1370 4766 recte
1395 4713 1665 4767 sancitum
1687 4728 1815 4768 esse
1848 4712 1984 4767 dixit
2017 4730 2031 4778 ;
2069 4729 2137 4766 ex

563 4815 674 4870 quo
695 4815 819 4855 cum
852 4802 907 4855 in
939 4800 1100 4856 Scete
1151 4817 1257 4856 non
1296 4804 1572 4858 habitasse
1603 4814 1748 4858 recte
1772 4805 2020 4874 colliges.
2049 4804 2134 4860 Cl.

564 4892 803 4948 Coteler.
827 4893 974 4948 Eccl.
1001 4892 1196 4950 Graec.
1226 4895 1368 4950 Mon.
1389 4895 1452 4950 T.
1479 4896 1499 4950 l
1530 4913 1584 4967 p.
1609 4897 1713 4951 577
1737 4914 1782 4952 s.
1810 4914 1861 4951 ν.
1894 4899 2141 4968 Agalhou

567 4983 595 5056 ς
622 4983 762 5040 xw.

637 5078 714 5148 (6)
754 5077 990 5134 Coteler.
1041 5076 1188 5131 Eccl.
1221 5077 1416 5133 Graec.
1455 5077 1600 5136 Men.
1638 5081 1701 5134 Τ.
1735 5081 1830 5152 lp.
1865 5082 1968 5136 6-16
1994 5098 2040 5136 s.
2090 5098 2138 5135 v.

572 5171 763 5226 Petrus
800 5170 1013 5224 Piom’la
1043 5169 1070 5240 ᾗ
1105 5169 1146 5226 I.

643 5264 720 5334 (7)
761 5261 896 5317 Ibid.
934 5278 987 5332 p.
1021 5262 1117 5316 521
1155 5278 1202 5316 s.
1229 5279 1279 5314 ν.
1319 5261 1415 5315 Lat
1447 5261 1658 5333 abbas§
1690 5261 1728 5316 Ι.

643 5355 722 5425 (8)
763 5351 877 5407 νγ.
908 5353 1012 5408 ΡΡ.
1047 5355 1231 5409 Ιὶοενν.
1265 5355 1358 5409 lib.
1381 5354 1420 5408 ν
1454 5354 1620 5409 libell.
1649 5357 1734 5419 18,
1766 5356 1903 5424 10p.
1937 5355 2063 5420 658,
2092 5357 2141 5411 1.

646 5445 724 5516 (9)
758 5445 993 5500 Coteler.
1041 5445 1190 5500 Eccl.
1215 5445 1410 5502 Graec.
1463 5445 1609 5500 Mon.
1647 5445 1710 5501 T.
1744 5447 1764 5500 1
1794 5465 1848 5518 p.
1877 5449 1974 5502 551
2013 5468 2058 5503 s.
2093 5467 2145 5502 v.

579 5533 852 5591 Hacarius
898 5539 1184 5608 Aegyptius
1216 5538 1244 5610 §
1277 5536 1345 5591 Vl
1371 5558 1384 5603 ;
1407 5539 1548 5593 infra
1587 5540 1640 5593 in
1668 5542 1856 5597 harum
1873 5540 2153 5609 Quaestio-

579 5643 710 5687 num
739 5627 1051 5697 Appendice
1078 5629 1248 5683 altera
1276 5628 1381 5683 sub
1417 5627 1503 5682 111.

653 5719 768 5790 (ιο)
794 5718 906 5774 vv.
939 5718 1042 5775 PP.
1075 5719 1257 5775 Bosw.
1279 5721 1376 5775 lib.
1399 5719 1440 5773 v
1460 5721 1626 5776 libell.
1649 5723 1734 5785 18,
1765 5722 1824 5776 11
1861 5738 1912 5792 p.
1945 5721 2070 5786 658,
2100 5723 2150 5777 ι.

653 5810 770 5881 (11;
807 5811 1038 5869 Coteler.
1069 5811 1215 5868 Eccl.
1251 5813 1444 5870 Graec.
1482 5813 1627 5870 Men.
1663 5815 1696 5868 l.
1741 5816 1773 5870 Ι.
1805 5831 1857 5886 p.
1887 5815 1985 5871 531
2021 5833 2066 5873 s.
2099 5833 2152 5874 v.

2219 3253 2415 3315 Scetis
2449 3250 2595 3330 (20),
2628 3250 2706 3311 de
2736 3249 2949 3311 cranio
2987 3247 3254 3310 Macario
3297 3245 3604 3324 Aegyptio
3642 3262 3797 3324 poe-

2219 3371 2330 3415 nas
2353 3353 2743 3414 infernorum
2781 3356 3110 3412 enarrante
3141 3346 3289 3427 (21),
3315 3347 3393 3408 de
3423 3345 3800 3407 revelatione

2219 3454 2425 3515 eidem
2459 3452 2725 3514 Macario
2755 3451 2938 3523 facta,
2973 3450 3178 3530 ipsum
3211 3448 3498 3509 virtutem
3538 3445 3800 3506 duarum

2218 3551 2550 3613 mulierum
2597 3550 2878 3612 nondum
2921 3547 3198 3625 attigisse
3232 3545 3376 3626 (22),
3410 3545 3489 3606 de
3520 3543 3801 3606 eiusdem

2219 3651 2466 3712 Macarii
2488 3651 2678 3712 verbo
2703 3649 2873 3729 quod
2897 3647 3050 3709 dixit
3071 3646 3331 3724 Evagrio
3358 3664 3372 3708 :
3393 3646 3627 3707 Umbra
3648 3661 3802 3706 con-

2225 3756 2431 3811 tentus
2461 3755 2593 3810 esto
2628 3747 2773 3828 (23),
2822 3745 2900 3806 de
2947 3745 3224 3807 eiusdem
3269 3743 3706 3817 alﬁrmatione,
3737 3758 3804 3803 se

2222 3850 2440 3928 viginti
2468 3849 2649 3912 annis
2691 3865 2875 3928 aqua.
2909 3865 3073 3927 pane
3115 3855 3175 3908 et
3208 3864 3432 3909 somno
3461 3845 3803 3907 satietatem

2231 4069 2506 4124 Macarius
2538 4069 2825 4138 Aegyptius
2857 4069 2884 4140 §
2932 4067 2974 4120 ν
3002 4087 3016 4132 ;
3055 4068 3195 4122 infra
3229 4069 3282 4122 in
3309 4069 3501 4124 harum
3521 4067 3808 4136 Quaestio-

2236 4180 2361 4218 num
2394 4166 2708 4233 Appendice
2737 4164 2907 4218 altera
2948 4164 3050 4218 Sub
3078 4161 3164 4216 Ill.

2308 4254 2417 4323 (12)
2458 4253 2543 4309 cf.
2577 4268 2742 4324 supra
2773 4253 2800 4324 §
2831 4253 2862 4308 6
2895 4270 2946 4324 p.
2982 4255 3047 4307 16
3099 4269 3222 4323 sqq.
3259 4253 3305 4324 §.
3339 4253 3409 4306 27
3439 4270 3491 4324 p.
3530 4253 3635 4308 113
3654 4261 3709 4308 ct
3739 4254 3813 4307 iu-

2238 4344 2316 4399 Ira
2345 4346 2474 4415 Cap.
2512 4344 2626 4398 Vlll
2659 4345 2801 4416 §42.

2307 4437 2418 4506 (15)
2460 4437 2534 4490 De
2559 4439 2659 4490 hac
2681 4437 2846 4491 caede
2864 4436 2937 4490 cf.
2966 4436 3076 4491 νγ.
3104 4436 3204 4492 PP.
3240 4436 3422 4492 Rosw.
3449 4438 3540 4491 lib.
3568 4436 3611 4492 V
3642 4439 3789 4492 libell

2165 4565 2208 4618 Β
2241 4526 2326 4590 18,
2366 4527 2451 4580 15.
2482 4527 2568 4583 14.
2597 4526 2822 4580 GOtelcr.
2876 4527 3024 4580 Eccl.
3056 4526 3247 4581 Graec.
3289 4527 3433 4580 Men.
3479 4529 3542 4581 Τ.
3580 4526 3598 4580 1
3625 4544 3679 4598 p.

2239 4635 2286 4672 s.
2315 4635 2366 4671 ν.
2401 4617 2548 4670 Mosa
2595 4616 2831 4688 abbas
2867 4616 2936 4672 Χ..

2307 4709 2419 4778 (14)
2454 4708 2746 4763 Tillemont
2776 4709 3063 4765 Mémoires
3092 4711 3156 4765 Τ.
3185 4709 3295 4764 vm
3320 4710 3382 4764 Ρ.
3410 4711 3475 4766 ιιι
3502 4728 3551 4782 ρ.
3579 4713 3708 4775 992,
3741 4711 3814 4765 cf.

2239 4801 2303 4855 T.
2342 4802 2382 4856 Χ
2415 4803 2504 4860 ed.
2541 4801 2716 4857 Paris.
2756 4819 2808 4872 p.
2843 4803 2934 4858 75.
2969 4803 3090 4858 728.
3125 4803 3200 4858 De
3232 4801 3496 4859 Mazicum
3539 4817 3703 4874 gente
3739 4804 3812 4859 cf.

2242 4894 2446 4947 Pallad.
2486 4892 2621 4948 Hist.
2649 4892 2816 4948 Laus.
2849 4910 2972 4963 cap.
3004 4895 3056 4949 8.
3089 4894 3336 4951 Cassian.
3373 4897 3512 4952 Coll.
3545 4895 3610 4962 11,
3638 4898 3687 4950 6.

2311 4986 2422 5054 (15)
2459 4984 2556 5055 Ep.
2614 4985 2711 5040 111
2775 4987 2934 5054 (alias
2987 4985 3132 5056 122),
3169 4986 3224 5041 S.
3278 4989 3512 5059 August.
3548 4988 3686 5060 Opp.
3727 4989 3819 5046 ed.

2244 5080 2420 5150 Migne
2451 5079 2516 5132 T.
2549 5078 2592 5134 ll
2623 5096 2676 5149 p.
2699 5079 2828 5134 422.

2318 5173 2430 5242 (ιδ)
2472 5172 2609 5226 Bibl.
2643 5173 2764 5226 cod.
2797 5171 3078 5227 cxcvm.

2320 5264 2431 5334 (17)
2470 5261 2584 5317 νγ.
2613 5262 2722 5317 PP.
2753 5262 2937 5318 Rosw.
2970 5263 3182 5332 Prolcg.
3212 5263 3304 5317 XV
3335 5281 3387 5334 p.
3423 5265 3586 5321 XLII.

2318 5353 2432 5428 (18)
2471 5353 2585 5409 YV.
2617 5355 2722 5408 PP.
2755 5355 2934 5408 Rosw.
2964 5356 3056 5409 lib.
3082 5355 3148 5407 Vl
3176 5357 3343 5411 libell.
3375 5357 3428 5422 2,
3461 5360 3494 5413 6
3521 5376 3575 5430 p.
3606 5360 3733 5426 649,
3761 5356 3820 5415 ἓ.

2319 5446 2431 5516 (ιθ)
2473 5445 2610 5500 Ibid.
2639 5446 2804 5498 libell.
2832 5447 2886 5508 5,
2917 5446 2952 5498 2
2979 5461 3030 5514 p.
3063 5445 3188 5504 631.
3219 5445 3275 5498 2.

2322 5537 2434 5605 (ac)
2474 5535 2608 5589 una.
2637 5535 2806 5589 libell.
2841 5535 2897 5597 5,
2932 5535 2997 5588 15
3031 5551 3082 5603 p.
3115 5533 3240 5598 656,
3273 5534 3328 5588 ει.

2323 5630 2434 5698 (21)
2475 5629 2613 5682 Ibid.
2648 5629 2813 5682 libell.
2841 5628 2895 5691 5,
2930 5628 2995 5680 16
3032 5643 3084 5696 p.
3119 5628 3246 5691 656,
3277 5628 3314 5680 2
3349 5643 3433 5700 sq.

2323 5722 2433 5791 (ξε)
2472 5721 2608 5776 Ibid.
2645 5721 2811 5776 libell.
2840 5721 2894 5784 5,
2927 5719 2994 5772 17
3022 5736 3074 5790 p.
3101 5720 3227 5785 657,
3265 5722 3317 5776 1.

2327 5814 2440 5886 (25)
2482 5813 2618 5868 Ibid.
2653 5813 2819 5868 libell.
2850 5813 2902 5879 ι,
2937 5813 3000 5869 17
3031 5829 3084 5884 p.
3111 5811 3314 5880 659,2.
