4040 6558
153 328 251 380 €45
1703 336 1932 392 VITAE.

3320 344 3424 398 N6

151 457 346 521 usque
420 459 602 504 usum
672 459 804 505 non
862 461 1001 507 esse
1061 444 1170 527 (1),
1232 445 1356 510 iam
1404 450 1726 512 recensui-
1758 455 1806 512 Α
1835 469 1955 513 nex
2005 452 2216 525 illum,
2267 454 2375 532 qui
2424 460 2712 515 mortuus
2756 454 2988 528 fuerat,
3035 457 3252 520 dicens
3282 459 3418 520 illi:

148 561 284 610 mus
314 541 420 621 (2).
453 546 706 607 Ceterae
736 553 1006 626 quatuor
1033 547 1151 611 hae
1181 560 1328 612 sunt
1358 568 1370 611 :

221 668 251 700 tl
305 645 591 708 Habebat
641 647 895 726 quidam
953 648 1151 712 tilium
1203 652 1616 732 paralyticum
1662 657 1730 717 in

144 751 450 827 Aegypto,
483 756 544 810 et
571 750 830 812 adduxit
860 769 1005 814 eum
1044 755 1123 815 ad
1149 755 1373 818 cellam
1402 757 1568 820 beati
1597 760 1726 820 Ma-

144 847 316 920 carii,
354 856 416 909 et
462 849 679 912 relicto
722 868 799 913 eo
849 851 928 914 ad
958 853 1188 915 ostium
1235 855 1426 917 ﬂente
1471 858 1729 919 recessit

142 947 354 1027 longe.
407 951 774 1030 Respiciens
821 969 972 1030 ergo
1019 970 1214 1016 senex
1259 956 1412 1018 vidit
1461 974 1728 1037 puerum

143 1043 520 1123 plorantem,
554 1054 615 1109 et
663 1049 816 1111 dixit
862 1051 921 1112 ei
954 1069 968 1111 :
999 1053 1148 1125 Quis
1175 1060 1236 1115 te
1269 1055 1528 1118 adduxit
1562 1057 1730 1120 huc?

143 1145 254 1216 Qui
287 1145 482 1208 dixit:
510 1148 693 1210 Pater
711 1167 889 1212 meus
912 1153 1179 1230 proiecit
1205 1171 1308 1216 me
1328 1155 1433 1219 hic
1462 1164 1524 1219 et
1551 1159 1722 1220 abiit.

138 1245 209 1304 Et
239 1245 394 1308 dicit
441 1247 500 1309 ei
534 1266 729 1310 senex
760 1269 774 1310 :
807 1253 1003 1330 Surge
1041 1253 1198 1326 154
1227 1262 1289 1317 et
1317 1257 1727 1337 apprehende

141 1363 306 1407 eum.
342 1349 460 1420 Qui
497 1352 702 1413 statim
743 1371 930 1416 sanus
978 1355 1179 1419 factus
1227 1365 1341 1434 est,
1378 1367 1439 1421 et
1467 1378 1729 1440 surgens

139 1445 562 1523 apprehendit
590 1457 831 1530 patrem
861 1471 1069 1530 suum,
1116 1462 1177 1518 et
1219 1457 1309 1521 sic
1344 1459 1634 1522 abierunt
1660 1462 1727 1522 in

141 1545 400 1609 domum
431 1567 608 1612 suam
644 1553 747 1632 (3).
772 1578 800 1609 ››
829 1555 1004 1616 Idem
1033 1557 1096 1618 in
1125 1558 1286 1620 libro
1319 1561 1500 1624 tertio
1534 1564 1726 1625 Besa-

140 1648 302 1711 rioni
346 1651 560 1715 abbati
604 1655 670 1716 in
717 1658 897 1718 Scete
946 1658 1247 1722 habitanti
1277 1661 1397 1742 (4),
1443 1665 1513 1725 in
1553 1669 1725 1745 Apo-

139 1747 564 1830 phthegmatis
609 1773 758 1818 vero
804 1775 841 1819 a
873 1759 1182 1823 Cotelerio
1228 1763 1410 1825 editis
1458 1768 1726 1829 Macario
1758 1800 1802 1857 Β

139 1855 448 1932 Aegyptio
477 1857 890 1938 tribuitur(5).
916 1862 1000 1924 De
1029 1864 1235 1942 puella
1259 1866 1544 1928 similiter
1561 1885 1595 1929 a
1615 1887 1724 1948 pa-

135 1955 424 2018 rentibus
452 1958 530 2019 ad
558 1959 807 2022 ianuam
845 1963 1096 2025 Macarii
1129 1967 1414 2045 Aegyptii
1444 1969 1721 2048 proiecta

137 2063 188 2118 et
215 2075 252 2120 a
283 2065 504 2122 saneto
535 2071 748 2123 sanata
780 2081 968 2142 supra
997 2066 1348 2128 audivimus
1375 2069 1482 2149 (6).

207 2180 239 2210 α
276 2157 539 2220 Dicebat
585 2160 779 2222 abbas
827 2163 1022 2225 Sisois
1068 2183 1081 2224 :
1129 2166 1390 2238 Quando
1438 2185 1607 2229 eram
1654 2169 1720 2231 in

137 2259 326 2320 Scithi
375 2278 516 2321 cum
549 2262 773 2323 abbate
819 2265 1111 2338 Macario,
1144 2267 1544 2330 ascendimus
1581 2287 1717 2331 me-

138 2367 260 2421 tere
311 2378 460 2422 cum
508 2380 608 2436 eo,
658 2371 898 2444 septem
939 2367 1216 2430 nomina.
1282 2371 1355 2430 Et
1399 2387 1548 2433 ecce
1597 2390 1720 2434 una

136 2459 315 2521 vidua
363 2460 695 2538 colligebat
739 2464 944 2542 spicas
973 2465 1052 2526 de
1101 2473 1246 2546 post
1290 2485 1430 2542 nos,
1483 2477 1544 2530 et
1591 2487 1719 2532 non

133 2562 421 2622 cessabat
458 2562 735 2642 plorans.
777 2565 1030 2628 Vocavit
1075 2585 1225 2646 ergo
1273 2586 1467 2630 senex
1514 2570 1718 2632 domi-

132 2680 280 2722 num
313 2664 452 2741 agri
494 2665 660 2727 illius
699 2673 760 2727 et
787 2666 940 2728 dixit
967 2669 1026 2730 ei
1059 2687 1072 2728 :
1109 2669 1266 2743 Quid
1315 2681 1409 2732 est
1435 2671 1720 2735 aniculae

131 2763 300 2837 huic,
336 2765 509 2844 quod
543 2785 794 2847 semper
824 2768 1064 2849 plorat?
1093 2772 1208 2844 Qui
1241 2772 1397 2834 dixit
1428 2773 1486 2834 ei
1521 2792 1533 2834 :
1569 2775 1720 2847 Quia

132 2866 213 2926 vir
239 2867 387 2928 eius
416 2867 635 2930 habuit
666 2870 1020 2950 depositum
1057 2873 1407 2948 cuiusdam,
1439 2881 1501 2937 et
1536 2895 1714 2938 mor-

130 2971 274 3027 tuus
306 2975 405 3028 est
435 2985 566 3029 non
595 2969 886 3049 loquens,
917 2979 977 3032 et
1005 2989 1130 3033 non
1160 2973 1334 3048 dixit,
1371 2975 1481 3036 ubi
1513 2978 1721 3056 posuit

132 3067 309 3141 illud,
345 3075 408 3131 et
451 3071 581 3130 vult
623 3071 917 3134 domin’us
963 3073 1235 3153 depositi
1265 3077 1551 3156 accipere
1582 3096 1719 3140 eam

1832 553 1949 614 Ubi
1991 555 2074 634 (7)
2119 555 2386 635 posuisti
2433 554 2707 617 alienum
2754 557 3150 636 depositum?
3183 560 3295 632 Qui
3331 578 3426 621 re-

1832 656 2154 735 spondens
2176 657 2328 718 dixit
2351 657 2405 718 ei
2435 676 2446 718 :
2472 660 2542 719 In
2578 658 2768 720 domo
2808 676 2946 721 mea
2983 660 3420 722 absconditum

1831 759 1925 814 est
1952 754 2068 816 sub
2102 755 2264 834 pede
2306 755 2545 818 lectuli.
2574 759 2648 818 Et
2686 758 2771 819 ait
2798 757 2888 818 illi
2935 776 3177 821 senex:
3209 761 3423 822 Dormi

1829 852 2055 914 iterum
2099 872 2302 934 usque
2344 857 2410 918 in
2447 857 2615 919 diem
2648 860 3147 922 resurrectionis.
3180 861 3418 923 Viden-

1828 961 1925 1016 tes
1967 962 2177 1017 autem
2221 955 2442 1019 fratres
2482 958 2847 1021 ceciderunt
2893 959 2969 1022 ad
3007 961 3202 1040 pedes
3247 963 3418 1037 eius;

1831 1055 2063 1136 quibus
2091 1057 2245 1119 dixit
2284 1075 2479 1120 senex
2516 1077 2528 1119 :
2561 1061 2701 1120 Non
2742 1067 3003 1140 propter
3045 1078 3145 1123 me
3185 1061 3418 1124 factum

1831 1156 2106 1230 esthoc;
2146 1156 2302 1219 nihil
2351 1159 2518 1220 enim
2568 1177 2740 1233 sum;
2785 1160 2895 1222 sed
2943 1169 3201 1241 propter
3246 1162 3417 1224 illam

1829 1255 2080 1317 viduam
2131 1263 2192 1318 et
2239 1257 2560 1336 orphanos
2613 1258 2810 1336 ipsius
2849 1257 2997 1320 fecit
3041 1260 3205 1321 Deus
3254 1259 3416 1323 hanc

1829 1375 1986 1418 rem.
2028 1360 2164 1420 Hoc
2201 1359 2368 1420 enim
2405 1365 2497 1419 est
2543 1376 2863 1437 magnum,
2912 1359 3059 1440 quia
3096 1361 3231 1420 sine
3261 1378 3415 1439 pee-

1830 1465 1970 1520 cato
1999 1459 2128 1521 vult
2157 1460 2319 1520 Deus
2349 1477 2486 1520 esse
2515 1460 2811 1533 animam,
2844 1466 2905 1520 et
2941 1460 2993 1519 si
3027 1460 3178 1539 quid
3211 1461 3416 1540 petie-

1829 1558 1930 1633 rit,
1968 1559 2216 1639 accipit.
2260 1560 2534 1622 Veniens
2579 1568 2785 1622 autem
2838 1559 3143 1620 nuntiavit
3193 1561 3416 1624 viduae

1828 1657 1942 1731 illi,
1975 1659 2084 1720 ubi
2112 1667 2242 1721 erat
2273 1659 2426 1721 illud
2466 1661 2996 1722 commendatum.
3031 1667 3104 1723 At
3155 1662 3256 1724 illa
3305 1682 3414 1725 su~

1831 1775 2010 1819 mens
2044 1758 2200 1830 155
2233 1759 2386 1821 illud
2415 1760 2686 1822 reddidit
2716 1761 2973 1823 domino
3008 1780 3122 1824 suo
3162 1771 3222 1824 et
3253 1764 3414 1826 libe-

1829 1859 1984 1920 ravit
2015 1859 2176 1922 ﬁlios
2203 1877 2374 1922 suos.
2404 1863 2479 1922 Et
2505 1863 2613 1942 qui
2640 1862 2972 1924 audierunt
2999 1861 3143 1939 hoc,
3175 1865 3414 1942 gloriﬁ-

1829 1969 2124 2023 caverunt
2147 1963 2343 2024 Deum
2377 1962 2476 2042 (8).
2513 1987 2540 2019 »
2582 1963 2752 2025 ldem
2800 1965 2868 2025 in
2903 1965 3414 2045 ApOpthegmatis

1827 2078 1862 2123 a
1916 2062 2222 2125 Cotelerio
2288 2064 2472 2126 editis
2539 2063 2803 2126 habetur
2864 2064 2972 2144 (9).
3049 2067 3414 2130 Rosweidus

1826 2161 1980 2225 illud
2016 2188 2044 2220 «
2078 2171 2321 2244 septem
2355 2165 2609 2226 nomina
2645 2186 2674 2221 ››
2713 2163 2863 2244 quid
2911 2165 3028 2226 sibi
3074 2165 3244 2242 velit,
3281 2185 3412 2230 non

1825 2264 2179 2343 intelligere
2213 2283 2279 2327 se
2308 2265 2538 2327 fatetur
2566 2263 2713 2344 (10).
2747 2263 2866 2326 Sed
2899 2282 2932 2326 e
2967 2283 3190 2344 graeco
3220 2267 3283 2329 id
3313 2267 3409 2329 fa-

1828 2365 1946 2428 cile
1976 2365 2344 2447 explicatur,
2373 2366 2482 2428 ubi
2525 2366 2678 2444 legis
2713 2390 2740 2421 ί(
2776 2373 2914 2427 ἔπτά
2951 2373 3185 2448 ὀνόματα
3218 2392 3243 2423 ι)
3273 2370 3316 2429 1.
3351 2387 3405 2431 e.

1829 2453 2072 2546 septeni
2112 2466 2422 2528 homines.
2464 2467 2707 2529 Etenim
2743 2485 2864 2528 vox
2899 2473 3129 2545 ὀνόματα
3166 2486 3281 2547 pro
3317 2470 3412 2528 ἄν·

1831 2576 2029 2647 θρωποι
2051 2585 2240 2647 saepe
2271 2565 2738 2647 reperitur(11),
2771 2566 2938 2627 unde
2971 2567 3112 2628 cod.
3145 2585 3260 2627 ms.
3295 2568 3412 2626 Bo-

1828 2669 2115 2731 decensis
2166 2667 2470 2728 Bollando
2518 2674 2673 2728 teste
2722 2673 2891 2728 recte
2941 2665 3199 2745 protulit
3237 2690 3266 2721 «
3307 2684 3409 2727 se-

1827 2778 1997 2850 ptem
2043 2769 2264 2831 fratres
2297 2767 2442 2848 (1‘2).
2482 2792 2508 2822 »
2543 2767 2684 2828 Noli
2713 2775 2923 2828 autem
2969 2766 3206 2839 mirari,
3238 2765 3411 2844 quod

1827 2871 2130 2934 Macarius
2173 2870 2514 2950 Aegyptius
2560 2869 2753 2930 abbas
2801 2869 3025 2930 exiisse
3076 2867 3304 2946 legitur
3331 2869 3411 2930 ad

1825 2973 2214 3035 metendum.
2247 2974 2380 3032 Mes
2413 2970 2580 3031 enim
2611 2987 2740 3030 non
2772 2968 2976 3030 solum
3005 2968 3262 3030 fratrum
3295 2969 3408 3029 Se-

1828 3071 2104 3151 rapionis
2150 3069 2538 3150 presbyteri,
2589 3067 2697 3147 qui
2753 3067 2971 3129 decem
3036 3067 3169 3129 fere
3217 3067 3411 3128 millia

130 3175 185 3228 et
220 3169 400 3232 ﬁlios
430 3171 566 3232 eius
589 3173 654 3233 in
689 3175 1070 3236 servitutem.
1105 3178 1182 3237 Et
1208 3178 1294 3238 ait
1334 3197 1528 3240 senex
1570 3198 1582 3240 :
1613 3181 1719 3244 Die

1826 3173 2280 3236 monachorum
2299 3171 2364 3232 in
2389 3170 2646 3247 regione
2666 3169 2987 3230 Arsenoite
3009 3169 3285 3246 regebat,
3300 3167 3412 3229 sed

131 3267 233 3342 illi,
277 3277 350 3330 ut
400 3272 606 3334 veniat
654 3274 730 3334 ad
787 3292 939 3350 nos,
995 3279 1100 3339 ubi
1147 3279 1600 3358 requiescimus
1653 3282 1720 3343 in

130 3379 444 3433 caumate.
476 3375 550 3434 Et
578 3392 721 3436 cum
753 3379 1043 3452 venisset,
1079 3380 1226 3442 dicit
1256 3382 1310 3442 ei
1343 3400 1538 3443 senex
1571 3400 1583 3442 :
1620 3385 1724 3444 Ut-

130 3471 276 3550 quid
316 3480 587 3553 semper
618 3475 868 3556 ploras?
905 3481 1072 3550 Quae
1101 3481 1186 3541 ait
1215 3499 1228 3541 :
1257 3482 1364 3542 Vir
1396 3499 1576 3544 meus
1605 3482 1719 3544 de-

129 3574 390 3635 functus
418 3581 532 3651 est,
558 3578 876 3658 accipiens
898 3581 1404 3644 commendatum
1432 3583 1718 3657 alicuius,

129 3680 185 3733 et
214 3692 354 3736 non
385 3675 541 3737 dixit
567 3680 867 3754 moriens,
899 3681 1006 3742 ubi
1039 3683 1249 3760 posuit
1269 3681 1448 3745 illud.
1470 3686 1544 3745 Et
1569 3684 1724 3744 dixit

127 3775 180 3834 ei
210 3794 421 3838 senex
455 3795 468 3836 :
498 3779 681 3847 Veni,
712 3787 772 3840 et
802 3782 1064 3843 ostende
1099 3784 1282 3845 nobis
1318 3784 1720 3864 sepulchrum

128 3876 238 3936 viri
281 3877 406 3938 tui.
453 3879 528 3938 Et
584 3881 918 3960 assumptis
968 3900 1192 3944 secum
1230 3885 1524 3948 fratribus
1571 3889 1722 3949 abiit

125 3994 268 4038 cum
291 3995 395 4039 ea.
418 3981 493 4040 Et
522 3998 665 4041 cum
695 3983 1013 4045 venissent
1045 3984 1120 4045 ad
1151 3984 1380 4059 locum,
1411 3987 1517 4047 ubi
1549 3989 1720 4067 posi—

127 4083 222 4139 tus
269 4087 435 4154 erat,
469 4081 628 4142 dixit
665 4083 741 4143 ad
789 4084 960 4146 illam
1004 4103 1198 4147 senex
1232 4105 1244 4146 :
1277 4090 1527 4151 Recede
1573 4091 1721 4153 hinc

126 4176 183 4237 in
218 4178 492 4269 domum
522 4188 712 4241 tuam.
746 4184 820 4242 Et
853 4185 1174 4245 orantibus
1215 4183 1336 4245 illis
1363 4186 1602 4247 vocavit
1629 4204 1724 4247 se-

192 4378 272 4449 (1)
297 4379 417 4432 νγ.
441 4379 545 4433 ΡΡ.
583 4379 760 4435 Rosw.
794 4382 889 4437 lib.
916 4382 982 4436 Vl
1018 4385 1185 4439 libell.
1221 4383 1374 4448 4318
1398 4402 1450 4455 ρ.
1496 4386 1600 4440 659
1631 4403 1714 4457 sq.

191 4471 272 4542 (2)
315 4471 408 4528 Cf.
453 4489 618 4542 supra
670 4473 697 4544 §
735 4475 804 4527 52
849 4491 902 4544 p.
947 4475 1081 4540 146;
1138 4476 1240 4531 145
1287 4491 1448 4546 sqq.;
1488 4476 1514 4548 §
1551 4477 1622 4530 21
1662 4494 1714 4546 p.

1829 3276 2109 3339 omnium
2143 3289 2346 3354 paene
2389 3271 2656 3349 Aegypti
2697 3269 3149 3332 monachorum
3173 3269 3312 3343 fuit,
3344 3275 3413 3329 ut

1826 3377 2046 3438 messis
2066 3385 2350 3456 tempore
2371 3373 2447 3435 ad
2473 3372 2837 3434 metendum
2868 3390 2934 3433 se
2957 3370 3407 3443 conducerent,

1825 3475 2284 3554 mercedisque,
2334 3491 2531 3553 quum
2584 3478 2928 3550 octogenos
2980 3469 3227 3531 modios
3275 3468 3408 3530 fru-

1826 3577 2023 3638 menti
2051 3575 2193 3655 plus
2217 3575 2424 3636 minus
2455 3571 2686 3651 singuli
2717 3571 3131 3650 accepissent,
3169 3577 3410 3650 partem

1824 3678 1924 3751 iis,
1959 3694 2120 3756 quos
2150 3683 2474 3750 noverant,
2513 3673 2897 3754 pauperibus
2934 3672 3254 3744 offerrent,
3290 3687 3408 3731 nec

1827 3797 1954 3840 non
2013 3776 2447 3838 Alexandriam
2509 3792 2713 3854 usque
2785 3791 2972 3834 naves
3048 3771 3406 3844 frumento,

1827 3881 1996 3960 quod
2021 3879 2351 3957 egentibus
2371 3876 2868 3947 distribueretur,
2899 3879 3155 3934 onustas
3184 3870 3408 3946 dirige-

1827 3988 1965 4042 rent
2000 3978 2143 4060 (13).
2191 3977 2429 4039 Pariter
2454 3992 2602 4036 vero
2646 3974 3009 4055 Spiridioni,
3043 3971 3228 4051 Cypri
3267 3971 3406 4049 epi-

1824 4099 2044 4161 seopo,
2069 4080 2192 4142 ﬁlia
2216 4077 2532 4149 defuncta,
2566 4074 2672 4136 ubi
2705 4073 3063 4154 depositum
3093 4069 3402 4152 posuerit,

1826 4202 1859 4244 e
1890 4180 2226 4262 sepulchro
2255 4175 2658 4257 respondisse
2687 4173 2949 4235 traditur
2979 4171 3126 4250 (141.

1827 4382 2068 4436 stionum
2099 4376 2410 4450 Appendiee
2442 4376 2610 4428 altera
2642 4373 2746 4428 sub
2773 4371 2859 4424 Ill.

1897 4473 2007 4543 (10)
2047 4469 2162 4526 νγ.
2199 4469 2304 4522 PP.
2334 4467 2514 4544 llosw.
2559 4466 2651 4519 lib.
2692 4463 2758 4517 Vl
2785 4471 2899 4516 not.
2943 4463 2974 4514 6
3007 4478 3058 4530 ι).
3087 4460 3214 4522 662,
3247 4460 3295 4511 1.

125 4569 224 4620 1115
253 4585 374 4637 sq.;
402 4568 429 4637 §
453 4568 527 4621 9.8
557 4584 611 4638 p.
646 4568 780 4633 118',
809 4567 836 4638 §
865 4567 934 4622 5?.
957 4584 1008 4639 p.
1045 4569 1139 4623 141
1183 4586 1305 4640 sq.;
1339 4569 1439 4624 156
1460 4587 1576 4640 sq.;
1604 4570 1717 4642 §29
1749 4551 1793 4604 Ῑ)
1895 4564 2006 4636 (11)
2053 4561 2310 4631 Exempla
2343 4559 2618 4628 congessit
2646 4555 2950 4609 Cotelerius
2984 4555 3019 4606 l.
3064 4555 3100 4606 l.
3131 4569 3183 4623 p.
3214 4552 3317 4605 814
3351 4553 3403 4605 in

125 4675 157 4726 ιι
217 4661 354 4720 119;
397 4661 525 4714 120.

192 4753 271 4819 (5)
314 4751 432 4804 νγ.
467 4751 571 4805 ΡΡ.
618 4750 801 4826 Bosw.
833 4753 928 4807 lib.
965 4751 1032 4804 VI
1066 4753 1230 4808 libell.
1272 4754 1327 4814 2.
1361 4755 1390 4808 7
1428 4772 1480 4825 p.
1509 4757 1634 4822 649,
1663 4757 1716 4810 2.

193 4845 273 4910 (ι)
327 4845 472 4897 Ibid.
501 4844 595 4898 lib.
635 4846 705 4896 m
736 4859 856 4913 cap.
892 4844 996 4898 122
1023 4861 1076 4914 p.
1109 4847 1234 4908 518,
1269 4847 1304 4899 1.

190 4935 272 5001 i5)
317 4931 558 4987 Coteler.
598 4932 744 4988 Eccl.
792 4933 985 4989 Graec.
1022 4934 1169 4989 Men.
1223 4935 1285 4988 T.
1327 4938 1348 4988 Ι
1409 4954 1461 5006 p.
1495 4937 1599 4992 555
1631 4954 1714 5007 sq.

122 5040 169 5078 ε.
211 5043 268 5076 v.
313 5023 592 5078 Macarius
637 5025 924 5096 Aegyptius
975 5025 1002 5096 ᾗ
1053 5025 1178 5093 XV;
1225 5027 1367 5081 infra
1422 5029 1477 5081 in
1526 5029 1716 5082 harum

119 5117 532 5184 Quaestionum
566 5116 880 5185 Appendice
909 5120 1076 5174 altera
1109 5121 1211 5174 sub
1237 5121 1326 5172 Ill.

190 5210 273 5280 (6)
317 5208 406 5263 Cf.
441 5225 609 5278 supra
636 5210 663 5280 §
691 5211 757 5263 17
785 5227 836 5280 p.
861 5211 950 5264 60.

187 5308 203 5368 <
213 5303 271 5370 7)
313 5302 406 5356 Sic
429 5304 597 5366 male,
629 5319 726 5373 pro
750 5305 961 5358 dicens:
983 5303 1108 5367 Ille,
1131 5305 1251 5369 ubi;
1275 5319 1466 5374 graece
1486 5303 1680 5372 λέγων
1698 5319 1711 5332 ο

122 5394 181 5444 Ὁ
213 5395 409 5451 δεῖνα.
476 5396 561 5452 Cf.
609 5397 841 5452 Coteler.
898 5397 1048 5452 Eccl.
1100 5397 1296 5453 Graec.
1356 5397 1502 5451 Men.
1563 5395 1628 5450 Τ.
1691 5399 1711 5450 Ι

120 5501 169 5550 p.
223 5486 359 5540 8-15.

189 5579 272 5647 (8)
324 5577 440 5633 νγ.
490 5577 600 5632 PP.
645 5578 833 5635 Rosw.
862 5579 958 5634 lib.
993 5578 1061 5633 Vl
1106 5580 1273 5636 libell.
1310 5580 1366 5643 2,
1398 5581 1431 5633 8
1482 5597 1538 5651 p.
1587 5581 1711 5648 649,

119 5671 152 5724 Ξ
176 5689 264 5740 Si].

198 5768 281 5830 (Si)
313 5764 556 5820 Coteler.
596 5763 746 5820 Eccl.
777 5764 970 5819 Graec.
1006 5762 1155 5818 Men.
1197 5765 1260 5818 Τ.
1293 5765 1313 5818 1
1347 5781 1398 5834 p.
1436 5765 1540 5819 55:2
1575 5782 1620 5820 s.
1654 5783 1707 5820 v.

124 5852 408 5912 Macarius
459 5857 746 5920 Aequptius
774 5856 803 5923 ξ
832 5857 952 5921 Yll;
1013 5855 1153 5912 infra
1201 5858 1258 5913 in
1301 5857 1494 5911 barum
1527 5855 1711 5924 Quae--

1823 4667 1952 4711 nuta
1979 4656 2045 4710 ad
2083 4663 2325 4709 nostram
2357 4652 2638 4706 historiam
2673 4653 2751 4718 (p.
2783 4647 2909 4709 552,
2948 4648 3036 4714 Α).

1891 4748 2001 4819 (12)
2039 4751 2150 4803 AA.
2185 4746 2288 4801 SS.
2324 4745 2460 4798 Boil.
2498 4742 2621 4796 Jan.
2650 4740 2713 4793 Τ.
2747 4741 2766 4794 1
2802 4757 2854 4811 p.
2885 4739 3043 4802 1009,
3081 4739 3101 4790 1
3157 4745 3270 4790 unt.
3297 4736 3351 4788 b.

1895 4843 2006 4912 (15)
2033 4839 2147 4894 vv.
2171 4839 2276 4893 PP.
2316 4837 2500 4893 nosw.
2535 4837 2627 4890 lib.
2655 4835 2700 4888 ιι
2725 4850 2846 4903 cap.
2880 4833 2945 4885 18
2981 4848 3033 4901 ρ.
3077 4831 3203 4892 4Ἱ6,
3236 4831 3285 4882 1.
3314 4827 3400 4880 ei.

1822 4934 1918 4990 lib.
1950 4932 2182 4988 Vlibell.
2219 4931 2308 4996 17,
2343 4931 2415 4985 20
2438 4946 2492 4999 p.
2526 4928 2653 4994 654,
2686 4930 2742 4982 2.
2801 4928 2855 4980 In
2890 4924 3029 4978 Hist.
3084 4922 3251 4975 Laus.
3308 4922 3398 4974 ed.

1821 5025 2022 5082 Meurs.
2057 5041 2180 5095 cap.
2205 5025 2272 5078 77
2308 5023 2447 5094 Opp.
2490 5023 2693 5077 Meurs.
2723 5022 2758 5074 l.
2800 5021 2833 5073 l.
2870 5035 2922 5088 p.
2963 5017 3069 5070 537
3103 5013 3397 5068 duodecim

1819 5121 2040 5174 artabas
2071 5119 2111 5175 i.
2138 5134 2188 5172 e.
2222 5119 2367 5171 circa
2390 5116 2750 5185 quadraginta
2781 5111 2994 5165 modios
3021 5106 3398 5176 unusquisque

1819 5213 2098 5281 accepisse
2160 5213 2353 5266 fertur.
2401 5210 2506 5264 Ista
2551 5210 2716 5277 igitur
2765 5204 3074 5260 dill‘erentia
3120 5197 3396 5269 quomodo

1817 5305 2140 5372 explicanda
2176 5305 2270 5368 sit,
2331 5303 2536 5357 nescio.
2593 5301 2772 5368 Caput
2814 5312 2944 5351 vero
2975 5295 3107 5348 illud
3135 5292 3394 5345 editionis

1819 5396 2180 5462 Meursianae,
2206 5412 2376 5465 quium
2411 5395 2465 5448 in
2498 5392 2660 5448 codd.
2689 5391 2999 5446 Viudobon.
3023 5387 3391 5446 desideretur,

1817 5489 2064 5558 spurium
2090 5503 2212 5542 esse
2242 5486 2539 5540 verisimile
2571 5493 2678 5539 est.

1888 5582 2004 5652 (14)
2046 5580 2230 5634 Rufin.
2266 5579 2406 5633 llist.
2438 5578 2588 5632 Eccl.
2620 5578 2716 5632 lib.
2743 5576 2761 5630 1
2787 5592 2907 5644 cap.
2947 5577 3001 5637 5,
3025 5575 3113 5628 ed.
3151 5572 3317 5625 Basil.
3340 5571 3388 5656 'l.

1817 5676 2023 5745 p.218,
2083 5673 2265 5727 Ruﬁni
2315 5671 2453 5741 Opp.
2500 5671 2588 5726 ed.
2638 5669 2872 5724 Vallarsi
2923 5684 2971 5737 p.
3032 5665 3161 5719 222.
3213 5663 3391 5734 Migue

1818 5767 2025 5822 Patrol.
2053 5765 2116 5820 T.
2155 5763 2274 5818 XXI
2312 5781 2362 5834 p.
2395 5763 2520 5817 471.
