4040 6590
629 368 732 422 H7
1366 404 1369 407 ·
1467 383 1568 438 SS.
1611 380 2073 438 MACARIOIIUM
2116 380 2187 434 AF

2289 377 2439 433 TPTII
2482 380 2573 434 ET
2610 379 3082 435 ALEXANDRINI
3782 384 3863 439 us

708 516 737 549 α
770 494 953 555 Venit
981 494 1319 575 aliquando
1366 496 1558 558 abbas
1602 496 1906 558 Macarius
1941 495 2044 556 ille
2083 498 2204 555 Ae-
2236 502 2281 554 A
2309 491 2679 553 monachus.
2728 492 3038 571 Ignoscite
3086 490 3240 553 mihi
3292 490 3515 555 fratres
3554 491 3660 562 (I).
3717 495 3865 559 Idem

624 594 879 672 gyptius
917 593 995 655 de
1037 594 1229 656 Scithi
1274 594 1340 655 in
1389 602 1667 656 montem
1716 594 1945 654 Nitriae
1997 593 2063 653 in
2105 592 2207 653 die
2308 588 2375 648 in
2465 588 3031 668 ApOphthegmatis
3122 588 3412 650 Cotelerii
3484 590 3722 670 reperis
3772 592 3867 673 (2).

624 689 961 753 oblationis
990 692 1068 755 ad
1099 694 1543 754 monasterium
1590 693 1828 754 abbatis
1856 692 2111 763 Pambo,
2148 698 2208 751 et
2308 689 2544 750 Pambo
2574 688 2865 750 abbatem
2896 707 3040 751 cum
3065 689 3393 751 monachis
3421 691 3548 751 suis
3580 692 3646 752 in
3675 701 3868 755 monte

625 788 921 853 dixerunt
954 793 1011 854 ei
1042 793 1323 854 seniores
1366 792 1490 855 loci
1531 793 1741 854 illius:
1775 792 1881 853 Dic
1916 792 2207 854 fratribus
2308 788 2541 849 Nitriae
2591 787 2935 863 habitasse,
2994 789 3170 850 testis
3250 796 3343 850 est
3412 790 3717 852 Palladius
3768 791 3869 870 (3).

624 892 883 953 verbum
931 893 1412 966 aediﬁcationis,
1462 900 1661 973 pater.
1711 894 1825 967 Qui
1872 894 2027 956 dixit
2069 895 2144 956 iis
2189 911 2202 954 :
2308 886 2443 947 Duo
2481 884 2573 945 illi
2599 886 2893 948 monachi
2923 886 3176 947 fuerunt
3205 904 3241 949 e
3278 904 3507 966 genere
3538 889 3871 953 anachore-

624 992 753 1068 Ego
786 991 1066 1052 nondum
1099 992 1300 1054 factus
1340 1011 1479 1054 sum
1515 994 1884 1070 monachus,
1929 995 2039 1057 sed
2079 996 2204 1058 vidi
2307 994 2529 1059 tarum,
2564 1004 2834 1065 quorum
2864 988 3051 1048 Vitam
3080 1006 3266 1068 supra
3312 989 3870 1071 dBSCFiPSimUSI‘ll-

621 1091 988 1152 monachos.
1021 1094 1095 1153 Et
1138 1093 1292 1154 dixit
1336 1112 1349 1154 :
1385 1096 1655 1157 Sedente
1685 1096 1854 1157 enim
1902 1096 2061 1167 156
2102 1115 2204 1159 me
2310 1091 2468 1163 157
2491 1088 2940 1151 MODaChOI‘um
2965 1096 3173 1152 autem
3201 1107 3362 1165 esse.
3397 1092 3616 1153 sedere
3644 1094 3707 1153 in
3726 1093 3870 1155 cella

619 1190 958 1270 aliquando
988 1192 1053 1253 in
1090 1192 1245 1255 cella
1284 1194 1350 1254 in
1384 1194 1602 1270 Scithi,
1648 1196 2070 1275 perurgebant
2102 1214 2203 1257 me

619 1292 1030 1369 cogitationes
1057 1312 1235 1356 meae
1262 1295 1542 1358 dicentes
1578 1314 1591 1355 :
1626 1298 1897 1375 Surgens
1926 1297 2079 1357 vade
2106 1316 2204 1358 us-

619 1408 744 1468 que
774 1390 837 1452 in
883 1392 1224 1469 desertum,
1261 1402 1321 1455 et
1349 1396 1701 1471 considera,
1741 1397 1911 1475 quod
1948 1396 2076 1459 Illic
2106 1398 2198 1458 vi-

619 1492 752 1554 des.
787 1495 860 1553 Et
890 1496 1235 1573 permansit
1267 1495 1631 1558 reluctando
1674 1496 2033 1558 huiusmodi
2062 1498 2199 1560 ani-

2310 1192 2371 1245 et
2397 1187 2629 1251 deflere
2661 1199 2915 1269 peccata
2952 1208 3083 1263 sua,
3114 1192 3321 1271 ipsum
3362 1192 3650 1255 docuisse
3678 1196 3872 1257 Maca-

2306 1285 2466 1348 rium
2499 1291 2906 1367 cognovimus
2944 1290 3050 1372 (5,).

2386 1410 2414 1443 α
2455 1390 2639 1450 Venit
2660 1390 2915 1469 quidam
2938 1389 3310 1452 adolescens
3338 1405 3417 1452 aa
3436 1390 3723 1453 abbatem
3746 1394 3871 1453 Ma-

2303 1488 2560 1564 carium,
2593 1497 2663 1551 ut
2692 1498 3016 1552 sanaretur
3043 1508 3077 1552 a
3108 1491 3463 1553 daemonio.
3498 1493 3572 1552 Et
3600 1491 3746 1553 dum
3775 1510 3872 1553 es-

619 1611 758 1654 [Ilus
808 1612 987 1655 meus
1041 1614 1155 1674 per
1201 1597 1482 1676 quinque
1530 1615 1731 1659 annos
1778 1598 1995 1659 dicens
2047 1617 2061 1659 ;
2112 1601 2200 1661 Ne
2301 1596 2396 1651 set
2424 1590 2576 1653 foris
2604 1598 2803 1666 stans,
2834 1609 2982 1654 ecce
3011 1591 3261 1653 advenit
3290 1592 3548 1673 quidam
3576 1592 3764 1653 frater
3799 1592 3873 1654 de

617 1694 779 1756 forte
823 1714 858 1756 a
904 1696 1314 1757 daemonibus
1352 1697 1430 1758 sit
1475 1696 1630 1759 haec
1674 1699 2011 1776 suggestio.
2049 1701 2199 1760 Cum
2301 1688 2424 1751 alio
2474 1691 2855 1753 monasterio
2916 1697 2977 1753 et
3033 1692 3373 1753 concubuit
3428 1692 3496 1753 in
3554 1700 3872 1772 peccatum

618 1812 768 1872 ergo
811 1805 1267 1875 perseverasset
1316 1799 1607 1877 cogitatio
1654 1799 1770 1861 ista
1800 1801 1866 1860 in
1911 1817 2035 1874 me,
2070 1800 2195 1861 abii
2228 1838 2270 1893 Β
2302 1804 2446 1848 cum
2491 1788 2892 1893 adOIGSceﬂlﬁ
2932 1788 3064 1850 Πίου
3106 1790 3407 1867 Egressus
3440 1796 3646 1851 antem
3688 1808 3871 1893 5911‘?!

613 1895 679 1955 in
713 1916 950 1971 eremo,
975 1907 1035 1960 et
1063 1900 1267 1978 reperi
1293 1900 1526 1961 ibidem
1550 1910 1837 1979 stagnum
1863 1919 2190 1981 aquarum,
2228 1887 2265 1893 -
2300 1888 2497 1948 οθιἭίῖ
2536 1888 2791 1950 fratrem
2827 1887 3006 1949 illum
3044 1895 3410 1967 Peccantem
3443 1906 3586 1949 cum
3622 1889 3875 1967 ΡδτνυῘΟ

614 2004 677 2059 et
704 1997 971 2061 insulam
1012 2001 1077 2061 in
1120 2001 1329 2063 medio
1377 2002 1532 2063 eius.
1562 2003 1909 2065 Veniebant
1937 2020 2187 2083 quoque

2295 1987 2435 2061 illo,
2470 1996 2531 2051 et
2560 2006 2690 2050 non
2732 2006 2875 2050 eum
2905 1988 3251 2067 increpavit
3295 1988 3513 2049 dicens
3544 2005 3557 2048 :
3591 1989 3654 2048 Si
3692 1989 3876 2063 Deus,

613 2098 853 2163 diversa
899 2104 1189 2166 animalia
1238 2107 1463 2180 eremi,
1520 2114 1581 2168 et
1627 2108 1926 2170 bibebant
1975 2124 2052 2169 ex
2091 2125 2190 2171 eo.

614 2201 781 2261 Inter
810 2221 972 2281 quae
1009 2205 1133 2266 vidi
1171 2206 1331 2268 duos
1368 2206 1657 2269 homines
1687 2208 1915 2281 nudos,
1948 2215 2007 2270 et
2035 2226 2191 2270 con-

612 2302 864 2362 tremuit
913 2321 1145 2383 corpus
1191 2324 1432 2379 meum;
1466 2308 1762 2386 putabam
1802 2307 2001 2381 enim,
2046 2309 2193 2387 quia

611 2395 866 2473 spiritus
895 2408 1062 2462 sunt.
1096 2404 1375 2482 Cumque
1406 2404 1703 2465 vidissent
1738 2405 1829 2466 illi
1858 2424 1967 2469 me.
2005 2407 2193 2487 trepi-

612 2494 887 2572 dantem,
922 2500 1113 2561 loeuti
1150 2509 1293 2563 sunt
1321 2503 1399 2565 ad
1439 2523 1540 2566 me
1582 2505 1861 2567 dicentes
1891 2523 1905 2567 :
1939 2506 2079 2567 Noli
2109 2506 2191 2567 ti-

610 2614 815 2670 mere;
850 2606 910 2661 et
952 2619 1068 2662 nos
1102 2604 1268 2663 enim
1313 2603 1605 2666 homines
1636 2623 1872 2667 sumus.
1908 2607 2044 2667 Dixi
2072 2607 2189 2669 ita-

609 2714 732 2774 que
765 2697 884 2759 illis
914 2718 926 2759 :
957 2701 1135 2762 Unde
1158 2704 1327 2777 estis,
1355 2710 1416 2765 et
1446 2705 1767 2784 quomodo
1788 2707 1853 2766 in
1877 2706 2037 2768 hanc
2060 2725 2193 2769 ere-

609 2813 779 2857 mum
813 2799 1233 2875 venistis?Qui
1267 2804 1559 2867 dixerunt
1586 2806 1705 2867 :De
1732 2807 2043 2869 coenobio
2063 2807 2186 2869 fui-

606 2913 767 2971 mus,
784 2908 844 2959 et
858 2900 1055 2962 factus
1070 2910 1161 2963 est
1183 2904 1364 2965 nobis
1376 2923 1746 2979 consensus,
1764 2914 1823 2967 et
1844 2908 2075 2985 egressi
2091 2928 2192 2969 su-

606 3014 746 3058 mus
771 2997 917 3075 huc,
948 3019 1094 3064 ecce
1125 3005 1533 3084 quadraginta
1560 3008 1708 3069 anni
1725 3014 1890 3069 sunt.
1922 3011 2065 3071 Erat
2085 3027 2193 3071 au-

607 3103 729 3158 tem
752 3119 912 3162 unus
933 3120 1009 3163 ex
1031 3103 1183 3183 ipsis
1195 3107 1725 3186 Aegyptius,alius
1738 3127 1885 3171 vero
1897 3110 2185 3188 Libycus.

2297 2090 2405 2168 qui
2435 2088 2759 2169 plasmavit
2788 2106 2929 2164 eos,
2984 2088 3203 2150 videns
3251 2089 3615 2169 patientiam
3662 2090 3728 2151 in
3759 2089 3877 2151 illis

2296 2189 2553 2264 habuit,
2605 2190 2715 2269 qui
2742 2237 2757 2263 ,
2807 2190 2860 2250 si
2904 2187 3127 2262 vellet,
3161 2189 3529 2251 incenderet
3565 2206 3711 2263 eos,
3760 2208 3875 2269 ego

2297 2291 2439 2370 quis
2465 2309 2626 2366 sum,
2656 2291 2765 2371 qui
2789 2308 3045 2369 arguam
3073 2308 3183 2353 eos
3205 2287 3330 2369 (6)?
3352 2314 3380 2345 »
3411 2290 3612 2351 Huius
3642 2290 3875 2353 facino-

2295 2393 2380 2454 ris
2410 2395 2603 2455 ceteri
2633 2394 2839 2457 fontes
2868 2395 3234 2456 memoriam
3265 2410 3394 2455 non
3420 2393 3679 2456 faciunt.

2372 2494 2538 2554 Libri
2591 2496 2750 2556 sexti
2803 2496 3113 2575 interpres
3172 2494 3405 2556 latinus
3463 2502 3555 2556 est
3609 2497 3877 2558 Ioannes

2294 2595 2740 2670 subdiaconus,
2792 2614 2984 2676 quem
3024 2596 3277 2675 Pelagii,
3328 2597 3689 2676 interpretis
3733 2596 3874 2660 libri

2295 2696 2519 2776 quinti,
2558 2697 2886 2776 aequalem
2929 2698 3120 2759 fuisse
3166 2697 3521 2759 existimant
3550 2698 3658 2779 (7).
3708 2700 3875 2760 Sexti

2294 2814 2551 2876 quoque
2590 2797 2734 2858 libri
2771 2805 3011 2860 textum
3050 2816 3343 2878 graecum
3382 2798 3638 2861 Photius
3668 2798 3874 2863 laudat

2297 2896 2407 2977 (8).

2374 3001 2423 3073 ς.
2460 2997 2554 3059 35.
2588 2998 2772 3061 Libro
2803 3000 3071 3079 septimo
3100 3016 3211 3061 sex
3248 2998 3326 3061 de
3351 2999 3633 3061 Macariis
3667 2999 3871 3061 conti-

2294 3106 2525 3160 nentur
2557 3098 2875 3175 historiae,
2910 3117 2945 3161 e
2974 3100 3203 3180 quibus
3235 3106 3446 3161 tamen
3472 3101 3613 3162 novi
3650 3117 3871 3180 parum

605 3197 1151 3277 Interrogaverunt
1186 3212 1393 3265 autem
1434 3223 1536 3267 me
1585 3214 1646 3267 et
1684 3208 1805 3287 ipsi
1847 3187 2127 3271 dicentes
2169 3228 2183 3271 ε
2215 3187 2262 3250 C
2292 3199 2619 3274 diSCimUS.
2652 3218 2848 3284 quum
2878 3219 3003 3262 una
3030 3200 3162 3263 50Ῑᾶ
3194 3208 3455 3280 excepta
3493 3218 3713 3262 omnes
3750 3202 3872 3263 iam

604 3297 932 3368 Quomodo
965 3309 1056 3363 est
1086 3305 1377 3377 mundus,
1411 3311 1471 3366 et
1501 3306 1551 3366 si
1581 3308 1861 3369 ascendit
1889 3327 2049 3389 aqua
2083 3328 2185 3372 se-

604 3398 881 3459 cundum
903 3406 1152 3481 tempus
1174 3421 1378 3477 suum,
1406 3405 1457 3465 si
1492 3407 1677 3467 etiam
1698 3407 1884 3470 habet
1916 3411 2188 3474 mundus

603 3494 1051 3561 abundantiam
1117 3500 1334 3563 suam?
1388 3505 1713 3583 Respondi
1768 3507 1845 3568 iis
1899 3526 1911 3568 :
1962 3511 2182 3571 Etiam.

604 3596 771 3667 Quos
811 3606 871 3658 et
919 3616 1037 3676 ego
1088 3600 1513 3679 interrogavi:
1560 3608 1886 3678 Quomodo
1928 3628 2187 3689 possum

604 3697 738 3757 ﬁeri
775 3699 1157 3762 monachus?
1205 3703 1428 3765 Dicunt
1473 3705 1626 3765 mihi
1668 3725 1679 3766 :
1720 3708 1849 3769 Nisi
1896 3711 2037 3790 quis
2082 3729 2184 3773 re-

603 3799 976 3862 nuntiaverit
1034 3804 1349 3879 omnibus,
1400 3825 1563 3886 quae
1609 3809 1674 3870 in
1722 3812 1958 3873 mundo
2006 3821 2182 3891 sunt,

603 3915 731 3959 non
764 3908 971 3979 potest
1002 3904 1137 3966 fieri
1178 3907 1546 3970 monachus.
1582 3910 1818 3982 Quibus
1847 3912 1975 3973 dixi
2009 3932 2022 3974 :
2054 3917 2183 3994 Ego

598 4000 886 4064 inﬁrmus
918 4023 1057 4066 sum
1102 4012 1164 4067 et
1206 4025 1337 4069 non
1379 4027 1639 4089 possum
1686 4012 1846 4074 sicut
1890 4032 2023 4077 vos.
2057 4018 2183 4078 Re-

604 4100 998 4177 sponderunt
1028 4103 1180 4165 mihi
1207 4122 1219 4165 :
1244 4106 1306 4166 Si
1338 4125 1465 4169 non
1488 4116 1669 4187 potes
1692 4110 1851 4171 sicut
1874 4129 2009 4187 nos,
2034 4115 2183 4178 sede

602 4198 667 4259 in
701 4200 855 4261 cella
876 4208 976 4263 tua
1013 4211 1072 4263 et
1100 4203 1325 4283 plange
1356 4215 1610 4285 peccata
1640 4215 1768 4269 tua.
1802 4211 2185 4292 Interrogavi

603 4317 753 4377 ergo
784 4320 892 4364 eos
921 4304 1135 4366 dicens
1169 4323 1182 4366 :
1218 4309 1288 4367 In
1329 4308 1534 4372 hieme
1563 4329 1690 4372 non
1724 4315 1963 4376 sentitis
1988 4315 2182 4394 frigus

599 4409 706 4462 aut
730 4403 795 4463 in
827 4412 1059 4466 aestate
1092 4425 1221 4469 non
1254 4408 1610 4472 incenditur
1640 4432 1870 4495 corpus
1908 4424 2180 4480 vestrum

2289 3302 2809 3367 recensuerimus.
2836 3304 3129 3364 Narratur
3162 3301 3331 3363 enim
3361 3303 3438 3365 de
3470 3303 3720 3366 diabolo
3754 3304 3873 3365 fra-

2287 3410 2413 3464 tres
2434 3402 2740 3465 invisente
2761 3409 2949 3483 atque
2970 3404 3234 3465 Macario
3255 3405 3563 3484 Aegyptio
3581 3422 3647 3466 se
3666 3404 3871 3466 solum

2291 3526 2317 3559 ‹‹
2344 3502 2752 3583 Theopistum
2775 3527 2804 3562 ιο
2827 3504 3099 3566 amicum
3130 3504 3361 3565 habere
3392 3505 3733 3584 proﬁtente
3762 3504 3867 3582 (9),

2288 3601 2367 3663 de
2390 3600 2553 3677 fure,
2583 3621 2772 3683 quem
2806 3603 2975 3665 idem
3008 3603 3311 3664 Macarius
3346 3604 3411 3664 in
3448 3604 3605 3666 cella
3636 3605 3867 3685 depre-

2286 3701 2505 3763 hendit
2524 3701 2670 3781 (10),
2695 3703 2773 3764 de
2795 3701 3046 3764 diabolo
3078 3702 3210 3763 sola
3230 3702 3396 3764 illius
3424 3703 3777 3766 humilitate
3806 3724 3871 3766 se

2286 3802 2451 3864 vinci
2497 3800 2899 3884 fatente(ll),
2952 3802 3031 3864 de
3083 3803 3312 3865 Cronio
3341 3851 3355 3877 ,
3402 3804 3511 3883 qui
3557 3805 3624 3865 in
3666 3806 3872 3885 Pispir

2286 3906 2596 3967 coenobio
2642 3905 2977 3968 Macarium
3021 3907 3274 3968 Antonii
3318 3906 3672 3969 ministrum
3710 3926 3869 3971 con-

2285 4007 2452 4068 venit
2468 4006 2614 4087 (12),
2648 4007 2726 4069 de
2743 4006 2992 4069 Macarii
3010 4007 3298 4087 Aegyptii
3314 4008 3737 4087 expositione,
3760 4027 3871 4071 cur

2286 4109 2719 4171 recordatione
2757 4108 3066 4171 malorum
3108 4126 3144 4169 a
3185 4108 3436 4171 diabolo
3482 4108 3867 4171 inﬂictorum

2283 4210 2627 4271 memoriae
2647 4226 2778 4271 non
2808 4225 3149 4270 noceamus
3184 4208 3329 4289 (13).
3361 4210 3661 4289 Superest
3680 4212 3871 4289 igitur

2285 4308 2417 4371 sola
2448 4311 2601 4371 haec
2629 4308 2924 4371 historia:

2367 4434 2395 4465 ι(
2429 4412 2654 4472 Beatus
2681 4411 2981 4473 Macarius
3011 4411 3202 4473 dixit:
3235 4413 3307 4473 In
3335 4412 3594 4474 veritate
3626 4415 3680 4475 si
3710 4414 3869 4476 facta

597 4504 664 4563 in
695 4506 1022 4569 caumate?
1050 4513 1124 4570 At
1150 4510 1241 4571 illi
1265 4512 1555 4575 dixerunt
1590 4533 1602 4575 :
1634 4518 1797 4579 Deus
1824 4519 1971 4582 fecit
1999 4523 2182 4584 nobis

2289 4519 2379 4573 est
2399 4511 2712 4574 monacho
2745 4511 2905 4582 158
2932 4512 3253 4591 despectio
3282 4512 3462 4591 quasi
3492 4512 3628 4575 laus
3648 4562 3663 4588 ,
3706 4533 3867 4594 pau-

598 4602 761 4665 hanc
795 4606 1352 4686 dISpensationem,
1382 4621 1451 4674 ut
1480 4633 1688 4695 neque
1732 4618 1796 4680 in
1827 4619 2037 4687 hieme
2066 4623 2177 4685 fri-

600 4719 716 4779 gus
746 4722 953 4785 neque
1000 4717 1234 4771 aestate
1281 4713 1567 4777 ardorem
1599 4720 1963 4783 sentiamus.
1992 4724 2179 4787 Ideo-

600 4821 724 4882 que
756 4804 882 4865 dixi
918 4807 1114 4881 vobis,
1148 4810 1293 4888 quia
1322 4829 1440 4890 ego
1478 4817 1762 4878 nondum
1805 4818 2006 4882 factus
2040 4840 2180 4885 sum

672 4945 749 5010 (I)
786 4944 896 4999 VV.
932 4946 1037 5001 PP.
1070 4947 1255 5005 Rosw.
1289 4953 1381 5008 lib.
1413 4953 1481 5009 VI
1507 4957 1671 5011 libell.
1708 4960 1765 5022 5,
1808 4960 1843 5013 4
1873 4978 1927 5032 ρ.
1959 4963 2085 5030 655,
2118 4964 2173 5019 I.

666 5038 744 5107 (2)
774 5038 1012 5095 Coteler.
1044 5042 1191 5098 Eccl.
1219 5044 1414 5102 Graec.
1459 5048 1606 5105 Mon.
1635 5050 1701 5105 T.
1752 5053 1773 5107 Ι
1816 5070 1868 5124 p.
1905 5056 2011 5110 526
2039 5073 2088 5111 s.
2120 5074 2173 5113 ν.

599 5127 877 5186 Macarius
902 5133 1232 5207 Aegyptius§
1263 5136 1306 5190 II
1336 5157 1349 5205 ;
1384 5140 1527 5195 infra
1554 5144 1610 5197 in
1648 5144 1844 5200 harum
1884 5146 2180 5215 Quaestio-

600 5238 729 5276 num
764 5227 1080 5294 Appendice
1108 5230 1277 5284 altera
1315 5234 1418 5287 sub
1450 5234 1542 5289 III.

664 5316 739 5384 (5)
772 5316 909 5370 Hist.
946 5318 1111 5375 Laus.
1150 5324 1235 5377 ed.
1288 5324 1490 5382 Mcurs.
1532 5343 1655 5398 cap.
1698 5330 1766 5382 12
1794 5329 1931 5402 Opp.
1975 5332 2175 5390 Meurs.

603 5408 640 5461 l.
678 5409 713 5463 l.
750 5425 800 5477 p.
837 5411 961 5475 375,
998 5415 1020 5466 I
1062 5431 1181 5484 sqq.

677 5500 755 5569 (4)
792 5502 881 5555 Cf.
914 5519 1077 5573 supra
1110 5506 1135 5576 §
1170 5509 1202 5562 ὗ
1229 5510 1333 5578 p.4
1365 5527 1447 5582 sq.

672 5594 753 5661 (5)
791 5595 967 5663 Supra
998 5598 1024 5669 ξ
1056 5600 1124 5652 se
1158 5617 1205 5669 p.
1264 5604 1387 5658 ηδ.

677 5685 753 5757 (6)
815 5687 927 5741 νγ.
990 5690 1094 5745 PP.
1162 5694 1347 5750 Itosw.
1416 5700 1510 5754 lib.
1569 5699 1637 5756 VI
1682 5702 1848 5758 libell.
1905 5705 1959 5771 4,
2011 5707 2079 5761 54
2120 5724 2177 5777 p.

606 5776 705 5834 σω
724 5822 737 5840 ,
782 5780 817 5850 l7.
858 5796 940 5850 sq.

682 5850 759 5912 (7)
790 5849 923 5905 Ibid.
950 5852 1161 5919 Proleq.
1194 5854 1311 5910 XIV
1343 5875 1392 5921 ι).
1417 5859 1573 5915 XLII.

2286 4620 2494 4694 pertas
2525 4614 2686 4677 sicut
2714 4614 2982 4691 divitiae,
3010 4615 3224 4695 inOpia
3245 4614 3404 4677 sicut
3425 4616 3673 4695 epulae,
3698 4635 3869 4679 nun-

2287 4732 2473 4793 quam
2507 4715 2787 4776 moritur.
2820 4713 3215 4794 Impossibile
3247 4721 3361 4787 est,
3396 4716 3558 4776 bene
3595 4718 3868 4779 creden-

2285 4820 2411 4876 tem
2442 4823 2504 4877 et
2546 4816 2651 4896 pie
2689 4815 3001 4877 colentem
3033 4817 3227 4877 Deum
3270 4817 3493 4879 cadere
3523 4819 3587 4880 in
3620 4820 3868 4899 passio-

2352 4959 2429 5027 (8)
2460 4957 2598 5012 Bibl.
2632 4958 2755 5012 cod.
2779 4957 3061 5013 CXCVIII.

2348 5053 2426 5119 (9)
2465 5050 2573 5105 VV.
2608 5052 2708 5106 PP.
2748 5052 2930 5107 Rosw.
2955 5053 3051 5107 lib.
3084 5049 3178 5105 VII
3213 5066 3337 5121 cap.
3375 5054 3426 5115 Ι,
3460 5053 3491 5107 8
3521 5070 3575 5123 ιδ.
3608 5054 3735 5117 665,
3760 5059 3821 5113 2.

2356 5144 2470 5214 (IO)
2502 5143 2641 5200 Ibid.
2669 5144 2767 5199 lib.
2796 5143 2888 5197 VII
2920 5158 3041 5213 cap.
3074 5144 3177 5206 ΞΑ
3212 5159 3266 5211 p.
3302 5143 3431 5207 666,
3464 5146 3520 5199 2.

2359 5234 2472 5303 (Η)
2501 5234 2639 5288 Ibid.
2676 5234 2773 5288 lib.
2807 5232 2903 5287 VII
2937 5250 3058 5303 cap.
3095 5236 3181 5296 I5,
3209 5236 3241 5287 6
3271 5251 3323 5304 p.
3358 5236 3485 5300 670,
3530 5233 3587 5288 9..

2352 5327 2465 5394 (I2)
2498 5326 2634 5381 Ibid.
2664 5327 2759 5382 lib.
2789 5325 2885 5380 VII
2906 5342 3027 5396 cap.
3058 5328 3144 5389 19,
3176 5328 3210 5381 :5
3242 5344 3296 5397 [δ.
3322 5329 3446 5391 ms,
3482 5328 3536 5379 εξ.

2358 5420 2466 5487 (15)
2500 5420 2636 5473 Ibid.
2676 5421 2769 5474 Iib.
2804 5418 2899 5473 vn
2934 5436 3055 5491 cap.
3087 5420 3178 5485 57,
3223 5419 3256 5473 I
3289 5436 3342 5488 p.
3374 5422 3470 5474 GSI
3500 5460 3515 5483 ,
3547 5422 3601 5474 2.
3649 5420 3871 5475 Recen-

2283 5515 2495 5565 suimus
2522 5504 2765 5581 quinque
2794 5511 2916 5566 illas
2971 5511 3233 5565 historias
3284 5526 3452 5580 supra
3497 5510 3524 5582 §
3560 5512 3631 5566 52
3664 5528 3715 5581 p.
3751 5512 3873 5567 155

2279 5602 2401 5673 (55-3
2437 5603 2649 5670 p.148;
2694 5603 2820 5674 §5~2
2854 5620 2909 5674 p.
2966 5604 3070 5657 I53
3112 5620 3195 5672 sq.
3246 5604 3369 5675 §53
3430 5621 3483 5674 p.
3532 5605 3663 5666 us;
3709 5604 3736 5675 ς
3790 5606 3874 5657 59.

2278 5694 2465 5763 ρ.159
2498 5710 2580 5764 sq.
2614 5694 2640 5765 §
2675 5698 2743 5752 ’55
2774 5696 3156 5767 ρ.148;ς25
3181 5714 3233 5767 p.
3267 5696 3367 5751 I06
3404 5714 3487 5769 sq.
3524 5698 3642 5769 §29
3671 5698 3873 5771 p.119

2286 5786 2313 5856 §
2343 5787 2409 5840 35
2438 5804 2489 5857 p.
2522 5787 2642 5845 143.
