4040 6562
187 356 285 412 110

174 551 343 612 Idem
400 550 467 611 in
521 552 847 613 sententiis
903 559 1151 631 patrum
1204 553 1649 632 Acgyptiorum
1708 571 1744 615 a

171 650 495 711 Rosweido
518 649 597 728 (2)
625 657 686 711 et
706 651 769 712 in
792 651 1349 731 ApOphthegmatis
1378 671 1414 714 a
1439 651 1743 715 Cotelerio

172 748 249 827 (3)
284 748 468 809 editis
502 750 794 811 occurrit.

245 850 412 921 Quae
458 849 686 911 deinde
724 850 789 912 in
836 849 997 913 libro
1040 852 1308 931 septimo
1353 852 1431 915 de
1476 853 1743 915 Macario

168 946 540 1021 camelario,
575 948 681 1027 qui
722 948 951 1009 nitrum
986 949 1223 1011 furatus
1259 950 1369 1025 sit,
1416 951 1745 1012 traduntur

169 1044 275 1123 (4),
309 1046 389 1107 ad
420 1053 709 1108 neutrum
740 1064 815 1108 ex
856 1049 1110 1123 nostris,
1147 1050 1256 1112 sed
1293 1050 1371 1110 ad
1409 1052 1744 1113 Macarium

164 1144 500 1219 iuniorem,
527 1148 635 1227 qui
663 1149 740 1209 ad
762 1166 998 1209 annum
1023 1168 1227 1229 usque
1261 1151 1479 1212 aetatis
1510 1152 1746 1213 duode—

164 1246 535 1324 vigesimum
574 1267 803 1330 pecora
831 1259 1108 1331 paverat,
1137 1253 1430 1315 videntur
1459 1264 1743 1334 spectare

166 1346 272 1426 (5).
308 1350 562 1411 Latinus
595 1358 807 1414 autem
846 1353 1157 1433 interpres
1188 1354 1324 1416 libri
1369 1357 1619 1436 septimi
1650 1364 1743 1419 est

162 1445 531 1510 Paschasius
548 1450 871 1526 diaconus,
890 1470 1077 1532 quem
1096 1454 1280 1516 etiam
1297 1455 1545 1518 saeculo
1565 1463 1742 1519 sexto

163 1542 387 1606 vixisse
411 1545 580 1609 haud
613 1556 845 1611 temere
877 1552 1143 1614 credunt
1174 1553 1281 1633 (6).

242 1647 271 1719 §
322 1644 420 1707 36.
487 1649 577 1707 Ex
631 1651 1060 1714 Rosweidiana
1132 1652 1508 1716 collectione
1570 1655 1741 1718 solus

163 1747 615 1809 sententiarum
646 1752 1089 1831 Aegyptiorum
1128 1763 1375 1834 patrum
1406 1756 1564 1818 liber
1591 1774 1739 1819 exa-
1772 1790 1815 1845 Β

160 1844 501 1909 minandus
560 1855 769 1910 restat.
834 1852 952 1913 Ubi
1003 1853 1081 1915 de
1145 1856 1427 1917 Macariis
1477 1865 1747 1936 quatuor

160 1950 406 2007 tantum
430 1946 585 2010 locis
606 1950 884 2025 traditur,
915 1970 1186 2032 quorum
1217 1962 1343 2017 tres
1374 1958 1745 2020 sententiam

159 2046 488 2123 Aegyptii,
531 2065 642 2109 cur
683 2051 1117 2115 recordatione
1160 2054 1469 2117 malorum
1503 2074 1539 2118 a
1590 2057 1743 2119 dae-

96 2141 103 2147 ’
160 2159 353 2206 mone
381 2146 761 2211 inﬂictorum
798 2155 1139 2217 memoriae
1183 2156 1305 2216 vim
1349 2172 1478 2218 non
1527 2156 1742 2219 laeda-

161 2258 297 2302 mus
333 2240 457 2320 (7),
497 2244 776 2308 eiusdem
812 2248 1190 2326 doctrinam,
1222 2253 1590 2317 iracundum
1625 2255 1743 2316 sibi

162 2339 372 2418 ipsum
393 2359 624 2406 nocere
657 2346 764 2426 (8),
796 2348 1101 2430 illudque,
1140 2354 1307 2432 quod
1344 2355 1532 2416 modo
1559 2357 1741 2418 audi-

162 2437 394 2512 vimus,
436 2439 670 2503 dictum
709 2445 788 2506 de
827 2448 1139 2510 monacho
1177 2451 1455 2530 perfecto
1481 2453 1561 2535 (9)
1594 2473 1741 2534 per-

161 2536 384 2600 hibent
418 2539 565 2625 (10).
605 2546 866 2617 Quartus
893 2566 1041 2611 vero
1077 2549 1179 2613 hic
1209 2558 1302 2614 est
1330 2572 1342 2614 :

232 2661 265 2695 «
296 2639 605 2704 Dicebant
628 2662 744 2723 pro
763 2647 986 2709 abbate
1009 2651 1276 2714 Macario
1306 2654 1565 2731 maiore,
1595 2674 1742 2736 quia

156 2736 318 2800 sicut
363 2740 527 2802 Deus
554 2745 826 2823 protegit
852 2751 1052 2809 totum
1082 2752 1387 2813 mundum
1437 2761 1499 2815 et
1536 2762 1740 2834 portat

159 2842 418 2916 peccata
456 2840 781 2905 hominum
808 2892 824 2917 ,
870 2845 955 2907 ita
1004 2856 1065 2909 et
1107 2850 1213 2912 ille
1261 2852 1438 2931 quasi
1488 2853 1743 2932 quidam

159 2941 321 3002 Deus
358 2948 645 3005 terrenus
675 2945 792 3007 fuit
828 2945 892 3007 in
936 2947 1260 3024 fratribus,
1305 2953 1597 3031 operiens
1627 2955 1740 3017 de-

159 3040 300 3104 licta
324 3042 602 3119 illorum,
629 3052 691 3107 et
721 3064 814 3122 ea,
838 3067 1002 3128 quae
1028 3051 1275 3113 videbat
1302 3052 1399 3115 vel
1425 3053 1737 3131 audiebat,

157 3146 339 3225 quasi
379 3164 510 3208 non
556 3147 774 3211 videns
797 3119 879 3212 et‘
899 3169 1029 3213 non
1056 3154 1318 3215 audiens
1342 3154 1487 3235 (11).
1515 3178 1545 3211 η
1568 3119 1745 3228 Quod
1770 3119 1812 3176 C

158 3252 453 3307 narratur
504 3248 691 3310 etiam
748 3250 816 3312 in
882 3252 1444 3333 ApOphthegmatis
1493 3256 1653 3328 159
1708 3276 1744 3322 a

158 3347 474 3410 Cotelerio
511 3349 695 3411 editis
726 3349 871 3431 (12),
910 3359 970 3414 et
1008 3371 1150 3415 cum
1188 3355 1437 3429 ceteris,
1468 3374 1628 3435 quae
1667 3358 1745 3421 de

159 3448 431 3510 Macario
460 3451 765 3530 Aegyptio
796 3451 1085 3529 legimus,
1120 3454 1284 3516 bene
1307 3458 1620 3519 convenit.

232 3550 367 3610 Sed
415 3568 584 3612 nunc
643 3552 1183 3630 ApOphthegmata
1223 3572 1258 3615 a
1295 3556 1559 3619 Possino
1601 3566 1663 3621 et
1709 3578 1745 3623 a

156 3649 475 3713 Cotelerio
502 3651 669 3713 edita
695 3652 1124 3731 inspiciamus.

762 3776 1001 3837 CAPUT
1032 3778 1161 3838 VII.

158 3913 709 3959 APOPHTHEGMATA
765 3914 807 3959 Λ
844 3916 1101 3960 POSSINO
1172 3916 1250 3960 ET
1309 3918 1349 3960 Α
1406 3917 1745 3964 COTELERIO

235 3994 456 4048 EDITA,
531 3993 782 4037 INEDITA
858 3996 1129 4039 CODICUM
1183 3995 1747 4042 VINDOBONENSIUM

233 4072 563 4117 APPENDIX
584 4073 906 4116 COTELERII
928 4060 1746 4129 APOPHTHEGMATUM,VITAE

240 4152 636 4196 SANCTORUM
661 4152 742 4195 DE
763 4153 1012 4197 SANCTIS
1028 4154 1318 4197 MACARIIS
1345 4155 1650 4200 AEGYPTIO
1670 4156 1748 4199 ET

220 4229 687 4277 ALEXANDRINO
697 4260 710 4272 .

238 4340 271 4412 §
322 4334 426 4397 37.
472 4335 560 4396 De
607 4335 1158 4415 ApOphthegmatis
1191 4336 1460 4411 Macarii,
1504 4355 1665 4417 quae
1713 4355 1747 4401 e

1690 357 1853 413 VITA
1861 358 1920 416 Ε.

178 467 319 514 nem
341 448 725 512 immundam
748 458 810 514 et
836 453 900 513 in
923 471 1199 515 errorem
1227 454 1605 516 daemonum
1638 456 1743 536 (1).
1778 462 1822 515 Α

3318 360 3425 415 150

1851 454 2045 517 edicit
2077 453 2225 535 (13),
2278 452 2640 514 breviSSIme
2699 452 2874 530 loqui
2929 452 3213 513 sufﬁciet.
3271 455 3422 514 Cum

1847 554 2014 614 enim
2055 553 2397 615 didacticae
2448 552 2633 632 plane
2678 552 2905 613 indolis
2935 553 3078 620 sint,
3117 560 3177 613 et
3222 572 3257 614 a
3297 555 3426 614 Pri-

1845 654 1934 714 tio
1972 653 2133 726 (14),
2193 673 2311 716 nec
2365 670 2493 715 non
2550 653 2615 714 in
2678 652 2981 714 Gallandii
3036 653 3423 715 Bibliotheca

1846 753 1940 811 PP
1968 746 2115 830 (15).
2138 754 2348 816 denuo
2375 770 2599 815 excusa
2625 752 2804 814 facile
2833 751 3214 827 evolvantur,
3239 770 3312 814 ea
3330 753 3427 814 in-

1844 858 2015 929 tegra
2046 853 2403 916 adscribere
2437 855 2777 917 noluimus.
2814 856 3134 932 Leguntur
3168 872 3316 916 vero
3354 855 3423 916 in

1842 951 1919 1013 iis
1964 954 2145 1016 effata
2190 956 2439 1016 Macarii
2479 979 2506 1011 «
2558 955 2979 1033 magni,»1.e.
3019 956 3309 1034 Aegyptii
3341 956 3420 1016 de

1845 1051 2233 1129 perfectione
2254 1053 2570 1127 monachi,
2602 1053 2681 1115 de
2711 1054 2843 1114 eius
2863 1052 3314 1126 consolatione,
3341 1052 3421 1113 de

1844 1150 2320 1211 conversatione
2360 1168 2503 1212 cum
2548 1150 2825 1223 senibus,
2860 1151 2938 1211 de
2980 1150 3301 1229 patientia,
3342 1150 3423 1211 de

1844 1266 2056 1311 amore
2086 1268 2257 1325 vero,
2292 1251 2371 1313 de
2404 1252 2464 1312 vi
2502 1252 2803 1314 orationis
2845 1258 2906 1313 et
2943 1253 3301 1330 patientiae,
3343 1253 3422 1315 de

1843 1350 2291 1427 taciturnitate,
2349 1352 2428 1414 de
2483 1354 2802 1416 sanctitate
2852 1352 2987 1414 sine
3036 1353 3315 1415 doctrina
3361 1360 3424 1414 et

1844 1446 2126 1510 doctrina
2168 1450 2303 1511 sine
2348 1451 2695 1525 sanctitate,
2749 1451 2827 1511 de
2883 1468 3011 1511 non
3069 1451 3423 1529 appetenda

1843 1546 2236 1624 praefectura
2264 1549 2742 1624 monachorum,
2774 1549 2853 1610 de
2883 1549 3187 1610 oratione.
3219 1552 3420 1627 Atque

1844 1648 2065 1709 eadem
2091 1648 2159 1709 in
2192 1649 2290 1723 iis,
2323 1668 2484 1727 quae
2512 1650 2576 1710 in
2603 1649 2879 1711 homiliis
2902 1649 3149 1711 Macarii
3173 1652 3423 1727 Aegyp-

1842 1748 1934 1822 tii,
1966 1746 2459 1826 deprehenditur
2483 1748 2751 1809 indoles.
2782 1747 2902 1807 Sed
2930 1747 3225 1826 quoniam
3254 1764 3418 1819 Opu-

1847 1846 2042 1920 scula,
2070 1862 2232 1925 quae
2260 1846 2376 1907 sub
2397 1846 2644 1908 Macarii
2673 1846 2959 1927 Aegyptii
2979 1846 3237 1908 nomine
3263 1846 3419 1907 Pos-

1846 1948 2017 2010 sinus
2057 1964 2135 2008 ex
2164 1947 2388 2008 eodem
2412 1948 2630 2009 codice
2658 1950 2945 2009 Romano
2983 1947 3245 2026 protulit
3268 1947 3418 2026 (16),

1846 2044 2086 2116 codice,
2121 2060 2309 2122 quem
2337 2042 2473 2122 ipse
2508 2042 2915 2104 Vindobonae
2944 2041 3068 2103 adii
3094 2040 3240 2119 (17),
3265 2045 3420 2100 teste

1848 2146 2005 2217 160
2046 2158 2081 2201 a
2115 2142 2404 2203 Simeone
2441 2141 2783 2219 Logothcta
2815 2141 2872 2215 (e
2909 2140 3154 2219 scriptis
3172 2138 3423 2199 Macarii

1844 2241 2153 2322 Aegyptii)
2190 2241 2523 2319 compilata
2562 2246 2728 2313 sunt,
2751 2239 3295 2319 ApOphthegmata
3314 2237 3423 2299 illa

1842 2341 2032 2402 simili
2065 2342 2255 2404 modo
2288 2342 2555 2403 conﬂata
2598 2358 2737 2402 esse
2770 2358 2897 2401 non
2938 2347 3175 2401 temere
3209 2338 3420 2418 suspi-

1846 2458 1978 2502 cor.
2009 2446 2212 2521 Atquc
2232 2441 2385 2503 haec
2416 2440 2956 2518 ApOphthegmata
2975 2456 3113 2501 cum
3136 2437 3422 2500 versione

1843 2559 1877 2602 a
1920 2542 2102 2603 nobis
2167 2542 2462 2619 castigata
2522 2541 2683 2601 infra
2730 2540 2797 2601 in
2836 2540 3056 2601 harum
3084 2538 3415 2611 Quaestio-

1844 2658 1996 2701 num
2040 2642 2404 2721 Appendice
2456 2641 2647 2702 altera
2689 2640 2805 2701 sub
2837 2642 2892 2700 II
2920 2640 3084 2719 typis
3125 2639 3420 2720 repetivi-

1844 2759 1983 2801 ITlllS
1994 2789 2005 2800 .

1923 2845 1949 2916 §
1982 2841 2075 2903 38.
2110 2844 2181 2902 In
2209 2841 2767 2922 ApOphthegmatis
2808 2857 2841 2901 a
2886 2839 3192 2901 Cotelerio
3239 2839 3422 2900 cditis

1844 2940 1922 3000 de
1960 2939 2225 3001 Macario
2273 2939 2583 3018 Aegyptio
2614 2940 2741 2997 XLI
2772 2938 3077 3016 capitibus
3112 2942 3417 3009 narratur,

1844 3056 2006 3117 quae
2052 3045 2262 3100 tamen
2311 3038 2460 3099 solis
2520 3038 2739 3100 decem
2810 3036 3083 3097 historiis
3144 3036 3424 3114 exceptis

1846 3139 2056 3201 omnia
2083 3139 2207 3201 iam
2236 3138 2644 3201 excussimus.
2682 3140 2901 3217 Neque
2938 3155 3010 3198 ea
3038 3136 3205 3216 apud
3228 3136 3425 3197 Palla-

1846 3239 2040 3312 dium,
2098 3240 2164 3301 in
2220 3240 2380 3303 libro
2429 3240 2730 3314 secundo,
2799 3239 2966 3319 apud
3035 3239 3419 3312 Cassianum,

1844 3342 1906 3402 S.
1938 3342 2416 3420 Hieronymum,
2451 3341 2803 3418 Evagrium,
2842 3340 2952 3401 sed
2983 3339 3049 3401 in
3090 3339 3221 3401 sola
3258 3338 3420 3399 anti-

1845 3459 1967 3519 qua
1987 3441 2296 3502 Historiae
2315 3440 2647 3502 Lausiacae
2671 3440 2957 3502 versione
2981 3446 3041 3501 et
3058 3440 3123 3500 in
3145 3441 3268 3499 VV.
3302 3440 3419 3499 PP.

1844 3538 2017 3601 libris
2054 3540 2606 3620 deprehendimus.
2641 3539 2819 3600 Unde
2852 3538 3326 3618 compilatorem
3356 3537 3423 3599 in

1846 3658 2038 3721 Opere
2076 3659 2190 3704 suo
2220 3641 2624 3720 congerendo
2667 3658 2797 3701 non
2828 3640 3127 3720 Operibus
3156 3640 3424 3719 scripto-

1844 3760 2008 3816 rum,
2032 3743 2141 3804 sed
2172 3741 2560 3804 secundariis
2578 3747 2819 3801 tantum
2846 3740 3144 3814 fontibus,
3161 3740 3285 3798 VV.
3304 3740 3421 3798 PP.

1845 3841 2139 3903 nimirum
2169 3841 2657 3915 libris,innisum
2689 3857 2824 3901 esse
2857 3848 3027 3901 certo
3051 3839 3277 3901 elucet.
3302 3839 3424 3901 Sed

1846 3940 1963 4003 hae
1995 3948 2134 4003 sunt
2158 3942 2378 4005 decem
2406 3940 2549 4001 illae
2570 3940 2866 4001 historiae
2893 3957 2906 3999 :

1928 4043 2199 4103 «Petrus
2231 4043 2421 4113 abbas
2454 4041 2745 4113 narravit,
2780 4040 3030 4101 beatum
3065 4036 3423 4110 Macarium,

1846 4159 2042 4221 quum
2065 4140 2405 4221 aliquando
2435 4140 2877 4202 anachoretam
2902 4138 3217 4218 quendam
3245 4138 3424 4200 inve-

1848 4244 2044 4305 nisset
2093 4248 2545 4321 aegrotantem,
2591 4241 2970 4303 sciscitatum
3022 4256 3159 4301 esse
3206 4255 3282 4299 ex
3321 4253 3426 4312 eo,

1848 4345 2145 4423 quidnam
2187 4343 2310 4405 cibi
2364 4360 2612 4404 sumere
2662 4341 2872 4401 vellet.
2927 4340 3043 4413 Qui
3089 4346 3425 4419 postquam

160 4437 395 4499 codice
422 4435 671 4514 collegii
704 4438 767 4497 S.
804 4438 851 4497 Ι.
878 4437 1145 4499 Romani
1174 4437 1473 4499 Possinus
1507 4439 1746 4518 primus
1776 4461 1823 4520 ῃ
1850 4444 2166 4523 pastillum
2196 4443 2397 4523 petiit,
2430 4443 2633 4505 virum
2669 4441 2917 4515 fortem,
2942 4458 3138 4520 quum
3177 4439 3336 4501 nihil
3361 4439 3426 4501 in

236 4661 322 4732 (1)
369 4658 483 4713 VV.
526 4657 631 4712 PP.
668 4657 852 4714 Rosw.
886 4656 1096 4711 lib.VlI
1121 4672 1243 4728 cap.
1267 4659 1357 4722 58,
1387 4659 1423 4711 Ξ).
1457 4674 1512 4729 p.
1545 4659 1746 4726 682,1.

228 4754 314 4824 (2)
352 4753 492 4807 Ibid.
528 4753 754 4821 Aegypt.
795 4755 1319 4820 patrumsenteutiae
1335 4754 1406 4809 2⁵5
1424 4770 1475 4823 p.
1504 4756 1664 4820 1005,
1695 4757 1747 4811 1.

234 4847 318 4915 (5)
352 4844 591 4899 Coteler.
626 4842 774 4897 Eccl.
819 4841 1010 4899 Graec.
1050 4843 1196 4899 Mon.
1229 4842 1293 4899 T.
1334 4844 1355 4897 I
1392 4861 1444 4915 p.
1480 4846 1585 4900 5'57
1616 4862 1663 4901 s.
1689 4862 1745 4902 ν.

162 4938 453 4993 Macarius
479 4938 761 5005 Aegyptius
789 4935 816 5006 §
841 4935 935 4988 XX
958 4956 970 4991 :
1009 4937 1150 4990 infra
1172 4938 1224 4991 in
1252 4937 1442 4991 harum
1467 4939 1754 5004 Quaestio-

162 5048 303 5086 num
344 5030 658 5099 Appendice
690 5031 857 5083 altera
908 5030 1010 5084 sub
1041 5029 1135 5083 Ill.

237 5122 324 5187 (με)
350 5118 469 5173 VV.
494 5117 600 5173 PP.
632 5119 817 5173 Rosw.
846 5119 941 5173 lib.
976 5119 1063 5173 Vll
1089 5136 1210 5188 cap.
1238 5120 1325 5182 12,
1368 5120 1404 5174 9.
1438 5137 1488 5190 p.
1515 5119 1638 5183 669,
1660 5120 1713 5175 2.

228 5212 313 5281 (5)
365 5211 509 5271 llist.
540 5209 703 5265 Laus.
749 5212 836 5265 ed.
868 5210 1068 5267 Meurs.
1108 5228 1231 5281 cap.
1273 5214 1338 5265 18
1368 5210 1509 5282 Opp.
1545 5212 1748 5267 Meurs.

161 5309 201 5362 l.
241 5307 279 5361 Ι.
311 5324 369 5376 p.
402 5306 529 5359 585.
561 5305 651 5359 C1.
684 5322 848 5374 supra
878 5323 931 5374 p.
973 5308 1095 5362 105.

233 5399 321 5467 (6)
360 5398 474 5451 vv.
508 5397 612 5452 pp.
646 5397 832 5451 Rosw.
867 5397 1081 5469 Prolcg.
1122 5398 1241 5451 xm
1273 5414 1326 5468 p.
1354 5398 1538 5453 xuu.
1599 5397 1605 5405 '

234 5490 324 5561 (7)
360 5488 474 5542 VV.
509 5487 613 5542 PP.
641 5488 824 5543 Rosw.
860 5490 927 5543 15
958 5505 1012 5557 p.
1060 5491 1215 5555 1005,
1252 5491 1302 5543 1.

229 5583 317 5651 (8)
366 5580 505 5634 Ibid.
536 5579 678 5649 16p.
718 5581 879 5642 1003,
926 5581 975 5633 1.

245 5675 335 5742 (9)
366 5673 505 5728 Ibid.
548 5674 619 5727 es
648 5691 701 5743 p.
736 5675 895 5737 1005,
932 5674 987 5727 2.

242 5766 370 5836 (10)
404 5764 798 5822 Rccensuimus
826 5782 920 5820 eos
936 5783 1098 5836 supra
1119 5767 1228 5835 §29
1254 5766 1624 5838 p.119§33p.
1656 5766 1755 5820 147

1853 4661 1880 4733 §
1910 4662 2000 4717 δε.

1926 4757 2039 4826 (11)
2079 4752 2188 4809 VV.
2226 4753 2330 4809 PP.
2369 4754 2553 4809 Rosw.
2595 4754 2694 4807 107
2737 4768 2793 4823 p.
2819 4750 3029 4813 1006.1
3073 4766 3157 4819 sq.

1924 4843 2035 4911 (12)
2076 4842 2306 4898 Coteler.
2336 4840 2376 4894 ι.
2413 4842 2448 4894 l.
2485 4857 2538 4910 p.
2575 4841 2742 4895 5.115.
2768 4856 2821 4893 v.
2856 4839 3126 4891 Macarius
3144 4836 3428 4907 Aegyptius

1857 4933 1884 5007 §
1922 4933 2146 5000 XXXII;
2183 4934 2324 4987 intra
2350 4935 2406 4986 in
2439 4933 2632 4986 barum
2666 4932 3068 4999 Quaestionum
3114 4929 3429 4999 Appendice

1853 5029 2024 5085 altera
2061 5029 2165 5083 sub
2191 5027 2285 5083 lll.

1928 5120 2038 5183 (15)
2076 5118 2161 5173 Ct’.
2200 5130 2367 5184 supra
2431 5132 2486 5186 p.
2517 5115 2585 5170 '57
2610 5120 2727 5168 not.
2764 5112 2817 5165 1.

1925 5212 2038 5284 (14)
2077 5211 2159 5265 Cf.
2186 5225 2352 5279 supra
2378 5211 2418 5264 l.
2452 5209 2487 5261 l.

1930 5304 2044 5373 (15)
2078 5302 2327 5357 Galland.
2358 5301 2498 5354 Bibl.
2533 5297 2639 5351 PP.
2673 5293 2940 5364 T.V11p.
2973 5296 3078 5348 222
3105 5312 3188 5363 sq.

1929 5397 2042 5469 (16)
2076 5397 2292 5450 Libroa
2325 5395 2481 5448 nobis
2522 5406 2688 5459 supra
2726 5405 2777 5459 p.
2820 5387 2889 5441 57
2913 5389 3019 5442 n.1
3054 5387 3294 5440 laudato.
3324 5380 3428 5437 Ea-

1858 5491 1980 5544 dem
2022 5489 2282 5559 opuscula
2312 5500 2509 5541 recusa
2557 5490 2687 5538 sunt
2721 5482 2823 5535 hoc
2866 5480 3045 5534 indice
3081 5500 3093 5533 :
3133 5478 3191 5532 S.
3244 5478 3431 5533 Patris

1858 5582 2090 5637 Macarii
2140 5579 2382 5649 Aegyptii
2431 5575 2709 5639 opuscula,
2744 5582 2859 5627 etc.
2914 5571 2996 5625 ed.
3042 5571 3243 5623 Pritius
3279 5570 3430 5638 Lips.

1862 5674 2002 5729 1699
2033 5674 2168 5729 etin
2215 5671 2469 5725 Galland.
2519 5668 2659 5720 Bibl.
2692 5664 2797 5718 PP.
2834 5662 2898 5717 T.
2933 5662 3021 5715 νη
3062 5678 3115 5732 p.
3155 5661 3247 5714 161
3304 5678 3428 5739 sqq.

1932 5767 2045 5835 (17)
2086 5763 2183 5817 Est
2232 5763 2355 5817 cod.
2394 5760 2535 5813 Bibl.
2589 5756 2750 5812 Caes.
2806 5753 3044 5807 Vindob.
3104 5769 3206 5808 ms.
3259 5752 3428 5806 lIlCOI.

172 5875 260 5929 sq.
299 5858 332 5931 ς
367 5860 434 5914 55
466 5856 1535 5929 p.157;§17p.65§52p.152§55
1566 5858 1751 5929 p.117

1860 5872 2042 5928 graec.
2072 5855 2171 5912 No.
2203 5854 2325 5919 101,
2363 5852 2490 5907 olim
2520 5849 2647 5915 210,
2686 5847 2775 5901 ubi
2814 5847 2907 5902 fol.
2943 5846 3030 5913 δε,
3066 5845 3100 5898 2
3123 5860 3241 5915 sqq.
3283 5860 3427 5914 opu—
