4040 6580
1431 371 1536 428 SS.
1580 365 2042 426 MACARIORUM
2082 362 2406 419 AEGYPTII
2447 361 2536 418 ET
2576 358 3046 416 ALEXANDRINI

3749 354 3852 409 I52

596 471 754 532 cella
776 473 963 541 esset,
997 467 1309 548 proﬁcisci
1336 467 1770 530 Alexandriam
1795 486 1923 530 non
1951 471 2170 550 piguit,
2201 465 2249 522 Α
2278 459 2419 521 dam
2449 459 2650 537 diligit
2704 475 2830 532 me,
2862 463 2923 518 et
2943 455 3047 517 Odi
3078 469 3254 526 eum;
3280 467 3520 532 ραυρθτ
3547 465 3698 510 vero
3724 449 3858 508 Odit

597 576 669 631 ut
714 585 904 646 aegro
940 570 1223 642 aﬂ'erret;
1264 586 1473 649 neque
1511 571 1667 630 mira
1710 586 1812 631 res
1850 571 2176 632 manifesta

601 670 894 749 cuiquam
940 668 1100 731 facta
1133 675 1226 730 est
1259 666 1364 747 (1).
1406 693 1433 725 υ
1485 670 1570 729 De
1612 671 1792 732 Petro
1837 671 2061 734 abbate
2108 673 2176 736 in

600 771 872 845 Cellulis,
904 772 1016 831 Lot
1044 770 1282 833 abbatis
1320 769 1655 850 discipulo,
1682 791 1871 853 supra
1902 775 2179 855 disputa-

538 924 544 959 ,
598 872 802 932 vimus
835 870 913 952 (2)
927 917 940 929 .

522 983 547 1042 '3
681 996 710 1027 α
759 973 987 1033 Iterum
1036 973 1736 1038 memoravitzMacario
1780 977 1986 1040 abbati
2027 997 2177 1059 prae

600 1072 841 1133 cunctis
895 1070 1187 1132 fratribus
1237 1073 1303 1133 in
1340 1073 1738 1154 simplicitate
1783 1082 2178 1142 conversanti

600 1169 856 1247 quidam
892 1189 905 1230 :
938 1172 1078 1246 Cur,
1134 1171 1452 1252 inquiunt,
1504 1174 1692 1237 talem
1745 1183 1807 1238 te
1859 1180 2180 1258 praebes?

604 1269 710 1330 Ille
733 1269 1058 1349 respondit
1081 1288 1092 1331 :
1110 1271 1453 1334 Duodecim
1468 1275 1648 1336 annis
1669 1277 1890 1338 servivi
1915 1279 2177 1342 Domino

601 1384 770 1443 meo,
795 1375 866 1430 ut
904 1369 1058 1430 mihi
1095 1369 1257 1432 hanc
1293 1370 1619 1450 largiretur
1668 1377 1948 1452 gratiam,
1977 1388 2038 1440 et
2069 1379 2179 1443 vos

605 1486 828 1534 omnes
893 1470 1049 1531 mihi
1099 1471 1428 1532 consilium
1494 1473 1672 1547 datis,
1734 1481 1802 1537 ut
1866 1478 2179 1558 deponam

605 1587 742 1630 eam
771 1567 892 1650 (3)?
918 1595 944 1626 »
968 1573 1135 1633 Haec
1165 1589 1315 1633 sane
1340 1562 1482 1634 cum
1503 1573 1601 1648 iis,
1628 1593 1789 1654 quae
1807 1577 1885 1639 de
1914 1581 2181 1644 Macario

603 1671 910 1750 Aegyptio
936 1672 1260 1752 hucusque
1288 1675 1732 1754 comperimus,
1768 1679 2004 1758 optime
2035 1700 2182 1744 con-

604 1771 883 1832 veniunt.

686 1894 716 1926 α
757 1871 1076 1932 Proditum
1107 1879 1221 1949 est,
1254 1874 1413 1937 duos
1452 1874 1674 1939 fratres
1710 1878 1776 1940 in
1807 1880 1985 1942 Scete
2015 1874 2175 1943 deli-

605 1969 838 2047 quisse.
881 1971 1046 2042 Quos
1085 1989 1279 2050 quum
1318 1975 1619 2037 Macarius
1666 1978 1942 2042 πολιτικός
1987 1980 2179 2042 abbas

605 2076 1013 2148 segregasset,
1046 2072 1334 2134 nonnulli
1370 2076 1703 2137 Maearium
1732 2094 2030 2156 magnum
2056 2085 2175 2143 Ae-

608 2169 892 2248 gyptium
929 2170 1213 2232 abbatem
1253 2172 1556 2235 adeuntes
1611 2175 1733 2238 hoc
1789 2180 2176 2242 nuntiarunt.

606 2270 707 2329 Is:
740 2271 902 2344 Non,
957 2270 1182 2351 inquit,
1221 2272 1441 2336 fratres
1497 2283 1641 2337 sunt
1695 2282 2023 2359 segregati,
2069 2283 2179 2345 sed

606 2371 939 2445 Macarius;
964 2389 1107 2433 nam
1135 2373 1431 2452 diligebat
1461 2394 1627 2438 eum.
1646 2381 1948 2443 Macarius
1973 2390 2180 2446 autem

606 2471 822 2546 abbas,
868 2490 903 2534 a
942 2490 1094 2534 sene
1135 2491 1201 2536 se
1254 2485 1645 2554 segregatum
1696 2497 1833 2553 esse
1893 2483 2178 2560 audiens,

606 2572 765 2650 fugit
797 2573 872 2634 ad
915 2574 1239 2654 paludem;
1286 2584 1473 2656 atque
1519 2578 1622 2639 ille
1668 2583 1902 2661 reperit
1955 2601 2098 2646 eum
2145 2605 2183 2650 a

612 2673 765 2742 161
798 2673 1102 2736 culicibus
1137 2675 1545 2755 perforatum.
1582 2680 1690 2740 Cui
1737 2698 1750 2740 :
1801 2683 1912 2756 Tu,
1955 2684 2177 2765 inquit,

607 2772 945 2848 segregasti
971 2771 1214 2846 fratres,
1246 2772 1439 2853 iique,
1474 2793 1644 2848 ecce,
1677 2781 1976 2844 secedere
2006 2794 2184 2864 pote-

606 2879 745 2932 rant
787 2872 853 2932 in
881 2872 1108 2934 vicum.
1140 2875 1270 2951 Ego
1314 2892 1464 2937 vero
1504 2883 1563 2937 te
1611 2883 1951 2958 segregavi,
1986 2890 2183 2964 tuque

607 2971 776 3033 velut
803 2972 1065 3052 pulchra
1092 2974 1266 3052 virgo
1293 2975 1358 3036 in
1386 2976 1648 3041 interius
1670 2982 2027 3045 cubiculum
2059 2985 2182 3049 huc

608 3075 842 3153 fugisti.
887 3079 962 3136 At
1001 3093 1117 3154 ego
1155 3079 1388 3139 vocatis
1442 3078 1736 3143 fratribus
1772 3084 1984 3162 didici,
2025 3087 2184 3150 nihil

610 3174 835 3236 horum
896 3175 1129 3239 factum
1187 3194 1346 3239 esse.
1404 3180 1698 3258 Prospice
1755 3183 1944 3261 igitur
1986 3194 2047 3249 et
2094 3195 2182 3265 tu,

610 3274 826 3350 frater,
866 3293 945 3336 ne
991 3294 1027 3338 a
1078 3277 1489 3339 daemonibus
1527 3279 1748 3342 illusus
1786 3283 2009 3359 fueris;
2042 3305 2188 3349 nam

613 3374 767 3437 nihil
799 3375 1035 3449 vidisti;
1069 3377 1178 3438 sed
1203 3377 1650 3456 poenitentiam
1679 3399 1791 3459 age
1823 3402 1938 3464 pro
1961 3387 2188 3452 delicto

613 3482 747 3537 tuo.
778 3476 889 3538 Ille
919 3478 1242 3557 respondit
1272 3497 1284 3538 :
1319 3479 1381 3540 Si
1410 3480 1524 3555 vis,
1561 3481 1637 3543 da
1667 3484 1822 3545 mihi
1850 3491 2185 3565 poeniten-

614 3576 788 3638 tiam.
813 3577 1045 3640 Videns
1086 3577 1274 3656 igitur
1319 3596 1511 3641 senex
1561 3581 1968 3649 humilitatem
2006 3591 2138 3651 eius
2173 3611 2186 3653 :

615 3677 810 3752 Vade,
839 3677 1064 3758 inquit,
1088 3677 1296 3739 ieiuna
1317 3678 1514 3741 tribus
1540 3680 1971 3760 hebdomadis,
1997 3690 2188 3751 semel

616 3777 878 3857 singulis
922 3778 1333 3844 hebdomadis
1395 3784 1760 3848 comedens.
1808 3788 1976 3850 Haec
2022 3792 2190 3852 enim

617 3885 750 3941 erat
779 3881 1138 3944 exercitatio
1170 3882 1304 3943 eius
1339 3891 1662 3964 perpetua.
1695 3903 1811 3966 per
1841 3887 2190 3954 hebdoma-

615 3979 727 4041 das
756 3979 1035 4043 ieiunare
1059 3981 1165 4063 (4).
1201 4007 1228 4040 ››
1262 3985 1598 4046 Macarium
1629 3986 1902 4041 πολιτικόν
1929 3990 2194 4054 Alexan-

616 4075 866 4137 drinum
904 4095 1042 4140 esse
1085 4098 1270 4160 supra
1300 4083 1686 4145 ostendimus
1725 4085 1830 4164 (5).
1864 4089 2021 4150 Eum
2046 4108 2192 4154 vero

615 4175 843 4238 iterum
879 4178 1064 4240 aliam
1100 4180 1180 4241 ob
1224 4199 1473 4244 causam
1515 4183 1582 4244 in
1608 4185 1836 4264 palude
1867 4189 2060 4252 Scetis
2089 4210 2191 4254 se-

619 4278 782 4339 disse
814 4278 1044 4340 scimus
1066 4279 1172 4359 (6).

700 4402 728 4434 ‹‹
782 4380 1190 4442 Proﬁciscens
1254 4381 1592 4460 aliquando
1644 4386 1946 4451 Macarius
2001 4394 2193 4457 abbas

2277 577 2401 633 me,
2429 552 2488 620 et
2509 558 2700 636 diligo
2730 574 2895 619 eum.
2930 557 3064 629 Quo
3086 553 3300 616 audito
3327 565 3623 613 sermone
3661 551 3858 610 Maca.

2277 660 2406 721 rius
2432 660 2626 722 abbas
2668 658 3005 721 admiratus
3035 665 3149 718 est.
3173 657 3332 715 Tum
3367 651 3591 714 fratres
3626 667 3639 709 :
3673 647 3853 721 Quid,

2275 761 2593 840 inquiunt,
2625 759 2746 822 hoc
2783 759 2957 821 verbi
2989 765 3102 832 est,
3143 763 3338 837 pater,
3369 752 3542 834 quod
3582 751 3856 814 admire-

2277 859 2400 922 ris?
2421 833 2626 922 éenex
2649 858 2976 938 respondit
3001 875 3014 918 :
3052 859 3291 917 Revera
3309 852 3610 914 Dominus
3641 854 3858 910 noster

2277 963 2448 1024 dives
2476 968 2590 1035 est,
2617 967 2680 1022 et
2707 960 2906 1038 diligit
2926 975 3066 1033 nos,
3095 957 3219 1038 ipsi
3250 962 3460 1017 autem
3480 950 3774 1015 nolumus
3796 949 3862 1009 ei

2278 1062 2749 1140 obtemperare;
2771 1058 3064 1120 inimicus
3089 1062 3306 1119 contra
3327 1059 3539 1116 noster
3567 1049 3859 1113 diabolus

2279 1178 2522 1241 pauper
2563 1167 2678 1232 est,
2703 1159 2962 1238 oditque
2991 1174 3132 1231 nos,
3171 1163 3231 1217 et
3250 1171 3368 1217 nos
3397 1151 3712 1230 diligimus
3742 1149 3864 1209 im-

2278 1263 2609 1342 puritatem
2648 1261 2782 1322 eius
2813 1260 2918 1341 (7).
2960 1282 2990 1316 ι)
3025 1259 3217 1336 Digna
3267 1272 3417 1318 sane
3460 1253 3617 1315 haec
3663 1248 3866 1329 expli-

2281 1363 2464 1437 catio,
2489 1378 2649 1441 quae
2682 1360 2761 1422 ad
2789 1367 3078 1441 posteros
3103 1356 3530 1419 transferatur.

2363 1520 2389 1552 «
2418 1499 2667 1573 Rogans
2685 1497 2962 1556 Poemen
2989 1491 3181 1554 abbas
3201 1489 3473 1551 eundem
3488 1489 3697 1552 multis
3713 1508 3864 1564 cum

2280 1598 2552 1660 lacrimis
2581 1616 2593 1657 :
2626 1596 2733 1656 Dic
2771 1593 2948 1665 mihi,
2992 1591 3227 1670 inquit,
3276 1590 3596 1669 quomodo
3634 1591 3861 1654 salver.

2283 1697 2392 1758 Cui
2419 1713 2612 1758 senex
2639 1691 3001 1773 respondit:
3027 1693 3218 1764 Quam
3260 1689 3510 1769 quaeris
3548 1707 3704 1763 rem,
3737 1692 3864 1752 iam

2213 1809 2257 1868 Β
2286 1801 2539 1862 recessit
2575 1818 2608 1860 a
2637 1797 2962 1861 monachis
2997 1796 3102 1876 (8).
3152 1819 3179 1851 »
3223 1796 3500 1856 Poemen
3537 1801 3598 1856 et
3630 1795 3865 1876 Ioseph

2279 1901 2534 1963 abbates
2572 1901 2836 1961 Ruﬁnus
2868 1899 2933 1958 in
2966 1896 3168 1976 Pispir
3186 1895 3414 1956 vidisse
3445 1913 3511 1957 se
3538 1897 3726 1958 tradit
3749 1896 3864 1979 (9):

2281 2001 2390 2064 sed
2417 2003 2697 2062 Poemen
2731 1997 2922 2060 abbas
2947 1999 3131 2057 etiam
3154 1994 3221 2055 in
3245 1996 3424 2055 Scete
3454 1993 3604 2054 vixit
3627 1993 3778 2075 (10).

2361 2167 2390 2199 α
2423 2138 2726 2204 Macarius
2754 2143 2947 2202 abbas
2967 2135 3308 2216 aliquando
3338 2135 3489 2197 adiit
3515 2135 3865 2197 Antonium

2280 2242 2592 2304 abbatem.
2617 2243 2898 2314 Quocum
2924 2237 3295 2308 collocutus,
3333 2253 3478 2298 cum
3519 2235 3588 2296 in
3629 2237 3866 2297 Scetim

2281 2348 2718 2415 reverteretur,
2749 2339 3044 2402 fratribus
3073 2337 3318 2399 obviam
3354 2336 3510 2406 162
3546 2336 3867 2397 venienti-

2281 2446 2398 2507 bus
2453 2444 2618 2505 inter
2658 2438 3208 2505 sermocinandum
3240 2453 3255 2497 :
3294 2437 3590 2510 Antonio,
3629 2435 3866 2516 inquit,

2281 2547 2489 2608 abbati
2529 2545 2679 2620 dixi,
2723 2561 2841 2606 nos
2884 2559 3014 2604 non
3054 2541 3287 2603 habere
3332 2541 3400 2602 in
3450 2540 3593 2603 loco
3643 2548 3869 2602 nostro

2284 2648 2686 2711 oblationem.
2701 2644 2824 2706 Sed
2852 2645 3064 2705 Patres
3086 2641 3223 2702 aliis
3244 2640 3323 2702 de
3344 2641 3532 2702 rebus
3552 2640 3868 2703 disserere

2283 2753 2652 2828 coeperunt,
2685 2763 2802 2808 nec
2844 2743 3251 2824 quaesierunt
3301 2741 3571 2822 amplius
3619 2741 3869 2820 discere

2284 2861 2660 2926 responsum
2699 2843 2890 2916 senis,
2932 2857 3143 2921 neque
3180 2839 3318 2919 ipse
3350 2839 3718 2920 prolocutus
3744 2845 3865 2900 est.

2283 2948 2417 3008 Hoc
2447 2945 2636 3022 igitur
2661 2941 2916 3022 quidam
2956 2957 3032 3001 ex
3061 2939 3342 3019 patribus
3369 2938 3524 2999 dixit
3557 2956 3570 2998 :
3604 2939 3666 2999 Si
3697 2937 3872 3000 vide-

2285 3046 2409 3108 rint
2439 3051 2666 3125 patres,
2684 3060 2718 3105 e
2746 3042 3004 3103 fratrum
3029 3039 3331 3101 memoria
3353 3039 3666 3114 excidere,
3685 3045 3756 3099 ut
3787 3038 3871 3100 de

2213 3154 2255 3211 C
2289 3163 2355 3208 re
2392 3147 2468 3207 iis
2499 3145 2635 3207 utili
2687 3144 3102 3220 interrogent,
3147 3140 3406 3218 adigunt
3451 3156 3518 3201 se
3568 3139 3764 3219 ipsos,
3801 3147 3872 3200 ut

2290 3245 2669 3326 principium
2706 3241 3016 3306 sermonis
3044 3239 3395 3320 proferant;
3443 3240 3671 3319 quodsi
3716 3257 3872 3302 vero

2290 3364 2326 3408 a
2383 3345 2676 3406 fratribus
2735 3359 2865 3404 non
2919 3340 3282 3418 adigantur,
3333 3355 3689 3400 sermonem
3736 3357 3872 3401 non

2291 3450 2776 3528 persequuntur,
2831 3448 2902 3504 ut
2948 3459 3030 3504 ne
3077 3439 3631 3520 deprehendantur
3672 3439 3872 3502 locuti

2292 3565 2422 3610 non
2472 3545 2857 3624 interrogati,
2887 3541 3295 3620 videaturque
3349 3539 3602 3620 loquela
3668 3541 3870 3602 otiosa

2293 3667 2431 3711 esse
2476 3646 2624 3727 (11).
2662 3670 2691 3704 »
2719 3645 3054 3707 Macarium
3074 3643 3452 3722 Aegyptium
3478 3641 3555 3704 ad
3586 3643 3648 3701 S.
3681 3645 3874 3703 Anto-

2293 3749 2468 3810 nium
2519 3744 2872 3826 profectum
2921 3757 3056 3804 esse
3109 3740 3234 3802 iam
3301 3758 3489 3820 supra
3547 3742 3869 3820 comperi-

2291 3868 2430 3911 mus
2465 3847 2618 3929 (12);
2651 3845 2820 3908 unde
2850 3845 3015 3906 haud
3044 3843 3256 3921 inepte
3284 3841 3629 3921 discipulus
3655 3844 3718 3902 S.
3750 3848 3873 3904 An-

2293 3949 2449 4011 tonii
2498 3964 2688 4009 sensu
2732 3944 2950 4007 latiore
2993 3959 3028 4003 a
3065 3943 3294 4004 Ruﬁno
3333 3940 3638 4023 appellari
3685 3945 3871 4006 nobis

2292 4052 2461 4114 visus
2496 4055 2589 4112 est
2621 4048 2765 4125 (13).

2374 4217 2402 4250 «
2437 4188 2826 4271 Paphnutius
2853 4186 3070 4258 abbas,
3114 4183 3364 4245 Macarii
3397 4183 3638 4248 abbatis
3679 4185 3866 4248 disci-

2292 4294 2502 4376 pulus,
2559 4291 2682 4352 hoc
2737 4284 3276 4363 retulitzRogavi,
3328 4285 3558 4364 inquit,
3627 4295 3868 4366 patrem

2295 4413 2528 4468 meum,
2566 4399 2637 4454 ut
2690 4388 2845 4451 mihi
2883 4387 3120 4448 diceret
3174 4385 3453 4446 verbum.
3496 4388 3555 4447 Is
3607 4396 3818 4449 autem
3853 4407 3865 4447 :

620 4495 764 4538 cum
792 4478 1085 4549 fratribus
1121 4499 1236 4560 per
1271 4486 1624 4561 Aegyptum
1663 4503 1927 4563 puerum
1959 4495 2191 4558 audivit
2223 4501 2266 4556 D
2295 4498 2646 4566 Neminem,
2700 4485 2930 4566 inquit,
2993 4484 3268 4557 laeseris,
3310 4502 3427 4546 nec
3487 4505 3869 4566 quemquam

620 4577 801 4638 matri
833 4595 980 4639 suae
1014 4579 1098 4640 ita
1137 4579 1500 4660 loquentem
1537 4602 1550 4644 :
1595 4585 1807 4662 Mater,
1841 4591 2010 4655 dives
2045 4599 2187 4676 qui-

601 4759 774 4814 ‘scula
807 4761 940 4832 legis
966 4763 1046 4816 sic
1080 4763 1340 4836 inscripta
1364 4789 1376 4823 :
1398 4772 1705 4842 Κεφάλαια
1728 4778 1834 4832 τοῦ
1865 4779 2037 4849 ἁγίου
2063 4785 2187 4836 Μα-

622 4856 830 4922 καρίου
890 4861 1536 4924 μεταφρασθέντα
1617 4870 1815 4938 παρὰ

620 4943 754 4997 τοῦ
808 4945 1292 5014 ,ιογοθέντου
1335 4959 1450 5018 pr’.
1506 4961 1782 5027 Upuscula
1846 4943 2194 5018 verormaxi-

619 5051 764 5090 niam
792 5047 1000 5105 partem
1047 5042 1339 5108 compilata
1367 5061 1490 5102 esse
1531 5051 1636 5104 iam
1673 5055 1774 5108 levi
1819 5070 2008 5110 eorum
2058 5075 2185 5112 cum

621 5130 865 5185 bmniliis
891 5135 1304 5201 comparatione
1336 5137 1679 5211 intelligitur.

699 5221 777 5290 (1)
821 5221 1056 5277 Coteler.
1089 5223 1236 5278 Mon.
1269 5225 1420 5282 Eccl.
1453 5233 1646 5289 Graec.
1687 5237 1750 5293 Τ.
1780 5238 1798 5290 1
1835 5256 1884 5309 p.
1916 5242 2018 5296 555
2060 5259 2104 5296 s.
2138 5261 2193 5300 γ.

630 5311 902 5367 Macarius
933 5314 1218 5384 Aegyptius
1244 5315 1270 5385 ᾗ
1300 5316 1448 5388 VIII;
1501 5325 1646 5380 infra
1690 5330 1741 5382 in
1780 5331 1972 5385 harum
2013 5332 2195 5400 Quae-

623 5417 862 5460 stionum
901 5408 1215 5478 Appendice
1248 5410 1420 5464 altera
1441 5418 1544 5471 sub
1572 5417 1659 5473 111.

693 5500 769 5567 (9.)
801 5499 828 5568 §
855 5501 926 5555 53
954 5517 1005 5570 p.
1044 5503 1168 5557 152.

693 5592 770 5661 (’5)
812 5593 1047 5652 Coteler.
1075 5599 1112 5652 1.
1144 5601 1180 5653 l.
1212 5618 1264 5671 p.
1293 5604 1446 5675 533§
1477 5604 1582 5672 IX;
1616 5606 1757 5662 infra
1785 5610 1839 5663 in
1870 5611 2120 5681 Append.
2149 5614 2188 5667 Ι.

695 5683 773 5752 (4)
814 5685 950 5740 Ibid.
971 5703 1026 5757 p.
1064 5690 1168 5745 557
1196 5693 1221 5763 §
1252 5694 1376 5748 XXI
1398 5713 1413 5762 ;
1439 5698 1581 5750 infra
1607 5701 1660 5754 in
1687 5702 1937 5772 Appcnd.
1985 5705 2022 5758 I.

696 5773 774 5844 (ες)
814 5776 898 5832 Cf.
929 5779 1005 5852 §§.
1039 5781 1129 5849 24,
1159 5785 1230 5838 23
1266 5802 1317 5855 p.
1340 5787 1463 5844 101.
1501 5790 1619 5846 106.

696 5867 775 5939 (6)
811 5869 897 5926 Cf.
941 5873 1107 5944 supra
1139 5891 1192 5945 ρ.
1231 5878 1320 5932 67.
1357 5879 1443 5933 89.

2297 4587 2832 4661 condemnaveris.
2906 4584 3075 4650 Haec
3147 4583 3406 4649 observa
3464 4595 3525 4649 et
3588 4588 3868 4652 salvabe-

2361 4785 2435 4856 (7)
2493 4783 2728 4840 Coteler.
2768 4783 2804 4836 l.
2839 4783 2877 4837 I.
2925 4797 2979 4851 p.
3017 4778 3121 4834 5'59
3159 4777 3187 4848 §
3235 4774 3428 4843 XXIV,
3479 4775 3623 4831 infra
3667 4779 3722 4831 in
3762 4781 3870 4848 Ap-

1903 4875 2194 4944 Σιμέων⁸
2289 4876 2456 4947 pend.
2495 4876 2532 4928 I.

2363 4970 2439 5039 (8)
2483 4966 2617 5020 Ibid.
2652 4981 2705 5036 p.
2738 4963 2841 5020 559
2872 4963 2898 5033 §
2925 4959 3091 5024 XXV,
3126 4959 3270 5013 infra
3297 4960 3352 5012 in
3376 4959 3624 5028 Append.
3661 4960 3698 5013 I.

2364 5061 2442 5132 (9)
2475 5059 2656 5113 Ruﬁn.
2693 5057 2837 5112 llist.
2887 5055 3035 5108 Eccl.
3071 5053 3168 5113 lib.
3221 5049 3263 5103 II
3309 5067 3432 5121 cap.
3467 5052 3521 5115 8,
3577 5052 3664 5105 ed.
3700 5049 3863 5105 Basil.

2295 5153 2332 5206 I.
2395 5167 2448 5220 p.
2505 5149 2635 5214 2/16,
2687 5147 2870 5202 Ruﬁni
2909 5147 3048 5214 Opp.
3103 5143 3191 5197 ed.
3235 5142 3469 5197 Vallarsi
3519 5159 3573 5212 p.
3609 5143 3714 5198 9.78
3754 5159 3861 5212 sq.,

2297 5243 2475 5315 Migne
2507 5259 2561 5312 p.
2595 5241 2721 5296 517.
2763 5238 2847 5296 Cf.
2887 5239 3030 5292 infra
3065 5236 3182 5305 με
3212 5235 3416 5304 p.176.

2366 5337 2477 5407 (10)
2509 5334 2743 5389 Coteler.
2773 5333 2808 5387 l.
2848 5331 2886 5385 1.
2921 5347 2976 5400 p.
3008 5331 3133 5384 5'87.
3170 5327 3276 5382 655
3304 5343 3348 5382 s.
3381 5343 3432 5379 ν.
3465 5325 3694 5380 Poemen
3719 5326 3745 5397 ἕ
3772 5325 3860 5378 IV.

2299 5425 2611 5499 §CLxxx.

2369 5519 2481 5590 (ll)
2518 5517 2750 5572 Coteler.
2798 5515 2838 5568 l.
2886 5514 2926 5570 1.
2961 5529 3016 5585 p.
3066 5513 3170 5569 559
3203 5528 3284 5584 sq.
3320 5511 3348 5585 §
3382 5509 3575 5576 XXVI,
3627 5508 3765 5564 intra
3805 5508 3864 5559 in

2298 5610 2546 5682 Append.
2581 5610 2617 5661 l.

2370 5700 2486 5772 (η)
2528 5700 2650 5771 §55
2681 5715 2732 5770 p.
2773 5699 2895 5752 iac.

2373 5794 2488 5863 (l5)
2531 5791 2708 5862 Supra
2741 5790 2767 5862 §
2795 5791 2864 5845 26
2894 5789 3099 5861 p.112.
