4040 6564
203 301 298 354 155

1633 361 1639 366 _
1728 305 1840 360 V’IT
1858 306 1956 362 \E.

3357 323 3460 379 154

199 413 280 457 ηε
325 395 432 475 (1),
491 421 520 451 »
579 397 968 477 Paphnutius
991 449 1004 472 ,
1063 419 1422 480 quanquam
1494 407 1766 471 Palladio
1798 421 1843 472 Α
1870 403 2292 482 phthegmatis
2321 423 2352 464 a
2388 408 2694 471 Cotelerio
2728 412 2908 473 editis
2938 414 3052 476 hae.
3105 423 3230 477 tres
3263 418 3456 483 histo-

197 495 450 576 quidem
503 502 657 557 teste
714 500 962 560 Macarii
1027 501 1431 563 Alexandrini
1489 505 1770 588 discipu-

193 595 288 656 lus
321 593 437 674 (2),
494 595 680 656 etiam
733 597 796 658 in
845 601 1023 662 Scete
1081 601 1326 678 degisse
1385 602 1614 681 legitur
1648 607 1769 688 (3);

189 695 465 775 primum
496 702 706 758 tamen
750 699 816 759 in
860 700 1198 764 solitudine
1246 701 1579 766 Thebaidis
1627 725 1771 770 eum

187 794 497 858 habitasse
523 799 856 861 verisimile
884 808 977 874 est
1006 801 1112 880 (4).

266 922 294 952 α
341 900 642 961 Macarius
699 902 889 963 abbas
933 903 1088 962 dixit
1136 920 1148 961 ε
1199 903 1338 964 Noli
1385 904 1659 968 dormire
1701 909 1768 970 in

183 999 342 1062 cella
372 1000 600 1072 fratris,
626 1019 815 1080 quem
836 997 996 1064 mAIa
1025 1003 1190 1064 fama
1223 1005 1400 1082 petiit
1432 1005 1537 1084 (5).
1580 1032 1607 1062 ››

264 1143 291 1172 ‹‹
329 1120 417 1179 Ad
445 1120 779 1181 Macarium
808 1121 1096 1182 abbatem
1130 1122 1193 1182 in
1230 1123 1410 1183 Scete
1445 1125 1766 1203 quondam

180 1228 583 1280 accesserunt
603 1220 846 1293 fratres,
876 1238 992 1282 nec
1017 1222 1362 1302 quidquam
1388 1225 1766 1286 invenerunt

177 1318 244 1378 in
267 1319 425 1380 cella
456 1320 591 1381 eius
633 1321 753 1381 nisi
779 1338 1006 1399 aquam
1039 1324 1373 1402 putridam.
1405 1327 1624 1404 Itaque
1656 1327 1712 1386 ei
1746 1345 1759 1386 :

179 1419 376 1491 Abba,
422 1420 742 1500 inquiunt,
797 1422 1067 1483 ascende
1113 1423 1177 1485 in
1231 1443 1488 1504 pagum,
1523 1433 1582 1487 et
1613 1429 1758 1488 reﬁ-

177 1518 417 1579 ciemus
455 1525 538 1580 te.
590 1520 823 1592 Quibus
871 1537 1063 1581 senex
1107 1525 1436 1601 respondit
1480 1543 1492 1584 :
1530 1527 1756 1600 Nostis,

172 1617 420 1691 fratres,
461 1620 794 1698 pistrinum
827 1620 994 1682 illius
1024 1621 1298 1686 hominis
1330 1625 1396 1686 in
1428 1625 1631 1704 pago?
1661 1627 1759 1687 Di—

1876 505 2004 565 riae
2038 505 2394 565 referuntur
2421 525 2432 566 :

1957 629 1982 660 α
2026 607 2328 670 Macarius
2359 609 2633 674 πολιτικός
2666 613 2770 675 ille
2791 616 2982 677 abbas
3013 617 3354 697 aliquando
3375 624 3456 685 ad

1873 707 2180 769 secandos
2201 709 2549 787 palmarum
2585 732 2792 777 ramos
2822 717 2992 791 exiit,
3029 719 3324 782 fratribus
3359 722 3456 803 ip-

1871 820 2009 864 sum
2054 808 2518 874 comitantibus.
2559 815 2674 887 Qui
2722 816 2928 894 primo
2959 818 3060 880 die
3106 821 3164 882 ei
3210 839 3224 881 :
3266 822 3449 899 Veni,

1869 905 2183 984 inquiunt,
2219 919 2417 989 pater,
2464 909 2792 979 nobiscum
2827 921 3111 982 comede.
3175 924 3452 986 Accessit

1868 1007 2056 1083 igitur
2085 1009 2191 1070 ille
2237 1019 2297 1072 et
2331 1017 2627 1078 comedit.
2668 1017 2875 1079 Altero
2916 1037 3058 1081 eum
3093 1021 3194 1084 die
3221 1023 3450 1087 iterum

1867 1111 2109 1180 rogant,
2157 1114 2224 1167 ut
2271 1112 2580 1173 comedat.
2629 1118 2703 1174 At
2734 1115 2784 1174 is
2815 1135 3085 1179 renuens
3115 1136 3128 1179 :
3161 1121 3308 1195 Vos,
3342 1124 3444 1184 in-

1867 1205 2022 1280 quit,
2070 1205 2195 1279 lilii,
2229 1208 2438 1270 cibum
2471 1214 2727 1274 sumatis
2777 1233 3033 1278 necesse
3061 1226 3186 1293 est;
3239 1221 3445 1285 adhuc

1866 1299 2033 1360 enim
2067 1320 2211 1364 caro
2247 1306 2426 1379 estis;
2465 1325 2582 1384 ego
2619 1327 2767 1371 vero
2797 1329 2963 1375 nunc
2997 1316 3143 1377 nolo
3175 1321 3445 1382 mandu-

1864 1415 2004 1460 care
2046 1400 2190 1479 (11).
2233 1428 2258 1456 »
2290 1407 2458 1468 Haec
2501 1408 2760 1472 historia
2791 1413 2854 1473 in
2896 1415 3142 1477 duobus
3175 1423 3442 1500 ApOph-

1863 1497 2247 1575 tliegmatum
2294 1506 2618 1570 codicibus
2652 1511 3246 1580 Vindoboncnsibus
3292 1539 3344 1583 s.
3373 1540 3440 1589 ν.

1859 1599 2183 1662 Macarius
2230 1604 2572 1684 Aegyptius
2602 1618 2742 1689 post
2779 1615 3049 1688 §XXXII
3081 1635 3437 1698 perperam,

173 1723 324 1778 cum
359 1734 371 1775 ε
397 1717 870 1780 Etiamneinde
889 1736 1082 1780 senex
1109 1723 1269 1798 :Ego
1300 1700 1554 1802 (ἰυοᾷυὸ
1583 1726 1750 1786 novi.
1789 1755 1828 1807 Β
1859 1703 1926 1807 ut
1948 1700 2218 1807 quisque
2248 1702 2429 1766 facile
2457 1706 2763 1787 intelligit,
2790 1711 3021 1775 inserta
3047 1714 3270 1792 legitur
3292 1718 3437 1801 (12).

171 1817 385 1878 Nostis
413 1824 476 1878 et
521 1818 844 1897 praedium
898 1819 1065 1880 illius
1111 1820 1406 1897 hominis,
1455 1826 1610 1895 163
1648 1828 1755 1888 ubi

169 1917 403 1978 ﬂuvius
423 1915 602 1980 salit?
630 1919 816 1979 Aiunt
851 1936 864 1978 :
899 1921 1217 1982 Novimus.
1251 1924 1484 1985 Senex:
1508 1927 1581 1985 Et
1612 1944 1749 2004 ego,

166 2020 401 2099 inquit,
437 2020 605 2081 novi.
641 2020 900 2092 Quando
930 2021 1120 2099 igitur
1145 2022 1369 2101 placet,
1395 2025 1571 2087 vobis
1599 2028 1753 2089 mihi

166 2136 330 2198 Opus
374 2136 506 2182 non
543 2126 664 2193 est,
707 2119 816 2181 sed
860 2120 995 2200 ipse
1049 2121 1204 2183 mihi
1252 2123 1521 2203 adporto
1572 2125 1677 2205 (6).
1719 2151 1748 2183 ››

165 2221 332 2281 Haec
385 2220 850 2281 exercitationis
888 2221 1080 2282 virtus
1110 2240 1253 2283 cum
1293 2225 1536 2299 ceteris,
1586 2243 1749 2304 quae

165 2319 236 2380 de
260 2321 538 2382 Macario
564 2320 868 2400 Aegyptio
891 2321 1312 2401 percepimus,
1333 2326 1570 2404 Optime
1599 2345 1747 2389 con-

161 2421 374 2481 sentit.

231 2568 260 2597 ςι
304 2542 699 2622 Paphnutius
736 2543 949 2617 abbas,
985 2544 1234 2605 Macarii
1274 2544 1514 2607 abbatis
1551 2547 1740 2609 disci-

153 2642 373 2722 pulus,
431 2643 660 2717 retulit,
703 2660 920 2704 senem
975 2644 1529 2718 dixissezQuando
1583 2666 1743 2727 puer

151 2763 351 2819 eram,
387 2745 648 2808 buculas
675 2762 818 2807 cum
847 2744 983 2805 aliis
1011 2746 1225 2824 pueris
1245 2747 1602 2826 pascebam,
1632 2750 1740 2827 qui

152 2851 576 2922 perrexerunt
611 2843 884 2904 furatum
923 2844 1098 2904 ﬁcus.
1136 2845 1423 2923 Dumque
1455 2855 1736 2922 currunt,

151 2962 267 3005 una
308 2960 392 3003 ex
419 2944 498 3004 iis
527 2943 772 3014 cecidit,
805 2961 996 3022 quam
1025 2943 1252 3004 tollens
1274 2944 1542 3005 comedi.
1569 2947 1736 3017 Quo-

148 3045 260 3105 ties
281 3044 484 3121 igitur
510 3045 602 3105 rei
630 3045 764 3106 eius
791 3044 1097 3106 memoria
1123 3043 1306 3117 redit,
1342 3044 1596 3123 plorans
1633 3063 1733 3106 se-

147 3144 264 3206 deo
299 3145 418 3223 (7).
462 3168 490 3200 »
533 3145 618 3206 De
662 3145 1019 3223 Paphnutio
1055 3144 1304 3206 Macarii
1339 3145 1578 3207 abbatis
1615 3147 1738 3208 dis-

146 3246 366 3324 cipulo
393 3247 756 3308 monuimus
778 3246 882 3326 (8).

218 3368 399 3428 Haec
447 3366 702 3446 quidem
757 3367 836 3428 de
869 3365 1136 3427 Macario
1171 3365 1480 3443 Aegyptio
1520 3365 1735 3426 insunt

145 3465 718 3546 Apophthegmatis
755 3484 791 3527 a
827 3466 1132 3528 Cotelerio
1175 3465 1356 3526 editis
1403 3483 1453 3526 s.
1489 3484 1553 3526 v.
1587 3469 1730 3528 Ma-

142 3569 360 3628 carius
409 3567 774 3646 Aegyptius.
832 3568 952 3631 Sed
1001 3565 1311 3628 evolventi
1343 3565 1497 3626 mihi
1525 3573 1731 3628 cetera

143 3668 768 3748 ApOphthegmatum
788 3668 993 3748 capita
1021 3667 1220 3729 tribus
1253 3665 1390 3728 aliis
1420 3666 1576 3729 locis
1609 3669 1733 3728 Ma-

141 3770 315 3845 carii,
346 3776 420 3830 ut
446 3770 715 3845 videtur,
743 3769 1030 3849 Aegyptii
1052 3768 1286 3830 mentio
1319 3769 1590 3831 occurrit
1621 3769 1727 3850 (9).

140 3875 307 3944 Quos
343 3870 607 3950 quidem
633 3869 810 3932 locos
838 3886 1028 3949 supra
1061 3869 1184 3930 iam
1212 3870 1619 3946 cognovimus
1645 3879 1732 3932 at-

139 3988 260 4051 que
294 3970 737 4032 recensuimus
767 3968 914 4051 (10).

213 4095 389 4168 165
417 4099 445 4171 §
480 4094 576 4156 39.
608 4095 695 4156 De
725 4094 992 4157 Macario
1019 4092 1440 4154 Alexandrino
1471 4095 1535 4156 in
1565 4099 1729 4176 Apo-

203 4319 282 4390 (I)
327 4317 574 4373 Coteler.
624 4317 660 4370 Ι.
717 4354 734 4370 .
775 4333 827 4386 p.
860 4318 964 4372 540
995 4317 1021 4388 ς
1051 4315 1308 4380 XXVIII,
1343 4321 1485 4374 infra
1523 4322 1578 4376 in
1614 4324 1725 4394 Ap-

136 4414 300 4480 pend.
335 4412 376 4463 I.

201 4505 282 4573 (9.)
327 4501 418 4556 cr.
449 4501 476 4572 §
503 4502 572 4554 19
611 4518 664 4572 ρ.
694 4501 782 4555 75.

204 4600 284 4667 (5)
325 4596 568 4650 Coteler.
617 4597 653 4649 Ι.
698 4595 733 4649 I.
768 4611 818 4665 p.
853 4595 955 4648 649
991 4612 1036 4648 s.
1087 4612 1138 4648 ν.
1179 4595 1515 4653 Pan/mulius
1556 4600 1582 4670 ἕ
1628 4599 1718 4654 IV.

134 4692 396 4745 Cassian.
421 4688 562 4743 Coll.
601 4686 692 4750 III,
728 4689 776 4740 1.

203 4787 280 4854 (4)
325 4783 473 4839 Hist.
518 4783 686 4840 Laus.
727 4784 815 4838 ed.
849 4781 1052 4838 Mcurs.
1090 4797 1210 4854 cap.
1240 4785 1310 4838 65
1342 4785 1480 4855 Opp.
1515 4786 1718 4842 Meurs.

135 4881 167 4931 1.
205 4881 243 4934 1.
270 4896 334 4950 p.
385 4878 492 4933 524
525 4894 613 4947 sq.
675 4876 1236 4931 Animadvertendum
1280 4886 1394 4940 est,
1445 4879 1497 4932 in
1535 4883 1720 4948 capite

131 4973 196 5025 de
228 4969 552 5040 Paphnutio
599 4967 896 5023 Historiam
931 4966 1259 5023 Lausiacam
1299 4970 1548 5024 codicum
1587 4971 1718 5025 Vin-

130 5062 550 5116 dobonensium
586 5075 614 5112 a
657 5059 970 5115 Meursiana
1013 5060 1085 5112 ita
1117 5059 1360 5123 differre,
1381 5070 1439 5115 ut
1474 5062 1562 5115 vix
1608 5081 1718 5118 uno

128 5152 302 5205 verbo
332 5151 666 5205 consentiat.
688 5147 772 5204 Cf.
800 5148 1038 5202 Palladii
1067 5147 1364 5203 Historiam
1384 5151 1713 5207 Lausiacam

129 5247 196 5296 ad
230 5245 439 5297 codicis
496 5242 907 5299 Viudoboneusis
941 5246 1099 5313 ﬁdem
1139 5264 1171 5300 a
1198 5249 1347 5302 nobis
1374 5249 1598 5305 breviter
1622 5253 1717 5305 de-

128 5335 409 5397 lineatam,
465 5335 609 5388 infra
639 5336 766 5390 huic
815 5337 1044 5391 editioni
1093 5337 1370 5396 Historiae
1416 5341 1716 5398 Lausiacae

131 5426 535 5494 praepositam.

195 5518 276 5586 (5)
321 5517 567 5573 Coteler.
616 5517 652 5571 ἶ.
701 5518 739 5571 I.
776 5534 830 5587 p.
865 5517 1028 5588 54οἕ
1073 5516 1281 5583 XXIX;
1329 5518 1470 5573 inira
1515 5521 1568 5573 in
1613 5520 1712 5590 Ap«

128 5609 293 5769 p633).
316 5609 456 5753 lhid.
489 5716 540 5770 p.
575 5699 669 5752 541
704 5697 925 5770 ςΧΧΧ.
959 5701 1099 5754 infra
1133 5703 1186 5755 in
1219 5703 1470 5772 Append.
1509 5703 1546 5755 1.

194 5785 277 5856 (7)
323 5786 459 5842 Ibid.
492 5801 548 5856 p.
579 5786 680 5841 546
711 5786 737 5857 §
772 5786 1036 5854 XXXVII,
1073 5789 1215 5844 infra
1263 5791 1317 5845 in
1350 5789 1598 5864 Append.
1630 5791 1669 5845 I.

1861 1798 2259 1877 QuantOperc
2298 1810 2504 1864 autem
2535 1807 2835 1868 Macarius
2869 1809 3326 1877 Alexandrinus
3355 1798 3442 1880 ci-

1858 1895 1952 1956 bis
1975 1897 2366 1976 abStinuerit,
2393 1919 2426 1963 e
2453 1905 2728 1967 Palladio
2750 1908 3082 1973 didicimus
3100 1913 3248 1994 (13).

1938 2021 1963 2050 «
1983 1999 2285 2060 Macarius
2302 2001 2494 2063 abbas
2512 2008 2803 2068 convenit
2824 2009 3230 2074 Pachominm
3250 2016 3439 2078 abba-

1853 2101 1977 2154 tem
1991 2096 2610 2164 Talmnnesiotarum.
2627 2107 2821 2177 Quem
2844 2109 3218 2174 Pachomius
3239 2114 3435 2178 inter-

1852 2211 2081 2272 rogans
2108 2216 2119 2258 :
2147 2199 2473 2280 Si,inquit,
2498 2202 2718 2266 fratres
2749 2207 3115 2286 disciplinae
3146 2213 3434 2276 ordinem

1851 2311 1978 2356 non
2008 2307 2276 2372 servant,
2301 2300 2620 2364 bonumne
2646 2315 2738 2366 est
2766 2309 3085 2388 corripere
3116 2309 3264 2372 eos?
3285 2315 3438 2374 Res-

1851 2393 2071 2469 pondit
2105 2396 2406 2458 Macarius
2458 2399 2649 2461 abbas
2682 2418 2696 2461 :
2733 2404 2968 2482 Castiga
3014 2413 3074 2467 et
3127 2408 3286 2470 iuste
3323 2428 3434 2472 eos

1846 2491 2074 2568 iudica,
2108 2498 2216 2576 qui
2246 2499 2355 2559 tibi
2399 2502 2849 2574 subiiciuntur;
2882 2513 3051 2568 extra
3081 2527 3230 2571 vero
3275 2511 3436 2574 iudi-

1847 2595 2082 2656 caveris
2113 2599 2464 2674 neminem;
2501 2620 2644 2663 nam
2695 2606 2995 2685 scriptum
3025 2617 3118 2671 est
3151 2630 3164 2672 :
3208 2615 3430 2678 Nonne

1846 2694 1922 2754 de
1962 2695 2059 2770 iis,
2084 2699 2194 2776 qui
2239 2699 2405 2761 intus
2436 2711 2601 2777 sunt,
2629 2722 2739 2766 vos
2761 2706 3089 2771 iudicatis?
3114 2714 3263 2774 Nam
3293 2732 3426 2790 eos,

1844 2793 1953 2872 qui
1986 2795 2138 2857 foris
2167 2805 2332 2872 sunt,
2357 2801 2519 2862 Deus
2549 2803 2847 2868 iudicabit
2874 2808 3018 2888 (14).
3041 2834 3066 2863 ››
3093 2813 3428 2876 Macarium

1844 2894 2329 2959 Alexandrinum
2393 2918 2536 2961 cum
2603 2903 2940 2968 Pachomio
3017 2926 3428 2988 congressum

1845 3012 2004 3068 esse,
2037 3015 2072 3058 a
2109 2999 2382 3062 Palladio
2434 3005 2792 3083 accepimus
2844 3007 2986 3087 (15).
3043 3012 3328 3074 Ceterum
3389 3031 3426 3077 e

1765 3100 1804 3156 C
1840 3095 2159 3176 colloquio
2227 3099 2343 3162 isto
2413 3102 2622 3165 denuo
2705 3109 3025 3185 probatur,
3089 3113 3424 3176 Macarium

1839 3195 2324 3260 Alexandrinum
2351 3201 2474 3263 iam
2503 3211 2646 3266 ante
2676 3225 2910 3269 annum
2941 3209 3077 3285 348,
3113 3229 3241 3292 quo
3289 3216 3426 3294 qui-

1839 3295 1984 3357 dem
2022 3305 2304 3361 mortuus
2326 3309 2420 3363 est
2454 3303 2850 3383 Pachomius,
2881 3327 3010 3372 non
3041 3313 3265 3390 exigua
3294 3316 3422 3378 vir-

1840 3395 1985 3455 tutis
2015 3402 2075 3456 et
2099 3414 2389 3460 asceseos
2418 3399 2581 3463 fama
2615 3405 2984 3468 excelluisse
3009 3407 3154 3488 (16).

1916 3496 2218 3558 Macarius
2245 3499 2435 3561 abbas
2457 3501 2794 3582 aliquando
2817 3524 2932 3584 per
2957 3517 3228 3587 quatuor
3252 3512 3418 3576 inte-

1839 3612 1984 3672 gros
2018 3614 2268 3660 menses
2301 3602 2580 3680 quotidie
2613 3604 2895 3668 visitabat
2924 3607 3177 3672 fratrem
3213 3631 3420 3692 quen-

1839 3697 2004 3772 dam,
2039 3717 2247 3780 neque
2278 3721 2581 3784 unquam,
2632 3724 2712 3768 ne
2771 3709 2964 3770 semel
3009 3713 3287 3791 quidem,
3317 3717 3419 3779 in-

1839 3797 2006 3857 venit
2045 3817 2189 3861 eum
2236 3812 2557 3865 vacantem
2597 3807 2675 3867 ab
2721 3809 3025 3870 oratione.
3065 3813 3421 3878 Admiratus

1838 3898 2026 3976 igitur
2065 3901 2220 3963 dixit
2267 3921 2279 3963 :
2315 3905 2495 3972 Ecce,
2545 3909 2854 3974 terrestris
2892 3911 3153 3989 angelus
3188 3913 3346 3997 (17)!
3383 3943 3418 3973 υ

1835 3998 2208 4062 Cellularum
2239 4004 2534 4067 monachi
2563 4007 2792 4085 singuli
2813 4009 2876 4070 in
2915 4011 3089 4074 cellis
3114 4014 3418 4094 degentes

1835 4097 1967 4160 sola
1998 4099 2098 4161 die
2136 4103 2375 4165 sabbati
2406 4111 2467 4165 et
2506 4106 2821 4172 dominica
2881 4115 3035 4188 165
3076 4116 3418 4180 convenire

1910 4324 1986 4393 (8)
2020 4323 2182 4381 Modo
2217 4343 2271 4398 p.
2303 4328 2424 4382 162.
2465 4341 2579 4385 not.
2616 4332 2667 4386 7.

1907 4416 1982 4484 (9)
2032 4417 2267 4474 Coteler.
2309 4420 2344 4473 I.
2383 4421 2421 4474 I.
2456 4420 2520 4476 Τ.
2559 4421 2574 4474 Ι
2627 4440 2679 4492 p.
2717 4424 2844 4480 572.
2885 4427 3008 4483 445.
3039 4430 3166 4487 451.
3219 4447 3267 4489 s.
3319 4451 3408 4490 vv.

1832 4509 2077 4579 Agat/ton
2131 4510 2158 4582 §
2198 4511 2235 4577 I,
2288 4511 2582 4569 Zacharias
2629 4514 2656 4587 ξ
2705 4515 2746 4581 I,
2787 4517 3091 4578 Theodorus
3127 4524 3411 4582 Pliermen—

1754 4565 2028 4672 Dsis§L

1895 4692 2008 4761 (ιο)
2046 4690 2222 4764 Supra
2257 4694 2380 4766 με
2413 4712 2466 4766 p.
2500 4698 2622 4752 151.
2658 4699 2778 4757 us.
2815 4701 2938 4757 450.

1893 4782 2004 4851 (II)
2040 4782 2278 4838 Coteler.
2308 4784 2456 4840 Eccl.
2488 4784 2678 4842 Graec.
2718 4788 2861 4844 Mon.
2914 4790 3026 4847 T.I
3063 4810 3108 4849 s.
3145 4796 3249 4851 572
3271 4815 3312 4854 s.
3350 4818 3401 4856 ν.

1821 4870 2095 4930 Macarius
2130 4879 2436 4944 πολιτικός
2462 4894 2557 4933 seu
2592 4880 2806 4937 urbicus
2847 4883 2894 4955 §.
2929 4883 2983 4952 I;
3028 4887 3172 4943 infra
3209 4891 3260 4945 in
3303 4893 3403 4946 ha-

1821 4978 1940 5016 rum
1971 4964 2357 5030 Quaestionum
2383 4969 2695 5040 Appendice
2728 4974 2897 5029 altera
2925 4980 3027 5033 sub
3053 4979 3117 5034 V.

1891 5056 2001 5123 (12)
2035 5055 2265 5113 Codices
2293 5060 2633 5120 laudavimus
2661 5067 2876 5139 supra§
2905 5069 2964 5123 11
3003 5086 3057 5140 p.
3091 5073 3161 5128 55
3202 5086 3315 5130 not.
3343 5075 3398 5132 2.

1821 5162 1872 5216 p.
1914 5146 1983 5200 56
2027 5158 2146 5202 not.
2186 5151 2236 5202 1.

1889 5239 2000 5307 (15)
2030 5239 2207 5311 Supra
2234 5259 2353 5314 cap.
2377 5246 2462 5299 III.

1889 5330 2003 5400 (M)
2042 5334 2279 5388 Coteler.
2317 5337 2353 5391 i.
2386 5339 2428 5391 Ι.
2466 5354 2520 5407 p.
2553 5339 2658 5394 575
2686 5341 2713 5409 §
2739 5339 2813 5409 ll;
2862 5344 3000 5399 infra
3059 5349 3111 5402 in
3144 5352 3392 5422 Appeud.

1816 5425 1852 5477 I.
1884 5424 1988 5478 sub
2014 5423 2079 5478 V.
2111 5426 2194 5480 Cf.
2228 5425 2399 5484 ICor.
2431 5431 2486 5493 5,
2519 5431 2608 5488 12.
2644 5433 2729 5487 15.

1890 5514 2001 5584 (15)
2033 5513 2118 5568 Cf.
2155 5531 2319 5576 supra
2352 5534 2404 5588 p.
2442 5519 2528 5574 70.
2553 5520 2622 5574 86
2651 5538 2733 5592 sq.

1885 5607 1997 5677 (I6)
2022 5606 2104 5662 Cf.
2133 5624 2298 5677 supra
2328 5625 2381 5680 p.
2408 5611 2478 5666 86
2509 5627 2595 5682 sq.

1887 5696 2000 5767 (17)
2031 5697 2264 5763 Coteler.
2293 5701 2331 5756 l.
2367 5703 2401 5759 I,
2437 5718 2493 5774 p.
2519 5703 2623 5760 575
2653 5703 2681 5776 ς
2715 5704 2782 5761 111
2810 5724 2824 5774 ;
2860 5708 3002 5764 infra
3055 5712 3110 5768 in
3136 5714 3385 5784 Append.

1814 5789 1851 5843 1.
1884 5789 1988 5845 sub
2015 5787 2078 5844 V.
