4040 6580
733 319 766 373 5

733 319 766 373 5
1506 319 1521 370 ε

658 319 944 472 silebant
984 407 1051 469 in
1093 407 1356 471 ecclesia
1391 407 1472 489 (t)
1506 426 1521 482 ;

661 527 927 572 numero
947 509 1051 572 ille
1071 508 1262 570 frater
1280 509 1417 583 fuit,
1450 527 1638 588 quem
1660 509 1964 571 Macarius
1982 508 2242 569 Alexan-

662 611 878 673 drinus
900 609 1266 672 Cellularum
1293 611 1620 690 presbyter
1644 617 1736 672 tot
1757 627 2006 672 menses
2025 609 2237 690 quoti-

663 710 765 774 die
793 711 1008 773 adiens
1038 727 1287 790 semper
1317 717 1600 772 orantem
1621 711 1880 772 invenit.

741 833 1054 913 Expositis
1074 832 1259 909 igitur
1280 832 1378 906 iis,
1402 849 1562 910 quae
1592 823 1658 892 iu
1681 830 2238 911 ApOphthegmatis

662 931 786 994 illis
823 932 900 993 de
938 931 1203 992 Macario
1243 915 1664 994 Afexandrino
1709 931 2130 1012 reperiuntur,
2161 931 2238 993 ad

664 1031 1079 1111 appendicem
1098 1031 1710 1110 ApOphthegmatum
1725 1029 2023 1094 ineditam
2044 1037 2241 1093 trans-

664 1133 755 1194 ire
785 1133 1017 1195 licebit.
2021 1141 2036 1156 ‘

746 1260 772 1330 §
801 1256 894 1316 40.
927 1258 1172 1319 Etenim
1192 1258 1257 1318 in
1279 1274 1350 1319 ea
1368 1256 1740 1336 appendice,
1758 1257 1935 1319 cuius
1957 1254 2240 1318 codicem

664 1356 731 1416 in
761 1356 1138 1420 bibliotheca
1168 1360 1462 1419 Caesarea
1485 1357 1959 1419 Vindobonensi
1988 1357 2112 1418 adii
2133 1356 2236 1437 (2),

665 1462 792 1518 tres
822 1456 1114 1518 historiae
1145 1457 1220 1519 de
1263 1457 1528 1519 Macario
1562 1462 1825 1530 exstant,
1861 1474 2125 1535 quarum
2149 1456 2243 1517 ul-

666 1554 880 1615 timam
912 1555 990 1615 de
1023 1560 1271 1615 mortuo
1307 1554 1386 1615 ad
1421 1552 1833 1614 refellendum
1866 1552 2240 1614 Hieracitam

668 1653 1050 1716 haereticum
1097 1672 1133 1715 a
1201 1654 1464 1715 Macario
1525 1654 1832 1732 Aegyptio
1873 1654 2240 1716 resuscitato

669 1772 812 1815 cum
861 1754 1198 1816 lectoribus
1260 1754 1856 1816 communicavimus
1905 1753 2012 1834 (3).
2068 1754 2241 1815 Reli-
2278 1757 2319 1810 Β

668 1872 853 1933 quae,
883 1873 1145 1935 quarum
1182 1874 1305 1917 una
1350 1855 1416 1916 in
1452 1855 1690 1916 codicis
1725 1855 1837 1916 fol.
1881 1854 2014 1929 148,
2053 1855 2244 1916 altera

667 1956 776 2018 fol.
813 1955 946 2028 161,
983 1956 1007 2018 1
1046 1956 1330 2029 habetur,
1372 1955 1561 2017 latine
1593 1954 1871 2016 redditae
1902 1954 2020 2016 hae
2051 1960 2196 2015 sunt
2229 1972 2242 2014 :

752 2079 778 2110 ιι
806 2056 968 2116 Dixit
999 2055 1300 2117 Macarius
1335 2054 1528 2115 abbas
1561 2070 1573 2112 :
1614 2051 1769 2124 Quid
1801 2051 2041 2112 iudicas
2060 2051 2250 2111 inter-

669 2156 940 2217 fectores
977 2160 1039 2215 et
1069 2153 1388 2215 adulteros
1419 2158 1480 2213 et
1502 2149 1985 2230 sepulchrorum
2015 2149 2250 2229 depila-

668 2260 862 2328 tores,
887 2260 947 2315 et
966 2253 1018 2315 si
1045 2253 1189 2333 quis
1214 2252 1372 2313 alius
1401 2251 1712 2312 eiusmodi
1759 2250 1914 2327 legis
1943 2247 2250 2311 violator“?

671 2355 918 2416 Habent
966 2353 1236 2415 iudicem
1290 2369 1494 2414 suum.
1569 2353 1768 2412 Immo
1816 2350 2064 2429 inquire
2120 2367 2249 2411 non

670 2454 862 2516 modo
891 2455 957 2515 in
985 2453 1186 2515 aliena
1229 2452 1531 2526 facinora,
1565 2451 1676 2514 sed
1712 2451 1898 2512 etiam
1929 2451 1996 2511 in
2027 2450 2251 2513 delicta

671 2560 779 2614 tua
802 2570 992 2632 saepe
1022 2552 1494 2632 praemeditata,
1526 2559 1587 2612 et
1611 2558 1672 2612 te
1711 2551 1918 2630 ipsum
1947 2567 2252 2629 saepenu-

673 2669 848 2714 mero
879 2651 1160 2714 invenies
1189 2651 1312 2712 illis
1357 2651 1662 2730 peiorem.
1715 2651 1867 2712 Nam
1897 2656 1964 2711 tu
1995 2667 2251 2729 quoque

671 2753 920 2816 lascivis
967 2753 1165 2815 oculis
1218 2769 1349 2814 non
1405 2769 1546 2813 raro
1595 2751 2130 2832 circumspexisti;
2187 2752 2252 2814 id

677 2855 876 2935 quod,
906 2862 976 2916 ut
995 2855 1133 2934 ipse
1180 2855 1324 2928 seis,
1348 2871 1566 2914 verum
1588 2854 1712 2915 iam
1740 2859 1832 2915 est
1851 2854 2248 2916 adulterium.

671 2960 872 3037 Saepe
926 2957 1112 3018 etiam
1181 2955 1354 3016 fratri
1417 2962 1525 3017 tuo
1583 2954 1980 3031 maledixisti,
2041 2973 2251 3035 neque

670 3059 948 3137 ignoras,
971 3057 1088 3119 hac
1117 3056 1195 3117 de
1219 3074 1285 3117 re
1306 3056 1640 3116 Dominum
1672 3056 2004 3130 revelasse,
2028 3055 2244 3118 dicen-

672 3169 802 3223 tem
855 3176 1173 3239 quemque
1228 3158 1306 3220 ad
1372 3158 1627 3220 fratrem
1679 3175 1863 3222 suum
1914 3179 1943 3213 ι(
1996 3157 2244 3233 fatue,»

674 3275 853 3320 reum
893 3274 1029 3319 esse
1071 3257 1398 3334 gehennae
1429 3256 1610 3333 ignis.
1647 3259 1872 3335 Atque,
1909 3255 2081 3334 quod
2119 3273 2251 3318 om-

675 3359 850 3420 nium
883 3357 1339 3419 atrocissimum
1377 3363 1491 3430 est,
1532 3355 1628 3416 vel
1665 3355 1960 3432 indignus
1987 3354 2248 3417 fortasse

673 3458 753 3520 ad
783 3464 994 3520 sancta
1022 3464 1083 3518 et
1109 3456 1476 3518 intemerata
1499 3455 1632 3516 eius
1654 3455 1948 3534 mysteria
1975 3454 2245 3529 accedis,

674 3560 758 3620 ita
799 3564 869 3619 ut
915 3575 1058 3620 reus
1103 3558 1214 3618 fias
1254 3555 1618 3635 corporiset
1653 3554 1974 3632 sanguinis
2001 3554 2244 3616 Christi.

675 3661 787 3723 Ille
838 3661 1044 3738 igitur,
1086 3675 1276 3738 quem
1329 3656 1593 3732 iudicas,
1635 3673 1878 3717 merum
1925 3656 2247 3717 hominem

676 3760 979 3824 occidisse
1017 3757 1547 3840 deprehenditur;
1591 3766 1660 3820 tu
1705 3776 1856 3820 vero
1887 3756 2246 3837 deprehen-

609 3857 611 3859 ’
675 3862 842 3925 deris
863 3861 1170 3922 Christum
1190 3860 1399 3941 ipsum
1423 3857 1718 3922 occidens
1735 3857 2081 3938 mortisque
2112 3857 2248 3919 eius

675 3981 845 4035 reus,
888 3980 1084 4043 quum
1110 3961 1408 4040 indignus
1447 3959 1784 4040 participes
1811 3959 2249 4020 intemeratum

674 4081 904 4143 corpus
937 4069 998 4125 et
1034 4063 1424 4140 sanguinem.
1478 4058 1656 4138 Legis
1693 4057 1860 4121 enim
1888 4075 1901 4117 :
1933 4057 2049 4131 Qui
2078 4057 2246 4118 indi-

675 4181 797 4242 gne
854 4163 1185 4224 manducat
1231 4168 1291 4223 et
1321 4160 1499 4234 bibit,
1536 4175 1680 4220 reus
1717 4164 1812 4220 est
1855 4157 2139 4238 corporis
2188 4163 2250 4217 et

675 4263 995 4339 sanguinis
1030 4262 1253 4323 Christi
1308 4267 1370 4322 et
1407 4258 1709 4323 iudicium
1757 4257 1876 4321 sibi
1915 4257 2250 4320 manducat

677 4365 738 4418 et
775 4359 962 4432 bibit;
995 4358 1114 4419 hoc
1145 4365 1278 4420 est:
1315 4358 1486 4420 Sicut
1521 4357 1737 4420 Iudaei
1758 4356 1851 4418 illi
1883 4356 2250 4419 occiderunt

1506 315 1604 373 SS.
1639 313 2097 371 MACARIORUM
2144 313 2468 382 AEGYPTU
2512 313 2599 368 ET
2639 312 3102 370 ALEXANDRINI
3773 337 3849 394 ιω

1577 427 1611 470 e
1665 427 1934 488 quorum
1977 408 2240 470 fortasse
2271 417 2316 472 Α
2345 406 2856 486 cruciﬁgentibus
2884 407 3194 469 Christum
3220 407 3518 472 iudicium
3540 428 3612 474 ex
3631 418 3850 494 Apost.“

2343 511 2548 572 verbis
2585 510 2903 571 subibunt.
2939 534 2965 566 »

2423 631 2452 663 ‹‹
2480 608 2643 670 Alias
2664 607 2990 669 confessus
3011 611 3103 669 est
3137 607 3440 669 Macarius
3467 608 3681 671 abbas:
3702 618 3855 689 Quum

2341 707 2553 770 iunior
2583 724 2788 769 essem
2843 723 3135 786 curisque
3187 707 3254 768 in
3296 708 3451 770 cella
3491 725 3772 792 vacarem,
3813 724 3858 786 in

2343 825 2625 870 eremum
2657 807 2976 888 profectus
3008 825 3258 870 mecum
3285 818 3581 889 reputans
3609 811 3757 878 dixi:
3782 822 3861 885 Cui

2342 907 2643 981 occurris,
2682 924 2826 968 eum
2860 906 3176 985 interroga
3216 924 3334 987 pro
3365 908 3627 970 utilitate
3650 918 3759 975 tua.
3797 924 3863 981 Αι.

2343 1024 2468 1085 que
2498 1005 2833 1086 puerulum
2868 1005 3078 1067 inveni
3113 1007 3305 1069 boves
3344 1016 3714 1088 pascentem,
3741 1019 3822 1080 cui
3853 1042 3862 1081 :

2341 1106 2520 1179 Quid,
2545 1105 3085 1185 inquam,faeiam,
3105 1107 3388 1186 puerule,
3415 1109 3559 1187 quia
3583 1114 3806 1178 esurio?
3827 1123 3867 1182 Is

2340 1205 2495 1267 mihi
2531 1224 2542 1265 τ
2573 1206 2864 1281 Comede,
2889 1205 3116 1286 inquit,
3143 1207 3414 1268 tandem.
3437 1209 3592 1269 Tum
3614 1227 3751 1289 ego:
3777 1219 3866 1279 Co-

2341 1306 2531 1380 medi,
2561 1307 2670 1367 sed
2695 1307 2922 1367 iterum
2945 1307 3179 1368 esurio.
3209 1311 3293 1369 Ac
3321 1326 3535 1369 rursus
3554 1310 3698 1371 mihi
3717 1313 3867 1380 dixit:

2341 1405 2736 1482 Ergoiterum
2751 1405 3034 1467 comede.
3055 1405 3348 1467 Similiter
3360 1413 3420 1468 et
3441 1424 3557 1485 ego
3580 1411 3869 1492 :Saepenu-

2341 1523 2542 1579 mero,
2563 1505 2846 1586 inquam,
2869 1505 3138 1580 comedi,
3157 1506 3493 1586 denuoque
3515 1525 3749 1590 semper
3768 1533 3870 1578 esu-

2343 1607 2457 1670 rio.
2483 1606 2568 1668 Ad
2595 1607 2751 1669 haec
2770 1607 2875 1669 ille
2900 1607 3222 1687 respondit
3246 1627 3258 1668 ;
3284 1609 3422 1669 Non
3443 1609 3699 1672 multum
3714 1615 3868 1691 abest,

2342 1715 2410 1768 ut
2446 1708 2656 1769 asinus
2690 1709 2797 1782 sis,
2837 1709 3018 1784 abba,
3055 1709 3292 1789 quippe
3322 1709 3430 1787 qui
3475 1726 3714 1791 semper
3743 1723 3870 1782 vesci

2349 1808 2520 1870 velis.
2565 1811 2782 1888 Itaque
2811 1816 3029 1871 nactus
3068 1809 3397 1871 utilitatem
3430 1810 3682 1873 discessi
3712 1815 3802 1896 (1).
3824 1845 3846 1874 1)

2424 1928 2553 1990 Etsi
2586 1928 2999 2008 perpulchrae
3029 1927 3147 1990 hae
3175 1928 3333 1990 duae
3373 1928 3668 1994 historiae
3695 1952 3873 2017 reapse

2348 2030 2599 2108 utrique
2628 2029 3035 2091 Macariorum
3069 2031 3232 2093 bene
3262 2032 3665 2106 conveniunt,
3689 2037 3875 2100 tribue-

2349 2129 2466 2190 rim
2501 2137 2707 2191 tamen
2747 2147 2852 2192 eas
2896 2131 3241 2211 Aegyptio;
3284 2139 3347 2194 et
3377 2131 3634 2195 alteram
3665 2139 3874 2215 quidem

2352 2237 2607 2310 prepter
2633 2230 3103 2292 similitudinem
3126 2232 3445 2295 doctrinae
3470 2253 3612 2297 cum
3648 2236 3877 2303 homiliis

2351 2330 2508 2405 eius,
2529 2329 2784 2392 alteram
2814 2331 3106 2410 obipsius
3133 2349 3364 2394 nexum
3385 2352 3528 2396 cum
3551 2336 3788 2403 historia
3818 2345 3877 2406 de

2350 2438 2597 2493 mortuo
2617 2432 2695 2494 ad
2715 2432 3126 2494 refellendum
3143 2434 3512 2498 Hieracitam
3535 2442 3877 2519 resuscitato,

2351 2547 2512 2609 quae
2541 2531 2608 2592 in
2638 2530 2854 2592 codice
2877 2531 3159 2610 proxime
3180 2532 3508 2596 subiuncta
3537 2537 3618 2597 ad
3653 2541 3877 2602 eundem

2351 2631 2685 2694 Macarium
2714 2631 2967 2712 respicit
3000 2631 3106 2713 (5).

2432 2755 2460 2827 §
2502 2752 2598 2813 41.
2630 2755 2951 2833 Superest,
2973 2761 3044 2815 ut
3069 2754 3221 2816 vitas
3241 2754 3504 2818 aliorum
3529 2759 3879 2837 Sanctorum,

2351 2852 2417 2913 in
2453 2853 2683 2932 quibus
2721 2855 3129 2942 Macariorum
3173 2867 3531 2921 nostrorum
3568 2865 3788 2926 mentio
3813 2869 3878 2939 lit,

2352 2953 2800 3015 examinemus.
2838 2957 3033 3027 Quem
3059 2956 3126 3016 in
3164 2957 3352 3019 finem
3381 2960 3623 3038 singula
3655 2964 3880 3028 volumi-

2351 3071 2433 3118 na
2464 3059 2584 3116 AA.
2623 3057 2726 3116 SS.
2752 3055 3037 3118 Bollandi
3065 3057 3396 3136 diligenter
3424 3063 3779 3140 evolvimus,
3799 3071 3878 3129 sed

2349 3152 2587 3216 fructus
2616 3171 2853 3233 paucos
2881 3157 3301 3235 percepimus.
3333 3161 3639 3224 Macarius
3657 3165 3880 3228 Alexan-

2349 3254 2566 3317 drinus
2597 3255 2664 3316 in
2703 3257 2828 3318 fine
2862 3257 3163 3337 epistolae
3209 3281 3236 3314 ‹‹
3269 3263 3596 3325 Ammonis
3646 3266 3881 3347 episcOpi

2349 3354 2426 3417 ad
2471 3355 2888 3436 Theophilum
2937 3374 3161 3436 papam
3201 3358 3613 3424 Alexandriae
3653 3365 3726 3426 de
3767 3384 3883 3428 con-

2348 3454 2699 3516 versatione
2743 3461 2804 3516 et
2847 3455 3201 3534 particulari
3241 3457 3362 3519 vita
3401 3461 3462 3519 S.
3499 3463 3804 3524 Pachomii
3839 3472 3884 3526 et

2347 3552 2664 3614 Theodori
2697 3576 2725 3609 ››
2766 3562 3169 3629 memoratur,
3210 3556 3320 3617 ubi
3355 3576 3498 3620 cum
3543 3562 3727 3624 beato
3754 3565 3883 3634 Pior,

2347 3651 2708 3725 Aelurione,
2737 3653 3068 3715 Ammonio
3115 3661 3176 3715 et
3208 3655 3471 3730 Isidoro,
3513 3659 3884 3722 anachoreta-

2349 3769 2489 3812 rum
2521 3752 2802 3814 omnium
2825 3753 3289 3833 antiquissimo,
3319 3757 3503 3818 etiam
3537 3758 3748 3821 beatus
3774 3762 3886 3821 Ma-

2349 3853 2558 3913 carius
2577 3853 2653 3914 iis
2675 3851 3142 3928 adnumeratur,
3171 3873 3332 3934 quos
3364 3857 3430 3918 in
3449 3867 3669 3922 monte
3699 3861 3886 3922 Nitriae

2348 3952 2712 4015 Ammonius
2753 3952 3094 4034 epiSCOpus
3151 3955 3386 4018 viderat
3434 3964 3495 4019 et
3546 3978 3888 4040 magnOpere

2349 4054 2686 4116 admiratus
2719 4061 2852 4116 erat
2897 4053 3014 4135 (6);
3050 4056 3385 4118 Macarium
3431 4059 3627 4136 igitur
3659 4061 3887 4124 Alexan-

2350 4157 2599 4219 drinum
2614 4156 3090 4250 intelligendum
3115 4175 3250 4221 esse
3269 4160 3782 4226 verisimillimum
3803 4175 3888 4224 est.

2350 4260 2678 4320 Praeterea
2707 4257 2872 4320 inter
2906 4258 3200 4339 reliquias
3220 4262 3524 4326 ecclesiae
3545 4267 3888 4328 Senonensis

2355 4361 2512 4433 167
2568 4358 2818 4420 Macarii
2855 4359 3093 4422 abbatis
3143 4371 3556 4426 recensentur
3605 4367 3890 4446 reliquiae.

677 4475 846 4532 eum,
878 4458 962 4518 ita
983 4465 1044 4518 et
1066 4458 1132 4530 ii,
1157 4458 1265 4536 qui
1284 4457 1519 4534 indigni
1548 4474 1778 4537 corpus
1795 4462 1857 4518 et
1878 4458 2244 4535 sanguinem
2280 4446 2323 4502 ῖ)
2351 4471 2513 4532 quae
2531 4474 2683 4518 num
2708 4457 3063 4521 alterutrius
3092 4477 3165 4522 ex
3201 4462 3428 4523 nostris
3462 4465 3746 4526 Macariis
3778 4465 3890 4534 sint,

677 4560 812 4620 eius
844 4566 1119 4631 sumunt,
1142 4559 1309 4620 idem
1373 4559 1628 4621 faciunt.
1674 4560 1829 4620 Nam
1870 4552 2248 4619 veri'similli-

677 4679 848 4722 mum
884 4667 1000 4734 est,
1038 4668 1099 4722 et
1127 4677 1294 4732 eum,
1319 4661 1428 4738 qui
1459 4677 1804 4740 purpuram
1831 4659 2068 4737 regiam
2091 4658 2253 4720 scin-

677 4761 804 4831 dat,
833 4766 894 4821 et
911 4760 1018 4838 qui
1040 4777 1177 4820 eam
1199 4760 1487 4834 maculet,
1511 4765 1672 4836 166
1692 4759 1954 4822 eandem
1980 4767 2249 4819 mortem

675 4860 826 4940 pati.
868 4857 1046 4919 Unde
1079 4865 1140 4918 et
1172 4858 1281 4938 qui
1317 4875 1546 4938 corpus
1583 4858 1715 4918 eius
1743 4857 2080 4936 aliquando
2111 4873 2253 4936 per-

671 4961 976 5031 forarunt,
1009 4966 1070 5020 et
1105 4959 1214 5037 qui
1248 4977 1414 5020 nunc
1453 4959 1783 5037 inquinant
1809 4959 1986 5032 illud,
2009 4958 2248 5038 quippe

672 5059 916 5137 impura
944 5057 1151 5135 ipsum
1182 5064 1393 5116 mente
1428 5057 1869 5136 percipientes,
1899 5055 2068 5117 idem
2103 5073 2242 5118 cum

745 5257 819 5329 (l)
849 5255 960 5310 VV.
993 5256 1094 5310 PP.
1127 5254 1310 5310 Rosw.
1346 5255 1442 5309 lib.
1475 5253 1517 5307 II
1545 5270 1666 5327 cap.
1692 5256 1764 5310 22
1783 5271 1836 5324 p.
1862 5256 1987 5317 478,
2018 5256 2037 5307 1
2064 5254 2240 5319 ;Hist.

673 5345 839 5400 Laus.
878 5345 944 5400 ed
969 5343 1168 5399 Meurs.
1195 5359 1313 5412 cap.
1345 5344 1410 5398 70
1428 5343 1566 5415 Opp.
1598 5345 1796 5400 Meurs.
1832 5344 1925 5398 lib.
1970 5343 1990 5396 l
2035 5360 2088 5414 p.
2113 5345 2238 5402 552.

671 5439 754 5493 Cl'.
781 5453 945 5507 supra
969 5435 1082 5506 §28
1105 5452 1160 5507 p.
1191 5437 1312 5491 H7.

740 5530 815 5600 (Ξ)
843 5527 993 5582 Hanc
1024 5527 1379 5598 appendicem
1405 5529 1798 5599 descripsimus
1828 5541 1992 5596 supra
2023 5526 2050 5596 §
2085 5527 2140 5580 11
2181 5543 2234 5595 p.

671 5621 758 5681 56,
791 5620 1033 5674 codicem
1070 5619 1202 5673 ibid.
1225 5629 1336 5673 not.
1373 5621 1422 5673 1.

742 5711 818 5781 (5)
851 5710 1026 5780 Supra
1064 5709 1091 5780 §
1124 5711 1209 5764 11.
1237 5727 1288 5778 p.
1325 5713 1390 5765 49
1426 5728 1546 5781 sqq.

743 5802 818 5874 (ὦ)
844 5801 1070 5856 Textum
1091 5815 1344 5871 graecum
1373 5819 1402 5857 c
1423 5805 1610 5857 codice
1637 5801 1970 5870 descriptum
1999 5798 2133 5870 legis
2157 5799 2240 5854 in-

2351 4561 2522 4617 certo
2554 4557 2764 4620 dicere
2804 4560 3027 4638 nequis
3055 4559 3161 4641 (7).
3204 4563 3439 4624 Rursus
3467 4566 3721 4626 Macarii
3751 4583 3892 4626 men-

2350 4655 2438 4715 tio
2477 4657 2543 4718 ﬁt
2577 4657 2643 4718 in
2679 4659 2802 4720 vita
2857 4660 3009 4721 Iusti
3053 4662 3331 4742 epiSCOpi
3376 4663 3806 4742 Lugdunensis
3838 4666 3891 4726 ab

2352 4770 2672 4832 anonymo
2716 4757 2992 4835 quodam
3039 4759 3371 4840 descripta,
3414 4781 3580 4842 quae
3622 4764 3836 4844 prodiit
3871 4779 3895 4822 c

2358 4854 2579 4916 codice
2607 4857 2853 4918 XXXIII
2874 4860 3149 4936 Reginae
3176 4863 3457 4924 Sueciae.
3502 4866 3720 4925 Iustus
3764 4864 3896 4924 enim

2358 4954 2694 5035 episcopus
2713 4969 2980 5020 exeunte
2994 4978 3157 5022 saec.
3175 4963 3252 5022 IV
3271 4968 3626 5044 Aegyptum
3651 4966 3896 5046 petierat.

2355 5055 2424 5114 In
2469 5055 2646 5150 cuius
2667 5058 2788 5119 vita
2831 5060 3096 5139 scriptor
3133 5063 3494 5141 incognitus
3538 5067 3702 5130 haec
3749 5065 3899 5128 verba

2354 5253 2434 5307 fra
2465 5254 2520 5308 in
2544 5254 2738 5309 harum
2766 5255 3163 5322 Quaestionum
3191 5262 3506 5332 Appendice
3539 5266 3731 5336 priore
3762 5259 3896 5321 subV

2352 5346 2472 5400 1.2.

2419 5437 2497 5505 (5)
2533 5435 2662 5492 Eius
2688 5445 2873 5493 textus
2895 5454 3124 5508 graecus
3170 5442 3371 5511 legitur
3413 5461 3444 5499 e
3485 5447 3686 5503 codice
3724 5444 3898 5503 descri-

2349 5535 2476 5594 ptus
2498 5524 2640 5579 infra
2668 5527 2723 5580 in
2755 5527 2948 5582 harum
2973 5530 3367 5596 Quaestionum
3389 5536 3716 5606 Appendice
3750 5539 3899 5608 priore

2351 5617 2454 5666 sub
2487 5615 2548 5666 ν.
2590 5617 2644 5666 5.

2351 5617 2454 5671 sub
2487 5615 2548 5681 ν,
2590 5617 2644 5671 5.

2420 5709 2497 5778 (6)
2533 5711 2643 5764 AA.
2673 5709 2787 5764 'ss.
2829 5713 2956 5767 Boil.
3001 5714 3125 5768 Mai.
3171 5714 3235 5769 T.
3279 5715 3342 5769 ltl
3387 5735 3441 5788 ρ.
3478 5720 3590 5774 557
3621 5746 3637 5756 -

2418 5801 2495 5870 (τ)
2533 5800 2668 5858 ibid.
2709 5804 2914 5860 Mai.T.
2956 5806 3042 5858 vn
3083 5824 3134 5878 p.
3178 5808 3298 5874 lZSl,
3334 5809 3393 5864 μ’.
