4040 6558
219 312 305 370 157
1697 310 1930 369 VITAE.

3331 328 3432 386 158

216 423 338 490 τεθῇ
374 436 388 479 :
431 442 459 476 α
509 421 638 495 Ego
685 423 891 480 autem
939 418 1074 499 ipse
1114 425 1397 481 sanctum
1449 420 1765 500 quendam
1797 431 1840 486 Α
1872 425 2093 498 Pater,
2168 441 2288 504 ego
2351 444 2386 488 a
2437 432 2499 489 te
2569 429 2712 491 volo
2773 431 3094 495 'benedici.
3157 437 3437 519 Cumque

216 523 621 610 presbyterum
661 537 862 599 paene
890 521 1012 582 iam
1058 521 1548 597 nonagenariam
1587 531 1756 583 aeta-

214 636 318 690 tem
355 625 639 696 agentem
673 619 819 694 vidi,
845 621 1022 681 cuius
1057 620 1213 681 mihi
1257 619 1561 682 relatione
1603 621 1758 684 haec

210 725 500 800 comperta
555 725 730 792 sunt;
776 737 920 780 nam
959 720 1026 780 in
1077 736 1368 781 sermone
1405 719 1540 781 eius
1579 721 1760 800 quasi

207 826 428 886 sanctae
457 817 752 879 historiae
783 817 936 878 fides
958 818 1180 878 inerat.
1211 816 1569 891 Referebat,
1599 835 1667 879 se
1691 818 1758 878 in

204 921 309 983 illis
335 920 524 979 eremi
552 920 832 998 partibus
863 919 970 978 diu
1001 922 1311 978 moratum
1366 916 1582 990 fuisse,
1637 934 1757 980 nec

202 1020 381 1084 solum
406 1017 634 1079 vidisse
669 1017 1010 1079 beatissimi
1044 1016 1318 1077 nominis
1348 1019 1610 1090 Iustum,
1645 1017 1758 1079 sed

203 1121 360 1182 etiam
392 1117 802 1179 familiaritate
825 1117 959 1177 eius
980 1132 1164 1176 usum
1179 1114 1397 1188 fuisse,
1416 1132 1488 1176 ac
1510 1115 1753 1192 magni-

202 1222 364 1282 ﬁcum
396 1219 760 1298 apparuisse
789 1218 954 1278 inter
981 1215 1146 1287 illos,
1197 1215 1306 1294 qui
1333 1222 1482 1277 tunc
1507 1215 1574 1277 in
1611 1233 1753 1280 ere-

198 1339 289 1384 mo
322 1319 801 1380 revelationibus
856 1325 1044 1396 atque
1091 1315 1422 1378 virtutibus
1455 1322 1754 1396 tanquam

195 1439 397 1500 magna
421 1421 746 1482 luminaria
761 1419 1178 1496 refulgebant,
1195 1424 1479 1478 sanctum
1501 1417 1752 1479 Macha-

194 1526 356 1596 rium,
388 1520 745 1583 Pafnutium
777 1526 1168 1596 ceterosque,
1212 1534 1484 1596 quorum
1522 1517 1752 1578 sancti-

191 1625 314 1687 tatis
338 1622 504 1683 fama
539 1637 654 1700 per
693 1619 1010 1680 Orientem
1035 1618 1283 1694 vigebat
1306 1615 1412 1695 (1).
1442 1640 1469 1672 »
1499 1615 1751 1677 Bollan-

192 1726 363 1788 distae
393 1722 733 1785 Macarium
780 1719 1157 1797 Aegyptium
1199 1718 1395 1779 Scetis
1439 1717 1749 1791 abbatem,

188 1825 281 1887 ubi
311 1822 497 1884 etiam
524 1819 914 1900 Paphnutius
945 1818 1136 1880 abbas
1168 1817 1454 1893 degebat,
1487 1816 1751 1895 intelligi

187 1923 334 1988 haud
365 1928 610 1982 temere
650 1920 925 1982 arbitrati
962 1926 1106 1979 sunt
1139 1917 1244 1997 (2).
1267 1917 1488 1978 Verbis
1512 1961 1528 1990 ,
1557 1941 1584 1973 ‹‹
1611 1923 1748 1979 tan-

185 2040 353 2105 quam
384 2038 618 2099 magna
647 2020 974 2082 luminaria
1003 2019 1464 2098 refulgebant,»
1484 2020 1753 2100 scriptor

183 2139 522 2199 anonymus
553 2120 631 2182 ad
676 2120 888 2180 Rufini
935 2120 1166 2181 librum
1212 2123 1525 2200 respicere
1573 2121 1749 2182 vide-

180 2231 269 2284 tur
309 2219 408 2300 (3).
459 2219 742 2298 Denique
795 2219 975 2298 plura
1023 2218 1318 2297 leguntur
1358 2219 1435 2280 de
1482 2221 1750 2283 Macario

181 2321 476 2402 Aegyptio
517 2321 586 2381 in
629 2321 748 2382 vita
798 2322 859 2380 S.
914 2320 1290 2399 Apollinaris
1337 2320 1747 2400 Syncleticae,

180 2423 524 2485 Dorotheus
563 2427 981 2499 nuncupatae,
1014 2438 1204 2498 quam
1232 2420 1356 2480 iam
1400 2421 1751 2483 accuratius

183 2527 640 2601 pertractemus.
663 2520 916 2578 Summa
945 2525 1155 2578 autem
1187 2535 1596 2598 rerum,quae
1615 2520 1750 2582 eius

180 2625 282 2684 vita
310 2620 740 2690 continentur,
772 2618 893 2678 huc
929 2617 1089 2678 redit
1125 2635 1137 2676 :

243 2719 620 2800 Apollinaris
638 2719 834 2795 virgo,
855 2718 1169 2779 Anthemii
1188 2717 1580 2797 imperatoris
1600 2718 1745 2793 filia,

176 2824 317 2883 vitae
359 2818 780 2881 monachicae
827 2818 1036 2879 studio
1082 2825 1240 2891 acta,
1293 2836 1489 2898 quum
1537 2828 1749 2882 sancta

175 2924 298 2984 loca
338 2920 659 2981 invisisset
687 2925 750 2978 et
791 2917 1224 2979 Alexandriam
1269 2918 1638 2996 navigasset,
1669 2922 1747 2980 ad

171 3020 570 3101 sepulchrum
627 3020 689 3080 S.
759 3020 1027 3078 Mennae
1076 3017 1263 3078 venit.
1321 3019 1476 3080 Inde
1536 3026 1748 3098 patres

1860 522 2162 586 fecissent
2197 543 2442 605 preces,
2503 528 2820 590 sederunt.
2870 533 3013 592 Eam
3061 540 3268 596 autem
3326 555 3435 600 ro-

1861 623 2025 699 gavit
2086 626 2279 688 abbas
2339 629 2640 691 Macarius
2705 630 2920 693 dicens
2981 649 2995 694 :
3062 634 3168 696 Dic
3238 637 3434 714 mihi,

1857 717 2071 795 frater,
2117 723 2437 786 undenam
2469 727 2667 798 venis,
2701 735 2762 790 et
2811 730 2980 808 quod
3034 741 3125 793 est
3160 734 3271 795 tibi
3315 753 3435 798 no-

1858 821 2045 883 men?
2071 821 2178 886 Illa
2198 842 2347 886 vero
2371 827 2524 888 dixit
2548 846 2560 888 :
2591 829 2797 890 Vocor
2817 831 3187 905 Dorotheus,
3212 841 3434 897 etcum

1857 922 2197 986 audiissem
2237 926 2315 987 de
2345 929 2598 1003 sanctis,
2650 932 2759 1009 qui
2797 931 2898 994 hic
2929 940 3094 1006 sunt,
3123 936 3432 1011 Patribus,
3473 975 3476 979 -

1855 1023 2026 1086 volui
2070 1043 2196 1087 una
2246 1045 2389 1088 cum
2435 1029 2514 1090 iis
2568 1030 2869 1106 habitare,
2922 1032 2972 1093 si
3019 1034 3136 1094 sim
3185 1034 3432 1112 dignus.
3489 1063 3492 1066 ⁴

1854 1126 2014 1188 Dicit
2051 1135 2258 1189 autem
2291 1130 2350 1190 ei
2384 1149 2599 1193 rursus
2636 1149 2828 1193 senex
2863 1149 2875 1191 :
2911 1135 3234 1205 Quodnam
3275 1154 3436 1216 opus

1853 1224 2054 1288 facis?
2081 1229 2167 1289 Ea
2197 1245 2342 1290 vero
2379 1230 2528 1291 dicit
2559 1249 2571 1291 :
2619 1233 2885 1305 Faciam,
2925 1234 2976 1293 si
3006 1235 3160 1313 quid
3204 1254 3304 1297 me
3335 1239 3432 1298 iu-

1855 1326 1990 1388 bes.
2026 1328 2084 1388 Is
2109 1333 2315 1389 autem
2341 1329 2615 1390 ostendit
2654 1331 2734 1403 ei,
2763 1338 2833 1391 ut
2865 1330 3098 1394 faceret
3127 1341 3431 1398 catenam.

1854 1426 2020 1488 Deus
2053 1444 2203 1490 vero
2234 1428 2451 1490 volens
2485 1430 2817 1490 ostendere
2849 1431 2983 1492 eius
3019 1434 3212 1494 animi
3250 1432 3434 1497 forti-

1852 1526 2156 1602 tudinem,
2192 1545 2321 1590 non
2351 1527 2686 1590 declaravit
2722 1530 2932 1592 abbati
2970 1533 3260 1608 Macario,
3295 1552 3434 1599 eam

1855 1638 1992 1684 esse
2044 1622 2364 1698 feminam,
2415 1627 2525 1686 sed
2562 1626 2617 1687 is
2648 1634 2946 1706 tanquam
2983 1630 3182 1690 virum
3226 1650 3432 1696 eunu-

1856 1718 2042 1782 chum
2075 1739 2212 1783 eam
2258 1740 2394 1784 esse
2427 1724 2705 1802 putabat.
2749 1725 2970 1787 Multas
3014 1735 3223 1789 autem
3254 1748 3433 1792 cura-

1853 1819 2060 1882 tiones
2093 1822 2255 1884 Deus
2278 1841 2392 1901 per
2422 1842 2557 1885 eam
2595 1826 2836 1903 peregit
2869 1825 2975 1905 (5).
3013 1849 3040 1882 »
3071 1831 3154 1888 Ac
3182 1837 3432 1891 sanctae

1853 1918 2109 1995 quidem
2139 1937 2260 1980 una
2285 1920 2418 1982 sola
2440 1929 2572 1983 erat
2601 1939 2801 1996 soror,
2834 1930 3011 2002 capta
3033 1942 3068 1985 a
3098 1926 3428 2003 daemone,

1852 2018 1963 2096 qui
2004 2017 2280 2081 lacerare
2332 2038 2468 2082 eam
2517 2022 2727 2102 coepit
2770 2031 2831 2084 et
2882 2024 3137 2086 dicere:
3191 2028 3320 2088 Nisi
3362 2027 3430 2091 in

1852 2119 2254 2181 solitudinem
2284 2138 2385 2182 me
2417 2122 2704 2197 tuleritis,
2747 2141 2876 2184 non
2909 2125 3194 2200 egrediar
3226 2144 3303 2188 ex
3332 2147 3426 2191 ea.

1850 2219 2129 2280 Tandem
2154 2220 2496 2298 imperator
2526 2238 2754 2297 magno
2784 2239 2927 2282 cum
2962 2222 3262 2285 comitatu
3291 2243 3428 2288 eam

1852 2318 1930 2379 ad
1978 2325 2186 2397 patres
2235 2319 2590 2381 solitudinis
2643 2319 2896 2382 dimisit.
2965 2345 2991 2376 «
3055 2324 3334 2404 Cumque
3384 2325 3431 2388 ii

1851 2417 2166 2480 venissent
2193 2418 2260 2479 in
2297 2420 2549 2493 Scetim,
2597 2420 2768 2480 novit
2805 2421 2866 2479 S.
2907 2411 3228 2497 Macarius,
3274 2441 3428 2503 pro-

1851 2523 1992 2598 pter
2043 2535 2380 2598 quamnam
2434 2537 2682 2580 causam
2738 2520 2944 2581 adsint
2988 2521 3056 2581 in
3106 2521 3215 2584 illo
3258 2523 3424 2599 loco,

1790 2681 1803 2692 ,
1848 2616 2054 2696 iisque
2120 2635 2489 2698 progressus
2543 2619 2824 2694 obviam,
2891 2622 3134 2700 excepit
3195 2639 3304 2686 eos
3367 2631 3429 2686 et

1851 2716 2056 2779 dixit:
2105 2717 2262 2790 Quid
2314 2717 2439 2780 huc
2489 2719 2808 2795 acceditis,
2855 2738 2893 2782 0
2950 2720 3105 2783 ﬁlii?
3141 2722 3236 2784 Illi
3278 2742 3427 2787 vero

1850 2816 2200 2878 dixerunt:
2259 2819 2484 2879 Noster
2533 2819 2820 2898 inprimis
2882 2821 3024 2900 pius
3081 2822 3430 2902 imperator

1848 2915 2210 2978 Anthemius
2248 2918 2414 2979 misit
2463 2918 2650 2979 ﬁliam
2703 2937 2902 2993 suam,
2943 2927 3013 2982 ut
3067 2940 3184 3001 per
3227 2924 3428 2989 Deum

1851 3025 2103 3080 curetur
2131 3025 2192 3079 et
2219 3035 2441 3098 preces
2469 3025 2722 3080 vestras.
2756 3020 2904 3080 Cum
2938 3037 3074 3081 eam
3101 3029 3304 3084 autem
3328 3042 3430 3087 ac-

172 3122 351 3184 Scetis
379 3120 654 3192 aditura,
684 3117 793 3178 ubi
822 3134 1024 3196 prepe
1057 3117 1352 3197 paludem
1386 3119 1452 3179 in
1481 3118 1744 3194 fontem,
1775 3112 1818 3169 C
1851 3119 2120 3198 cepisset
2149 3136 2184 3180 a
2227 3123 2384 3195 169
2415 3119 2822 3193 cubiculario,
2866 3121 3119 3182 deduxit
3168 3140 3306 3185 eam
3345 3124 3426 3186 ad

172 3223 269 3301 qui
293 3222 439 3282 fons
470 3218 856 3299 Apollinaris
884 3225 1107 3298 postea
1144 3218 1448 3298 appellari
1483 3218 1745 3294 solebat,

168 3321 398 3395 incidit,
431 3319 758 3382 lecticario
799 3324 860 3379 et
901 3318 1132 3380 comite
1169 3318 1413 3380 itineris
1453 3319 1747 3382 eunucho

169 3418 647 3492 dormientibus,
678 3422 883 3478 vestes
913 3417 1172 3477 mutavit
1211 3417 1558 3497 habituque
1605 3435 1747 3479 m0-

164 3518 440 3594 nachico,
477 3535 677 3597 quem
707 3536 922 3580 secum
953 3519 1346 3593 reconderat,
1385 3519 1630 3594 induto,
1679 3519 1748 3582 in

162 3619 447 3698 paludem
479 3619 726 3696 eﬂ‘ugit.
764 3621 926 3692 168
953 3619 1072 3680 Ubi
1099 3619 1330 3681 multos
1370 3637 1571 3682 annos
1600 3639 1746 3684 cum

160 3721 576 3784 daemonibus
606 3729 877 3795 certans,
927 3739 1156 3800 corpus
1207 3738 1243 3782 a
1281 3721 1586 3785 culicibus
1631 3740 1743 3786 ex-

160 3838 324 3884 esum
355 3822 519 3902 pelli
550 3821 881 3883 testudinis
910 3819 1110 3882 simile
1141 3820 1417 3898 gerebat.
1450 3823 1673 3884 Postea
1709 3839 1746 3884 a

155 3921 274 3985 Deo
302 3923 564 3996 edocta,
595 3929 666 3984 ut
695 3921 1108 3998 interroganti
1140 3938 1375 3982 nomen
1404 3921 1603 4001 ipsius
1629 3923 1748 3984 Do-

154 4022 408 4085 rotheus
457 4023 728 4097 diceret,
763 4039 798 4083 e
836 4021 1063 4102 palude
1111 4039 1361 4099 egressa
1399 4029 1493 4083 est
1537 4040 1742 4085 eunu-

151 4123 298 4186 chus
325 4125 410 4187 ab
449 4124 756 4186 omnibus
791 4122 1026 4185 habita.
1077 4147 1106 4178 ‹‹
1141 4123 1292 4183 Cum
1339 4129 1504 4184 esset
1533 4129 1740 4185 autem

150 4243 350 4301 mane,
387 4227 677 4290 occurrit
707 4226 765 4288 ei
789 4227 851 4287 S.
882 4225 1205 4298 Macarius,
1241 4233 1302 4285 et
1325 4224 1474 4287 dicit
1505 4225 1563 4287 ei
1589 4243 1600 4286 :
1634 4227 1747 4288 Be-

149 4328 350 4402 nedic,
387 4335 605 4408 pater.
636 4327 729 4388 llli
758 4335 966 4389 autem
1005 4327 1144 4390 data
1177 4328 1296 4390 sibi
1332 4327 1603 4389 invicem
1636 4347 1741 4391 ca-

1848 3217 2137 3278 abbatem
2157 3216 2562 3292 Dorotheum,
2594 3226 2655 3278 et
2677 3219 2826 3280 dicit
2853 3220 2912 3279 ei
2940 3237 2953 3279 :
2988 3222 3272 3298 Fungere
3293 3224 3427 3285 ofﬁ-

1848 3313 1948 3378 cio
1983 3315 2271 3390 caritatis,
2305 3316 2604 3395 quoniam
2637 3324 2728 3378 est
2758 3317 2880 3379 filia
2909 3319 3328 3398 imperatoris,
3362 3333 3424 3386 et

1849 3431 2011 3494 opus
2040 3414 2225 3478 habet
2247 3424 2489 3496 patrum
2511 3418 2804 3496 precibus
2826 3425 2887 3480 et
2907 3420 3147 3482 vestris.
3167 3423 3284 3482 Ora
3303 3440 3421 3502 pro

1848 3530 1946 3590 ea,
1994 3524 2063 3576 ut
2106 3524 2378 3577 curetur.
2428 3518 2596 3578 Haec
2653 3524 2746 3578 est
2790 3518 2958 3579 enim
3004 3537 3248 3583 merces
3294 3527 3418 3584 tua.

1845 3618 2015 3680 Haec
2045 3625 2256 3680 autem
2288 3636 2431 3680 cum
2461 3618 2781 3694 audiisset,
2815 3620 3025 3699 coepit
3055 3622 3205 3683 flere
3241 3630 3302 3684 et
3333 3624 3424 3685 di-

1845 3733 2035 3779 cere:
2083 3717 2378 3790 Quisnam
2425 3735 2543 3796 ego
2585 3736 2724 3779 sum
2755 3728 3072 3798 peccator,
3119 3722 3289 3800 quod
3341 3723 3423 3785 de

1844 3834 1948 3880 me
1994 3819 2180 3881 talem
2233 3821 2578 3900 concepisti
2632 3819 3038 3899 Opinionem?
3089 3821 3423 3904 Flexisque

1845 3919 2112 3997 genibus
2159 3921 2402 3982 dicebat
2449 3938 2462 3980 :
2516 3921 2801 3982 Concede
2859 3920 3036 3996 mihi,
3099 3929 3299 4001 pater,
3351 3930 3422 3986 ut

1844 4036 1986 4082 mea
2021 4027 2276 4100 peccata
2317 4020 2613 4094 deﬂeam;
2663 4038 2807 4081 nam
2847 4023 3038 4083 multa
3079 4029 3244 4084 sunt.
3289 4025 3418 4104 Ego

1845 4119 2013 4184 enim
2035 4139 2172 4182 sum
2200 4120 2574 4194 imbecillus,
2608 4119 2920 4200 planeque
2967 4123 3141 4184 rudis
3168 4130 3228 4185 et
3249 4124 3421 4202 igna-

1843 4239 1952 4283 rus
1975 4221 2052 4283 ad
2083 4220 2244 4284 hanc
2274 4239 2430 4282 rem.
2458 4221 2614 4283 Dicit
2644 4221 2700 4282 ei
2731 4222 2923 4284 abbas
2952 4223 3252 4286 Macarius
3281 4243 3293 4285 :
3325 4229 3418 4288 An

1844 4337 1974 4384 non
2015 4330 2157 4383 sunt
2186 4322 2373 4383 etiam
2414 4321 2515 4400 alii
2546 4329 2774 4401 patres,
2809 4322 2918 4400 qui
2950 4339 3065 4402 per
3111 4323 3306 4384 Deum
3343 4325 3422 4385 si-

149 4427 320 4489 ritate
360 4427 782 4490 ambulabant
819 4428 885 4488 in
924 4427 1284 4490 solitudine.
1338 4429 1744 4506 Interrogavit
1776 4453 1820 4508 ι)
1849 4444 1968 4504 gna
1993 4423 2269 4487 faciunt?
2307 4425 2428 4486 Sed
2463 4431 2672 4485 tamen
2723 4423 2875 4486 haec
2922 4425 3218 4486 remansit
3250 4443 3417 4487 mer-

147 4545 284 4588 vero
315 4527 691 4589 Dorotheus
737 4527 1002 4588 dicens:
1051 4528 1254 4602 Pater,
1297 4528 1439 4607 quis
1477 4526 1584 4590 es?
1629 4528 1740 4591 Ille

147 4635 348 4688 autem
390 4628 599 4689 dixit:
639 4630 768 4705 Ego
813 4645 950 4689 sum
998 4629 1318 4690 Macarius.
1369 4631 1426 4690 Is
1462 4647 1610 4692 vero
1642 4630 1740 4692 di-

142 4729 224 4789 xit
257 4748 270 4789 :
301 4733 607 4808 Fungere
635 4729 842 4791 officio
893 4730 1200 4801 caritatis;
1237 4731 1372 4792 sine
1414 4749 1516 4792 me
1559 4731 1739 4792 habi-

142 4834 266 4890 tare
299 4847 452 4891 cum
489 4829 815 4891 fratribus.
846 4829 1139 4891 Praebuit
1166 4836 1372 4891 autem
1403 4830 1461 4891 ei
1483 4844 1740 4908 quoque

141 4930 356 4992 cellam
392 4931 698 5010 protinus
732 4931 837 5010 (4).
873 4955 902 4988 »
933 4933 1058 4993 Isto
1090 4932 1278 5010 igitur
1307 4931 1450 4994 loco
1488 4932 1589 4992 die
1615 4948 1734 4992 no-

141 5035 369 5109 ctuque
394 5048 600 5092 orans
618 5032 920 5094 acerrime
942 5033 1238 5094 certabat.
1277 5058 1301 5088 α
1331 5031 1606 5106 Quodam
1630 5050 1736 5093 au-

136 5135 258 5189 tem
281 5130 386 5192 die
408 5133 618 5193 abbas
636 5132 938 5193 Macarius
957 5133 1128 5194 venit
1151 5134 1216 5193 in
1248 5132 1383 5194 eius
1404 5131 1647 5206 cellam,
1673 5139 1733 5192 et

103 5227 280 5292 ‘dicit
322 5232 383 5293 ei
419 5251 434 5293 :
470 5235 767 5310 Fungere
801 5233 1008 5295 ofﬁcio
1056 5235 1346 5308 caritatis,
1397 5234 1563 5296 bone
1603 5233 1730 5295 fra-

135 5337 252 5403 ter;
323 5335 560 5394 emitte
621 5332 804 5394 nobis
855 5349 1097 5412 preces.
1167 5332 1270 5394 Illa
1329 5349 1474 5393 vero
1521 5333 1727 5394 dicit:

201 5511 275 5578 (1)
309 5510 454 5565 Ibid.
493 5509 654 5578 Sept.
685 5510 748 5565 T.
787 5511 802 5563 Ι
839 5528 887 5580 p.
927 5511 1030 5564 573
1061 5525 1182 5580 cap.
1218 5510 1272 5562 4.

198 5600 275 5671 (2)
303 5602 452 5656 Ibid.
489 5617 549 5670 p.
591 5601 692 5654 574
718 5612 832 5656 ιιοι.
865 5602 902 5655 f.
941 5602 1025 5656 Cf.
1060 5617 1224 5670 supra
1261 5601 1286 5671 ἓ
1321 5601 1388 5655 58
1424 5617 1475 5669 p.
1510 5599 1634 5653 162.

203 5691 277 5754 (3)
310 5690 428 5746 νγ.
471 5689 592 5745 PP.
625 5688 806 5747 liosw.
841 5692 934 5744 lib.
969 5692 1007 5743 ΙΙ
1041 5707 1164 5760 cap.
1190 5691 1261 5744 ‘28
1292 5707 1342 5760 ι).
1375 5690 1500 5751 479,
1532 5690 1600 5756 Ξ).;
1626 5689 1732 5743 liu-

139 5778 226 5834 fini
261 5781 406 5854 Opp.
441 5781 543 5836 cd.
586 5780 811 5837 Vallarsi
849 5799 904 5852 ι).
942 5781 1065 5846 195,.
1099 5782 1277 5848 Migne
1309 5798 1361 5851 p.
1404 5782 1527 5836 450.

1840 4543 1965 4590 ces.
1995 4526 2104 4587 Illa
2133 4543 2281 4588 vero
2313 4525 2498 4588 dicit:
2536 4525 2666 4586 Fiat
2695 4525 2804 4586 Dei
2835 4524 3141 4599 voluntas,
3170 4531 3230 4586 et
3251 4534 3419 4590 mota

1841 4628 2229 4709 poenitentia
2268 4643 2404 4688 eam
2454 4626 2698 4705 accepit
2743 4626 2810 4686 in
2860 4625 3102 4701 cellam,
3145 4632 3206 4686 et
3248 4627 3420 4689 novit

1843 4746 1980 4790 eam
2015 4746 2152 4790 esse
2200 4744 2504 4798 sororem,
2541 4727 2823 4806 flensque
2854 4726 3234 4805 conquievit.
3268 4729 3417 4788 Eam

1841 4837 2049 4893 autem
2079 4831 2366 4910 amplexa
2387 4829 2574 4891 dixit:
2607 4833 2777 4891 Bene
2797 4830 3043 4906 venisti,
3075 4847 3275 4892 soror.
3307 4831 3418 4892 Dei

1841 4950 1990 4995 vero
2041 4949 2234 5013 Opere
2265 4931 2386 4992 fuit
2434 4950 2504 4994 os
2541 4931 2926 4993 obstructum
2977 4931 3292 5004 daemoni,
3336 4948 3418 4993 ne

1841 5039 2130 5110 argueret
2146 5033 2431 5094 ancillam
2461 5033 2592 5097 Dei.
2621 5032 2789 5112 quod
2810 5038 2972 5092 esset
2996 5030 3247 5091 femina.
3265 5032 3416 5092 Cum

1839 5139 2045 5193 autem
2080 5133 2350 5194 daemon
2388 5150 2525 5194 eam
2557 5132 2664 5193 diu
2692 5132 3014 5209 afﬂigeret,
3049 5151 3163 5211 per
3193 5150 3417 5212 preces

1849 5250 1992 5292 eum
2036 5233 2275 5294 domuit
2295 5233 2399 5312 (6).
2439 5235 2701 5294 nSanata
2733 5233 2982 5294 demum
3015 5233 3136 5295 ﬁlia
3159 5233 3413 5297 domum

1838 5333 2019 5393 rediit
2035 5351 2172 5396 cum
2199 5351 2420 5413 magna
2444 5335 2703 5396 civitatis
2724 5333 2972 5394 laetitia.
3001 5334 3117 5395 Sed
3136 5339 3414 5413 postmt)»

1905 5511 1982 5581 (4)
2017 5511 2128 5565 AA.
2164 5511 2265 5568 SS.
2302 5513 2437 5568 Boll.
2480 5516 2590 5568 lan.
2629 5512 2691 5566 Τ.
2733 5514 2746 5566 1
2779 5531 2827 5584 p.
2859 5515 2966 5570 “260
2993 5529 3114 5584 cap.
3144 5515 3197 5570 5.

1907 5604 1986 5672 (5)
2021 5604 2160 5658 Ibid.

1913 5696 1986 5767 (6)
2019 5696 2154 5754 Ibid.
2181 5713 2302 5768 cap.
2333 5698 2386 5752 4.
