4040 6552
176 348 254 404 Nil
1645 315 1725 370 ‘"

1831 314 1877 371 Ξ.
3281 325 3383 383 ίὸἰ
3408 320 3424 340 ⁸

173 457 329 528 simul
383 453 659 514 virorum
706 456 812 513 aut
846 446 1115 529 amplius
1153 464 1267 527 per
1309 437 1710 500 solitudinem
1739 441 1786 498 Α
1812 451 1957 500 vere
1983 432 2360 497 domiciliis?
2387 437 2456 496 In
2493 435 2613 499 hoc
2656 435 2798 501 loco
2824 437 3068 520 depulsi
3105 439 3382 524 undique

177 565 573 641 dispersorum
620 551 1146 632 oppugnabantur
1191 538 1299 620 (1)-
1352 541 1481 612 Qua
1530 538 1711 641 d6_l‘6
1810 533 2177 641 latebflmusn.
2203 537 2555 641 Quomodo
2604 556 3156 641 vos‘nequaquam
3193 542 3382 605 latere

177 633 408 728 animus
432 657 516 718 ita
545 655 760 718 scribit
790 671 804 714 ε
841 674 870 710 α
906 653 1070 718 Quae
1099 657 1398 722 praesens
1429 640 1554 702 vidi
1611 638 1710 702 ιο-
1812 633 2172 713 potuimus?
2193 635 2480 698 Cedimus
2507 636 2780 717 antiquis
2806 639 3081 714 sedibus,
3113 642 3384 721 pOpulos

179 779 333 846 quor,
365 765 428 820 et
456 773 676 820 eorum
709 760 876 833 gesta
904 742 1135 815 refero,
1169 757 1438 821 quorum
1459 741 1526 802 in
1562 759 1711 821 pas-
1811 741 2051 796 vestros
2087 741 2411 816 terrasque
2445 737 2726 816 recipite.
2758 739 2907 801 Cum
2937 739 3093 803 haec
3123 742 3380 817 diceret,

176 837 426 927 signibus
456 856 668 919 socius
703 861 842 906 esse
892 841 1234 922 promerui.
1275 842 1356 901 Hi
1402 841 1712 903 ducebant
1810 837 2172 918 increpatus
2226 839 2304 900 ab
2346 838 2424 900 iis
2484 841 2714 903 erroris
2751 842 3004 920 spiritus
3051 844 3379 921 etfugatur,

176 957 486 1024 exercitum
533 943 795 1013 Domini,
830 957 960 1002 non
996 938 1360 1000 mortalibus
1395 938 1560 1013 telis,
1597 939 1709 1000 sed
1814 946 1876 1000 et
1925 939 2132 1018 puella
2162 956 2310 1001 sana
2337 957 2463 1001 una
2500 958 2643 1003 cum
2674 943 3036 1022 parentibus
3070 946 3197 1006 suis
3226 945 3387 1008 iace-

175 1062 277 1124 ﬁde
307 1047 615 1126 religionis
651 1048 975 1115 armatum,
1010 1040 1350 1101 exercitum
1381 1039 1708 1102 moriendo
1809 1039 1915 1101 bat
1933 1039 2012 1100 ad
2036 1039 2231 1118 pedes
2249 1040 2444 1101 nostri
2461 1042 2765 1121 temporis
2787 1045 3239 1122 apostolorum.
3268 1049 3381 1120 Qui

175 1157 523 1223 vincentem,
572 1152 632 1204 et
681 1143 790 1221 qui
835 1141 1156 1219 sanguinis
1201 1140 1299 1201 sui
1342 1139 1709 1219 profusione
1809 1140 2037 1202 talibus
2059 1139 2332 1202 exordiis
2354 1141 2788 1219 praedicantes
2807 1145 2884 1206 iis
2909 1147 3097 1207 ﬁdem
3135 1148 3381 1208 Domini

175 1262 340 1323 viator
375 1249 682 1310 Christum
722 1251 1090 1321 sequeretur
1130 1242 1207 1303 ad
1250 1241 1520 1303 coelum.
1570 1241 1712 1315 Qui-
1809 1239 2007 1302 nostri
2040 1243 2181 1301 Iesu
2212 1239 2459 1314 Christi,
2495 1241 2564 1302 in
2622 1249 2852 1304 tantam
2905 1246 3383 1308 conversionem

170 1373 272 1435 que
325 1351 472 1412 dum
515 1347 583 1407 in
633 1343 1052 1406 tabernaculis
1101 1342 1290 1422 positi
1349 1347 1409 1404 et
1460 1348 1709 1404 orantes
1811 1347 2072 1420 repente
2112 1357 2222 1401 eos
2275 1342 2726 1419 perduxerunt,
2776 1351 2843 1404 ut
2874 1341 3081 1404 statim
3113 1345 3214 1406 die
3250 1346 3386 1426 ipsa

171 1453 574 1533 exspectarent
621 1443 1054 1506 interfectores
1109 1460 1279 1514 suos,
1331 1441 1570 1504 delatus
1617 1447 1713 1503 est
1812 1441 2098 1502 manibus
2124 1443 2278 1516 173
2301 1441 2430 1502 suis
2472 1442 2974 1521 antiquissimum
2998 1446 3304 1524 templum
3328 1454 3389 1507 et

169 1555 231 1618 ad
259 1568 356 1613 eos
385 1548 580 1609 homo
611 1546 757 1607 olim
788 1544 1085 1605 membris
1113 1544 1403 1604 omnibus
1435 1549 1495 1603 et
1535 1561 1711 1623 prae-
1810 1540 1876 1602 in
1894 1559 2136 1603 summa
2164 1542 2564 1604 veneratione
2587 1541 2867 1605 habitum
2889 1544 3306 1619 destruerent,
3327 1553 3390 1608 et

169 1657 326 1735 cipue
353 1647 620 1729 pedibus
653 1644 882 1706 aridus.
919 1649 1076 1720 172
1107 1643 1227 1704 Sed
1256 1661 1396 1703 cum
1427 1643 1505 1704 ab
1541 1643 1616 1704 iis
1643 1644 1709 1705 in
1814 1642 2143 1704 ecclesiam
2170 1642 2497 1705 confestim
2529 1644 2952 1706 aedificarent.
3001 1647 3129 1708 Nec
3167 1646 3244 1707 ad
3273 1647 3386 1708 de-

169 1751 392 1816 nomine
414 1746 664 1807 Domini
694 1745 836 1806 oleo
866 1742 1083 1804 fuisset
1112 1749 1474 1821 perunctus,
1505 1743 1709 1804 statim
1743 1780 1785 1834 B
1815 1742 2208 1805 liberandum
2234 1743 2436 1822 spatio
2464 1744 2768 1823 temporis
2800 1752 3127 1822 eguerunt,
3160 1746 3389 1825 quibus

166 1849 541 1914 conﬁrmatae
582 1851 726 1905 sunt
762 1843 1009 1922 plantae
1051 1843 1206 1904 eius.
1250 1845 1324 1904 Et
1359 1844 1711 1905 dicentibus
1818 1843 2003 1904 fidem
2037 1860 2246 1904 rerum
2293 1841 2570 1904 fecerant
2599 1860 2728 1904 non
2762 1844 2979 1918 verba,
3017 1844 3127 1905 sed
3172 1845 3384 1906 virtus.

166 1953 229 2013 iis
271 1967 283 2010 :
325 1950 394 2009 In
441 1945 700 2008 nomine
757 1946 899 2005 Iesu
947 1941 1189 2017 Christi,
1241 1961 1429 2022 quem
1487 1944 1712 2006 Lucius
1816 1942 1938 2005 Sed
1993 1943 2116 2006 hoc
2175 1960 2320 2005 cum
2379 1941 2600 2004 fuisset
2661 1943 3070 2006 Alexandriae
3137 1945 3388 2008 nuntia-

167 2048 564 2132 persequitur,
597 2061 780 2122 surge
811 2050 872 2106 et
907 2053 1002 2105 sta
1045 2044 1110 2105 in
1154 2045 1423 2124 pedibus
1461 2046 1608 2118 tuis,
1651 2052 1713 2107 et
1818 2051 1982 2118 tum,
2038 2051 2264 2107 veritus
2302 2045 2549 2116 Lucius,
2593 2061 2675 2106 ne
2721 2044 2882 2106 forte
2921 2046 3103 2107 etiam
3133 2063 3387 2108 suorum

169 2152 282 2214 redi
321 2150 384 2210 in
432 2147 694 2207 domum
755 2152 950 2219 tuam,
1009 2145 1312 2206 continuo
1371 2161 1713 2222 exsurgens
1817 2148 1882 2208 in
1921 2163 2065 2208 eum
2115 2146 2256 2208 odia
2282 2148 2450 2224 justa
2491 2153 2976 2222 consurgerent,
3020 2146 3127 2224 qui
3173 2155 3387 2226 aperte

169 2258 219 2314 et
249 2245 538 2311 exsiliens
608 2244 1022 2307 benedicebat
1075 2246 1297 2320 Deum,
1375 2245 1714 2307 ostendens
1816 2247 1940 2308 iam
1982 2245 2217 2308 bellum
2247 2263 2377 2307 non
2409 2244 2794 2318 hominibus,
2836 2246 2946 2307 sed
2990 2246 3117 2308 Deo
3147 2247 3387 2310 indice-

170 2351 290 2430 quia
336 2362 478 2406 vere
527 2352 656 2406 erat
705 2346 771 2406 in
831 2346 907 2407 iis
973 2347 1135 2407 Deus
1185 2344 1293 2421 (2).
1357 2367 1386 2402 ι
1444 2345 1714 2408 Narratis
1821 2354 1935 2421 ret,
1970 2347 2212 2409 occulte
2235 2363 2342 2408 eos
2372 2346 2647 2408 revocari
2678 2347 2830 2407 etin
2862 2364 3143 2409 eremum
3177 2350 3386 2410 remit-

169 2444 369 2510 deinde
396 2445 572 2507 caeci
602 2444 771 2505 illius
791 2444 1063 2506 hominis
1086 2452 1146 2506 et
1173 2444 1520 2506 catulorum
1554 2445 1718 2507 leae-
1819 2450 1865 2512 ti
1930 2449 2104 2512 iubet
2143 2448 2248 2527 (3).
2285 2471 2312 2504 ι)
2359 2450 2698 2526 Hucusque
2737 2448 3000 2509 Rufinus
3053 2449 3130 2510 de
3169 2467 3389 2511 senum

168 2560 265 2608 nae
307 2543 756 2617 sanationibus,
809 2562 963 2623 quas
1009 2545 1255 2606 Macarii
1316 2543 1717 2606 Alexandrini
1821 2550 2030 2612 exilio.
2065 2551 2348 2612 Socrates
2377 2547 2582 2610 claudi
2622 2547 2786 2608 illius
2817 2547 3088 2610 hominis
3129 2551 3396 2612 sanatio-

169 2645 369 2704 viitute
411 2644 611 2704 factas
642 2644 763 2706 iam
794 2644 1133 2718 attulimus,
1167 2644 1430 2705 Ruﬁnus
1461 2645 1549 2706 sic
1577 2658 1718 2723 per-
1822 2668 1968 2711 nem
2011 2667 2139 2710 non
2171 2649 2492 2728 exposuit,
2531 2647 2637 2708 sed
2673 2645 2827 2709 haec
2855 2653 3093 2709 tantum
3148 2650 3395 2729 scripsit

165 2745 275 2822 git:
301 2768 325 2798 ι
350 2743 474 2804 Sed
507 2744 572 2804 in
603 2743 698 2806 his
719 2745 1010 2806 omnibus
1038 2745 1262 2806 Lucius
1293 2762 1421 2805 non
1443 2745 1712 2819 erubuit,
1823 2766 1983 2830 quae
2022 2755 2404 2828 sequuntur:
2441 2771 2469 2802 α
2500 2748 2777 2826 Cumque
2823 2747 2900 2808 ad
2946 2747 3152 2809 locum
3185 2748 3394 2828 ipsum

165 2863 266 2907 nec
304 2844 540 2924 aliquid
577 2846 961 2907 reverentiae
1000 2845 1295 2906 virtutum
1331 2845 1717 2907 mirabilibus
1823 2848 2296 2928 pervenissent,
2355 2847 2520 2908 viros
2589 2845 3140 2924 deprehenderunt
3198 2847 3393 2910 solitis

166 2944 396 3018 detulit;
428 2945 589 3025 quin
614 2946 807 3006 immo
837 2945 1011 3006 iubet
1040 2951 1248 3025 patres
1276 2945 1448 3024 ipsos
1479 2945 1718 3008 ablatos
1824 2945 2047 3008 studiis
2084 2952 2144 3006 et
2174 2943 2719 3006 exercitationibus
2747 2952 3108 3023 occupatos,
3146 2951 3394 3008 orantes

165 3062 195 3104 ι
224 3061 396 3121 grege
425 3061 573 3117 suo,
605 3044 797 3106 immo
847 3044 1006 3105 clam
1040 3051 1272 3124 raptos,
1334 3043 1400 3105 in
1451 3043 1718 3106 insulam
1825 3048 2082 3120 scilicet,
2118 3046 2353 3108 morbis
2381 3043 2728 3118 medentes,
2769 3045 3098 3107 daemonia
3135 3046 3393 3108 eiicien-

166 3143 458 3222 quandam
488 3145 756 3224 Aegypti
785 3143 1105 3224 paludium
1138 3144 1473 3223 deportari,
1498 3145 1563 3204 in
1595 3161 1717 3222 qua
1746 3134 1790 3194 Β
1822 3153 1917 3208 tes
1959 3146 2065 3227 (4).
2095 3170 2123 3204 ιο
2155 3147 2241 3206 De
2268 3146 2523 3207 senibus
2559 3145 2624 3204 in
2654 3145 2906 3206 exilium
2956 3146 3151 3225 pulsis
3181 3148 3396 3209 Socra-

167 3251 570 3324 compererat,
614 3246 928 3306 neminem
958 3263 1214 3325 prorsus
1239 3261 1375 3306 esse
1422 3244 1714 3306 Christia-
1825 3255 1918 3308 tes
1946 3264 1959 3306 :
1994 3270 2021 3302 «
2053 3245 2355 3321 Quoniam
2384 3245 2599 3322 igitur,
2628 3269 2658 3302 ιο
2683 3245 2907 3324 inquit,
2943 3269 2971 3302 α
3002 3246 3397 3310 admirabiles

166 3362 319 3419 num,
364 3362 498 3424 quo
557 3363 673 3424 per
721 3344 843 3407 hoc
896 3345 993 3408 vel
1040 3347 1278 3424 absque
1321 3344 1556 3406 solatiis
1622 3343 1717 3406 vel
1822 3347 1912 3409 illi
1963 3347 2076 3408 viri
2117 3347 2290 3409 omni
2331 3345 2647 3420 violentia,
2691 3363 2852 3424 quae
2892 3347 3045 3425 ipsis
3077 3346 3394 3409 infereba-

166 3447 380 3524 absque
417 3445 740 3507 consuetis
777 3445 1016 3506 actibus
1043 3445 1339 3506 viverent.
1381 3446 1573 3506 Senes
1598 3444 1714 3522 igi-
1823 3455 1946 3522 tur,
1978 3448 2334 3527 superiores
2364 3445 2767 3520 exsisterent,
2821 3446 3097 3507 animum
3144 3448 3396 3510 tandem

164 3553 250 3607 tur
275 3564 411 3608 cum
435 3546 688 3608 duobus
713 3545 862 3606 solis
890 3545 1282 3625 pedissequis
1303 3551 1490 3606 noctu
1521 3545 1600 3605 ad
1627 3545 1720 3605 in-
1825 3546 2224 3626 despondens
2242 3545 2466 3606 Lucius
2481 3543 2625 3606 duci
2655 3543 2961 3606 exercitus
2975 3545 3306 3616 mandavit,
3327 3552 3398 3607 ut

164 3643 340 3705 sulam
371 3644 795 3718 deducuntur,
817 3646 882 3704 in
903 3663 1027 3724 qua
1052 3651 1180 3706 erat
1201 3643 1502 3722 templum
1524 3643 1720 3722 quod-
1825 3653 2030 3726 patres
2065 3644 2510 3706 monachorum
2543 3644 2610 3705 in
2653 3644 2907 3705 exilium
2963 3645 3250 3705 mitteret.
3302 3644 3398 3706 Illi

162 3745 288 3804 dam
331 3763 579 3806 summa
626 3744 1025 3806 veneratione
1080 3762 1116 3806 a
1162 3744 1285 3806 loci
1330 3743 1552 3805 incolis
1600 3743 1716 3804 ob-
1825 3753 2034 3808 autem
2071 3751 2247 3806 erant
2289 3743 2537 3804 Macarii
2575 3743 2736 3817 duo,
2771 3742 3111 3821 Aegyptius
3154 3749 3214 3803 et
3263 3743 3400 3804 Ale-

164 3854 477 3906 servatum.
532 3849 808 3925 Cumque
853 3846 1123 3925 primum
1167 3845 1448 3907 navicula
1495 3861 1719 3906 senum
1824 3841 2626 3920 xandrinusJ’iriign'turilli
2646 3841 2954 3920 deportati
2971 3843 3197 3903 suntin
3218 3843 3395 3904 insu-

163 3960 318 4005 oram
349 3945 469 4006 soli
532 3944 698 4006 illius
741 3944 1123 4022 contigisset,
1167 3960 1315 4006 ecce
1361 3943 1567 4005 subito
1617 3961 1716 4004 sa-
1825 3942 1974 4016 lam,
2003 3943 2068 4002 in
2099 3958 2221 4021 qua
2249 3941 2456 4002 nullus
2494 3946 2624 4001 erat
2651 3940 3031 4002 Christianus
3066 3940 3171 4018 (5).
3212 3967 3230 3997 ι
3279 3942 3400 4001 Cur

163 4042 416 4104 cerdotis
445 4043 669 4122 templi
696 4043 860 4104 illius
897 4042 1068 4119 virgo
1109 4041 1231 4102 tilia
1272 4047 1557 4119 correpta
1587 4041 1718 4119 spi-
1826 4044 2110 4104 Socrates
2163 4041 2330 4104 solos
2375 4041 2674 4102 Macarios
2725 4040 3040 4112 nominet,
3107 4040 3226 4100 nisi
3287 4057 3398 4102 eos

161 4141 290 4215 ritu,
318 4161 461 4203 cum
493 4141 736 4218 ingenti
765 4140 1210 4202 vociferatione
1251 4146 1312 4200 et
1345 4138 1721 4200 clamoribus
1826 4141 2372 4222 principessenum
2405 4140 2669 4212 duxerit,
2701 4157 2829 4200 non
2856 4137 3188 4215 intelliges.
3219 4141 3396 4201 Cete-

162 4242 440 4319 usquead
475 4241 729 4303 coelum
759 4241 940 4314 datis,
972 4240 1071 4318 agi
1101 4257 1214 4319 per
1241 4237 1483 4299 medios
1509 4254 1718 4317 popu-
1828 4259 1962 4303 rum
1995 4241 2060 4301 in
2096 4240 2437 4302 enarranda
2479 4241 2612 4319 ipsa
2663 4239 2830 4301 exilii
2883 4257 3103 4300 senum
3141 4239 3401 4301 historia

162 4338 244 4401 los
285 4342 521 4421 coepit,
583 4349 644 4403 et
693 4341 947 4403 crebros
985 4340 1224 4401 ducens
1275 4345 1534 4406 rotatus,
1590 4336 1724 4398 stri—
1828 4341 2060 4415 Ruﬁni,
2091 4357 2278 4419 quem
2319 4339 2771 4419 persecutionis
2798 4339 2976 4400 istius
3003 4346 3224 4401 testem
3261 4339 3398 4402 lau-

163 4440 300 4501 dens
357 4442 482 4504 huc
533 4449 722 4521 atque
804 4441 953 4502 illuc
1032 4439 1247 4500 rabida
1299 4456 1408 4500 ora
1458 4438 1718 4498 vibrare.
1755 4491 1800 4522 n
1830 4443 1934 4504 dat
1961 4440 2067 4522 (6),
2107 4440 2380 4516 vestigiis
2427 4445 2641 4519 aperte
2683 4439 3052 4516 ingreditur.
3099 4441 3398 4501 Sozome-

161 4542 428 4622 Cumque
465 4544 548 4604 ad
587 4543 1012 4623 spectaculum
1056 4549 1181 4601 tam
1210 4540 1482 4616 ingentis
1545 4555 1724 4600 mon-
1755 4539 1793 4550 “’
1825 4559 1943 4602 nus
2003 4540 2172 4601 illam
2216 4539 2420 4601 claudi
2491 4539 2765 4601 hominis
2834 4540 3218 4602 curationem
3302 4540 3399 4602 his

163 4643 277 4715 stri,
303 4645 578 4706 maxime
606 4644 774 4724 quod
798 4652 960 4705 esset
989 4641 1327 4704 sacerdotis
1346 4639 1490 4712 tilia,
1522 4639 1628 4718 qui
1657 4638 1723 4699 in
1819 4640 2044 4718 allegat
2076 4640 2278 4701 verbis
2310 4657 2324 4700 :
2360 4663 2387 4696 α
2421 4641 2511 4701 Eo
2546 4641 2687 4719 ipso
2730 4646 3037 4720 tempore,
3066 4657 3192 4720 quo
3232 4639 3395 4699 mili-

162 4743 386 4806 honore
447 4748 796 4825 praecipuo
847 4745 1016 4824 apud
1075 4743 1218 4804 illos
1279 4748 1446 4814 erat,
1501 4739 1723 4819 populi
1821 4745 1912 4799 tes
1962 4739 2026 4798 in
2084 4754 2193 4798 eos
2266 4737 2570 4816 impetum
2617 4737 2838 4799 facturi
2884 4745 3087 4811 erant,
3140 4739 3400 4799 traditus

163 4846 607 4919 convenissent,
647 4864 760 4925 per
787 4863 967 4907 auras
995 4862 1130 4905 eam
1177 4850 1418 4921 raptam
1446 4857 1721 4918 sequen-
1819 4837 1972 4915 ipsis
2005 4837 2256 4915 quidam
2287 4854 2423 4898 esse
2456 4837 2701 4911 dicitur,
2737 4839 2913 4900 cuius
2949 4846 3117 4900 artus
3153 4839 3398 4900 iamdu-

161 4947 242 5000 tes
286 4945 666 5021 perveniunt
702 4961 900 5023 usque
941 4942 1019 5003 ad
1064 4941 1412 5003 naviculam
1466 4956 1712 5000 senum.
1824 4937 1972 4998 dum
2036 4938 2117 4998 ita
2157 4937 2408 4999 arefacti
2457 4945 2630 4998 erant
2683 4946 2870 5018 atque
2929 4939 3271 5010 extenuati,
3334 4946 3400 4999 ut

162 5040 241 5100 lbi
267 5061 410 5105 vero
444 5046 723 5124 proiecta
765 5062 981 5106 eorum
1011 5043 1274 5122 pedibus
1311 5049 1371 5101 et
1415 5047 1719 5120 prostrata
1826 5035 2092 5115 pedibus
2115 5036 2397 5096 insistere
2421 5053 2548 5096 non
2578 5044 2864 5115 posset...
2896 5036 3002 5115 (7),
3034 5061 3062 5092 ››
3095 5037 3398 5098 vocabulo

163 5139 413 5203 clamare
459 5147 675 5224 coepit
720 5163 734 5205 :
786 5146 940 5218 Quid
969 5143 1220 5206 venistis
1269 5142 1415 5213 huc,
1482 5157 1520 5202 ο
1563 5139 1725 5201 servi
1832 5159 1859 5191 α
1892 5142 2147 5214 λέγεται»
2183 5136 2469 5196 «dicitur
2495 5160 2521 5190 ››
2557 5135 2819 5197 fortasse
2867 5137 3161 5196 Ruﬁnum
3201 5135 3398 5213 signi-

1755 4491 1800 4550 D

128 5255 132 5260 ‘
163 5239 261 5301 Dei
299 5246 560 5320 summi,
603 5246 872 5326 antiquis
913 5262 1030 5306 nos
1073 5251 1134 5305 et
1168 5241 1513 5305 veternosis
1551 5240 1722 5302 evol-

129 5389 135 5401 ’
227 5425 296 5494 (ι)
333 5424 476 5479 Ibid.
513 5424 612 5479 lib.
638 5423 679 5477 ll
701 5439 820 5493 cap.
865 5423 1012 5478 5eal.
1061 5421 1228 5476 Basil.
1274 5420 1311 5474 1.
1346 5435 1398 5490 p.
1434 5419 1561 5483 542,
1598 5415 1728 5470 νιε-

164 5515 278 5569 larsi
311 5534 361 5584 p.
385 5517 497 5569 270
529 5531 637 5585 sq.,
673 5515 849 5585 Migue
887 5516 923 5568 l.
958 5515 994 5567 l.

227 5607 464 5674 (2)1bid.
499 5607 597 5662 lib.
632 5606 670 5659 ll
706 5623 827 5676 cap.
866 5606 900 5659 ὁ
931 5607 966 5659 l.
1006 5606 1044 5659 l.

228 5700 300 5767 (5)
328 5699 468 5755 Ibid.
504 5701 596 5754 ed.
637 5699 802 5755 Basil.
840 5700 877 5753 l.
910 5715 962 5768 p.
999 5698 1126 5762 245,
1157 5697 1243 5753 ed.
1281 5694 1509 5750 Vallarsi
1540 5710 1591 5766 p.
1621 5691 1726 5748 27:).

173 5804 300 5862 sqq,
336 5790 519 5859 Migne
549 5808 604 5860 p.
633 5793 736 5846 5l2
775 5807 858 5862 sq.

391 5887 673 5948 PATROL.
714 5889 828 5947 Gn.
877 5887 1170 5947 XXXIV.

1831 5239 2046 5312 ﬂcans,
2075 5255 2111 5298 a
2140 5254 2267 5317 quo
2295 5237 2358 5298 id
2388 5245 2735 5317 acceperat.
2761 5239 2844 5299 De
2874 5238 3181 5299 senibusa
3209 5238 3400 5299 Lucio

1901 5414 1978 5483 (4)
2011 5411 2226 5467 Socrat.
2249 5411 2388 5466 Hist.
2419 5412 2560 5467 Eccl.
2583 5413 2679 5468 lib.
2711 5410 2777 5465 iV
2805 5427 2928 5483 cap.
2947 5412 3119 5468 ﬂed.
3147 5413 3182 5466 l.
3203 5410 3396 5484 p.239.

1900 5511 1977 5578 (δ)
2007 5508 2067 5561 L.
2106 5511 2144 5562 ι.

1899 5601 1976 5669 (6)
2011 5601 2070 5654 L.
2099 5601 2136 5654 l.

1901 5695 1978 5761 (7)
2025 5694 2238 5747 Sozom.
2272 5689 2415 5748 Hist.
2451 5689 2597 5744 Eccl.
2637 5696 2729 5752 lib.
2773 5689 2838 5744 Vl
2876 5707 2998 5762 cap.
3043 5691 3113 5746 ‘20
3145 5690 3235 5747 ed.
3267 5689 3306 5746 Ι.
3343 5714 3391 5766 ρ.

1828 5782 1951 5837 665.

3034 5879 3070 5936 6
