4040 6592
584 374 694 430 165

1370 365 1466 420 SS.
1513 354 1967 417 MACARIORUM
2001 347 2325 407 AEGYPTII
2365 355 2450 403 ET
2503 356 2970 414 ΑιΕχΑΝοιῃΝι

3717 371 3746 424 ’1
3755 368 3840 424 GI.»

581 477 899 563 exagitatis
920 476 1466 542 Sozomenushaec
1496 475 1724 537 refert:
1759 465 2152 535 «Cuiusmodi
2183 471 2226 524 A
2258 479 2396 524 rum
2445 460 2672 524 chorus
2728 471 3163 535 dimitteretur,
3222 477 3312 538 Ita
3386 485 3543 558 175
3605 482 3832 546 civium

577 562 730 650 tunc
797 581 1250 645 monachorum
1319 575 1664 657 praefectos
1719 572 1910 634 fuisse
1967 586 2151 630 acce-
2253 562 2587 626 tumultum
2619 563 3026 636 extimescens
3080 577 3309 639 Lucius
3359 581 3587 644 sanctis
3645 584 3832 657 viris,

579 687 788 767 pimus
843 679 1142 742 Macarios
1191 679 1372 749 duos,
1419 676 1497 736 de
1534 672 1762 753 quibus
1800 671 1923 732 iam
1973 675 2153 729 antea

579 785 876 856 diximus,
928 786 989 842 et
1059 779 1292 840 Pambo
1336 778 1494 851 17!.
1521 781 1708 852 atque
1762 769 2154 833 Heraclidem

575 893 950 964 ceterosque
1005 876 1279 942 Antonii
1319 874 1662 956 discipulos
1695 871 1800 952 (1).
1843 896 1872 928 »
1912 871 2032 932 Sed
2095 877 2157 932 et

577 990 714 1067 ipse
732 1002 874 1048 cum
894 982 1119 1044 Ruﬁno
1139 979 1470 1050 consentit,
1489 977 1609 1038 hoc
1622 975 1756 1036 solo
1773 973 2153 1048 discrimine,

580 1088 751 1168 quod
803 1087 869 1146 in
931 1081 1260 1145 Sozomeni
1323 1079 1582 1140 historia
1637 1077 1714 1139 de
1773 1076 1884 1137 ista
1946 1091 2152 1136 sacer-

580 1188 744 1249 dotis
785 1186 910 1247 ﬁlia
949 1182 1303 1245 «Macarius
1333 1180 1595 1259 eiusque
1635 1177 1896 1240 comites
1929 1199 1958 1231 »
2005 1176 2153 1236 dae-

579 1304 832 1350 monem
865 1285 1214 1362 obiurgant,
1261 1289 1322 1343 et
1373 1282 1440 1343 in
1486 1283 1610 1343 ﬁne
1640 1279 1865 1341 Lucius
1911 1275 2155 1340 occulte

577 1388 909 1469 praecipit,
957 1411 983 1441 «
1012 1393 1100 1458 ut,
1153 1385 1260 1464 qui
1317 1402 1460 1446 eum
1505 1382 1770 1444 Macario
1806 1387 2036 1452 essent,
2077 1378 2156 1439 ad

581 1489 762 1551 sedes
804 1505 946 1549 suas
976 1493 1036 1548 et
1065 1486 1129 1546 in
1149 1484 1548 1548 solitudinem
1571 1489 1958 1544 revertantur
2008 1480 2152 1559 (2)».

580 1589 1013 1651 Theodoretus
1038 1587 1334 1666 denique,
1361 1602 1555 1664 quum
1585 1583 1661 1644 de
1690 1581 2156 1644 crudelitati'uus

2254 676 2324 728 ut
2353 665 2431 728 ad
2457 664 2790 745 speluncas
2813 683 2960 727 suas
2981 675 3278 752 redirent,
3317 681 3630 743 concessit
3680 679 3754 764 (5)
3769 705 3831 743 ,ι

2333 866 2422 930 De
2450 867 2636 930 exilio
2662 867 2918 947 quidem
2938 885 3161 931 senum
3190 873 3340 942 haec
3369 882 3552 944 nobis
3590 883 3653 946 in
3690 901 3835 948 me-

2257 968 2430 1031 dium
2476 968 2854 1049 proferenda
2905 977 3102 1031 erant.
3140 973 3638 1045 Persewtionem
3681 1001 3836 1046 vero

2255 1069 2435 1132 istam
2482 1068 2936 1132 monachorum
2973 1071 3196 1132 Lucius
3219 1120 3233 1146 ,
3255 1074 3432 1137 urbis
3462 1083 3834 1155 praefectus,

2259 1170 2521 1250 eiusque
2557 1169 2854 1231 satellites
2885 1186 3017 1231 non
3062 1179 3190 1232 tam
3229 1189 3344 1233 suo
3377 1178 3593 1252 Marte,
3644 1202 3838 1265 quam

2243 1269 2395 1348 lege
2435 1271 2709 1332 Valentis
2736 1271 3132 1351 imperatoris
3166 1273 3367 1334 innixi
3398 1278 3596 1354 egisse
3625 1281 3841 1346 viden-

2258 1377 2382 1432 tur.
2417 1373 2703 1433 Socrates
2724 1373 2894 1433 enim
2925 1373 3004 1434 de
3046 1373 3184 1452 lege
3225 1375 3494 1454 quadam
3539 1378 3842 1460 loquitur,

2258 1489 2378 1551 qua
2435 1472 2663 1534 Valens
2716 1476 3060 1554 praecepit,
3101 1497 3127 1528 α
3163 1483 3234 1537 ut
3265 1476 3680 1557 [orthodoxi],
3722 1484 3847 1563 qui

2256 1573 2663 1635 Alexandriae
2699 1581 2760 1635 et
2791 1574 2857 1634 in
2887 1574 3126 1654 reliqua
3159 1583 3368 1638 essent
3395 1581 3697 1660 Aegypto,
3741 1583 3846 1645 fu-

579 1691 648 1752 in
708 1688 1145 1770 persecutione
1206 1687 1321 1747 ista
1376 1682 1745 1764 perpetratis
1807 1681 1885 1742 ad
1949 1680 2158 1741 literas
2259 1682 2556 1751 gerentur
2607 1673 2771 1753 (6).»
2822 1675 3104 1736 Ceterum
3135 1676 3360 1738 Valens
3409 1695 3466 1740 a.
3523 1680 3654 1756 373,
3700 1684 3843 1763 pri-

583 1790 748 1852 Petri
775 1788 1052 1868 episcopi
1085 1786 1164 1867 (3)
1188 1785 1559 1862 delegasset,
1603 1782 1680 1843 de
1721 1779 1906 1842 exilio
1936 1796 2157 1840 senum
2192 1829 2230 1882 Β
2259 1791 2361 1835 ma
2390 1775 2658 1837 Ianuarii
2705 1775 2830 1849 die,
2863 1775 3065 1853 legem
3113 1778 3394 1852 sancivit,
3431 1780 3608 1842 cuius
3654 1789 3848 1846 tenor

567 1890 738 1952 haec
768 1889 956 1950 verba
993 1888 1178 1950 facit:
1233 1908 1261 1942 (ι
1284 1885 1412 1946 Viri
1444 1889 1588 1946 sunt
1613 1882 1679 1944 in
1713 1886 2016 1961 Aegypto,
2049 1879 2156 1958 qui
2193 1874 2228 1882 "
2263 1874 2367 1936 hic
2398 1882 2492 1936 est
2526 1893 2540 1935 :
2576 1899 2603 1932 ‹‹
2637 1877 2897 1948 Quidam
2934 1877 3217 1955 ignaviae
3248 1883 3585 1944 sectatores
3620 1883 3846 1947 deser—

582 1991 946 2068 angelorum
1023 1987 1563 2050 conversationem
1629 1982 2012 2045 aemulantes
2079 1980 2156 2041 ab

581 2091 828 2152 urbium
868 2087 1234 2149 tumultibus
1261 2104 1327 2148 se
1355 2084 1807 2155 subduxerunt,
1839 2081 2157 2159 vitamque

582 2192 648 2252 in
693 2189 1029 2251 solitudine
1058 2204 1241 2264 agere
1275 2185 1647 2247 maluerunt.
1680 2182 1794 2244 Ubi
1825 2198 2157 2243 arenosum

583 2309 653 2352 ac
688 2289 896 2350 sterile
926 2288 1127 2349 solum
1152 2285 1352 2347 fertile
1375 2284 1710 2346 reddentes
1737 2281 2008 2343 fructum
2030 2280 2157 2341 Deo

581 2389 1018 2450 suavissimum
1054 2384 1672 2466 pulcherrimumque
1716 2381 1926 2442 ferunt
1963 2380 2157 2440 virtu-

583 2495 734 2559 tem,
769 2503 956 2567 quam
994 2486 1112 2546 sibi
1146 2492 1440 2563 tanquam
1462 2482 1664 2559 legem
1697 2481 2156 2559 imposuerunt.

581 2589 768 2650 Cuius
798 2585 1054 2665 quidem
1086 2582 1451 2662 disciplinae
1482 2581 1673 2642 duces
1704 2597 1844 2641 cum
1871 2577 1974 2640 alii
2006 2575 2162 2637 mul-

583 2689 626 2751 ti
671 2688 982 2760 exstitere,
1040 2693 1173 2746 tum
1215 2684 1490 2764 Optimus
1516 2681 1950 2759 religiosorum
1997 2678 2161 2740 ordi-

582 2806 734 2851 num
763 2787 1054 2863 magister
1082 2784 1198 2846 fuit
1241 2783 1543 2844 Antonius
1563 2781 1668 2842 ille
1690 2780 2156 2853 celeberrimus,

582 2887 690 2965 qui
739 2886 818 2948 ad
858 2885 1095 2946 virtutis
1140 2882 1508 2964 palaestram
1559 2879 1885 2942 monachis
1935 2877 2155 2939 solitu-

582 2989 795 3048 dinem
843 2987 1064 3048 evexit.
1113 2985 1261 3044 Eius
1302 2983 1490 3060 igitur
1537 2981 1649 3042 viri
1715 2979 2057 3059 discipulos
2087 3013 2160 3022 ——-

562 3087 718 3167 ipse
748 3087 915 3146 enim
947 3102 1090 3147 cum
1120 3084 1404 3146 maximis
1438 3089 1500 3145 et
1537 3081 1976 3162 pulcherrimis
2012 3099 2162 3143 one-

2263 1977 2342 2037 tis
2395 1977 2709 2038 civitatum
2764 1979 3128 2040 muneribus
3185 1986 3434 2058 captant
3472 1982 3850 2048 solitudines

2263 2091 2336 2136 ac
2365 2083 2625 2150 secreta,
2663 2084 2724 2139 et
2755 2079 2967 2157 specie
3010 2079 3332 2158 religionis
3360 2099 3502 2143 cum
3553 2087 3849 2150 coetibus

2264 2173 2686 2236 Monazonton
2730 2183 3213 2254 congregantur.
3263 2181 3395 2240 Hos
3433 2179 3618 2258 igitur
3648 2193 3849 2265 atque

2263 2269 2625 2335 huiusmodi
2650 2273 2811 2336 intra
2868 2279 3218 2355 Aegyptum
3257 2277 3678 2356 deprehensos
3723 2303 3851 2363 per

2265 2372 2560 2434 comitem
2625 2374 2888 2437 Orientis
2953 2377 3089 2438 erui
3148 2394 3182 2438 e
3246 2377 3497 2440 latebris
3558 2385 3852 2448 consulta

2264 2475 2713 2553 praeceptione
2766 2477 3216 2552 mandavimus,
3275 2485 3463 2558 atque
3520 2481 3593 2542 ad
3626 2487 3851 2548 munia

2263 2571 2606 2650 patriarum
2645 2575 2967 2638 subeunda
3001 2579 3302 2652 revocari,
3337 2586 3441 2640 aut
3471 2597 3582 2659 pro
3620 2588 3849 2647 tenore

2264 2682 2515 2734 nostrae
2554 2676 2894 2738 sanctionis
2934 2676 3330 2741 familiarium
3368 2697 3574 2742 rerum
3624 2699 3852 2746 carere

2264 2772 2620 2850 inlecebris,
2657 2795 2811 2856 quas
2836 2795 2952 2857 per
2977 2795 3087 2840 eos
3127 2780 3483 2842 censuimus
3523 2782 3858 2845 vindican-

2265 2872 2398 2947 das,
2439 2876 2549 2954 qui
2598 2877 2990 2956 publicarum
3037 2887 3245 2940 essent
3293 2881 3550 2942 subituri
3580 2899 3856 2947 munera

2264 2973 2681 3039 functionum.
2759 2997 2868 3059 pp.
2937 2982 3190 3060 Byritho
3272 2981 3531 3044 Kalend.
3587 2985 3852 3046 Ianuar.

2264 3076 2698 3140 Valentiniano
2729 3089 2790 3140 et
2818 3080 3074 3143 Valente
3121 3086 3239 3143 AA.
3278 3085 3446 3144 Coss.
3501 3083 3604 3164 (7).
3642 3107 3669 3141 ι
3709 3087 3857 3159 Quo

581 3187 755 3247 ribus
784 3186 860 3247 ad
892 3185 1262 3265 tranquillos
1292 3191 1509 3264 portus
1531 3183 1948 3263 appulerat—
1976 3184 2165 3244 miser
2191 3188 2234 3247 C
2265 3177 2452 3255 igitur
2500 3179 2567 3240 in
2623 3179 2876 3242 decreto
2909 3198 3038 3242 non
3084 3189 3346 3262 propter
3399 3184 3602 3258 vitam,
3647 3203 3856 3264 quam

581 3289 701 3349 iste
749 3295 810 3348 et
851 3287 1310 3348 infelicissimus
1343 3287 1616 3361 [Lucius]
1657 3286 1994 3348 insectatus
2043 3295 2154 3361 est,

585 3403 658 3448 ac
696 3385 1045 3448 divinorum
1102 3385 1353 3446 illorum
1394 3393 1684 3446 coetuum
1727 3385 1948 3459 duces,
1991 3386 2158 3448 cele-

585 3492 763 3553 hrem
815 3487 993 3547 illum
1039 3485 1405 3556 Macarium,
1456 3491 1518 3543 et
1569 3482 1832 3544 alterum
1881 3485 2160 3546 eiusdem

585 3589 880 3662 nominis,
919 3603 1034 3648 nec
1061 3602 1189 3647 non
1228 3583 1534 3646 Isidorum
1567 3583 1850 3662 aliosque
1898 3584 1975 3645 de
2020 3602 2162 3664 spe-

585 3689 790 3752 luncis
840 3689 1142 3751 abductos
1191 3687 1258 3748 in
1299 3686 1568 3747 insulam
1620 3686 1935 3765 quandam
1993 3687 2158 3749 rele-

588 3791 782 3868 gavit,
847 3805 1008 3868 quae
1065 3787 1142 3849 ab
1195 3787 1405 3866 impiis
1469 3787 1828 3849 hominibus
1889 3787 2158 3851 habitata

585 3893 830 3954 nullum
857 3908 1132 3970 unquam
1165 3889 1412 3970 pietatis
1443 3889 1807 3966 magistrum
1832 3889 2155 3952 habuerat.

586 3991 864 4068 Cumque
907 3987 1146 4049 insulae
1186 4003 1333 4048 orae
1380 3987 1946 4066 apprOpinquasset
1981 3987 2156 4048 navi-

587 4091 780 4168 gium,
813 4089 1116 4160 daemon,
1159 4087 1268 4166 qui
1313 4086 1399 4146 ibi
1446 4085 1786 4160 colebatur,
1835 4105 2160 4150 consecra-

562 4199 716 4252 tum
783 4189 901 4249 sibi
953 4187 1249 4248 deserens
1305 4188 1741 4262 simulacrum,
1779 4189 1950 4266 quod
2006 4188 2160 4249 anti-

589 4307 783 4368 quum
832 4289 965 4348 eius
1010 4287 1210 4348 fuerat
1258 4287 1671 4361 domicilium,
1724 4288 1910 4349 ﬁliam
1958 4305 2160 4350 sacer-

563 4391 754 4452 dotis
807 4390 882 4450 ad
943 4389 1246 4449 insaniam
1279 4388 1606 4449 concitavit
1646 4395 1706 4449 et
1759 4388 2158 4449 furibundam

2261 3279 2540 3358 degunt,
2587 3282 3060 3357 monachicam,
3109 3301 3323 3346 verum
3381 3287 3525 3365 quia
3577 3305 3858 3351 munera

2261 3381 2463 3442 civilia
2501 3388 2562 3443 et
2612 3383 2866 3445 curialia
2915 3384 3193 3460 effugere
3249 3385 3403 3448 velle
3442 3388 3856 3466 putabantur,

2261 3491 2598 3545 sectatores
2640 3485 2921 3563 ignaviae
2951 3486 3264 3548 dicuntur.
3303 3488 3496 3548 Simili
3535 3505 3609 3548 ex
3650 3507 3857 3553 causa

2259 3583 2359 3644 alii
2384 3601 2637 3663 quoque
2679 3586 3110 3666 imperatores,
3139 3587 3304 3648 inter
3350 3605 3507 3668 quos
3543 3590 3858 3654 Constan-

2239 3684 2450 3759 tinus,
2480 3686 2746 3748 curiales
2767 3688 3124 3749 sacerdotes
3173 3689 3306 3750 fieri
3353 3697 3675 3752 vetuerant
3737 3691 3854 3771 (8).

2260 3785 2478 3864 Neque
2508 3803 2656 3848 vero
2705 3786 2784 3849 de
2821 3789 3043 3867 quovis
3087 3789 3421 3863 monacho,
3468 3808 3676 3870 neque
3727 3811 3853 3855 no—

2259 3883 2539 3945 minatim
2571 3885 2651 3947 de
2687 3903 2950 3948 munere
2984 3887 3234 3949 militari
3263 3887 3360 3950 lex
3389 3887 3493 3950 illa
3530 3888 3851 3968 loquitur,

2259 3986 2370 4048 sed
2416 3987 2494 4049 de
2548 3988 2939 4063 hominibus,
2995 3990 3104 4069 qui
3174 3990 3432 4052 desertis
3479 3993 3855 4054 muneribus

2253 4087 2552 4166 publicis,
2581 4092 2780 4169 specie
2822 4091 3149 4172 religionis
3188 4109 3330 4154 cum
3371 4093 3702 4156 monachis
3733 4095 3849 4157 de-

2261 4195 2444 4264 gunt;
2469 4204 2578 4250 eos
2611 4190 2778 4251 enim
2808 4199 2911 4252 aut
2949 4192 3028 4253 ad
3058 4193 3268 4253 munia
3291 4193 3524 4272 patriae
3546 4195 3850 4257 obeunda

2259 4288 2512 4361 retrahi,
2547 4298 2652 4351 aut
2675 4308 2741 4352 re
2771 4291 3058 4354 familiari
3102 4293 3356 4373 spoliari
3391 4293 3590 4356 iussit.
3637 4298 3854 4369 Quan-

2259 4406 2448 4467 quam
2517 4390 2807 4454 inimicos
2862 4392 3312 4454 catholicorum
3370 4393 3509 4472 lege
3577 4398 3854 4475 turpiter

590 4485 668 4549 ad
699 4485 842 4545 litus
873 4485 1149 4557 deduxit,
1183 4503 1310 4565 quo
1346 4486 1550 4546 navim
1595 4485 1861 4563 remiges
1890 4486 2157 4565 appule-
2193 4538 2234 4592 D
2261 4489 2432 4549 abuti
2483 4489 2666 4552 facile
2733 4494 3011 4571 potuisse
3036 4542 3050 4562 .
3101 4511 3288 4557 nemo
3343 4512 3472 4557 non
3526 4496 3844 4575 intelligit.

563 4594 727 4645 rant
775 4585 882 4664 (4).
916 4608 942 4640 »
1002 4586 1250 4656 Cetera,
1315 4601 1476 4662 quae
1523 4591 1888 4663 sequuntur,
1945 4584 2023 4644 ad
2069 4584 2154 4659 id,

590 4687 759 4765 quod
792 4704 826 4747 e
872 4685 1099 4745 Ruﬁno
1145 4684 1494 4752 didicimus,
1526 4683 1711 4763 plane
1749 4685 2032 4747 redeunt.
2087 4689 2158 4747 In

588 4788 713 4848 ﬁne
734 4787 1190 4848 Theodoretus:
1214 4786 1477 4855 «Haec,»
1502 4784 1726 4863 inquit,
1745 4808 1771 4839 «
1788 4785 1894 4846 ubi
1914 4785 1979 4846 in
1998 4785 2156 4847 urbe

587 4887 1017 4956 innotuerunt,
1077 4881 1356 4943 omnium
1407 4881 1573 4943 illico
1619 4882 1820 4944 factus
1865 4890 1957 4945 est
2005 4902 2157 4946 cou-

587 5005 807 5050 cursus
836 4985 1093 5047 Lucium
1119 4983 1577 5060 obiurgantium
1606 4989 1665 5043 et
1709 4982 1914 5045 divina
1959 5002 2026 5047 se
2063 4985 2154 5048 ira

589 5086 954 5169 plectendos
976 5085 1337 5159 dicentium,
1362 5084 1479 5144 nisi
1509 5083 1752 5146 divinus
1777 5085 1882 5148 ille
1909 5093 2157 5150 sancto-

657 5286 738 5356 (I)
780 5284 914 5338 Ibid.
945 5301 998 5354 p.
1029 5283 1153 5338 662.

659 5378 736 5449 (ἓν
769 5377 905 5432 Ibid.
936 5394 990 5447 p.
1017 5379 1120 5432 665
1151 5379 1203 5432 in
1242 5377 1369 5432 Iinc.

659 5473 736 5541 (3)
768 5471 992 5526 Exstant
1019 5473 1073 5525 in
1101 5472 1428 5526 Theodoret.
1461 5469 1595 5525 Ilist.
1627 5469 1776 5524 Eccl.
1807 5469 1901 5523 lib.
1927 5469 1992 5523 IV
2023 5488 2141 5543 cap.

596 5562 679 5624 I9,
707 5559 846 5630 Opp.
874 5562 960 5616 ed.
997 5563 1241 5618 hcxesselt
1277 5567 1339 5621 Τ.
1372 5562 1434 5614 Ill
1473 5580 1522 5631 ι).
1558 5562 1663 5618 987
1691 5579 1813 5632 sqq.

663 5653 735 5722 (ὁ)
772 5655 1095 5709 Theodoret.
1134 5656 1269 5709 Hist.
1313 5654 1456 5708 Eccl.
1492 5655 1585 5709 lib.
1619 5652 1687 5706 IV
1721 5672 1848 5726 cap.
1889 5658 1955 5712 18
1985 5656 2072 5711 ed.
2113 5657 2144 5710 I.

595 5758 645 5813 p.
681 5744 786 5797 98:;
816 5761 897 5814 sq.
2101 5731 2103 5733 ’

577 5894 583 5907 ,
663 5838 742 5910 (:3)
782 5837 841 5892 L.
870 5836 908 5891 ι.
943 5853 994 5907 ρ.
1023 5837 1128 5894 986
1164 5853 1246 5907 sq.

2265 4590 2535 4669 Prosper
2587 4592 2841 4670 quidem
2887 4596 3227 4674 Aquitanus
3269 4597 3471 4676 legem
3511 4616 3546 4659 a
3586 4601 3852 4664 Valente

2265 4688 2470 4751 datam
2503 4708 2638 4753 esse
2664 4694 2952 4756 tradidit:
2992 4720 3020 4752 α
3055 4704 3124 4758 ut
3165 4698 3455 4760 monachi
3481 4700 3850 4775 militarent,

2266 4791 2552 4854 nolentes
2583 4793 2849 4856 fustibus
2875 4805 3246 4859 necarentur
3268 4798 3373 4878 (9).
3413 4823 3440 4856 »
3477 4807 3637 4876 176
3667 4805 3858 4876 Quod

2264 4891 2519 4969 quidem
2575 4901 2688 4956 etsu
2736 4896 2874 4973 lege
2925 4916 3053 4960 non
3091 4901 3496 4980 exprimitur,
3551 4921 3862 4982 magnam

2260 5000 2426 5054 certe
2453 4995 2895 5075 crudelemque
2923 4999 3111 5062 fuisse
3149 5003 3600 5065 monachorum
3632 5025 3868 5084 porse—

2264 5094 2606 5172 cutionem,
2638 5116 2673 5159 a
2701 5099 2958 5162 Valente
2986 5102 3333 5179 excitatam,
3367 5120 3401 5164 e
3443 5104 3504 5163 S.
3564 5105 3860 5184 Chryso-

2335 5291 2410 5362 (6)
2458 5290 2614 5347 Socr.
2649 5294 2790 5350 Hist.
2823 5294 2970 5352 Eccl.
2997 5298 3092 5354 lib.
3117 5298 3185 5353 IV
3207 5317 3325 5373 cap.
3347 5303 3420 5356 24
3439 5303 3528 5359 ed.
3565 5303 3602 5358 l.
3630 5320 3678 5373 p.
3701 5304 3862 5358 238-

2333 5384 2412 5454 (7)
2449 5386 2585 5440 Cod.
2613 5386 2888 5446 Theodos.
2923 5391 3039 5456 XII,
3069 5393 3116 5452 I.
3147 5394 3234 5450 65.

2332 5477 2407 5548 (8)
2446 5477 2845 5536 Constantinus
2891 5483 3026 5538 Cod.
3077 5484 3350 5542 Tlieodos.
3390 5485 3542 5551 XVI,
3573 5488 3635 5547 2.
3665 5488 3711 5541 3.
3758 5487 3812 5538 6
3843 5507 3864 5546 ;

2263 5568 2676 5628 Valentinianus
2713 5573 2848 5628 ibid.
2881 5574 3026 5639 XVI,
3059 5576 3116 5638 ‘2,
3151 5578 3235 5632 I7.

2328 5662 2403 5730 (9)
2445 5663 2633 5733 Prosp.
2677 5666 2942 5735 Aquitan.
2987 5670 3192 5725 Chron.
3232 5671 3429 5742 integr.
3468 5669 3531 5725 P.
3580 5669 3618 5734 I,
3649 5668 3870 5738 iligna:

2257 5752 2463 5810 Patrol.
2501 5754 2566 5809 T.
2600 5755 2660 5810 LI
2699 5774 2751 5828 p.
2793 5760 2917 5814 585.
