4040 6576
249 311 334 368 165
1207 349 1209 351 ι
1453 365 1455 367 .
1718 315 1954 374 VITAE.

3363 337 3464 394 {6‘3

246 427 406 496 smmi
440 423 610 486 libris
629 424 926 488 adversus
955 436 1415 509 oppugnatores
1451 429 1616 491 vitae
1660 447 1796 492 mo-
1828 444 1872 500 Α
1901 429 2156 494 millima
2171 448 2264 508 ea,
2286 450 2444 512 quae
2460 435 2537 496 de
2559 435 2887 500 virtutibus
2907 442 3316 509 Macariorum
3339 455 3474 518 ltu-

245 529 504 596 nachicae
541 525 623 605 (1)
656 527 978 590 discimus.

312 628 503 688 Restat
554 629 625 685 ut
684 624 1090 710 Macariqrum
1140 623 1562 699 mentionem,
1602 643 1792 706 quam

243 731 362 792 data
389 725 838 804 persecutionis
867 726 1042 788 istius
1080 725 1427 787 narrandae
1459 727 1789 789 occasione

240 827 475 892 Ruﬁnus
514 822 690 898 fecit,
745 820 1014 886 breviter
1056 821 1157 885 hic
1202 824 1675 903 subiungamus.
1730 829 1789 888 Is

242 926 406 994 enim,
435 940 626 1002 quum
657 929 1008 997 temporum
1046 919 1297 981 illorum
1334 921 1654 986 historiam
1685 925 1791 988 de-

238 1023 590 1103 scripsisset:
627 1040 654 1072 ‹‹
716 1017 1022 1093 Florebat,
1055 1042 1082 1074 ι)
1113 1019 1338 1099 inquit,
1370 1023 1612 1101 «igitur
1677 1028 1788 1088 Ae-

240 1131 436 1206 gypws
474 1135 548 1178 ea
585 1122 954 1197 tempestate
1008 1136 1137 1180 non
1173 1121 1378 1182 solum
1416 1124 1673 1186 eruditis
1719 1127 1786 1188 in

237 1220 541 1292 christiana
568 1218 970 1298 philOSOphia
997 1220 1164 1296 viris,
1198 1241 1410 1285 verum
1444 1225 1628 1288 etiam
1662 1226 1780 1302 his,

232 1325 324 1408 qui
344 1339 449 1403 per
465 1328 698 1381 vastam
729 1337 1005 1381 eremum
1028 1333 1498 1388 commanentes
1527 1327 1702 1406 signa
1723 1335 1785 1391 et

228 1419 488 1507 prodigia
517 1419 870 1499 Apostolica
903 1421 1296 1502 simplicitate
1340 1427 1500 1506 vitae
1539 1434 1598 1488 et
1637 1446 1780 1490 eor-

230 1527 310 1588 dis
347 1521 692 1583 sinceritate
725 1521 1054 1584 faciebant.
1103 1527 1184 1586 Ex
1228 1527 1456 1605 quibus
1503 1528 1779 1604 interim,

227 1643 368 1708 quos
400 1623 523 1704 ipsi
549 1624 838 1699 vidimus,
863 1631 924 1686 et
944 1643 1215 1705 quorum
1252 1627 1544 1692 benedici
1574 1631 1777 1692 mani-

225 1731 327 1792 bus
351 1727 716 1799 meruimus,
749 1724 814 1786 hi
843 1733 987 1787 sunt
1011 1746 1024 1787 :
1047 1728 1347 1790 Macarius
1371 1729 1447 1792 de
1469 1731 1779 1809 superiori

1897 531 2059 592 ﬁnus
2079 533 2144 594 in
2167 534 2646 625 Continuatione
2670 539 2981 603 Historiae
3001 544 3468 613 Ecclesiasticae

1893 631 2148 692 Eusebii
2184 633 2516 712 scripserat
2575 635 2683 718 (6),
2741 638 3022 703 alludere
3080 643 3468 711 videntur.E

1873 807 1875 810 q
1891 729 2169 794 fontibus
2186 733 2458 814 denique
2471 735 2807 814 incognitis
2824 741 3107 805 Socrates
3136 743 3289 808 haec
3308 765 3469 813 nova

1889 831 2146 893 adiecit:
2167 857 2193 888 «
2214 835 2355 896 Erat
2369 853 2555 916 porro
2580 841 2901 913 [Macarius
2915 845 3275 924 Aegyptius]
3293 867 3468 912 reve-

1890 933 2124 994 rendus
2163 936 2393 1014 pariter
2429 955 2499 1000 ac
2533 957 2786 1002 severus
2828 941 2894 1002 in
2923 943 3087 1019 illos,
3121 947 3229 1025 qui
3261 947 3469 1028 ipsum

1887 1031 2162 1094 adibant.
2217 1037 2517 1099 Macarius
2577 1057 2726 1103 vero
2784 1041 3259 1121 Alexandrinus,
3322 1068 3462 1112 cum

1887 1147 2340 1213 usquequaque
2379 1138 2596 1200 similis
2635 1148 2796 1202 esset
2840 1146 3171 1225 Aegyptio,
3217 1166 3292 1212 eo
3336 1157 3469 1213 tan-

1886 1235 2017 1290 tum
2042 1231 2453 1313 discrepabat,
2475 1239 2645 1316 quod
2674 1238 2887 1303 hilaris
2909 1243 3025 1305 fuit
3052 1264 3195 1325 erga
3226 1265 3335 1310 eos
3357 1253 3466 1331 qui

1885 1330 1962 1390 ad
1986 1331 2188 1410 ipsum
2213 1344 2622 1411 accesserant,
2640 1346 2701 1400 et
2721 1341 3068 1406 urbanitate
3087 1347 3352 1424 quadam
3374 1330 3466 1412 iu-

1885 1431 2094 1494 niores
2115 1434 2190 1495 ad
2211 1435 2598 1515 disciplinam
2619 1441 3048 1505 monachicam
3072 1445 3283 1510 allexit
3303 1450 3409 1529 (7).
3431 1478 3460 1508 »

1883 1533 2094 1595 Cetera
2132 1535 2338 1612 igitur,
2369 1554 2445 1597 ex
2484 1539 2744 1616 Evagrio
2776 1542 3171 1625 deprompta,
3199 1549 3276 1609 ad
3310 1551 3464 1614 duas

1881 1633 2128 1695 Macarii
2149 1638 2434 1716 Aegyptii
2453 1637 2740 1701 historias
2761 1641 2838 1702 de
2850 1661 3057 1719 causa,
3073 1664 3183 1708 cur
3201 1649 3461 1714 iniuria-

1881 1752 2019 1794 rum
2065 1737 2144 1797 ab
2197 1735 2559 1800 hominibus
2604 1739 2978 1804 indictarum
3028 1748 3464 1828 recordatione

205 1818 438 1900 eremo,
470 1827 631 1888 alius
658 1829 958 1890 Macarius
981 1827 1057 1889 de
1081 1827 1383 1903 inferiori,
1408 1829 1681 1891 Isidorus
1715 1831 1778 1892 in
1814 1818 1852 1856 ¹⁵
1882 1836 2220 1897 memoriae
2264 1838 2388 1898 vim
2433 1857 2934 1920 corrumpamus,
2976 1861 3013 1906 a
3051 1825 3463 1912 dae-monibus

221 1927 391 2007 Scyti,
434 1925 706 1986 Pambus
750 1925 816 1985 in
849 1923 1120 1998 Cellulis,
1159 1927 1405 2004 Moyses
1446 1931 1506 1987 et
1553 1927 1777 1989 Benia-

218 2028 334 2090 min
376 2027 438 2087 in
476 2026 693 2099 Nitria,
761 2025 1025 2105 Scyrion
1060 2033 1122 2087 et
1189 2025 1397 2087 Helias
1446 2033 1506 2088 et
1553 2027 1780 2090 Paulus

218 2133 275 2192 in
311 2127 614 2209 Apeliote,
665 2125 822 2190 alius
861 2128 1087 2190 Paulus
1132 2128 1199 2190 in
1245 2131 1446 2206 Focis,
1499 2134 1778 2195 Poemen

219 2238 270 2290 et
308 2224 537 2304 Ioseph
579 2225 644 2286 in
684 2226 929 2304 Pispiri,
971 2227 1080 2306 qui
1124 2227 1556 2307 appellabatur
1595 2247 1778 2291 mons

217 2328 611 2393 Antonii.Sed
641 2334 702 2390 et
727 2328 883 2390 alios
913 2329 1314 2409 quamplures
1343 2329 1776 2394 huiuscemodi

213 2433 364 2492 viros
389 2431 453 2490 in
484 2429 750 2509 Aegypti
788 2430 1066 2509 partibus
1095 2429 1396 2504 habitare,
1419 2432 1585 2493 ﬁdeli
1611 2450 1779 2496 eom-

213 2533 474 2615 perimus
520 2531 734 2592 auditu
763 2530 870 2610 (2).
910 2554 938 2586 »
977 2533 1146 2593 Inter
1186 2535 1538 2612 Aegyptum
1583 2552 1776 2613 supe-

212 2635 425 2694 riorem
449 2637 514 2693 et
538 2631 898 2693 inferiorem
922 2632 973 2692 si
996 2631 1416 2711 distinguitur,
1437 2635 1778 2714 superioris

213 2734 390 2796 eremi
437 2733 780 2794 Macarium
826 2733 1200 2812 Aegyptium
1248 2735 1444 2796 Scetis
1480 2735 1774 2810 incolam,

207 2837 512 2900 inferioris
546 2834 1030 2897 Alexandrinum
1058 2835 1431 2898 Cellularum
1457 2839 1780 2917 presbyte-

207 2957 334 3002 rum
357 2938 559 3000 fuissc
589 2936 984 2999 crediderim.

221 3077 226 3080 -
280 3044 306 3114 §
344 3038 439 3099 43.
477 3038 776 3109 Socratis,
797 3036 1417 3110 Sozomeni,Suidae,
1439 3037 1778 3117 Nicephori

1879 1950 2027 1996 vero
2046 1942 2441 2015 acceptarum
2463 1940 2924 2004 reminiscendo
2955 1960 3084 2006 non
3113 1945 3460 2024 laedamus,

1881 2039 1942 2095 et
1964 2035 2042 2095 de
2063 2036 2454 2111 abstinentia,
2476 2057 2598 2118 qua
2619 2041 2942 2120 Evagrium
2965 2044 3065 2105 siti
3086 2062 3462 2126 oppressum

1880 2137 2098 2199 umbra
2117 2143 2478 2200 contentum
2495 2158 2630 2204 esse
2647 2143 2928 2219 iusserat,
2944 2146 3208 2209 redeunt
3222 2147 3328 2228 (8).
3347 2151 3462 2212 So-

1879 2253 2178 2300 zomenus
2208 2239 2285 2301 de
2315 2242 2592 2309 Macariis
2624 2261 2821 2322 pauca
2850 2246 3060 2308 retulit
3087 2265 3166 2308 ex
3192 2249 3463 2315 Historia

1878 2340 2193 2414 Lausiaca,
2215 2341 2334 2404 hoc
2356 2350 2562 2405 tamen
2587 2346 2932 2425 praemisso
2964 2350 3224 2413 exordio
3251 2369 3264 2411 :
3291 2376 3318 2408 «
3345 2354 3458 2414 Or-

1881 2440 2014 2501 diar
2038 2448 2244 2502 autem
2275 2443 2354 2504 ab
2382 2447 2686 2524 Aegypto,
2716 2451 2776 2507 et
2809 2463 2844 2508 a
2877 2446 3122 2510 duobus
3155 2452 3458 2529 Macariis,

1881 2539 2300 2602 celeberrimis
2314 2543 2680 2618 rectoribus,
2697 2544 2804 2624 qui
2816 2545 2880 2606 in
2893 2546 3071 2608 Scete
3089 2553 3148 2608 et
3163 2547 3227 2609 in
3245 2559 3461 2613 monte

1879 2641 2154 2718 regionis
2180 2642 2345 2704 illius
2374 2644 2799 2724 praefuerunt.
2824 2649 3100 2719 Quorum
3128 2647 3285 2710 alter
3314 2652 3458 2730 qui-

1881 2742 2023 2803 dem
2047 2745 2386 2824 Aegyptius
2406 2745 2714 2819 fuit,alter
2736 2755 3010 2821 πολιτικός
3053 2749 3096 2810 i.
3124 2768 3180 2812 e.
3203 2751 3460 2814 urbicus

1879 2842 2221 2905 dicebatur.
2240 2846 2380 2906 Erat
2402 2845 2566 2907 enim
2591 2847 2895 2910 oriundus
2917 2865 2994 2910 ex
3025 2849 3181 2912 urbe
3201 2851 3462 2914 Alexan-

1879 2940 2035 3002 dria.
2069 2943 2194 3004 Nec
2221 2961 2350 3004 non
2379 2951 2644 3024 uterque
2672 2946 2753 3007 ob
2782 2946 3054 3008 divinam
3093 2949 3457 3026 praescien-

1878 3041 2025 3102 tiam
2067 3060 2139 3106 ac
2177 3043 2644 3124 phi1050phiam
2682 3045 3064 3108 admirabilis
3100 3053 3161 3108 et
3197 3047 3458 3110 daemo-

206 3137 444 3212 Callisti,
495 3136 898 3216 aliorumque
927 3155 1164 3197 .rerum
1218 3137 1778 3200 ecclesiasticarum
1805 3140 1846 3196 C
1882 3141 2066 3204 nibus
2123 3141 2535 3206 formidabilis
2595 3145 2789 3208 multa
2834 3145 3134 3209 miracula
3176 3154 3236 3209 et
3274 3167 3457 3212 cura-

204 3238 601 3317 scriptorum,
633 3237 740 3316 qui
784 3253 914 3298 non
943 3243 1068 3297 tam
1113 3255 1227 3298 suo
1278 3235 1490 3310 Marte,
1522 3256 1710 3317 quam
1743 3256 1777 3301 e

202 3336 475 3399 fontibus
511 3336 642 3397 illis
681 3335 1011 3414 primariis,
1050 3353 1210 3414 quos
1252 3335 1582 3417 hucusque
1628 3355 1776 3401 exa-

202 3445 597 3519 minavimus,
621 3443 699 3505 de
727 3442 1006 3504 Macariis
1035 3443 1307 3516 tradunt,
1333 3443 1507 3506 locos
1535 3444 1782 3507 relatio-

201 3563 431 3626 nesque
476 3546 760 3622 integras
805 3545 870 3605 in
917 3544 1195 3605 mediam
1236 3543 1520 3624 proferre
1563 3563 1780 3626 super-

201 3652 385 3712 ﬂuum
417 3667 568 3712 esse
597 3655 776 3711 antea
804 3647 1083 3710 arbitrati
1107 3665 1323 3708 sumus
1353 3646 1461 3727 (3).
1493 3650 1780 3710 Attamen

199 3769 301 3812 eos
329 3751 615 3813 breviter
643 3765 972 3810 recensere
1001 3764 1036 3809 a
1065 3764 1133 3808 re
1169 3747 1446 3808 alienum
1475 3763 1606 3809 non
1640 3748 1775 3810 erit.

195 3855 267 3914 Et
309 3854 593 3915 Socratis
641 3851 896 3932 quidem
937 3857 1064 3912 tota
1107 3848 1186 3910 de
1235 3848 1514 3910 Macariis
1560 3849 1778 3911 relatio

197 3953 364 4018 libris
409 3955 667 4032 Evagrii
710 3953 1018 4024 innititur,
1051 3950 1327 4030 exceptis
1371 3949 1586 4030 paucis
1633 3951 1775 4030 qui-

197 4056 458 4118 busdam
507 4054 860 4118 sententiis.
909 4054 955 4114 E
1002 4068 1265 4131 quarum
1320 4067 1585 4112 numero
1636 4057 1782 4111 sunt

193 4157 315 4228 illa,
335 4175 505 4238 quae
531 4173 725 4236 supra
747 4155 823 4217 ad
847 4154 1076 4214 librum
1098 4151 1443 4214 secundum
1465 4151 1779 4231 respicere

195 4258 530 4320 docuimus
558 4257 666 4336 (4);
693 4256 847 4326 177
870 4254 980 4316 sed
1009 4253 1248 4325 ultima,
1271 4269 1435 4331 quae
1464 4269 1498 4313 e
1527 4253 1779 4314 Socrate

191 4357 273 4417 ibi
298 4356 660 4427 attulimus,
686 4354 871 4415 verba
899 4353 1053 4414 haec
1079 4369 1092 4412 :
1120 4375 1150 4409 ι
1181 4351 1522 4430 Aegyptius
1553 4353 1776 4427 (Maca-

1880 3243 2084 3303 tiones
2132 3245 2471 3324 stupendas
2514 3244 2778 3324 perfecit
2827 3245 2991 3327 (9).»
3037 3235 3198 3311 Illud
3246 3252 3456 3328 etiam,

1881 3343 2052 3422 quod
2083 3362 2272 3424 supra
2310 3345 2696 3420 monuimus,
2726 3349 3114 3410 Sozomenus
3144 3351 3315 3413 solus
3343 3369 3460 3414 nos

1881 3441 2123 3514 edocet,
2149 3445 2482 3507 Macarium
2511 3445 2998 3507 Alexandriam
3028 3454 3250 3523 serius,
3269 3468 3460 3530 quam

1879 3542 2278 3622 Aegyptium,
2301 3544 2738 3623 presbyterum
2765 3543 2998 3607 factum
3013 3531 3150 3609 esse
3175 3547 3318 3628 (10).
3353 3553 3462 3613 Ce-

1879 3653 2083 3708 terum
2100 3645 2456 3706 exHistoria
2470 3646 2764 3706 Lausiaca
2791 3636 3030 3707 famam.
3045 3647 3122 3708 de
3145 3657 3394 3712 mortuo
3422 3669 3460 3714 a

1879 3747 2145 3813 Macario
2183 3745 2487 3823 Aegyptio
2525 3744 2602 3806 ad
2640 3744 3014 3806 Hieraeitam
3044 3745 3458 3811 refellendum

1881 3847 2198 3921 suscitato,
2239 3847 2316 3907 de
2359 3851 2559 3906 aetate
2603 3845 2851 3906 Macarii
2899 3847 3211 3926 Aegyptii,
3244 3855 3307 3910 et
3347 3867 3459 3911 cur

1882 3965 2115 4009 nomen
2157 3955 2586 4027 παιδαριογέρων
2633 3945 2792 4016 178
2829 3945 2887 4007 ei
2929 3946 3196 4008 inditum
3245 3948 3455 4025 fuerit,

1879 4047 2192 4120 historias,
2213 4047 2485 4125 denique
2512 4045 2890 4123 singularem
2922 4047 3171 4109 Macarii
3197 4047 3460 4111 Alexan-

1882 4149 2044 4210 drini
2069 4147 2512 4210 continentiam
2537 4146 2788 4208 tradidit
2810 4145 2954 4226 (11).
2985 4148 3310 4211 Praeterea
3338 4148 3456 4214 So-

1880 4266 2181 4310 zomenus
2226 4247 2560 4310 Macarium
2611 4246 3098 4309 Alexandrinum
3130 4272 3158 4306 «
3191 4249 3458 4314 Cellula-

1882 4369 2020 4412 rum
2079 4351 2515 4430 presbyterum
2557 4371 2582 4403 »
2632 4347 2842 4409 denuo
2899 4348 3129 4424 laudat,
3173 4351 3285 4429 qui
3328 4370 3459 4416 non

197 4454 338 4530 rius]
373 4460 470 4515 tot
500 4453 744 4514 sanavit
771 4467 1014 4527 aegros,
1036 4455 1128 4510 tot
1159 4449 1449 4511 obsessos
1469 4466 1504 4510 a
1531 4449 1782 4512 daemo-
1812 4481 1855 4536 ι)
1882 4469 1972 4525 se,
2004 4451 2114 4512 sed
2165 4449 2457 4526 angelum
2505 4449 2711 4509 Marco
2759 4465 3011 4527 semper
3039 4466 3134 4523 ea,
3171 4475 3198 4505 «
3233 4469 3394 4530 quae
3423 4472 3459 4516 a

192 4556 370 4618 nibus
400 4554 721 4628 liberavit,
753 4559 843 4625 ut,
875 4569 1036 4632 quae
1064 4567 1178 4630 per
1211 4550 1467 4628 gratiam
1498 4550 1606 4611 Dei
1638 4567 1778 4628 ges-

194 4657 367 4728 serit,
405 4662 778 4737 separatum
809 4671 970 4733 opus
997 4651 1350 4714 desiderent
1382 4650 1526 4724 (5),»
1578 4651 1656 4713 ad
1689 4650 1775 4712 si-

257 4873 330 4944 (l)
372 4872 456 4927 lo.
507 4849 894 4943 Chrysoslomi
941 4865 1080 4938 Opp.
1123 4867 1213 4922 ed.
1252 4865 1605 4921 Montt‘aucon
1668 4865 1781 4921 T.l

191 4982 235 5033 p.
268 4967 338 5021 44
373 4981 507 5035 sqq.

257 5055 331 5122 (2)
376 5053 581 5109 Ruﬁn.
627 5051 768 5106 Hist.
809 5051 959 5107 Eccl.
989 5050 1082 5103 lib.
1119 5049 1158 5102 11
1194 5064 1315 5118 cap.
1348 5049 1380 5102 8
1415 5047 1501 5104 ed.
1533 5048 1702 5104 Basil.
1741 5050 1776 5104 1.

190 5160 240 5210 p.
265 5146 408 5208 946;
447 5143 645 5197 Ruﬁni
677 5141 814 5212 Opp.
842 5140 929 5195 ed.
961 5138 1192 5194 Vallarsi
1228 5155 1280 5210 p.
1305 5138 1432 5202 278,
1466 5138 1644 5207 Migne
1673 5137 1778 5193 Pa-

190 5237 310 5292 trol.
345 5237 415 5290 Τ.
450 5234 590 5288 XXI
625 5251 678 5304 p.
711 5233 834 5288 517.

145 5348 147 5355 ε
254 5327 331 5394 (3)
378 5325 577 5394 Supra
614 5321 640 5394 ᾗ
677 5324 736 5376 11
762 5341 816 5394 p.
851 5323 942 5377 37.

146 5399 150 5402 ’
255 5417 332 5487 (ι)
377 5418 579 5486 Supra
613 5415 639 5486 δ
670 5415 740 5470 24
777 5432 827 5486 p.
864 5416 961 5469 ill
998 5431 1083 5486 sq.

253 5508 330 5576 (5)
375 5508 443 5560 L.
485 5507 532 5560 1.

254 5599 329 5665 (6)
368 5597 464 5652 Cf.
501 5595 729 5668 supra§
766 5597 836 5649 Ἦ
867 5613 919 5666 p.
956 5593 1076 5650 114.

251 5691 327 5761 (7)
372 5691 550 5746 Socr.
585 5687 723 5743 Ilist.
755 5688 905 5744 Eccl.
933 5689 1030 5743 lib.
1066 5687 1130 5742 IV
1155 5682 1372 5762 cap.‘:!3
1396 5687 1481 5743 ed.
1509 5687 1545 5742 l.
1574 5703 1625 5758 p.
1651 5687 1775 5742 251.

186 5780 270 5842 Ci.
300 5800 477 5857 supra
501 5784 558 5850 ᾗ.
597 5781 664 5837 23
695 5799 747 5851 p.
781 5783 869 5837 97.

1884 4549 2207 4612 sacerdote
2268 4546 2555 4608 ﬁdelibus
2611 4545 2690 4606 ad
2752 4545 2942 4606 altare
3010 4549 3298 4625 praeberi
3362 4550 3459 4611 ius

1884 4651 2102 4730 fasque
2137 4655 2231 4711 est
2261 4647 2407 4728 (1‘2),
2435 4671 2462 4702 »
2492 4645 2842 4726 porrexisse
2864 4645 3168 4720 docuerit,
3196 4647 3254 4707 id
3285 4649 3459 4726 quod

1955 4869 2035 4940 (8)
2076 4870 2232 4923 Socr.
2265 4870 2303 4922 l.
2338 4869 2435 4937 l.p.
2465 4867 2571 4921 255
2601 4866 2950 4937 sq.Cf.supra
2992 4867 3018 4937 §
3055 4867 3126 4921 29
3155 4882 3209 4935 p.
3245 4867 3346 4921 119
3373 4885 3457 4936 sq.

1955 4962 2030 5031 (9)
2073 4963 2288 5017 Sozom.
2335 4959 2478 5014 Hist.
2524 4959 2670 5013 Eccl.
2705 4960 2810 5016 lib.
2843 4959 2912 5014 lll
2942 4976 3064 5030 cap.
3101 4960 3167 5014 14
3201 4960 3289 5015 ed.
3322 4960 3356 5014 l.
3401 4977 3455 5031 p.

1883 5052 1987 5106 515
2021 5068 2102 5121 sq.
2628 5047 2630 5050 ’

1956 5145 2065 5212 (10)
2105 5141 2187 5196 Cf.
2228 5140 2527 5214 supra§2l
2565 5157 2618 5214 p.
2652 5141 2722 5196 87
2749 5159 2832 5212 sq.

1956 5235 2068 5304 (ll)
2109 5233 2326 5288 Sozom.
2365 5235 2399 5287 l.
2437 5235 2471 5286 l.

1956 5326 2066 5397 (1‘2)
2110 5325 2326 5380 Sozom.
2351 5325 2489 5380 Hist.
2522 5324 2668 5380 Eccl.
2702 5325 2799 5379 lib.
2836 5322 2904 5378 Vl
2939 5339 3060 5395 cap.
3091 5325 3160 5382 ‘29
3199 5327 3286 5381 ed.
3330 5325 3368 5380 l.
3401 5343 3455 5396 p.

1883 5418 2006 5472 681.
2048 5416 2224 5472 Probe
2260 5417 2689 5482 animadvertas,
2727 5417 3088 5472 Sozomenum
3127 5417 3182 5472 li.
3222 5419 3257 5471 l.
3291 5420 3434 5472 inter

1890 5525 1908 5556 ι
1947 5505 2243 5560 Macarium
2275 5506 2608 5560 Cellularum
2642 5507 3044 5576 presbyterum,
3080 5527 3096 5558 ι
3135 5515 3189 5562 et
3226 5527 3242 5559 ε
3279 5507 3454 5562 Maca-

1884 5600 2028 5652 rinm
2066 5618 2082 5647 ι
2115 5598 2199 5652 vel
2232 5618 2250 5650 ι
2287 5597 2584 5652 Macarium
2629 5598 2900 5652 iuniorem
2937 5618 2956 5650 ›
2990 5599 3345 5672 distinguere,
3381 5602 3455 5654 ita

1887 5700 1946 5746 ut
1973 5693 2137 5745 verba
2165 5706 2179 5743 :
2214 5709 2231 5742 (
2263 5688 2503 5745 Macario
2527 5706 2717 5744 verum
2744 5691 3000 5745 donatum
3034 5692 3135 5746 fuit
3164 5707 3192 5746 a
3223 5691 3397 5746 Deo...
3433 5711 3453 5744 ι

1891 5801 1998 5840 non
2026 5784 2089 5839 de
2122 5782 2357 5839 Macario
2388 5783 2718 5838 Cellnlarum
2753 5783 3093 5852 presbytero,
3120 5784 3211 5838 sed
3241 5784 3306 5837 tle
3342 5781 3451 5836 Ma-
