4040 6602
614 370 720 427 16⁸1

1401 362 1502 419 SS.
1548 356 2011 417 MACARIORI'M
2053 354 2183 411 AEC

2287 353 2373 410 ΤΙΙ
2406 354 2495 410 ΕΤ
2531 355 2999 413 ΑιΕΧΑΝοΜΝι
3745 370 3827 430 168

611 510 801 575 supra
830 509 864 553 e
892 488 1167 553 Palladio
1198 482 1726 567 percepimus(1).
1757 480 1936 561 Apud
1978 476 2186 540 Theo-
2218 484 2263 538 A
2290 477 2500 542 biliter
2552 480 2931 559 praedicavit
2980 482 3207 561 iisque,
3257 480 3369 562 qui
3422 481 3490 545 in
3541 486 3830 559 tormentis

612 596 904 659 doretum
947 598 1197 673 praeter
1245 605 1341 664 ea,
1383 602 1547 667 quae
1592 583 1944 646 audivimus
1973 579 2080 661 (2),
2110 577 2191 640 de

609 695 892 760 Macariis
911 692 1140 756 nostris
1158 688 1317 751 nihil
1334 686 1568 768 reperi.
1596 687 1815 764 Neque
1848 682 2191 763 quidquam

608 797 777 881 apud
804 793 1091 858 Orosium
1112 792 1189 854 de
1210 790 1431 852 iisdem
1452 786 1697 868 uspiam
1724 784 1981 864 legitur;
2003 788 2191 862 atque

610 916 708 973 ea,
750 913 913 977 quae
952 895 1021 956 in
1067 888 1416 954 Cassiodori
1462 886 1721 950 historia
1764 883 2071 964 tripartita
2111 882 2191 943 de

609 997 894 1062 Macariis
945 992 1255 1073 Aegyptio
1298 996 1361 1052 et
1398 986 1819 1049 Alexandrino
1856 989 2121 1056 exstant,
2154 998 2190 1043 e

609 1102 865 1162 Socrate
897 1102 959 1158 et
1001 1091 1400 1156 Thendoreto
1432 1089 1760 1168 desumpta
1788 1091 1931 1148 sunt
1958 1084 2063 1165 (3).
2101 1083 2192 1144 Si-

610 1199 841 1263 militer
861 1192 1356 1272 Suidasid,quod
1371 1208 1492 1253 s.v.
1506 1189 1829 1251 Macarius
1853 1185 2065 1249 scribit
2081 1183 2186 1263 (4),

611 1319 646 1364 e
678 1303 955 1372 Socrate,
983 1314 1055 1359 ac
1082 1292 1477 1374 Nicephorus
1507 1289 1787 1352 Callistus
1816 1304 1976 1367 quae
2001 1283 2190 1346 habet

612 1404 720 1486 (5),
743 1420 779 1465 e
804 1402 1157 1464 Sozomeno
1188 1404 1249 1459 et
1276 1413 1310 1458 e
1340 1396 1591 1456 Socrate
1619 1387 2055 1469 compilarunt.

576 1576 587 1595 ’
686 1584 1006 1649 Fabricius
1064 1581 1133 1642 in
1204 1572 1589 1639 Bibliotheca
1655 1571 1889 1631 Graeca
1954 1564 2186 1646 passim

609 1692 907 1753 Ioannem
937 1680 1250 1764 quendam
1294 1672 1707 1753 Hagioelitam
1732 1668 1829 1730 vel
1863 1667 2186 1746 HagiOpo-

608 1793 782 1854 litam
808 1790 853 1851 i.
887 1804 946 1850 e.
987 1779 1624 1859 Hierosolymitanum
1656 1771 1961 1845 nominat,
1997 1784 2187 1848 quem

606 1890 694 1952 ait
745 1890 956 1949 Leone
1010 1880 1230 1943 Allatio
1275 1883 1436 1939 teste
1490 1873 1861 1935 Encomium
1913 1868 2188 1930 Macarii

608 1987 902 2068 Aegyptii
918 1986 986 2047 in
1011 1977 1410 2045 bibliothecis
1430 1974 1615 2038 codd.
1641 1989 1790 2033 mss.
1817 1968 2189 2031 delitescens

611 2093 967 2156 elaborasse
1007 2085 1115 2167 (6).
1169 2082 1355 2145 Cuius
1410 2074 1701 2159 Opusculi
1751 2069 1877 2135 Leo
1934 2070 2190 2132 Allatius

611 2196 754 2257 data
794 2188 1127 2254 occasione
1163 2184 1289 2247 duo
1320 2197 1506 2262 parva
1535 2174 1794 2259 protulit
1819 2174 2186 2250 fragmenta,

609 2312 808 2359 unum
842 2293 913 2354 in
948 2289 1109 2352 libro
1148 2303 1263 2349 suo
1294 2285 1372 2347 de
1410 2279 1801 2363 purgatorio,
1827 2274 2089 2338 alterum
2122 2271 2189 2332 in

610 2392 1047 2459 dissertatione
1078 2390 1156 2463 II,
1182 2402 1371 2466 quam
1414 2382 1495 2444 de
1536 2379 1712 2442 libris
1755 2371 2190 2439 ecclesiasticis

610 2497 989 2556 Graecorum
1014 2487 1173 2557 179
1186 2482 1451 2563 scripsit.
1474 2480 1654 2541 Prius
1674 2477 1864 2556 igitur
1881 2473 2191 2551 fragmen-

608 2603 740 2658 tum
782 2592 971 2654 latine
1015 2587 1327 2650 redditum
1369 2583 1491 2644 hoc
1534 2586 1667 2642 est:
1700 2601 1729 2634 α
1760 2574 2046 2657 Oportuit
2073 2588 2187 2633 au-

610 2706 739 2759 tem
765 2701 827 2757 et
858 2708 1001 2756 eum
1034 2693 1255 2768 utpete
1287 2682 1605 2746 hominem
1637 2692 1975 2742 commune
2004 2672 2188 2735 debi-

608 2805 742 2860 tum
783 2794 1105 2858 exsolvere
1146 2794 1208 2852 et
1242 2789 1311 2849 in
1350 2784 1637 2865 requiem
1681 2780 1853 2842 illam
1897 2776 2185 2839 transire.

609 2895 955 2959 Arcessitur
1002 2890 1171 2953 enim
1217 2906 1254 2951 a
1299 2893 1541 2949 rectore
1592 2881 1876 2945 omnium
1930 2879 2061 2940 Deo
2110 2878 2190 2940 ad

609 3002 855 3063 beatam
876 2995 1176 3076 quietem,
1195 2991 1333 3071 ipse
1351 3004 1495 3049 vere
1516 2986 1758 3058 beatus,
1779 2988 1840 3043 et
1859 2978 2188 3042 Dominico

610 3101 841 3162 throno
877 3095 1126 3169 assistit,
1168 3092 1246 3155 ad
1297 3088 1664 3168 angelorum
1706 3088 1923 3147 coetus
1962 3097 2187 3161 prove-

2293 585 2490 653 erant,
2511 578 2945 657 cessationem,
2965 600 3107 645 cum
3137 600 3253 662 pro
3280 582 3404 645 illis
3428 584 3826 670 funderentur,

2293 680 2768 763 suppeditantes
2794 684 3158 744 monstravit
3182 681 3424 765 (9).»Ex
3447 686 3674 764 quibus
3698 707 3828 755 con-

2290 782 2537 857 ieceris,
2594 780 2955 843 encomium
2978 778 3132 841 illud
3166 783 3519 866 hucusque,
3560 798 3829 867 quantum

2292 884 2507 957 sciam,
2542 882 2847 945 ineditum
2873 881 2992 962 (10)
3034 898 3384 947 sermonem
3418 891 3831 968 panegyricum

2292 1001 2453 1058 esse,
2478 999 2604 1063 quo
2629 982 2932 1045 Macarius
2961 981 3301 1061 Aegyptius
3327 981 3614 1050 laudibus
3637 991 3827 1058 effera-

2290 1091 2412 1146 tur.
2437 1086 2563 1146 Nec
2590 1100 2720 1145 non
2747 1082 2917 1145 idem
2946 1083 3305 1145 encomium
3336 1086 3694 1151 Assemanni
3718 1056 3855 1157 lauv-i

2290 1185 2395 1248 dat
2422 1185 2490 1246 in
2526 1184 2926 1259 Calendariis,
2950 1184 3267 1263 vitamque
3299 1184 3546 1246 Macarii
3583 1188 3831 1276 Aegyptii

2287 1302 2325 1347 a
2378 1286 2616 1347 Ioanne
2679 1282 3077 1363 Hagiopolita
3136 1300 3250 1344 seu
3300 1283 3833 1364 Hierosolymitano

2287 1386 2583 1465 scriptam
2598 1384 2873 1467 appellat
2894 1382 3035 1464 (11).
3062 1384 3344 1446 Eundem
3370 1402 3560 1465 porro
3572 1388 3835 1454 Ioannem

2288 1488 2700 1567 Hagioelitam
2752 1505 2867 1550 seu
2920 1487 3383 1567 HagiOpolitam
3434 1488 3561 1548 Leo
3614 1486 3839 1555 Allatius

2287 1590 2436 1653 alibi
2465 1595 2611 1671 post
2649 1591 2950 1651 Ioannem
2978 1582 3441 1651 'Damascenum
3473 1588 3558 1650 ita
3586 1605 3836 1654 comme-

2286 1697 2512 1765 morat,
2543 1694 2614 1751 ut
2652 1706 2783 1750 non
2826 1686 3025 1749 multo
3068 1686 3190 1749 hoc
3228 1686 3428 1748 serius
3464 1686 3689 1749 vixisse
3718 1707 3838 1754 eum

2288 1792 2621 1855 verisimile
2634 1790 2915 1853 videatur
2938 1788 3336 1869 (12).Rursus
3368 1789 3527 1860 180
3553 1789 3619 1850 in
3645 1791 3841 1856 Leonis

2288 1891 2491 1954 Allatii
2523 1890 2687 1952 libro
2721 1898 3014 1971 Συμμικτά
3043 1888 3349 1968 inscripto
3379 1887 3711 1967 Epiphanii
3734 1892 3841 1953 Ha-

2290 1992 2629 2073 giopolitae
2702 1991 3052 2054 Enarratt'o
3103 1989 3350 2067 Syriae,
3404 1987 3580 2049 urbis
3622 2001 3845 2052 sanctae

2290 2104 2347 2156 et
2391 2112 2715 2156 sacrorum
2747 2092 2839 2155 ibi
2880 2092 3155 2153 locorum
3212 2090 3499 2165 habetur,
3540 2091 3649 2151 ubi
3686 2103 3841 2172 post-

2289 2214 2478 2277 quam
2511 2197 2572 2257 S.
2600 2197 2820 2257 Menae
2850 2200 2912 2255 et
2939 2195 3001 2255 S.
3033 2191 3425 2265 Theodorae,
3458 2215 3487 2247 «
3524 2210 3683 2271 quae
3723 2212 3842 2255 mu-

2288 2304 2417 2359 tato
2450 2296 2706 2357 nomine
2728 2293 2892 2357 dicta
2914 2300 3007 2356 est
3029 2292 3398 2355 Theodorus
3420 2299 3480 2354 et
3501 2303 3795 2368 accusata,
3821 2320 3844 2352 ι»

2289 2398 2623 2479 sepulchra
2671 2403 3013 2459 memorata
3058 2401 3227 2470 sunt,
3268 2395 3347 2457 de
3397 2395 3666 2457 Macario
3713 2395 3845 2460 haec

2290 2500 2635 2578 leguntur:
2683 2520 2711 2553 α
2755 2498 2917 2559 Hinc
2966 2495 3045 2558 ad
3092 2495 3417 2557 meridiem
3464 2494 3849 2559 Alexandriae

2290 2620 2401 2664 sex
2446 2600 2690 2662 dierum
2740 2599 2942 2678 spatio
2989 2602 3268 2659 remotus
3314 2602 3407 2657 est
3456 2597 3517 2656 S.
3569 2598 3850 2661 Macarius

2290 2717 2577 2778 magnus,
2610 2698 2721 2779 qui
2764 2697 3055 2778 paradiso
3103 2695 3653 2775 adprOpinquavit.
3686 2697 3852 2759 Cuius

2290 2800 2741 2862 monasterium
2776 2798 3033 2860 abbates
3070 2796 3240 2857 mille
3279 2796 3558 2858 continet
3602 2803 3663 2857 et
3704 2796 3851 2859 mille

2290 2901 2578 2975 cellulas;
2622 2906 2717 2962 est
2763 2906 2973 2961 autem
3017 2898 3327 2959 munitum
3371 2898 3568 2960 instar
3613 2901 3851 2962 castelli.

2289 3006 2491 3082 Atque
2531 3018 2568 3063 a
2609 3001 2671 3061 S.
2714 2998 2983 3062 Macario
3035 2997 3268 3058 distant
3313 2996 3555 3058 dierum
3607 3004 3852 3076 quatuor

2291 3102 2516 3163 itinere
2557 3098 2931 3180 repositoria
2970 3097 3215 3157 XXXVI
3256 3097 3530 3177 Iosephi,
3565 3114 3647 3158 ex
3672 3097 3854 3178 iisque

610 3210 748 3264 είυε
778 3199 885 3280 (⁷)ο
920 3219 951 3254 ³⁵
985 3196 1262 3257 Alterum
1288 3206 1435 3252 νθτο
1461 3188 1540 3251 δά
1568 3185 1842 3249 fab‘ﬂam
1868 3184 1946 3245 de
1987 3183 2186 3282 capit?
2214 3177 2255 3234 θ
2294 3203 2449 3264 locis
2488 3177 2969 3282 prae—tervehere
3011 3205 3193 3279 potes
3230 3196 3462 3259 Phison
3495 3177 3854 3260 ﬂuviumiad

611 3278 955 3361 sacerdotis
976 3290 1225 3372 gentilis
1252 3286 1519 3350 Macario
1542 3283 1847 3363 Aegyptio
1868 3281 1945 3343 de
1967 3278 2190 3359 poenis

609 3396 844 3462 inferni
874 3394 1219 3456 disserente
1244 3388 1325 3468 (8)
1354 3384 1610 3466 respicit
1646 3383 1871 3462 bisque
1905 3378 2189 3459 concipi-

611 3508 714 3562 tur
733 3495 939 3559 verbis
961 3511 975 3555 :
1002 3516 1031 3550 α
1055 3492 1239 3553 Cuius
1265 3504 1484 3569 preces
1506 3492 1566 3548 et
1585 3483 1847 3547 calvaria
1867 3480 2191 3545 cuiusdam

614 3597 863 3679 gentilis
890 3591 1228 3657 sacerdotis
1254 3589 1321 3650 in
1351 3603 1565 3655 eremo
1602 3584 1883 3666 proiecta
1918 3580 2187 3643 admira-

611 3742 1014 3805 carioiuniore,
1041 3738 1137 3810 qui
1166 3736 1486 3793 adolescens
1523 3730 1743 3789 caedem
1762 3727 2183 3786 involuntariam

620 3831 851 3892 fecerat,
881 3829 1120 3883 valeant.

683 3922 760 3995 (1)
804 3920 833 3993 §
874 3920 940 3975 19
979 3935 1034 3990 p.
1077 3917 1167 3971 71.
1200 3914 1263 3986 .§.
1303 3914 1375 3970 25
1411 3930 1465 3985 p.
1509 3911 1633 3967 101.

682 4015 759 4084 (ε)
804 4014 831 4084 §
870 4012 939 4066 ιε
974 4027 1028 4082 p.
1070 4009 1194 4063 tu.

681 4110 757 4180 ('5)
782 4107 1153 4175 Hist.tripart.
1189 4103 1283 4156 lib.
1307 4099 1395 4154 νει
1421 4114 1541 4169 cap.
1578 4098 1631 4153 1.
1665 4097 1697 4149 7
1725 4096 1811 4152 ed.
1843 4094 2011 4150 Basil.
2044 4093 2182 4147 1544

611 4218 667 4273 p.
700 4201 822 4255 482.
857 4197 961 4253 492
996 4200 1048 4264 (e
1088 4195 1354 4261 Socrate),
1379 4192 1478 4247 lib.
1519 4189 1610 4243 Vll
1645 4204 1765 4258 cap.
1797 4188 1866 4243 39
1900 4203 1953 4257 p.
1988 4187 2094 4240 475
2133 4186 2183 4255 (e

611 4292 980 4352 Theodoreto.
1001 4288 1085 4343 vel
1108 4287 1290 4358 potius
1308 4301 1338 4342 e
1358 4284 1579 4349 Ruﬁno,
1597 4283 1798 4354 quippe
1818 4295 1980 4352 quem
2004 4277 2181 4333 Theo-

611 4385 834 4442 doretus
859 4380 1162 4453 sequatur).

682 4477 760 4547 (4)
801 4474 1003 4529 Suidae
1034 4473 1220 4531 Lexic.
1252 4472 1307 4527 h.
1335 4487 1389 4525 ν.

681 4569 762 4641 (5)
802 4567 1031 4639 Niceph.
1077 4566 1289 4622 Callisti
1336 4562 1482 4620 Eccl.
1524 4560 1668 4617 Hist.
1709 4560 1805 4615 lib.
1840 4559 1912 4614 1x
1950 4574 2073 4627 cap.
2116 4557 2184 4613 14

610 4665 701 4721 ed.
747 4662 915 4718 Basil.
965 4659 1105 4716 1555
1150 4674 1206 4728 p.
1243 4658 1370 4725 406,
1416 4657 1513 4711 lib.
1545 4652 1617 4708 XI
1650 4669 1773 4724 cap.
1812 4652 1880 4708 55
1914 4669 1967 4723 p.
1992 4651 2100 4707 572
2131 4653 2183 4722 (θ

613 4754 963 4823 Sozomcno);
990 4754 1087 4808 lib.
1118 4750 1190 4806 XI
1220 4766 1341 4821 cap.
1373 4749 1443 4804 42
1474 4765 1522 4821 p.
1553 4748 1658 4805 579
1684 4748 1735 4816 (e
1769 4745 2039 4813 Socr'ate).

683 4850 759 4921 (6)
800 4846 1036 4903 Fabricii
1080 4844 1216 4900 Bibl.
1255 4842 1448 4898 Graec.
1478 4841 1567 4897 ed.
1608 4840 1850 4895 llarless.
1881 4838 2181 4909 Hamburg.

611 4942 768 4999 1801.
801 4939 865 4997 Τ.
894 4938 946 4994 X
973 4954 1027 5009 p.
1057 4938 1173 4993 106.
1209 4935 1335 4991 e71.
1372 4933 1436 4988 T.
1468 4932 1538 4988 x1
1574 4949 1624 5004 p.
1653 4932 1777 4987 657.

680 5033 758 5104 (7)
790 5030 935 5085 Ἔδει
980 5029 1038 5081 δὲ
1089 5028 1181 5082 καὶ
1225 5026 1412 5081 τοῦτον
1465 5026 1540 5090 ὡς
1583 5026 1867 5095 ἄνθρωπον
1911 5022 1972 5078 τὸ
2004 5022 2182 5077 κοινὸν

609 5128 866 5182 ἀποτῖσαι
918 5124 1097 5196 χρέος,
1147 5124 1241 5177 καὶ
1286 5123 1421 5193 πρὸς
1470 5120 1567 5192 τὴν
1622 5120 1831 5173 ἐκεῖθεν
1881 5118 2181 5191 μεταϐῆναι

609 5220 937 5273 ἀνάπαυσιν.
992 5213 1374 5287 μετακαλεῖται
1422 5212 1571 5284 παρὰ
1606 5210 1700 5265 τοῦ
1746 5212 1855 5265 τῶν
1884 5211 2023 5264 ὅλων
2043 5210 2178 5264 Θεοῦ

608 5311 745 5383 πρὸς
772 5311 869 5380 τὴν
902 5308 1176 5380 μακαρίαν
1208 5305 1379 5378 λῆξιν,
1410 5306 1438 5357 ὁ
1470 5304 1635 5367 ὅντως
1666 5304 1930 5375 μακάριος
1970 5303 2064 5356 καὶ
2104 5301 2181 5372 τῷ

607 5400 908 5471 δεσποτικῷ
950 5399 1123 5469 θρόνῳ
1178 5395 1598 5468 μετακομίζεται
1648 5394 1887 5466 χορείαις
1935 5393 2181 5463 άγγέλων

610 5492 1157 5565 προπομπευόμενος.
1212 5490 1410 5546 Leonis
1449 5489 1635 5544 Allatii
1672 5489 1740 5545 de
1771 5488 2061 5560 utriusque
2080 5484 2178 5542 Ec-

609 5587 810 5643 clesiae
862 5585 1217 5639 occidentalis
1261 5594 1423 5654 atque
1469 5584 1755 5639 orientalis
1811 5591 2070 5654 perpetua
2123 5583 2175 5636 in

610 5678 863 5748 dogmate
906 5676 973 5730 de
1007 5678 1325 5747 purgatorio
1352 5677 1734 5741 consensione,
1774 5676 1977 5732 Romae
2032 5676 2167 5731 1655

611 5787 665 5845 p.
700 5770 802 5824 ’754
832 5787 916 5839 sq.

681 5866 758 5937 (8)
802 5865 973 5936 Supra
1012 5864 1137 5935 §52
1168 5880 1219 5932 p.
1254 5863 1373 5916 Ml.

2288 3310 2571 3382 pontem,
2622 3299 2733 3379 qui
2797 3298 3140 3360 sustinetur
3200 3297 3518 3375 octoginta
3586 3298 3853 3376 navigiis,

2287 3406 2473 3477 atque
2519 3395 2668 3457 inde
2736 3394 3120 3472 Babylonem
3176 3412 3464 3472 magnam
3526 3395 3858 3458 Pharaonis

2288 3500 2520 3576 regiam
2553 3497 2903 3575 ingrederis
2932 3494 3119 3577 (13).»
3149 3497 3265 3557 Vix
3287 3496 3546 3557 dubium
3579 3503 3697 3570 est,
3720 3498 3855 3576 quin

2289 3601 2367 3662 de
2430 3598 2809 3661 monasterio
2879 3595 3129 3659 Macarii
3191 3596 3480 3677 Aegyptii
3547 3596 3855 3677 loquatur.

2361 3746 2435 3813 (9)
2472 3728 2548 3797 Οὗ
2592 3743 2692 3805 τὰς
2718 3742 3025 3814 προσευχὰς
3048 3741 3142 3798 καὶ
3179 3741 3398 3812 κρανίον
3426 3742 3696 3815 Ἕλληνός
3730 3758 3855 3804 τινος

2286 3835 2481 3905 ἱερέως
2526 3835 2584 3886 ὲν
2610 3834 2800 3905 ἐρήμῳ
2841 3835 3091 3903 κείμενον
3137 3830 3453 3903 παραδόξως
3501 3829 3858 3903 άνεκήρυξεν,

2286 3927 2383 3980 καὶ
2414 3928 2526 3989 τοῖς
2563 3926 2620 3978 ὲν
2641 3927 2752 3988 τοῖς
2778 3923 3031 3995 βασάνοις
3059 3923 3242 3978 ἄνεσιν
3273 3921 3647 3993 χαριζομένας
3679 3922 3857 3974 ἐνέδει-

2288 4018 2409 4084 ξεν,
2467 4019 2594 4072 ὅταν
2631 4017 2773 4088 ὑπὲρ
2815 4016 2995 4070 αὐτῶν
3024 4015 3286 4085 γένοιντο.
3334 4014 3532 4070 Leonis
3568 4015 3756 4069 Allatii
3802 4014 3859 4067 de

2286 4112 2441 4165 libris
2474 4109 2781 4165 ecclesiast.
2802 4106 3132 4164 Graecorum
3163 4107 3382 4163 dissert.
3411 4105 3474 4162 ll.
3504 4106 3702 4162 Paris.
3740 4104 3860 4159 1643

2285 4219 2338 4273 p.
2379 4202 2499 4257 123.

2356 4295 2469 4365 (10)
2497 4292 2785 4348 Fabricius
2817 4308 2989 4347 unum
3020 4299 3232 4346 tantum
3261 4290 3505 4346 codicem
3536 4288 3858 4345 laudatNa-

2284 4390 2504 4443 nianum
2536 4384 2803 4441 CXXXVI
2839 4383 2937 4440 Nr.
2970 4385 3063 4451 Ἡ,
3091 4400 3201 4456 quo
3238 4384 3551 4440 encomium
3602 4381 3754 4438 istud
3795 4381 3859 4434 le-

2286 4481 2452 4547 gitur,
2515 4478 2814 4549 loannique
2891 4476 3222 4548 Hagioelitae
3294 4475 3663 4531 adscribitur.
3731 4472 3857 4526 Bibl.

2290 4571 2493 4625 Graeca
2533 4571 2624 4625 ed.
2666 4569 2909 4626 Harless.
2951 4567 3016 4623 Τ.
3061 4566 3100 4622 Χ
3148 4585 3203 4640 p.
3233 4567 3361 4623 271.

2358 4664 2469 4735 (11)
2508 4664 2836 4720 Assemanni
2878 4663 3204 4718 Calendaria
3242 4659 3515 4718 Ecclesiae
3576 4661 3861 4715 universae

2284 4754 2349 4811 Τ.
2382 4754 2448 4809 Vl
2489 4754 2698 4809 Romae
2736 4752 2877 4809 1755
2905 4770 2958 4824 p.
2988 4753 3078 4808 98.

2356 4850 2469 4921 (12)
2511 4848 2692 4915 Libri,
2747 4849 2839 4918 qui
2902 4845 3530 4903 inscribiturzloannes
3593 4845 3860 4899 Henricus

2283 4942 2637 5013 llottingerus
2666 4940 2877 4996 fraudis
2907 4949 2962 4995 et
2995 4940 3335 5010 imposturae
3372 4937 3716 4993 manifestae
3741 4951 3861 4991 con-

2281 5038 2459 5091 victus
2489 5050 2519 5087 a
2552 5033 2731 5089 Leone
2762 5032 2985 5096 Allatio,
3023 5029 3227 5086 Romae
3256 5029 3389 5083 1661
3427 5044 3478 5098 p.
3516 5028 3655 5083 156.

2352 5128 2463 5199 (15)
2498 5127 2605 5179 Kal.
2638 5126 2774 5197 πρὸς
2804 5123 2952 5177 νότον
2980 5123 3079 5192 τῆς
3108 5120 3515 5191 Ἀλεξανδρείας
3541 5119 3782 5193 ἡμερῶν
3810 5116 3865 5182 ἓξ

2281 5219 2508 5274 κεῖταιὸ
2553 5217 2705 5288 ἅγιος
2732 5216 3017 5286 Μακάριος
3045 5216 3073 5267 ὁ
3116 5213 3311 5285 μέγας,
3352 5213 3381 5266 ὁ
3428 5211 3759 5282 πλησιάσας
3782 5210 3862 5262 τὸν

2281 5311 2623 5385 παράδεισον.
2683 5308 2839 5378 Ἔχει
2865 5306 2923 5359 δὲ
2950 5309 2982 5376 ή
3014 5304 3179 5359 αὐτοῦ
3222 5305 3355 5377 μονὴ
3407 5303 3628 5368 ἀδάδοις
3668 5303 3863 5375 χιλίους

2282 5406 2374 5458 καὶ
2394 5403 2540 5474 χίλια
2578 5400 2784 5455 κελλία.
2832 5398 2979 5451 Ἐστὶ
3010 5397 3067 5451 δὲ
3101 5397 3454 5469 ίδιόκαστρον,
3495 5397 3605 5448 καὶ
3637 5396 3752 5449 ἀπὸ
3778 5392 3862 5446 τοῦ

2281 5495 2436 5564 ἁγίου
2467 5493 2776 5563 Μακαρίου,
2807 5491 2883 5553 ὡς
2913 5490 3021 5544 ἀπὸ
3042 5490 3264 5560 ἡμερῶν
3292 5488 3613 5559 τεσσάρων,
3647 5486 3790 5541 εἰσὶν
3813 5483 3862 5540 αξ

2279 5588 2551 5659 ἁποθῆκαι
2596 5584 2689 5640 τοῦ
2733 5586 2928 5655 Ἰωσὴφ
2962 5585 3019 5637 αἱ
3066 5583 3356 5653 τριάκοντα
3394 5579 3473 5645 ἒξ.
3525 5580 3636 5633 καὶ
3668 5581 3735 5631 ἐκ
3764 5575 3864 5628 τῶν

2278 5683 2458 5735 ἐκεῖσε
2500 5681 2705 5751 περνᾷς
2749 5678 2841 5731 τὸν
2882 5677 3129 5748 ποταμὸν
3173 5676 3263 5727 τὸν
3295 5671 3468 5726 Φισὼν
3498 5673 3592 5735 είς
3623 5670 3864 5740 γέφυραν

2281 5772 2685 5843 βασταζομένην
2714 5772 2818 5824 ὑπὸ
2846 5770 3175 5840 ὀγδοήκοντα
3200 5765 3475 5837 καράϐων.
3517 5764 3627 5816 καὶ
3664 5758 3863 5814 ἐκεῖθεν

2278 5864 2578 5937 εἰσέρχεται
2611 5862 2708 5935 τὴν
2758 5860 3003 5933 μεγάλην
3031 5858 3350 5920 Βαὸυλῶνα,
3382 5858 3459 5919 εἰς
3490 5853 3561 5909 τὸ
3597 5848 3863 5923 βασίλειον
