4040 6554
251 338 333 395 ,ω
1688 342 1919 399 VITAE.

3357 365 3462 418 170

245 448 537 513 Thcodora
586 465 735 510 vero
790 466 903 511 seu
972 450 1626 517 Pseudo-Theodorus
1680 456 1786 521 ille
1815 464 1856 520 A
1889 465 2253 528 monasterii
2293 465 2806 546 frequentantur;
2841 473 3053 552 ibique
3092 478 3277 539 etiam
3330 485 3462 561 epi—

246 548 384 611 haud
429 547 615 610 dubie
674 554 769 610 est
829 549 1178 612 Dorotheus
1234 551 1333 612 vel
1402 555 1778 634 Apollinaris

241 647 558 728 Syncletica
583 648 779 727 virgo,
802 651 981 712 cuius
1006 669 1149 713 cum
1176 655 1441 719 Macario
1471 659 1777 740 Aegyptio

241 765 614 827 congressum
649 751 1054 830 exposuimus
1078 751 1184 832 (1).

304 927 383 991 Ad
424 928 773 991 Macrizium
812 931 1119 1007 venimus,
1150 935 1290 998 Sec.
1332 939 1439 999 XV
1481 938 1777 1005 historiae

236 1033 539 1110 Coptorum
588 1029 981 1109 scriptorem,
1021 1052 1058 1096 e
1102 1044 1287 1113 gente
1336 1041 1608 1105 Arabum
1667 1044 1772 1125 (2).

237 1128 334 1203 Qui
358 1125 461 1186 etsi
492 1127 807 1204 praeclare
835 1133 1106 1213 scripsit,
1139 1136 1217 1198 de
1258 1140 1539 1204 Macariis
1567 1150 1776 1209 tamen

234 1230 461 1310 pmptet‘
483 1224 790 1290 inscitiam
820 1231 1015 1295 multa
1040 1233 1194 1298 falsa
1214 1239 1626 1304 commiscuit.
1654 1245 1775 1306 Sed

230 1342 397 1406 quum
425 1324 586 1388 liber
614 1327 747 1390 eius
772 1331 972 1393 rarius
1000 1334 1376 1413 inveniatur,
1411 1339 1591 1405 locus
1619 1344 1779 1408 inte-

228 1443 321 1505 ger
350 1424 526 1487 nobis
563 1428 1032 1509 depromendus
1070 1452 1207 1498 esse
1239 1438 1503 1514 videtur,
1536 1445 1646 1523 qui
1682 1445 1772 1508 la-

228 1528 339 1588 tino
377 1544 667 1592 sermone
712 1530 815 1594 hic
860 1541 1000 1596 est:
1046 1560 1074 1592 α
1122 1540 1213 1601 Ad
1261 1543 1437 1605 WAdi
1481 1547 1705 1623 Habib,
1743 1573 1772 1605 ι»

224 1626 422 1705 inquit,
469 1650 501 1685 α
534 1631 705 1710 quod
736 1633 977 1709 attinet,
1009 1636 1072 1698 id
1102 1640 1273 1718 quod
1303 1652 1364 1704 et
1397 1646 1770 1712 wadi-l-Na-

225 1727 342 1787 trun
369 1724 461 1785 vel
501 1727 791 1805 planities
829 1732 1081 1796 Schihat
1108 1737 1202 1798 vel
1233 1739 1523 1818 planities
1556 1748 1774 1825 Asquit
1810 1798 1849 1852 Β

220 1827 299 1887 vel
344 1826 873 1893 MizAn-el-Colub
918 1834 1098 1909 [libra
1142 1840 1450 1920 cordium]
1494 1855 1772 1922 vocatur,

220 1926 345 1987 olim
375 1935 628 1990 centum
667 1930 754 1991 ibi
800 1938 1179 2001 monasteria
1218 1949 1428 2005 erecta
1466 1954 1667 2023 erant,
1698 1966 1775 2010 ex

218 2026 418 2104 quibus
452 2036 674 2106 postea
714 2039 958 2111 septem
1004 2037 1406 2104 Occidentem
1444 2062 1660 2109 versus
1696 2049 1773 2110 ad

218 2122 357 2185 latus
403 2126 691 2203 planitiei
745 2130 1108 2207 regionibus
1159 2135 1526 2206 el—Buheira
1573 2151 1635 2206 et
1679 2145 1771 2208 el-

216 2225 426 2303 Fejjdm
476 2225 902 2292 interiacentis
950 2232 1087 2310 sita,
1120 2238 1229 2301 ubi
1272 2243 1480 2322 campi
1525 2248 1773 2310 arenosi

216 2324 393 2385 solum
437 2325 573 2387 sale
620 2327 901 2409 plenum,
936 2336 1067 2413 agri
1103 2355 1305 2417 aquae
1358 2345 1541 2421 egeni
1585 2365 1771 2426 prae-

213 2432 373 2503 rupta
430 2442 580 2488 saxa
635 2431 977 2510 excipiunt,
1027 2448 1476 2504 remanserunt.
1522 2447 1772 2513 Incolae

1880 559 2060 636 stola,
2076 564 2153 625 ab
2176 564 2567 630 ’AmrBen-el
2581 570 2720 631 -’Asi
2742 574 3247 640 monachisWadi
3263 559 3475 644 Habtb
3562 646 3569 681 λ

1879 657 1958 719 de
2025 662 2400 730 collectione
2465 667 2893 749 [decimarum]
2964 674 3031 735 in
3097 679 3460 755 regionibus
3562 670 3569 681 ’
3690 698 3697 709 '

1878 757 2088 824 lateris
2143 766 2552 831 occidentalis
2599 770 2830 850 scripta
2863 775 3248 851 reconditur,
3288 780 3464 859 quod

1879 862 2034 924 mihi
2054 865 2308 944 quidam
2330 870 2621 944 narra'vit,
2650 872 2759 951 qui
2780 872 2858 935 ab
2887 874 3035 949 alio,
3060 877 3239 940 cuius
3258 880 3460 942 oculis

1874 961 1981 1024 illa
2010 964 2253 1029 obiecta
2280 966 2503 1044 fuerat,
2537 979 2887 1052 acceperat.
2912 976 3048 1037 Abu
3070 978 3275 1040 Macér
3311 986 3460 1041 natu

1876 1062 2078 1124 maior
2128 1064 2171 1125 i.
2224 1083 2281 1127 e.
2337 1070 2636 1131 Macarius
2678 1073 2866 1135 vitam
2901 1077 3334 1141 monachicam
3379 1082 3463 1143 ab
3500 1156 3509 1173 7

1878 1160 2145 1223 Antonio
2167 1163 2403 1239 didicit,
2424 1167 2534 1245 qui
2554 1169 2795 1248 primus
2822 1188 3042 1235 eorum
3068 1177 3383 1239 cucullum
3397 1185 3462 1241 et

1875 1258 2156 1322 aschkim
2188 1261 2252 1323 h.
2287 1280 2345 1325 e.
2376 1266 2697 1345 cingulum
2737 1288 2772 1332 e
2802 1273 2976 1336 corio
3003 1276 3383 1352 confectum,
3422 1296 3459 1341 e

1877 1376 2005 1439 quo
2054 1361 2289 1440 elﬁgies
2309 1364 2533 1428 Christi
2554 1369 2724 1431 cruci
2753 1370 2921 1433 afﬁxi
2964 1374 3221 1453 pendet,
3261 1383 3460 1454 gesta-

1875 1456 2002 1533 bat,
2061 1460 2215 1524 illud
2267 1464 2548 1542 quidem,
2607 1486 2736 1547 quo
2786 1471 3083 1534 monachi
3133 1474 3303 1551 cingi
3349 1492 3456 1538 so-

1874 1555 2028 1620 lent.
2077 1562 2414 1624 Antonium
2462 1564 2720 1644 quidem
2766 1567 2834 1629 in
2882 1575 3099 1631 monte
3146 1571 3455 1647 orientali,

1873 1658 1982 1719 ubi
2004 1662 2383 1725 coenobium
2403 1663 2682 1727 el’Araba
2703 1674 2819 1743 est,
2845 1668 3107 1743 invenit,
3134 1688 3457 1751 quumque

1873 1756 2263 1838 aliquantum
2306 1766 2608 1845 temporis
2638 1766 2768 1831 illic
2808 1771 3232 1845 remansisset,
3260 1772 3340 1834 ab
3379 1788 3456 1834 eo

1874 1866 2046 1922 veste
2067 1863 2525 1928 monachorum
2554 1868 2835 1945 indutus,
2865 1871 2929 1933 in
2957 1872 3455 1935 Wadi—l-Natrun

1874 1958 2154 2025 habitare
2179 1964 2386 2028 iussus
2407 1975 2523 2042 est,
2548 1986 2675 2047 quo
2707 1988 2971 2050 magnus
3002 1972 3457 2035 monachorum

1872 2077 2174 2127 numerus
2208 2068 2286 2128 ad
2323 2067 2863 2149 obtemperantem
2889 2073 3213 2135 conﬂuxit.
3266 2073 3456 2135 Multa

1871 2171 2080 2226 autem
2150 2181 2351 2245 eaque
2419 2169 2917 2247 praeclarissima
2970 2179 3324 2249 narrantur,
3389 2176 3455 2237 in

1872 2265 2101 2343 quibus
2130 2273 2193 2328 et
2239 2266 2363 2330 hoc
2420 2278 2771 2334 memoratu
2808 2273 3067 2353 dignum
3116 2282 3232 2350 est,
3283 2278 3456 2356 quod

1871 2366 2620 2450 quinquagintaintegros
2637 2373 3072 2439 diesieiunans
3084 2395 3202 2440 nec
3215 2380 3450 2451 cibum,

1871 2482 1988 2529 nec
2012 2474 2229 2547 potum
2259 2474 2620 2552 sumpserit,
2652 2482 3001 2556 noctesque
3028 2479 3291 2559 insuper
3317 2498 3459 2560 per-

1868 2566 2232 2644 vigilaverit.
2279 2572 2609 2637 Praeterea
2661 2576 3008 2655 palmarum
3060 2578 3257 2656 foliis,
3293 2598 3476 2660 quae-

1867 2664 1986 2727 sibi
2024 2679 2525 2750 praeparaverat,
2574 2675 2806 2739 victum
2858 2680 3187 2758 quaesivit,
3244 2699 3471 2761 neque-

202 3144 321 3188 ΜΠ
345 3130 595 3192 θδνίδω
609 3134 876 3211 Venissev
898 3155 1168 3217 quorum
1191 3145 1459 3226 qnisque
1472 3148 1764 3216 133011111111
1793 3151 1834 3208 (ἶ
1866 3166 1982 3229 Hic
2001 3168 2191 3246 igitur
2216 3170 2393 3245 cibus
2441 3192 2666 3238 eorum
2699 3193 2816 3258 per
2846 3186 3048 3241 totum
3104 3181 3266 3255 vitae
3303 3200 3455 3262 spa-

203 3230 454 3262 ηηι-ιηιιηι
522 3233 755 3262 nun“...
793 3236 894 3262 :n-
961 3256 1140 3262 ..-μ-η,
1203 3244 1214 3254 ο
1304 3246 1314 3257 -
1534 3252 1549 3262 .
1583 3252 1595 3262 .
1683 3254 1695 3262 .

202 3230 479 3306 gestabat.
522 3233 758 3305 Quibus
793 3236 923 3312 ille,
955 3256 1149 3319 quum
1197 3244 1320 3325 ipsi
1346 3264 1414 3310 se
1458 3252 1766 3317 subiecis-

197 3333 339 3401 scnt,
379 3329 718 3409 epistolam
750 3332 921 3396 dedit
959 3336 1277 3421 hodieque
1305 3346 1473 3425 apud
1508 3365 1619 3412 eos
1669 3368 1767 3415 re-

200 3434 442 3505 pertam.
501 3430 599 3492 Ad
640 3431 757 3495 ista
793 3433 980 3512 igitur
1018 3444 1394 3507 monasteria
1438 3458 1762 3514 monaste-

196 3526 340 3595 rium
375 3529 466 3590 Bu
497 3531 714 3593 Macer
748 3542 899 3595 natu
921 3537 1198 3614 maioris,
1228 3560 1381 3621 prae
1412 3550 1635 3613 ceteris
1664 3569 1764 3615 ce-

195 3624 510 3704 lebratum,
542 3632 835 3710 pertinet,
864 3635 931 3696 in
977 3637 1155 3700 cuius
1184 3652 1526 3725 conspectu
1566 3652 1759 3716 multa

193 3730 562 3790 monasteria
573 3730 774 3794 diruta
794 3734 1099 3798 adiacent.
1120 3740 1188 3801 Id
1206 3741 1355 3805 olim
1376 3752 1758 3818 coenobium

193 3827 637 3892 monachorum
686 3832 824 3908 fuit,
857 3852 974 3899 nec
1015 3841 1385 3920 patriarcha,
1418 3850 1661 3914 etiamsi
1692 3855 1755 3918 in

190 3927 468 3993 cathedra
494 3930 907 3998 Alexandriae
951 3940 1216 4018 positus,
1248 3945 1326 4005 ab
1348 3946 1425 4010 iis
1454 3967 1759 4029 agnosce-

191 4024 374 4104 batur,
450 4040 797 4113 antequam
861 4039 941 4114 ei,
1020 4050 1087 4103 ut
1162 4045 1389 4111 solium
1472 4024 1756 4133 ipsorum

190 4132 472 4195 coenobii
521 4145 882 4216 occuparet,
927 4144 1379 4221 permisissent.
1437 4132 1523 4215 Ac
1584 4156 1756 4220 mille

190 4230 508 4310 quingenti
564 4239 858 4301 monachi
903 4243 1222 4322 quondam
1294 4247 1382 4311 ibi
1443 4252 1757 4321 habitasse

186 4328 502 4410 dicuntur;
574 4353 743 4400 nunc
785 4343 1089 4420 perpauci
1136 4351 1379 4411 tantum
1440 4352 1754 4423 incolunt.

187 4427 422 4493 Macarii
451 4442 585 4497 tres
622 4438 1105 4518 distinguuntur,
1146 4454 1296 4508 natu
1325 4452 1546 4529 maior,
1579 4460 1757 4523 cuius

184 4529 325 4593 illud
350 4533 469 4597 fuit
490 4539 895 4616 coenobium,
911 4541 1260 4608 AbuMacAr
1276 4550 1754 4636 Alexandrinus,

184 4634 243 4690 et
267 4632 405 4694 Abu
435 4637 646 4698 Macer
675 4639 1037 4721 episcOpus.
1069 4645 1342 4716 Quorum
1376 4668 1518 4716 ossa
1555 4632 1756 4721 tribus

184 4732 437 4813 singulis
472 4737 703 4802 loculis
727 4740 952 4821 ligneis
980 4747 1301 4811 recondita
1332 4769 1367 4813 a
1396 4754 1757 4825 Christianis
1793 4760 1833 4813 ο
1862 4783 2077 4830 carum
2117 4769 2457 4851 scriptores
2489 4732 3281 4857 quodjattinet,.Baronius
3318 4785 3400 4866 (8)

182 4965 269 5019 τοῦ
290 4970 517 5041 Φαραώ.
546 4973 745 5032 Leonis
774 4978 954 5034 Allatii
983 4982 1276 5054 Συμμικτά
1310 4986 1424 5044 sive
1456 4993 1753 5059 Opusculo-

184 5072 293 5112 rum
324 5077 653 5131 graecorum
678 5078 734 5124 et
763 5070 1055 5127 latinorum
1084 5078 1446 5133 vetustiorum
1471 5096 1535 5136 ac
1562 5098 1755 5139 recen-

183 5149 372 5207 tiorum
412 5156 545 5212 libri
580 5158 713 5225 duo,
750 5162 1008 5220 Coloniae
1048 5166 1383 5238 Agrippinae
1415 5172 1557 5228 1653
1599 5174 1695 5230 lib.
1732 5174 1753 5230 ι

181 5244 351 5309 p.55.

246 5336 321 5405 (1)
362 5337 550 5410 Supra
589 5342 621 5415 ς
653 5345 716 5399 ﬂ
752 5362 807 5417 p.
840 5347 942 5403 167
966 5365 1088 5421 sqq.

246 5426 320 5499 (Ξ)
352 5429 508 5488 Obiit
526 5435 741 5492 Μυετίῑὶ
759 5456 902 5495 anno
920 5441 1052 5513 Heg.
1071 5444 1196 5510 845,
1210 5443 1417 5502 Christi
1436 5448 1567 5504 MM
1580 5491 1593 5516 ,
1614 5458 1757 5510 teste

181 5515 241 5572 de
271 5521 594 5581 Schnurrer
623 5528 763 5585 Bibl.
798 5530 1034 5589 Arabica
1066 5534 1234 5592 Halae
1264 5537 1397 5593 1811
1433 5557 1489 5611 p.
1521 5515 1644 5599 156.

244 5611 319 5681 (5)
359 5613 472 5671 Pro
519 5617 745 5676 oleribus
772 5623 990 5681 codices
1010 5627 1218 5683 arabici
1250 5629 1605 5689 calceamenta
1649 5638 1753 5690 tri-

186 5710 237 5755 ta
282 5707 365 5760 vel
413 5714 712 5768 anteriores
756 5726 932 5785 partes
984 5735 1214 5785 ocreae;
1254 5723 1468 5779 restitui
1518 5726 1748 5783 oleribus

180 5809 238 5848 ex
275 5795 411 5853 llist.
459 5799 729 5886 Lausia’ca
766 5805 1027 5877 Palladii,
1059 5827 1219 5882 quam
1264 5815 1416 5885 sequi
1470 5815 1572 5872 hoc
1628 5818 1746 5874 loco

1864 3266 2020 3327 tium
2048 3266 2186 3344 fuit,
2227 3274 2590 3353 usquedum
2607 3276 2676 3339 in
2714 3280 2980 3359 patriam
3009 3283 3243 3343 reversi
3281 3292 3450 3351 sunt.

1863 3365 2002 3427 Abu
2020 3369 2225 3430 Macar
2250 3370 2707 3438 Alexandrinus
2733 3376 3105 3442 Alexandria
3130 3381 3209 3443 ad
3250 3381 3450 3458 illum,

1866 3482 2056 3544 quem
2072 3466 2364 3545 diximus,
2386 3474 2723 3538 Macarium
2739 3479 2933 3554 venit,
2953 3480 3131 3544 cuius
3148 3481 3215 3544 in
3227 3501 3457 3546 manus

1862 3571 2005 3627 vota
2062 3570 2433 3634 monachica
2470 3572 2655 3636 'fecit.
2713 3578 2957 3641 Tertius
3006 3583 3270 3645 accessit
3314 3583 3463 3647 Abu.

1863 3665 2090 3740 Macer,
2115 3668 2225 3745 qui
2246 3670 2586 3750 episcopus
2613 3673 2816 3738 factus
2839 3683 2932 3739 est
2956 3677 3067 3760 (4).
3100 3703 3128 3736 ιο
3164 3681 3288 3743 Sed
3317 3684 3461 3744 Ma-

1864 3764 2118 3827 crizium
2134 3770 2397 3831 Macario
2410 3773 2717 3852 Aegyptio
2738 3791 2773 3836 a
2795 3776 2857 3836 S.
2872 3778 3464 3860 Antonio,quocum.

1862 3866 2251 3947 aliquantum
2272 3875 2574 3953 temporis
2588 3875 2695 3938 ille
2712 3879 2957 3955 vixerit,
2979 3888 3215 3944 vestem
3232 3902 3463 3949 mona-

1864 3964 2107 4030 chicam
2140 3969 2347 4033 datam
2377 3990 2535 4049 esse,
2596 3974 2754 4039 falso
2801 3996 3052 4044 narrare
3089 4001 3279 4064 supra
3326 3986 3459 4048 do-g

1863 4066 2108 4130 cuimus
2146 4068 2260 4151 (5);
2309 4078 2500 4154 atque
2547 4075 2613 4137 in
2641 4077 2742 4152 iis,
2787 4097 2949 4159 quae
2989 4082 3068 4145 de
3115 4084 3463 4150 virtutibus

1863 4167 2113 4229 Macarii
2141 4170 2412 4250 scripsit,
2437 4177 2807 4256 Aegyptium
2833 4198 2976 4243 cum
2999 4181 3455 4264 Alexandrino,

1863 4265 1944 4327 de
1976 4285 2105 4347 quo
2153 4271 2373 4334 eadem
2409 4274 2721 4340 Palladius
2750 4281 3001 4344 tradidit
3039 4282 3149 4364 (6),
3181 4288 3463 4351 confun-—

1865 4364 2014 4428 dere
2045 4384 2213 4445 eum,
2237 4389 2427 4435 nemo
2457 4391 2587 4437 non
2615 4378 2804 4440 videt.
2827 4381 3132 4445 Macarius
3159 4403 3308 4450 vero
3335 4388 3444 4451 ille

1864 4464 2204 4546 episcopus
2245 4471 2533 4549 quisnam
2558 4473 2769 4551 fuerit,
2794 4477 2914 4539 nisi
2937 4478 3101 4544 forte
3136 4482 3440 4547 Hieroso-

1863 4563 2179 4645 lymorum
2208 4570 2548 4653 episcopus
2572 4574 2678 4656 (7),
2715 4576 2977 4655 ignoro..

1941 4667 2040 4728 Ad
2079 4672 2464 4735 recentiores
2490 4673 2765 4756 denique
2818 4682 3449 4771 rerumecclesiastin

3420 4834 3437 4861 ν

1862 5000 2179 5062 Macrizium
2213 5010 2268 5066 in
2300 5019 2488 5081 aperto
2512 5020 2616 5068 est.

1932 5096 2007 5166 (4)
2048 5097 2267 5155 Macrizi
2315 5102 2513 5158 Gesch.
2539 5104 2638 5159 der
2694 5104 2905 5175 Copten
2957 5106 3071 5159 Aus
3122 5105 3224 5159 drn
3257 5106 3434 5161 llam!-

1859 5184 2084 5241 scrit'ten
2115 5205 2180 5243 zu
2202 5189 2374 5245 Gotha
2388 5193 2498 5247 und
2522 5193 2749 5249 Wienv.
2772 5194 3133 5262 Wustenfeltl,
3155 5193 3430 5268 Goctting.

1859 5273 1999 5330 1845
2020 5293 2074 5346 p.
2109 5279 2212 5335 109
2234 5296 2319 5348 sq.

1927 5364 2006 5434 (5)
2049 5366 2176 5437 gae
2210 5385 2264 5438 p.
2304 5370 2439 5427 ΗΞ..

1926 5456 2004 5527 (6)
2042 5457 2125 5511 Cf.
2152 5475 2316 5529 supra
2344 5477 2396 5531 p.
2425 5460 2514 5515 66.

1926 5545 2005 5617 (7)
2044 5546 2121 5604 De
2177 5551 2419 5605 Macario
2479 5551 2979 5625 Hierosolymorum
3044 5559 3307 5629 episcopo
3353 5556 3428 5614 cf.

1855 5634 2180 5693 Theodoret.
2212 5638 2354 5695 Hist.
2390 5641 2538 5696 Eccl.
2573 5642 2670 5700 lib.
2700 5643 2716 5695 Ι
2754 5662 2874 5712 cap.
2906 5646 2969 5700 16

1929 5730 2009 5796 (8)
2047 5729 2260 5786 Baronii
2316 5733 2552 5791 Annales
2594 5737 2660 5792 ad
2695 5754 2745 5793 a.
2786 5738 2892 5793 572
2939 5738 3008 5793 Νο
3043 5741 3132 5806 88,
3174 5740 3261 5797 ed.
3289 5739 3444 5795 Luo..

1858 5820 1919 5876 τ.
1955 5822 1995 5876 Υ
2025 5841 2071 5893 ιι.
2108 5824 2209 5878 587
2239 5842 2321 5895 sq.
