4040 6582
593 371 689 426 171

1409 369 1508 424 88.
1554 369 2019 427 ιιΑεΑιιιοιιυΜ
2060 357 2402 428 ΑΕΟΫΡΤΙΙ
2436 372 2524 427 ET
2564 371 3031 427 ALEXANDRINI

3733 369 3831 428 I72

591 487 928 552 Bollandus
961 487 1067 568 (1),
1094 489 1299 569 Dupin
1324 489 1429 566 (2),
1454 491 1673 570 Fleury
1698 491 2020 570 (3),Oudin
2045 490 2152 573 (4),
2185 502 2228 557 Δ
2258 495 2645 568 colebantur,
2709 492 3128 566 multitudine,
3179 491 3388 554 dicere
3432 502 3567 554 'non
3613 492 3824 553 ausim.

591 593 748 652 Cave
781 588 888 668 (5),
945 589 1048 649 alii
1077 588 1154 650 de
1176 591 1454 651 Macariis
1486 592 1787 670 Aegyptio
1814 599 1874 652 et
1906 591 2167 652 Alexan-

592 689 774 751 drino
797 690 982 750 verba
1020 689 1274 767 quidem
1305 689 1610 762 fecerunt,
1642 691 1750 750 sed
1791 709 1918 751 rem
1953 693 2164 753 critice

593 789 861 868 dispexit
882 788 1052 849 solus
1070 788 1500 849 Tillemontius
1557 789 1666 868 (6),
1700 791 1877 851 cuius
1907 792 2160 870 exposi-

590 891 795 953 tiones
821 892 1082 964 cunctis,
1105 909 1265 970 quae
1284 893 1471 953 ceteri
1496 891 1746 965 habent,
1779 893 1966 972 longe
1992 903 2165 955 ante-

592 991 849 1065 cellunt,
881 991 1025 1052 licet
1045 997 1105 1051 et
1130 992 1266 1070 ipse
1294 992 1594 1053 nonnulla
1628 1011 1955 1073 perperam
1982 995 2163 1056 inte]-

591 1091 830 1165 lexerit,
868 1091 1023 1161 183
1044 1093 1106 1152 id
1136 1092 1308 1170 quod
1340 1101 1582 1154 nostras
1629 1096 2028 1173 quaestiones
2053 1096 2161 1174 qui

590 1192 830 1269 legerit,
874 1192 1013 1271 ipse
1047 1192 1344 1254 inveniet.
1384 1195 1504 1254 Cur
1539 1194 1874 1256 Bollandus
1903 1195 2160 1255 meliora

590 1309 718 1353 non
752 1291 1046 1365 attulerit,
1071 1291 1251 1353 facile
1291 1291 1437 1352 inde
1481 1291 1842 1370 eXpIicatur,
1883 1293 2051 1371 quod
2081 1293 2159 1353 de

586 1393 866 1455 Macariis
881 1393 1084 1473 primo
1107 1392 1370 1470 insignis
1415 1393 1623 1471 operis
1675 1392 1989 1453 volumine
2024 1393 2155 1452 dis-

588 1492 933 1571 putandum
962 1497 1115 1564 erat,
1138 1491 1407 1568 ideoque
1437 1497 1771 1568 apparatus
1810 1491 1914 1551 ille
1946 1491 2156 1552 litera-

588 1592 737 1666 rius,
766 1608 894 1671 quo
929 1590 1274 1670 posteriora
1308 1588 1622 1649 volumina
1655 1589 1954 1661 eminent,
2003 1608 2161 1652 non-

587 1690 736 1752 dum
767 1691 996 1752 aderat.
1029 1689 1119 1749 Ad
1169 1694 1554 1767 postremum
1593 1688 1906 1748 Semlerus
1940 1690 2004 1748 in
2037 1689 2160 1750 dis-
2245 1704 2254 1710 ··

584 1791 1048 1863 sertationibus,
1095 1806 1250 1868 quas
1297 1788 1375 1849 de
1405 1788 1685 1849 Macariis
1717 1789 1985 1868 scripsit,
2026 1807 2156 1852 non

585 1891 794 1966 vitam,
825 1890 935 1952 sed
959 1891 1189 1970 scripta
1221 1908 1440 1952 eorum
1463 1890 1834 1951 examinavit
1861 1889 1968 1968 (7).

665 1992 814 2068 §44.
856 1995 1193 2072 Superest,
1249 1998 1320 2053 ut
1366 1991 1444 2052 de
1488 1991 1626 2063 die,
1673 2008 1800 2070 quo
1838 1992 2158 2071 utriusque

581 2091 829 2153 Macarii
851 2090 1150 2152 memoria
1177 2089 1241 2149 in
1255 2089 1525 2151 ecclesia
1563 2089 1933 2164 celebretur,
1959 2091 2161 2151 brevi-

581 2196 678 2252 ter
715 2189 1154 2268 disquiramus.
1181 2188 1424 2248 Etenim
1464 2187 1906 2265 martyrologia
1947 2195 2157 2249 vetera

583 2291 774 2352 latina
794 2290 1059 2352 Macario
1081 2287 1386 2367 Aegyptio
1404 2288 1570 2348 diem
1591 2289 1720 2360 XV,
1737 2287 2156 2349 Alexandrino

583 2390 750 2451 diem
784 2393 840 2451 ΙΙ
885 2389 1150 2451 Ianuarii
1174 2389 1484 2449 tribuunt.
1521 2389 1568 2448 E
1603 2405 1868 2466 quorum
1892 2405 2156 2448 numero

579 2491 897 2555 suntBeda
915 2489 992 2567 (8)
1006 2489 1341 2563 ,Usuardus
1363 2487 1729 2568 (9),Ado(10)
1743 2489 1996 2558 ,Notker
2011 2487 2057 2558 (1
2077 2488 2155 2565 1),

581 2591 1090 2670 martyrologium
1123 2608 1450 2650 romanum
1491 2588 1634 2664 (1:2),
1670 2598 1876 2650 cetera
1927 2589 2071 2666 (13).
2108 2594 2154 2649 A

579 2691 830 2752 Graecis
849 2708 990 2750 vero
1013 2697 1279 2767 uterque
1298 2691 1462 2750 Maca
1473 2690 1596 2749 rius
1621 2690 1746 2750 XIX
1773 2689 2034 2750 Ianuarii
2053 2706 2156 2749 co-

579 2788 746 2864 litur,
768 2797 838 2852 ut
858 2808 891 2850 e
913 2789 1184 2850 Menaeis
1196 2796 1255 2848 et
1271 2789 1622 2866 Menologio
1646 2797 1812 2867 patet
1830 2788 2154 2867 (14).Haec

576 2891 767 2970 igitur
793 2891 952 2962 184
979 2891 1299 2952 diversitas
1329 2890 1496 2950 unde
1529 2897 1667 2950 nata
1696 2890 1795 2963 sit,
1839 2890 1956 2950 nisi
1995 2889 2154 2949 forte

579 2991 1030 3070 emagnaillius
1051 2991 1325 3054 nominis
1345 2990 1641 3064 virorum,
1662 2989 1771 3069 qui
1793 2990 1871 3051 ab
1894 2989 2157 3051 ecclesia

2266 595 2598 656 Macarium
2663 610 2837 667 vero,
2891 593 3068 654 cuius
3122 591 3351 654 festum
3414 593 3680 654 Romani
3727 593 3825 653 XV

2264 695 2529 755 Ianuarii
2581 700 2792 769 agunt,
2823 692 2867 752 i.
2903 709 2959 752 e.
2994 693 3389 772 Aegyptium,
3428 693 3494 754 in
3524 700 3826 772 martyre-

2263 792 2445 870 ]ogiis
2476 793 2682 853 latinis
2709 791 2872 851 haud
2906 808 3045 851 raro
3071 792 3132 850 S.
3166 793 3415 853 Antonii
3454 792 3827 872 discipulum

2262 891 2590 971 appellari,
2622 890 2794 969 quod
2823 889 3158 950 Bollandus
3179 890 3537 952 observasse
3570 909 3636 952 se
3664 894 3826 954 arbi-

2264 1001 2455 1053 tratus
2486 1000 2577 1052 est
2607 989 2756 1070 (15),
2794 1007 3175 1068 magnopere
3199 988 3446 1068 quidem
3479 1009 3606 1051 non
3629 992 3828 1052 oden-

2262 1091 2386 1163 dat,
2413 1107 2607 1168 quum
2631 1105 2818 1148 sensu
2840 1085 3057 1146 latiore
3090 1085 3278 1146 etiam
3319 1085 3618 1146 Macarius
3641 1091 3836 1164 Acgy-

2259 1192 2425 1267 ptius
2453 1188 2699 1250 Antonii
2719 1185 3062 1265 discipulus
3078 1185 3200 1246 dici
3222 1183 3438 1264 possit.
3458 1185 3734 1246 Ceterum
3753 1187 3834 1246 de

2261 1293 2504 1364 diebus,
2530 1290 2758 1370 quibus
2804 1296 2970 1350 recte
3014 1286 3300 1348 colantur
3339 1283 3513 1344 fastis
3551 1283 3833 1358 testibus,

2257 1393 2433 1472 plura
2469 1392 2577 1470 qui
2617 1389 2938 1452 addiscere
2978 1387 3171 1466 cupit,
3203 1383 3834 1444 Assemanni-librum

2260 1501 2320 1554 et
2338 1491 2706 1553 Bollandum
2750 1487 2868 1568 (16)
2903 1487 3163 1562 evolvat,
3192 1486 3302 1548 ubi
3332 1491 3668 1565 apparatus
3703 1483 3840 1545 ido-

2258 1612 2415 1656 neus
2452 1593 2780 1672 reperitur.

2843 1705 3089 1765 CAPUT
3148 1703 3251 1764 IX.

2187 1847 2230 1900 Β
2302 1844 2341 1886 Α
2370 1841 2617 1884 SANCTIS
2639 1840 2923 1884 MACARIIS
2948 1839 3254 1883 AEGYPTIO
3285 1837 3362 1879 ET
3391 1834 3836 1879 ALEXANDRINO

2338 1921 2660 1964 MACARIUM
2729 1921 2782 1961 S.
2841 1917 3096 1961 ΑΝΤΟΝΙΙ
3143 1916 3479 1959 MINISTRUM
3539 1914 3840 1968 ALIOSQL’E

2338 1999 2734 2043 COGNOMINES
2760 1997 3063 2040 DIVERSOS
3087 1995 3231 2038 ESSE
3260 1993 3673 2037 OSTENDITUR.

2341 2103 2391 2174 §.
2429 2099 2521 2159 45.
2552 2099 2909 2170 Macarium,
2934 2100 2995 2156 S.
3019 2095 3269 2156 Antonii
3297 2093 3696 2173 discipulum,
3729 2094 3839 2154 cui

2261 2199 2619 2278 quindecim
2657 2199 2839 2259 annis
2867 2196 3250 2257 ministrabat
3291 2201 3352 2255 et
3394 2193 3570 2254 cuius
3600 2209 3834 2271 corpus

2261 2297 2566 2376 sepelivit,
2600 2314 2634 2358 a
2672 2296 2950 2357 Macariis
2979 2294 3282 2374 Aegyptio
3313 2299 3373 2354 et
3417 2292 3838 2353 Alexandrino

2261 2395 2458 2474 probe
2523 2393 3030 2471 distinguendum
3103 2410 3238 2453 esse
3311 2391 3559 2470 saepius
3624 2390 3843 2452 docui-

2261 2512 2398 2555 mus
2429 2494 2571 2573 (17).
2604 2494 2901 2555 Macarius
2932 2491 3096 2553 enim
3127 2493 3187 2550 S.
3218 2489 3464 2550 Antonii
3495 2489 3842 2568 discipulus

2258 2594 2322 2654 in
2346 2595 2654 2655 coenobio
2686 2593 2888 2671 Pispir
2916 2609 3116 2670 prope
3149 2607 3317 2650 mare
3347 2589 3620 2650 Rubrum
3665 2589 3839 2662 vixit,

2260 2692 2537 2752 Macariis
2583 2691 2811 2751 nostris
2843 2691 2904 2750 in
2945 2689 3206 2749 desertis
3261 2689 3491 2766 Libyae
3551 2687 3842 2765 degenti-

2261 2791 2378 2850 bus
2399 2787 2542 2866 (18).
2563 2787 2681 2848 Sed
2711 2805 2874 2847 unus
2903 2803 3228 2847 remanere
3254 2786 3458 2864 potuit
3478 2785 3837 2864 scrupulus.

2261 2885 2440 2958 Quid,
2475 2886 2524 2945 si
2557 2886 2850 2946 alteruter
2881 2902 2958 2944 ex
3004 2885 3229 2944 nostris
3257 2885 3536 2946 Macariis
3560 2887 3837 2963 primum

2263 2987 2324 3046 S.
2356 2987 2607 3047 Antonii
2647 2985 2991 3065 discipulus
3015 2985 3376 3065 quindecim
3409 2986 3588 3047 annis
3621 2985 3837 3059 fuerit,

651 3182 742 3263 (1).
773 3182 886 3236 AA.
941 3177 1053 3252 SS.~
1097 3178 1236 3233 Boll.
1277 3177 1394 3234 Ian.
1453 3179 1519 3233 Τ.
1555 3180 1576 3234 1
1624 3195 1678 3250 p.
1706 3178 1870 3262 .1005,
1915 3196 2036 3248 sqq.
2097 3177 2164 3231 84
2191 3182 2233 3239 C
2339 3175 2410 3245 (8)
2443 3173 2762 3229 Additiones
2796 3174 3052 3227 nimirum
3077 3173 3143 3226 ad
3171 3172 3343 3227 Bedae
3370 3171 3837 3244 Martyrologium,

581 3291 701 3345 διιίι-

651 3359 733 3426 (2)
775 3356 952 3426 Dupin
976 3355 1240 3412 Nouvelle
1262 3357 1639 3430 bibliothéque
1669 3359 1767 3415 des
1807 3361 2043 3416 Auteurs
2073 3375 2162 3414 ec-

579 3450 960 3518 clésiastiques
1023 3447 1180 3503 Paris
1215 3450 1353 3504 1695
1405 3449 1466 3503 Τ.
1500 3451 1538 3504 ll
1576 3467 1628 3520 p.
1665 3451 1732 3506 69
1761 3469 1881 3522 sqq.

651 3542 726 3613 (3)
766 3541 961 3614 Fleury
1000 3541 1241 3596 Ilistoire
1265 3543 1680 3617 eccle'siastique
1732 3545 1888 3600 Paris
1915 3546 2048 3599 1724
2092 3545 2153 3599 Τ.

581 3629 648 3687 ιν
709 3648 762 3702 p.
795 3632 903 3685 220
935 3647 1056 3700 sqq.

664 3724 742 3794 (4)
782 3722 1216 3777 Commentarius
1275 3723 1347 3778 De
1399 3725 1621 3795 Scriptt.
1669 3727 1973 3782 ecclesiast.
2026 3726 2089 3780 T.
2135 3727 2153 3780 I

577 3829 633 3884 ι).
667 3813 772 3868 474
801 3830 846 3868 8.
881 3831 932 3867 v.
974 3811 1205 3866 Macarii
1235 3826 1338 3868 (res
1375 3816 1636 3869 monachi.

649 3904 727 3972 (5)
770 3905 993 3974 Scriptt.
1019 3906 1220 3958 eccles.
1265 3905 1400 3960 Hist.
1444 3907 1549 3960 litt.
1583 3924 1632 3963 s.
1657 3925 1706 3964 v.
1732 3907 2006 3962 Macarius
2072 3925 2150 3963 sc-

577 3995 696 4047 nior
730 4003 781 4047 et
814 3992 1089 4048 Macarius
1121 3996 1315 4049 iunior.

646 4085 722 4154 (6)
764 4083 1049 4143 Mémoires
1104 4083 1167 4138 Τ.
1222 4083 1332 4138 VIII
1388 4085 1447 4141 P.
1488 4085 1554 4140 III
1613 4103 1665 4156 p.
1712 4087 1818 4142 955
1862 4088 2141 4159 sqq.10—11

576 4192 700 4249 sqq.
736 4191 860 4230 cum
902 4178 1047 4232 netis
1082 4180 1137 4230 in
1168 4177 1272 4231 line
1294 4179 1422 4230 tomi
1453 4179 1701 4234 adiectis.

647 4266 724 4334 (7)
759 4265 913 4319 Prior
930 4268 1127 4335 prodiit
1156 4269 1258 4320 sub
1287 4268 1462 4321 indice
1496 4286 1508 4320 :
1548 4268 1832 4337 Specimen
1874 4271 2144 4326 examinis

575 4358 753 4412 critici
816 4373 1063 4432 operum,
1121 4374 1262 4428 quae
1324 4360 1396 4413 ita
1441 4361 1713 4426 feruntur,
1756 4361 1997 4426 Macarii,
2041 4365 2144 4418 sub

577 4447 907 4504 laetissimos
960 4446 1235 4517 festosque
1271 4447 1388 4501 dies
1437 4447 1658 4502 Christo
1687 4448 1754 4502 ab
1793 4448 1987 4503 inferis
2027 4465 2142 4501 ma-

574 4538 768 4609 gniﬁce
826 4539 1070 4591 redeunti
1132 4555 1321 4594 sacros
1373 4541 1499 4593 boni
1544 4541 1742 4596 ominis
1772 4556 1936 4595 causa
1973 4541 2143 4595 edidit
2178 4577 2216 4630 Β

573 4627 614 4686 I.
647 4628 705 4682 8.
739 4627 796 4682 8.
830 4625 942 4682 Sal.
981 4627 1150 4681 Thur.
1193 4627 1250 4681 8.
1281 4627 1386 4682 LL.
1426 4628 1482 4684 S.
1521 4627 1684 4685 Halae
1703 4631 2144 4704 Magdeburgicae

574 4721 951 4788 1745;altera
1021 4722 1125 4775 hoc
1193 4723 1508 4778 inscribitur
1570 4724 1724 4778 titulo
1777 4743 1790 4778 :
1858 4723 2143 4794 Specimen

571 4815 1107 4868 animadversionum
1159 4815 1213 4868 in
1267 4816 1475 4884 aliquot
1507 4817 1768 4885 opuscula
1799 4833 1992 4888 graeca
2029 4818 2144 4871 Ma-

571 4906 730 4967 c:irii,
766 4906 1068 4959 innatalem
1105 4905 1246 4960 diem
1280 4907 1382 4960 viri
1413 4924 1622 4963 summe
1651 4909 2148 4972 reverendi,excel-

571 4995 885 5058 Ientissimi,
925 4996 1228 5051 doctissimi
1273 4997 1607 5068 Sigismundi
1642 4999 1820 5056 Iacobi
1851 5001 2147 5072 Baumgar-

570 5097 660 5139 ten
697 5083 799 5140 88.
831 5084 1020 5142 Tbeol.
1056 5087 1201 5144 doct.
1237 5097 1288 5140 et
1317 5089 1455 5155 prof.
1493 5104 1544 5157 p.
1582 5105 1634 5142 ο.
1675 5089 1821 5145 Sem.
1859 5093 2022 5146 theol.
2063 5093 2146 5146 di-

568 5178 837 5242 rectoris,
875 5180 1088 5247 patroni
1123 5187 1179 5233 et
1218 5181 1585 5248 praeceptoris
1628 5182 2025 5239 olliciosissime
2054 5198 2145 5238 co-

570 5269 740 5331 lendi,
772 5270 908 5323 bene
933 5270 1338 5325 ominabundus
1364 5271 1532 5325 edidit
1584 5271 1657 5325 Io.
1705 5273 1817 5326 Sal.
1868 5275 2144 5330 Semlerus

572 5358 810 5414 Salfclda
850 5361 1116 5432 Tliuring.
1153 5362 1317 5416 Halae
1341 5363 1551 5418 Salieae
1571 5364 1728 5418 17-16.
1757 5364 1998 5431 Quarum
2028 5367 2143 5422 dis-

569 5454 926 5507 sertationum
959 5455 1124 5507 cardo
1143 5455 1194 5508 in
1216 5471 1283 5508 co
1304 5457 1554 5519 vertitur,
1582 5459 1995 5523 utostendatur,
2028 5459 2144 5512 Ma»

569 5545 700 5600 carii
723 5547 948 5614 scripta,
969 5546 1218 5615 inprimis
1267 5547 1386 5602 eius
1408 5547 1676 5616 Opuacula
1703 5566 1844 5619 quae
1870 5551 2136 5615 feruntur,

567 5637 754 5703 Spuria
785 5653 926 5701 esse,
998 5637 1063 5690 ad
1102 5638 1246 5706 quod
1279 5639 1672 5694 ostendendum
1725 5643 1921 5710 partim
1952 5645 2137 5698 conie-

567 5728 764 5792 cturis,
788 5730 980 5797 partim
1003 5731 1336 5802 argumentis
1355 5747 1420 5787 ex
1440 5733 1556 5806 ipso
1579 5733 1964 5803 Opusculorum
1987 5743 2135 5790 textu

569 5819 754 5888 petitis
785 5820 969 5872 utitur.

2266 3283 2403 3338 quas
2437 3284 2467 3322 e
2495 3267 2656 3321 codd.
2707 3265 2763 3319 S.
2800 3264 3010 3336 Cyriaci
3044 3263 3420 3320 llenscbenius
3473 3275 3526 3319 et
3563 3265 3840 3336 Papebro-

2264 3361 2423 3415 chius
2477 3359 2785 3413 ediderunt.
2849 3355 2960 3414 AA.
2999 3353 3099 3410 SS.
3162 3355 3295 3411 Bell.
3363 3355 3539 3410 Martii
3587 3356 3649 3411 T.
3696 3357 3741 3410 Ιῐ
3783 3374 3837 3428 p.

2266 3449 2400 3505 VIII.
2439 3449 2526 3502 IX.

2334 3544 2408 3612 (9)
2447 3540 2894 3612 Martyrologium
2939 3537 3198 3601 Usuardi,
3243 3536 3354 3592 AA.
3395 3537 3497 3593 SS.
3536 3537 3672 3594 Bell.
3703 3539 3834 3594 Mai.

2257 3634 2320 3689 T.
2351 3635 2415 3712 γι
2442 3650 2492 3703 p.
2531 3633 2582 3688 5.
2620 3633 2711 3686 5-1.

2327 3726 2437 3796 (10)
2475 3724 2680 3778 Adonis
2736 3722 2887 3776 arch.
2927 3718 3121 3772 Vienn.
3163 3719 3638 3792 Martyrologium,
3690 3719 3835 3774 Bibl.

2254 3817 2392 3871 Max.
2425 3816 2531 3870 PP.
2566 3814 2738 3884 Lugd.
2771 3813 2835 3868 T.
2872 3811 2985 3865 XVI
3018 3828 3068 3882 p.
3105 3811 3229 3864 852.
3262 3811 3387 3866 854.

2329 3907 2686 3980 (11)Notkeri
2726 3905 3186 3976 Martyrologium,
3245 3902 3494 3957 Galland.
3549 3902 3688 3957 Bibl.
3725 3902 3832 3958 PP.

2249 3999 2314 4053 T.
2341 3999 2457 4053 xm
2495 3998 2717 4068 μηδι).
2752 3997 2873 4050 763.

2319 4091 2428 4162 (12)
2459 4089 2623 4144 Vetus
2666 4088 2968 4142 Romanum
3004 4086 3469 4156 martyrologium,
3516 4086 3654 4139 Bibl.
3684 4084 3830 4139 Max.

2248 4183 2349 4236 PP.
2377 4182 2548 4252 Lugd.
2569 4180 2632 4233 Τ.
2665 4179 2779 4233 XVI
2810 4195 2859 4249 p.
2890 4177 3015 4231 812.
3049 4178 3490 4249 Martyrologium
3522 4178 3830 4233 IIonnanum

2245 4276 2330 4331 ed.
2359 4275 2628 4328 Baronius
2649 4273 2713 4327 ad
2748 4273 2802 4326 Il.
2832 4271 2924 4326 dd.

2315 4364 2425 4434 (15)
2457 4363 2618 4420 Plura
2663 4361 3049 4432 martyrologia
3096 4372 3452 4418 recensentur
3491 4377 3521 4416 a
3567 4362 3830 4418 Bollando

2241 4457 2352 4511 AA.
2389 4457 2486 4511 ss.
2520 4455 2631 4510 Ian.
2672 4453 2736 4508 T.
2775 4453 2795 4506 1
2825 4469 2879 4522 p.
2915 4453 3002 4508 84.

2318 4547 2428 4618 (14)
2457 4548 2537 4602 CI.
2570 4541 2928 4615 Menologium
2958 4545 3162 4607 Sirleti,
3187 4545 3329 4616 quod
3355 4546 3610 4601 Canisius
3639 4547 3828 4602 edidit.

2247 4640 2455 4695 Canisii
2484 4643 2605 4695 lect.
2630 4641 2799 4709 antiq.
2824 4638 2910 4692 ed.
2945 4637 3186 4708 Basnage
3207 4637 3271 4691 T.
3299 4637 3363 4691 III
3393 4655 3443 4708 p.
3477 4639 3582 4692 415
3619 4640 3671 4693 in
3701 4642 3823 4694 ﬁne.

2248 4736 2305 4789 In
2321 4735 2550 4789 Calenda
2561 4736 2638 4787 rio
2655 4733 2918 4787 ecclesiae
2938 4731 3564 4798 Constantinopolitanae
3579 4733 3666 4786 ed.
3683 4733 3826 4787 Mor-

2248 4827 2367 4880 celli
2401 4824 2603 4878 Romae
2638 4823 2772 4878 1788
2797 4823 2860 4878 T.
2893 4822 2911 4875 1
2941 4840 2993 4893 p.
3020 4821 3089 4875 85
3112 4822 3175 4875 ad
3221 4820 3340 4874 XIX
3379 4821 3614 4876 Ianuarii
3650 4825 3777 4893 legis
3805 4845 3818 4876 :

2253 4937 2272 4970 ι
2303 4921 2368 4988 τῇ
2409 4918 2544 4987 αὐτῇ
2584 4916 2764 4987 ἡμέρᾳ
2801 4916 2988 4985 μνήμη
3020 4913 3128 4966 τῶν
3169 4914 3328 4968 ὁσίων
3387 4915 3642 4984 πατέρων
3668 4915 3822 4984 ἡμῶν

2249 5007 2534 5079 Μακαριου
2563 5006 2656 5059 τοῦ
2702 5005 2972 5076 Ῥῳμαίου
3006 5003 3165 5074 (sic!)
3202 5005 3296 5058 καὶ
3327 5006 3514 5074 ὲτέρου
3536 5007 3821 5076 Μακαρέου

2247 5099 2336 5153 τοῦ
2369 5099 2686 5166 Αἰγυπτίου.
2720 5116 2738 5150 ι

2317 5190 2430 5260 (15)
2454 5189 2511 5242 In
2541 5187 2761 5242 Macarii
2793 5187 3148 5242 Alexandrini
3181 5187 3290 5241 vita
3328 5186 3366 5240 l.
3401 5185 3467 5250 I.,
3496 5194 3552 5240 et
3583 5186 3636 5240 in
3702 5187 3817 5240 vita

2248 5279 2469 5334 Macarii
2503 5278 2748 5349 Aegyptii
2787 5277 2823 5330 1.
2853 5279 2912 5337 I.,
2947 5294 2998 5346 p.
3029 5275 3184 5330 1005.

2317 5372 2431 5436 (16)
2455 5369 2778 5425 Assemanni
2807 5365 3412 5426 CalendariaEcclesiae
3437 5371 3720 5423 universae
3739 5367 3816 5421 ad

2244 5464 2362 5518 XIX
2423 5463 2635 5517 Ianuar.
2668 5460 2733 5515 T.
2768 5461 2832 5516 VI
2870 5461 3072 5516 Romae
3097 5459 3234 5514 1755
3269 5477 3322 5530 p.
3361 5461 3428 5515 98
3457 5478 3542 5532 sq.
3573 5463 3682 5515 AA.
3705 5459 3812 5512 SS.

2243 5553 2380 5608 Boll.
2405 5553 2519 5607 Ian.
2550 5551 2612 5606 '1‘.
2650 5551 2669 5604 I
2719 5569 2770 5622 p.
2796 5551 2883 5604 84.

2311 5643 2569 5716 (I7)§24
2624 5661 2675 5714 p.
2714 5644 2834 5698 101.
2877 5641 2991 5712 §23
3019 5658 3072 5713 p.
3134 5643 3313 5714 107.5
3357 5643 3427 5700 30
3459 5661 3516 5715 p.
3556 5643 3654 5700 125
3677 5660 3802 5716 sqq.

2313 5740 2426 5807 (18)
2460 5738 2630 5808 Supra
2663 5737 2781 5807 §25
2804 5753 2854 5806 p.
2895 5735 3011 5788 107.
3465 5775 3490 5786 -
