4040 6580
262 313 349 376 175

1752 334 1980 394 νιΤΑΕ.

3376 351 3473 409 17$

255 439 449 545 deinde
478 446 650 545 Appst
720 449 980 545 mortem
1047 446 1181 508 eius
1252 449 1490 511 deserta
1558 443 1788 531 Libyae
1817 460 1861 518 Α
1892 462 2114 535 pturus
2141 464 2423 541 tempore
2456 420 3197 545 Opportuno.'186Tunc
3227 477 3487 532 sanctus

253 538 507 626 petierit?
533 543 702 602 Haec
736 542 923 621 igitur
952 544 1256 609 dubitatio
1294 548 1479 627 plane
1510 558 1799 615 movetur

241 648 355 731 (vita
384 642 750 719 Posthumii,
786 664 908 725 qua
938 650 1270 711 Macarium
1306 652 1367 711 S.
1400 653 1650 713 Antonii
1675 653 1795 715 mi-

250 749 490 811 nistrum
536 747 605 807 in
636 748 946 810 coenobio
993 750 1149 820 185
1182 751 1385 831 Pispir
1414 752 1580 814 diem
1614 753 1800 815 etiam

248 864 587 928 supremum
604 847 831 909 obiisse
848 849 1185 913 edocemur
1209 872 1224 912 :
1246 852 1579 914 Macarium
1594 860 1802 915 autem

248 946 619 1026 Aegyptium,
659 953 728 1006 ut
756 963 790 1008 e
809 947 1080 1010 Palladio
1105 956 1367 1025 constat,
1390 952 1456 1013 in
1480 954 1658 1014 Scete
1690 952 1769 1034 (1)
1786 1004 1800 1029 ,

245 1055 416 1126 atque
454 1045 966 1121 Alexandrinum,
996 1049 1167 1127 quod
1198 1067 1275 1112 ex
1314 1051 1534 1113 eodem
1580 1053 1800 1114 verisi-

248 1147 551 1211 millimum
623 1154 740 1221 est,
794 1147 861 1209 in
915 1149 1163 1212 Cellulis
1218 1152 1634 1215 obdormiisse
1674 1154 1799 1216 sci-

244 1266 365 1313 mus
383 1245 482 1326 (2).
505 1248 576 1307 In
595 1247 715 1309 vita
736 1249 903 1310 enim
926 1249 1031 1311 illa
1062 1250 1216 1313 haec
1244 1252 1538 1330 leguntur
1564 1272 1576 1314 :
1599 1257 1803 1317 «Nota

243 1343 409 1422 igitur
434 1340 595 1403 facta
636 1350 731 1405 est
778 1353 993 1408 sancto
1034 1349 1324 1425 Macario,
1359 1352 1597 1413 scilicet
1637 1354 1805 1416 beati

239 1442 469 1505 Antonii
517 1442 849 1523 discipulo,
900 1450 1289 1510 conversatio
1335 1451 1704 1526 Posthumii,
1743 1459 1804 1513 et

238 1544 473 1635 celebre
497 1545 631 1607 eius
672 1546 905 1609 factum
927 1556 1021 1610 est
1058 1567 1316 1625 nomen,
1348 1552 1677 1632 visumque
1711 1560 1804 1615 est

235 1646 335 1721 illi,
365 1645 439 1707 ad
471 1646 640 1710 hunc
664 1650 836 1711 abire
866 1650 931 1712 in
966 1670 1271 1713 eremum.
1304 1655 1455 1715 Nam
1486 1654 1649 1716 idem
1672 1658 1805 1717 Ma—

238 1746 422 1809 carius
453 1746 535 1808 ab
585 1748 809 1809 illustri
857 1751 986 1811 viro
1028 1747 1299 1814 Antonio
1345 1754 1803 1817 monachorum

232 1842 353 1906 fere
402 1844 857 1924 quinquaginta
919 1848 1110 1912 millia
1158 1860 1519 1930 susceperat
1566 1853 1798 1931 guber-

235 1942 447 2006 nanda.
509 1946 803 2009 Eiusdem
864 1948 1051 2026 igitur
1125 1952 1375 2013 Macarii
1447 1954 1650 2015 exitus
1725 1952 1804 2015 de

232 2044 474 2108 saeculo
520 2050 1093 2130 appropinquabat,
1140 2058 1202 2112 et
1236 2052 1563 2115 Dominico
1606 2053 1802 2131 gregi,

234 2149 367 2226 quis
412 2157 563 2228 post
617 2151 752 2212 eius
788 2168 1113 2214 excessum
1164 2155 1507 2232 magisterii
1547 2155 1806 2218 nomine

236 2249 697 2327 subrogaretur,
766 2253 1215 2332 inquirebatur.
1266 2256 1529 2317 Sanctus
1592 2256 1806 2335 itaque

228 2349 533 2436 Macarius
577 2368 719 2412 cum
756 2353 833 2413 ad
879 2362 1163 2415 sanctum
1214 2356 1483 2416 venisset
1533 2355 1804 2417 Posthu-

232 2450 440 2523 mium,
480 2452 731 2530 excepit
760 2470 902 2513 eum
926 2453 1211 2527 libenter,
1246 2454 1586 2533 praecipue
1626 2454 1808 2515 cuius

232 2549 348 2610 iam
383 2551 463 2611 ab
497 2551 726 2627 angelo
754 2551 979 2614 famam
1003 2554 1301 2615 audierat.
1355 2554 1491 2614 Non
1525 2570 1674 2630 ergo
1702 2553 1808 2613 ille

230 2660 293 2711 ut
320 2650 588 2728 hospes,
614 2652 722 2713 sed
747 2654 879 2714 eius
900 2654 1208 2715 subtiliter
1230 2653 1556 2733 explorare
1578 2670 1810 2733 pr0po~

228 2753 405 2815 situm
422 2761 705 2815 venerat.
722 2757 914 2816 Porro
938 2756 1183 2817 Macarii
1208 2756 1610 2834 adspectibus
1638 2757 1809 2815 Post-

226 2852 419 2916 humii
458 2855 848 2935 complacuit
868 2858 1282 2929 conversatio,
1302 2863 1363 2918 et
1384 2874 1526 2918 eum
1547 2856 1809 2917 suadere

227 2956 452 3034 coepit,
477 2962 554 3017 ut
576 2957 771 3017 sancti
810 2958 1064 3018 Antonii
1084 2958 1601 3019 anachoretarum
1642 2957 1813 3034 prin-

225 3056 378 3134 cipis
420 3074 562 3119 non
602 3056 956 3135 gravaretur
1025 3058 1270 3120 visitare
1321 3058 1638 3136 reliquias.
1686 3056 1810 3117 Sed

1882 558 2300 623 Posthumius
2342 562 2608 643 pedibus
2637 563 2769 625 eius
2797 566 3167 644 provolutus
3207 567 3290 628 ait
3327 569 3476 629 :Ca-

1902 658 2148 721 rissime
2168 667 2365 741 pater,
2392 665 2712 742 quomodo
2734 665 2887 726 mihi
2909 673 3033 727 tam
3053 684 3310 745 magnae
3325 668 3482 728 mul-

1900 757 2184 821 titudinis
2204 777 2413 822 curam
2436 762 2731 842 imponis,
2748 765 2979 826 rustico
2994 764 3255 839 homini,
3270 765 3479 827 literas

1903 858 2248 921 nescienti?
2268 861 2530 923 Provide
2547 862 2735 939 igitur
2761 881 2836 925 ex
2860 864 2935 925 iis
2960 865 3250 925 meritum
3272 864 3477 926 homi-

1884 973 2073 1033 nem,
2106 960 2216 1039 qui
2270 961 2468 1039 possit
2496 979 2639 1023 cum
2670 962 3087 1025 sollicitudine
3114 971 3313 1026 tantas
3339 966 3477 1027 ani-

1904 1075 2037 1120 mas
2077 1077 2294 1138 regere
2347 1063 2751 1141 populorum.
2803 1066 2976 1127 Tunc
3034 1066 3331 1127 Macarius
3397 1068 3482 1127 ait

1904 1161 2271 1223 Posthumio
2314 1164 2806 1225 :Excusationes
2852 1183 2981 1226 non
3012 1167 3222 1240 audio,
3273 1184 3481 1245 neque

1908 1281 2123 1327 causas
2144 1266 2403 1346 recipio;
2426 1266 2492 1327 hi
2524 1267 2692 1327 enim
2717 1284 2935 1329 omnes
2957 1268 3073 1329 sub
3117 1275 3220 1330 tua
3244 1269 3481 1330 ditione

1892 1368 2272 1441 manebunt,
2323 1386 2441 1431 nec
2482 1367 2638 1429 alius
2681 1374 2774 1429 est
2805 1376 3013 1429 tantae
3073 1369 3480 1431 abstinentiae

1905 1463 2020 1540 vir,
2049 1466 2157 1546 qui
2177 1466 2375 1545 possit
2393 1467 2572 1528 istius
2602 1466 2823 1546 pOpuli
2849 1468 3195 1544 gubernare
3218 1468 3477 1541 animas,

1895 1578 1977 1624 .ac
2023 1563 2286 1625 sollicite
2339 1570 2715 1644 pertractare
2758 1583 2773 1638 ;
2810 1572 2870 1625 et
2903 1572 2971 1626 ut
3006 1566 3233 1627 certius
3256 1566 3479 1639 dicam,

1898 1663 2305 1728 dilectissime
2342 1665 2551 1739 frater,
2594 1672 2656 1727 te
2689 1666 2994 1727 electione
3027 1684 3139 1727 sua
3184 1666 3483 1727 Dominus

1906 1764 2251 1843 designavit
2270 1766 2347 1827 ad
2366 1766 2835 1847 suscipiendum
2859 1765 3025 1828 hunc
3048 1767 3371 1827 ministerii
3398 1767 3484 1827 lo-

1906 1882 2090 1939 cum;
2123 1882 2521 1945 nequaquam
2567 1884 2714 1944 ergo
2756 1865 3011 1928 coelesti
3053 1868 3286 1946 poteris
3327 1884 3481 1928 con-

1905 1965 2213 2027 tradicere
2259 1966 2543 2028 iussioni.
2600 1967 2764 2027 Nihil
2802 1985 2876 2028 ex
2907 1967 3029 2029 hoc
3083 1966 3486 2029 Posthumius

1903 2065 2150 2128 locutus
2218 2073 2311 2128 est
2383 2067 2672 2141 Macario,
2730 2068 2841 2128 sed
2894 2068 3041 2128 dum
3097 2067 3229 2128 eius
3297 2067 3485 2128 verba

1906 2183 2122 2228 secum
2181 2167 2247 2229 in
2283 2167 2493 2229 animo
2555 2167 2854 2242 volveret,
2907 2168 3209 2229 Macarius
3282 2167 3489 2228 emisit

1907 2271 2217 2349 spiritum,
2274 2273 2608 2353 statimque
2650 2272 3034 2353 populorum
3065 2272 3285 2351 ingens
3306 2273 3488 2333 turba

1906 2371 2147 2433 intente
2168 2371 2245 2433 ad
2271 2372 2463 2433 funus
2483 2381 2763 2433 currunt.
2793 2373 2883 2432 Ibi
2906 2371 3302 2451 psallentium
3329 2370 3488 2431 mul-

1904 2473 2108 2534 titudo
2140 2474 2398 2535 diversis
2443 2472 2823 2553 hymnorum
2850 2472 3130 2546 vocibus,
3155 2471 3331 2550 quasi
3356 2482 3487 2533 Uno

1910 2591 2040 2647 ore,
2102 2574 2319 2637 laudes
2364 2577 2492 2637 Deo
2520 2576 2849 2649 canebant,
2903 2574 3106 2637 donec
3150 2591 3379 2654 corpus
3410 2574 3488 2633 ad

1910 2676 2316 2756 sepulchrum
2364 2676 2780 2738 deduceretur
2831 2675 3254 2748 humandum;
3299 2691 3488 2736 nemo

1909 2782 2118 2837 tamen
2148 2776 2554 2838 vehementer
2591 2776 2842 2838 dolebat
2869 2794 2969 2850 eo,
3022 2776 3193 2854 quod
3238 2781 3492 2836 sanctus

1909 2878 2210 2939 Macarius
2231 2884 2357 2939 tam
2385 2876 2686 2939 velociter
2706 2877 3158 2938 monasterium
3180 2874 3493 2953 relinque-

1912 2985 2027 3053 ret,
2049 2979 2345 3057 quoniam
2365 2978 2666 3039 Dominus
2690 2977 2954 3039 similem
2979 2977 3035 3039 ei
3058 2976 3491 3039 Posthumium

1914 3079 2084 3157 gregi
2106 3097 2219 3141 suo
2234 3079 2595 3156 magistrum
2616 3078 2970 3160 providerat
2995 3078 3101 3158 (3).
3130 3103 3159 3135 ››
3178 3078 3493 3159 Quidquid

223 3173 361 3258 εαξη
398 3159 584 3218 omni
613 3158 834 3219 Virtute
881 3159 1257 3221 reniteretur
1279 3166 1339 3220 θῖ
1368 3159 1538 3221 abire
1564 3158 1812 3258 ρεῐιίιυε
1839 3153 1880 3209 C
1912 3153 2101 3258 igitur
2128 3180 2204 3241 de
2228 3153 2497 3243 hac‘vita
2528 3153 2767 3253 statuis,
2802 3179 2918 3241 etsi
2943 3153 3091 3241 satis
3122 3153 3382 3257 antiqua
3416 3197 3491 3241 ea

224 3255 563 3332 noluisset,
620 3258 687 3318 in
733 3258 969 3319 somnis
999 3258 1399 3319 Posthumius
1439 3258 1571 3319 sine
1603 3256 1814 3335 aliquo

221 3359 632 3419 cunctamine
682 3359 773 3419 ire
825 3360 1031 3420 iussus
1089 3360 1332 3420 divinae
1383 3358 1816 3421 contradicere

223 3474 349 3520 non
400 3464 657 3537 poterat
716 3459 1042 3521 maiestati.
1102 3462 1319 3539 Itaque
1365 3477 1509 3521 cum
1550 3459 1816 3521 Macario

219 3559 600 3636 aggreditur
631 3560 770 3632 iter,
803 3560 1263 3623 multitudinem
1314 3561 1818 3637 congregationis

219 3656 715 3729 monachorum,
750 3675 910 3736 quae
949 3676 984 3719 a
1012 3658 1148 3719 solo
1182 3659 1646 3735 gubernabatur
1685 3659 1814 3719 Ma-

217 3756 413 3829 cario,
464 3756 818 3833 ingressus,
912 3757 990 3819 de
1048 3776 1175 3837 quo
1254 3775 1444 3837 saepe
1522 3757 1815 3831 diximus,

217 3871 456 3935 corpus
488 3858 819 3937 sepeliisse
855 3859 1155 3936 magistri,
1208 3876 1351 3920 cum
1382 3857 1638 3937 spiritus
1684 3858 1819 3919 eius

217 3964 481 4018 vocatus
515 3964 616 4020 est
637 3976 714 4018 ex
734 3958 1005 4018 saeculo.
1038 3958 1155 4031 Qui
1177 3976 1317 4019 cum
1341 3975 1409 4020 se
1436 3959 1503 4019 in
1535 3964 1816 4046 extremo

217 4056 379 4119 vitae
405 4059 601 4119 istius
634 4058 994 4137 temporalis
1009 4058 1380 4138 adspiceret,
1416 4058 1715 4120 advocato
1737 4056 1816 4118 ad

214 4174 284 4216 se
309 4165 546 4219 sancto
579 4158 967 4231 Posthumio,
998 4158 1084 4219 ita
1131 4176 1389 4220 exorsus
1422 4164 1514 4220 est
1549 4158 1607 4218 ei
1639 4175 1652 4217 :
1702 4158 1817 4232 En,

213 4256 433 4330 frater,
471 4265 737 4339 tempus
766 4259 1165 4321 resolutionis
1195 4277 1369 4321 meae
1406 4260 1626 4332 instat;
1661 4277 1817 4338 qua-

217 4368 496 4442 prOpter
551 4362 817 4423 audiens
870 4364 1108 4423 bonum
1161 4360 1586 4422 testimonium
1633 4360 1711 4421 de
1732 4365 1815 4435 te,

214 4462 413 4523 ﬁnem
477 4462 832 4523 senectutis
880 4478 1059 4523 meae
1115 4460 1445 4523 debilitatis
1514 4457 2222 4542 supposuiDMacarios
2320 4457 2491 4535 quod
2592 4456 2843 4531 attinet,

213 4564 557 4640 gressibus
588 4563 663 4624 ad
695 4563 1175 4642 pertingendum
1206 4581 1407 4642 usque
1429 4562 1503 4623 ad
1531 4572 1612 4623 te.
1639 4564 1817 4623 Nunc

212 4664 410 4742 igitur
433 4665 615 4724 bene
639 4663 839 4725 fecisti
861 4665 1071 4725 venire
1098 4681 1363 4725 mecum.
1390 4663 1649 4741 Suscipe
1668 4679 1817 4739 ergo

212 4775 493 4850 paterno
532 4783 753 4827 amore
774 4782 1026 4843 gregem
1048 4765 1159 4827 Dei
1187 4765 1264 4825 ad
1289 4764 1654 4842 regendum.
1677 4762 1818 4823 Noli

213 4884 569 4947 quaerere,
595 4865 766 4943 quod
795 4866 907 4925 tibi
931 4866 1082 4927 utile
1101 4872 1215 4939 est,
1250 4864 1359 4926 sed
1395 4863 1565 4943 quod
1583 4861 1812 4932 multis,

211 4976 279 5027 ut
319 4966 488 5028 salvi
538 4964 721 5038 ﬁant;
769 4982 849 5025 ne
880 4982 1031 5042 ergo
1062 4982 1253 5043 neges
1281 4961 1663 5043 suscipiendi
1696 4960 1814 5021 ho-

214 5068 393 5129 noris
457 5066 759 5144 gratiam,
798 5064 1154 5126 mercedem
1205 5082 1240 5125 a
1294 5064 1559 5124 Domino
1633 5077 1813 5122 rece-

282 5251 364 5321 (i)
402 5254 602 5321 Supra
643 5250 669 5321 ς
707 5251 772 5304 12
804 5251 974 5320 p.41.

281 5343 364 5406 (Ξ)
396 5345 600 5411 Supra
630 5340 657 5412 §
689 5342 752 5394 21
794 5358 845 5412 p.
886 5341 976 5397 86.
1010 5339 1131 5412 §50
1163 5355 1214 5408 p.
1248 5340 1371 5393 12⁵1.

286 5433 365 5501 (5)
409 5431 556 5484 Vita
609 5432 666 5485 S.
722 5430 1032 5487 Postliumii
1074 5447 1193 5501 cap.
1239 5430 1289 5497 7,
1319 5429 1428 5484 νγ.
1478 5428 1582 5484 PP.
1635 5429 1815 5484 Rosw.

212 5539 267 5594 p.
295 5526 412 5579 233
443 5541 543 5593 sq.

283 5618 367 5686 (4)
409 5615 441 5681 §
476 5616 584 5669 24.
620 5633 669 5684 p.
702 5617 804 5671 105
844 5632 926 5686 sq.

284 5706 367 5776 (5)
401 5705 569 5759 Hist.
607 5703 766 5760 Laus.
799 5707 885 5761 ed.
926 5704 1125 5761 Meurs.
1159 5720 1278 5758 can.
1317 5704 1382 5758 18
1443 5703 1578 5774 Opp.
1617 5704 1817 5759 llicurs.

214 5795 257 5850 1.
284 5796 329 5852 ι.
366 5812 427 5868 p.
460 5796 608 5852 585.
642 5796 721 5852 Cf.
752 5798 971 5851 Sozom.
1011 5796 1144 5851 llist.
1176 5796 1315 5850 Eccl.
1350 5793 1517 5851 lib.\'l
1573 5813 1689 5866 cap.
1726 5798 1814 5853 ‘29.

1915 3298 2053 3342 esse
2117 3281 2419 3354 videatur,
2486 3286 2745 3360 apparet
2813 3286 3045 3353 tamen,
3133 3282 3497 3356 Macarium,

1916 3397 2106 3458 quem
2152 3379 2314 3441 vitae
2371 3379 2638 3459 scriptor
2716 3379 2776 3439 S.
2834 3379 3082 3439 Antonii
3114 3379 3493 3458 discipulum

1915 3486 2095 3542 vocat
2134 3485 2195 3541 et
2249 3480 2623 3553 ministrum,
2682 3479 2790 3559 qui
2824 3496 3054 3559 corpus
3104 3480 3237 3541 eius
3260 3480 3492 3559 sepeli-

1915 3582 2094 3655 verit,
2144 3580 2594 3659 monachisque
2634 3587 2777 3660 post
2815 3588 3083 3641 mortem
3128 3582 3187 3640 S.
3240 3580 3495 3642 Antonii

1918 3678 2336 3759 praefuerit,a
2361 3679 2592 3740 nostris
2644 3678 2924 3740 Macariis
2966 3678 3279 3739 diversum
3329 3694 3489 3737 esse.

1920 3782 2311 3859 Quapropter
2339 3781 2521 3841 etiam
2565 3780 2719 3841 duas
2749 3780 2885 3841 illas
2914 3780 2991 3842 de
3046 3781 3315 3841 Macario
3349 3796 3493 3855 gra-

1918 3881 2142 3941 tiarum
2164 3882 2226 3940 S.
2271 3881 2522 3942 Antonii
2557 3880 2826 3942 haeredc
2854 3875 3164 3952 historias,
3196 3896 3353 3957 quas
3383 3896 3490 3939 su-

1922 3999 2032 4059 pra
2062 3999 2096 4043 e
2126 3983 2474 4043 Meursiana
2512 3982 2819 4043 Historiae
2849 3981 3179 4041 Lausiacae
3219 3979 3493 4039 editione

1921 4080 2164 4157 spurias
2192 4079 2589 4141 exhibuimus
2613 4077 2717 4156 (4),
2748 4078 2825 4141 ad
2854 4078 3293 4157 Pispiritanum
3326 4078 3490 4139 refe-

1921 4182 2145 4244 rendas
2176 4199 2313 4243 esse
2334 4181 2735 4243 crediderim.

2003 4360 2029 4431 §
2095 4356 2189 4417 46.
2244 4356 2335 4417 Ad
2385 4362 2625 4419 ceteros
2686 4356 2915 4418 deinde
2954 4356 3132 4418 istius
3192 4356 3493 4435 temporis

2936 4455 3134 4517 nostri
3240 4455 3497 4535 quidem

1922 4557 2170 4619 Macarii
2242 4574 2279 4618 a
2370 4558 2638 4619 Macario
2726 4556 2997 4629 iuniore,
3079 4556 3209 4635 qui,
3301 4574 3495 4636 quum

1923 4659 2117 4719 boves
2189 4675 2453 4737 pascens
2530 4658 2787 4720 caedem
2842 4657 3008 4719 haud
3077 4659 3494 4737 praemedita-

1925 4765 2054 4820 tam
2119 4765 2560 4838 perpetrasset,
2610 4760 2676 4820 in
2747 4758 3084 4821 solitudine
3150 4758 3497 4820 monachus

1926 4859 2378 4937 poenitentiam
2448 4859 2669 4937 agebat
2744 4859 2887 4941 (5),
2965 4866 3027 4921 et
3123 4877 3156 4922 a
3228 4859 3497 4921 Macario

1930 4958 2086 5027 187
2178 4958 2585 5020 Alexandriae
2667 4960 3037 5039 presbytero
3135 4959 3499 5040 ptochotro-

1924 5058 2187 5137 phiique
2216 5058 2617 5122 Alexandrini
2646 5061 2966 5141 praefecto
3001 5061 3108 5141 (6),
3157 5080 3275 5124 nec
3304 5079 3435 5124 non
3462 5080 3497 5123 a

1927 5243 2243 5302 Cassiodor.
2291 5245 2436 5302 Hist.
2492 5248 2707 5316 tripart.
2752 5247 2848 5301 lib.
2897 5244 3010 5298 Vlll
3044 5261 3169 5315 cap.
3204 5246 3231 5299 1
3270 5245 3325 5298 in
3368 5245 3497 5304 (ine.

1927 5334 2218 5405 Nicephor.
2252 5337 2462 5393 Callist.
2495 5337 2708 5399 Eccles,
2736 5336 2875 5393 Hist.
2911 5338 3005 5392 lib.
3036 5336 3103 5391 Xl
3136 5353 3256 5406 cap.
3292 5336 3383 5390 55.

2000 5426 2077 5497 (6)
2113 5427 2251 5482 Hist.
2284 5426 2451 5482 Laus.
2477 5428 2563 5482 ed.
2624 5427 2827 5482 Meurs.
2861 5443 2978 5496 cap.
3017 5428 3048 5480 7
3100 5425 3237 5497 Opp.
3290 5426 3496 5481 Meurs.

1930 5522 1966 5574 I.
1986 5521 2021 5573 l.
2055 5537 2108 5591 p.
2142 5521 2240 5575 757
2264 5536 2346 5590 sq.
2374 5522 2513 5574 Idem
2537 5520 2800 5573 Macarius
2834 5520 3115 5589 presbyter
3136 5519 3499 5573 Alexandriae

1932 5615 2100 5670 fuisse
2160 5614 2399 5677 videtur,
2463 5630 2622 5683 quem
2687 5613 2910 5667 laudant
2962 5614 3118 5667 Socr.
3159 5612 3300 5666 llist.
3344 5611 3505 5664 Eccl-

1932 5709 2023 5762 lib.
2053 5708 2091 5761 Ι.
2121 5723 2243 5777 cap.
2294 5708 2385 5773 €27;
2412 5706 2629 5761 Sozom.
2665 5704 2804 5760 Hist.
2835 5705 2978 5759 Eccl.
3018 5705 3114 5759 lib.
3153 5704 3193 5758 Il
3231 5720 3351 5775 cap.
3385 5703 3457 5758 22
3480 5742 3509 5769 ,,

1935 5813 2045 5855 tum
2074 5799 2457 5867 Cassiodorus,
2493 5798 2832 5869 Nicephorus
2867 5798 3127 5855 Callistus
3158 5805 3265 5852 cet.
