4040 6582
537 316 645 373 "Si

1161 313 1263 372 SS.
1304 313 1765 373 MACARIORUM
1802 313 2120 369 AEGYPTII
2187 313 2276 369 ET
2330 315 2795 392 ALEXANDRINI
2839 315 3095 372 VITAE.

3636 314 3641 325 ’
3687 312 3786 371 176

538 430 804 497 Macario
838 434 1420 519 Hierosolymorum
1460 440 1760 521 episcopo
1798 437 1912 519 (1),
1947 438 2111 500 aliis—
2137 443 2184 500 A
2210 456 2325 514 ne,
2367 457 2531 521 quae
2561 440 2639 503 de
2687 438 2960 502 Macario
3015 434 3433 498 Alexandrino
3478 432 3789 496 Palladius
3838 466 3851 479 κ

538 535 758 617 que(2)
775 536 1069 602 facillime
1108 540 1526 619 distinguitur.
1559 540 1679 603 Sed
1720 558 1845 603 una
1884 556 2109 620 super-

540 644 637 699 est
680 637 1009 702 difﬁcultas
1035 688 1051 713 ,
1110 659 1299 721 quam
1356 642 1571 704 obiicit
1616 640 2035 718 fragmentum
2080 656 2115 702 e

540 756 831 803 sermone
868 741 1141 822 Philippi
1174 743 1449 805 Sidensis
1493 745 1677 803 XXIV
1708 744 1773 804 in
1811 742 2117 804 Gallandii

540 839 925 903 Bibliotheca
949 843 1063 902 PP.
1089 858 1409 916 excusum,
1435 860 1561 923 quo
1583 842 1834 905 scholae
1848 842 2117 904 Alexan-

540 939 755 1000 drinae
802 948 1248 1002 enumerantur
1292 943 1657 1021 praepositi.
1703 943 1794 1003 Ab
1841 942 2117 1005 Athena-

542 1054 691 1114 gora
724 1038 912 1112 enim,
945 1039 1052 1118 qui
1078 1039 1375 1103 Hadriani
1405 1050 1467 1104 et
1496 1042 1794 1104 Antonini
1819 1042 2121 1122 tempori-

542 1141 659 1202 bus
696 1141 994 1214 ﬂorebat,
1041 1141 1385 1221 incipiens,
1436 1145 1762 1207 recensitis
1798 1144 2120 1207 nonnullis

542 1240 678 1302 aliis
706 1240 782 1301 ad
803 1242 1212 1322 Serapionem
1239 1246 1497 1320 transit,
1533 1270 1562 1302 α
1596 1262 1807 1325 quem,
1833 1269 1860 1301 η
1890 1245 2117 1324 inquit,

546 1363 575 1395 α
615 1342 863 1421 excepit
900 1359 1166 1421 magnus
1200 1344 1307 1406 ille
1335 1346 1555 1408 Petrus
1584 1347 1921 1425 episcOpus
1950 1363 2119 1407 mar-

544 1441 706 1520 tyrio
752 1441 1047 1522 inclytus.
1115 1445 1263 1506 Post
1308 1446 1561 1508 Petrum
1619 1447 1956 1521 Macarius,
2012 1447 2123 1525 qui

547 1546 812 1609 πολιτικός
864 1559 900 1603 a
957 1545 1381 1607 conterraneis
1455 1552 1549 1608 est
1620 1546 2117 1623 cognominatus.

544 1641 692 1702 Post
719 1659 863 1704 eum
895 1642 1229 1723 Didymus,
1275 1652 1420 1725 post
1447 1646 1785 1726 Didymum
1822 1647 2119 1722 Rhodon,

548 1742 657 1821 qui
680 1742 886 1815 etiam,
910 1752 979 1805 ut
999 1746 1174 1807 testis
1198 1752 1291 1806 est
1309 1745 1444 1825 ipse
1467 1745 1817 1827 Philippus,
1842 1746 2121 1810 scholam

545 1842 856 1903 transtulit
882 1843 946 1904 in
966 1844 1137 1907 illam
1158 1846 1356 1925 ipsam
1380 1846 1688 1909 civitatem
1715 1848 1904 1910 Siden
1924 1849 2123 1929 impe-

548 1947 723 2003 rante
756 1959 984 2021 magno
1013 1944 1391 2008 Theodosio.
1433 1948 1633 2009 Huius
1676 1948 2004 2012 Rhodonis
2051 1965 2120 2011 se

550 2039 924 2120 discipulum
957 2043 1148 2107 fuisse
1192 2045 1276 2107 ait
1306 2046 1708 2127 Philippus...
1750 2072 1779 2104 ι»
1823 2049 1927 2129 (3).
1963 2050 2120 2123 Quid

548 2140 773 2221 igitur?
804 2144 963 2204 Num
998 2148 1298 2209 Macarius
1326 2148 1801 2226 Alexandrinus,
1840 2151 1951 2229 qui
1976 2151 2120 2212 Pal-

551 2241 717 2303 ladio
757 2242 1020 2323 aliisque
1062 2246 1322 2308 testibus
1368 2255 1636 2309 πολιτικός
1679 2268 1716 2315 a
1768 2251 2122 2313 coaetaneis

552 2349 806 2405 vocatus
834 2352 926 2405 est
952 2343 1056 2424 (4),
1088 2344 1449 2426 aliquando,
1480 2355 1623 2411 ante
1649 2350 1979 2430 Didymum
2000 2350 2125 2413 sci-

555 2443 700 2507 licet
746 2444 997 2508 scholae
1022 2444 1476 2510 Alexandrinae
1486 2449 2017 2529 praefuit‘lOmnia
2031 2466 2127 2513 sa-

629 2660 706 2729 (l)
732 2659 948 2716 Sozom.
980 2660 1118 2717 Hist.
1145 2659 1294 2716 Eccl.
1322 2658 1417 2715 lib.
1448 2658 1468 2713 ι
1523 2674 1647 2730 cap.
1673 2658 2126 2729 i7;Theodoret.

563 2750 705 2808 llist.
741 2752 889 2808 Eccl.
918 2754 1010 2808 lib.
1046 2752 1064 2806 ι
1110 2768 1232 2824 cap.
1267 2751 1355 2817 ιϐ,
1389 2750 1524 2823 Opp.
1558 2752 1647 2809 ed.
1683 2751 1933 2811 Noesselt
1963 2754 2028 2811 Τ.
2064 2754 2130 2810 ιιι

561 2860 612 2913 p.
640 2845 736 2899 79!
774 2860 861 2916 sq.

631 2936 709 3007 (2)
741 2934 857 2989 Huc
883 2934 1156 3004 pertinent
1180 2929 1451 2988 Macarius
1485 2930 1789 3000 Romanus,
1828 2937 1988 2993 cuius
2012 2936 2125 2992 vita

562 3032 742 3082 exstat
765 3024 879 3079 VV;
914 3023 1017 3079 PP.
1049 3024 1236 3079 Rosw.
1269 3023 1376 3077 224
1406 3038 1516 3094 sq.,
1539 3022 1811 3081 Macarius
1831 3026 2129 3083 Mathema-

563 3120 727 3185 ticus,
777 3134 938 3190 quem
988 3117 1216 3174 Ruﬁnus
1250 3118 1306 3172 in
1340 3115 1569 3189 Apolog.
1601 3107 1923 3191 [Invectim]
1954 3120 2052 3177 lib.
2087 3120 2130 3176 ιι

2215 539 2534 619 ceterique
2560 539 2990 614 tradiderunt,
3021 538 3081 601 ei
3116 535 3574 599 contradicunt.
3594 538 3789 596 Acce-

2216 639 2327 715 dit,
2352 640 2525 721 quod
2567 640 2899 714 Palladius,
2926 640 3035 719 qui
3054 647 3180 699 tres
3200 653 3398 697 annos
3417 652 3559 697 cum
3580 636 3793 696 Maca-

2216 740 2311 802 rio
2334 740 2754 802 Alexandrino
2776 740 2923 801 vixit
2938 740 3017 822 (5)
3040 787 3054 813 ,
3075 745 3135 801 et
3151 738 3435 810 Ruﬁnus,
3451 737 3583 816 qui,
3606 734 3795 814 Didy-

2218 856 2323 901 mo
2355 856 2466 902 sex
2493 856 2693 901 annos
2715 838 3027 911 audito,in
3050 854 3326 899 eremum
3351 834 3429 898 ad
3458 836 3793 898 Macarium

2219 941 2540 1022 profectus
2561 950 2655 1003 est
2681 941 2788 1023 (6),
2810 942 2979 1003 illius
3008 942 3099 1003 rei
3130 958 3208 1002 ne
3240 940 3613 1002 levissimam
3644 940 3792 1020 qui-

2221 1042 2367 1105 dem
2408 1044 2795 1105 mentionem
2832 1043 3087 1105 faciunt.
3119 1043 3211 1103 Ex
3240 1042 3469 1121 quibus
3502 1058 3617 1117 ego
3646 1041 3794 1120 qui-

2220 1144 2363 1205 dem
2428 1144 2733 1219 coniicio,
2807 1144 3142 1206 Macarium
3209 1158 3464 1222 quoque
3532 1148 3796 1201 πολιτικόν

2219 1244 2419 1319 illum,
2468 1244 2721 1307 scholae
2773 1244 3226 1307 Alexandrinae
3259 1243 3420 1313 188
3455 1241 3799 1320 aliquando

2220 1345 2580 1420 antistitem,
2613 1362 2649 1407 a
2681 1346 2910 1407 nostris
2932 1344 3213 1407 Macariis
3241 1344 3553 1405 diversum
3574 1341 3800 1401 fuisse.

2222 1448 2383 1508 Num
2411 1463 2561 1508 vero
2597 1447 2899 1509 Macarius
2929 1446 3256 1526 presbyter
3280 1444 3398 1506 iste
3427 1442 3800 1504 Alexandri-

2223 1564 2342 1609 nus
2375 1547 2631 1609 antistes
2652 1546 2907 1609 scholae
2946 1547 3115 1608 illius
3148 1544 3510 1607 statuendus
3535 1543 3648 1618 sit,
3678 1559 3801 1606 ne-

2223 1664 2348 1728 que
2377 1664 2605 1725 negare
2637 1664 2847 1727 neque
2874 1648 3185 1711 afﬁrmare
3216 1647 3439 1709 ausim.

2302 1848 2518 1926 Itaque
2549 1846 2951 1926 quaestiones
2979 1846 3058 1909 de
3074 1845 3480 1907 Macariorum
3512 1841 3806 1922 Aegyptii

2228 1953 2289 2009 et
2334 1948 2735 2010 Alexandrini
2782 1947 2925 2009 vitis
2970 1946 3371 2010 absolvimus.
3426 1945 3517 2007 Ad
3572 1944 3807 2023 scripta

2227 2065 2443 2112 eorum
2465 2048 2635 2129 quod
2648 2049 2888 2123 attinet,
2903 2066 2975 2111 ea
2988 2047 3242 2129 quidem
3259 2047 3619 2125 dignissima
3631 2050 3805 2119 sunt,

2227 2151 2304 2211 de
2326 2150 2554 2229 quibus
2578 2149 2765 2211 simili
2800 2150 3039 2211 ratione
3060 2149 3407 2211 accuratius
3426 2146 3804 2227 inquiratur.

2227 2250 2348 2312 Sed
2377 2250 2493 2312 hac
2523 2249 2981 2329 disquisitione,
3025 2266 3220 2329 quum
3258 2248 3336 2311 ab
3382 2247 3503 2310 hoc
3545 2247 3809 2327 quidem

2229 2349 2558 2431 proposito
2599 2356 2816 2413 nostro
2845 2349 3049 2412 aliena
3078 2350 3180 2425 sit,
3206 2348 3275 2410 in
3310 2348 3664 2430 praesentia
3694 2364 3810 2409 su-

2231 2450 2660 2531 persedemus.

2232 2664 2443 2731 laudat,
2476 2674 2586 2723 cet.

2304 2758 2384 2830 (5)
2414 2756 2665 2813 Galland.
2700 2755 2958 2812 Biblioth.
3000 2754 3104 2811 rp.
3134 2754 3201 2812 τ.
3235 2752 3304 2810 1x
3344 2769 3399 2825 p.
3435 2752 3583 2810 λοι..

2303 2850 2380 2922 (4)
2405 2849 2490 2905 cr.
2524 2864 2687 2921 supra
2723 2848 2751 2921 ς
2783 2848 2855 2903 24
2882 2848 3066 2919 p.104
3098 2847 3127 2921 ς
3156 2847 3228 2903 25
3261 2862 3315 2919 ι).
3345 2846 3449 2904 ros
3477 2862 3601 2918 sqq.

2304 2943 2383 3014 (5)
2417 2943 2592 3013 Supra
2624 2959 2677 3014 p.
2714 2943 2808 2999 66.
2836 2942 2928 2998 85.

2305 3034 2384 3106 (6)
2416 3033 2592 3106 Supra
2626 3034 2654 3100 ς
2684 3035 2718 3091 6
2747 3051 2803 3105 ι).
2837 3035 2924 3091 18.
