3950 6556
561 312 664 367 179

1361 328 1440 382 SS
1498 329 1955 386 MACARIORUM
1989 331 2322 387 AEGYPTII
2363 333 2454 387 ET
2501 331 2967 388 ALEXANDRINI

3677 338 3760 394 l80

557 431 684 486 ενοι
709 415 1010 488 nonaginta
1042 432 1236 486 annos,
1265 420 1494 477 virtutes
1512 424 1805 493 proferam.
1861 423 1911 479 ls
1934 426 1988 478 in
2028 440 2118 480 so-

2228 443 2324 496 μαι
2349 425 2372 456 ⁸
2395 424 2488 478 τοῦ
2513 426 2810 493 Αἰγυπτίου
2834 423 3115 494 Μακαρίου
3135 422 3236 486 τὰς
3257 422 3487 494 ἀρετάςο
3505 422 3566 488 ὃς
3586 425 3606 458 ⁹
3628 389 3761 499 {Ci};

557 507 840 561 litudinetn
889 510 1110 579 triginta
1150 526 1323 566 annos
1375 522 1534 567 natus
1576 515 1844 581 ascendit,
1913 517 1969 570 in
2017 532 2126 587 qua

555 615 731 654 annos
795 604 1074 671 sexaginta
1110 605 1334 673 peregit.
1386 602 1560 656 Tanta
1604 605 1817 660 labores
1857 607 2126 662 exercita;

555 693 722 768 tionis
753 693 876 744 tulit
899 697 1225 756 constantia,
1269 703 1325 746 ut
1353 703 1474 763 post
1510 696 1697 749 decem
1731 712 1904 752 annos
1927 699 2126 768 insigni

556 761 789 850 quadam
817 783 1166 836 distinctione
1194 761 1391 851 dignus
1429 785 1649 840 habitus
1688 761 2128 858 natbaptoyép‘wv

556 884 862 936 vocaretur,
897 874 1022 942 quia
1048 875 1416 944 citius,quam
1452 893 1550 946 pro
1583 886 1788 944 aetate,
1822 881 2125 937 virtutibus

555 963 878 1032 profecerat.
922 963 1288 1036 Quadraginta
1324 969 1468 1022 enim
1513 986 1690 1025 annos
1737 982 1902 1028 natus
1960 983 2121 1043 pote-

554 1061 749 1107 statem
789 1055 1090 1122 expellendi
1159 1055 1476 1122 daemones,
1514 1062 1746 1129 gratiam
1792 1063 2121 1128 curationis,

555 1145 916 1214 spiritumque
952 1147 1266 1216 prophetiae
1301 1152 1533 1220 accepit,
1555 1160 1607 1206 et
1639 1153 1948 1207 honorabili
1987 1169 2125 1224 quo-

555 1251 661 1306 que
717 1237 1026 1292 sacerdotio
1061 1239 1260 1310 dignus
1308 1243 1657 1297 existimatus
1689 1255 1794 1298 est.
1828 1244 1965 1298 Cum
2003 1246 2124 1315 ipso

553 1329 664 1380 duo
692 1327 1012 1382 habitabant
1049 1330 1305 1401 discipuli
1329 1334 1382 1387 in
1413 1335 1602 1388 intima
1647 1337 1963 1401 solitudine,
1986 1351 2124 1406 quae

553 1428 781 1473 vocatur
831 1421 1009 1476 Sccte.
1057 1424 1295 1490 Quorum
1341 1443 1480 1481 unus
1517 1445 1730 1498 semper
1762 1445 1928 1500 prope
1969 1432 2121 1485 illum

553 1519 672 1564 erat
713 1527 901 1566 eorum
938 1530 1125 1581 causa,
1157 1517 1248 1586 qui
1295 1520 1582 1573 veniebant
1653 1530 1710 1573 ut
1754 1531 2118 1589 curarentur;

554 1606 693 1658 alter
726 1621 974 1660 seorsum
1007 1608 1232 1662 sedebat
1269 1609 1322 1662 in
1354 1611 1572 1679 propria
1601 1612 1757 1666 cella.
1785 1611 2122 1670 Procedente

554 1704 733 1751 autem
757 1706 999 1768 tempore
1028 1701 1112 1752 vir
1149 1713 1372 1756 sanctus
1407 1704 1709 1772 perspicaci
1750 1706 1912 1759 oculo
1961 1722 2121 1774 prae-

552 1788 764 1852 videns,
809 1791 881 1854 ei,
922 1793 1011 1861 qui
1045 1793 1147 1846 sibi
1193 1795 1560 1858 ministrabat,
1610 1795 1838 1853 Joannis
1877 1803 2118 1863 nomine,

551 1882 644 1950 qui
680 1890 866 1951 postea
902 1885 1182 1955 presbyter
1234 1885 1412 1940 factus
1455 1896 1538 1942 est
1577 1888 1632 1942 in
1680 1889 1852 1958 ipsius
1898 1893 2116 1949 vicem:
2173 1956 2180 1961 _

551 1974 713 2037 Audi,
745 1973 941 2043 inquit,
971 1975 1162 2035 frater,
1188 1992 1361 2030 meam
1390 1977 2115 2051 admonitionem,quoniam

553 2075 606 2118 te
634 2073 808 2119 tentat
842 2067 1070 2135 spiritus
1088 2070 1372 2122 avaritiae.
1407 2069 1486 2122 Ita
1511 2071 1654 2123 enim
1688 2074 1943 2142 equidem
1985 2076 2117 2139 vidi,

554 2175 731 2228 neque
772 2159 982 2228 ignoro,
1011 2159 1056 2212 si
1100 2175 1272 2212 meam
1301 2178 1475 2230 aequo
1505 2164 1690 2216 animo
1714 2166 1907 2219 tuleris
1930 2167 2123 2221 exhor-

553 2252 834 2316 tationem,
877 2251 929 2304 in
962 2268 1122 2320 Opere
1173 2252 1261 2305 lini
1293 2253 1394 2307 hoc
1442 2255 1562 2308 loco
1609 2270 2118 2315 consummatorum

554 2352 606 2397 te
636 2359 776 2402 esse.
811 2345 1216 2412 gloriosuuique
1269 2345 1401 2409 fore,
1449 2356 1501 2400 et
1552 2347 1821 2418 ﬂagellum
1869 2368 1976 2406 non
2026 2370 2121 2424 ap-

555 2434 1042 2503 propinquaturum
1071 2437 1421 2490 tabernaculo
1447 2448 1558 2492 tuo.
1605 2442 1670 2493 At
1696 2443 1740 2493 si
1775 2459 1860 2496 me
1887 2459 1992 2496 uou
2020 2460 2119 2496 au-

553 2525 740 2592 divi-is,
773 2525 921 2580 Giezi
953 2526 1004 2579 in
1035 2537 1086 2580 te
1114 2527 1237 2581 finis
1272 2529 1490 2598 veniet,‘
1516 2531 1673 2600 cujus
1710 2541 1778 2607 et,
1805 2535 1995 2589 morbo
2044 2537 2120 2589 la-

554 2617 737 2672 boras.
791 2616 916 2672 Haec
955 2619 1098 2672 dicta
1147 2630 1276 2674 sunt
1319 2622 1562 2691 quinque
1609 2639 1786 2679 annos
1829 2635 2117 2694 antequam

553 2715 778 2762 sanctus
826 2709 982 2762 obiit.
1034 2711 1099 2762 Et
1151 2711 1463 2780 quindecim
1509 2715 1667 2768 aunis
1711 2725 1831 2784 post
1887 2727 2116 2772 mortem

554 2797 769 2851 Macarii
797 2815 962 2867 quum
992 2797 1232 2853 Joannes
1262 2801 1405 2854 bona
1448 2818 1748 2871 pauperum
1802 2807 2114 2871 avertisset,

553 2883 625 2936 ita
647 2885 913 2938 laboravit
943 2885 1321 2956 elephantiasi,
1366 2896 1423 2940 ut
1464 2891 1515 2942 in
1549 2906 1780 2960 corpore
1839 2893 1960 2962 ejus
2009 2911 2116 2947 non

551 2977 888 3031 inveniretur
919 2977 1317 3047 integerlocus,
1341 2981 1392 3033 in
1427 2985 1670 3051 quoquis
1699 2984 1926 3055 digitum
1950 2987 2114 3057 figere

2227 519 2293 570 τά
2323 517 2611 587 σύμπαντα
2638 518 2730 588 ἔτη
2755 519 3080 586 ἐνενήκοντα
3114 516 3155 547 ⁸⁸
3176 532 3190 547 ·
3233 513 3472 569 ἀνελθὼν
3509 514 3606 586 μὲν
3639 536 3762 591 τρια-

2225 608 2521 676 κονταέτης
2567 606 2866 677 νεώτερος,
2913 607 3008 660 καὶ
3041 607 3100 658 ἐν
3147 608 3212 676 τῇ
3244 606 3436 677 ἐρήμῳ
3478 617 3762 681 πεποιηκὼς

2228 695 2268 760 ξ’
2301 697 2392 768 ἐτη
2422 700 2465 730 ¹¹
2488 714 2502 726 ·
2532 699 2771 770 τοσαύτῃ
2804 701 3076 770 ἐχρήσατο
3115 699 3382 769 καρτερίᾳ
3414 699 3591 752 πόνων
3622 704 3764 772 ἀσκη-

2225 786 2411 852 τικῶν,
2441 786 2516 850 ὡς
2543 789 2620 850 εἰς
2647 788 2778 841 δέκα
2804 788 2898 860 ἐτη
2927 787 3113 840 τοῦτον
3139 789 3181 819 ¹¹
3209 788 3405 858 πολλῆς
3431 791 3527 842 κα)⁸
3554 794 3763 866 μεγάλης

2225 871 2518 949 ἀξιωθῆναι
2548 880 2892 950 διακρίσεως,
2921 879 3060 935 ὥστε
3094 879 3376 934 καλεῖσθαι
3407 882 3570 934 αὐτὸν
3604 888 3764 939 παιδί.

2227 970 2538 1041 ριογέροντα
2577 971 2665 1025 διὰ
2708 971 2768 1024 τὸ
2807 971 2997 1025 θᾶττον
3037 974 3137 1044 τῆς
3167 972 3388 1042 ἡλικίας
3415 977 3537 1037 ταῖς
3572 975 3764 1044 ἀρεταῖς

2225 1062 2517 1132 προκόψαι.
2541 1063 2676 1115 ἐτῶν
2699 1063 2808 1135 γάρ
2845 1069 2898 1133 μ’
2923 1064 3211 1134 γενόμενος
3255 1065 3300 1096 ¹³
3343 1067 3438 1118 καὶ
3464 1067 3610 1118 κατὰ
3635 1085 3765 1123 πνευ-

2229 1154 2411 1222 μάτων
2437 1153 2626 1206 ἐλαϐεν
2647 1154 3057 1224 ὲξουσιαστικὴν
3084 1154 3316 1226 δύναμιν
3348 1157 3446 1208 καὶ
3477 1156 3709 1226 χάρισμα
3730 1164 3764 1193 ⁸⁵

2226 1245 2469 1312 ἰαμάτων
2511 1245 2605 1296 καὶ
2644 1244 2861 1314 πνεῦμα
2904 1247 3265 1316 προρρήσεων
3311 1247 3406 1299 καὶ
3435 1246 3535 1316 τῆς
3572 1248 3766 1318 ἐντίμου

2226 1335 2527 1408 ἱερωσύνης
2551 1333 2883 1406 κατηξιώθη.
2935 1337 3108 1408 τούτῳ
3139 1339 3376 1408 συνῆσαν
3418 1339 3516 1392 δύο
3555 1339 3768 1410 μαθηταὶ

2223 1427 2303 1488 εἰς
2341 1425 2440 1495 τὴν
2475 1426 2760 1494 ὲνδοτάτην
2786 1427 2830 1457 ¹⁸
2873 1425 3079 1497 ἔρημον
3117 1427 3215 1498 τὴν
3257 1428 3602 1500 καλουμένην
3647 1432 3769 1502 Σκῆο

2221 1533 2304 1568 τιν
2329 1516 2392 1569 ³⁸.
2427 1517 2454 1569 6
2499 1517 2596 1585 μὲν
2640 1513 2722 1579 εἷς
2757 1517 2795 1548 ¹⁷
2829 1517 3053 1588 πλησίον
3099 1519 3265 1572 αὐτοῦ
3297 1516 3365 1590 ἦν
3399 1521 3442 1552 ³⁸
3475 1521 3563 1574 διά
3601 1524 3713 1584 τοὺς
3734 1526 3767 1557 ¹⁹

2223 1606 2350 1676 περὶ
2379 1605 2672 1676 θεραπείας
2696 1607 2741 1637 ’θ
2771 1607 3098 1676 ἐρχομένους
3123 1610 3190 1639 ’⁸⁸
3214 1611 3242 1661 6
3266 1610 3321 1662 δὲ
3343 1609 3502 1672 ἄλλος
3529 1613 3769 1683 ἀνεχώρει

2221 1697 2341 1750 κατ’
2373 1697 2506 1750 ἰδίαν
2538 1698 2732 1751 κέλλαν
2765 1700 2831 1751 ".
2873 1698 3065 1770 χρόνου
3109 1699 3166 1752 δὲ
3200 1702 3573 1772 προκόψαντος
3615 1703 3771 1776 διορα-

2220 1787 2357 1858 τικῷ
2391 1787 2599 1858 δμματι
2640 1787 2788 1854 λέγει
2836 1787 2915 1856 τῷ
2961 1787 3323 1857 ὑπηρετοῦντι
3371 1789 3522 1859 αὐτῷ
3566 1789 3771 1859 ὀνόματι

2235 1880 2472 1951 Ἰωάννῃ,
2502 1881 2582 1942 είς
2615 1877 2840 1950 ὕστερον
2867 1879 2923 1931 δὲ
2951 1879 2998 1910 ’³
3028 1878 3304 1949 γενομένῳ
3327 1880 3682 1950 πρεσϐυτέρῳ
3706 1883 3772 1944 εἰς

2218 1973 2312 2026 τὸν
2346 1973 2512 2024 τόπον
2551 1971 2646 2023 τοῦ
2687 1971 2845 2038 ἁγίου
2871 1986 2885 2001 ·
2919 1970 3153 2024 ἄκουσόν
3199 1989 3299 2041 μου
3346 1973 3446 2042 τῆς
3487 1971 3771 2036 νουθεσίας,

2219 2064 2436 2134 ἁδελφὲ,
2463 2064 2650 2134 ἐπειδὴ
2681 2063 2932 2132 πειράζει
2961 2079 3021 2114 σε
3053 2063 3113 2116 τὸ
3143 2063 3358 2134 πνεῦμα
3392 2064 3490 2132 τῆς
3524 2064 3709 2135 φιλαργ
3723 2083 3773 2117 υ-

2225 2159 2366 2229 ρίας.
2404 2155 2548 2210 οὕτω
2587 2156 2696 2225 γὰρ
2731 2155 2845 2222 ἐγὼ
2879 2153 3100 2226 ἑώρακα
3135 2157 3229 2208 καὶ
3257 2152 3395 2220 οἶδα,
3421 2157 3525 2215 ὅτι.
3566 2156 3659 2208 ἐάν
3686 2174 3772 2227 μου

2220 2247 2462 2316 ἀνάσχῃς
2489 2245 2588 2313 τῆς
2621 2245 3049 2316 παρακλήσεως,
3079 2247 3411 2318 τελειωθήσῃ
3439 2249 3497 2300 ὲν
3527 2248 3609 2320 τῷ
3648 2251 3774 2322 ἔργῳ

2219 2339 2312 2392 τοῦ
2357 2338 2492 2391 Θεοῦ
2540 2340 2599 2391 έν
2655 2337 2734 2408 τῷ
2777 2339 2927 2410 τόπῳ
2975 2339 3152 2410 τούτῳ
3191 2341 3285 2392 καὶ
3332 2340 3642 2413 δοξασθὴσῃ
3695 2346 3774 2397 καὶ

2225 2429 2421 2501 μάστιξ
2449 2430 2550 2482 οὐκ
2579 2431 2754 2498 ὲγγιεί
2777 2430 2911 2500 τῷ³⁴
2940 2430 3259 2501 σκηνώματί
3291 2449 3406 2485 σου.
3442 2433 3538 2485 ἐὰν
3588 2435 3643 2487 δέ
3689 2454 3774 2506 μου

2221 2521 2576 2593 παρακούσης
2597 2560 2612 2583 ,
2642 2521 2736 2573 τοῦ
2772 2520 2932 2592 Γιεζῆ
2962 2520 3082 2592 ἥξει
3111 2524 3202 2574 ἐπὶ
3238 2523 3298 2575 σὲ
3332 2523 3401 2575 τὰ.
3429 2523 3585 2594 τέλη,
3614 2518 3671 2576 οῦ
3697 2529 3776 2578 καὶ

2219 2613 2280 2665 τὸ
2305 2613 2472 2676 πάθος
2497 2615 2692 2677 νοσεῖς.
2719 2615 2811 2666 καὶ
2836 2612 3009 2667 ταῦτα
3051 2615 3149 2684 μὲν
3173 2614 3277 2685 πρὸ
3308 2621 3348 2666 ε’
3376 2614 3512 2667 ἐτῶν
3551 2617 3651 2685 τῆς
3683 2633 3778 2668 κοι-

2224 2704 2441 2772 μήσεως
2482 2702 2575 2754 τοῦ
2614 2703 2770 2769 ἁγίου
2812 2703 3048 2774 εἴρηται.
3098 2706 3191 2757 καὶ
3232 2704 3371 2775 μετὰ
3408 2705 3542 2758 ἄλλα
3596 2713 3652 2758 ιε’
3696 2706 3775 2777 ἔτη

2218 2793 2390 2856 οὕτως
2422 2793 2770 2862 ὲλειραντίασε
2822 2796 3218 2865 νοσφισάμενος
3261 2797 3330 2849 τὰ
3376 2796 3484 2848 τῶν
3534 2797 3774 2866 πτωχῶν,

2219 2885 2294 2948 ὡς
2341 2885 2416 2957 μὴ
2456 2886 2744 2958 εὑρεθῆναι
2785 2889 2842 2940 ἐν
2886 2887 2963 2957 τῷ
3005 2887 3217 2958 σώματι
3261 2887 3424 2940 αὑτοῦ
3469 2888 3722 2964 ἀκέραιον
3739 2890 3776 2919 ’⁸

2217 2978 2403 3043 τόπον,
2435 2979 2492 3030 ἐν
2583 2996 2666 3041 τις
2691 2979 2950 3032 δάκτυλον
2973 2980 3132 3049 πήξοι
3155 2981 3200 3011 ’⁸
3220 2995 3236 3008 ο
3268 2980 3361 3031 καὶ
3386 2979 3562 3041 οὕτως
3589 2980 3678 3032 ἐπὶ
3701 2981 3778 3031 τὸν

552 3077 761 3138 posset.
791 3070 868 3123 lta
895 3069 948 3123 in
979 3086 1066 3131 eo,
1093 3071 1186 3139 qui
1213 3088 1321 3125 non
1354 3074 1658 3136 obedicrat,
1684 3079 1964 3146 prophetia
1989 3095 2114 3132 san-

2220 3070 2600 3141 παρακούοντα
2621 3071 2665 3101 "
2691 3073 2724 3140 ἡ
2767 3072 3071 3141 προφητεία
3096 3071 3189 3123 τοῦ
3223 3071 3377 3139 ἁγίου
3408 3071 3774 3140 πεπλήρωται.

551 3158 625 3212 cti
657 3158 762 3211 viri
793 3159 1011 3226 impleta
1027 3168 1129 3213 est.
1160 3159 1233 3216 De
1257 3161 1380 3214 cibo
1412 3171 1590 3216 autern
1613 3163 1776 3234 249
1795 3173 1848 3218 et
1880 3177 2007 3236 potu
2023 3185 2116 3222 su-

549 3269 944 3324 pervacaneum
979 3264 1063 3310 est
1090 3271 1336 3318 narrare,
1376 3259 1633 3326 quoniam
1667 3276 1736 3314 ne
1765 3260 1906 3330 apud
1932 3278 2118 3317 socor-

550 3345 731 3400 diorcs
751 3347 970 3416 quidem
995 3349 1290 3403 monachos
1305 3351 1783 3417 monasteriorum,
1805 3369 1945 3422 quae
1962 3363 2116 3408 extra

493 3439 496 3444 ’
551 3446 702 3502 sunt,
733 3437 968 3492 inveniri
1000 3438 1270 3509 ingluvies
1298 3441 1475 3509 possit
1508 3451 1602 3496 aut
1633 3443 1740 3496 alia
1780 3445 2045 3514 quaedam
2087 3462 2118 3499 a

549 3530 948 3585 consuetudine
977 3523 1201 3597 eorum,
1247 3527 1340 3601 qui
1374 3529 1428 3585 in
1455 3531 1596 3588 istis
1629 3531 1762 3589 locis
1810 3548 2114 3601 morantur,

549 3619 765 3676 diversa
796 3621 1007 3676 vivendi
1042 3623 1288 3688 libertas,
1335 3640 1458 3678 cum
1486 3633 1710 3695 propter
1759 3627 1996 3695 inopiam
2034 3646 2119 3684 re-

550 3728 672 3766 rum
714 3715 1168 3779 necessariarum,
1205 3725 1318 3770 tum
1353 3728 1578 3787 propter
1620 3719 1795 3772 zelum
1837 3719 1930 3774 Dei
1978 3721 2119 3775 inter

549 3822 665 3869 eos,
696 3809 788 3878 qui
822 3808 894 3862 ibi
925 3809 1190 3874 habitant,
1215 3824 1546 3879 unoquoque
1575 3825 1793 3880 semper
1810 3812 2115 3880 proximum

547 3899 718 3954 variis
736 3901 876 3954 vitae
907 3900 1175 3954 institutis
1200 3901 1420 3955 vincere
1445 3902 1831 3957 contendente.
1855 3903 2033 3972 Atque
2050 3905 2117 3957 ad

547 3987 711 4043 aliam
739 3989 901 4058 hujus
927 3991 1027 4043 viri
1057 3992 1505 4046 exercitationem
1545 3995 1692 4063 quod
1727 4001 1958 4064 spectat,
2002 3995 2119 4064 ipse

547 4079 834 4136 dicebatur
865 4081 1091 4136 adsidue
1120 4083 1172 4136 in
1203 4085 1411 4139 exstasi
1455 4101 1600 4149 esse,
1648 4096 1701 4141 et
1733 4087 1927 4155 majori
1979 4094 2118 4141 tem-

550 4185 681 4240 pore
708 4169 817 4224 Deo
844 4172 1016 4241 magis
1039 4188 1199 4242 quam
1232 4176 1392 4229 rebus
1423 4179 1660 4232 terrenis
1697 4179 1978 4249 occupari.
2006 4178 2117 4233 Nec

547 4277 720 4332 pauca
750 4261 1000 4317 feruntur
1039 4266 1307 4320 miracula
1335 4269 1404 4321 ab
1430 4285 1496 4323 eo
1526 4279 1768 4339 peracta.

619 4353 974 4410 Libidinosus
1019 4357 1239 4425 quidam
1299 4359 1485 4424 homo,
1538 4361 1836 4431 Aegyptius
1896 4377 2112 4431 genere,

2221 3163 2354 3232 Περὶ
2404 3161 2502 3232 μὲν
2547 3158 2641 3215 οῦν
2689 3162 2944 3234 βρώσεως
2991 3163 3087 3215 καὶ
3129 3163 3340 3226 πόσεως
3379 3163 3636 3232 περιττόν
3679 3164 3780 3215 ἐστι

2217 3252 2522 3323 διηγεῖσθαι
2541 3295 2554 3317 ,
2581 3255 2742 3308 ὁπότε
2773 3255 2892 3307 οὐδὲ
2931 3256 3081 3326 παρὰ
3115 3257 3228 3318 τοῖς
3263 3254 3658 3325 ῥᾳθυμοτέρως
3687 3255 3780 3306 τῶν

2219 3340 2323 3411 ἔξω
2363 3347 2738 3418 μοναστηρίων
2778 3347 2924 3400 ἐστιν
2958 3347 3250 3418 εὑρεθῆναι
3287 3347 3601 3417 ἀδηφαγίαν
3635 3346 3666 3416 ἢ
3698 3347 3779 3397 άλ-

2217 3436 2316 3506 λην
2340 3437 2462 3491 τινὰ
2489 3439 2830 3510 ἀδιαφορίαν,
2872 3439 2904 3509 ἦ
2949 3439 3101 3510 παρὰ
3142 3443 3255 3502 τοῖς
3286 3437 3437 3493 οῦσιν
3472 3443 3531 3492 έν
3568 3443 3677 3503 τοῖς
3706 3441 3782 3492 τό-

2218 3545 2342 3591 ποις
2384 3529 2643 3597 ὲκείνοις,
2683 3531 2777 3583 καὶ
2808 3530 2896 3583 διὰ
2922 3531 2968 3562 ’⁸
3005 3532 3105 3600 τὴν
3149 3532 3364 3603 σπάνην
3397 3533 3505 3584 τῶν
3560 3533 3781 3603 χρειῶν,

2218 3619 2313 3672 καὶ
2359 3620 2450 3674 διὰ
2501 3621 2592 3674 τὸν
2644 3622 2783 3675 κατὰ
2827 3622 2959 3675 Θεὸν
3015 3621 3178 3692 ζῆλον
3236 3625 3343 3678 τῶν
3393 3629 3783 3680 κατοικούντων

2221 3713 2353 3777 ἐκεῖ,
2375 3713 2462 3765 ἀεὶ
2483 3713 2618 3785 πρὸς
2638 3713 2898 3784 ἀλλήλους
2925 3717 2970 3747 ⁸⁸
2995 3716 3238 3770 ἑκάστων
3277 3717 3724 3784 φιλονεικούντων
3744 3719 3781 3749 ³⁸

2220 3802 2564 3872 ὑπερὸαίνειν
2616 3804 2710 3856 τὸν
2759 3803 2986 3873 πλησίον
3041 3809 3161 3868 ταῖς
3213 3807 3255 3836 ³¹
3307 3807 3593 3876 διαφόροις
3643 3809 3785 3860 πολι-

2218 3894 2389 3959 τείαις
2414 3896 2478 3949 ³¹.
2512 3896 2641 3967 περί
2681 3895 2737 3948 δὲ
2769 3897 2817 3928 ⁸³
2843 3897 2943 3968 τῆς
2978 3897 3145 3968 ἄλλης
3177 3898 3461 3970 ἀσκήσεως
3489 3901 3588 3953 τοῦ
3616 3902 3782 3968 ἁγίου,

2217 3981 2370 4050 οὗτος
2400 3987 2620 4055 ἐλέγετο
2649 3987 3006 4052 ἀδιαλείπτως
3032 3989 3079 4020 ³⁸
3107 3989 3420 4054 ἐξίστασθαι
3462 3993 3560 4044 καὶ⁸
3597 3993 3785 4062 μᾶλλον

2216 4078 2294 4148 τῷ
2333 4078 2536 4132 πλείονι
2575 4080 2748 4150 χρόνῳ
2779 4079 3215 4151 προσδιατρίϐειν
3239 4081 3286 4112 ³⁸
3311 4080 3489 4151 Θεῷῆ
3539 4085 3658 4143 τοῖς
3703 4082 3784 4132 ὑπ’

2217 4171 2444 4241 οὐρανὸν
2481 4173 2822 4244 πράγμασιν.
2866 4167 2927 4226 οῦ
2963 4172 3061 4226 καὶ
3097 4171 3330 4244 διάφορα
3374 4172 3638 4245 φέρονται
3669 4171 3787 4227 θαύ-

2263 4280 2366 4316 ατα
2404 4263 2472 4316 ⁸⁸.

2221 4281 2531 4417 μαἰῗσωτός
2580 4371 2666 4417 τις
2709 4353 2849 4424 ἀνὴρ
2901 4351 3196 4421 Αἰγύπτιος
3234 4352 3487 4422 ἐρασθεὶς
3533 4353 3787 4421 γυναικὸς

547 4455 741 4514 captus
776 4454 894 4500 erat
911 4463 1095 4501 amore
1117 4449 1399 4516 cujusdam
1425 4451 1654 4520 pudicae
1679 4455 1947 4520 mulieris,
1974 4469 2114 4524 quae

2220 4447 2491 4517 ύπάνδρου
2540 4446 2635 4498 καὶ
2683 4443 2956 4516 σώφρονος
3001 4445 3091 4497 καί
3127 4443 3414 4514 ἀποτυχὼν
3443 4445 3542 4498 τοῦ
3591 4443 3786 4498 σκοποῦ

545 4536 668 4589 viro
707 4547 988 4606 nupserat.
1033 4536 1208 4602 Quum
1267 4540 1540 4595 desiderio
1574 4541 1954 4609 frustraretur,
1976 4561 2112 4598 con-

2212 4537 2784 4610 προσωμίλησεγόητι
2821 4537 3026 4603 λέγων’
3081 4535 3309 4606 ἕργασαι
3356 4538 3422 4606 τῇ
3463 4537 3638 4609 τέχνῃ
3678 4553 3786 4592 σου.

547 4627 698 4680 venit
751 4642 992 4698 magum,
1027 4631 1154 4684 cui:
1206 4629 1333 4692 Fac,
1375 4633 1572 4702 inquit,
1624 4643 1744 4688 arte
1776 4644 1888 4701 tua,
1929 4645 2023 4690 aut
2055 4644 2115 4690 ut

2220 4634 2244 4702 ἢ
2282 4633 2368 4685 ἵνα
2392 4632 2655 4702 ἀγαπήσῃ
2690 4647 2779 4700 με,
2813 4630 2846 4700 ἢ
2881 4629 2968 4682 ἵνα
3003 4628 3133 4699 ῥίψῃ
3167 4629 3209 4659 ³⁷
3245 4629 3416 4698 αὐτὴν
3455 4631 3482 4681 6
3521 4628 3670 4697 ἀνὴρ
3700 4628 3786 4679 αύ-

545 4725 700 4790 amet_
716 4733 822 4781 me,
870 4726 965 4772 aut
988 4731 1044 4773 ut
1072 4723 1304 4776 maritus
1335 4738 1453 4776 eam
1488 4724 1635 4780 foras
1679 4727 1883 4793 ejiciat.
1929 4727 2116 4798 Magus

544 4822 685 4876 quae
703 4817 911 4876 poterat
937 4822 1208 4878 expertus,
1233 4815 1486 4880 quoniam
1505 4829 1713 4871 castum
1731 4819 1850 4887 ejus
1874 4821 2114 4873 animum

545 4895 820 4951 dimovere
853 4913 961 4952 non
988 4909 1191 4968 posset,
1213 4901 1413 4965 elfecit,
1438 4913 1498 4958 ut
1525 4921 1665 4974 equa
1694 4908 1972 4962 videretur
2016 4908 2106 4972 iis,

543 4988 638 5057 qui
688 5005 806 5042 eam
835 4991 1213 5050 intuebantur.
1249 4994 1476 5052 Maritus
1514 5013 1644 5069 ergo
1675 4999 1795 5068 ejus
1823 5001 1911 5053 ubi
1959 4999 2110 5054 foras

2211 4724 2330 4792 τῆς.
2373 4724 2466 4776 καὶ
2501 4721 2680 4774 λαϐὼν
2703 4723 2732 4774 ό
2763 4721 2898 4790 γόης
2925 4720 2985 4772 τὸ
3025 4719 3209 4773 ἱκανὸν
3241 4723 3374 4792 παρ’
3403 4719 3576 4773 αὐτοῦ
3601 4721 3670 4781 ³⁸,
3702 4719 3790 4771 καὶ

2219 4817 2293 4888 μὴ
2334 4817 2578 4886 δυνηθεὶς
2622 4817 2959 4886 μεταστῆσαι
2992 4815 3084 4868 τὸν
3136 4813 3390 4886 σώφρονα
3422 4815 3552 4868 νοῦν
3587 4815 3786 4882 αὐτῆς.

2215 4907 2640 4978 παρασκευάζει,
2673 4907 2748 4968 ὡς
2793 4905 3036 4976 φορϐάδα
3067 4906 3110 4936 ⁸⁸
3139 4907 3309 4975 αὐτὴν
3356 4906 3655 4974 φαίνεσθαι
3688 4907 3790 4964 τοῖς

2214 4999 2410 5070 ὁρῶσιν
2430 5015 2443 5028 '
2485 4999 2577 5050 καὶ
2606 4996 2832 5062 ἐξελθὼν
2873 4996 3071 5062 ἔξωθεν
3096 4998 3124 5050 6
3157 4997 3296 5068 ἀνὴρ
3329 4996 3501 5066 αὐτῆς
3532 4997 3636 5048 καὶ
3667 4994 3782 5046 ἰδὼν

1800 5109 2058 5166 VABIAE
2093 5110 2498 5167 LECTIONES.

616 5205 639 5236 ⁸
667 5213 1023 5285 διηγήσομαι
1054 5231 1163 5270 om.
1199 5216 1258 5269 Β.
1351 5216 1373 5247 '
1399 5215 1439 5267 Β
1463 5212 1658 5284 οὗτος.

542 5285 837 5349 ἐξήκοντα
864 5287 988 5352 ἐτη.
1090 5287 1132 5316 ¹²
1155 5286 1334 5348 Coni.,
1370 5287 1586 5340 τοῦτον
1616 5305 1724 5345 om.
1768 5289 1825 5354 Β,
1857 5291 1900 5342 Α
1927 5293 2043 5344 τούς

541 5355 922 5437 ἐνδοδᾴτηνζ
981 5358 1023 5388 ¹⁶
1121 5357 1386 5437 σξιήτην..
1452 5359 1492 5388 ³⁷
1519 5358 1691 5437 Βυκίέὶ
1730 5363 1774 5437 ὀ⁸
1793 5359 1910 5437 per
1939 5362 2043 5426 εἷς.

543 5493 614 5546 ἐν
642 5496 742 5559 τῷ.

816 5498 862 5526 ³⁸
888 5497 926 5550 Δ
952 5499 1286 5566 rixa/putor,
1322 5497 1361 5549 Β
1391 5497 1548 5566 ὑγιῆ.

547 5631 592 5664 ⁸³
627 5633 714 5686 AB
751 5638 1101 5703 πολιταίαις.
1181 5638 1224 5667 ³³
1250 5636 1404 5692 Corr.
1474 5631 1706 5707 Αῐῐτῇ,
1806 5631 1917 5691 ³⁶Β

1753 5221 1796 5251 ’⁸
1826 5219 1864 5272 Β
1891 5220 2253 5285 ἐνενήκοντα
2288 5220 2413 5286 ἐτη.

1090 5287 1132 5316 ¹²
1155 5286 1334 5348 Coni.,
1370 5287 1586 5340 τοῦτον
1616 5305 1724 5345 om.
1768 5289 1825 5354 Β,
1857 5291 1900 5342 Α
1927 5293 2158 5345 τούτου.

2139 5361 2182 5392 ¹⁸
2209 5360 2251 5413 Β
2286 5360 2428 5424 (Ima.

543 5426 860 5503 gspafu'ac,
962 5428 1110 5503 πρὸς
1148 5429 1480 5503 θεραπείαν.
1503 5497 1528 5503 _
1558 5429 1601 5459 "
1703 5426 2212 5503 ῙώὶχἐρχομένιινιξἼ
2288 5431 2408 5503 "__B
2448 5433 2567 5503 κατ’
2602 5431 2736 5503 ἰδίαν
2759 5433 2871 5503 -είς
2903 5429 3145 5503 κέλλαν.-
3193 5430 3240 5460 ³³
3265 5429 3335 5503 δέ
3390 5444 3500 5481 om.
3540 5427 3605 5484 Β.

1627 5501 1672 5530 ’τ’
1703 5500 1773 5551 EX
1807 5500 1962 5552 Cotti.
1985 5540 1998 5562 ,
2027 5501 2068 5551 A
2103 5501 2308 5565 πήξει,
2345 5499 2384 5551 Β
2412 5502 2604 5566 θήσω.

545 5579 656 5656 ain;
824 5567 867 5598 ¹⁹
898 5565 1015 5652 τῶν·
1036 5565 1691 5656 κατοίξῇύντιυνῖπρὸς
1719 5569 2028 5656 ἀλζίιήέους
2059 5571 2271 5656 ouhﬁ.‘
2323 5570 2367 5656 ξθ
2393 5565 2706 5656 Βὲνκάίζῖοτρ
2737 5571 3238 5656 φιλονιὲαεοῦγξος.

1986 5653 2071 5692 οτι
2133 5653 2505 5704 ἀδιαλείπτως.

2515 5220 2556 5252 ¹¹
2586 5220 2627 5272 Β
2667 5222 2723 5274 ἐν
2770 5222 2836 5290 τῇ
2883 5219 3078 5290 ἐρημῷ
3125 5218 3516 5290 πεποίηκεᾼδὲ
3556 5217 3794 5290 ἐκεῖσεῖ

2448 5291 2651 5359 γονώς.
2742 5290 2786 5321 ¹⁸
2811 5287 2863 5342 Ἀ
2893 5287 3248 5360 χαρίσματα.
3293 5290 3381 5360 ᾉη
3409 5288 3678 5360 Emend.,
3711 5287 3794 5360 AB

2523 5363 2563 5393 ¹⁹
2601 5361 2698 5412 διὰ
2738 5357 3022 5426 τοὺς-ὀιιι.
3067 5359 3125 5414 Β.
3221 5360 3263 5390 ¹⁰
3292 5357 3544 5424 Emend,
3589 5361 3633 5410 Α
3664 5359 3790 5423 περί

2523 5433 2567 5476 τ’
2602 5431 2736 5476 ἰδίαν
2785 5433 2871 5476 εῘρ
2903 5429 3114 5476 κέλλαν-
3193 5430 3240 5460 ⁸³
3265 5429 3333 5476 δὲ
3390 5444 3500 5476 om.
3540 5427 3605 5476 Β-
3687 5431 3730 5458 ⁸⁸
3759 5427 3792 5476 Β

3630 5499 3674 5528 ”
3702 5497 3793 5549 διὰ

2239 5290 2444 5359 ¹³Βγε

2683 5501 2724 5531 ’⁷
2759 5499 3004 5561 Emend.,
3041 5501 3086 5552 A
3114 5499 3154 5552 Β
3182 5497 3544 5566 παράκουον.

3313 5571 3352 5598 ³¹
3371 5568 3471 5620 Pro
3495 5567 3681 5630 ταῖςΒ
3706 5567 3786 5617 ἐν.

2585 5642 2632 5671 ³⁵
2663 5640 2704 5692 Β
2741 5636 3187 5706 ’προσδιέτριϐῶ
3265 5639 3310 5670 ³⁸
3343 5637 3383 5690 Β
3427 5638 3583 5690 addit
3653 5636 3789 5706 indi:

545 5717 665 5780 αξη]
683 5721 711 5780 '_
725 5707 859 5780 [legi
885 5707 990 5780 τοῦ
1022 5701 1124 5780 (sic
1140 5709 1178 5772 '.)
1201 5710 1287 5772 εἰς
1307 5708 1573 5775 φορϐιὶδα
1590 5701 2112 5778 μέὶ-αΰλησθείσης
2133 5711 2446 5780 γυναικός.
2470 5701 2479 5704 ⁷
2509 5711 2553 5742 ³⁷
2578 5713 2654 5765 Ex
2685 5701 2912 5772 coni.,A
2942 5701 3125 5777 ῥίψει,
3159 5709 3198 5762 Β
3225 5708 3469 5776 ἐκϐάλῃ.
3550 5708 3600 5739 ³⁸
3625 5707 3672 5760 Β
3692 5701 3805 5757 ἀπ’·

544 5774 736 5829 αὑτοῦ.
812 5778 855 5808 ⁸⁸
889 5779 922 5830 Α
946 5778 1188 5845 ροριὶδα,
1229 5787 1281 5834 et
1311 5774 1390 5834 sic
1422 5774 1640 5848 ubique.
