3950 6544
199 357 281 413 181
1674 351 1877 409 ACTA.

3289 358 3394 413 {82

192 469 346 541 αὐτὴν
379 466 433 520 ἐν
472 467 712 537 σχήματι
750 467 1016 538 φορϐάδος
1063 467 1380 538 ἀπωδύρετο
1422 467 1517 521 καὶ
1549 467 1702 523 ἔκλαι

1837 472 2001 538 venit,
2031 473 2083 526 in
2119 473 2290 527 forma
2311 471 2485 542 equae
2512 485 2629 525 eam
2649 470 3015 540 conspicatus,
3040 469 3298 539 ingemuit
3327 487 3391 526 ac

190 561 278 631 τήν
318 558 624 628 συμφοράν·
656 559 749 611 καὶ
791 558 1303 628 προσκαλεσάμενος
1334 563 1459 621 τοὺς
1495 561 1709 631 πρεσσδυ¹

1831 561 1977 616 ﬂevit
2004 563 2070 618 de
2101 563 2189 627 iis,
2242 580 2380 634 quae
2419 563 2750 616 acciderant.
2798 563 3018 615 Vocatis
3055 561 3250 615 deinde
3283 562 3389 616 vici

187 652 362 724 τέρους
396 653 492 720 τῆς
536 652 730 718 κώμης
771 649 1008 703 δείκνυσι
1050 650 1248 720 αὐτὴν,
1282 650 1378 703 καὶ
1408 650 1529 702 οὐδὲ
1573 651 1728 703 αὐτοὶ

189 743 404 813 συνῆκαν
428 741 487 792 τὸ
514 741 756 809 γεγονός.
797 741 892 794 καὶ
927 741 1018 793 ἐπὶ
1065 745 1213 811 τρεῖς
1249 741 1463 811 ἡμέρας
1503 742 1727 810 μηδενὸς

185 830 502 901 γευσαμένης
551 830 749 898 αὐτῆς,
781 831 931 892 τέλος
953 869 967 891 ,
1009 830 1094 882 ἵνα
1132 829 1363 900 δοξασθῇ
1406 831 1433 880 ὁ
1470 829 1602 892 Θεὸς
1635 829 1726 882 τὸν

185 924 321 991 atwa
349 921 528 985 αὑτοῦ,
557 922 720 992 ἀνέϐη
753 923 842 974 ἐπὶ
870 922 914 953 ⁸ο
943 923 1033 974 τὸν
1067 920 1191 974 νοῦν
1222 922 1314 974 τοῦ
1342 922 1553 992 ἀνδρὸς,
1583 923 1724 989 ἀγα-

182 1015 287 1081 γεῖν
318 1010 482 1079 αὐτὴν
510 1010 553 1042 δι
600 1012 679 1074 εἰς
713 1011 809 1080 τὴν
844 1009 1047 1081 ἔρημον
1075 1011 1120 1041 ’⁸⁸
1155 1010 1290 1081 πρὸς
1329 1011 1422 1062 τὸν
1471 1009 1624 1077 ἅγιον
1655 1009 1722 1063 ⁸³.

183 1107 264 1159 καὶ
315 1103 608 1173 φορϐιάσας
643 1103 690 1135 δ’·
727 1104 892 1174 αὐτὴν
939 1103 1012 1166 ὡς
1078 1103 1273 1166 ἵππον,
1331 1102 1502 1164 οὔτως
1555 1101 1725 1171 αὐτὴν

181 1199 364 1267 ἤγαγεν
386 1233 401 1256 ,
432 1193 557 1247 ἔνθα
585 1193 720 1264 ᾤκει
748 1198 775 1248 ὁ
801 1194 894 1247 τοῦ
925 1194 1060 1246 Θεοῦ
1104 1195 1405 1264 ἄνθρωπος.
1441 1193 1535 1246 καὶ
1563 1194 1619 1246 ἐν
1647 1190 1725 1261 τῷ

177 1284 451 1356 πλησιάσαι
499 1284 745 1353 λέγουσιν
798 1287 946 1356 αὐτῷ
989 1288 1039 1338 οἱ
1093 1285 1345 1354 ἀδελφοί·
1381 1285 1433 1338 τί
1487 1278 1588 1338 ὧδε
1624 1283 1724 1354 τὴν

177 1377 398 1448 φορϐάδα
425 1377 665 1447 ἧγαγες;
696 1378 808 1430 καὶ·
833 1377 982 1445 λέγει
1029 1379 1256 1440 ἐκεῖνος·
1311 1373 1392 1430 ἵνα
1426 1376 1620 1446 ὲλεηθῇ
1653 1378 1719 1445 τῇ

176 1469 432 1539 προσευχῇ
477 1467 570 1520 τοῦ
615 1467 845 1523 δικαίου.
881 1471 928 1521 oi
961 1469 1016 1522 δὲ
1056 1471 1191 1540 πρὸς
1225 1469 1387 1522 αὐτόν
1419 1468 1464 1500 ⁵⁸
1485 1485 1499 1498 ·
1531 1468 1582 1520 τί
1614 1466 1720 1538 γὰρ

175 1557 271 1627 ἔχει
297 1557 465 1609 κακόν
487 1573 500 1622 ;
529 1556 675 1625 λέγει
699 1559 897 1622 αὐτοῖς·
931 1559 1092 1629 αὕτη,
1118 1560 1185 1628 ἣν
1210 1560 1370 1628 ὁρᾶτε
1388 1559 1432 1590 ⁸⁸
1454 1557 1717 1629 φορϐάδα,

173 1652 200 1720 ή
239 1653 366 1719 γυνή
413 1667 518 1718 μου
547 1646 615 1721 ἦν
652 1652 684 1721 ἡ
739 1651 917 1715 ἀθλία,
953 1654 1047 1705 καὶ
1089 1653 1188 1706 ούκ
1221 1649 1359 1718 οἶδα,
1399 1653 1452 1704 τί
1487 1653 1582 1705 νῦν
1620 1655 1719 1723 μὲν

170 1743 288 1812 αὐτή
309 1740 371 1793 ⁸⁷.
426 1742 788 1814 ἀπεκαλύφθη
831 1744 887 1796 δὲ
936 1743 1013 1814 τῷ
1057 1744 1196 1814 ἁγίῳ
1240 1744 1416 1796 πάντα
1457 1744 1526 1796 τὰ
1557 1761 1716 1811 γεγο-

1828 654 2162 724 presbyteris
2192 671 2309 709 eam
2327 655 2582 716 ostendit,
2621 654 2712 707 sed
2747 669 2813 706 ne
2839 653 2889 705 hi
2919 653 3137 720 quidem
3163 669 3273 705 rem
3301 655 3385 706 in-

1828 745 2172 801 tellexerunt.
2228 751 2404 813 Quum
2460 749 2624 817 igitur
2654 747 2743 799 illa
2791 745 2969 797 tribus
3013 743 3204 798 diebus
3256 745 3388 798 nihil

1827 837 2049 891 omnino
2105 839 2450 901 comedisset,
2521 846 2853 908 postremum
2920 837 3064 891 Deus
3134 846 3387 889 sanctum

1833 940 1995 979 suum
2062 929 2468 999 glorificaturus
2517 929 2898 997 cogitationem
2948 928 3146 981 marito
3202 927 3388 994 injecit

1828 1015 2060 1071 adeundi
2115 1035 2239 1072 cum
2289 1035 2352 1073 ea
2403 1029 2650 1073 sanctum
2718 1019 2894 1072 virum
2943 1019 2996 1070 in
3055 1017 3384 1083 solitudine;

1780 1111 1786 1118 '
1827 1121 1996 1174 quare
2033 1107 2080 1162 is
2113 1111 2353 1178 capistro
2383 1109 2600 1178 ligatam
2631 1115 2688 1160 ut
2717 1123 2908 1176 equam
2950 1107 3126 1168 duxit,
3182 1109 3273 1160 ubi
3302 1108 3386 1160 vir

1827 1198 1917 1254 Dei
1963 1199 2261 1257 habitabat.
2298 1200 2768 1271 Appropinquanti
2825 1198 3066 1253 fratres:
3103 1199 3264 1264 Quid,
3307 1199 3386 1251 in-

1825 1289 2039 1356 quiunt,
2071 1289 2179 1344 huc
2215 1306 2409 1359 equam
2453 1288 2766 1342 adduxisti?
2802 1286 2895 1341 llle
2949 1289 3282 1356 respondet:
3314 1285 3385 1340 Ut

1819 1381 1952 1450 justi
1999 1381 2246 1435 oratione
2299 1381 2730 1436 misericordiam
2756 1391 3141 1450 consequatur.
3179 1383 3243 1433 At
3274 1381 3329 1434 hi
3365 1400 3378 1435 :

1823 1473 1962 1538 Quid
1996 1474 2211 1527 tandem
2247 1475 2372 1528 mali
2407 1475 2606 1529 habet?
2636 1473 2942 1543 Respondet
2981 1495 2993 1529 :
3030 1475 3192 1543 250
3219 1474 3380 1536 llaec,

1821 1583 1983 1637 quam
2022 1567 2217 1622 videtis
2245 1583 2458 1637 equam,
2488 1583 2616 1621 cara
2645 1583 2760 1621 mea
2813 1583 2950 1620 uxor
2982 1579 3120 1631 erat,
3147 1577 3220 1632 et,
3251 1566 3382 1636 quid

1815 1659 1927 1728 jam
1943 1659 1992 1712 ei
2015 1659 2505 1722 acciderit,nescio.
2526 1658 2780 1714 Revelata
2794 1669 2972 1712 autem
2993 1667 3182 1714 sancto
3199 1661 3380 1712 omnia

1819 1759 1995 1816 erant,
2028 1767 2167 1821 quae
2208 1753 2406 1806 femina
2447 1763 2743 1822 pateretur,
2772 1762 2824 1804 et
2854 1756 3016 1805 Deum
3062 1752 3250 1804 orabat
3282 1767 3381 1820 pro

168 1832 280 1885 νότα
305 1832 439 1902 αὐτῇ
467 1832 534 1896 ⁸⁸,
564 1835 660 1886 καὶ
687 1831 752 1904 ἦν
781 1833 1032 1904 δεόμενος
1059 1835 1149 1888 τοῦ
1185 1835 1320 1887 Θεοῦ
1351 1836 1480 1907 περὶ
1524 1835 1709 1904 αὐτῆς.

1821 1858 1904 1896 ea.
1931 1843 2008 1896 llli
2041 1858 2170 1896 vero
2201 1859 2323 1896 cum
2364 1843 2468 1897 ista
2505 1843 2867 1903 audivissent,
2897 1843 3138 1896 referunt
3163 1843 3226 1895 ad
3261 1859 3379 1896 ser-

167 1921 209 1973 οί
239 1920 291 1972 δὲ
330 1921 665 1984 ἀκούσαντες
707 1921 880 1974 ταῦτα
921 1923 1252 1993 ἀναφέρουσι
1298 1923 1378 1994 τῷ
1424 1924 1715 1994 θεράποντι

165 2011 244 2064 τοῦ
265 2013 500 2082 Χριστοῦ
521 2013 792 2086 Μακαρίῳ
811 2013 1082 2081 λέγοντες,
1105 2015 1186 2067 ὅτι
1209 2015 1454 2086 φορϐάδα
1483 2014 1716 2068 ἐνταῦθά

162 2121 236 2166 τις
260 2104 488 2172 ἢγαγεν.
534 2105 680 2172 λέγει
719 2107 934 2169 αὐτοῖς·
978 2107 1136 2176 ὑμεῖς
1168 2107 1288 2158 ἐστε
1317 2108 1495 2170 ἵπποι,
1528 2108 1577 2159 oi
1604 2106 1714 2160 τῶν

164 2195 326 2247 ἵππων
351 2197 482 2258 τοὺς
507 2196 818 2266 ὀφθαλμοὺς
836 2197 1068 2266 ἔχοντες·
1095 2198 1275 2268 ἐκείνη
1303 2198 1359 2250 δὲ
1377 2200 1514 2268 γυνή
1543 2201 1710 2260 ἐστιν,

162 2287 226 2352 ὡς
240 2288 486 2357 ἐκτίσθη,
512 2289 648 2342 ἀλλὰ
682 2290 838 2360 μόνον
865 2291 1023 2344 τοῦτο
1048 2292 1347 2360 φαινομένη
1366 2292 1409 2322 δ’
1442 2309 1714 2361 μετασχη-

163 2379 478 2450 ματισθεῖσα
523 2385 636 2444 τοῖς
685 2382 985 2452 ὀφθαλμοῖς
1030 2383 1139 2436 τῶν
1181 2385 1566 2455 ἠπατημένων.
1617 2384 1712 2436 καὶ

159 2473 548 2540 προσαχθείσης
605 2474 773 2543 αὐτῆς
818 2476 1118 2546 εὐλογήσας
1155 2476 1298 2547 ὕδωρ
1337 2478 1432 2529 καὶ
1470 2478 1577 2529 ἀπὸ
1615 2495 1710 2530 κο-

160 2555 318 2624 ρυφῆς
345 2557 581 2625 ἐπιχέας
625 2559 759 2627 αὐτῇ
813 2561 1022 2629 γυμνῇ,
1059 2561 1151 2612 καὶ
1202 2560 1364 2630 εὐχὴν
1405 2562 1637 2630 ποιήσας
1664 2561 1710 2592 ⁵ο

157 2647 238 2698 ἐπὶ
266 2647 358 2716 τὴν
394 2649 648 2719 κεφαλὴν
687 2649 858 2718 αὐτῆς
882 2651 949 2713 δι,
983 2651 1323 2723 παραχρῆμα
1366 2652 1538 2721 ἐφάνη
1577 2654 1708 2704 πᾶσι

156 2735 276 2806 γυνὴ
319 2738 630 2807 καθορῶσιν
650 2741 716 2801 δ’,
772 2740 867 2791 καὶ⁸
902 2739 1185 2792 ἐκέλευσεν
1227 2741 1362 2810 αὐτῇ
1411 2740 1632 2809 δοθῆναι
1663 2741 1710 2772 ⁸³

154 2831 346 2895 φαγεῖν.
380 2830 616 2883 ὑπέθετο
669 2831 726 2883 δὲ
767 2832 904 2902 αὐτῇ
933 2833 960 2882 ὁ
993 2831 1089 2884 τοῦ
1135 2831 1270 2884 Θεοῦ
1311 2831 1596 2901 ἄνθρωπος
1631 2834 1710 2884 εί-

155 2912 258 2962 πών
276 2927 288 2940 ·
319 2911 594 2982 μηδέποτε
638 2911 970 2983 ἀπολειφθῇς
990 2915 1034 2956 υ
1059 2915 1156 2983 τῆς
1191 2913 1285 2966 τοῦ
1313 2913 1449 2965 Θεοῦ
1510 2914 1710 2984 ἐκκλη-

156 3003 261 3065 σίας
281 3003 322 3034 ⁵⁵
348 3005 443 3056 καὶ
482 3004 580 3073 τῆς
621 3005 905 3067 κοινωνίας
944 3004 1052 3058 τῶν
1096 3005 1408 3075 μυστηρίων
1444 3005 1538 3058 τοῦ
1573 3006 1706 3076 Χρι-

156 3093 266 3146 στοῦ
293 3095 357 3147 ⁸⁸.
401 3093 570 3146 τοῦτο
610 3095 716 3165 γάρ
757 3113 838 3148 σοι
889 3095 1084 3165 συνέϐη
1125 3095 1212 3147 διά
1248 3096 1311 3147 τὸ
1348 3095 1440 3147 ἐπὶ
1469 3096 1514 3126 ⁸⁷
1545 3095 1706 3148 πέντε

153 3181 432 3252 ἑόδομάδας
496 3183 570 3252 μὴ
623 3184 1082 3254 προσεληλυθέναι
1143 3201 1201 3236 σε
1251 3187 1364 3246 τοῖς
1416 3185 1702 3254 ἀκράντοις

155 3266 485 3336 μυστηρίοις.
533 3267 702 3329 οὕτως
733 3269 1022 3339 ἰασάμενος
1049 3267 1216 3338 αὐτὴν
1235 3266 1700 3340 σώματικαὶψυχῇ

152 3348 398 3401 ἀπέλυσεν
424 3349 626 3419 αὐτὴν.

221 3433 458 3501 Ἐλέγετο
493 3435 569 3497 δὲ,
609 3435 691 3486 ὅτι
734 3437 793 3486 ἐν
836 3433 914 3503 τῷ
962 3432 1157 3504 μακρῷ
1204 3433 1304 3503 τῆς
1344 3434 1488 3503 ζωῆς
1541 3434 1705 3487 αὐτοῦ

150 3519 305 3589 χρόνῳ
330 3520 594 3588 ὑπόγειον
615 3521 663 3551 ⁸⁸
686 3523 915 3590 ποιήσας
937 3521 980 3554 ⁸⁸
1012 3520 1246 3592 σύριγγα
1273 3521 1582 3592 ὀρύγματος
1603 3522 1708 3574 ἀπὸ

151 3609 238 3678 τῆς
284 3609 485 3680 κέλλης
531 3609 697 3662 αὐτοῦ
745 3611 1064 3681 ἡμισταδίου
1110 3611 1282 3680 μῆκος
1322 3612 1398 3672 εἰς
1440 3613 1500 3663 τὸ
1539 3611 1707 3681 ἄκρον

154 3693 392 3763 σπήλαιον
438 3694 808 3757 ἀπετέλεσεν,
855 3695 946 3746 καὶ
979 3694 1030 3745 ετ
1083 3711 1214 3746 ποτε
1262 3694 1507 3756 πλείονες
1556 3696 1706 3766 αὑτῷ

151 3784 370 3855 ῶχλουν,
423 3785 688 3856 κρυπτῶς
722 3787 786 3837 ἐκ
834 3787 933 3855 τῆς
972 3786 1172 3856 κέλλης
1217 3787 1376 3850 ἐξιὼν
1425 3787 1592 3858 ἀπῄει
1625 3790 1706 3852 είς

152 3876 205 3928 τὸ
248 3875 506 3945 σπήλαιον
569 3877 667 3928 καὶ
728 3876 825 3946 οὐχ
875 3875 1191 3946 εὑρίσκετο·
1247 3877 1342 3929 καὶ
1391 3879 1473 3930 ὅτι
1527 3878 1704 3932 ἀπιὼν

150 3966 226 4019 διὰ
256 3968 349 4038 τῆς
389 3966 657 4036 σύριγγος
683 3965 856 4019 εἴκοσι
890 3966 1156 4036 τέσσαρας
1189 3967 1361 4020 ἐποίει
1393 3966 1558 4036 εὐχὰς
1600 3967 1704 4031 ἓως

149 4057 230 4110 τοῦ
262 4058 548 4129 σπηλαίου,
581 4057 674 4110 καὶ
704 4056 994 4126 ἐρχόμενος
1019 4056 1179 4108 πάλιν
1203 4055 1422 4126 ὁμοίως.

209 4149 334 4220 Περὶ
364 4148 565 4201 τούτου
588 4147 778 4218 ἐξῆλθε
809 4149 986 4217 φήμη,
1012 4147 1094 4199 ὅτι
1123 4149 1218 4199 καὶ
1246 4147 1437 4218 νεκρὸν
1457 4148 1698 4218 ἤγειρεν,

149 4233 224 4293 ἵνα
257 4241 529 4313 αἱρετικὸν
558 4241 720 4312 πείσῃ
766 4240 840 4311 μὴ
870 4239 1236 4309 ὁμολογοῦντα
1267 4241 1562 4294 ἀνάστασιν
1594 4257 1701 4294 σω·

150 4335 336 4404 μάτων·
369 4336 465 4388 καὶ
492 4333 635 4404 αῦτη
665 4336 697 4404 ή
733 4335 887 4405 φήμη
923 4333 1146 4405 ἐκράτει
1175 4334 1306 4404 περὶ
1335 4333 1499 4386 αὑτοῦ
1535 4335 1593 4386 ἐν
1631 4337 1698 4405 τῇ

147 4423 321 4494 ἐρήμῳ
803 4471 808 4480 .

207 4508 309 4560 Καὶ
328 4507 522 4561 ἄλλοτε
563 4505 896 4578 προσενέχθη
938 4507 1084 4576 αὐτῷ
1105 4507 1387 4570 νεανίσκος
1407 4507 1698 4577 δαιμονιῶν

145 4599 281 4668 παρὰ
311 4599 408 4668 τῆς
445 4597 584 4660 ἰδίας
620 4597 842 4668 μητρὸς,
881 4598 1001 4651 δυσὶ
1041 4599 1343 4662 νεανίσκοις
1383 4600 1697 4671 συνδεδεμέ-

141 4707 219 4752 νος
245 4691 301 4754 ὲξ
316 4691 583 4760 ἐκατέρου
617 4690 838 4759 μέρους·
874 4690 1077 4761 ταύτην
1093 4689 1149 4742 δὲ
1175 4691 1217 4721 ⁸⁸
1239 4691 1336 4760 τὴν
1365 4692 1644 4760 ἐνέργειαν
1668 4693 1696 4744 ὁ

140 4775 332 4844 δαίμων
381 4771 552 4843 εἶχεν·
616 4773 779 4845 τριῶν
814 4775 1009 4843 μοδίων
1055 4775 1252 4846 ἄρτους
1274 4774 1452 4844 ήσθιε,
1492 4775 1586 4827 καὶ
1612 4794 1694 4828 κια-

140 4859 352 4915 λικίσιον
413 4861 610 4923 ὓδατος
660 4860 872 4912 ἔπινεν·
928 4859 1068 4930 άπερ
1119 4863 1164 4892 ⁸³
1209 4862 1566 4932 ἐρευγόμενος
1617 4865 1696 4926 είς

141 4950 296 5019 ἀτμὸν
330 4951 397 4981 ⁸³⁸
425 4949 619 5002 ἀνέλυε
645 4947 705 4999 τά
723 4947 988 5018 βρώματα
1018 4948 1092 5011 ὡς
1120 4949 1225 5017 ἀπὸ
1257 4950 1301 4980 ⁸³
1324 4950 1490 5020 πυρὸς
1521 4951 1693 5004 δαπα-

139 5041 339 5113 νώμενα
361 5042 426 5094 ⁸⁵.
462 5045 578 5096 ἐστι
607 5041 715 5110 γάρ
747 5057 797 5091 τι
827 5040 1099 5110 δαιμόνιον
1135 5041 1316 5110 τάγμα
1355 5041 1576 5111 πύρινον
1609 5042 1696 5094 λε-

141 5133 376 5204 γόμενον,
416 5133 523 5185 ούκ
564 5132 750 5195 οὐσίας
787 5131 1211 5204 μεταϐληθείσης
1240 5133 1305 5198 ⁸⁵,
1350 5133 1465 5186 ἀλλ’
1497 5132 1570 5195 ὡς
1603 5135 1694 5186 καὶ

1818 1948 1944 1986 vum
1993 1934 2196 1987 Christi
2236 1933 2551 1996 Macarium,
2606 1934 2850 1988 dicentes
2888 1953 2900 1986 :
2932 1933 3134 2004 Equam
3180 1935 3379 2002 aliquis

1816 2024 1922 2078 huc
1961 2024 2210 2078 adduxit.
2274 2026 2484 2090 Quibus
2520 2027 2566 2078 is
2600 2024 2768 2088 :Vos,
2817 2026 3011 2092 inquit.
3045 2027 3178 2080 estis
3229 2025 3374 2094 equi,

1815 2114 1906 2183 qui
1932 2130 2195 2184 equorum
2224 2115 2414 2170 oculos
2447 2114 2689 2180 habetis;
2721 2117 2810 2168 illa
2839 2124 3024 2168 autem.
3047 2115 3244 2168 femina
3272 2125 3373 2178 est,

1815 2215 1872 2258 ut
1899 2215 1976 2259 est
2017 2213 2222 2268 creata,
2254 2213 2308 2258 et
2335 2206 2408 2258 ita
2431 2204 2822 2259 transformata
2849 2207 3020 2260 oculis
3045 2212 3252 2258 tantmn
3286 2220 3377 2272 ap-

1811 2306 1963 2366 paret
1988 2314 2202 2362 eorum,
2235 2299 2323 2366 qui
2356 2307 2487 2352 sunt
2522 2297 2752 2372 decepti.
2788 2297 2990 2352 Deinde
3037 2313 3174 2366 aqua
3209 2297 3374 2350 bene-

1810 2389 1952 2442 dicta
1986 2392 2204 2453 nudam,
2236 2407 2398 2458 quam
2439 2390 2797 2452 adduxerant,
2855 2405 2882 2440 a
2918 2405 3133 2442 summo
3172 2389 3374 2443 vertice

1809 2483 2061 2548 aspersit,
2109 2498 2386 2550 quumque
2430 2497 2594 2550 super
2627 2491 2792 2552 caput
2829 2482 2952 2551 ejus
3003 2494 3257 2550 precatus
3284 2499 3373 2536 es-

1809 2580 1911 2632 set,
1930 2574 2110 2626 statim
2133 2574 2382 2626 omnibus
2399 2588 2516 2626 eam
2547 2572 2854 2627 videntibus
2880 2575 3075 2628 femina
3101 2575 3369 2642 apparuit.

1809 2666 1985 2732 Atque
2019 2665 2102 2716 vir
2132 2663 2224 2716 Dei
2269 2665 2317 2716 ei
2349 2664 2527 2717 cibum
2587 2666 2781 2733 apponi
2826 2665 3012 2734 jussit.
3057 2665 3193 2718 Tum
3250 2681 3371 2718 eam

1807 2755 2142 2807 commonuit
2186 2755 2374 2809 dicens
2411 2773 2425 2810 :
2458 2754 2748 2824 Nunquam
2791 2773 2896 2810 non
2944 2772 3266 2826 compareas
3315 2757 3369 2810 in

1807 2847 2036 2901 ecclesia
2073 2846 2166 2901 Dei
2193 2855 2247 2900 et
2282 2848 2335 2900 in
2369 2850 2752 2903 communione
2781 2851 3164 2918 mysteriorum
3206 2851 3373 2903 Chri-

1809 2939 1907 3002 sti;
1960 2939 2090 2991 baec
2116 2941 2259 2991 enim
2305 2939 2404 2991 tibi
2442 2940 2782 3000 acciderunt.
2819 2942 2945 3010 quia
2984 2942 3096 3010 jam
3133 2943 3373 3010 quinque

1809 3029 2239 3083 hebdomadibus
2273 3044 2378 3080 non
2410 3031 2696 3084 accessisti
2729 3031 2794 3083 ad
2823 3031 3137 3084 intemerata
3169 3033 3372 3086 Christi

1809 3118 2088 3187 mysteria.
2141 3116 2216 3169 Ita
2259 3131 2374 3170 eam
2416 3131 2644 3184 corpore
2681 3124 2734 3170 et
2786 3119 2962 3169 anima
2999 3125 3244 3170 sanatam
3290 3115 3374 3170 di-

1807 3208 1975 3262 misit.

1878 3297 2048 3351 Porro
2101 3298 2384 3354 dicebatur
2432 3300 2731 3370 posteriore
2773 3302 2916 3354 vitae
2949 3315 3081 3354 suae
3127 3307 3374 3370 tempore

1736 3384 1777 3439 C
1811 3389 2221 3443 subterraneum
2271 3390 2476 3446 fodisse
2527 3393 2840 3445 cuniculum
2894 3391 2947 3444 in
2989 3391 3202 3445 dimidii
3247 3408 3372 3461 spa-

1809 3481 1940 3533 tium
1962 3481 2144 3546 stadii,
2175 3491 2228 3536 et
2259 3484 2572 3552 speluncam
2607 3484 2894 3551 adjecisse.
2928 3483 2985 3536 Si
3025 3483 3246 3553 quando
3274 3484 3375 3551 igi-

1809 3578 1898 3624 tur
1923 3574 2236 3640 complures
2289 3574 2339 3626 ei
2389 3584 2548 3626 erant
2604 3574 2845 3636 molesti,
2877 3575 3095 3629 occulte
3147 3590 3176 3628 e
3235 3574 3372 3625 cella

1807 3679 2060 3733 egressus
2111 3666 2242 3718 abiit
2286 3666 2338 3718 in
2398 3667 2732 3734 speluncam,
2787 3667 2881 3727 ita,
2937 3676 2997 3718 ut
3050 3681 3209 3718 nemo
3242 3681 3366 3718 eum

1813 3755 2106 3808 inveniret.
2129 3756 2335 3808 Abiens
2366 3772 2498 3809 vero
2535 3773 2630 3827 per
2665 3757 2982 3809 cuniculum
3012 3756 3196 3827 viginti
3235 3772 3371 3824 qua-

1798 3853 1931 3899 .tuor
1995 3847 2276 3902 orationes
2326 3845 2542 3900 dicebat
2582 3863 2758 3917 usque
2815 3847 2884 3900 ad
2919 3849 3269 3916 speluncam,
3319 3855 3370 3901 et

1805 3938 2024 3992 rediens
2069 3937 2320 3994 totidem.

1874 4055 1949 4110 De
1965 4072 2028 4111 eo
2059 4072 2278 4126 quoque
2315 4056 2457 4110 fama
2491 4057 2645 4121 exiit,
2691 4059 2838 4128 quod
2870 4065 3144 4112 mortuum
3189 4058 3371 4114 susci-

1803 4149 1954 4212 tarit,
1991 4157 2050 4202 ut
2088 4150 2444 4205 convinceret
2469 4152 2826 4214 haereticum,
2863 4153 2954 4222 qui
3005 4154 3367 4205 resurrectio-

1797 4259 1925 4296 nem
1987 4256 2274 4310 corporum
2336 4257 2446 4296 non
2507 4244 2886 4312 profitebatur.
2943 4244 3095 4309 Quae
3145 4244 3366 4314 quidem

1802 4334 1945 4388 fama
1985 4343 2246 4389 constans
2279 4334 2382 4388 fuit
2411 4336 2464 4389 in
2504 4335 2821 4390 solitudine.

1869 4491 2026 4561 251
2052 4491 2197 4546 Alias
2213 4492 2279 4546 ad
2302 4492 2476 4561 ipsum
2501 4501 2672 4546 mater
2695 4492 2920 4546 adduxit
2945 4493 3364 4559 adolescentem,

1798 4588 1890 4656 qui
1920 4604 1950 4641 a
1973 4588 2240 4640 daemone
2270 4588 2582 4647 vexabatur,
2631 4602 2661 4639 a
2685 4587 2899 4641 duobus
2927 4587 3364 4641 adolescentibus

1727 4714 1775 4773 υ
1803 4679 2072 4746 utrimque
2095 4677 2471 4731 constrictum.
2507 4676 2746 4746 Eamque
2771 4677 2824 4730 in
2849 4693 2970 4730 eum
3004 4677 3109 4730 vim
3137 4678 3364 4730 daemon

1803 4771 2065 4830 exercuit,
2110 4781 2166 4823 ut
2203 4769 2366 4822 trium
2399 4767 2700 4822 modiorum
2737 4782 2904 4835 panes
2945 4768 3274 4828 comederet,
3312 4775 3366 4818 et

1803 4861 2097 4930 amphorae
2147 4861 2452 4916 Ciliciensis
2507 4876 2700 4928 aquam
2763 4861 2986 4914 biberet.
3031 4858 3176 4924 Quos
3213 4860 3366 4911 cibos

1803 4953 1998 5006 exinde
2032 4963 2288 5007 eructans
2323 4955 2374 5005 in
2429 4967 2678 5018 vaporem
2731 4953 3068 5013 resolvebat,
3107 4962 3363 5019 tanquam

1801 5043 1923 5112 igne
1951 5051 2426 5097 consumerentur.
2451 5040 2543 5094 Est
2574 5043 2717 5095 enim
2747 5041 2880 5095 ordo
2898 5042 3114 5109 quidam
3146 5041 3368 5093 daemo-

1801 5151 1954 5196 num,
1989 5133 2078 5202 qui
2109 5133 2301 5203 igneus
2326 5141 2584 5200 Vocatur,
2610 5133 2701 5202 qui
2723 5132 2939 5201 quidem
2968 5147 3074 5185 non
3105 5131 3362 5196 essentia,

1384 5224 1637 5280 VARIAE
1673 5227 2082 5282 LECTIONES.

202 5318 242 5347 “
267 5315 307 5368 Β
323 5319 430 5378 εὶς.

510 5314 554 5346 ⁴¹
588 5314 626 5383 Β
660 5313 824 5383 αὐτὴν
853 5314 1002 5380 πρὸς
1030 5316 1232 5368 αὐτόν.

142 5385 233 5438 ΑΒ,
270 5387 313 5417 ⁸⁸
342 5386 382 5438 Β
413 5387 464 5436 οἱ
489 5385 544 5436 δὲ
571 5381 758 5454 εἷπον.
784 5381 793 5383 ’
835 5384 879 5414 ⁸⁸
901 5386 946 5435 Α
966 5384 1184 5451 ὁρᾶται.
1247 5385 1388 5436 "AB
1407 5381 1576 5454 αὐτῇ.

1322 5316 1366 5386 δῖ
1401 5316 1436 5367 Α
1460 5317 1680 5384 ἔριμον,
1712 5328 1762 5371 et
1797 5319 1876 5372 sic
1909 5317 2019 5386 fere
2057 5318 2274 5386 ubique.
2351 5317 2396 5348 “
2427 5315 2575 5386 πρῷς
2609 5316 2716 5369 τὸν
2739 5316 2908 5383 ἅγιον
2926 5331 3032 5369 om.
3069 5314 3127 5386 Β.
3202 5314 3247 5346 ⁸⁸
3276 5315 3365 5366 Sic

1651 5387 1696 5418 ⁸⁸
1724 5388 1767 5439 Α
1796 5386 1968 5453 αὐτῇ,
1999 5385 2040 5437 Β
2061 5389 2146 5452 είς
2164 5386 2372 5450 αὐτὴν.
2449 5387 2492 5415 ⁸⁸
2514 5385 2618 5437 Pro
2644 5387 2800 5438 ἀλλὰ

2823 5388 3014 5454 μόνον
3030 5385 3199 5454 τοῦτο
3230 5403 3364 5452 φαι-

139 5457 340 5523 νομένη
395 5457 437 5506 Β
462 5455 613 5525 οὕτω
641 5453 707 5504 δὲ
741 5455 1029 5525 φαίνεται.
1101 5456 1145 5486 ⁵ο
1168 5454 1271 5507 Pro
1291 5456 1385 5507 καὶ
1407 5457 1525 5508 ἀπὸ
1557 5455 2151 5525 κορυφῆς-ποιήσας
2182 5458 2222 5507 Β
2246 5457 2488 5524 ἐπέχεεν
2507 5456 2601 5507 ἐπὶ
2625 5456 2737 5521 τὴν
2757 5457 3026 5523 κορυφὴν
3049 5453 3236 5520 αὐτῆς
3268 5455 3366 5506 καὶ

137 5526 378 5591 ποιήσας
399 5523 600 5590 εὐχάς.

679 5525 721 5555 ³¹
753 5522 940 5595 αὐτῆς
970 5539 1078 5595 om.
1243 5526 1288 5554 ”
1322 5525 1424 5578 Pro
1446 5522 1636 5594 ceam
1674 5522 1822 5580 πᾶσι
1849 5526 1999 5595 γυνὴ
2041 5522 2434 5592 καθορῶσικΒ
2454 5525 2682 5587 ἔδειξεν
2710 5526 2901 5591 αὐτὴν

2936 5525 3186 5594 γυναῖκα
3221 5525 3365 5576 κατὰ

137 5597 326 5661 φύσιν.
400 5596 446 5626 ³³
471 5593 721 5664 δοθῆναι
753 5610 860 5664 om.
896 5593 952 5645 Β.
1029 5594 1075 5624 ⁸⁵
1106 5593 1147 5645 Β
1183 5593 1635 5664 ἀπολειφθῆναι,
1713 5599 1759 5628 ⁸⁵
1787 5593 1892 5649 τοῦ
1930 5598 2077 5649 Θεοῦ
2111 5612 2218 5649 om.
2253 5596 2315 5647 A.
2391 5598 2436 5628 “
2470 5595 2574 5647 τοῦ
2609 5597 2864 5662 Χριστοῦ
2896 5613 3000 5646 om.
3048 5595 3102 5664 Β.
3179 5596 3220 5624 ⁸⁷
3265 5595 3360 5646 ἐπὶ

138 5682 234 5718 oin.
268 5666 323 5717 Β.
393 5667 442 5696 ⁵³
468 5663 717 5725 Emend.,
755 5663 860 5735 ΑΛΒ
913 5664 1166 5732 ύπὸγηον.
1208 5734 1214 5735 7
1245 5733 1251 5735 Α
1279 5665 1324 5695 δν
1354 5663 1406 5717 Α
1455 5665 1700 5735 ποιήσῃ.

1789 5668 1834 5697 ⁸ο
1880 5667 1916 5717 Β
1948 5666 2095 5718 addit
2145 5668 2359 5718 titulum
2397 5685 2408 5719 :
2446 5666 2579 5731 Περὶ
2645 5665 2750 5718 τοῦ
2812 5662 3230 5734 ὃαιμσνιῶντος
3264 5665 3364 5716 καὶ

137 5738 317 5807 ξωμὰ
339 5737 668 5807 ἐσθίοντος.
706 5724 710 5725 ί
747 5733 790 5763 ⁸³
813 5724 1174 5807 Promiﬁnr
1193 5733 1260 5786 δὲ
1287 5736 1326 5786 A
1353 5736 1489 5807 male
1510 5724 1587 5800 ὅς’
1606 5724 1852 5802 τᾶὐτην.
1929 5736 1970 5765 ⁸⁸
2000 5735 2040 5787 Β
2067 5737 2206 5807 άπερ
2230 5737 2348 5790 καί.
2415 5740 2481 5768 ⁶²⁶
2520 5724 2628 5793 Ῥω
2689 5736 2875 5802 ἀτμὸν
2905 5724 2954 5789 ’Β
2997 5739 3136 5790 male
3155 5724 3360 5790 αὐτόν.

141 5803 179 5835 ⁸³
210 5805 247 5860 Β
279 5808 418 5861 ὑπό.

501 5802 546 5834 ⁸⁸
569 5803 745 5869 Cum,
796 5803 886 5857 AB
909 5804 1324 5876 δαπανώμενοι.
1395 5806 1437 5837 ⁸⁵
1459 5807 1636 5872 Cum,
1680 5809 1723 5860 Α
1753 5807 1794 5859 Β
1818 5802 2294 5876 μεταϐληθήὸης.
