3950 6542
608 327 715 385 185

1416 328 1517 384 SS.
1559 327 2015 385 MACARIORUM
2051 328 2371 385 AEGYPTII
2411 329 2497 384 ET
2538 328 3005 385 ALEXANDRINI
3314 284 3323 299 .
3726 336 3810 393 184

607 449 725 508 sed.
760 454 818 500 ut
849 446 902 501 in
936 446 1249 502 hominibus
1276 462 1495 517 quoque
1527 448 1831 513 invenitur,
1869 456 2052 503 mente
2074 463 2174 519 po-

2276 451 2369 502 ἐπὶ
2407 448 2709 520 ἀνθρώπων
2744 448 2969 520 γνώμης
3010 448 3211 520 μᾶλλον
3243 449 3641 522 ἀλλοιουμένης.
3684 447 3814 523 οὗτος

607 539 719 592 tius
744 536 1019 592 diIl‘erunt.
1050 540 1156 594 Iste
1184 538 1349 608 igitur
1376 538 1718 604 adolescens,
1742 539 1790 595 si
1820 553 1850 591 a
1872 546 2046 593 matre
2067 555 2177 594 non

608 631 744 685 satis
757 632 806 685 ei
826 630 1300 701 suppeditabatur,
1319 647 1481 702 saepe
1505 631 1780 701 propriam
1806 646 1960 685 suam
1983 632 2177 686 edebat

606 722 859 792 corporis
901 722 1273 792 egestionem,
1321 732 1376 776 et
1434 723 1623 776 lotium
1684 722 1927 776 bibebat.
1986 721 2176 778 Flente

605 823 784 869 matre
809 822 863 869 et
887 818 1239 878 lamentante,
1257 822 1621 884 sanctumque
1645 814 1808 869 enixe
1833 814 2174 879 obtestante,

607 905 775 959 istum
803 915 1027 960 sanctus
1071 907 1306 976 excepit,
1347 915 1401 960 et
1445 909 1674 977 supplex
1731 922 1831 977 pro
1886 922 1951 961 eo
2002 906 2177 963 Deum

605 998 802 1052 oravit.
834 1000 911 1051 Ac
944 1007 1065 1067 post
1109 998 1250 1052 duos
1296 997 1415 1053 dies
1462 1002 1721 1055 miserum
1773 998 2004 1054 daemon
2049 1014 2174 1054 cru-

602 1090 803 1143 ciatum
826 1088 1057 1143 remisit.
1092 1089 1247 1145 Tunc
1274 1090 1435 1145 matri
1464 1093 1616 1161 ejus:
1645 1091 1943 1159 Quantum,
1976 1094 2172 1164 inquit,

601 1179 708 1242 vis,
742 1189 802 1233 ut
826 1180 1115 1234 comedat?
1139 1179 1334 1247 Quam,
1358 1199 1527 1253 quum
1554 1183 1741 1239 decem
1762 1185 1930 1240 libras
1966 1185 2176 1256 signin-

602 1277 805 1333 casset,
863 1271 1186 1341 increpavit,
1246 1273 1377 1343 quia
1425 1274 1655 1329 nimium
1709 1275 1964 1340 dixisset;
2011 1284 2174 1347 atque

601 1360 802 1415 iterum
820 1377 987 1431 super
1015 1362 1359 1419 adolescente
1391 1373 1647 1435 precatus
1678 1382 1801 1421 cum
1820 1367 2176 1439 jejuniosep.

602 1464 710 1506 tem
742 1453 953 1507 dierum
992 1454 1310 1509 daemonem
1344 1455 1597 1525 ingluviei
1649 1458 1717 1511 ab
1753 1473 1818 1513 eo
1859 1460 2085 1529 expulit,
2119 1470 2174 1515 et

600 1544 785 1599 cibum
838 1549 887 1601 ei
930 1547 1217 1601 constituit
1248 1548 1416 1601 trium
1446 1549 1710 1603 librarum
1767 1566 1983 1620 panem,
2009 1568 2170 1622 quem

600 1636 888 1693 comedere
917 1639 1160 1703 deberet,
1187 1639 1236 1697 si
1284 1647 1626 1708 operaretur.
1671 1640 1745 1693 Ita
1780 1651 1835 1696 et
1884 1642 2029 1698 hunc
2060 1644 2173 1697 vir-

600 1733 716 1781 tute
750 1728 966 1783 divinae
995 1729 1200 1799 gratiae
1234 1739 1485 1784 sanatum
1522 1731 1685 1785 matri
1715 1732 1975 1789 reddidit.

2276 539 2459 592 τοίνυν
2490 538 2566 610 μὴ
2604 539 3011 610 ἐπαρκούμενος
3039 540 3190 610 παρὰ
3220 540 3319 610 τῆς
3342 541 3545 611 μητρὸς
3580 544 3675 611 τὴν
3700 546 3813 602 ἰδίαν

2278 629 2483 701 κόπρον
2510 629 2766 694 πολλάκις
2785 630 2939 701 ἤσθιε
2960 632 3055 684 καὶ
3080 630 3143 683 τὸ
3162 632 3207 663 ⁸⁸
3246 630 3404 703 οὖρον
3425 632 3596 685 ἔπινε.
3627 636 3815 693 κλαιοὺο

2278 738 2379 792 σης
2424 717 2516 775 οὖν
2547 720 2592 753 ⁸⁷
2630 723 2731 792 τῆς
2779 722 2983 792 μητρὸς
3028 722 3126 775 καὶ
3167 722 3495 793 ὀδυρομένης
3544 724 3636 776 καὶ
3662 727 3702 757 ⁸⁸
3735 730 3812 783 τὸν

2276 811 2433 879 ἅγιον
2465 809 2813 879 ἱκετευούσης
2842 809 3019 863 λαϐὼν
3052 812 3259 864 ἐκεῖνον
3291 814 3319 864 6
3351 812 3527 881 ἆγιος,
3560 814 3651 866 καὶ
3680 816 3815 871 ἐπευ-

2275 902 2508 974 ξάμενος
2526 901 2672 971 αὐτῷ
2700 902 2793 955 καὶ
2819 901 2863 935 ⁸⁸
2891 902 2983 955 τὸν
3002 902 3133 955 Θεὸν
3161 902 3419 957 ἱκετεύων
3470 905 3563 957 ἐπὶ
3590 906 3678 959 δύο
3704 910 3817 978 ήμέ-

2276 1013 2394 1069 ρας,
2431 993 2756 1065 ὑπλὼφησε
2794 993 2889 1046 τοῦ
2928 994 3100 1049 δεινοῦ
3142 996 3349 1059 πάθους
3391 997 3420 1049 6
3457 997 3682 1067 δαίμων.
3712 1001 3812 1055 τότε

2274 1088 2423 1157 λέγει
2466 1091 2532 1160 τῇ
2567 1089 2736 1161 μητρὶ
2769 1087 2954 1141 αὑτοῦ·
3001 1088 3165 1142 πόσον
3200 1088 3374 1151 θέλεις
3406 1089 3493 1142 τνα
3521 1089 3703 1160 ἐσθίῃς
3738 1095 3816 1147 καὶ

2273 1180 2442 1249 αὐτῆς
2484 1178 2615 1232 δέκα
2660 1178 2846 1250 λίτρας
2890 1177 3150 1247 εἰπούσης
3192 1178 3524 1248 ἐπετίμησεν
3580 1180 3710 1251 αὐτῇ
3753 1182 3815 1246 ὡς

2273 1271 2407 1326 πολὺ
2436 1270 2739 1343 εἰρηκυίας,
2766 1271 2859 1323 καὶ
2884 1269 3254 1339 ἐπευξάμενος
3282 1269 3443 1323 πάλιν
3469 1270 3545 1340 τῷ
3576 1274 3814 1344 νεανίσκῳ

2276 1366 2414 1436 μετὰ
2440 1363 2695 1434 νηστείαν
2722 1363 2815 1417 ἐπὶ⁵
2850 1361 2991 1415 ἐπτά
3024 1363 3235 1433 ἡμέρας
3262 1361 3515 1426 ἐξέλασεν
3543 1364 3639 1415 ἀπ’
3670 1366 3812 1419 αὑτοῦ

2266 1458 2360 1511 τὸν
2373 1457 2601 1528 δαίμονα
2618 1457 2717 1527 τῆς
2746 1454 3105 1524 πολυφαγίας,
3128 1456 3221 1509 καὶ
3241 1455 3466 1525 ἔστησεν
3495 1456 3541 1486 ⁷⁸
3570 1456 3712 1528 αὐτῷ
3737 1459 3817 1529 τὴν

2267 1547 2475 1618 τροφὴν
2496 1544 2665 1615 τριῶν
2680 1542 2881 1615 λιτρῶν
2896 1543 3093 1613 ἄρτους
3122 1544 3191 1605 ⁷⁸,
3208 1542 3283 1606 ὡς
3297 1543 3583 1611 ὀφείλοντα
3610 1544 3814 1614 ὲργαξόο

2272 1655 2431 1711 μενον
2446 1637 2607 1691 τοῦτο
2632 1636 2856 1690 ἐσθίειν.
2873 1635 3043 1699 οὕτως
3064 1629 3155 1687 οὖν
3171 1634 3266 1687 καὶ
3282 1634 3472 1690 τοῦτον
3486 1639 3551 1707 τῇ
3580 1636 3678 1705 τῆς
3693 1637 3818 1703 θείας

2267 1732 2487 1805 χάριτος
2501 1746 2623 1784 συνε
2630 1728 2835 1801 ργείᾳτί
2848 1728 3135 1797 ἰασάμενος
3147 1728 3344 1798 ὑγιῆτῇ
3366 1727 3534 1798 μητρὶ
3544 1727 3816 1784 ἀπέδωκεν.

670 1817 820 1873 Talia
849 1819 992 1875 Deus
1022 1822 1293 1891 stupenda
1326 1820 1592 1878 miracula
1626 1822 1753 1878 fecit
1794 1838 1889 1893 per
1910 1821 2173 1878 dilectum

2342 1823 2531 1878 Ταῦτα
2553 1822 2624 1875 τὰ
2653 1818 2929 1892 παράδοξα
2945 1818 3200 1889 θαύματα
3222 1818 3523 1888 πεποίηκεν
3551 1818 3583 1869 6
3607 1816 3729 1881 Θεὸς
3748 1819 3819 1872 διὰ

597 1924 757 1964 suum
808 1911 1129 1978 Macarium,
1188 1914 1349 1983 cujus
1410 1915 1734 1970 immortalis
1790 1914 1971 1969 anima
2025 1931 2173 1970 nunc

595 2010 683 2057 est
719 2019 842 2058 cum
890 2007 1120 2076 angelis.
1152 2005 1265 2076 Ego
1303 2015 1551 2062 sanctum
1587 2009 1705 2078 ipse
1750 2023 1861 2062 non
1903 2008 2169 2072 conveni;

597 2109 746 2148 anno
786 2096 954 2162 enim,
998 2108 1287 2168 antequam
1332 2099 1389 2153 in
1422 2100 1772 2156 solitudinem
1808 2100 2169 2170 ingrediebar,

597 2189 831 2242 obierat.

2274 1914 2368 1969 τοῦ
2395 1913 2617 1985 γνησίου
2654 1909 2823 1965 αὑτοῦ
2852 1911 2900 1942 ’⁸
2944 1909 3100 1979 φίλου
3145 1909 3456 1982 Μακαρίου,
3488 1900 3549 1962 οὗ
3583 1911 3617 1977 ἡ
3644 1910 3818 1964 ἀθάνα-

2275 2021 2367 2067 τος
2397 2004 2446 2035 ⁷⁸
2492 2002 2640 2073 ψυχὴ
2687 2000 2784 2053 νῦν
2835 2000 2974 2070 μετὰ
3012 1999 3261 2066 ἀγγέλων
3302 2000 3348 2031 ⁷⁸
3398 1997 3567 2051 ἐστίν.
3616 1997 3717 2067 ἐγὼ
3756 1999 3819 2069 τῷ

2275 2095 2417 2166 ἁγίῳ
2464 2092 2638 2163 τούτῳ
2672 2092 2733 2145 οὐ
2766 2092 2816 2126 ⁷⁸
2844 2091 3152 2160 συνέτυχον
3188 2089 3292 2160 πρὸ
3320 2089 3569 2143 ἐνιαυτοῦ
3613 2088 3715 2161 γὰρ
3737 2092 3819 2160 τῆς

2275 2191 2356 2252 είς
2379 2188 2479 2259 τὴν
2507 2187 2712 2259 ἔρημον
2738 2185 2878 2256 ἐμῆς
2908 2183 3114 2236 εἰσόδου
3145 2182 3472 2254 ἐκεκοίμητο
3496 2183 3563 2237 ⁷⁷.

3439 2338 3802 2356 —_

2122 2453 2283 2524 252
2319 2446 2397 2507 II.

1474 2572 1660 2631 VITA
1693 2570 1974 2632 SANCTI
2021 2568 2364 2629 MACARII
2414 2564 2973 2629 ALEXANDRINI

962 2718 1042 2774 Ea:
1070 2724 1309 2777 Historia
1339 2722 1604 2778 Lausiaca
1632 2723 1871 2778 Palladii
1925 2722 1993 2777 ad
2028 2722 2269 2777 codicum
2307 2722 2534 2778 duorum
2584 2718 3063 2773 Vindobonemium
3095 2715 3253 2785 ﬁdem
3290 2714 3454 2768 edita.

650 2852 767 2900 ΓΜ.
807 2864 911 2914 ms,
934 2848 1047 2899 bist.
1082 2863 1245 2914 graec.
1272 2852 1519 2914 LXXXIV,
1557 2855 1673 2903 olim
1696 2852 1863 2912 XXIX,
1898 2854 2027 2904 Bibl.
2052 2855 2191 2907 Caes.
2216 2854 2493 2906 Vindohon.
2519 2853 2845 2902 membranae.
2879 2857 3197 2914 pervetustus

648 2915 764 2963 Cod.
789 2927 876 2962 ms.
902 2912 1015 2961 hist.
1042 2926 1204 2973 graec.
1227 2913 1306 2974 IX,
1334 2914 1451 2963 olim
1478 2915 1622 2975 XLII,
1642 2916 1769 2966 Bibl.
1792 2916 1932 2967 Caes.
1955 2917 2226 2967 Vtudobon.
2252 2919 2463 2967 chartae.
2485 2915 2717 2977 antiquus

649 3020 775 3091 Sunt
795 3019 941 3091 iidem
964 3020 1157 3091 codices
1174 3025 1327 3091 atque
1343 3035 1505 3091 supra.
1532 3024 1585 3073 In
1606 3024 1785 3085 quibus
1801 3028 1953 3091 sancti
1975 3027 2168 3076 Macarii
2188 3025 2417 3091 Aegyptii
2429 3028 2571 3091 vitam
2589 3026 2747 3075 altera
2765 3024 2889 3073 haec
2899 3023 3085 3085 excipit
3098 3020 3254 3072 sancti
3281 3022 3475 3073 Macarii
3499 3023 3820 3073 Alexandrini.

588 3081 777 3133 Textus
804 3081 1065 3130 Meursiaui
1090 3081 1329 3133 lectiones
1352 3081 1522 3145 varias,
1546 3081 1675 3148 quae
1698 3095 1815 3136 sunt
1842 3090 2149 3150 innumerae,
2170 3081 2647 3152 nonvadscripsimus.

874 3299 946 3354 De
976 3311 1159 3353 sancto
1189 3298 1433 3355 Macario
1466 3302 1853 3358 Alexandrino.

660 3388 922 3443 Sanctum
947 3404 1077 3443 vero
1101 3388 1396 3444 Macarium
1433 3393 1863 3448 Alexandrinum
1905 3398 2156 3461 conveni,

586 3483 679 3553 qui
700 3483 987 3552 presbyter
1008 3490 1125 3535 erat
1145 3481 1467 3547 Celliorum,
1487 3500 1628 3553 quae
1646 3484 1925 3541 dicuntur.
1946 3486 2002 3541 In
2018 3504 2160 3558 quae

586 3590 687 3646 ego
717 3590 908 3629 novem
964 3589 1140 3630 annos
1195 3576 1421 3641 secessi,
1456 3591 1523 3631 ex
1551 3578 1752 3647 quibus
1793 3587 1905 3636 tres
1946 3596 2159 3637 mecum

584 3669 723 3723 vixit
757 3666 845 3721 ille
874 3664 1143 3724 Macarius
1171 3668 1225 3723 in
1249 3668 1430 3739 quiete
1458 3669 1680 3741 degens.
1705 3672 1881 3744 Atque
1904 3676 2010 3730 alia
2038 3678 2159 3746 qui-

583 3759 707 3815 dem
744 3760 862 3829 ipse
883 3759 991 3814 vidi
1023 3761 1163 3831 apud
1194 3776 1321 3816 eum
1377 3764 1620 3832 optimae
1658 3765 1780 3834 ejus
1818 3768 2038 3823 vivendi
2073 3784 2160 3823 ra-

584 3852 753 3907 tionis
802 3867 966 3921 opera
995 3859 1049 3906 et
1076 3852 1251 3923 signa,
1284 3852 1392 3907 alia
1421 3856 1489 3909 ab
1528 3854 1620 3919 iis,
1654 3859 1750 3927 qui
1796 3874 1902 3912 una
1936 3874 2061 3914 cum
2093 3876 2161 3917 eo

584 3944 860 4009 vixerunt,
911 3944 1243 4008 didici,alia
1298 3947 1591 4018 deniquea
1639 3953 2015 4021 compluribus
2036 3954 2160 4012 aliis

585 4032 793 4089 audivi.
827 4031 1161 4089 Exercitatio
1190 4034 1358 4105 igitur
1392 4036 1614 4092 Macarii
1651 4039 1854 4108 magni,
1887 4049 1945 4094 ut
1975 4056 2076 4112 ego
2105 4050 2161 4098 et

584 4124 743 4178 multi
769 4126 911 4193 apud
934 4140 1058 4179 eum
1086 4124 1405 4193 didicimus,
1436 4128 1569 4184 haec
1613 4130 1715 4184 fuit
1734 4145 1749 4183 :
1766 4129 1824 4186 Si
1851 4132 1998 4203 quod
2021 4149 2161 4206 opus

583 4215 993 4271 exercitationis
1051 4217 1284 4287 aliquem
1335 4235 1573 4289 unquam
1639 4220 1837 4280 fecisse
1890 4225 2159 4293 audierat,

584 4307 730 4363 idem
753 4307 965 4363 ellicere
1009 4310 1269 4365 ardenter
1296 4312 1529 4367 studuit.
1574 4311 1673 4370 Hic
1715 4314 1883 4386 igitur
1912 4326 2159 4383 sanctus,

586 4414 753 4470 quum
784 4400 1068 4463 audiisset,
1101 4398 1534 4460 Tahennesiotas
1587 4421 1683 4476 per
1726 4414 1898 4463 totam
1925 4408 2165 4479 quadra-

585 4492 852 4563 gesimam
877 4493 1025 4547 nulla
1051 4508 1111 4550 re
1137 4495 1285 4549 vesci
1304 4509 1445 4564 quae
1464 4495 1576 4568 igni
1608 4498 1827 4555 admota
1859 4514 2023 4566 esset,
2050 4512 2163 4558 sta-

584 4584 690 4657 tuit
714 4591 769 4639 et
799 4585 914 4655 ipse
934 4587 1219 4655 septennia
1251 4587 1409 4653 nihil,
1440 4589 1588 4659 quod
1636 4606 1733 4661 per
1765 4592 1944 4663 ignem
1975 4604 2157 4649 trans-

2182 3316 2225 3373 ο
2312 3304 2453 3374 Περὶ
2482 3304 2590 3358 τοῦ
2617 3305 2792 3373 ἁγίου
2808 3306 3120 3372 Μακαρίου
3142 3301 3251 3357 τοῦ
3287 3300 3741 3377 Ἀλεξανδρίνου
3764 3304 3817 3358 ⁷⁸.

2260 3392 2349 3463 Τῷ
2374 3392 2431 3445 δὲ
2464 3393 2603 3463 ἁγίῳ
2645 3393 2917 3464 Μακαρίῳ
2960 3390 3039 3462 τῷ
3081 3390 3419 3463 ’Δλεξανδρετ
3462 3392 3819 3463 συντετύχηκα

2260 3484 2617 3556 πρεσϐυτέρῳ
2649 3483 2762 3538 δντι
2783 3483 2892 3537 τῶν
2926 3482 3235 3553 λεγομένων
3263 3481 3507 3548 κελλίων,
3549 3484 3632 3547 είς
3668 3483 3704 3538 ἃ
3728 3484 3823 3548 ἐγὼ

2258 3576 2565 3647 παρῴκησα
2606 3575 2763 3628 ἐννέα
2801 3574 2895 3645 ἐτη
2919 3576 2983 3629 ⁷⁸.
3024 3575 3082 3627 ἐν
3105 3570 3189 3639 οἷς
3224 3574 3353 3646 τρία
3383 3573 3478 3644 ἔτη
3517 3591 3615 3645 μοι
3650 3574 3823 3645 ἐπέζη-

2262 3683 2353 3721 σεν
2380 3668 2427 3699 ⁸⁵
2456 3670 2485 3720 6
2514 3666 2795 3738 Μακάριος
2824 3662 2999 3731 οὗτος,
3036 3666 3239 3734 διάγων
3272 3669 3332 3721 ἐν
3373 3668 3600 3740 ἠσυχίᾳ.
3640 3670 3730 3721 καὶ
3766 3669 3821 3721 τὰ

2263 3757 2363 3828 μὲν
2384 3757 2426 3789 ⁸²
2450 3753 2588 3811 εἶδον
2615 3756 2725 3827 ἐγὼ
2746 3759 2874 3827 παρ’
2901 3756 3065 3810 αὑτοῦ
3093 3758 3137 3788 ⁸³
3174 3759 3273 3828 τῆς
3311 3758 3545 3829 ἀρίστης
3566 3759 3821 3823 πολιτείας

2259 3848 2426 3905 αὐτοῦ
2451 3850 2497 3882 ⁸⁸
2524 3849 2663 3921 ἔργα
2688 3867 2748 3903 τε
2772 3850 2863 3904 καὶ
2894 3852 3114 3921 σημεῖα,
3139 3851 3207 3905 τὰ
3240 3851 3297 3903 δὲ
3326 3850 3373 3881 ⁸⁸
3402 3850 3559 3921 παρὰ
3587 3851 3692 3903 τῶν
3719 3850 3821 3905 τού-

2258 3960 2355 3996 του
2390 3942 2816 4013 συμϐιωσάντων
2865 3942 3187 4013 μεμάθηκα,
3233 3941 3307 3995 τὰ
3352 3942 3411 3995 δὲ
3459 3944 3597 4011 παρ’
3640 3942 3822 4014 ἐτέρων

2260 4034 2521 4089 πλειόνων
2547 4036 2593 4067 ⁸³
2623 4036 2857 4107 ἀκήκοα.
2896 4038 2927 4104 ή
2974 4035 3075 4106 μὲν
3103 4030 3196 4088 οὖν
3228 4034 3465 4105 ἄσκησις
3524 4035 3623 4088 τοῦ
3677 4034 3824 4105 μεγά-

2259 4126 2353 4181 λου
2380 4126 2689 4199 Μακαρίου,
2720 4127 2796 4190 ὡς
2826 4126 2939 4196 ἐγὼ
2970 4130 3066 4181 καὶ
3090 4126 3279 4181 πολλοὶ
3307 4126 3438 4199 παρ’
3485 4126 3645 4198 αὐτῷ
3682 4128 3824 4198 ἠκρι-

2260 4220 2536 4293 ϐώσαμεν,
2573 4214 2642 4291 ἦν
2672 4218 2810 4291 αὕτη
2834 4220 2880 4251 ⁸⁸
2902 4233 2915 4247 ·
2942 4217 2997 4271 εί
3021 4236 3075 4272 τι
3104 4219 3309 4289 ἀκήκοε
3335 4217 3563 4272 πώποτέ
3591 4236 3713 4272 τινα
3739 4235 3822 4271 πε-

2260 4314 2526 4384 ποιηκότα
2559 4312 2603 4344 ⁸⁷
2640 4310 2801 4384 ἔργον
2843 4310 3157 4384 ἀσκήσεως,
3173 4308 3263 4363 διὰ
3309 4311 3550 4380 σπουδῆς
3577 4311 3626 4343 ⁸⁸
3688 4308 3825 4364 τοῦτο

2260 4405 2645 4477 κατώρθωσεν.
2684 4401 2923 4465 ἀκούσας
2950 4402 2996 4433 ”
3039 4396 3155 4477 οὖν2
3190 4401 3272 4455 ὅτι
3301 4403 3351 4454 οί
3394 4401 3823 4473 Ταϐεννησιῶται

2259 4498 2350 4554 διὰ
2398 4471 2578 4569 πάσης
2630 4496 2732 4567 τῆς
2776 4471 3216 4566 τεσσαρακοστῆς
3279 4493 3489 4566 ἄπυρον
3547 4471 3823 4558 ἐσθίουσιν,

2262 4589 2479 4662 ἔκρινεν
2506 4589 2551 4622 ⁸⁸
2583 4580 2735 4652 οὗτος
2772 4589 2800 4641 6
2842 4588 2996 4657 ἅγιος
3032 4587 3127 4639 ἐπὶ
3167 4588 3459 4640 ἑπταετίαν
3489 4585 3519 4641 ὃ
3552 4588 3645 4642 διά
3674 4588 3823 4658 πυρὸς

583 4675 757 4736 iissct.
786 4678 1090 4743 comedere,
1124 4688 1178 4733 et
1211 4688 1417 4749 septem
1445 4681 1606 4738 annis
1644 4683 1779 4737 nihil
1809 4685 1955 4741 aliud
1986 4696 2166 4757 gusta-

2268 4682 2558 4753 διέρχεται,
2593 4681 2667 4753 μὴ
2697 4682 2890 4751 φαγεῖν
2910 4681 2979 4745 ⁹¹,
3019 4680 3160 4750 πλὴν
3186 4678 3436 4749 λαχάνων
3464 4679 3640 4750 ὠμῶν
3664 4681 3755 4735 καὶ
3782 4678 3824 4731 εί

584 4766 684 4831 vit,
711 4766 813 4821 nisi
838 4768 1005 4822 cruda
1031 4768 1258 4833 olera,et
1280 4769 1327 4825 si
1354 4785 1496 4841 quae
1517 4769 1658 4828 forte
1676 4774 1837 4846 253
1862 4774 2162 4833 invenisset

2267 4793 2371 4829 που
2421 4770 2580 4846 εὗρεν
2627 4772 2852 4845 ὀσπρίου
2891 4774 2936 4804 ⁹²
2980 4771 3243 4843 βρεκτοῦ,
3296 4772 3527 4843 μηδενὸς
3572 4775 3619 4805 ⁸³
3684 4772 3826 4828 άλλου

581 4859 855 4932 legumina
911 4861 1242 4919 humectata.
1293 4862 1367 4921 De
1408 4863 1517 4921 alio
1556 4864 1821 4933 audierat,
1848 4869 1939 4937 qui
1965 4868 2156 4924 libram

2264 4868 2402 4922 ἑπτὰ
2448 4868 2591 4921 ἔτεσι
2630 4865 2963 4937 γευσάμενος
2986 4865 3053 4918 ’⁸.
3080 4864 3311 4935 ἥκουσιν
3350 4864 3513 4919 άλλου
3542 4866 3615 4931 ’⁸,
3643 4865 3727 4920 ὅτι
3757 4864 3825 4917 λί-

1852 4978 2108 5035 VARIAE
2142 4979 2541 5036 LECTIONES.

655 5088 703 5120 ⁶⁴³
727 5088 910 5152 Corr.,
956 5088 1047 5144 AB
1071 5090 1197 5144 τόν.
1272 5093 1317 5125 ⁸⁷
1339 5094 1381 5146 Α
1412 5093 1639 5148 τοίνυν.
1715 5093 1880 5148 ⁶⁸καὶ
1918 5111 2027 5150 om.
2060 5096 2125 5151 Α.
2201 5097 2247 5129 ⁸⁸
2275 5096 2373 5149 καὶ
2417 5094 2610 5148 om.A.
2687 5094 2733 5125 "
2761 5095 2803 5147 B
2840 5093 2935 5148 καὶ
2964 5093 3318 5146 τετύπωκεν.
3393 5089 3435 5121 "
3478 5088 3523 5142 Β
3558 5090 3715 5159 τρεῖς
3753 5090 3829 5144 λί-

656 5175 722 5192 ηρ
763 5159 943 5192 Ann“.
1042 5162 1088 5192 τί
1120 5162 1260 5192 Ρη..-
1358 5162 1437 5192 nl)
1499 5164 1747 5192 .....--..r..
1847 5166 1892 5192 η
1927 5169 1952 5192 ι
2007 5165 2101 5192 »Α-
2148 5165 2254 5192 -..τ
2306 5164 2531 5192 -..μ-,ιλ
2583 5162 2755 5192 Ir“..-
2792 5164 3003 5192 1.....-..:.
3022 5162 3071 5192 οι
3110 5161 3367 5192 “ab”.
3460 5160 3508 5192 τι
3551 5162 3828 5192 animum

586 5174 722 5226 ερας
762 5159 965 5227 ἄρτου.
1005 5162 1088 5241 ’⁷⁸
1120 5162 1305 5243 (ΞΟΠ-τ,
1348 5162 1439 5216 ΑΒ
1498 5164 1771 5235 συνεργία.
1847 5166 1892 5197 ⁷³
1917 5169 1961 5219 Δ
2003 5165 2101 5220 διὰ
2147 5165 2254 5219 τοῦ
2301 5164 2531 5250 σαυτοῦ
2582 5162 2756 5247 (forte
2786 5164 3003 5245 ἑαυτοῦ
3019 5162 3073 5232 1’)
3110 5161 3384 5231 γνησίου.
3460 5160 3508 5192 ’⁸
3548 5162 3828 5246 ἀθάγατος

584 5227 1055 5355 ενδιίς..¹ξ..η;ῑ.ἓ.;ξ
1082 5234 1195 5356 ετξξε
1884 5234 2544 5356 acassam?»
2567 5234 2615 5355 ἐξ
2639 5234 2735 5356 :22:
3423 5230 3828 5356 .§.§S°ff.‘.i‘i'

585 5298 633 5329 "
655 5296 890 5355 Iudicem
910 5300 1055 5355 hunc
1086 5317 1195 5357 oni.
1216 5304 1278 5356 Α.
1355 5303 1401 5336 ¹¹⁹
1419 5296 1460 5356 Β
1479 5296 1809 5360 eri-aeriam
1884 5306 1932 5338 ⁸⁸
1967 5296 2285 5374 Β’ἐπέζησέ
2304 5324 2423 5374 μοι.
2498 5304 2544 5336 ⁸⁸
2567 5304 2607 5355 Β
2639 5296 2959 5357 καὶπολλὰ
2983 5302 3101 5373 μέν.
3176 5303 3219 5334 ⁸¹
3247 5296 3386 5369 amp'
3423 5303 3616 5356 αὐτοῦ
3651 5296 3752 5355 om.
3777 5299 3812 5352 Β

584 5366 636 5456 '1
659 5369 721 5456 β,
737 5368 836 5456 τῖλε
854 5370 1312 5456 ,ἀρίστηειξέντοῦ
1336 5375 1671 5456 305mm.-
1811 5374 1852 5427 Β
1870 5377 2077 5456 avi-.44
2102 5377 2181 5456 ξέ-
2256 5376 2305 5456 ⁶ξ
2335 5374 2539 5456 Pref?
2558 5373 2626 5456 εἶά
2649 5375 2784 5456 εἵαθ’
2815 5373 3353 5456 “suam”?
3381 5371 3421 5424 Β
3453 5371 3725 5456 έῖεραριῗέ
3746 5370 3826 5422 καλ

585 5437 721 5505 παρ’
996 5437 1279 5529 {Ibus-37;.
1320 5444 1382 5529 "‘
1420 5442 1527 5529 Pro
1546 5437 1757 5512 ὡς’ἐγὼ
1788 5446 2382 5529 καὶὲολριοί-τ-Διξῦτη
2420 5444 2458 5496 Β
2582 5437 2793 5529 tydian
2826 5437 2925 5529 καί
2963 5441 3446 5529 uectores-etwa
3478 5437 3831 5529 ﬂiptfdiar:

586 5524 675 5571 το,
705 5508 854 5573 αὕτη
888 5509 1076 5564 ἐστίν.
1153 5512 1197 5544 ⁸⁷
1240 5511 1281 5564 Β
1307 5508 1736 5584 ἐργκισάμενοὶρ.
1813 5517 1858 5548 ⁸⁸
1894 5515 1936 5569 Β
1962 5515 2051 5569 διὰ
2080 5515 2318 5582 πολλῆς
2349 5508 2635 5614 σπουδῆς.⁷
2677 5514 2723 5545 ⁸⁹
2750 5516 2787 5567 Β
2813 5512 3101 5581 ἀκηκοώς.
3178 5514 3223 5544 ⁹⁰
3248 5511 3290 5564 Β
3318 5508 3569 5578 ἔκρινε(
3617 5512 3659 5542 ⁸⁸
3681 5510 3778 5564 Pro
3801 5508 3829 5561 ὃ

586 5575 685 5629 διὰ
727 5578 915 5644 πυρὸς
935 5611 1002 5620 -
1019 5581 1231 5644 φαγεῖν
1282 5582 1323 5634 Β
1354 5583 1440 5644 μὴ
1479 5584 1690 5644 φαγεῖν
1718 5584 1751 5644 ὃ
1792 5584 1889 5640 διὰ
1913 5586 2104 5644 πυρὸς
2128 5585 2435 5644 διέρχεται.
2511 5586 2531 5615 ⁹
2582 5584 2758 5644 ϐίη-ι’..
2788 5586 2831 5636 Α
2850 5585 3131 5644 ὀσπρέου,
3157 5582 3197 5636 Β
3228 5582 3512 5644 ὀσπρίων.
3594 5581 3642 5613 ’³
3674 5581 3716 5633 A
3747 5577 3828 5631 xui

812 5595 2462 5681 Ροςοῖῖ›⁵ῗῗζεξζ..”.,βῖτλὲᾳέδίνμίΕεῆἰῗΫξθὲίῗῗῗίὶέῗᾶαδχ
2482 5595 2758 5681 ,Ἴλξέθξῗισ
2783 5595 3512 5681 Ϋ.Ἧ³ἒ³ῗῗῗ².¹ῗνμ¹ἶ.ῗὲ⁷ἱῗξ³έῗίῖ’
3539 5667 3579 5681 -
3595 5595 3649 5681 2'.-

590 5647 842 5731 μηδενόςε
912 5650 961 5727 ξδ
990 5647 1274 5753 Ρνοιάτιέὴν
1301 5647 2051 5753 ,ᾖὰχᾶἐωνί-ςγευςάμενος
2081 5647 2123 5709 Β
2140 5647 2401 5725 μήδὲνὸς
2426 5653 2617 5708 ἄλλου
2652 5654 2928 5753 ἐέὶυέπτςι
2948 5647 3499 5753 ἑτεσιζεξλιράμῇνος
3734 5653 3829 5703 ,ια-

593 5733 793 5753 -νηιοιδν
813 5734 983 5753 nium»
1005 5736 1076 5753 νη
1197 5737 1319 5753 "an
1347 5740 1427 5753 μ..
1492 5741 1710 5753 Λαυοιξ...
1769 5742 1793 5753 ι.
1858 5742 1996 5753 -Α-,.
2018 5728 2175 5753 --.'.-.
2194 5744 2243 5753 ,μ
2282 5727 2578 5753 ιη’.-ιυι-..ι-,ς
2791 5742 2849 5753 ...ι
2880 5752 2883 5753 ,
2906 5740 3106 5753 ..η-...ηε
3264 5740 3331 5753 riu
3434 5736 3539 5753 qpn
3638 5738 3663 5753 ι·
3688 5734 3828 5753 nm

1162 5722 1427 5791 ὀσπρίων
1440 5720 1731 5795 βρεκτὼἰι,
1765 5726 1821 5780 ετ
1853 5720 1996 5781 ἐιοτε
2018 5720 2243 5781 fodim-
2279 5727 2599 5794 εὐπόρησε.
2675 5726 2720 5756 ’⁸
2742 5724 2850 5779 l'ro
2880 5725 3106 5793 ἤκουσε
3140 5720 3331 5777 ἄλλου
3358 5722 3398 5774 Β
3427 5721 3563 5789 περὶ
3595 5720 3663 5774 δέ
3688 5734 3828 5782 τινος
