3950 6546
182 321 269 379 185
1666 313 1867 370 ACTA.

3266 324 3368 382 186

177 458 290 515 τραν
316 438 465 508 ἄρτου
487 432 679 497 ἐσθίει,
704 433 798 488 καὶ
818 432 1023 497 κλάσας
1043 433 1113 487 τά
1142 433 1459 503 βουκελάτα,
1480 432 1517 489 ἃ
1536 427 1688 505 εἶχεν

1802 436 1959 506 panis
1984 438 2311 505 comederet;
2340 455 2513 510 quare
2544 440 2727 513 fregit,
2754 457 2893 512 quae
2912 442 3122 510 habuit,
3148 446 3369 501 buccel-

175 530 389 590 ὲνέὸαλεν
427 527 502 587 εἰς
546 524 824 596 κεράμια,
873 525 1065 597 κρίνας
1107 524 1361 579 τοσοῦτον
1403 525 1602 579 ἐσθίειν
1628 527 1697 590 ³⁸,

170 629 271 681 ὅσον
292 622 352 675 ἂν
377 620 406 690 ή
433 617 550 688 χεὶρ
574 617 738 670 αὐτοῦ
768 617 1061 688 ἁνενέγκῃ.
1108 617 1321 688 μεγάλη
1345 617 1403 671 δὲ
1435 618 1530 671 καὶ
1559 616 1697 690 αὕτη

172 715 449 786 ἐγκράτεια.
492 709 732 781 διηγεῖτο
764 709 874 781 γὰρ
919 711 1052 781 ἡμῖν
1090 710 1580 782 χαριεντιζόμενος,
1616 710 1699 765 ὅτι

167 801 596 878 περιεδρασθὸμην
635 801 734 872 μὲν
758 803 805 834 ⁹⁷
834 801 1093 856 πλειόνων
1118 801 1471 873 κλασμάτων,
1497 802 1556 855 οὐ
1576 819 1700 856 συν-

166 894 340 968 εχωρού
348 908 448 964 μην
473 892 529 945 δὲ
556 891 601 923 ’³
623 891 927 960 ἐξενεγκεῖν
948 893 1052 945 ὑπὸ
1072 892 1165 946 τοῦ
1197 892 1384 946 στενοῦ
1408 893 1508 964 τῆς
1532 893 1694 963 ὀπῆς.

122 1016 125 1019 -
164 993 188 1043 ὁ
228 984 442 1054 τελώνης
486 982 597 1053 γάρ
642 1000 754 1055 μοι,
807 984 972 1054 φησὶν
1001 987 1079 1047 ’⁸,
1121 986 1183 1039 οὐ
1234 985 1568 1058 συνεχώρει¹
1635 986 1698 1039 τὸ

162 1077 404 1139 παντελῶς
450 1076 526 1148 μὴ
563 1077 583 1106 ¹
627 1076 853 1132 ἐσθίειν.
897 1075 1040 1149 οὕτω
1085 1072 1178 1130 οὖν
1204 1077 1225 1108 ³
1273 1078 1367 1130 ἐπὶ
1428 1077 1555 1149 τρία
1600 1076 1696 1147 ἐτη

160 1171 325 1237 ἐποίει,
355 1146 623 1239 τέσσαρας
648 1168 682 1238 ἦ
714 1168 874 1221 πέντε
906 1146 1133 1236 οῦγκίας
1162 1170 1184 1199 ⁵
1211 1168 1407 1221 ἐσθίων
1432 1146 1524 1221 καὶ
1550 1167 1640 1221 τὸν
1673 1146 1696 1200 δ

162 1263 294 1318 τσον⁸
338 1259 573 1331 σταθμὸν
621 1260 763 1332 ὓδωρ
800 1260 1004 1314 πίνωνο
1059 1260 1251 1331 ξέστην
1294 1261 1350 1314 δέ
1382 1261 1561 1314 ἐλαίου
1613 1262 1695 1326 είς

158 1354 331 1425 τροφὴν
374 1353 464 1407 τοῦ
515 1352 760 1407 ἐνιαυτοῦ
818 1353 1127 1423 ἀνήλισκεν.
1182 1354 1363 1422 ἔκρινε
1416 1352 1510 1406 δέ⁷
1561 1370 1691 1406 ποτε

158 1448 299 1501 ὕπνου
326 1444 734 1515 περιγενέσθαι,
756 1444 832 1508 ὡς
864 1444 1021 1508 αὐτὸς
1055 1444 1372 1515 διηγήσατο,
1409 1444 1486 1497 ὅτι
1521 1444 1544 1475 ⁸
1591 1444 1691 1498 οὐκ

156 1537 407 1609 εἰσῆλθον⁹
440 1536 548 1589 ὑπὸ
583 1535 781 1606 στέγην
821 1536 915 1589 ἐπὶ
946 1535 1118 1588 εἴκοσι
1161 1535 1544 1606 νυχθημέροις,
1578 1538 1690 1598 τοῖς

157 1632 237 1704 μὲν
263 1628 495 1699 καύμασι
526 1628 853 1699 φλεγόμενος
875 1627 1090 1700 ἡμέρας
1117 1628 1182 1692 ιθ,
1206 1627 1285 1698 τῷ
1308 1628 1365 1681 δέ
1393 1625 1689 1697 νυκτερινῷ

154 1720 340 1795 πυρετῷ
363 1720 692 1791 στυφόμενος
709 1732 726 1748 ⁶
756 1720 852 1772 καὶ
873 1721 922 1772 εἰ
948 1719 1024 1791 μὴ
1048 1720 1255 1789 τάχιον,
1287 1718 1414 1787 ἔφη,
1443 1718 1548 1772 ὑπὸ
1570 1719 1688 1773 στέ-

1802 528 1996 597 lata,et
2020 529 2073 582 in
2109 530 2354 601 lagenam
2383 533 2631 598 immisit,
2671 544 2915 589 statuens
2947 544 3157 591 tantum
3181 553 3367 594 come-

1799 619 1945 683 dere,
1966 630 2229 692 qnantum
2250 638 2443 680 manus
2465 626 2637 695 ipsius
2656 643 2877 681 sursum
2904 629 3142 684 tulisset.
3170 629 3366 700 Magna

1799 723 1980 770 autem
2014 716 2147 771 haec
2199 733 2419 789 quoque
2447 720 2547 775 fuit
2598 723 2956 777 continentia.
2992 722 3126 777 Nam
3172 723 3369 781 lestive

1798 805 1956 861 nobis
1998 808 2258 863 narrabat
2287 830 2303 867 :
2337 810 2498 865 Plura
2532 812 2751 883 quidem
2783 813 2957 871 frusta
2990 817 3366 885 apprehende-

1798 898 1945 961 bam,
1970 901 2065 955 sed
2107 901 2298 958 efferre
2336 920 2446 959 non
2498 915 2743 977 poteram
2778 908 2850 963 ob
2882 913 3189 980 angustiam
3223 910 3368 964 fora-

1797 986 1977 1045 minis.
2007 989 2335 1050 Publicanus
2379 997 2548 1060 enim,
2581 997 2781 1067 inquit,
2817 1000 2948 1054 mihi
3003 1016 3107 1055 non
3139 1001 3367 1071 permit-

1796 1083 1943 1134 tebat
1993 1083 2219 1137 omnino
2273 1102 2381 1140 non
2429 1089 2597 1144 vesci.
2650 1089 2741 1144 Sic
2793 1091 2960 1160 igitur
3018 1103 3129 1147 tres
3186 1108 3362 1149 annos

1793 1172 2020 1241 peregit,
2047 1184 2283 1243 quatuor
2304 1178 2521 1248 quidem
2558 1181 2904 1251 velquinque
2950 1185 3139 1239 uncias
3183 1201 3366 1239 come-

1792 1261 1927 1318 dens
1959 1271 2014 1319 et
2047 1267 2323 1323 modicum
2354 1285 2528 1340 aquae
2578 1271 2787 1329 bibens.
2814 1275 2927 1328 Oiei
2960 1286 3138 1331 autem
3180 1290 3365 1332 sexta-

1791 1353 1935 1408 rium
1975 1364 2092 1412 toto
2123 1374 2270 1415 anno
2300 1362 2355 1416 in
2390 1363 2707 1419 alimentum
2750 1371 3125 1424 consumebat.
3163 1370 3366 1429 Statuit

1791 1446 2082 1517 aliquando
2104 1467 2367 1522 superare
2389 1470 2662 1523 somnum,
2678 1467 2735 1511 ut
2760 1460 2876 1529 ipse
2892 1463 3053 1516 nobis
3082 1467 3361 1522 narravit:

1791 1535 1947 1594 Totis
1970 1540 2164 1610 viginti
2202 1542 2396 1600 diebus
2411 1553 2464 1600 et
2484 1550 2736 1605 noctibus
2759 1553 3075 1608 subtectum
3104 1572 3210 1610 non
3243 1574 3365 1613 sum

1789 1628 2093 1699 ingressus,
2114 1631 2349 1689 interdiu
2376 1637 2592 1705 quidem
2617 1650 2769 1696 aestu
2796 1645 3010 1710 urebar,
3048 1658 3214 1703 noctu
3235 1665 3366 1706 vero

1789 1719 1928 1775 febri
1976 1722 2240 1793 rigebam.
2289 1725 2445 1792 Quod
2482 1729 2587 1784 nisi
2638 1739 2837 1785 tectum
2884 1734 3049 1791 citius
3074 1753 3251 1792 essem
3283 1740 3367 1793 iu-

152 1777 236 1884 γηῦ
273 1777 510 1881 εἰσῆλθον
536 1777 651 1865 ’καὶ
672 1777 1024 1883 ’ἐχρησάμῆνυ
1052 1777 1252 1882 31:39,,
1285 1777 1457 1874 οῦτως
1511 1828 1612 1882 μου
1643 1812 1684 1842 ¹¹
1716 1777 1762 1838 Β

150 1902 385 1974 ἐξηράνθη
428 1902 457 1954 ὁ
504 1901 851 1972 ἐγκέφαλος,
897 1903 974 1967 ὡς
1021 1905 1101 1967 εἰς
1141 1902 1363 1957 ἐκτασίν
1401 1919 1468 1973 με
1498 1903 1687 1957 ἐλάσαι

150 1996 323 2050 λοιπόν.
350 1996 441 2048 καὶ
470 1994 536 2048 τὸ
569 1995 693 2048 ὅσον
724 1997 783 2048 ὲν
812 1995 938 2066 ἐμοὶ
957 2034 972 2061 ,
1018 1996 1203 2065 φησιν,
1237 1995 1465 2066 ἐνίκησα
1497 1994 1688 2065 ὕπνον,

147 2088 198 2141 τὸ
222 2088 469 2159 χρήσιμον
504 2086 671 2141 αὐτοῦ
694 2090 759 2160 τῇ
788 2086 949 2157 φύσει
977 2089 1407 2161 παραχωρήσας.

1791 1828 2035 1882 gressus,
2060 1815 2356 1885 inquiebat,
2384 1827 2438 1873 et
2463 1835 2655 1875 somno
2688 1839 2822 1879 usus
2852 1842 3050 1894 essem,
3078 1831 3363 1886 cerebrum

1786 1904 1862 1959 ita
1879 1905 2009 1960 mihi
2032 1915 2177 1963 esset
2195 1909 2517 1975 arefactum,
2548 1921 2626 1975 ut,
2647 1917 2777 1985 quin
2798 1921 2852 1970 in
2878 1923 3121 1976 exstasin
3149 1938 3363 1993 agerer,

1787 2010 1983 2065 parum
2002 1998 2239 2054 abesset.
2269 1999 2333 2054 Et
2359 2011 2649 2071 quantum,
2676 2008 2873 2076 inquit,
2906 2011 2959 2062 in
2989 2028 3076 2067 me
3110 2012 3231 2077 fuit,
3256 2014 3362 2070 vici

1785 2102 2063 2156 somnum,
2090 2101 2352 2160 quantum
2386 2110 2523 2164 opus
2556 2107 2661 2163 est,
2699 2108 2929 2156 naturae
2958 2106 3292 2161 concedens.

1854 2201 2033 2269 Quum
2072 2204 2163 2260 hic
2197 2216 2425 2264 sanctus
2450 2226 2607 2267 mane
2636 2212 2691 2267 in
2715 2215 2852 2269 cella
2886 2217 3121 2282 sederet,
3151 2220 3204 2273 in
3228 2221 3364 2291 pede

1783 2311 1909 2350 eum
1963 2297 2121 2351 culex
2173 2302 2423 2370 pupugit,
2465 2318 2657 2372 quem,
2710 2309 2980 2377 sanguine
3031 2319 3361 2380 saturatam,

1783 2386 1972 2443 dolore
2002 2398 2181 2446 tactus
2210 2406 2371 2447 manu
2415 2396 2578 2450 elisit.
2613 2397 2881 2469 Deinceps
2926 2418 3053 2456 vero
3083 2418 3142 2458 se
3186 2420 3365 2475 repre-

1784 2478 1997 2542 hendit,
2025 2480 2118 2548 qui
2151 2497 2209 2537 se
2240 2483 2355 2552 ipse
2401 2487 2551 2542 ultus
2570 2499 2736 2552 esset,
2757 2505 2924 2560 seque
2951 2495 3360 2560 condemnavit,

1784 2569 1947 2642 254
1966 2581 2021 2624 ιιι
2048 2573 2262 2628 sederet
2296 2578 2476 2631 nudus
2505 2594 2599 2633 sex
2627 2595 2841 2636 menses
2873 2584 2925 2637 in
2944 2586 3141 2653 palude
3164 2587 3357 2653 Sectis,

1785 2676 1929 2730 quae
1956 2672 2040 2717 est
2073 2665 2128 2718 in
2161 2678 2310 2722 vasta
2342 2671 2661 2735 solitudine,
2686 2673 2777 2727 ubi
2804 2676 3009 2730 culices
3027 2689 3256 2747 possunt
3276 2682 3361 2736 vel

1783 2769 2042 2824 aprorum
2082 2759 2250 2827 pelles
2280 2763 2551 2826 sauciare,
2598 2780 2764 2834 quum
2802 2768 2914 2821 sint
2953 2785 3125 2839 aeque
3172 2776 3355 2843 magni

1785 2853 1845 2899 ut
1872 2860 2091 2914 vespae.
2119 2848 2200 2901 Ab
2227 2849 2295 2904 iis
2322 2850 2487 2919 igitur
2508 2860 2657 2907 totus
2684 2855 2755 2907 ita
2786 2858 3066 2913 sauciatus
3088 2868 3192 2925 est,
3226 2871 3283 2914 ut
3307 2874 3361 2916 et

143 2936 322 3006 σφῆκες
337 2935 481 2998 ὄντες
509 2935 759 3006 μεγάλοι.
792 2934 967 2997 οὕτως
995 2933 1087 2985 ὑπ’
1108 2931 1287 2986 αὐτῶν
1310 2931 1521 3003 ἐτρώθη
1541 2932 1683 2996 ὅλος,

1789 2936 1957 2989 aculei
1984 2938 2169 2993 inloto
2190 2954 2418 3009 corpore
2451 2943 2627 3012 ipsius
2656 2944 2989 3010 viderentur,
3017 2965 3082 3003 ac
3108 2954 3359 3006 nonnulli

141 3025 204 3088 ὡς
236 3028 321 3079 καὶ
348 3026 677 3095 σφονδύλους
719 3024 1022 3093 ἐξενεγκεῖν
1052 3023 1175 3077 καθ’
1217 3024 1339 3077 ὅλου
1362 3023 1456 3076 τοῦ
1502 3023 1687 3094 σώμα-

1789 3026 2094 3094 crederent,
2156 3031 2517 3101 elephantiasi
2564 3052 2691 3091 eum
2750 3039 3020 3097 laborare.
3058 3041 3361 3099 Reversqu

139 3134 231 3181 τος,
258 3119 341 3172 καί
369 3136 524 3183 τινας
554 3119 774 3189 νομίσαι
801 3118 842 3149 ⁸⁸
869 3118 951 3170 ὃτι
996 3116 1383 3185 ἐλεφαντίησεν
1416 3116 1482 3178 ’⁸,
1517 3118 1684 3169 ἐπαν-

1789 3134 1914 3173 vero
1946 3121 2001 3174 in
2036 3121 2284 3176 cellulam
2336 3139 2493 3180 suam
2525 3143 2593 3182 ex
2641 3130 2758 3184 sola
2808 3146 2941 3188 voce
2985 3145 3361 3205 cognoverunt

141 3208 282 3263 ελθὼν
323 3211 377 3263 δὲ
410 3211 491 3274 εἰς
539 3211 598 3263 τὸ
638 3209 847 3264 κελλίον
878 3208 1041 3261 αὑτοῦ
1076 3206 1183 3261 ἀπὸ
1222 3208 1321 3277 τῆς
1363 3208 1547 3278 φωνῆς
1583 3209 1677 3280 μό-

1789 3210 2086 3268 llacarium
2118 3228 2257 3269 esse.

137 3317 212 3355 νον
232 3304 270 3332 ²¹
300 3303 628 3376 ἐγνωρίζετο
661 3302 824 3356 αὐτὸν
847 3297 986 3355 εἶναι
1012 3300 1104 3354 τὸν
1134 3302 1441 3373 Μακάριον.

204 2201 296 2255 Τοῦ
320 2201 469 2268 ἁγίου
502 2200 693 2254 τούτου
722 2202 779 2254 ἐν
799 2203 864 2272 τῇ
894 2201 1057 2272 κέλλῃ
1092 2200 1456 2271 καθεζομένου
1484 2199 1626 2272 πρωῒ
1645 2200 1686 2233 ¹²

148 2292 321 2361 κώνωψ
345 2292 434 2343 ἐπὶ
462 2290 563 2344 τοῦ
590 2291 746 2356 ποδὸς
773 2291 935 2345 αὑτὸν
966 2292 1275 2364 ἐκέντησεν.
1310 2292 1404 2345 καὶ
1442 2292 1687 2363 ἀλγήσας

145 2389 200 2455 τῇ
224 2385 353 2456 χειρὶ
373 2383 568 2437 τοῦτον
599 2384 858 2450 κατέαξεν
885 2386 929 2417 ⁸³
957 2384 1357 2457 κεκορεσμένον
1392 2384 1436 2415 ⁸⁸
1471 2382 1566 2437 τοῦ
1598 2384 1684 2436 αῖ-

148 2494 308 2549 ματος.
348 2476 577 2547 ὕστερον
617 2477 674 2531 δὲ
720 2477 1082 2559 κατεγνωκὼς
1133 2475 1329 2531 ἐαυτοῦ
1360 2476 1403 2508 ⁸⁸
1436 2476 1513 2538 ὡς
1544 2476 1686 2529 ἐαυ-

143 2570 219 2623 τὸν
244 2570 281 2601 ¹⁰
306 2568 691 2639 ἐκδικήσαντος
721 2567 1071 2632 καταδικάζει
1098 2566 1309 2631 ἐαυτὸν,
1345 2569 1485 2621 ὥστε
1517 2569 1596 2629 εἰς
1624 2566 1686 2619 τὸ

144 2663 242 2726 ἕλος
260 2662 351 2731 τῆς
379 2663 655 2733 Σκήτεως,
688 2662 717 2714 ὅ
741 2664 888 2714 ἐστιν
924 2663 982 2714 ἐν
1011 2664 1079 2733 τῇ
1114 2662 1415 2731 πανερήμῳ
1448 2660 1513 2720 ¹⁷,
1544 2659 1684 2712 καθ-

141 2753 337 2824 εσθῆναι
374 2752 587 2823 γυμνὸν
655 2752 747 2804 ἐπὶ
797 2752 970 2822 μῆνας
1014 2751 1108 2816 ἐξ,
1160 2751 1287 2805 ἔνθα
1327 2753 1375 2803 οἱ
1423 2748 1685 2814 κώνωπες

142 2846 365 2898 δύνανται
395 2844 439 2876 ¹⁶
481 2844 583 2897 καὶ
612 2843 862 2915 συάγρων
904 2843 1150 2915 δέρματα
1187 2841 1508 2912 τιτρώσκειν
1552 2843 1685 2896 ὡσεὶ

1846 3414 2030 3485 Cupiit
2060 3417 2378 3487 aliquando,
2413 3429 2473 3473 ut
2502 3419 2665 3476 nobis
2692 3421 2808 3491 ipse
2841 3424 3111 3487 narravit,
3148 3424 3357 3495 ingredi

1776 3518 2217 3571 monumentum,
2250 3510 2395 3580 quod
2433 3511 2641 3567 dicitur
2672 3516 3010 3585 κηποτάφιον
3064 3514 3270 3574 Jannes
3302 3531 3359 3575 et

1774 3594 2023 3655 Jambres
2057 3615 2364 3671 magorum,
2398 3604 2490 3673 qui
2521 3605 2744 3659 fuerunt
2767 3616 3011 3678 tempore
3030 3610 3358 3680 Pharaonis,

1774 3688 1997 3743 videndi
2022 3704 2213 3756 causa,
2243 3699 2340 3745 aut
2380 3693 2700 3759 daemones,
2730 3698 2821 3765 qui
2851 3698 2924 3751 ibi
2973 3710 3123 3764 sunt,
3157 3716 3355 3756 conve-

1775 3782 1982 3836 niendi.
2019 3779 2358 3838 Dicebantur
2388 3784 2533 3840 enim
2570 3787 2727 3840 multi
2762 3789 2907 3858 iique
2934 3791 3147 3846 feroces
3184 3793 3256 3848 ibi
3287 3793 3359 3849 ab

1777 3876 1889 3932 illis
1924 3876 2180 3931 collocati
2221 3892 2342 3931 esse
2373 3877 2668 3933 daemones
2705 3895 2801 3949 per
2831 3882 3207 3937 excellentiam
3240 3899 3359 3937 ma-

1777 3970 1936 4040 gicae
1969 3969 2127 4037 artis,
2155 3986 2262 4040 qua
2304 3972 2513 4040 primas
2534 3988 2751 4042 quoque
2784 3973 2877 4027 illo
2902 3983 3148 4046 tempore
3172 3985 3358 4046 partes

1776 4061 1923 4132 apud
1954 4061 2297 4117 Pharaonem
2328 4064 2660 4119 habuerunt.
2686 4063 2787 4130 Qui
2825 4066 2899 4119 ita
2932 4069 3077 4122 nacti
3113 4077 3356 4138 potesta-

137 4151 339 4217 μένοιεν
362 4153 438 4225 τῷ
462 4154 570 4225 τῆς
593 4153 740 4225 ζωῆς
769 4153 946 4207 αὐτῶν
967 4153 1143 4226 χρόνῳ
1164 4154 1208 4184 ⁸⁷
1244 4156 1308 4207 ἐκ
1331 4154 1678 4225 τετραπέδων

1789 4169 1886 4207 ιριη
1929 4153 1985 4208 in
2022 4153 2284 4226 Aegypto,
2326 4165 2571 4226 tempore
2606 4160 2748 4212 vitae
2796 4175 2929 4215 suae
2960 4177 3023 4215 ex
3069 4164 3355 4231 quadratis

133 4242 271 4296 λίθων
295 4245 512 4300 ἔκτισαν
545 4245 605 4299 τὸ
628 4245 786 4317 ἔργον
811 4247 1003 4310 ἐκεῖνο,
1038 4246 1095 4298 ἐν
1118 4244 1266 4315 αὐτῷ
1292 4246 1480 4317 μνῆμα
1505 4247 1551 4277 ³³
1583 4263 1675 4299 πε-

1789 4248 2056 4317 .apidibus
2089 4257 2520 4304 construxerunt
2554 4249 2685 4303 illud
2734 4266 2893 4320 opus,
2926 4255 2979 4306 in
3012 4269 3122 4323 quo
3153 4270 3351 4309 monu-

132 4330 389 4406 ποιηκότες
409 4340 507 4392 καὶ
544 4336 741 4408 χρυσὸν
770 4337 937 4390 πολὺν
962 4337 1311 4407 ἀποθέμενοι,
1344 4338 1441 4391 καὶ
1484 4337 1677 4409 δένδρα

1789 4347 2015 4394 :nentuin
2073 4339 2321 4395 fecerunt
2360 4350 2416 4394 et
2479 4343 2712 4395 multum
2761 4345 2881 4397 auri
2938 4345 3351 4415 deposuerunt,

132 4431 330 4480 παντοῖα
369 4428 765 4497 ἐφυτεύσαντο,
815 4427 909 4480 καὶ
950 4427 1129 4497 φρέαρ
1175 4426 1365 4492 ὕδατος
1420 4428 1673 4497 μέγιστον

1789 4431 1957 4485 )mnis
1994 4447 2213 4502 quoque
2243 4434 2458 4503 generis
2508 4435 2741 4488 arbores
2785 4436 3125 4505 plantarum,
3160 4448 3212 4493 et
3251 4455 3354 4508 pu-

205 3413 536 3485 Ἐπεθύμησέ
558 3417 603 3447 ¹¹
634 3431 785 3479 ποτε,
813 3414 887 3475 ὡς
910 3412 1072 3477 αὐτὸς
1098 3414 1230 3484 ἡμῖν
1252 3412 1567 3485 διηγήσατο,
1599 3416 1679 3477 εἰς

136 3504 186 3560 τὸ
204 3508 529 3578 κηποτάφιον
570 3507 831 3560 εἰσελθεῖν
883 3503 1083 3559 Ἰαννοῦ
1106 3506 1152 3537 ’³
1189 3507 1283 3559 καὶ
1321 3506 1583 3577 Ἰαμϐροῦ
1610 3508 1676 3571 ’⁸,

136 3600 226 3651 τῶν
264 3600 443 3670 μάγων
483 3597 601 3653 τῶν
637 3599 731 3651 ἐπὶ
774 3596 868 3651 τοῦ
909 3596 1128 3670 Φαραὼ,
1169 3598 1409 3669 ἱστορίας
1453 3599 1675 3670 χάρινῆ

137 3693 392 3763 συντυχίας
416 3692 527 3746 τῶν
550 3693 726 3745 ἐκεῖσε
745 3690 1033 3761 δαιμόνων.
1054 3689 1271 3759 ἐλέγετο
1305 3680 1421 3762 γάρ
1451 3690 1678 3754 πολλοὺς

135 3792 214 3837 καὶ
235 3784 491 3854 χαλεποὺς
513 3782 1011 3855 άποκεκληρῶσθαι
1036 3784 1093 3836 ἐν
1109 3783 1257 3853 αὐτῷ
1279 3783 1409 3856 παρ’
1432 3783 1611 3837 αὐτῶν
1631 3785 1676 3816 ’⁸

136 3876 363 3946 δαίμονας
389 3876 455 3931 δι’
487 3875 798 3947 ὑπερϐολὴν
844 3877 1085 3947 μαγικῆς
1113 3876 1342 3947 τέχνης,
1372 3876 1439 3929 δι’
1470 3873 1538 3949 ἦς
1578 3877 1675 3930 καὶ

133 3969 192 4021 τὰ
216 3969 394 4039 πρῶτα
422 3964 575 4040 εἶχον
600 3969 707 4023 τῶν
735 3968 858 4022 κατ’
886 3968 1095 4022 ἐκείνου
1127 3971 1173 4001 ³⁸
1196 3968 1389 4042 καιροῦ
1421 3970 1571 4042 παρὰ
1598 3968 1678 4041 τῷ

134 4059 325 4131 Φαραώ·
347 4062 421 4125 ὼς
448 4058 548 4116 οὖν
574 4060 674 4132 τὴν
722 4062 782 4115 ἐν
813 4062 1074 4132 Αἰγύπτῳ
1125 4061 1441 4115 δυναστείαν
1473 4079 1677 4132 κεκτη-

130 4517 316 4587 ὣρυξαν
341 4520 385 4553 ”
406 4520 719 4585 ἐλπίζοντες
747 4520 906 4588 δῆθεν
935 4518 1075 4589 μετὰ
1091 4520 1190 4590 τὴν
1221 4520 1469 4573 ἐντεῦθεν
1493 4523 1673 4574 ἐκεῖσε

131 4611 287 4678 ἄφιξιν
311 4613 355 4644 ³⁸
382 4616 440 4667 ἐν
462 4613 641 4683 τούτῳ
672 4613 714 4643 ³⁸
739 4611 816 4682 τῷ
855 4611 1167 4682 παραδείσῳ
1190 4615 1422 4684 τρυφᾷν.
1457 4614 1554 4685 τὴν
1579 4609 1672 4667 οῦν

129 4703 205 4756 ἐπὶ
233 4704 318 4758 τὸν
356 4706 534 4777 κῆπον
571 4705 761 4760 τοῦτον
799 4703 917 4757 ὁδὸν
956 4703 1168 4768 άγνοῶν
1218 4706 1246 4758 ὁ
1295 4704 1391 4758 τοῦ
1435 4706 1672 4778 Χριστοῦ

1781 4530 1931 4578 teum
1963 4539 2137 4594 aquae
2162 4526 2458 4579 maximum
2503 4526 2777 4593 foderunt,
2808 4540 3096 4598 sperantes
3127 4531 3349 4601 quidem

1780 4614 1916 4678 fore,
1949 4626 2007 4670 ut
2037 4627 2157 4685 post
2184 4632 2343 4670 suum
2368 4617 2495 4672 hinc
2532 4619 2663 4672 illuc
2701 4619 3009 4675 discessum
3039 4622 3352 4677 fruerentur

1778 4708 1991 4764 deliciis
2020 4710 2073 4763 in
2103 4709 2205 4764 hoc
2231 4710 2508 4780 paradiso.
2544 4710 2749 4768 Servus
2794 4713 2962 4784 igitur
3002 4714 3201 4769 Christi
3236 4714 3348 4767 Ma-

1377 4901 1630 4959 VARIAE
1668 4901 2070 4963 LECTIONES.

183 5095 224 5127 "
248 5097 348 5152 Pro
371 5098 471 5153 καὶ
502 5098 822 5163 κλάσας-
842 5097 1068 5153 ἐσθίειν
1096 5096 1135 5149 Β
1161 5094 1232 5149 τὰ
1253 5096 1618 5162 βουκελάτα,
1653 5095 1691 5151 ἂ
1719 5097 2020 5165 ἐκέκτητο,
2047 5100 2135 5164 εἰς
2166 5098 2346 5165 μικρὰ
2394 5098 2610 5165 τρίψας
2659 5098 2960 5152 ἀπέϐαλεν
2995 5099 3080 5161 εις
3101 5096 3347 5164 κερτὲμ.ἀ

127 5168 391 5222 τοσοῦτον
422 5170 618 5234 μόνον
636 5168 860 5223 ἐσθιειν
878 5170 1108 5234 κρίνας.

128 5238 145 5266 ε
174 5236 207 5288 B
234 5242 297 5317 τὸ
326 5235 468 5317 me:
486 5239 684 5317 ῤ’λως.
754 5237 778 5270 ο
797 5238 1059 5317 ΔΒρϋτως
1088 5235 1176 5317 δέ.
1250 5235 1273 5317 ξ
1302 5238 1348 5317 ,Β
1376 5239 1498 5317 οξδγξ

127 5320 221 5375 om.
242 5309 304 5361 A.
327 5306 339 5308 ’
375 5306 403 5340 ⁷⁷
435 5310 505 5362 δὲ
532 5325 637 5362 om.
660 5310 721 5362 A.
796 5308 818 5340 ⁸
854 5306 945 5360 ὅτι
973 5323 1083 5361 om.
1117 5306 1177 5361 Β.
1250 5311 1272 5343 ³
1302 5306 1668 5375 Βεὶσῆλθεν.

1747 5308 1789 5339 ⁸⁸
1824 5306 2049 5375 ἡμέρας
2077 5322 2187 5361 om.
2239 5310 2301 5360 Α.

1182 5167 1361 5235 "per
1398 5182 1505 5222 om.
1549 5167 1607 5221 Β.
1682 5168 1729 5200 ’⁸
1775 5167 1841 5219 δὲ
1868 5184 1977 5219 oin.
2008 5168 2063 5221 Β.
2140 5169 2184 5199 ’³
2212 5169 2357 5234 φησὶ
2391 5183 2501 5222 om.
2524 5170 2589 5219 Α.
2669 5170 2683 5199 ⁸
2716 5169 2759 5220 Α
2812 5168 3136 5234 συνεχώρει
3168 5167 3340 5235 φησι.

1308 5238 1603 5306 Βούγκίας
1655 5238 1766 5306 τῆς
1817 5236 2126 5304 ἡμετέρας.

2203 5238 2436 5297 'Corr.,
2486 5240 2595 5290 τὸν
2641 5252 2728 5290 om
2799 5236 2859 5300 Β,
2902 5238 2945 5289 Α
2994 5239 3081 5290 τό.
3158 5238 3346 5290 “wor-

129 5374 178 5448 ll.
247 5380 287 5408 "
320 5378 421 5432 Pro
448 5378 563 5433 Τοῦ
585 5379 757 5448 ἁγίου
783 5408 852 5417 -
881 5379 1035 5445 πρωΐ
1050 5376 1088 5428 Β
1121 5379 1375 5432 Ἀλλοτέ
1400 5392 1541 5430 ποτε
1564 5378 1633 5430 ἐν
1658 5376 1845 5443 κέλλῃ
1868 5374 2091 5448 τούτου
2111 5377 2544 5448 καθεζομένου.-
2598 5378 2641 5407 ¹³
2669 5377 2773 5428 Pro
2816 5376 3030 5448 τοῦτον
3056 5376 3346 5448 κατέαξεν·

128 5444 512 5518 Βσυνέτριψε
583 5444 813 5503 τοῦτον.
890 5444 1128 5518 “_Corr._,
1165 5447 1269 5518 ΑΒ
1328 5448 1735 5518 κορεισμένον.

1813 5448 1857 5477 ¹⁵
1881 5447 2060 5508 Corn,
2094 5446 2183 5498 AB
2213 5445 2603 5513 κατιιγνωκὼς
2625 5445 2905 5499 σεαυτοῦ.
2985 5448 3027 5477 ⁸⁸
3061 5446 3147 5498 ΑΒ
3171 5462 3343 5500 σεαυ-

126 5517 233 5586 τόν.
305 5520 345 5549 ⁸⁷
366 5514 625 5579 Emend,
648 5520 688 5571 Α
718 5516 1053 5586 παηρέμῳ,
1086 5515 1127 5568 Β
1150 5517 1362 5584 ἐρήμῳ.
1402 5518 1443 5548 ³⁸
1471 5520 1510 5570 Α
1534 5514 1812 5570 δύναντε.
1858 5516 1900 5547 ¹’
1922 5518 1967 5568 Α
1986 5514 2260 5586 νομίζειν.
2300 5518 2348 5586 ’ίξ
2370 5516 2523 5569 Corr.
2552 5516 2607 5586 _B
2633 5516 2976 5586 ἐλεφαντία,
3005 5516 3194 5569 ἐστίν.
3231 5516 3342 5586 “73

127 5583 216 5657 ἐπὸ
242 5588 425 5656 μάνης
464 5589 574 5655 τῆς
597 5586 815 5657 φωνῆς.

893 5589 937 5618 ³³
967 5587 1005 5639 Β
1032 5587 1319 5654 Ἢθέλησε
1344 5586 1428 5640 δέ.
1507 5588 1552 5619 ’³
1580 5587 1622 5640 Β
1660 5586 1882 5655 Ἰαννῆ.

1959 5586 2005 5617 ³⁵
2037 5584 2079 5639 Β
2130 5584 2378 5655 Ἰαμϐρῆ.
2402 5653 2425 5655 _
2455 5587 2517 5655 "7
2550 5584 2654 5655 Pro
2685 5587 2754 5637 ἐν
2794 5585 2953 5649 αὐτῷ
2982 5587 3117 5653 παρ’
3145 5585 3344 5640 αὐτῶν

126 5649 162 5724 Β
185 5649 307 5723 πάρ’
334 5649 537 5713 αὖτῶνί
555 5649 627 5712 εἷ’
645 5649 851 5721 ὲκεῖἰεῳ
876 5656 956 5721 τῷ
978 5658 1157 5718 τόπῳ.
1230 5649 1277 5688 ⁵³
1306 5659 1484 5715 Corn.
1512 5657 1600 5710 AB
1625 5659 1745 5709 κατ’
1765 5649 1993 5717 ἐκείνῳ.
2068 5657 2112 5687 ³⁷
2138 5649 2215 5709 si;
2248 5649 2460 5724 τῷτῆς
2498 5654 2643 5722 ζωῆς
2684 5654 2880 5709 αὐτῶν
2910 5649 3104 5724 χρόνὶρ
3133 5673 3243 5709 om.
3276 5656 3340 5710 Β.

128 5723 166 5754 ⁸⁸
193 5725 319 5799 Βμέν
357 5729 531 5799 αὐτῷ,
576 5729 640 5781 τὸ
685 5731 873 5798 μνῆμα
910 5726 1130 5782 αὐτῶν.
1206 5729 1253 5761 ⁸’
1276 5725 1317 5781 Β
1353 5727 1531 5799 φρέαρ
1581 5728 1870 5797 μέγιστον
1903 5724 2140 5793 ὤρυξαν
2178 5726 2414 5791 ὕδατος.

124 5794 491 5862 μετάστασιν.
520 5798 560 5830 ³¹
590 5799 628 5852 Β
651 5794 706 5852 ἐν
742 5794 968 5863 ἐκείνῳ.

2523 5726 2568 5758 ⁸⁸
2629 5725 2735 5782 Pro
2778 5726 2975 5782 ἐκεῖσε
3036 5727 3243 5798 ἄφιξιν
3298 5727 3344 5781 Β

2382 5307 2421 5337 ¹¹
2451 5306 2588 5374 ἔφη,
2620 5310 2739 5360 ὑπο
2763 5306 3202 5374 στέγην-μου
3228 5323 3339 5362 om.
3432 5327 3436 5331 ’
