3950 6584
551 359 650 416 l8?

1352 362 1451 419 SS.
1495 358 1947 418 MACARIORUM
1985 357 2305 414 AEGYPTII
2341 357 2428 414 ET
2467 358 2942 416 ALEXANDRINI
3664 364 3744 424 188

549 479 730 532 carius
760 492 927 547 quum
976 479 1140 542 viam,
1177 495 1314 549 quae
1359 481 1425 534 ad
1477 481 1621 534 hunc
1670 480 1886 532 hortum
1942 477 2113 542 ducit,

2221 474 2406 538 δοῦλος
2455 475 2743 546 Μακάριος
2795 473 3087 547 στοχασμῷ
3136 475 3285 547 μόνῳ
3340 473 3617 545 ήκολούθει
3657 485 3745 546 τοῖς

549 571 848 638 ignoraret.
882 570 996 625 sola
1032 571 1348 640 conjectura
1397 581 1618 626 secutus
1647 580 1731 625 est
1770 580 1943 636 astra,
1975 572 2122 625 sicut

548 670 764 724 nautae,
789 662 884 730 qui
916 664 1085 715 maria
1113 669 1510 717 transmittunt.
1547 663 1639 716 Sic
1684 672 1852 716 totam
1882 664 2124 732 pervasit

547 753 922 807 solitudinem.
956 753 1302 809 Fasciculum
1328 772 1456 809 vero
1484 756 1810 808 arundinum
1833 757 2026 822 tenuit,
2054 771 2120 809 ex

546 845 751 912 quibus
788 861 949 897 unam
986 845 1039 898 in
1097 837 1428 915 unoquoque
1461 849 1686 900 milliari
1725 858 1984 915 tanquam
2040 848 2120 902 si-

556 936 722 1005 gnum
759 939 966 1006 posuit,
998 940 1159 1006 cujus
1205 956 1306 1009 ope
1356 949 1644 994 remearet.
1680 941 1878 993 Novem
1927 941 2120 994 diebus

550 1041 712 1095 prope
743 1028 893 1079 illum
927 1028 1144 1080 hortum
1184 1031 1355 1093 venit,
1390 1039 1443 1084 et
1489 1041 1649 1083 nocte
1684 1045 1982 1098 oppressus
2023 1044 2122 1098 pa-

549 1134 666 1169 rum
715 1118 989 1172 dormivit.
1043 1121 1333 1189 improbus
1381 1138 1507 1175 vero
1553 1124 1784 1174 daemon
1822 1122 2118 1174 arundines

549 1209 668 1261 illas
683 1211 939 1265 collectas
955 1211 1020 1262 ad
1049 1215 1342 1281 eaputejus
1365 1214 1736 1282 posuit255.
1763 1215 1994 1268 fortasse
2024 1212 2118 1266 Dei

547 1304 820 1369 permissu
890 1304 955 1356 ad
985 1305 1246 1372 majorem
1275 1309 1449 1360 sancti
1471 1308 1938 1370 exercitationem,
1968 1322 2034 1359 ne
2065 1307 2118 1360 in

547 1395 910 1448 arundinibus
942 1395 1173 1450 ducibus
1207 1414 1354 1465 spent
1376 1414 1529 1451 snam
1565 1399 1914 1462 liaberrt,sed
1949 1399 2120 1466 magis

547 1481 604 1534 in
639 1484 812 1550 gratia
846 1484 958 1548 Dei,
1005 1486 1095 1552 qui
1151 1502 1245 1555 per
1291 1489 1598 1539 columnam
1664 1488 1804 1556 ignis
1854 1495 1907 1541 et
1959 1489 2120 1541 nubis

546 1575 907 1643 quadraginta
928 1557 1187 1631 annos‘in
1216 1581 1317 1630 ista
1341 1579 1633 1631 solitudine
1665 1580 1918 1646 populum
1954 1578 2118 1632 Israel

553 1683 662 1718 non
695 1667 1038 1722 obedientem
1070 1677 1121 1723 et
1157 1680 1549 1739 repugnantem
1591 1671 1836 1724 deduxit.
1873 1671 2116 1740 Snrgens

547 1757 712 1826 igitur
740 1761 1035 1813 arundines
1060 1761 1342 1829 colligatas
1371 1762 1602 1816 invenit.
1629 1762 1864 1815 Sanctus
1887 1771 2068 1815 autem
2099 1781 2112 1814 :

549 1848 672 1914 Ubi,
695 1852 890 1920 inquit,
913 1852 978 1904 ad
1003 1854 1216 1906 hortum
1235 1855 1460 1922 propius
1489 1855 1796 1916 aeeessi,ex
1821 1871 1886 1907 eo
1910 1857 2114 1924 egressi
2151 1837 2188 1892 Β

547 1950 672 1995 sunt
697 1943 938 2013 mihique
952 1955 1310 1998 occurrerunt
1329 1947 1664 2015 septuaginta
1698 1946 1808 2000 fere
1826 1947 2118 2000 daemmies

546 2037 714 2088 variis
750 2035 939 2090 formis
991 2037 1244 2105 praediti,
1278 2040 1366 2092 alii
1399 2039 1618 2109 quidem
1667 2040 1988 2102 clamantes,
2022 2042 2114 2094 alii

547 2143 675 2180 vero
708 2129 1061 2190 exsilientes,
1107 2130 1197 2182 alii
1243 2146 1366 2183 eum
1428 2145 1624 2200 magno
1657 2131 1874 2184 fremitu
1917 2132 1972 2184 in
2029 2148 2113 2186 me

547 2221 804 2274 dentibus
867 2219 1183 2274 stridentes.
1242 2221 1421 2274 Ceteri
1483 2229 1743 2288 tanquam
1807 2221 1956 2274 corvi
2014 2238 2111 2274 vo-

548 2314 724 2366 lantes
791 2312 1066 2366 audebant
1113 2313 1287 2365 vultui
1334 2328 1454 2367 meo
1517 2313 1780 2366 insultare
1815 2313 2110 2365 dicentes:

548 2402 687 2466 Quid
718 2404 820 2464 vis,
859 2403 1085 2464 Maeari,
1135 2405 1366 2457 tentatio
1405 2404 1841 2457 monachorum?
1873 2403 2013 2468 Quid
2047 2405 2114 2458 ad

549 2509 649 2547 nos
681 2497 1011 2548 accessisti?
1040 2497 1122 2548 An
1159 2512 1258 2550 nos
1289 2511 1505 2564 quoque
1535 2503 1725 2548 contra
1760 2496 1975 2562 aliquos
2000 2510 2116 2548 mo-

549 2588 850 2640 rtar-hortatu
887 2589 1181 2642 machinati
1245 2589 1473 2642 sumus?
1507 2587 1658 2653 Quae
1725 2598 1912 2641 nostra
1965 2596 2110 2651 sunt,

549 2678 716 2730 habes
745 2679 855 2731 illic
883 2695 1005 2730 cum
1061 2679 1138 2730 tui
1200 2679 1489 2741 similibus,
1524 2679 1872 2732 solitudinem
1907 2679 2050 2739 dico,
2085 2695 2114 2732 e

546 2785 650 2835 qua
682 2775 944 2835 cognatos
977 2775 1194 2821 nostros
1230 2770 1533 2837 I'ugavistis.
1567 2767 1768 2822 Tecum
1796 2768 1928 2821 nihil
1959 2783 2112 2821 com-

547 2876 708 2911 mune
743 2859 1024 2922 habemus,
1061 2859 1186 2927 quid
1220 2871 1409 2913 nostra
1443 2861 1560 2913 loca
1600 2861 1934 2928 ingrederis?
1962 2864 2110 2915 Ana-

545 2953 762 3004 rlioreta
800 2959 1091 3005 contentus
1120 2960 1238 3005 esto
1271 2953 1582 3005 solitudine.
1610 2952 1713 3016 Qui
1755 2953 1900 3006 hunc
1933 2955 2111 3006 locum

495 3083 499 3090 .
545 3042 923 3104 aediﬁcarunt,
954 3059 1077 3095 eum
1131 3043 1290 3098 nobis
1344 3043 1722 3111 adsignarunt.
1753 3043 1868 3098 Non
1908 3047 2113 3114 poteris

545 3133 636 3187 hic
687 3149 924 3187 manere.
967 3134 1108 3199 Quid
1165 3136 1388 3202 quaeris
1437 3137 1643 3204 ingredi
1699 3138 1902 3202 locum,
1952 3153 2110 3206 quem

547 3238 706 3276 nemo
732 3224 1031 3285 hominum,
1063 3225 1154 3291 qui
1188 3225 1461 3288 vixerunt,
1503 3240 1569 3278 ex
1604 3242 1712 3294 quo
1736 3234 1980 3295 tempore
2004 3226 2113 3279 fra-

547 3316 789 3384 tres,qui
819 3332 940 3368 eum
974 3317 1354 3379 condiderunt,
1385 3334 1411 3369 a
1443 3318 1596 3371 nobis
1618 3319 1702 3370 hic
1733 3318 1927 3387 sepulti
1964 3327 2112 3381 sunt,

547 3416 632 3460 est
690 3409 1008 3476 ingressus?
1059 3410 1293 3462 Sanctus
1342 3408 1592 3474 :Quum,
1635 3410 1834 3471 aiebat,
1883 3412 2112 3464 multum

548 3496 771 3564 insuper
791 3499 1073 3551 turbarent
1093 3501 1625 3568 lamentarenturquc
1641 3501 2109 3564 daemones,dixi:

548 3587 831 3655 Ingrediar
865 3597 1099 3654 tantum,
1150 3591 1367 3652 videbo,
1393 3600 1447 3644 et
1495 3592 1621 3644 hinc
1661 3593 1934 3645 recedam.
1973 3591 2112 3647 Dae«

546 3695 737 3732 mones
773 3695 786 3729 :
823 3679 956 3738 Hoc.
1009 3682 1294 3750 inquiunt,
1349 3684 1508 3737 nobis
1560 3685 1816 3753 promitte
1876 3687 1930 3738 in
1982 3701 2114 3740 eon-

542 3767 765 3822 scientia
784 3777 896 3821 tua.
935 3773 998 3824 Et
1033 3789 1198 3840 quum
1250 3774 1509 3830 dixissem
1546 3795 1558 3829 :
1593 3776 1702 3831 lloc
1733 3776 1949 3841 faciam,
1977 3793 2113 3831 con-

550 3861 727 3913 festini
783 3876 1142 3918 evanuerunt.
1177 3862 1461 3934 Ingressus
1520 3867 1708 3937 igitur,
1754 3870 1951 3932 aiebat,
2003 3869 2110 3923 vidi

549 3952 749 4005 munia.
787 3950 886 4006 Ubi
919 3955 1100 4008 inveni
1149 3957 1342 4010 cadunt
1391 3973 1647 4023 aeneum,
1695 3970 1886 4015 catena
1933 3960 2109 4016 ferrea

547 4045 867 4112 pendentem
895 4063 959 4099 ex
997 4056 1176 4115 puteo,
1215 4049 1308 4104 sed
1343 4059 1581 4120 tempore
1623 4067 2028 4123 consumptum,
2057 4063 2109 4109 et

547 4136 755 4190 fruetus
787 4138 1048 4190 tnalorutn
1075 4142 1368 4202 siccarum,
1393 4159 1530 4212 quae
1552 4147 1876 4200 intrinsecus
1907 4162 2109 4202 vacuae

545 4235 720 4281 erant.
760 4227 996 4281 Sanctus
1047 4231 1210 4300 igitur
1253 4249 1418 4300 quum
1466 4235 1671 4304 absque
1706 4238 2108 4304 perturbatione

547 4320 695 4371 illinc
728 4323 1065 4383 recessisset,
1127 4337 1220 4390 per
1253 4324 1438 4392 viginti
1484 4325 1604 4379 dies
1648 4329 1929 4380 remeavit.
1961 4328 2109 4380 Con-

546 4409 780 4475 Sumptis
811 4426 936 4463 vero
966 4412 1187 4465 cibariis
1222 4413 1574 4467 solitudinem
1612 4429 1908 4484 peragrans
1936 4432 2106 4484 paene

2217 568 2456 636 ἄστροις.
2487 567 2734 647 καθάπερ
2767 571 3008 622 ναυτικοὶ
3045 567 3408 630 διαϐαίνοντες
3441 569 3511 620 τὰ
3549 569 3747 644 πελάγη.

2219 658 2391 723 οὕτως
2452 659 2508 712 δέ
2543 660 2587 690 ³⁸
2638 659 2735 730 τὴν
2784 659 2988 730 ἔρημον
3047 662 3226 713 πᾶσαν
3291 658 3592 712 διώδευσεν.
3637 662 3748 733 ἔχων

2219 748 2360 818 δέμα
2375 749 2417 780 ³³
2444 749 2703 819 καλάμων
2721 750 2880 821 χάριν
2903 750 3128 820 σημείου
3156 750 3255 804 ἕνα
3277 753 3416 802 κατὰ
3439 749 3610 820 μίλιον
3631 753 3748 822 ἵστα,

2219 843 2364 904 ὅπως
2395 842 2440 872 ⁸⁸
2476 842 2545 894 δι’
2587 842 2759 911 αὐτῆς
2807 842 3119 914 ὑποστρέψῃ
3145 843 3208 896 ³⁵.
3247 841 3342 894 καὶ
3369 843 3513 905 ἐντὸς
3560 844 3747 914 ἡμερῶν

2221 933 2263 986 0'
2286 933 2330 963 "
2365 934 2590 1004 πλησίον
2627 933 2719 986 τοῦ
2761 937 2934 1004 κήπου
2965 935 3179 1002 γέγονε,
3211 934 3306 986 καὶ
3328 933 3518 996 νυκτὸς
3547 937 3753 990 καταλα-

2219 1023 2420 1093 ϐούσης
2463 1023 2653 1094 μικρὸν
2697 1024 3087 1094 ἐκαθεύδησεν·
3131 1027 3158 1076 ὁ
3201 1024 3258 1076 δὲ
3309 1024 3543 1094 πονηρδς
3577 1023 3752 1095 δαίμων

2221 1116 2543 1186 συναγαγὼν
2567 1120 2693 1180 τοὺς
2731 1118 3008 1188 καλάμους
3037 1119 3278 1180 ἐκείνους
3307 1119 3442 1188 πρὸς
3481 1121 3544 1188 τῇ
3565 1126 3754 1193 ,κεφαλῇ

2220 1206 2383 1258 αὑτοῦ
2411 1207 2674 1267 τέθεικεν,
2710 1208 2850 1276 τάχα
2877 1209 2970 1260 τοῦ
2997 1207 3132 1260 Θεοῦ
3163 1209 3615 1276 συγχωρήσαντος
3642 1212 3754 1280 πρὸς

2223 1297 2444 1366 μείζονα
2464 1297 2651 1350 τούτου
2675 1301 3004 1368 γυμνασίαν,
3038 1300 3123 1352 ἵνα
3150 1297 3224 1368 μὴ
3242 1298 3434 1368 ὁδηγία
3454 1299 3494 1328 ³⁷
3523 1299 3757 1370 καλάμων

2219 1387 2434 1456 ἐλπίζῃ,
2488 1387 2623 1440 ἀλλὰ
2662 1392 2727 1459 τῇ
2775 1388 2867 1441 τοῦ
2915 1388 3046 1441 Θεοῦ
3095 1390 3275 1458 χάριτι
3317 1387 3539 1458 μᾶλλον,
3578 1391 3758 1446 τοῦδιὰ

2220 1479 2409 1532 στόλου
2466 1481 2636 1550 πυρὸς
2679 1482 2771 1533 καὶ
2811 1481 3038 1552 νεφέλης
3087 1482 3180 1533 ἐπὶ
3229 1480 3634 1550 τεσσαράκοντα
3680 1485 3758 1555 ἐτη

2221 1571 2418 1640 μᾶλλον
2447 1572 2504 1625 ἐν
2529 1573 2710 1644 ἐκείνῃ
2733 1575 2800 1642 τῇ
2841 1573 3032 1643 ἐρήμῳ
3057 1573 3148 1625 τὸν
3177 1571 3407 1626 ἀπειθέα
3447 1573 3544 1624 καὶ
3572 1573 3757 1626 ἀντελο-

2217 1680 2312 1731 γον
2359 1662 2451 1716 τοῦ
2518 1665 2730 1734 Ἰσραὴλ
2777 1664 2904 1716 λαὸν
2953 1664 3338 1734 όδηγήσαντος.
3403 1665 3497 1715 καὶ
3547 1664 3760 1730 ἀναστὰς

2217 1749 2372 1826 εὗρεν
2407 1758 2464 1808 ἐν
2517 1756 2700 1828 δεσμῷ
2746 1759 2872 1818 τοὺς
2910 1757 3208 1827 καλάμους.
3253 1756 3404 1824 ἔλεγε
3441 1756 3497 1808 δὲ
3530 1757 3558 1808 ό
3595 1757 3759 1825 ἆγιος,

2217 1849 2297 1900 ὅτι
2329 1848 2642 1915 ἐγγίσαντός
2673 1866 2773 1919 μου
2797 1849 2875 1920 τῷ
2906 1851 3066 1919 κήπῳ
3106 1848 3330 1920 ἐξῆλθον
3373 1849 3469 1900 ἀπ’
3507 1849 3667 1903 αὐτοῦ
3696 1853 3763 1914 εἰς

2218 1938 2537 2009 συνάντησίν
2570 1957 2670 2010 μου
2693 1941 2826 1992 ὡσεὶ
2844 1947 2884 1992 0'
2909 1941 2952 1971 ³⁸
2981 1940 3232 2009 δαίμονες
3258 1939 3494 2009 παντοίῳ
3524 1942 3762 2010 σχήματι,

2215 2030 2263 2080 οἱ
2295 2029 2403 2098 μὲν
2433 2029 2682 2100 βοῶντες,
2718 2033 2765 2083 οἱ
2795 2031 2852 2083 δὲ
2886 2031 3181 2100 πηδῶντες,
3209 2031 3358 2084 ἄλλοι
3401 2031 3623 2102 μεγάλῳ
3653 2033 3765 2104 βρυ-

2214 2121 2339 2190 γμῴ
2385 2120 2660 2189 τρίζοντες
2703 2124 2820 2174 κατ’
2864 2122 2997 2192 ἐμοῦ
3037 2123 3162 2185 τοὺς
3205 2123 3458 2188 ὀδόντας,
3487 2123 3665 2194 ἕτεροι
3703 2125 3768 2189 ὡς

2215 2213 2446 2283 κόρακες
2481 2214 2905 2284 πτερυσσόμενοι
2947 2223 2991 2254 ﬂ
3046 2213 3290 2284 ἐτόλμων
3329 2213 3472 2267 κατὰ
3512 2215 3612 2283 τῆς
3645 2216 3768 2286 ἐμῆς

2215 2301 2389 2368 ὅψεως
2423 2302 2691 2370 λέγοντες·
2717 2303 2769 2355 τί
2815 2304 3011 2366 θέλεις,
3043 2305 3332 2374 Μακάριε,
3362 2303 3640 2373 πειρασμὲ
3675 2305 3770 2355 τῶν

2217 2395 2492 2468 μοναχῶν;
2538 2395 2589 2446 τί
2632 2395 2766 2466 πρὸς
2807 2397 2954 2465 ἡμᾶς
2998 2395 3327 2464 παρεγένου;
3379 2396 3452 2464 μὴ
3484 2397 3585 2447 καὶ
3624 2399 3771 2465 ήμεῖς

2215 2486 2293 2548 εἷς
2321 2505 2466 2550 τινας
2488 2487 2594 2540 τῶν
2619 2488 2862 2558 μοναχῶν
2885 2490 3289 2560 ἐνηργήσαμεν;
3313 2489 3430 2539 ἐκεῖ
3452 2487 3526 2539 τὰ
3545 2489 3774 2558 ἡμέτερα

2215 2579 2374 2648 ἔχεις,
2403 2581 2499 2650 τὴν
2531 2579 2754 2650 ἔρημον,
2783 2580 2917 2648 μετὰ
2940 2580 3046 2631 τῶν
3077 2579 3278 2648 ὁμοίων
3307 2596 3419 2641 σου,
3453 2578 3554 2647 ἀφ’
3574 2575 3641 2649 ἧς
3661 2581 3774 2642 τοὺς

2215 2676 2495 2740 συγγενεῖς
2523 2673 2679 2742 ἡμῶν
2723 2671 2993 2736 ἐδιώξατε.
3021 2672 3172 2724 οὐδὲν
3200 2672 3373 2725 κοινὸν
3412 2672 3620 2744 ἔχομεν
3652 2671 3778 2741 μετὰ

2217 2765 2308 2818 σοῦ
2341 2767 2385 2796 ’⁸ο
2417 2805 2430 2827 ,
2477 2766 2529 2817 τί
2563 2765 2860 2827 ἐπιϐαίνεις
2890 2765 3044 2835 ἡμῶν
3072 2768 3182 2827 τοῖς
3218 2765 3431 2829 τόποις;
3467 2765 3549 2828 ὡς
3584 2767 3777 2834 ἀναχω-

2218 2858 2383 2930 ρητὴς
2421 2858 2716 2928 ἀρκέσθητι
2761 2859 2826 2927 τῇ
2864 2858 3076 2928 ἐρήμῳ.
3105 2859 3234 2926 ἡμῖν
3267 2857 3454 2909 τοῦτον
3486 2858 3586 2910 τὸν
3629 2859 3782 2910 τόπον

2213 2954 2262 3004 οἱ
2303 2950 2584 3011 κτίσαντες
2627 2948 3048 3020 άπεκλήρωσαν.
3098 2951 3158 3001 οὐ
3193 2951 3396 3021 δυνήσῃ
3433 2943 3543 3018 ᾧδε
3589 2955 3777 3022 μεῖναι.

2213 3043 2265 3095 τί
2305 3041 2484 3112 ζητεῖς
2525 3041 2808 3107 εἰσελθεῖν,
2839 3043 2918 3104 είς
2939 3041 2966 3092 ὃ
2990 3042 3034 3072 ⁸⁸
3081 3042 3254 3105 οὐδεὶς
3288 3043 3394 3094 τῶν
3439 3043 3672 3107 ζώντων
3703 3045 3784 3095 ἀν-

2218 3134 2448 3204 θρώπων
2499 3133 2766 3201 εἰσῆλθεν,
2819 3134 2912 3200 ἀφ’
2961 3127 3130 3203 οὗπερ
3183 3135 3231 3185 οί
3286 3133 3443 3186 τοῦτο
3506 3135 3783 3197 κτίσαντες

2216 3225 2434 3293 ἀδελφοὶ
2461 3226 2502 3254 ’δ’
2534 3227 2624 3292 ὑφ’
2647 3223 2800 3293 ἡμῶν
2828 3223 3011 3275 ἐνθάδε
3044 3225 3562 3294 κατεκηδεύθησαν;
3596 3226 3691 3279 καὶ
3717 3226 3786 3278 ἔτι

2216 3316 2382 3369 πολλά
2419 3315 2523 3368 τῶν
2556 3316 2822 3384 δαιμόνων
2854 3317 3266 3387 ταραττομένων
3311 3318 3405 3369 καὶ
3444 3318 3788 3389 ὀλοφυρομέ-

2215 3427 2317 3460 νων
2347 3405 2498 3459 εἷπον
2525 3408 2734 3468 αὐτοῖς,
2768 3409 2953 3477 φησὶν,
2980 3406 3204 3460 εἰσέλθω
3234 3409 3279 3439 ⁸³
3321 3409 3486 3478 μόνον
3528 3411 3629 3462 καὶ
3666 3412 3792 3463 ἱστο-

2218 3503 2364 3571 ρήσω
2411 3500 2502 3550 καὶ
2529 3499 2839 3568 ἀπέρχομαι
2882 3498 3051 3550 ἔνθεν.
3088 3501 3136 3550 οἱ
3179 3499 3234 3552 δὲ
3281 3499 3584 3570 δαίμονες·
3641 3503 3789 3555 τοῦτο

2213 3593 2342 3660 ἡμῖν
2374 3589 2702 3660 ὁμολόγησον
2732 3591 2788 3640 ἐν
2838 3591 3136 3660 συνειδήσει
3181 3608 3273 3643 σου
3312 3593 3378 3648 ⁸⁸.
3409 3594 3515 3646 καὶ
3549 3595 3790 3657 εἰπόντος

2217 3699 2344 3753 μου’
2383 3681 2540 3735 τοῦτο
2598 3685 2828 3752 ποιήσω,
2878 3683 3036 3745 εὐθὺς
3081 3684 3478 3753 ἠφανίσθησαν.
3536 3686 3792 3738 εἰσελθὼν

2211 3771 2323 3835 οὖν,
2361 3769 2544 3844 φησὶν,
2581 3774 2892 3844 ἐθεασάμην
2923 3774 3119 3836 πάντα,
3155 3775 3213 3827 ἐν
3247 3769 3325 3837 οἷς
3359 3772 3530 3845 εὗρον
3567 3777 3792 3831 κάδον⁵⁵

2211 3866 2445 3936 χαλκοῦν
2477 3866 2665 3936 σιδηρᾷ
2699 3865 2884 3918 ἁλύσει
2917 3865 3262 3936 κρεμάμενον
3291 3868 3434 3920 κατὰ
3481 3868 3592 3920 τοῦ
3631 3868 3792 3940 φρέα-

2210 3976 2333 4021 τος,
2363 3958 2543 4010 λοιπὸν
2569 3958 2615 3995 ⁸⁸
2647 3957 2725 4028 τῷ
2779 3959 2955 4028 χρόνῳ
3005 3957 3347 4011 ἀναλωθέντα
3366 4001 3379 4024 ,
3423 3963 3537 4013 καὶ
3587 3960 3795 4032 καρπὸν

2213 4053 2352 4124 ῥοῶν
2403 4050 2580 4120 ξηρῶν
2621 4050 2771 4102 οὐδὲν
2822 4051 3053 4119 ἐχόντων
3114 4049 3278 4103 ἔνδον.
3333 4053 3652 4122 ἀταράχως
3712 4049 3796 4104 οὖν

2209 4143 2416 4196 ἐκεῖθεν
2451 4144 2493 4172 ⁵⁷
2541 4142 2898 4212 ἀναχωρήσας
2935 4143 2962 4194 ὁ
3014 4143 3164 4210 ἆγιος
3194 4141 3281 4194 διὰ
3333 4143 3520 4195 εἴκοσι
3577 4145 3797 4215 ἡμερῶν

2212 4229 2568 4301 ὑπέστρεψεν.
2616 4229 3026 4282 ἀναλωσοείσων
3079 4231 3135 4282 δὲ
3179 4231 3288 4283 τῶν
3329 4232 3574 4301 τροφῶν
3621 4234 3801 4302 σχεδὸν

2210 4324 2316 4376 οὐδ’
2351 4322 2485 4384 ὅλως
2517 4320 2778 4388 ἐγεύσατο
2804 4320 3000 4372 ὁδεύων
3028 4321 3124 4389 τὴν
3154 4321 3376 4392 ἔρημον,
3408 4322 3498 4386 ὡς
3533 4325 3637 4377 καὶ
3673 4325 3718 4355 ⁸⁸
3747 4324 3801 4375 τὸ

2210 4417 2442 4486 πρᾶγμα
2473 4413 2690 4476 ἔδειξεν,
2731 4414 2824 4464 καὶ
2869 4415 2946 4474 είς
2985 4413 3258 4483 ὑπομονὴν
3299 4417 3672 4485 ἐπειρὰζετο.
3719 4418 3803 4468 καὶ

546 4497 681 4549 nihil
715 4498 934 4550 omnino
960 4503 1218 4568 gustavit,
1265 4503 1408 4570 quod
1456 4519 1540 4555 res
1589 4519 1804 4574 quoque
1836 4507 2102 4574 probavit;

2214 4506 2279 4569 ὡς
2309 4507 2472 4574 ἐγγὺς
2502 4505 2715 4571 ἐγένετο
2733 4502 2825 4555 τοῦ
2846 4504 3091 4569 ὀκλάσαι,
3115 4503 3265 4574 ὤφθη
3292 4505 3446 4574 αὑτῷ
3471 4524 3572 4569 τις
3597 4508 3678 4570 ὡς
3707 4505 3804 4559 ἀπὸ

543 4598 704 4656 atque
741 4599 943 4643 tentata
974 4602 1053 4643 est
1073 4593 1357 4647 tolerantia
1389 4594 1524 4662 ejus.
1543 4593 1717 4660 Quum
1742 4598 1998 4666 verojam
2017 4613 2113 4667 pa-

543 4695 662 4733 rum
679 4682 911 4741 abesset.
929 4685 1057 4752 quin
1074 4685 1456 4750 collaberctur,
1470 4689 1515 4739 ei
1539 4689 1652 4740 visa
1667 4695 1747 4743 est
1763 4688 1924 4758 256
1943 4706 2108 4745 unum

545 4773 656 4826 fere
687 4774 922 4827 stadium
969 4775 1184 4829 distans
1217 4779 1389 4846 puclla
1423 4774 1688 4846 Quaedam
1736 4782 1937 4833 munda
1967 4782 2107 4835 linea

544 4873 692 4919 veste
729 4867 939 4930 induta,
975 4857 1112 4937 quae
1144 4886 1332 4921 urnam
1370 4872 1586 4924 tenebat
1609 4887 1748 4942 aqua
1783 4873 2103 4948 stillantem,

539 4964 702 5024 atque
729 4973 853 5011 eum
908 4961 1258 5027 provOcabat.
1287 4959 1420 5016 Tres
1467 4962 1633 5030 igitur
1671 4962 1788 5018 dies
1823 4964 2100 5032 ingressus

535 5063 654 5102 eam
680 5049 830 5110 vidit,
861 5066 1035 5119 neque
1065 5053 1281 5119 assequi
1323 5055 1517 5121 potuit;
1552 5069 1646 5123 spe
1677 5061 1854 5108 autem
1883 5056 2100 5110 bibendi

538 5140 849 5208 languorem
885 5143 1165 5196 sustinuit.
1187 5145 1315 5197 P05t
1340 5160 1500 5212 quam
1535 5150 1783 5214 apparuit
1815 5148 2101 5202 multitudo

537 5230 802 5284 hubaloru
829 5250 883 5298 ii;
929 5237 1278 5303 reperiuntur
1331 5239 1474 5289 enim
1512 5239 1566 5290 in
1613 5238 1722 5293 illis
1762 5240 2097 5309 regionibus.

2214 4599 2426 4652 σταδίου
2474 4596 2684 4650 ἐστῶσα
2712 4596 2868 4666 κόρη,
2901 4595 3146 4666 καθαράν
3177 4597 3364 4667 ὀθόνην
3394 4599 3695 4669 φέρουσα,
3725 4599 3808 4650 καὶ

2213 4690 2504 4744 καυκάλιον
2558 4687 2748 4750 ὓδατος
2812 4687 3113 4756 κατέχουσα
3167 4687 3392 4752 στάζον,
3457 4694 3570 4743 καὶ
3625 4691 3808 4743 τοῦτον

2211 4781 2677 4854 προσκαλουμένη.
2711 4781 2805 4833 καὶ
2842 4781 2935 4832 ἐπὶ
2968 4784 3116 4850 τρεῖς
3145 4783 3360 4851 ἡμέρας
3397 4781 3665 4844 ὥδευσε.
3700 4785 3812 4853 βλέ-

2209 4890 2325 4924 πων
2376 4872 2473 4942 μὲν
2517 4871 2708 4940 αὐτὴν,
2747 4869 3072 4922 καταλαϐεῖν
3104 4869 3158 4921 δὲ
3197 4870 3269 4940 μὴ
3295 4870 3606 4940 δυνηθεὶς,
3645 4875 3714 4942 τῇ
3760 4871 3810 4921 δὲ

2207 4965 2379 5018 ἐλπίδι
2411 4964 2505 5017 τοῦ
2537 4966 2681 5015 πιεῖν
2725 4963 3022 5031 ὑπομείνας
3066 4965 3130 5033 τῇ
3172 4964 3378 5035 ἀτονία.
3416 4967 3564 5035 μεθ’
3603 4969 3676 5038 ἣν
3727 4967 3814 5019 άν-

2206 5058 2372 5128 εφάνη
2408 5055 2608 5126 πλῆθος
2643 5056 2684 5087 ⁸³
2711 5054 3003 5124 βουϐάλων·
3049 5057 3154 5108 εἰσὶ
3198 5056 3305 5126 γὰρ
3347 5059 3405 5109 ἐν
3457 5062 3596 5122 τοῖς
3633 5061 3816 5116 τόποις

2206 5149 2432 5210 ἐκείνοις
2456 5163 2469 5176 ⁸
2499 5147 2556 5211 ἐξ
2583 5138 2656 5197 ὦν
2691 5145 2786 5215 μία
2815 5145 3011 5214 ἔχουσα
3051 5146 3247 5216 μόσχον
3285 5147 3430 5209 ἐστὶ,
3472 5153 3660 5220 φησι,
3692 5166 3818 5202 κατ-

2206 5239 2379 5292 ἐναντί
2417 5255 2539 5309 μου.
2574 5238 2668 5290 καὶ
2701 5235 2844 5301 ἰδὼν,
2879 5238 2962 5290 ὅτι
2997 5237 3147 5308 ἐρρει
3181 5239 3353 5308 αὐτῆς
3383 5241 3463 5292 τὸ
3496 5243 3696 5307 γάλα,
3722 5243 3819 5293 ὐετ-

1785 5402 2041 5457 VARIAE
2073 5403 2478 5460 LECTIONES.

604 5529 646 5561 ³¹
661 5528 700 5579 Α
724 5526 894 5591 οὕτως
925 5533 1040 5584 καί.

1120 5534 1162 5564 ³³
1181 5533 1220 5586 Β
1245 5535 1487 5603 ῥεσμόν.

533 5597 576 5628 ³⁸
604 5599 644 5648 Β
671 5598 1094 5667 ἐϐδομήκοντα.

1565 5539 1610 5569 ⁸⁸
1642 5537 1681 5591 Β
1703 5542 1850 5608 πρὸς
1871 5544 1955 5596 τό.

527 5752 636 5790 orn.
668 5737 723 5788 Β.
798 5738 846 5770 ⁸⁷
873 5741 1096 5795 ἐκεῖθεν
1112 5760 1219 5797 om.
1260 5748 1314 5797 Β.

526 5804 584 5856 ἀι
595 5806 814 5876 ’σφώ-η.

2037 5543 2081 5573 ⁸⁸
2111 5542 2150 5594 Β
2176 5542 2571 5608 ὑποστρέψαι.

1173 5607 1215 5679 ξ’
1249 5601 1325 5679 Ex
1353 5601 1525 5669 coni.,
1565 5611 1606 5661 Α
1634 5612 1674 5662 Β
1694 5601 2204 5679 πὶεροισούμενοι.

529 5668 846 5749 ἀδελὲοίηη
875 5672 917 5749 ξ³
955 5672 997 5749 ll
1023 5674 1108 5724 ὅτι
1154 5677 1394 5732 εἴσελθω.
1433 5668 1522 5730 Sic
1551 5696 1646 5745 pro
1673 5668 2215 5749 ὅτιέὶίτελεύἱῖομίιι.

2649 5542 2753 5616 ³ξΒ
2781 5542 2973 5616 ἐννέα.
3051 5542 3096 5616 ’Τ
3124 5541 3199 5616 Εξ
3222 5543 3402 5616 rapi"
3436 5544 3546 5616 AB
3575 5547 3822 5616 ὁδηγέῳ.

2847 5616 2889 5643 ⁸⁸
2917 5613 3018 5665 Pro
3048 5615 3137 5684 εἰς
3163 5613 3193 5664 ὃ
3219 5613 3256 5665 Β
3284 5613 3385 5684 ἶν’.
3491 5615 3545 5647 ⁸³
3580 5616 3624 5668 Β
3657 5613 3821 5684 ἡμῶν·

2868 5684 2911 5714 ⁸⁵
2952 5684 2990 5734 Β
3019 5683 3118 5734 καὶ
3157 5681 3407 5737 κὰὃδον.
3511 5686 3568 5717 ⁸⁸
3601 5681 3822 5741 λοῖπόν

2283 5614 2327 5644 “
2357 5614 2396 5664 Β
2420 5615 2549 5678 μεθ’
2584 5612 2769 5679 ὑμῶν.

2295 5688 2340 5718 υ
2381 5684 2420 5734 Β
2453 5700 2568 5744 σου,
2597 5682 2788 5735 εἷπον·

1391 5749 1434 5778 ⁸⁸
1461 5749 1499 5799 Β
1530 5749 1604 5812 ὡς
1631 5750 1718 5806 δέ.
1791 5750 1834 5784 ⁵³
1864 5753 1966 5807 Pro
1991 5755 2118 5822 μεθ’
2149 5753 2226 5821 ἣν
2250 5753 2522 5824 ἀνεφάνη
2547 5750 2782 5821 πλῆθος
2815 5752 2854 5806 Β
2883 5756 3034 5820 μετά
3061 5751 3126 5804 δὲ
3150 5753 3320 5807 τοῦτο
3346 5754 3637 5825 πλῆθος
3667 5755 3823 5821 αὐτῷ
