  <div class='ocr_page' id='page_1' title='image "/cluster/home/n/w/nwhite01/storage/ocr_20150623/34/hvd.32044019207760/106.png"; bbox 0 0 3950 6536; ppageno 0'>
   <div class='ocr_carea' id='block_1_1' title="bbox 199 318 1940 392">
    <p class='ocr_par' dir='ltr' id='par_1_1' title="bbox 199 318 1940 392">
     <span class='ocr_line' id='line_1_1' title="bbox 199 318 1940 392; baseline -0.01 -2"><span class='ocrx_word' id='word_1_1' title='bbox 199 331 284 392; x_wconf 74' lang='grc'><strong>189</strong></span> <span class='ocrx_word' id='word_1_2' title='bbox 1670 318 1878 374; x_wconf 81' lang='lat' dir='ltr'><strong>ACTA.</strong></span> <span class='ocrx_word' id='word_1_3' title='bbox 1937 376 1940 380; x_wconf 91' lang='lat'><strong>_</strong></span> 
     </span>
    </p>
   </div>
   <div class='ocr_carea' id='block_1_2' title="bbox 3284 320 3386 376">
    <p class='ocr_par' dir='ltr' id='par_1_2' title="bbox 3284 320 3386 376">
     <span class='ocr_line' id='line_1_2' title="bbox 3284 320 3386 376; baseline 0.01 -3"><span class='ocrx_word' id='word_1_4' title='bbox 3284 320 3386 376; x_wconf 66' lang='lat'><strong>£90</strong></span> 
     </span>
    </p>
   </div>
   <div class='ocr_carea' id='block_1_3' title="bbox 193 430 1726 508">
    <p class='ocr_par' dir='ltr' id='par_1_3' title="bbox 193 430 1722 508">
     <span class='ocr_line' id='line_1_3' title="bbox 193 430 1722 508; baseline -0.012 -7"><span class='ocrx_word' id='word_1_5' title='bbox 193 430 522 505; x_wconf 75' lang='grc' dir='ltr'>εισελθὼνκαὶ</span> <span class='ocrx_word' id='word_1_6' title='bbox 554 437 792 506; x_wconf 85' lang='grc' dir='ltr'>θηλάσας</span> <span class='ocrx_word' id='word_1_7' title='bbox 821 435 1116 508; x_wconf 76' lang='grc' dir='ltr'>ἠρκέσθην.</span> <span class='ocrx_word' id='word_1_8' title='bbox 1159 436 1194 507; x_wconf 78' lang='grc' dir='ltr'>ἢ</span> <span class='ocrx_word' id='word_1_9' title='bbox 1220 436 1265 467; x_wconf 83' lang='grc'><strong>³⁸</strong></span> <span class='ocrx_word' id='word_1_10' title='bbox 1291 435 1385 489; x_wconf 81' lang='grc' dir='ltr'>καὶ</span> <span class='ocrx_word' id='word_1_11' title='bbox 1411 434 1538 505; x_wconf 83' lang='grc' dir='ltr'>θείῳ</span> <span class='ocrx_word' id='word_1_12' title='bbox 1559 451 1722 506; x_wconf 77' lang='grc' dir='ltr'>προσ-</span> 
     </span>
    </p>
   </div>
   <div class='ocr_carea' id='block_1_4' title="bbox 1828 430 3389 508">
    <p class='ocr_par' dir='ltr' id='par_1_4' title="bbox 1828 432 3389 504">
     <span class='ocr_line' id='line_1_4' title="bbox 1828 432 3389 504; baseline 0 -16"><span class='ocrx_word' id='word_1_13' title='bbox 1828 433 1867 488; x_wconf 86' lang='grc' dir='ltr'><strong>Ε</strong></span> <span class='ocrx_word' id='word_1_14' title='bbox 1901 433 2124 504; x_wconf 80' lang='lat' dir='ltr'><strong>quibus,</strong></span> <span class='ocrx_word' id='word_1_15' title='bbox 2155 433 2357 498; x_wconf 83' lang='lat' dir='ltr'><strong>aiebat,</strong></span> <span class='ocrx_word' id='word_1_16' title='bbox 2387 447 2494 487; x_wconf 89' lang='lat' dir='ltr'><strong>una</strong></span> <span class='ocrx_word' id='word_1_17' title='bbox 2521 432 2750 487; x_wconf 89' lang='lat' dir='ltr'><strong>vitulum</strong></span> <span class='ocrx_word' id='word_1_18' title='bbox 2779 433 2988 489; x_wconf 78' lang='lat' dir='ltr'><strong>habens</strong></span> <span class='ocrx_word' id='word_1_19' title='bbox 3017 434 3147 488; x_wconf 84' lang='lat' dir='ltr'><strong>mihi</strong></span> <span class='ocrx_word' id='word_1_20' title='bbox 3191 451 3259 490; x_wconf 79' lang='lat' dir='ltr'><strong>ex</strong></span> <span class='ocrx_word' id='word_1_21' title='bbox 3291 437 3389 489; x_wconf 89' lang='lat' dir='ltr'><strong>ad-</strong></span> 
     </span>
    </p>
   </div>
   <div class='ocr_carea' id='block_1_5' title="bbox 192 527 1714 608">
    <p class='ocr_par' dir='ltr' id='par_1_5' title="bbox 192 527 1714 608">
     <span class='ocr_line' id='line_1_5' title="bbox 192 527 1714 608; baseline -0.012 -17"><span class='ocrx_word' id='word_1_22' title='bbox 192 543 394 608; x_wconf 78' lang='grc' dir='ltr'>τάγματι</span> <span class='ocrx_word' id='word_1_23' title='bbox 412 530 775 601; x_wconf 82' lang='grc' dir='ltr'>πειθαρχοῦσα</span> <span class='ocrx_word' id='word_1_24' title='bbox 789 529 1076 598; x_wconf 70' lang='grc' dir='ltr'><strong>ἠκολούθει</strong></span> <span class='ocrx_word' id='word_1_25' title='bbox 1099 529 1201 592; x_wconf 73' lang='grc' dir='ltr'>ἕως</span> <span class='ocrx_word' id='word_1_26' title='bbox 1222 530 1318 598; x_wconf 84' lang='grc' dir='ltr'>τῆς</span> <span class='ocrx_word' id='word_1_27' title='bbox 1343 527 1555 599; x_wconf 86' lang='grc' dir='ltr'>κέλλης,</span> <span class='ocrx_word' id='word_1_28' title='bbox 1582 527 1714 598; x_wconf 77' lang='grc' dir='ltr'>ἐμοῦ</span> 
     </span>
    </p>
   </div>
   <div class='ocr_carea' id='block_1_6' title="bbox 194 619 1716 701">
    <p class='ocr_par' dir='ltr' id='par_1_6' title="bbox 194 619 1716 701">
     <span class='ocr_line' id='line_1_6' title="bbox 194 619 1716 701; baseline -0.007 -20"><span class='ocrx_word' id='word_1_29' title='bbox 194 630 276 701; x_wconf 81' lang='grc' dir='ltr'>μὲν</span> <span class='ocrx_word' id='word_1_30' title='bbox 306 621 611 695; x_wconf 77' lang='grc' dir='ltr'>θηλάζοντος</span> <span class='ocrx_word' id='word_1_31' title='bbox 633 621 680 653; x_wconf 82' lang='grc'>⁸¹</span> <span class='ocrx_word' id='word_1_32' title='bbox 714 619 902 686; x_wconf 81' lang='grc' dir='ltr'>αὐτὴν,</span> <span class='ocrx_word' id='word_1_33' title='bbox 937 619 1029 674; x_wconf 85' lang='grc' dir='ltr'><strong>τδν</strong></span> <span class='ocrx_word' id='word_1_34' title='bbox 1064 619 1139 695; x_wconf 64' lang='grc' dir='ltr'><strong>⁸δίε</strong></span> <span class='ocrx_word' id='word_1_35' title='bbox 1195 620 1394 690; x_wconf 81' lang='grc' dir='ltr'><strong>μόσχον</strong></span> <span class='ocrx_word' id='word_1_36' title='bbox 1439 619 1609 690; x_wconf 80' lang='grc' dir='ltr'>αὐτῆς</span> <span class='ocrx_word' id='word_1_37' title='bbox 1641 619 1716 691; x_wconf 79' lang='grc' dir='ltr'>μὴ</span> 
     </span>
    </p>
   </div>
   <div class='ocr_carea' id='block_1_7' title="bbox 190 715 438 788">
    <p class='ocr_par' dir='ltr' id='par_1_7' title="bbox 190 715 438 788">
     <span class='ocr_line' id='line_1_7' title="bbox 190 715 438 788; baseline -0.028 -16"><span class='ocrx_word' id='word_1_38' title='bbox 190 715 438 788; x_wconf 76' lang='grc' dir='ltr'><strong>δεχομένη.</strong></span> 
     </span>
    </p>
   </div>
   <div class='ocr_carea' id='block_1_8' title="bbox 157 982 1721 1066">
    <p class='ocr_par' dir='ltr' id='par_1_8' title="bbox 157 982 1721 1066">
     <span class='ocr_line' id='line_1_8' title="bbox 157 982 1721 1066; baseline -0.003 -15"><span class='ocrx_word' id='word_1_39' title='bbox 157 982 159 986; x_wconf 37' lang='grc'><em>’</em></span> <span class='ocrx_word' id='word_1_40' title='bbox 249 995 446 1050; x_wconf 84' lang='grc' dir='ltr'>Ἀλλοτε</span> <span class='ocrx_word' id='word_1_41' title='bbox 472 991 632 1047; x_wconf 89' lang='grc' dir='ltr'>πάλιν</span> <span class='ocrx_word' id='word_1_42' title='bbox 657 990 882 1062; x_wconf 83' lang='grc' dir='ltr'><strong>πλησίον</strong></span> <span class='ocrx_word' id='word_1_43' title='bbox 913 990 1092 1061; x_wconf 92' lang='grc' dir='ltr'>θρύων</span> <span class='ocrx_word' id='word_1_44' title='bbox 1118 992 1214 1046; x_wconf 70' lang='grc' dir='ltr'>καὶ</span> <span class='ocrx_word' id='word_1_45' title='bbox 1242 992 1535 1064; x_wconf 80' lang='grc' dir='ltr'>φρυγάνων</span> <span class='ocrx_word' id='word_1_46' title='bbox 1562 993 1721 1066; x_wconf 85' lang='grc' dir='ltr'>ὀρύσ-</span> 
     </span>
    </p>
   </div>
   <div class='ocr_carea' id='block_1_9' title="bbox 187 1078 1720 1157">
    <p class='ocr_par' dir='ltr' id='par_1_9' title="bbox 187 1078 1720 1157">
     <span class='ocr_line' id='line_1_9' title="bbox 187 1078 1720 1157; baseline 0.008 -28"><span class='ocrx_word' id='word_1_47' title='bbox 187 1107 280 1145; x_wconf 80' lang='grc' dir='ltr'><strong>σων</strong></span> <span class='ocrx_word' id='word_1_48' title='bbox 303 1089 343 1119; x_wconf 74' lang='grc' dir='ltr'>η</span> <span class='ocrx_word' id='word_1_49' title='bbox 371 1083 542 1155; x_wconf 82' lang='grc' dir='ltr'><strong>φρέαρ</strong></span> <span class='ocrx_word' id='word_1_50' title='bbox 571 1085 600 1136; x_wconf 99' lang='lat'><strong>6</strong></span> <span class='ocrx_word' id='word_1_51' title='bbox 631 1085 883 1154; x_wconf 77' lang='grc' dir='ltr'><strong>ἐνάρετος</strong></span> <span class='ocrx_word' id='word_1_52' title='bbox 914 1085 960 1114; x_wconf 85' lang='grc'><strong>⁵³</strong></span> <span class='ocrx_word' id='word_1_53' title='bbox 989 1078 1141 1146; x_wconf 76' lang='grc' dir='ltr'>οὗτος</span> <span class='ocrx_word' id='word_1_54' title='bbox 1170 1085 1250 1146; x_wconf 90' lang='grc' dir='ltr'><strong>είς</strong></span> <span class='ocrx_word' id='word_1_55' title='bbox 1281 1086 1588 1140; x_wconf 74' lang='grc' dir='ltr'>ἀνάπαυσιν</span> <span class='ocrx_word' id='word_1_56' title='bbox 1625 1105 1720 1157; x_wconf 87' lang='grc' dir='ltr'>μο-</span> 
     </span>
    </p>
   </div>
   <div class='ocr_carea' id='block_1_10' title="bbox 186 1174 1718 1252">
    <p class='ocr_par' dir='ltr' id='par_1_10' title="bbox 186 1174 1718 1252">
     <span class='ocr_line' id='line_1_10' title="bbox 186 1174 1718 1252; baseline -0.003 -16"><span class='ocrx_word' id='word_1_57' title='bbox 186 1180 341 1252; x_wconf 85' lang='grc' dir='ltr'>ναχῶν</span> <span class='ocrx_word' id='word_1_58' title='bbox 375 1176 475 1230; x_wconf 81' lang='grc' dir='ltr'><strong>ὑπὸ</strong></span> <span class='ocrx_word' id='word_1_59' title='bbox 518 1176 744 1239; x_wconf 81' lang='grc' dir='ltr'><strong>ἀσπίδος</strong></span> <span class='ocrx_word' id='word_1_60' title='bbox 789 1174 1008 1246; x_wconf 72' lang='grc' dir='ltr'>ἐδήχθη.</span> <span class='ocrx_word' id='word_1_61' title='bbox 1051 1176 1389 1246; x_wconf 81' lang='grc' dir='ltr'>ἀναιρετικὸν</span> <span class='ocrx_word' id='word_1_62' title='bbox 1413 1179 1469 1231; x_wconf 83' lang='grc' dir='ltr'><strong>δὲ</strong></span> <span class='ocrx_word' id='word_1_63' title='bbox 1501 1179 1576 1230; x_wconf 86' lang='grc' dir='ltr'><strong>ίὸν</strong></span> <span class='ocrx_word' id='word_1_64' title='bbox 1607 1179 1718 1248; x_wconf 78' lang='grc' dir='ltr'>ἔχει</span> 
     </span>
    </p>
   </div>
   <div class='ocr_carea' id='block_1_11' title="bbox 183 1265 1720 1340">
    <p class='ocr_par' dir='ltr' id='par_1_11' title="bbox 183 1265 1720 1340">
     <span class='ocr_line' id='line_1_11' title="bbox 183 1265 1720 1340; baseline -0.003 -12"><span class='ocrx_word' id='word_1_65' title='bbox 183 1274 320 1328; x_wconf 79' lang='grc' dir='ltr'>τοῦτο</span> <span class='ocrx_word' id='word_1_66' title='bbox 344 1270 399 1322; x_wconf 84' lang='grc' dir='ltr'><strong>τὸ</strong></span> <span class='ocrx_word' id='word_1_67' title='bbox 423 1268 628 1340; x_wconf 83' lang='grc' dir='ltr'>θηρίον.</span> <span class='ocrx_word' id='word_1_68' title='bbox 668 1268 1002 1339; x_wconf 81' lang='grc' dir='ltr'>δραξάμενος</span> <span class='ocrx_word' id='word_1_69' title='bbox 1026 1265 1119 1322; x_wconf 77' lang='grc' dir='ltr'><strong>οὖν</strong></span> <span class='ocrx_word' id='word_1_70' title='bbox 1145 1270 1244 1339; x_wconf 82' lang='grc' dir='ltr'>τῆς</span> <span class='ocrx_word' id='word_1_71' title='bbox 1267 1272 1490 1334; x_wconf 80' lang='grc' dir='ltr'><strong>ἀσπίδος</strong></span> <span class='ocrx_word' id='word_1_72' title='bbox 1514 1275 1540 1325; x_wconf 92' lang='lat'><strong>6</strong></span> <span class='ocrx_word' id='word_1_73' title='bbox 1565 1271 1720 1340; x_wconf 78' lang='grc' dir='ltr'>ἅγιος</span> 
     </span>
    </p>
   </div>
   <div class='ocr_carea' id='block_1_12' title="bbox 183 1357 1720 1435">
    <p class='ocr_par' dir='ltr' id='par_1_12' title="bbox 183 1357 1720 1435">
     <span class='ocr_line' id='line_1_12' title="bbox 183 1357 1720 1435; baseline 0.012 -32"><span class='ocrx_word' id='word_1_74' title='bbox 183 1365 286 1425; x_wconf 76' lang='grc' dir='ltr'>ταῖς</span> <span class='ocrx_word' id='word_1_75' title='bbox 320 1357 498 1430; x_wconf 70' lang='grc' dir='ltr'>χερσὶν</span> <span class='ocrx_word' id='word_1_76' title='bbox 541 1357 648 1410; x_wconf 74' lang='grc' dir='ltr'>ἀπὸ</span> <span class='ocrx_word' id='word_1_77' title='bbox 688 1357 795 1410; x_wconf 83' lang='grc' dir='ltr'>τῶν</span> <span class='ocrx_word' id='word_1_78' title='bbox 840 1357 1189 1428; x_wconf 67' lang='grc' dir='ltr'>χελυνείων⁵⁸</span> <span class='ocrx_word' id='word_1_79' title='bbox 1226 1362 1394 1431; x_wconf 79' lang='grc' dir='ltr'>αὐτῆς</span> <span class='ocrx_word' id='word_1_80' title='bbox 1439 1362 1720 1435; x_wconf 73' lang='grc' dir='ltr'>διέρρηξεν</span> 
     </span>
    </p>
   </div>
   <div class='ocr_carea' id='block_1_13' title="bbox 184 1443 1719 1525">
    <p class='ocr_par' dir='ltr' id='par_1_13' title="bbox 184 1443 1719 1525">
     <span class='ocr_line' id='line_1_13' title="bbox 184 1443 1719 1525; baseline 0 -18"><span class='ocrx_word' id='word_1_81' title='bbox 184 1452 330 1523; x_wconf 74' lang='grc' dir='ltr'>αὐτὴν</span> <span class='ocrx_word' id='word_1_82' title='bbox 370 1447 568 1501; x_wconf 72' lang='grc' dir='ltr'>εἰπών’</span> <span class='ocrx_word' id='word_1_83' title='bbox 609 1443 697 1518; x_wconf 60' lang='grc' dir='ltr'>μῆ</span> <span class='ocrx_word' id='word_1_84' title='bbox 727 1450 1145 1513; x_wconf 76' lang='grc' dir='ltr'>ἀποστείλαντός</span> <span class='ocrx_word' id='word_1_85' title='bbox 1174 1453 1220 1483; x_wconf 80' lang='grc'><strong>⁸⁵</strong></span> <span class='ocrx_word' id='word_1_86' title='bbox 1259 1469 1320 1504; x_wconf 87' lang='grc' dir='ltr'><strong>σε</strong></span> <span class='ocrx_word' id='word_1_87' title='bbox 1364 1455 1567 1524; x_wconf 83' lang='grc' dir='ltr'>Κυρίου</span> <span class='ocrx_word' id='word_1_88' title='bbox 1617 1472 1719 1525; x_wconf 88' lang='grc' dir='ltr'><strong>μου</strong></span> 
     </span>
    </p>
   </div>
   <div class='ocr_carea' id='block_1_14' title="bbox 184 1539 1212 1609">
    <p class='ocr_par' dir='ltr' id='par_1_14' title="bbox 184 1539 1212 1609">
     <span class='ocr_line' id='line_1_14' title="bbox 184 1539 1212 1609; baseline -0.003 -14"><span class='ocrx_word' id='word_1_89' title='bbox 184 1543 280 1604; x_wconf 77' lang='grc' dir='ltr'>πῶς</span> <span class='ocrx_word' id='word_1_90' title='bbox 307 1539 602 1609; x_wconf 77' lang='grc' dir='ltr'><strong>ἐτόλμησας</strong></span> <span class='ocrx_word' id='word_1_91' title='bbox 637 1539 702 1590; x_wconf 73' lang='grc' dir='ltr'><strong>σὺ</strong></span> <span class='ocrx_word' id='word_1_92' title='bbox 732 1539 869 1609; x_wconf 83' lang='grc' dir='ltr'>πρός</span> <span class='ocrx_word' id='word_1_93' title='bbox 900 1555 967 1608; x_wconf 88' lang='grc' dir='ltr'><strong>με</strong></span> <span class='ocrx_word' id='word_1_94' title='bbox 1003 1539 1212 1605; x_wconf 83' lang='grc' dir='ltr'>ὲλθεῖν;</span> 
     </span>
    </p>
   </div>
   <div class='ocr_carea' id='block_1_15' title="bbox 240 1627 1722 1702">
    <p class='ocr_par' dir='ltr' id='par_1_15' title="bbox 240 1627 1722 1702">
     <span class='ocr_line' id='line_1_15' title="bbox 240 1627 1722 1702; baseline 0 -16"><span class='ocrx_word' id='word_1_95' title='bbox 240 1627 393 1693; x_wconf 78' lang='grc' dir='ltr'>Οὗτος</span> <span class='ocrx_word' id='word_1_96' title='bbox 428 1632 457 1683; x_wconf 88' lang='lat'><strong>6</strong></span> <span class='ocrx_word' id='word_1_97' title='bbox 487 1631 658 1700; x_wconf 80' lang='grc' dir='ltr'>μέγας</span> <span class='ocrx_word' id='word_1_98' title='bbox 706 1631 992 1700; x_wconf 75' lang='grc' dir='ltr'>Μακάριος</span> <span class='ocrx_word' id='word_1_99' title='bbox 1031 1631 1319 1701; x_wconf 79' lang='grc' dir='ltr'>διαφόρους</span> <span class='ocrx_word' id='word_1_100' title='bbox 1347 1631 1543 1696; x_wconf 85' lang='grc' dir='ltr'>κέλ).ας</span> <span class='ocrx_word' id='word_1_101' title='bbox 1577 1629 1722 1702; x_wconf 77' lang='grc' dir='ltr'>εἶχεν</span> 
     </span>
    </p>
   </div>
   <div class='ocr_carea' id='block_1_16' title="bbox 181 1717 1722 1796">
    <p class='ocr_par' dir='ltr' id='par_1_16' title="bbox 181 1717 1722 1796">
     <span class='ocr_line' id='line_1_16' title="bbox 181 1717 1722 1796; baseline -0.009 -16"><span class='ocrx_word' id='word_1_102' title='bbox 181 1729 229 1780; x_wconf 84' lang='grc' dir='ltr'>ὲν</span> <span class='ocrx_word' id='word_1_103' title='bbox 253 1728 312 1795; x_wconf 83' lang='grc' dir='ltr'>τῇ</span> <span class='ocrx_word' id='word_1_104' title='bbox 345 1723 557 1794; x_wconf 81' lang='grc' dir='ltr'>ἐρήμῳ,</span> <span class='ocrx_word' id='word_1_105' title='bbox 590 1724 648 1775; x_wconf 82' lang='grc' dir='ltr'>ὲν</span> <span class='ocrx_word' id='word_1_106' title='bbox 675 1717 763 1785; x_wconf 78' lang='grc' dir='ltr'><strong>αἶς</strong></span> <span class='ocrx_word' id='word_1_107' title='bbox 795 1723 922 1786; x_wconf 77' lang='grc' dir='ltr'>τοὺς</span> <span class='ocrx_word' id='word_1_108' title='bbox 950 1723 1143 1786; x_wconf 80' lang='grc' dir='ltr'>ἄθλους</span> <span class='ocrx_word' id='word_1_109' title='bbox 1174 1724 1272 1794; x_wconf 85' lang='grc' dir='ltr'>τῆς</span> <span class='ocrx_word' id='word_1_110' title='bbox 1305 1724 1504 1794; x_wconf 82' lang='grc' dir='ltr'>ἀρετῆς</span> <span class='ocrx_word' id='word_1_111' title='bbox 1539 1724 1722 1796; x_wconf 72' lang='grc' dir='ltr'>εξργά.</span> 
     </span>
    </p>
   </div>
   <div class='ocr_carea' id='block_1_17' title="bbox 177 1796 1792 1888">
    <p class='ocr_par' dir='ltr' id='par_1_17' title="bbox 177 1796 1792 1888">
     <span class='ocr_line' id='line_1_17' title="bbox 177 1796 1792 1888; baseline -0.002 -16"><span class='ocrx_word' id='word_1_112' title='bbox 177 1819 301 1884; x_wconf 83' lang='grc' dir='ltr'>ζετο,</span> <span class='ocrx_word' id='word_1_113' title='bbox 337 1816 461 1885; x_wconf 88' lang='grc' dir='ltr'>μίαν</span> <span class='ocrx_word' id='word_1_114' title='bbox 495 1816 556 1868; x_wconf 76' lang='grc' dir='ltr'><strong>ἐν</strong></span> <span class='ocrx_word' id='word_1_115' title='bbox 593 1818 660 1886; x_wconf 84' lang='grc' dir='ltr'>τῇ</span> <span class='ocrx_word' id='word_1_116' title='bbox 696 1816 892 1885; x_wconf 86' lang='grc' dir='ltr'>Σκήτει</span> <span class='ocrx_word' id='word_1_117' title='bbox 932 1818 998 1886; x_wconf 79' lang='grc' dir='ltr'>τῇ</span> <span class='ocrx_word' id='word_1_118' title='bbox 1032 1815 1282 1888; x_wconf 76' lang='grc' dir='ltr'>ὲνδοτέρᾳ</span> <span class='ocrx_word' id='word_1_119' title='bbox 1309 1818 1356 1849; x_wconf 81' lang='grc'>⁵⁸</span> <span class='ocrx_word' id='word_1_120' title='bbox 1393 1819 1717 1888; x_wconf 80' lang='grc' dir='ltr'>πανερήμῳ,</span> <span class='ocrx_word' id='word_1_121' title='bbox 1751 1796 1792 1850; x_wconf 79' lang='grc' dir='ltr'>Β</span> 
     </span>
    </p>
   </div>
   <div class='ocr_carea' id='block_1_18' title="bbox 181 1908 1719 1982">
    <p class='ocr_par' dir='ltr' id='par_1_18' title="bbox 181 1908 1719 1982">
     <span class='ocr_line' id='line_1_18' title="bbox 181 1908 1719 1982; baseline -0.001 -18"><span class='ocrx_word' id='word_1_122' title='bbox 181 1913 291 1982; x_wconf 84' lang='grc' dir='ltr'>μίαν</span> <span class='ocrx_word' id='word_1_123' title='bbox 318 1911 393 1968; x_wconf 88' lang='grc' dir='ltr'><strong>είς</strong></span> <span class='ocrx_word' id='word_1_124' title='bbox 429 1908 639 1980; x_wconf 77' lang='grc' dir='ltr'>Λιϐύην</span> <span class='ocrx_word' id='word_1_125' title='bbox 657 1909 703 1940; x_wconf 77' lang='grc'><strong>⁸⁷</strong></span> <span class='ocrx_word' id='word_1_126' title='bbox 737 1910 815 1972; x_wconf 75' lang='grc' dir='ltr'><strong>εἰς</strong></span> <span class='ocrx_word' id='word_1_127' title='bbox 842 1909 910 1961; x_wconf 86' lang='grc' dir='ltr'><strong>τά</strong></span> <span class='ocrx_word' id='word_1_128' title='bbox 947 1909 1215 1979; x_wconf 85' lang='grc' dir='ltr'>λεγόμενα</span> <span class='ocrx_word' id='word_1_129' title='bbox 1249 1909 1454 1972; x_wconf 88' lang='grc' dir='ltr'>κελλία,</span> <span class='ocrx_word' id='word_1_130' title='bbox 1502 1911 1595 1962; x_wconf 75' lang='grc' dir='ltr'><strong>καὶ</strong></span> <span class='ocrx_word' id='word_1_131' title='bbox 1625 1910 1719 1963; x_wconf 83' lang='grc' dir='ltr'>άλ-</span> 
     </span>
    </p>
   </div>
   <div class='ocr_carea' id='block_1_19' title="bbox 176 2000 1719 2074">
    <p class='ocr_par' dir='ltr' id='par_1_19' title="bbox 176 2000 1719 2074">
     <span class='ocr_line' id='line_1_19' title="bbox 176 2000 1719 2074; baseline 0 -18"><span class='ocrx_word' id='word_1_132' title='bbox 176 2003 261 2073; x_wconf 79' lang='grc' dir='ltr'><strong>λην</strong></span> <span class='ocrx_word' id='word_1_133' title='bbox 287 2005 359 2065; x_wconf 85' lang='grc' dir='ltr'><strong>είς</strong></span> <span class='ocrx_word' id='word_1_134' title='bbox 388 2000 447 2054; x_wconf 69' lang='grc' dir='ltr'>τὸ</span> <span class='ocrx_word' id='word_1_135' title='bbox 472 2001 602 2071; x_wconf 70' lang='grc' dir='ltr'>ὄρος</span> <span class='ocrx_word' id='word_1_136' title='bbox 628 2001 728 2071; x_wconf 80' lang='grc' dir='ltr'>τῆς</span> <span class='ocrx_word' id='word_1_137' title='bbox 750 2001 998 2072; x_wconf 86' lang='grc' dir='ltr'>Νιτρίας.</span> <span class='ocrx_word' id='word_1_138' title='bbox 1028 2004 1123 2056; x_wconf 54' lang='grc' dir='ltr'><strong>καὶ⁸</strong></span> <span class='ocrx_word' id='word_1_139' title='bbox 1149 2005 1206 2058; x_wconf 88' lang='grc' dir='ltr'>αἱ</span> <span class='ocrx_word' id='word_1_140' title='bbox 1249 2004 1346 2074; x_wconf 81' lang='grc' dir='ltr'><strong>μέν</strong></span> <span class='ocrx_word' id='word_1_141' title='bbox 1371 2005 1510 2056; x_wconf 89' lang='grc' dir='ltr'>είσιν</span> <span class='ocrx_word' id='word_1_142' title='bbox 1523 2005 1568 2036; x_wconf 81' lang='grc'><strong>⁵⁸</strong></span> <span class='ocrx_word' id='word_1_143' title='bbox 1593 2003 1719 2056; x_wconf 85' lang='grc' dir='ltr'>ἀθυ-</span> 
     </span>
    </p>
   </div>
   <div class='ocr_carea' id='block_1_20' title="bbox 181 2092 1718 2167">
    <p class='ocr_par' dir='ltr' id='par_1_20' title="bbox 181 2092 1718 2167">
     <span class='ocr_line' id='line_1_20' title="bbox 181 2092 1718 2167; baseline 0.001 -20"><span class='ocrx_word' id='word_1_144' title='bbox 181 2095 386 2167; x_wconf 74' lang='grc' dir='ltr'>ρίέωτοι,</span> <span class='ocrx_word' id='word_1_145' title='bbox 420 2095 501 2155; x_wconf 89' lang='grc' dir='ltr'><strong>είς</strong></span> <span class='ocrx_word' id='word_1_146' title='bbox 536 2092 602 2156; x_wconf 79' lang='grc' dir='ltr'><strong>ἀς</strong></span> <span class='ocrx_word' id='word_1_147' title='bbox 638 2093 853 2161; x_wconf 81' lang='grc' dir='ltr'>ἐλέγετο</span> <span class='ocrx_word' id='word_1_148' title='bbox 893 2096 921 2148; x_wconf 88' lang='grc' dir='ltr'>ὁ</span> <span class='ocrx_word' id='word_1_149' title='bbox 953 2096 1235 2165; x_wconf 84' lang='grc' dir='ltr'>Μακάριος</span> <span class='ocrx_word' id='word_1_150' title='bbox 1268 2096 1326 2147; x_wconf 86' lang='grc' dir='ltr'>ὲν</span> <span class='ocrx_word' id='word_1_151' title='bbox 1367 2097 1433 2166; x_wconf 81' lang='grc' dir='ltr'>τῇ</span> <span class='ocrx_word' id='word_1_152' title='bbox 1480 2102 1532 2166; x_wconf 83' lang='grc' dir='ltr'>μ’</span> <span class='ocrx_word' id='word_1_153' title='bbox 1558 2094 1718 2149; x_wconf 80' lang='grc' dir='ltr'>καθέ-</span> 
     </span>
    </p>
   </div>
   <div class='ocr_carea' id='block_1_21' title="bbox 175 2185 1720 2258">
    <p class='ocr_par' dir='ltr' id='par_1_21' title="bbox 175 2185 1720 2258">
     <span class='ocr_line' id='line_1_21' title="bbox 175 2185 1720 2258; baseline 0.001 -20"><span class='ocrx_word' id='word_1_154' title='bbox 175 2185 339 2251; x_wconf 81' lang='grc' dir='ltr'>ζεσθαι</span> <span class='ocrx_word' id='word_1_155' title='bbox 369 2185 412 2216; x_wconf 70' lang='grc'><strong>⁸³</strong></span> <span class='ocrx_word' id='word_1_156' title='bbox 470 2185 534 2236; x_wconf 81' lang='grc' dir='ltr'>ἐν</span> <span class='ocrx_word' id='word_1_157' title='bbox 585 2185 858 2255; x_wconf 76' lang='grc' dir='ltr'>σκοτίᾳοή</span> <span class='ocrx_word' id='word_1_158' title='bbox 917 2185 973 2238; x_wconf 87' lang='grc' dir='ltr'>δὲ</span> <span class='ocrx_word' id='word_1_159' title='bbox 1025 2185 1156 2256; x_wconf 86' lang='grc' dir='ltr'>ἄλλη</span> <span class='ocrx_word' id='word_1_160' title='bbox 1216 2185 1381 2239; x_wconf 88' lang='grc' dir='ltr'>κέλλα</span> <span class='ocrx_word' id='word_1_161' title='bbox 1431 2187 1720 2258; x_wconf 83' lang='grc' dir='ltr'>στενοτάτη</span> 
     </span>
    </p>
   </div>
   <div class='ocr_carea' id='block_1_22' title="bbox 176 2273 1721 2348">
    <p class='ocr_par' dir='ltr' id='par_1_22' title="bbox 176 2273 1721 2348">
     <span class='ocr_line' id='line_1_22' title="bbox 176 2273 1721 2348; baseline 0.001 -20"><span class='ocrx_word' id='word_1_162' title='bbox 176 2277 361 2346; x_wconf 78' lang='grc' dir='ltr'>ὑπῆρχε</span> <span class='ocrx_word' id='word_1_163' title='bbox 381 2274 550 2337; x_wconf 87' lang='grc' dir='ltr'>πάνυ,</span> <span class='ocrx_word' id='word_1_164' title='bbox 583 2277 662 2337; x_wconf 87' lang='grc' dir='ltr'><strong>είς</strong></span> <span class='ocrx_word' id='word_1_165' title='bbox 687 2277 755 2347; x_wconf 81' lang='grc' dir='ltr'>ἢν</span> <span class='ocrx_word' id='word_1_166' title='bbox 782 2278 1016 2328; x_wconf 79' lang='grc' dir='ltr'>ἐκτεῖναι</span> <span class='ocrx_word' id='word_1_167' title='bbox 1042 2277 1166 2341; x_wconf 79' lang='grc' dir='ltr'>τοὺς</span> <span class='ocrx_word' id='word_1_168' title='bbox 1193 2278 1237 2308; x_wconf 77' lang='grc'><strong>⁸⁸</strong></span> <span class='ocrx_word' id='word_1_169' title='bbox 1254 2277 1421 2340; x_wconf 78' lang='grc' dir='ltr'>πόδας</span> <span class='ocrx_word' id='word_1_170' title='bbox 1441 2277 1540 2329; x_wconf 79' lang='grc' dir='ltr'><strong>οὐκ</strong></span> <span class='ocrx_word' id='word_1_171' title='bbox 1564 2273 1654 2347; x_wconf 75' lang='grc' dir='ltr'><strong>ἦν’</strong></span> <span class='ocrx_word' id='word_1_172' title='bbox 1686 2278 1721 2348; x_wconf 79' lang='grc' dir='ltr'><strong>ἡ</strong></span> 
     </span>
    </p>
   </div>
   <div class='ocr_carea' id='block_1_23' title="bbox 172 2361 1724 2441">
    <p class='ocr_par' dir='ltr' id='par_1_23' title="bbox 172 2361 1724 2441">
     <span class='ocr_line' id='line_1_23' title="bbox 172 2361 1724 2441; baseline 0.001 -22"><span class='ocrx_word' id='word_1_173' title='bbox 172 2367 220 2421; x_wconf 80' lang='grc' dir='ltr'>δὲ</span> <span class='ocrx_word' id='word_1_174' title='bbox 249 2366 395 2437; x_wconf 80' lang='grc' dir='ltr'>τρίτη</span> <span class='ocrx_word' id='word_1_175' title='bbox 421 2365 739 2436; x_wconf 82' lang='grc' dir='ltr'>πλατυτέρα</span> <span class='ocrx_word' id='word_1_176' title='bbox 769 2367 813 2397; x_wconf 77' lang='grc'><strong>⁶¹</strong></span> <span class='ocrx_word' id='word_1_177' title='bbox 837 2361 926 2438; x_wconf 76' lang='grc' dir='ltr'>ἦν,</span> <span class='ocrx_word' id='word_1_178' title='bbox 957 2369 1014 2420; x_wconf 80' lang='grc' dir='ltr'>ἐν</span> <span class='ocrx_word' id='word_1_179' title='bbox 1037 2362 1071 2441; x_wconf 79' lang='grc' dir='ltr'>ᾗ</span> <span class='ocrx_word' id='word_1_180' title='bbox 1095 2367 1188 2420; x_wconf 80' lang='grc' dir='ltr'><strong>καὶ</strong></span> <span class='ocrx_word' id='word_1_181' title='bbox 1218 2368 1582 2439; x_wconf 84' lang='grc' dir='ltr'>συνετύγχανε</span> <span class='ocrx_word' id='word_1_182' title='bbox 1609 2370 1724 2432; x_wconf 82' lang='grc' dir='ltr'>τοῖς</span> 
     </span>
    </p>
   </div>
   <div class='ocr_carea' id='block_1_24' title="bbox 175 2456 800 2528">
    <p class='ocr_par' dir='ltr' id='par_1_24' title="bbox 175 2456 800 2528">
     <span class='ocr_line' id='line_1_24' title="bbox 175 2456 800 2528; baseline 0.003 -19"><span class='ocrx_word' id='word_1_183' title='bbox 175 2458 291 2528; x_wconf 78' lang='grc' dir='ltr'>πρὸς</span> <span class='ocrx_word' id='word_1_184' title='bbox 322 2456 478 2509; x_wconf 78' lang='grc' dir='ltr'>αὑτὸν</span> <span class='ocrx_word' id='word_1_185' title='bbox 513 2456 800 2524; x_wconf 80' lang='grc' dir='ltr'>φοιτῶσιν.</span> 
     </span>
    </p>
   </div>
   <div class='ocr_carea' id='block_1_25' title="bbox 232 2540 1724 2622">
    <p class='ocr_par' dir='ltr' id='par_1_25' title="bbox 232 2540 1724 2622">
     <span class='ocr_line' id='line_1_25' title="bbox 232 2540 1724 2622; baseline 0.003 -21"><span class='ocrx_word' id='word_1_186' title='bbox 232 2540 386 2609; x_wconf 74' lang='grc' dir='ltr'>Οὗτος</span> <span class='ocrx_word' id='word_1_187' title='bbox 435 2548 464 2600; x_wconf 90' lang='lat'><strong>6</strong></span> <span class='ocrx_word' id='word_1_188' title='bbox 523 2547 772 2616; x_wconf 83' lang='grc' dir='ltr'>φιλόθεος</span> <span class='ocrx_word' id='word_1_189' title='bbox 829 2548 1084 2602; x_wconf 80' lang='grc' dir='ltr'>τοσοῦτον</span> <span class='ocrx_word' id='word_1_190' title='bbox 1140 2550 1343 2622; x_wconf 82' lang='grc' dir='ltr'>πλῆθος</span> <span class='ocrx_word' id='word_1_191' title='bbox 1391 2551 1724 2622; x_wconf 72' lang='grc' dir='ltr'>ἐθεράπευσε</span> 
     </span>
    </p>
   </div>
   <div class='ocr_carea' id='block_1_26' title="bbox 174 2638 1726 2711">
    <p class='ocr_par' dir='ltr' id='par_1_26' title="bbox 174 2638 1726 2711">
     <span class='ocr_line' id='line_1_26' title="bbox 174 2638 1726 2711; baseline 0.003 -20"><span class='ocrx_word' id='word_1_192' title='bbox 174 2638 566 2708; x_wconf 86' lang='grc' dir='ltr'>δαιμονὼντων,</span> <span class='ocrx_word' id='word_1_193' title='bbox 603 2639 682 2702; x_wconf 83' lang='grc' dir='ltr'>ὡς</span> <span class='ocrx_word' id='word_1_194' title='bbox 719 2640 792 2709; x_wconf 78' lang='grc' dir='ltr'>μὴ</span> <span class='ocrx_word' id='word_1_195' title='bbox 831 2641 1029 2711; x_wconf 75' lang='grc' dir='ltr'>ῥᾳδίως</span> <span class='ocrx_word' id='word_1_196' title='bbox 1067 2643 1292 2705; x_wconf 82' lang='grc' dir='ltr'>τούτους</span> <span class='ocrx_word' id='word_1_197' title='bbox 1329 2643 1726 2698; x_wconf 79' lang='grc' dir='ltr'>ὑποϐάλλεσθαι</span> 
     </span>
    </p>
   </div>
   <div class='ocr_carea' id='block_1_27' title="bbox 173 2733 1725 2806">
    <p class='ocr_par' dir='ltr' id='par_1_27' title="bbox 173 2733 1725 2806">
     <span class='ocr_line' id='line_1_27' title="bbox 173 2733 1725 2806; baseline 0.003 -21"><span class='ocrx_word' id='word_1_198' title='bbox 173 2733 387 2805; x_wconf 82' lang='grc' dir='ltr'>ἀριθμῷ.</span> <span class='ocrx_word' id='word_1_199' title='bbox 431 2733 720 2804; x_wconf 87' lang='grc' dir='ltr'>παρόντων</span> <span class='ocrx_word' id='word_1_200' title='bbox 755 2735 812 2787; x_wconf 85' lang='grc' dir='ltr'>δὲ</span> <span class='ocrx_word' id='word_1_201' title='bbox 854 2735 1008 2805; x_wconf 86' lang='grc' dir='ltr'>ἡμῶν</span> <span class='ocrx_word' id='word_1_202' title='bbox 1043 2737 1178 2806; x_wconf 81' lang='grc' dir='ltr'>πρὸς</span> <span class='ocrx_word' id='word_1_203' title='bbox 1222 2737 1410 2790; x_wconf 81' lang='grc' dir='ltr'>τοῦτον</span> <span class='ocrx_word' id='word_1_204' title='bbox 1455 2737 1548 2790; x_wconf 82' lang='grc' dir='ltr'>τὸν</span> <span class='ocrx_word' id='word_1_205' title='bbox 1581 2738 1725 2790; x_wconf 81' lang='grc' dir='ltr'>ὅσιον</span> 
     </span>
    </p>
   </div>
   <div class='ocr_carea' id='block_1_28' title="bbox 175 2825 1723 2900">
    <p class='ocr_par' dir='ltr' id='par_1_28' title="bbox 175 2825 1723 2900">
     <span class='ocr_line' id='line_1_28' title="bbox 175 2825 1723 2900; baseline 0.005 -24"><span class='ocrx_word' id='word_1_206' title='bbox 175 2825 414 2895; x_wconf 79' lang='grc' dir='ltr'>παρθένος</span> <span class='ocrx_word' id='word_1_207' title='bbox 450 2843 542 2888; x_wconf 91' lang='grc' dir='ltr'><strong>τις</strong></span> <span class='ocrx_word' id='word_1_208' title='bbox 577 2827 683 2879; x_wconf 85' lang='grc' dir='ltr'><strong>ἀπὸ</strong></span> <span class='ocrx_word' id='word_1_209' title='bbox 730 2826 1149 2898; x_wconf 82' lang='grc' dir='ltr'>Θεσσαλονίκης,</span> <span class='ocrx_word' id='word_1_210' title='bbox 1189 2829 1414 2900; x_wconf 82' lang='grc' dir='ltr'>εὐγενὴς</span> <span class='ocrx_word' id='word_1_211' title='bbox 1453 2829 1527 2899; x_wconf 80' lang='grc' dir='ltr'>τῷ</span> <span class='ocrx_word' id='word_1_212' title='bbox 1555 2830 1723 2898; x_wconf 82' lang='grc' dir='ltr'>γένει,</span> 
     </span>
    </p>
   </div>
   <div class='ocr_carea' id='block_1_29' title="bbox 174 2918 1726 2992">
    <p class='ocr_par' dir='ltr' id='par_1_29' title="bbox 174 2918 1726 2992">
     <span class='ocr_line' id='line_1_29' title="bbox 174 2918 1726 2992; baseline 0.005 -24"><span class='ocrx_word' id='word_1_213' title='bbox 174 2918 380 2974; x_wconf 83' lang='grc' dir='ltr'>πλουσία</span> <span class='ocrx_word' id='word_1_214' title='bbox 425 2918 506 2988; x_wconf 81' lang='grc' dir='ltr'>τῷ</span> <span class='ocrx_word' id='word_1_215' title='bbox 547 2918 646 2988; x_wconf 85' lang='grc' dir='ltr'>βίῳ</span> <span class='ocrx_word' id='word_1_216' title='bbox 690 2919 768 2979; x_wconf 72' lang='grc' dir='ltr'>θ’,</span> <span class='ocrx_word' id='word_1_217' title='bbox 820 2919 1059 2990; x_wconf 84' lang='grc' dir='ltr'>φοράδην</span> <span class='ocrx_word' id='word_1_218' title='bbox 1105 2922 1405 2992; x_wconf 81' lang='grc' dir='ltr'>ἐκομίσθη,</span> <span class='ocrx_word' id='word_1_219' title='bbox 1439 2922 1726 2976; x_wconf 88' lang='grc' dir='ltr'>πολυετίαν</span> 
     </span>
    </p>
   </div>
   <div class='ocr_carea' id='block_1_30' title="bbox 173 3009 1728 3087">
    <p class='ocr_par' dir='ltr' id='par_1_30' title="bbox 173 3009 1728 3087">
     <span class='ocr_line' id='line_1_30' title="bbox 173 3009 1728 3087; baseline 0.006 -27"><span class='ocrx_word' id='word_1_220' title='bbox 173 3009 352 3078; x_wconf 83' lang='grc' dir='ltr'>ἔχουσα</span> <span class='ocrx_word' id='word_1_221' title='bbox 383 3011 439 3061; x_wconf 83' lang='grc' dir='ltr'>ὲν</span> <span class='ocrx_word' id='word_1_222' title='bbox 488 3010 820 3080; x_wconf 84' lang='grc' dir='ltr'>παραλύσει.</span> <span class='ocrx_word' id='word_1_223' title='bbox 870 3013 966 3064; x_wconf 76' lang='grc' dir='ltr'>καὶ</span> <span class='ocrx_word' id='word_1_224' title='bbox 1022 3013 1196 3084; x_wconf 83' lang='grc' dir='ltr'>τούτῳ</span> <span class='ocrx_word' id='word_1_225' title='bbox 1237 3015 1604 3085; x_wconf 83' lang='grc' dir='ltr'>προσαχθεῖσα</span> <span class='ocrx_word' id='word_1_226' title='bbox 1637 3018 1728 3087; x_wconf 72' lang='grc' dir='ltr'>ερ-</span> 
     </span>
    </p>
   </div>
   <div class='ocr_carea' id='block_1_31' title="bbox 1818 526 3388 596">
    <p class='ocr_par' dir='ltr' id='par_1_31' title="bbox 1818 526 3388 596">
     <span class='ocr_line' id='line_1_31' title="bbox 1818 526 3388 596; baseline 0.003 -18"><span class='ocrx_word' id='word_1_227' title='bbox 1818 541 1977 581; x_wconf 90' lang='lat' dir='ltr'><strong>verso</strong></span> <span class='ocrx_word' id='word_1_228' title='bbox 2009 527 2182 582; x_wconf 84' lang='lat' dir='ltr'><strong>stetit.</strong></span> <span class='ocrx_word' id='word_1_229' title='bbox 2217 526 2386 595; x_wconf 88' lang='lat' dir='ltr'><strong>Cujus</strong></span> <span class='ocrx_word' id='word_1_230' title='bbox 2424 537 2641 580; x_wconf 86' lang='lat' dir='ltr'><strong>uterum</strong></span> <span class='ocrx_word' id='word_1_231' title='bbox 2677 543 2845 596; x_wconf 90' lang='lat' dir='ltr'><strong>quum</strong></span> <span class='ocrx_word' id='word_1_232' title='bbox 2873 528 3015 582; x_wconf 86' lang='lat' dir='ltr'><strong>lacte</strong></span> <span class='ocrx_word' id='word_1_233' title='bbox 3048 527 3214 582; x_wconf 81' lang='lat' dir='ltr'><strong>ﬂuere</strong></span> <span class='ocrx_word' id='word_1_234' title='bbox 3236 528 3388 583; x_wconf 61' lang='lat' dir='ltr'><strong>video</strong></span> 
     </span>
    </p>
   </div>
   <div class='ocr_carea' id='block_1_32' title="bbox 1801 617 3383 686">
    <p class='ocr_par' dir='ltr' id='par_1_32' title="bbox 1801 617 3383 686">
     <span class='ocr_line' id='line_1_32' title="bbox 1801 617 3383 686; baseline 0.005 -20"><span class='ocrx_word' id='word_1_235' title='bbox 1801 631 1952 681; x_wconf 76' lang='lat' dir='ltr'><strong>rem,</strong></span> <span class='ocrx_word' id='word_1_236' title='bbox 1986 617 2217 681; x_wconf 86' lang='lat' dir='ltr'><strong>accessi,</strong></span> <span class='ocrx_word' id='word_1_237' title='bbox 2244 628 2298 672; x_wconf 90' lang='lat' dir='ltr'><strong>et</strong></span> <span class='ocrx_word' id='word_1_238' title='bbox 2322 633 2495 686; x_wconf 89' lang='lat' dir='ltr'><strong>usque</strong></span> <span class='ocrx_word' id='word_1_239' title='bbox 2525 618 2592 672; x_wconf 89' lang='lat' dir='ltr'><strong>ad</strong></span> <span class='ocrx_word' id='word_1_240' title='bbox 2624 619 2930 674; x_wconf 73' lang='lat' dir='ltr'><strong>satietatem</strong></span> <span class='ocrx_word' id='word_1_241' title='bbox 2965 621 3205 673; x_wconf 88' lang='lat' dir='ltr'><strong>nutritus</strong></span> <span class='ocrx_word' id='word_1_242' title='bbox 3240 636 3383 674; x_wconf 91' lang='lat' dir='ltr'><strong>sum.</strong></span> 
     </span>
    </p>
   </div>
   <div class='ocr_carea' id='block_1_33' title="bbox 1805 708 3387 779">
    <p class='ocr_par' dir='ltr' id='par_1_33' title="bbox 1805 708 3387 779">
     <span class='ocr_line' id='line_1_33' title="bbox 1805 708 3387 779; baseline 0.002 -17"><span class='ocrx_word' id='word_1_243' title='bbox 1805 708 1896 774; x_wconf 47' lang='lat' dir='ltr'><strong>,Ac</strong></span> <span class='ocrx_word' id='word_1_244' title='bbox 1925 708 2109 763; x_wconf 90' lang='lat' dir='ltr'><strong>divino</strong></span> <span class='ocrx_word' id='word_1_245' title='bbox 2153 709 2332 777; x_wconf 84' lang='lat' dir='ltr'><strong>jussui</strong></span> <span class='ocrx_word' id='word_1_246' title='bbox 2384 723 2583 777; x_wconf 86' lang='lat' dir='ltr'><strong>parens</strong></span> <span class='ocrx_word' id='word_1_247' title='bbox 2625 725 2710 764; x_wconf 90' lang='lat' dir='ltr'><strong>me</strong></span> <span class='ocrx_word' id='word_1_248' title='bbox 2755 717 2942 764; x_wconf 86' lang='lat' dir='ltr'><strong>secuta</strong></span> <span class='ocrx_word' id='word_1_249' title='bbox 2979 717 3266 779; x_wconf 86' lang='lat' dir='ltr'><strong>estusque</strong></span> <span class='ocrx_word' id='word_1_250' title='bbox 3317 711 3387 765; x_wconf 87' lang='lat' dir='ltr'><strong>ad</strong></span> 
     </span>
    </p>
   </div>
   <div class='ocr_carea' id='block_1_34' title="bbox 1817 800 3385 872">
    <p class='ocr_par' dir='ltr' id='par_1_34' title="bbox 1817 800 3385 872">
     <span class='ocr_line' id='line_1_34' title="bbox 1817 800 3385 872; baseline 0.001 -18"><span class='ocrx_word' id='word_1_251' title='bbox 1817 800 2031 864; x_wconf 80' lang='lat' dir='ltr'><strong>cellam,</strong></span> <span class='ocrx_word' id='word_1_252' title='bbox 2063 811 2115 855; x_wconf 89' lang='lat' dir='ltr'><strong>et</strong></span> <span class='ocrx_word' id='word_1_253' title='bbox 2144 816 2230 856; x_wconf 88' lang='lat' dir='ltr'><strong>me</strong></span> <span class='ocrx_word' id='word_1_254' title='bbox 2259 803 2478 871; x_wconf 88' lang='lat' dir='ltr'><strong>quidem</strong></span> <span class='ocrx_word' id='word_1_255' title='bbox 2500 803 2752 866; x_wconf 88' lang='lat' dir='ltr'><strong>nutrivit,</strong></span> <span class='ocrx_word' id='word_1_256' title='bbox 2788 818 2963 872; x_wconf 89' lang='lat' dir='ltr'><strong>neque</strong></span> <span class='ocrx_word' id='word_1_257' title='bbox 2993 817 3121 857; x_wconf 90' lang='lat' dir='ltr'><strong>vero</strong></span> <span class='ocrx_word' id='word_1_258' title='bbox 3153 802 3385 856; x_wconf 86' lang='lat' dir='ltr'><strong>vituiurn</strong></span> 
     </span>
    </p>
   </div>
   <div class='ocr_carea' id='block_1_35' title="bbox 1800 896 2246 951">
    <p class='ocr_par' dir='ltr' id='par_1_35' title="bbox 1800 896 2246 951">
     <span class='ocr_line' id='line_1_35' title="bbox 1800 896 2246 951; baseline -0.002 0"><span class='ocrx_word' id='word_1_259' title='bbox 1800 911 1981 951; x_wconf 85' lang='lat' dir='ltr'><strong>.suum</strong></span> <span class='ocrx_word' id='word_1_260' title='bbox 2005 896 2246 951; x_wconf 84' lang='lat' dir='ltr'><strong>admisit.</strong></span> 
     </span>
    </p>
   </div>
   <div class='ocr_carea' id='block_1_36' title="bbox 1887 986 3384 1058">
    <p class='ocr_par' dir='ltr' id='par_1_36' title="bbox 1887 986 3384 1058">
     <span class='ocr_line' id='line_1_36' title="bbox 1887 986 3384 1058; baseline 0.001 -19"><span class='ocrx_word' id='word_1_261' title='bbox 1887 986 2100 1041; x_wconf 83' lang='lat' dir='ltr'><strong>Rursus</strong></span> <span class='ocrx_word' id='word_1_262' title='bbox 2146 987 2283 1042; x_wconf 89' lang='lat' dir='ltr'><strong>alias</strong></span> <span class='ocrx_word' id='word_1_263' title='bbox 2326 987 2416 1042; x_wconf 89' lang='lat' dir='ltr'><strong>hic</strong></span> <span class='ocrx_word' id='word_1_264' title='bbox 2467 988 2668 1042; x_wconf 88' lang='lat' dir='ltr'><strong>virtute</strong></span> <span class='ocrx_word' id='word_1_265' title='bbox 2719 988 2998 1058; x_wconf 89' lang='lat' dir='ltr'><strong>praeditus</strong></span> <span class='ocrx_word' id='word_1_266' title='bbox 3065 990 3171 1050; x_wconf 90' lang='lat' dir='ltr'><strong>vir,</strong></span> <span class='ocrx_word' id='word_1_267' title='bbox 3217 1003 3384 1058; x_wconf 86' lang='lat' dir='ltr'><strong>quum</strong></span> 
     </span>
    </p>
   </div>
   <div class='ocr_carea' id='block_1_37' title="bbox 1818 1079 3388 1148">
    <p class='ocr_par' dir='ltr' id='par_1_37' title="bbox 1818 1079 3388 1148">
     <span class='ocr_line' id='line_1_37' title="bbox 1818 1079 3388 1148; baseline 0 -18"><span class='ocrx_word' id='word_1_268' title='bbox 1818 1095 1988 1148; x_wconf 85' lang='lat' dir='ltr'><strong>prope</strong></span> <span class='ocrx_word' id='word_1_269' title='bbox 2019 1079 2147 1134; x_wconf 76' lang='lat' dir='ltr'><strong>folia</strong></span> <span class='ocrx_word' id='word_1_270' title='bbox 2175 1089 2228 1132; x_wconf 90' lang='lat' dir='ltr'><strong>et</strong></span> <span class='ocrx_word' id='word_1_271' title='bbox 2264 1088 2538 1133; x_wconf 84' lang='lat' dir='ltr'><strong>sarmenta</strong></span> <span class='ocrx_word' id='word_1_272' title='bbox 2573 1087 2792 1148; x_wconf 90' lang='lat' dir='ltr'><strong>puteum</strong></span> <span class='ocrx_word' id='word_1_273' title='bbox 2825 1081 3036 1133; x_wconf 77' lang='lat' dir='ltr'><strong>foderet</strong></span> <span class='ocrx_word' id='word_1_274' title='bbox 3078 1080 3130 1132; x_wconf 91' lang='lat' dir='ltr'><strong>in</strong></span> <span class='ocrx_word' id='word_1_275' title='bbox 3177 1094 3388 1132; x_wconf 87' lang='lat' dir='ltr'><strong>recrea-</strong></span> 
     </span>
    </p>
   </div>
   <div class='ocr_carea' id='block_1_38' title="bbox 1819 1169 3388 1240">
    <p class='ocr_par' dir='ltr' id='par_1_38' title="bbox 1819 1169 3388 1240">
     <span class='ocr_line' id='line_1_38' title="bbox 1819 1169 3388 1240; baseline 0 -18"><span class='ocrx_word' id='word_1_276' title='bbox 1819 1171 2020 1224; x_wconf 89' lang='lat' dir='ltr'><strong>tiouem</strong></span> <span class='ocrx_word' id='word_1_277' title='bbox 2069 1172 2489 1230; x_wconf 88' lang='lat' dir='ltr'><strong>monachorum,</strong></span> <span class='ocrx_word' id='word_1_278' title='bbox 2521 1171 2590 1225; x_wconf 89' lang='lat' dir='ltr'><strong>ab</strong></span> <span class='ocrx_word' id='word_1_279' title='bbox 2620 1172 2809 1240; x_wconf 83' lang='lat' dir='ltr'><strong>aspide</strong></span> <span class='ocrx_word' id='word_1_280' title='bbox 2849 1186 3062 1226; x_wconf 85' lang='lat' dir='ltr'><strong>morsus</strong></span> <span class='ocrx_word' id='word_1_281' title='bbox 3097 1181 3199 1225; x_wconf 88' lang='lat' dir='ltr'><strong>est.</strong></span> <span class='ocrx_word' id='word_1_282' title='bbox 3230 1169 3388 1236; x_wconf 85' lang='lat' dir='ltr'><strong>Quod</strong></span> 
     </span>
    </p>
   </div>
   <div class='ocr_carea' id='block_1_39' title="bbox 1819 1262 3392 1332">
    <p class='ocr_par' dir='ltr' id='par_1_39' title="bbox 1819 1262 3392 1332">
     <span class='ocr_line' id='line_1_39' title="bbox 1819 1262 3392 1332; baseline 0.001 -19"><span class='ocrx_word' id='word_1_283' title='bbox 1819 1262 2019 1314; x_wconf 83' lang='lat' dir='ltr'><strong>animal</strong></span> <span class='ocrx_word' id='word_1_284' title='bbox 2049 1262 2209 1317; x_wconf 81' lang='lat' dir='ltr'><strong>letale</strong></span> <span class='ocrx_word' id='word_1_285' title='bbox 2254 1277 2519 1316; x_wconf 89' lang='lat' dir='ltr'><strong>venenum</strong></span> <span class='ocrx_word' id='word_1_286' title='bbox 2569 1262 2753 1315; x_wconf 86' lang='lat' dir='ltr'><strong>habet.</strong></span> <span class='ocrx_word' id='word_1_287' title='bbox 2786 1262 3194 1331; x_wconf 88' lang='lat' dir='ltr'><strong>Apprehensam</strong></span> <span class='ocrx_word' id='word_1_288' title='bbox 3226 1265 3392 1332; x_wconf 78' lang='lat' dir='ltr'><strong>igitur</strong></span> 
     </span>
    </p>
   </div>
   <div class='ocr_carea' id='block_1_40' title="bbox 1820 1353 3388 1422">
    <p class='ocr_par' dir='ltr' id='par_1_40' title="bbox 1820 1353 3388 1422">
     <span class='ocr_line' id='line_1_40' title="bbox 1820 1353 3388 1422; baseline 0.001 -16"><span class='ocrx_word' id='word_1_289' title='bbox 1820 1367 1849 1406; x_wconf 93' lang='lat' dir='ltr'><strong>a</strong></span> <span class='ocrx_word' id='word_1_290' title='bbox 1880 1353 2128 1408; x_wconf 80' lang='lat' dir='ltr'><strong>faucibus</strong></span> <span class='ocrx_word' id='word_1_291' title='bbox 2183 1354 2424 1422; x_wconf 88' lang='lat' dir='ltr'><strong>aspidem</strong></span> <span class='ocrx_word' id='word_1_292' title='bbox 2457 1361 2679 1408; x_wconf 79' lang='lat' dir='ltr'><strong>Sanctus</strong></span> <span class='ocrx_word' id='word_1_293' title='bbox 2695 1354 2958 1408; x_wconf 89' lang='lat' dir='ltr'><strong>ambabus</strong></span> <span class='ocrx_word' id='word_1_294' title='bbox 2994 1356 3248 1408; x_wconf 87' lang='lat' dir='ltr'><strong>manibus</strong></span> <span class='ocrx_word' id='word_1_295' title='bbox 3277 1355 3388 1408; x_wconf 48' lang='lat' dir='ltr'><strong>dis.</strong></span> 
     </span>
    </p>
   </div>
   <div class='ocr_carea' id='block_1_41' title="bbox 1822 1446 3390 1515">
    <p class='ocr_par' dir='ltr' id='par_1_41' title="bbox 1822 1446 3390 1515">
     <span class='ocr_line' id='line_1_41' title="bbox 1822 1446 3390 1515; baseline -0.001 -14"><span class='ocrx_word' id='word_1_296' title='bbox 1822 1447 2050 1515; x_wconf 88' lang='lat' dir='ltr'><strong>cerpsit,</strong></span> <span class='ocrx_word' id='word_1_297' title='bbox 2111 1454 2165 1499; x_wconf 90' lang='lat' dir='ltr'><strong>et</strong></span> <span class='ocrx_word' id='word_1_298' title='bbox 2191 1465 2204 1500; x_wconf 89' lang='lat'>:</span> <span class='ocrx_word' id='word_1_299' title='bbox 2230 1446 2435 1512; x_wconf 75' lang='lat' dir='ltr'><strong>Quum,</strong></span> <span class='ocrx_word' id='word_1_300' title='bbox 2470 1447 2666 1514; x_wconf 81' lang='lat' dir='ltr'><strong>inquit,</strong></span> <span class='ocrx_word' id='word_1_301' title='bbox 2713 1453 2764 1500; x_wconf 90' lang='lat' dir='ltr'><strong>te</strong></span> <span class='ocrx_word' id='word_1_302' title='bbox 2816 1461 2922 1498; x_wconf 91' lang='lat' dir='ltr'><strong>nou</strong></span> <span class='ocrx_word' id='word_1_303' title='bbox 2960 1447 3170 1499; x_wconf 80' lang='lat' dir='ltr'><strong>miserit</strong></span> <span class='ocrx_word' id='word_1_304' title='bbox 3205 1446 3390 1499; x_wconf 82' lang='lat' dir='ltr'><strong>Domi-</strong></span> 
     </span>
    </p>
   </div>
   <div class='ocr_carea' id='block_1_42' title="bbox 1819 1539 3252 1608">
    <p class='ocr_par' dir='ltr' id='par_1_42' title="bbox 1819 1539 3252 1608">
     <span class='ocr_line' id='line_1_42' title="bbox 1819 1539 3252 1608; baseline 0 -16"><span class='ocrx_word' id='word_1_305' title='bbox 1819 1553 1926 1592; x_wconf 89' lang='lat' dir='ltr'><strong>nus</strong></span> <span class='ocrx_word' id='word_1_306' title='bbox 1959 1553 2131 1602; x_wconf 91' lang='lat' dir='ltr'><strong>meus,</strong></span> <span class='ocrx_word' id='word_1_307' title='bbox 2161 1541 2434 1608; x_wconf 89' lang='lat' dir='ltr'><strong>quomodo</strong></span> <span class='ocrx_word' id='word_1_308' title='bbox 2469 1555 2602 1595; x_wconf 89' lang='lat' dir='ltr'><strong>ausa</strong></span> <span class='ocrx_word' id='word_1_309' title='bbox 2635 1555 2693 1594; x_wconf 90' lang='lat' dir='ltr'><strong>es</strong></span> <span class='ocrx_word' id='word_1_310' title='bbox 2735 1539 2804 1592; x_wconf 92' lang='lat' dir='ltr'><strong>ad</strong></span> <span class='ocrx_word' id='word_1_311' title='bbox 2837 1555 2922 1594; x_wconf 90' lang='lat' dir='ltr'><strong>me</strong></span> <span class='ocrx_word' id='word_1_312' title='bbox 2955 1540 3252 1594; x_wconf 85' lang='lat' dir='ltr'><strong>accedere?</strong></span> 
     </span>
    </p>
   </div>
   <div class='ocr_carea' id='block_1_43' title="bbox 1893 1631 3395 1702">
    <p class='ocr_par' dir='ltr' id='par_1_43' title="bbox 1893 1631 3395 1702">
     <span class='ocr_line' id='line_1_43' title="bbox 1893 1631 3395 1702; baseline 0.003 -19"><span class='ocrx_word' id='word_1_313' title='bbox 1893 1631 1990 1684; x_wconf 83' lang='lat' dir='ltr'><strong>Hic</strong></span> <span class='ocrx_word' id='word_1_314' title='bbox 2020 1631 2294 1686; x_wconf 88' lang='lat' dir='ltr'><strong>Macarius</strong></span> <span class='ocrx_word' id='word_1_315' title='bbox 2317 1648 2543 1702; x_wconf 82' lang='lat' dir='ltr'><strong>magnus</strong></span> <span class='ocrx_word' id='word_1_316' title='bbox 2562 1633 2808 1687; x_wconf 87' lang='lat' dir='ltr'><strong>diversas</strong></span> <span class='ocrx_word' id='word_1_317' title='bbox 2836 1633 3002 1686; x_wconf 89' lang='lat' dir='ltr'><strong>cellas</strong></span> <span class='ocrx_word' id='word_1_318' title='bbox 3023 1633 3075 1686; x_wconf 91' lang='lat' dir='ltr'><strong>in</strong></span> <span class='ocrx_word' id='word_1_319' title='bbox 3103 1633 3395 1687; x_wconf 86' lang='lat' dir='ltr'><strong>solitudine</strong></span> 
     </span>
    </p>
   </div>
   <div class='ocr_carea' id='block_1_44' title="bbox 1820 1723 3393 1793">
    <p class='ocr_par' dir='ltr' id='par_1_44' title="bbox 1820 1723 3393 1793">
     <span class='ocr_line' id='line_1_44' title="bbox 1820 1723 3393 1793; baseline 0.001 -17"><span class='ocrx_word' id='word_1_320' title='bbox 1820 1723 2030 1785; x_wconf 86' lang='lat' dir='ltr'><strong>habuit,</strong></span> <span class='ocrx_word' id='word_1_321' title='bbox 2068 1724 2344 1793; x_wconf 88' lang='lat' dir='ltr'><strong>inquibus</strong></span> <span class='ocrx_word' id='word_1_322' title='bbox 2367 1726 2666 1779; x_wconf 85' lang='lat' dir='ltr'><strong>certamina</strong></span> <span class='ocrx_word' id='word_1_323' title='bbox 2703 1725 2924 1778; x_wconf 88' lang='lat' dir='ltr'><strong>virtutis</strong></span> <span class='ocrx_word' id='word_1_324' title='bbox 2953 1729 3192 1793; x_wconf 79' lang='lat' dir='ltr'><strong>peregit:</strong></span> <span class='ocrx_word' id='word_1_325' title='bbox 3230 1741 3393 1778; x_wconf 84' lang='lat' dir='ltr'><strong>uuam</strong></span> 
     </span>
    </p>
   </div>
   <div class='ocr_carea' id='block_1_45' title="bbox 1819 1813 3394 1882">
    <p class='ocr_par' dir='ltr' id='par_1_45' title="bbox 1819 1813 3394 1882">
     <span class='ocr_line' id='line_1_45' title="bbox 1819 1813 3394 1882; baseline 0.002 -18"><span class='ocrx_word' id='word_1_326' title='bbox 1819 1813 2035 1882; x_wconf 86' lang='lat' dir='ltr'><strong>quidem</strong></span> <span class='ocrx_word' id='word_1_327' title='bbox 2072 1814 2128 1867; x_wconf 91' lang='lat' dir='ltr'><strong>in</strong></span> <span class='ocrx_word' id='word_1_328' title='bbox 2165 1814 2341 1878; x_wconf 88' lang='lat' dir='ltr'><strong>Scete,</strong></span> <span class='ocrx_word' id='word_1_329' title='bbox 2377 1829 2516 1882; x_wconf 90' lang='lat' dir='ltr'><strong>quae</strong></span> <span class='ocrx_word' id='word_1_330' title='bbox 2549 1813 2697 1882; x_wconf 84' lang='lat' dir='ltr'><strong>regio</strong></span> <span class='ocrx_word' id='word_1_331' title='bbox 2723 1822 2807 1868; x_wconf 88' lang='lat' dir='ltr'><strong>est</strong></span> <span class='ocrx_word' id='word_1_332' title='bbox 2844 1814 2896 1867; x_wconf 94' lang='lat' dir='ltr'><strong>in</strong></span> <span class='ocrx_word' id='word_1_333' title='bbox 2931 1813 3188 1868; x_wconf 89' lang='lat' dir='ltr'><strong>interiore</strong></span> <span class='ocrx_word' id='word_1_334' title='bbox 3241 1824 3394 1868; x_wconf 85' lang='lat' dir='ltr'><strong>vasta</strong></span> 
     </span>
    </p>
   </div>
   <div class='ocr_carea' id='block_1_46' title="bbox 1818 1904 3392 1974">
    <p class='ocr_par' dir='ltr' id='par_1_46' title="bbox 1818 1904 3392 1974">
     <span class='ocr_line' id='line_1_46' title="bbox 1818 1904 3392 1974; baseline 0 -14"><span class='ocrx_word' id='word_1_335' title='bbox 1818 1905 2135 1970; x_wconf 84' lang='lat' dir='ltr'><strong>solitudine,</strong></span> <span class='ocrx_word' id='word_1_336' title='bbox 2160 1921 2324 1959; x_wconf 91' lang='lat' dir='ltr'><strong>unam</strong></span> <span class='ocrx_word' id='word_1_337' title='bbox 2351 1906 2406 1959; x_wconf 93' lang='lat' dir='ltr'><strong>in</strong></span> <span class='ocrx_word' id='word_1_338' title='bbox 2431 1905 2602 1972; x_wconf 88' lang='lat' dir='ltr'><strong>Libya</strong></span> <span class='ocrx_word' id='word_1_339' title='bbox 2630 1906 2684 1958; x_wconf 92' lang='lat' dir='ltr'><strong>in</strong></span> <span class='ocrx_word' id='word_1_340' title='bbox 2717 1904 2921 1969; x_wconf 88' lang='lat' dir='ltr'><strong>Celliis,</strong></span> <span class='ocrx_word' id='word_1_341' title='bbox 2942 1921 3081 1974; x_wconf 90' lang='lat' dir='ltr'><strong>quae</strong></span> <span class='ocrx_word' id='word_1_342' title='bbox 3111 1905 3392 1971; x_wconf 91' lang='lat' dir='ltr'><strong>dicuntur,</strong></span> 
     </span>
    </p>
   </div>
   <div class='ocr_carea' id='block_1_47' title="bbox 1817 1997 3393 2068">
    <p class='ocr_par' dir='ltr' id='par_1_47' title="bbox 1817 1997 3393 2068">
     <span class='ocr_line' id='line_1_47' title="bbox 1817 1997 3393 2068; baseline -0.001 -16"><span class='ocrx_word' id='word_1_343' title='bbox 1817 2007 1873 2052; x_wconf 90' lang='lat' dir='ltr'><strong>et</strong></span> <span class='ocrx_word' id='word_1_344' title='bbox 1897 1999 2059 2053; x_wconf 90' lang='lat' dir='ltr'><strong>aliam</strong></span> <span class='ocrx_word' id='word_1_345' title='bbox 2098 1998 2152 2052; x_wconf 92' lang='lat' dir='ltr'><strong>in</strong></span> <span class='ocrx_word' id='word_1_346' title='bbox 2187 2006 2371 2053; x_wconf 89' lang='lat' dir='ltr'><strong>monte</strong></span> <span class='ocrx_word' id='word_1_347' title='bbox 2398 1999 2624 2053; x_wconf 73' lang='lat' dir='ltr'><strong>Nitriae.</strong></span> <span class='ocrx_word' id='word_1_348' title='bbox 2658 1997 2738 2050; x_wconf 80' lang='lat' dir='ltr'><strong>Ex</strong></span> <span class='ocrx_word' id='word_1_349' title='bbox 2759 1999 2960 2068; x_wconf 89' lang='lat' dir='ltr'><strong>quibus</strong></span> <span class='ocrx_word' id='word_1_350' title='bbox 3008 1999 3146 2053; x_wconf 90' lang='lat' dir='ltr'><strong>aliae</strong></span> <span class='ocrx_word' id='word_1_351' title='bbox 3175 1999 3393 2068; x_wconf 88' lang='lat' dir='ltr'><strong>quidem</strong></span> 
     </span>
    </p>
   </div>
   <div class='ocr_carea' id='block_1_48' title="bbox 1789 2088 3394 2159">
    <p class='ocr_par' dir='ltr' id='par_1_48' title="bbox 1789 2088 3394 2159">
     <span class='ocr_line' id='line_1_48' title="bbox 1789 2088 3394 2159; baseline 0 -15"><span class='ocrx_word' id='word_1_352' title='bbox 1789 2129 1791 2132; x_wconf 89' lang='grc'><strong>-</strong></span> <span class='ocrx_word' id='word_1_353' title='bbox 1817 2090 1961 2144; x_wconf 91' lang='lat' dir='ltr'><strong>ostio</strong></span> <span class='ocrx_word' id='word_1_354' title='bbox 1987 2090 2268 2151; x_wconf 88' lang='lat' dir='ltr'><strong>carebant,</strong></span> <span class='ocrx_word' id='word_1_355' title='bbox 2301 2090 2354 2142; x_wconf 92' lang='lat' dir='ltr'><strong>in</strong></span> <span class='ocrx_word' id='word_1_356' title='bbox 2389 2089 2591 2159; x_wconf 91' lang='lat' dir='ltr'><strong>quibus</strong></span> <span class='ocrx_word' id='word_1_357' title='bbox 2637 2088 2908 2145; x_wconf 80' lang='lat' dir='ltr'><strong>Macarius</strong></span> <span class='ocrx_word' id='word_1_358' title='bbox 2939 2090 3224 2145; x_wconf 75' lang='lat' dir='ltr'><strong>dicebatur</strong></span> <span class='ocrx_word' id='word_1_359' title='bbox 3253 2099 3394 2144; x_wconf 86' lang='lat' dir='ltr'><strong>tetu-</strong></span> 
     </span>
    </p>
   </div>
   <div class='ocr_carea' id='block_1_49' title="bbox 1819 2180 3396 2250">
    <p class='ocr_par' dir='ltr' id='par_1_49' title="bbox 1819 2180 3396 2250">
     <span class='ocr_line' id='line_1_49' title="bbox 1819 2180 3396 2250; baseline 0.002 -17"><span class='ocrx_word' id='word_1_360' title='bbox 1819 2195 1950 2249; x_wconf 86' lang='lat' dir='ltr'><strong>pore</strong></span> <span class='ocrx_word' id='word_1_361' title='bbox 1977 2180 2427 2250; x_wconf 81' lang='lat' dir='ltr'><strong>quadragesimae</strong></span> <span class='ocrx_word' id='word_1_362' title='bbox 2461 2181 2652 2236; x_wconf 88' lang='lat' dir='ltr'><strong>sedere</strong></span> <span class='ocrx_word' id='word_1_363' title='bbox 2691 2181 2743 2234; x_wconf 90' lang='lat' dir='ltr'><strong>iu</strong></span> <span class='ocrx_word' id='word_1_364' title='bbox 2776 2181 3043 2236; x_wconf 90' lang='lat' dir='ltr'><strong>tenebris.</strong></span> <span class='ocrx_word' id='word_1_365' title='bbox 3077 2181 3264 2235; x_wconf 85' lang='lat' dir='ltr'><strong>Altera</strong></span> <span class='ocrx_word' id='word_1_366' title='bbox 3295 2197 3396 2236; x_wconf 88' lang='lat' dir='ltr'><strong>au-</strong></span> 
     </span>
    </p>
   </div>
   <div class='ocr_carea' id='block_1_50' title="bbox 1820 2273 3396 2344">
    <p class='ocr_par' dir='ltr' id='par_1_50' title="bbox 1820 2273 3396 2344">
     <span class='ocr_line' id='line_1_50' title="bbox 1820 2273 3396 2344; baseline 0.001 -18"><span class='ocrx_word' id='word_1_367' title='bbox 1820 2282 1929 2328; x_wconf 88' lang='lat' dir='ltr'><strong>tem</strong></span> <span class='ocrx_word' id='word_1_368' title='bbox 1957 2273 2092 2328; x_wconf 88' lang='lat' dir='ltr'><strong>cella</strong></span> <span class='ocrx_word' id='word_1_369' title='bbox 2142 2275 2315 2327; x_wconf 87' lang='lat' dir='ltr'><strong>multo</strong></span> <span class='ocrx_word' id='word_1_370' title='bbox 2351 2275 2637 2344; x_wconf 81' lang='lat' dir='ltr'><strong>angustior</strong></span> <span class='ocrx_word' id='word_1_371' title='bbox 2671 2281 2790 2328; x_wconf 86' lang='lat' dir='ltr'><strong>erat</strong></span> <span class='ocrx_word' id='word_1_372' title='bbox 2818 2276 3038 2338; x_wconf 89' lang='lat' dir='ltr'><strong>ceteris,</strong></span> <span class='ocrx_word' id='word_1_373' title='bbox 3073 2275 3128 2328; x_wconf 89' lang='lat' dir='ltr'><strong>in</strong></span> <span class='ocrx_word' id='word_1_374' title='bbox 3155 2290 3261 2344; x_wconf 89' lang='lat' dir='ltr'><strong>qua</strong></span> <span class='ocrx_word' id='word_1_375' title='bbox 3292 2289 3396 2328; x_wconf 90' lang='lat' dir='ltr'><strong>nec</strong></span> 
     </span>
    </p>
   </div>
   <div class='ocr_carea' id='block_1_51' title="bbox 1821 2369 3396 2440">
    <p class='ocr_par' dir='ltr' id='par_1_51' title="bbox 1821 2369 3396 2440">
     <span class='ocr_line' id='line_1_51' title="bbox 1821 2369 3396 2440; baseline -0.002 -16"><span class='ocrx_word' id='word_1_376' title='bbox 1821 2369 2012 2439; x_wconf 86' lang='lat' dir='ltr'><strong>pedem</strong></span> <span class='ocrx_word' id='word_1_377' title='bbox 2037 2370 2331 2425; x_wconf 82' lang='lat' dir='ltr'><strong>extendere</strong></span> <span class='ocrx_word' id='word_1_378' title='bbox 2371 2378 2604 2440; x_wconf 87' lang='lat' dir='ltr'><strong>poterat.</strong></span> <span class='ocrx_word' id='word_1_379' title='bbox 2631 2369 2815 2424; x_wconf 90' lang='lat' dir='ltr'><strong>Tertia</strong></span> <span class='ocrx_word' id='word_1_380' title='bbox 2842 2385 2971 2425; x_wconf 88' lang='lat' dir='ltr'><strong>vero</strong></span> <span class='ocrx_word' id='word_1_381' title='bbox 2991 2371 3235 2439; x_wconf 77' lang='lat' dir='ltr'><strong>amplior</strong></span> <span class='ocrx_word' id='word_1_382' title='bbox 3255 2376 3396 2431; x_wconf 85' lang='lat' dir='ltr'><strong>erat,</strong></span> 
     </span>
    </p>
   </div>
   <div class='ocr_carea' id='block_1_52' title="bbox 1822 2461 3392 2532">
    <p class='ocr_par' dir='ltr' id='par_1_52' title="bbox 1822 2461 3392 2532">
     <span class='ocr_line' id='line_1_52' title="bbox 1822 2461 3392 2532; baseline 0 -16"><span class='ocrx_word' id='word_1_383' title='bbox 1822 2463 1878 2516; x_wconf 89' lang='lat' dir='ltr'><strong>in</strong></span> <span class='ocrx_word' id='word_1_384' title='bbox 1905 2477 2012 2531; x_wconf 89' lang='lat' dir='ltr'><strong>qua</strong></span> <span class='ocrx_word' id='word_1_385' title='bbox 2031 2462 2194 2516; x_wconf 89' lang='lat' dir='ltr'><strong>etiam</strong></span> <span class='ocrx_word' id='word_1_386' title='bbox 2225 2478 2320 2518; x_wconf 92' lang='lat' dir='ltr'><strong>eos</strong></span> <span class='ocrx_word' id='word_1_387' title='bbox 2359 2463 2738 2524; x_wconf 82' lang='lat' dir='ltr'><strong>conveniebat,</strong></span> <span class='ocrx_word' id='word_1_388' title='bbox 2775 2463 2866 2532; x_wconf 91' lang='lat' dir='ltr'><strong>qui</strong></span> <span class='ocrx_word' id='word_1_389' title='bbox 2896 2461 2964 2516; x_wconf 83' lang='lat' dir='ltr'><strong>ad</strong></span> <span class='ocrx_word' id='word_1_390' title='bbox 2999 2463 3185 2531; x_wconf 90' lang='lat' dir='ltr'><strong>ipsum</strong></span> <span class='ocrx_word' id='word_1_391' title='bbox 3212 2463 3392 2517; x_wconf 85' lang='lat' dir='ltr'><strong>venti—</strong></span> 
     </span>
    </p>
   </div>
   <div class='ocr_carea' id='block_1_53' title="bbox 1824 2556 2036 2608">
    <p class='ocr_par' dir='ltr' id='par_1_53' title="bbox 1824 2556 2036 2608">
     <span class='ocr_line' id='line_1_53' title="bbox 1824 2556 2036 2608; baseline 0 0"><span class='ocrx_word' id='word_1_392' title='bbox 1824 2556 2036 2608; x_wconf 75' lang='lat' dir='ltr'><strong>labant.</strong></span> 
     </span>
    </p>
   </div>
   <div class='ocr_carea' id='block_1_54' title="bbox 1896 2645 3399 2702">
    <p class='ocr_par' dir='ltr' id='par_1_54' title="bbox 1896 2645 3399 2702">
     <span class='ocr_line' id='line_1_54' title="bbox 1896 2645 3399 2702; baseline 0 -4"><span class='ocrx_word' id='word_1_393' title='bbox 1896 2645 1994 2701; x_wconf 84' lang='lat' dir='ltr'><strong>Hic</strong></span> <span class='ocrx_word' id='word_1_394' title='bbox 2041 2647 2126 2700; x_wconf 89' lang='lat' dir='ltr'><strong>vir</strong></span> <span class='ocrx_word' id='word_1_395' title='bbox 2178 2655 2405 2702; x_wconf 91' lang='lat' dir='ltr'><strong>sanctus</strong></span> <span class='ocrx_word' id='word_1_396' title='bbox 2459 2653 2668 2700; x_wconf 88' lang='lat' dir='ltr'><strong>tantam</strong></span> <span class='ocrx_word' id='word_1_397' title='bbox 2715 2645 3120 2700; x_wconf 89' lang='lat' dir='ltr'><strong>multitudinem</strong></span> <span class='ocrx_word' id='word_1_398' title='bbox 3181 2646 3399 2701; x_wconf 84' lang='lat' dir='ltr'><strong>sanavit</strong></span> 
     </span>
    </p>
   </div>
   <div class='ocr_carea' id='block_1_55' title="bbox 1825 2739 3396 2810">
    <p class='ocr_par' dir='ltr' id='par_1_55' title="bbox 1825 2739 3396 2810">
     <span class='ocr_line' id='line_1_55' title="bbox 1825 2739 3396 2810; baseline -0.001 -17"><span class='ocrx_word' id='word_1_399' title='bbox 1825 2755 2037 2803; x_wconf 82' lang='lat' dir='ltr'><strong>eorum,</strong></span> <span class='ocrx_word' id='word_1_400' title='bbox 2073 2741 2164 2810; x_wconf 91' lang='lat' dir='ltr'><strong>qui</strong></span> <span class='ocrx_word' id='word_1_401' title='bbox 2198 2755 2228 2792; x_wconf 92' lang='lat' dir='ltr'><strong>a</strong></span> <span class='ocrx_word' id='word_1_402' title='bbox 2266 2739 2626 2794; x_wconf 89' lang='lat' dir='ltr'><strong>daemonibus</strong></span> <span class='ocrx_word' id='word_1_403' title='bbox 2653 2740 3015 2803; x_wconf 69' lang='lat' dir='ltr'><strong>vexabantur,</strong></span> <span class='ocrx_word' id='word_1_404' title='bbox 3050 2749 3109 2791; x_wconf 92' lang='lat' dir='ltr'><strong>ut</strong></span> <span class='ocrx_word' id='word_1_405' title='bbox 3156 2755 3252 2794; x_wconf 90' lang='lat' dir='ltr'><strong>eos</strong></span> <span class='ocrx_word' id='word_1_406' title='bbox 3293 2757 3396 2792; x_wconf 85' lang='lat' dir='ltr'><strong>uu-</strong></span> 
     </span>
    </p>
   </div>
   <div class='ocr_carea' id='block_1_56' title="bbox 1828 2827 3397 2898">
    <p class='ocr_par' dir='ltr' id='par_1_56' title="bbox 1828 2827 3397 2898">
     <span class='ocr_line' id='line_1_56' title="bbox 1828 2827 3397 2898; baseline -0.001 -15"><span class='ocrx_word' id='word_1_407' title='bbox 1828 2830 2088 2884; x_wconf 89' lang='lat' dir='ltr'><strong>merando</strong></span> <span class='ocrx_word' id='word_1_408' title='bbox 2120 2830 2263 2883; x_wconf 90' lang='lat' dir='ltr'><strong>haud</strong></span> <span class='ocrx_word' id='word_1_409' title='bbox 2306 2829 2465 2884; x_wconf 82' lang='lat' dir='ltr'><strong>facile</strong></span> <span class='ocrx_word' id='word_1_410' title='bbox 2496 2844 2868 2898; x_wconf 88' lang='lat' dir='ltr'><strong>percenseres.</strong></span> <span class='ocrx_word' id='word_1_411' title='bbox 2904 2827 3078 2891; x_wconf 80' lang='lat' dir='ltr'><strong>Qttum</strong></span> <span class='ocrx_word' id='word_1_412' title='bbox 3105 2843 3204 2881; x_wconf 89' lang='lat' dir='ltr'><strong>nos</strong></span> <span class='ocrx_word' id='word_1_413' title='bbox 3234 2827 3397 2882; x_wconf 89' lang='lat' dir='ltr'><strong>ades-</strong></span> 
     </span>
    </p>
   </div>
   <div class='ocr_carea' id='block_1_57' title="bbox 1828 2920 3396 2988">
    <p class='ocr_par' dir='ltr' id='par_1_57' title="bbox 1828 2920 3396 2988">
     <span class='ocr_line' id='line_1_57' title="bbox 1828 2920 3396 2988; baseline -0.003 -9"><span class='ocrx_word' id='word_1_414' title='bbox 1828 2940 2031 2988; x_wconf 88' lang='lat' dir='ltr'><strong>semus,</strong></span> <span class='ocrx_word' id='word_1_415' title='bbox 2052 2925 2116 2978; x_wconf 91' lang='lat' dir='ltr'><strong>ad</strong></span> <span class='ocrx_word' id='word_1_416' title='bbox 2139 2926 2284 2979; x_wconf 90' lang='lat' dir='ltr'><strong>hunc</strong></span> <span class='ocrx_word' id='word_1_417' title='bbox 2304 2935 2552 2978; x_wconf 90' lang='lat' dir='ltr'><strong>sanctum</strong></span> <span class='ocrx_word' id='word_1_418' title='bbox 2571 2923 2723 2987; x_wconf 75' lang='lat' dir='ltr'><strong>virgo</strong></span> <span class='ocrx_word' id='word_1_419' title='bbox 2738 2921 3124 2975; x_wconf 86' lang='lat' dir='ltr'><strong>Thessalonica</strong></span> <span class='ocrx_word' id='word_1_420' title='bbox 3144 2920 3396 2983; x_wconf 73' lang='lat' dir='ltr'><strong>oriunda,</strong></span> 
     </span>
    </p>
   </div>
   <div class='ocr_carea' id='block_1_58' title="bbox 1829 3013 3396 3087">
    <p class='ocr_par' dir='ltr' id='par_1_58' title="bbox 1829 3013 3396 3087">
     <span class='ocr_line' id='line_1_58' title="bbox 1829 3013 3396 3087; baseline -0.004 -15"><span class='ocrx_word' id='word_1_421' title='bbox 1829 3019 2028 3074; x_wconf 89' lang='lat' dir='ltr'><strong>nobilis</strong></span> <span class='ocrx_word' id='word_1_422' title='bbox 2058 3033 2254 3087; x_wconf 83' lang='lat' dir='ltr'><strong>genere</strong></span> <span class='ocrx_word' id='word_1_423' title='bbox 2292 3024 2347 3070; x_wconf 90' lang='lat' dir='ltr'><strong>et</strong></span> <span class='ocrx_word' id='word_1_424' title='bbox 2389 3017 2442 3069; x_wconf 91' lang='lat' dir='ltr'><strong>in</strong></span> <span class='ocrx_word' id='word_1_425' title='bbox 2483 3015 2585 3068; x_wconf 90' lang='lat' dir='ltr'><strong>hac</strong></span> <span class='ocrx_word' id='word_1_426' title='bbox 2622 3016 2728 3067; x_wconf 89' lang='lat' dir='ltr'><strong>vita</strong></span> <span class='ocrx_word' id='word_1_427' title='bbox 2759 3013 2934 3075; x_wconf 88' lang='lat' dir='ltr'><strong>dives,</strong></span> <span class='ocrx_word' id='word_1_428' title='bbox 2974 3022 3256 3081; x_wconf 87' lang='lat' dir='ltr'><strong>apportata</strong></span> <span class='ocrx_word' id='word_1_429' title='bbox 3289 3020 3396 3075; x_wconf 86' lang='lat' dir='ltr'><strong>est,</strong></span> 
     </span>
    </p>
   </div>
   <div class='ocr_carea' id='block_1_59' title="bbox 176 3100 1726 3204">
    <p class='ocr_par' dir='ltr' id='par_1_59' title="bbox 176 3100 1726 3179">
     <span class='ocr_line' id='line_1_59' title="bbox 176 3100 1726 3179; baseline 0.006 -28"><span class='ocrx_word' id='word_1_430' title='bbox 176 3101 290 3171; x_wconf 81' lang='grc' dir='ltr'><strong>ρίφη</strong></span> <span class='ocrx_word' id='word_1_431' title='bbox 333 3100 566 3172; x_wconf 80' lang='grc' dir='ltr'>πλησίον</span> <span class='ocrx_word' id='word_1_432' title='bbox 605 3103 702 3171; x_wconf 85' lang='grc' dir='ltr'>τῆς</span> <span class='ocrx_word' id='word_1_433' title='bbox 738 3102 903 3157; x_wconf 82' lang='grc' dir='ltr'>αὐτοῦ</span> <span class='ocrx_word' id='word_1_434' title='bbox 950 3105 1168 3175; x_wconf 84' lang='grc' dir='ltr'>κέλλης.</span> <span class='ocrx_word' id='word_1_435' title='bbox 1214 3109 1293 3170; x_wconf 89' lang='grc' dir='ltr'><strong>είς</strong></span> <span class='ocrx_word' id='word_1_436' title='bbox 1330 3109 1398 3177; x_wconf 78' lang='grc' dir='ltr'>ἣν</span> <span class='ocrx_word' id='word_1_437' title='bbox 1438 3108 1726 3179; x_wconf 82' lang='grc' dir='ltr'>σπλαγχνι-</span> 
     </span>
    </p>
   </div>
   <div class='ocr_carea' id='block_1_60' title="bbox 1828 3100 3398 3204">
    <p class='ocr_par' dir='ltr' id='par_1_60' title="bbox 1829 3104 3398 3180">
     <span class='ocr_line' id='line_1_60' title="bbox 1829 3104 3398 3180; baseline -0.004 -17"><span class='ocrx_word' id='word_1_438' title='bbox 1829 3125 1969 3180; x_wconf 89' lang='lat' dir='ltr'><strong>quae</strong></span> <span class='ocrx_word' id='word_1_439' title='bbox 2015 3109 2203 3163; x_wconf 88' lang='lat' dir='ltr'><strong>multis</strong></span> <span class='ocrx_word' id='word_1_440' title='bbox 2255 3107 2413 3162; x_wconf 89' lang='lat' dir='ltr'><strong>annis</strong></span> <span class='ocrx_word' id='word_1_441' title='bbox 2476 3106 2713 3175; x_wconf 88' lang='lat' dir='ltr'><strong>paralysi</strong></span> <span class='ocrx_word' id='word_1_442' title='bbox 2768 3106 3070 3158; x_wconf 81' lang='lat' dir='ltr'><strong>laborabat.</strong></span> <span class='ocrx_word' id='word_1_443' title='bbox 3105 3104 3282 3172; x_wconf 87' lang='lat' dir='ltr'><strong>Atque</strong></span> <span class='ocrx_word' id='word_1_444' title='bbox 3331 3104 3398 3157; x_wconf 90' lang='lat' dir='ltr'><strong>ad</strong></span> 
     </span>
    </p>
   </div>
   <div class='ocr_carea' id='block_1_61' title="bbox 174 3189 1726 3271">
    <p class='ocr_par' dir='ltr' id='par_1_61' title="bbox 174 3189 1726 3271">
     <span class='ocr_line' id='line_1_61' title="bbox 174 3189 1726 3271; baseline 0.008 -29"><span class='ocrx_word' id='word_1_445' title='bbox 174 3189 303 3253; x_wconf 66' lang='grc' dir='ltr'>σθεὶς</span> <span class='ocrx_word' id='word_1_446' title='bbox 333 3192 424 3244; x_wconf 69' lang='grc' dir='ltr'><strong>καὶ</strong></span> <span class='ocrx_word' id='word_1_447' title='bbox 458 3193 861 3264; x_wconf 82' lang='grc' dir='ltr'>ἐπευξάμενος,</span> <span class='ocrx_word' id='word_1_448' title='bbox 900 3197 1062 3266; x_wconf 86' lang='grc' dir='ltr'>ὲλαίῳ</span> <span class='ocrx_word' id='word_1_449' title='bbox 1113 3199 1252 3269; x_wconf 82' lang='grc' dir='ltr'>ἁγίῳ</span> <span class='ocrx_word' id='word_1_450' title='bbox 1295 3199 1528 3268; x_wconf 83' lang='grc' dir='ltr'>ἀλείφων</span> <span class='ocrx_word' id='word_1_451' title='bbox 1560 3201 1726 3271; x_wconf 81' lang='grc' dir='ltr'>αὐτὴν</span> 
     </span>
    </p>
   </div>
   <div class='ocr_carea' id='block_1_62' title="bbox 1828 3189 3399 3271">
    <p class='ocr_par' dir='ltr' id='par_1_62' title="bbox 1828 3193 3399 3267">
     <span class='ocr_line' id='line_1_62' title="bbox 1828 3193 3399 3267; baseline -0.004 -13"><span class='ocrx_word' id='word_1_452' title='bbox 1828 3216 1949 3255; x_wconf 91' lang='lat' dir='ltr'><strong>eum</strong></span> <span class='ocrx_word' id='word_1_453' title='bbox 1981 3200 2238 3259; x_wconf 85' lang='lat' dir='ltr'><strong>adducta,</strong></span> <span class='ocrx_word' id='word_1_454' title='bbox 2271 3213 2441 3267; x_wconf 91' lang='lat' dir='ltr'><strong>prope</strong></span> <span class='ocrx_word' id='word_1_455' title='bbox 2464 3198 2656 3250; x_wconf 87' lang='lat' dir='ltr'><strong>cellam</strong></span> <span class='ocrx_word' id='word_1_456' title='bbox 2685 3199 2857 3251; x_wconf 86' lang='lat' dir='ltr'><strong>sancti</strong></span> <span class='ocrx_word' id='word_1_457' title='bbox 2885 3196 3124 3266; x_wconf 69' lang='lat' dir='ltr'><strong>proiecta</strong></span> <span class='ocrx_word' id='word_1_458' title='bbox 3161 3203 3262 3250; x_wconf 84' lang='lat' dir='ltr'><strong>est.</strong></span> <span class='ocrx_word' id='word_1_459' title='bbox 3295 3193 3399 3260; x_wconf 87' lang='lat' dir='ltr'><strong>Qui</strong></span> 
     </span>
    </p>
   </div>
   <div class='ocr_carea' id='block_1_63' title="bbox 173 3281 1731 3362">
    <p class='ocr_par' dir='ltr' id='par_1_63' title="bbox 173 3281 1731 3362">
     <span class='ocr_line' id='line_1_63' title="bbox 173 3281 1731 3362; baseline 0.009 -30"><span class='ocrx_word' id='word_1_460' title='bbox 173 3281 274 3344; x_wconf 85' lang='grc' dir='ltr'>ταῖς</span> <span class='ocrx_word' id='word_1_461' title='bbox 303 3282 463 3335; x_wconf 80' lang='grc' dir='ltr'>αὐτοῦ</span> <span class='ocrx_word' id='word_1_462' title='bbox 499 3286 715 3354; x_wconf 73' lang='grc' dir='ltr'>χερσὶν,</span> <span class='ocrx_word' id='word_1_463' title='bbox 746 3287 839 3339; x_wconf 76' lang='grc' dir='ltr'>καὶ</span> <span class='ocrx_word' id='word_1_464' title='bbox 869 3289 1101 3350; x_wconf 80' lang='grc' dir='ltr'>ἐκτενῶς</span> <span class='ocrx_word' id='word_1_465' title='bbox 1124 3290 1261 3361; x_wconf 81' lang='grc' dir='ltr'>ὑπὲρ</span> <span class='ocrx_word' id='word_1_466' title='bbox 1288 3293 1455 3361; x_wconf 79' lang='grc' dir='ltr'>αὐτῆς</span> <span class='ocrx_word' id='word_1_467' title='bbox 1503 3310 1731 3362; x_wconf 86' lang='grc' dir='ltr'>προσευ-</span> 
     </span>
    </p>
   </div>
   <div class='ocr_carea' id='block_1_64' title="bbox 125 3369 1728 3456">
    <p class='ocr_par' dir='ltr' id='par_1_64' title="bbox 125 3369 1728 3456">
     <span class='ocr_line' id='line_1_64' title="bbox 125 3369 1728 3456; baseline 0.008 -34"><span class='ocrx_word' id='word_1_468' title='bbox 125 3453 128 3456; x_wconf 18' lang='grc' dir='ltr'><strong>Ι</strong></span> <span class='ocrx_word' id='word_1_469' title='bbox 171 3369 378 3440; x_wconf 83' lang='grc' dir='ltr'>χόμενος</span> <span class='ocrx_word' id='word_1_470' title='bbox 420 3374 640 3443; x_wconf 86' lang='grc' dir='ltr'>συχνῶς</span> <span class='ocrx_word' id='word_1_471' title='bbox 686 3375 732 3405; x_wconf 78' lang='grc'><strong>⁸⁸</strong></span> <span class='ocrx_word' id='word_1_472' title='bbox 773 3376 867 3429; x_wconf 81' lang='grc' dir='ltr'>ἐπὶ</span> <span class='ocrx_word' id='word_1_473' title='bbox 907 3378 1078 3431; x_wconf 80' lang='grc' dir='ltr'>εἴκοσι</span> <span class='ocrx_word' id='word_1_474' title='bbox 1108 3380 1316 3451; x_wconf 76' lang='grc' dir='ltr'>ἡμέρας</span> <span class='ocrx_word' id='word_1_475' title='bbox 1353 3381 1558 3452; x_wconf 86' lang='grc' dir='ltr'>ταύτην</span> <span class='ocrx_word' id='word_1_476' title='bbox 1599 3383 1728 3453; x_wconf 86' lang='grc' dir='ltr'>ὑγιῆ</span> 
     </span>
    </p>
   </div>
   <div class='ocr_carea' id='block_1_65' title="bbox 173 3459 1730 3537">
    <p class='ocr_par' dir='ltr' id='par_1_65' title="bbox 173 3459 1730 3537">
     <span class='ocr_line' id='line_1_65' title="bbox 173 3459 1730 3537; baseline 0.01 -26"><span class='ocrx_word' id='word_1_477' title='bbox 173 3459 242 3523; x_wconf 81' lang='grc' dir='ltr'><strong>είς</strong></span> <span class='ocrx_word' id='word_1_478' title='bbox 288 3461 381 3532; x_wconf 78' lang='grc' dir='ltr'>τὴν</span> <span class='ocrx_word' id='word_1_479' title='bbox 438 3464 649 3532; x_wconf 75' lang='grc' dir='ltr'>ἑαυτῆς</span> <span class='ocrx_word' id='word_1_480' title='bbox 704 3466 991 3520; x_wconf 79' lang='grc' dir='ltr'>ἀπέστειλε</span> <span class='ocrx_word' id='word_1_481' title='bbox 1049 3469 1200 3522; x_wconf 89' lang='grc' dir='ltr'>πόλιν</span> <span class='ocrx_word' id='word_1_482' title='bbox 1249 3472 1314 3537; x_wconf 77' lang='grc'>⁸⁵,</span> <span class='ocrx_word' id='word_1_483' title='bbox 1371 3471 1520 3536; x_wconf 89' lang='grc' dir='ltr'>ίδίοις</span> <span class='ocrx_word' id='word_1_484' title='bbox 1571 3474 1730 3526; x_wconf 72' lang='grc' dir='ltr'>ποσὶν</span> 
     </span>
    </p>
   </div>
   <div class='ocr_carea' id='block_1_66' title="bbox 171 3550 1728 3632">
    <p class='ocr_par' dir='ltr' id='par_1_66' title="bbox 171 3550 1728 3632">
     <span class='ocr_line' id='line_1_66' title="bbox 171 3550 1728 3632; baseline 0.01 -30"><span class='ocrx_word' id='word_1_485' title='bbox 171 3550 492 3606; x_wconf 82' lang='grc' dir='ltr'>ἀπελθοῦσαν</span> <span class='ocrx_word' id='word_1_486' title='bbox 516 3555 588 3621; x_wconf 77' lang='grc'>⁸⁸,</span> <span class='ocrx_word' id='word_1_487' title='bbox 611 3556 732 3626; x_wconf 78' lang='grc' dir='ltr'>ἥτις</span> <span class='ocrx_word' id='word_1_488' title='bbox 754 3557 953 3629; x_wconf 79' lang='grc' dir='ltr'>πολλὴν</span> <span class='ocrx_word' id='word_1_489' title='bbox 975 3563 1352 3632; x_wconf 85' lang='grc' dir='ltr'>καρποφορίαν</span> <span class='ocrx_word' id='word_1_490' title='bbox 1372 3563 1662 3617; x_wconf 83' lang='grc' dir='ltr'>ἀπέστειλε</span> <span class='ocrx_word' id='word_1_491' title='bbox 1684 3565 1728 3596; x_wconf 74' lang='grc'><strong>⁵⁸</strong></span> 
     </span>
    </p>
   </div>
   <div class='ocr_carea' id='block_1_67' title="bbox 172 3644 493 3711">
    <p class='ocr_par' dir='ltr' id='par_1_67' title="bbox 172 3644 493 3711">
     <span class='ocr_line' id='line_1_67' title="bbox 172 3644 493 3711; baseline 0.012 -18"><span class='ocrx_word' id='word_1_492' title='bbox 172 3645 269 3704; x_wconf 86' lang='grc' dir='ltr'>τοῖς</span> <span class='ocrx_word' id='word_1_493' title='bbox 298 3644 493 3711; x_wconf 81' lang='grc' dir='ltr'>ἁγίοις.</span> 
     </span>
    </p>
   </div>
   <div class='ocr_carea' id='block_1_68' title="bbox 232 3731 1728 3820">
    <p class='ocr_par' dir='ltr' id='par_1_68' title="bbox 232 3731 1728 3820">
     <span class='ocr_line' id='line_1_68' title="bbox 232 3731 1728 3820; baseline 0.011 -34"><span class='ocrx_word' id='word_1_494' title='bbox 232 3731 388 3798; x_wconf 76' lang='grc' dir='ltr'>Οὗτος</span> <span class='ocrx_word' id='word_1_495' title='bbox 421 3739 449 3790; x_wconf 87' lang='lat'><strong>6</strong></span> <span class='ocrx_word' id='word_1_496' title='bbox 479 3737 661 3808; x_wconf 80' lang='grc' dir='ltr'>μέγας</span> <span class='ocrx_word' id='word_1_497' title='bbox 696 3740 978 3810; x_wconf 85' lang='grc' dir='ltr'>Μακάριος</span> <span class='ocrx_word' id='word_1_498' title='bbox 1009 3743 1249 3808; x_wconf 88' lang='grc' dir='ltr'>ἀκούσας</span> <span class='ocrx_word' id='word_1_499' title='bbox 1278 3746 1344 3809; x_wconf 68' lang='grc' dir='ltr'>θ’,</span> <span class='ocrx_word' id='word_1_500' title='bbox 1375 3748 1455 3801; x_wconf 82' lang='grc' dir='ltr'>ὅτι</span> <span class='ocrx_word' id='word_1_501' title='bbox 1489 3749 1728 3820; x_wconf 85' lang='grc' dir='ltr'>μεγάλην</span> 
     </span>
    </p>
   </div>
   <div class='ocr_carea' id='block_1_69' title="bbox 170 3824 1729 3910">
    <p class='ocr_par' dir='ltr' id='par_1_69' title="bbox 170 3824 1729 3910">
     <span class='ocr_line' id='line_1_69' title="bbox 170 3824 1729 3910; baseline 0.012 -34"><span class='ocrx_word' id='word_1_502' title='bbox 170 3824 335 3894; x_wconf 75' lang='grc' dir='ltr'>ἔχουσι</span> <span class='ocrx_word' id='word_1_503' title='bbox 373 3828 656 3883; x_wconf 87' lang='grc' dir='ltr'>πολιτείαν</span> <span class='ocrx_word' id='word_1_504' title='bbox 692 3834 739 3884; x_wconf 90' lang='grc' dir='ltr'><strong>οί</strong></span> <span class='ocrx_word' id='word_1_505' title='bbox 771 3833 1242 3905; x_wconf 79' lang='grc' dir='ltr'>Ταὸεννησιῶται,</span> <span class='ocrx_word' id='word_1_506' title='bbox 1281 3841 1729 3910; x_wconf 84' lang='grc' dir='ltr'>μεταμφιεσάμε-</span> 
     </span>
    </p>
   </div>
   <div class='ocr_carea' id='block_1_70' title="bbox 169 3920 1730 4000">
    <p class='ocr_par' dir='ltr' id='par_1_70' title="bbox 169 3920 1730 4000">
     <span class='ocr_line' id='line_1_70' title="bbox 169 3920 1730 4000; baseline 0.011 -32"><span class='ocrx_word' id='word_1_507' title='bbox 169 3934 247 3980; x_wconf 87' lang='grc' dir='ltr'><strong>νος</strong></span> <span class='ocrx_word' id='word_1_508' title='bbox 272 3920 314 3949; x_wconf 83' lang='grc'><strong>⁸⁸</strong></span> <span class='ocrx_word' id='word_1_509' title='bbox 352 3921 447 3974; x_wconf 73' lang='grc' dir='ltr'><strong>καὶ</strong></span> <span class='ocrx_word' id='word_1_510' title='bbox 483 3922 776 3975; x_wconf 80' lang='grc' dir='ltr'>ἀναλαϐὼν</span> <span class='ocrx_word' id='word_1_511' title='bbox 818 3926 1086 3995; x_wconf 83' lang='grc' dir='ltr'>κοσμικὸν</span> <span class='ocrx_word' id='word_1_512' title='bbox 1126 3928 1311 3998; x_wconf 82' lang='grc' dir='ltr'>σχῆμα</span> <span class='ocrx_word' id='word_1_513' title='bbox 1356 3930 1608 4000; x_wconf 81' lang='grc' dir='ltr'>ἐργάτου,</span> <span class='ocrx_word' id='word_1_514' title='bbox 1660 3932 1730 3985; x_wconf 79' lang='grc' dir='ltr'>δι’</span> 
     </span>
    </p>
   </div>
   <div class='ocr_carea' id='block_1_71' title="bbox 168 4011 1729 4092">
    <p class='ocr_par' dir='ltr' id='par_1_71' title="bbox 168 4011 1729 4092">
     <span class='ocr_line' id='line_1_71' title="bbox 168 4011 1729 4092; baseline 0.008 -30"><span class='ocrx_word' id='word_1_515' title='bbox 168 4011 373 4081; x_wconf 78' lang='grc' dir='ltr'>ἡμερῶν</span> <span class='ocrx_word' id='word_1_516' title='bbox 403 4021 465 4066; x_wconf 84' lang='grc' dir='ltr'>ιε’</span> <span class='ocrx_word' id='word_1_517' title='bbox 495 4015 749 4084; x_wconf 77' lang='grc' dir='ltr'>εἰσῆλθεν</span> <span class='ocrx_word' id='word_1_518' title='bbox 774 4017 853 4081; x_wconf 68' lang='grc' dir='ltr'><strong>εις</strong></span> <span class='ocrx_word' id='word_1_519' title='bbox 880 4019 980 4086; x_wconf 83' lang='grc' dir='ltr'><strong>τὴν</strong></span> <span class='ocrx_word' id='word_1_520' title='bbox 1006 4017 1246 4089; x_wconf 78' lang='grc' dir='ltr'>Θηϐαΐδα</span> <span class='ocrx_word' id='word_1_521' title='bbox 1273 4019 1360 4073; x_wconf 83' lang='grc' dir='ltr'>διὰ</span> <span class='ocrx_word' id='word_1_522' title='bbox 1395 4022 1493 4091; x_wconf 85' lang='grc' dir='ltr'>τῆς</span> <span class='ocrx_word' id='word_1_523' title='bbox 1520 4022 1729 4092; x_wconf 80' lang='grc' dir='ltr'>ἐρήμου</span> 
     </span>
    </p>
   </div>
   <div class='ocr_carea' id='block_1_72' title="bbox 165 4101 1733 4185">
    <p class='ocr_par' dir='ltr' id='par_1_72' title="bbox 165 4101 1733 4185">
     <span class='ocr_line' id='line_1_72' title="bbox 165 4101 1733 4185; baseline 0.009 -32"><span class='ocrx_word' id='word_1_524' title='bbox 165 4101 374 4166; x_wconf 75' lang='grc' dir='ltr'>ὁδεύσας</span> <span class='ocrx_word' id='word_1_525' title='bbox 397 4104 573 4158; x_wconf 54' lang='lat' dir='ltr'><strong>“mai</strong></span> <span class='ocrx_word' id='word_1_526' title='bbox 597 4106 766 4158; x_wconf 80' lang='grc' dir='ltr'>ἐλθὼν</span> <span class='ocrx_word' id='word_1_527' title='bbox 801 4110 858 4160; x_wconf 83' lang='grc' dir='ltr'>ὲν</span> <span class='ocrx_word' id='word_1_528' title='bbox 883 4108 960 4178; x_wconf 83' lang='grc' dir='ltr'>τῷ</span> <span class='ocrx_word' id='word_1_529' title='bbox 990 4110 1311 4181; x_wconf 83' lang='grc' dir='ltr'>ἀσκητηρίῳ</span> <span class='ocrx_word' id='word_1_530' title='bbox 1335 4113 1443 4164; x_wconf 88' lang='grc' dir='ltr'><strong>τῶν</strong></span> <span class='ocrx_word' id='word_1_531' title='bbox 1469 4114 1733 4185; x_wconf 78' lang='grc' dir='ltr'>Ταϐεννη·</span> 
     </span>
    </p>
   </div>
   <div class='ocr_carea' id='block_1_73' title="bbox 168 4195 1730 4276">
    <p class='ocr_par' dir='ltr' id='par_1_73' title="bbox 168 4195 1730 4276">
     <span class='ocr_line' id='line_1_73' title="bbox 168 4195 1730 4276; baseline 0.01 -32"><span class='ocrx_word' id='word_1_532' title='bbox 168 4195 362 4246; x_wconf 82' lang='grc' dir='ltr'>σιωτῶν</span> <span class='ocrx_word' id='word_1_533' title='bbox 407 4197 675 4266; x_wconf 77' lang='grc' dir='ltr'>ἐπεζήτει</span> <span class='ocrx_word' id='word_1_534' title='bbox 713 4199 804 4250; x_wconf 83' lang='grc' dir='ltr'><strong>τὸν</strong></span> <span class='ocrx_word' id='word_1_535' title='bbox 845 4201 1278 4270; x_wconf 87' lang='grc' dir='ltr'>ἀρχιμανδρίτην</span> <span class='ocrx_word' id='word_1_536' title='bbox 1311 4204 1488 4257; x_wconf 83' lang='grc' dir='ltr'>αὐτῶν</span> <span class='ocrx_word' id='word_1_537' title='bbox 1534 4205 1730 4276; x_wconf 82' lang='grc' dir='ltr'><strong>Παχώ-</strong></span> 
     </span>
    </p>
   </div>
   <div class='ocr_carea' id='block_1_74' title="bbox 167 4287 1730 4369">
    <p class='ocr_par' dir='ltr' id='par_1_74' title="bbox 167 4287 1730 4369">
     <span class='ocr_line' id='line_1_74' title="bbox 167 4287 1730 4369; baseline 0.01 -34"><span class='ocrx_word' id='word_1_538' title='bbox 167 4300 298 4352; x_wconf 85' lang='grc' dir='ltr'>μιον,</span> <span class='ocrx_word' id='word_1_539' title='bbox 329 4287 502 4359; x_wconf 84' lang='grc' dir='ltr'>ἄνδρα</span> <span class='ocrx_word' id='word_1_540' title='bbox 535 4289 927 4358; x_wconf 75' lang='grc' dir='ltr'>δοκιμώτατον,</span> <span class='ocrx_word' id='word_1_541' title='bbox 965 4292 1058 4345; x_wconf 69' lang='grc' dir='ltr'><strong>καὶ</strong></span> <span class='ocrx_word' id='word_1_542' title='bbox 1088 4293 1333 4364; x_wconf 87' lang='grc' dir='ltr'>χάρισμα</span> <span class='ocrx_word' id='word_1_543' title='bbox 1370 4295 1558 4365; x_wconf 74' lang='grc' dir='ltr'>ἔχοντα</span> <span class='ocrx_word' id='word_1_544' title='bbox 1598 4315 1730 4369; x_wconf 91' lang='grc' dir='ltr'>προ-</span> 
     </span>
    </p>
   </div>
   <div class='ocr_carea' id='block_1_75' title="bbox 164 4379 1729 4455">
    <p class='ocr_par' dir='ltr' id='par_1_75' title="bbox 164 4379 1729 4455">
     <span class='ocr_line' id='line_1_75' title="bbox 164 4379 1729 4455; baseline 0.01 -28"><span class='ocrx_word' id='word_1_545' title='bbox 164 4379 396 4446; x_wconf 72' lang='grc' dir='ltr'>φητικὸν.</span> <span class='ocrx_word' id='word_1_546' title='bbox 449 4380 744 4450; x_wconf 78' lang='grc' dir='ltr'>ἀπεκρύϐη</span> <span class='ocrx_word' id='word_1_547' title='bbox 765 4383 811 4413; x_wconf 78' lang='grc' dir='ltr'><strong>⁷ο</strong></span> <span class='ocrx_word' id='word_1_548' title='bbox 853 4383 909 4436; x_wconf 83' lang='grc' dir='ltr'><strong>δὲ</strong></span> <span class='ocrx_word' id='word_1_549' title='bbox 969 4383 1143 4455; x_wconf 86' lang='grc' dir='ltr'>τούτῳ</span> <span class='ocrx_word' id='word_1_550' title='bbox 1169 4385 1214 4416; x_wconf 82' lang='grc'><strong>⁷¹</strong></span> <span class='ocrx_word' id='word_1_551' title='bbox 1255 4387 1322 4438; x_wconf 85' lang='grc' dir='ltr'><strong>τά</strong></span> <span class='ocrx_word' id='word_1_552' title='bbox 1382 4388 1522 4440; x_wconf 83' lang='grc' dir='ltr'>κατὰ</span> <span class='ocrx_word' id='word_1_553' title='bbox 1556 4389 1603 4420; x_wconf 84' lang='lat'>&quot;</span> <span class='ocrx_word' id='word_1_554' title='bbox 1636 4390 1729 4443; x_wconf 85' lang='grc' dir='ltr'><strong>τὸν</strong></span> 
     </span>
    </p>
   </div>
   <div class='ocr_carea' id='block_1_76' title="bbox 1825 3288 3402 3358">
    <p class='ocr_par' dir='ltr' id='par_1_76' title="bbox 1825 3288 3402 3358">
     <span class='ocr_line' id='line_1_76' title="bbox 1825 3288 3402 3358; baseline -0.001 -14"><span class='ocrx_word' id='word_1_555' title='bbox 1825 3291 2202 3346; x_wconf 84' lang='lat' dir='ltr'><strong>misericordia</strong></span> <span class='ocrx_word' id='word_1_556' title='bbox 2221 3298 2528 3344; x_wconf 90' lang='lat' dir='ltr'><strong>commotus</strong></span> <span class='ocrx_word' id='word_1_557' title='bbox 2549 3289 3078 3358; x_wconf 66' lang='lat' dir='ltr'><strong>qttu111257preces</strong></span> <span class='ocrx_word' id='word_1_558' title='bbox 3097 3288 3331 3342; x_wconf 79' lang='lat' dir='ltr'><strong>fundens</strong></span> <span class='ocrx_word' id='word_1_559' title='bbox 3349 3297 3402 3342; x_wconf 87' lang='lat' dir='ltr'><strong>et</strong></span> 
     </span>
    </p>
   </div>
   <div class='ocr_carea' id='block_1_77' title="bbox 1825 3382 3398 3452">
    <p class='ocr_par' dir='ltr' id='par_1_77' title="bbox 1825 3382 3398 3452">
     <span class='ocr_line' id='line_1_77' title="bbox 1825 3382 3398 3452; baseline -0.002 -16"><span class='ocrx_word' id='word_1_560' title='bbox 1825 3385 1947 3438; x_wconf 87' lang='lat' dir='ltr'><strong>oleo</strong></span> <span class='ocrx_word' id='word_1_561' title='bbox 1976 3393 2166 3438; x_wconf 88' lang='lat' dir='ltr'><strong>sancto</strong></span> <span class='ocrx_word' id='word_1_562' title='bbox 2211 3399 2328 3438; x_wconf 90' lang='lat' dir='ltr'><strong>eam</strong></span> <span class='ocrx_word' id='word_1_563' title='bbox 2386 3383 2624 3452; x_wconf 88' lang='lat' dir='ltr'><strong>propriis</strong></span> <span class='ocrx_word' id='word_1_564' title='bbox 2674 3383 2792 3436; x_wconf 93' lang='lat' dir='ltr'><strong>suis</strong></span> <span class='ocrx_word' id='word_1_565' title='bbox 2845 3382 3094 3436; x_wconf 80' lang='lat' dir='ltr'><strong>manibus</strong></span> <span class='ocrx_word' id='word_1_566' title='bbox 3166 3397 3398 3452; x_wconf 81' lang='lat' dir='ltr'><strong>ungeus,</strong></span> 
     </span>
    </p>
   </div>
   <div class='ocr_carea' id='block_1_78' title="bbox 1825 3474 3399 3549">
    <p class='ocr_par' dir='ltr' id='par_1_78' title="bbox 1825 3474 3399 3549">
     <span class='ocr_line' id='line_1_78' title="bbox 1825 3474 3399 3549; baseline -0.003 -16"><span class='ocrx_word' id='word_1_567' title='bbox 1825 3478 2017 3549; x_wconf 81' lang='lat' dir='ltr'><strong>viginti</strong></span> <span class='ocrx_word' id='word_1_568' title='bbox 2046 3477 2240 3531; x_wconf 90' lang='lat' dir='ltr'><strong>diebus</strong></span> <span class='ocrx_word' id='word_1_569' title='bbox 2271 3492 2436 3544; x_wconf 91' lang='lat' dir='ltr'><strong>super</strong></span> <span class='ocrx_word' id='word_1_570' title='bbox 2460 3490 2579 3529; x_wconf 89' lang='lat' dir='ltr'><strong>eam</strong></span> <span class='ocrx_word' id='word_1_571' title='bbox 2611 3474 2800 3529; x_wconf 89' lang='lat' dir='ltr'><strong>sedulo</strong></span> <span class='ocrx_word' id='word_1_572' title='bbox 2817 3489 2881 3528; x_wconf 90' lang='lat' dir='ltr'><strong>ac</strong></span> <span class='ocrx_word' id='word_1_573' title='bbox 2900 3474 3130 3528; x_wconf 91' lang='lat' dir='ltr'><strong>multum</strong></span> <span class='ocrx_word' id='word_1_574' title='bbox 3164 3488 3399 3538; x_wconf 84' lang='lat' dir='ltr'><strong>orasset,</strong></span> 
     </span>
    </p>
   </div>
   <div class='ocr_carea' id='block_1_79' title="bbox 1825 3565 3400 3635">
    <p class='ocr_par' dir='ltr' id='par_1_79' title="bbox 1825 3565 3400 3635">
     <span class='ocr_line' id='line_1_79' title="bbox 1825 3565 3400 3635; baseline -0.004 -14"><span class='ocrx_word' id='word_1_575' title='bbox 1825 3581 2014 3621; x_wconf 88' lang='lat' dir='ltr'><strong>sanam</strong></span> <span class='ocrx_word' id='word_1_576' title='bbox 2047 3568 2102 3621; x_wconf 88' lang='lat' dir='ltr'><strong>in</strong></span> <span class='ocrx_word' id='word_1_577' title='bbox 2141 3566 2417 3622; x_wconf 89' lang='lat' dir='ltr'><strong>civitatem</strong></span> <span class='ocrx_word' id='word_1_578' title='bbox 2451 3565 2572 3634; x_wconf 88' lang='lat' dir='ltr'><strong>ejus</strong></span> <span class='ocrx_word' id='word_1_579' title='bbox 2597 3565 2824 3618; x_wconf 90' lang='lat' dir='ltr'><strong>dimisit.</strong></span> <span class='ocrx_word' id='word_1_580' title='bbox 2863 3565 3012 3630; x_wconf 85' lang='lat' dir='ltr'><strong>Quae</strong></span> <span class='ocrx_word' id='word_1_581' title='bbox 3037 3565 3276 3634; x_wconf 88' lang='lat' dir='ltr'><strong>propriis</strong></span> <span class='ocrx_word' id='word_1_582' title='bbox 3307 3582 3400 3635; x_wconf 85' lang='lat' dir='ltr'><strong>pe-</strong></span> 
     </span>
    </p>
   </div>
   <div class='ocr_carea' id='block_1_80' title="bbox 1825 3658 3417 3728">
    <p class='ocr_par' dir='ltr' id='par_1_80' title="bbox 1825 3658 3417 3728">
     <span class='ocr_line' id='line_1_80' title="bbox 1825 3658 3417 3728; baseline -0.001 -15"><span class='ocrx_word' id='word_1_583' title='bbox 1825 3659 1990 3714; x_wconf 88' lang='lat' dir='ltr'><strong>dibus</strong></span> <span class='ocrx_word' id='word_1_584' title='bbox 2018 3673 2289 3728; x_wconf 78' lang='lat' dir='ltr'><strong>regressa.</strong></span> <span class='ocrx_word' id='word_1_585' title='bbox 2315 3659 2594 3727; x_wconf 90' lang='lat' dir='ltr'><strong>copiosam</strong></span> <span class='ocrx_word' id='word_1_586' title='bbox 2618 3658 2826 3712; x_wconf 89' lang='lat' dir='ltr'><strong>sanctis</strong></span> <span class='ocrx_word' id='word_1_587' title='bbox 2859 3658 3189 3713; x_wconf 89' lang='lat' dir='ltr'><strong>oblationem</strong></span> <span class='ocrx_word' id='word_1_588' title='bbox 3225 3659 3417 3714; x_wconf 77' lang='lat' dir='ltr'><strong>misit.‘</strong></span> 
     </span>
    </p>
   </div>
   <div class='ocr_carea' id='block_1_81' title="bbox 1897 3749 3400 3822">
    <p class='ocr_par' dir='ltr' id='par_1_81' title="bbox 1897 3749 3400 3822">
     <span class='ocr_line' id='line_1_81' title="bbox 1897 3749 3400 3822; baseline 0.001 -18"><span class='ocrx_word' id='word_1_589' title='bbox 1897 3751 1999 3806; x_wconf 87' lang='lat' dir='ltr'><strong>Hic</strong></span> <span class='ocrx_word' id='word_1_590' title='bbox 2029 3766 2260 3822; x_wconf 81' lang='lat' dir='ltr'><strong>magnus</strong></span> <span class='ocrx_word' id='word_1_591' title='bbox 2293 3750 2566 3804; x_wconf 82' lang='lat' dir='ltr'><strong>Macarius</strong></span> <span class='ocrx_word' id='word_1_592' title='bbox 2598 3765 2764 3819; x_wconf 91' lang='lat' dir='ltr'><strong>quum</strong></span> <span class='ocrx_word' id='word_1_593' title='bbox 2802 3749 3083 3812; x_wconf 89' lang='lat' dir='ltr'><strong>audiisset,</strong></span> <span class='ocrx_word' id='word_1_594' title='bbox 3111 3751 3400 3806; x_wconf 85' lang='lat' dir='ltr'><strong>Tabenne-</strong></span> 
     </span>
    </p>
   </div>
   <div class='ocr_carea' id='block_1_82' title="bbox 1827 3841 3402 3913">
    <p class='ocr_par' dir='ltr' id='par_1_82' title="bbox 1827 3841 3402 3913">
     <span class='ocr_line' id='line_1_82' title="bbox 1827 3841 3402 3913; baseline -0.001 -14"><span class='ocrx_word' id='word_1_595' title='bbox 1827 3844 1999 3899; x_wconf 87' lang='lat' dir='ltr'><strong>siotas</strong></span> <span class='ocrx_word' id='word_1_596' title='bbox 2028 3843 2371 3913; x_wconf 89' lang='lat' dir='ltr'><strong>praeclarum</strong></span> <span class='ocrx_word' id='word_1_597' title='bbox 2411 3842 2614 3896; x_wconf 89' lang='lat' dir='ltr'><strong>habere</strong></span> <span class='ocrx_word' id='word_1_598' title='bbox 2646 3842 2792 3896; x_wconf 87' lang='lat' dir='ltr'><strong>vitae</strong></span> <span class='ocrx_word' id='word_1_599' title='bbox 2823 3841 3158 3904; x_wconf 85' lang='lat' dir='ltr'><strong>institutum,</strong></span> <span class='ocrx_word' id='word_1_600' title='bbox 3192 3852 3402 3898; x_wconf 86' lang='lat' dir='ltr'><strong>mutata</strong></span> 
     </span>
    </p>
   </div>
   <div class='ocr_carea' id='block_1_83' title="bbox 1825 3934 3394 4004">
    <p class='ocr_par' dir='ltr' id='par_1_83' title="bbox 1825 3934 3394 4004">
     <span class='ocr_line' id='line_1_83' title="bbox 1825 3934 3394 4004; baseline 0.001 -15"><span class='ocrx_word' id='word_1_601' title='bbox 1825 3943 1977 3991; x_wconf 88' lang='lat' dir='ltr'><strong>veste</strong></span> <span class='ocrx_word' id='word_1_602' title='bbox 1995 3943 2049 3990; x_wconf 86' lang='lat' dir='ltr'><strong>et</strong></span> <span class='ocrx_word' id='word_1_603' title='bbox 2076 3935 2364 4004; x_wconf 90' lang='lat' dir='ltr'><strong>adsumpto</strong></span> <span class='ocrx_word' id='word_1_604' title='bbox 2380 3934 2656 3987; x_wconf 91' lang='lat' dir='ltr'><strong>mundano</strong></span> <span class='ocrx_word' id='word_1_605' title='bbox 2685 3934 2925 4002; x_wconf 89' lang='lat' dir='ltr'><strong>operarii</strong></span> <span class='ocrx_word' id='word_1_606' title='bbox 2965 3934 3179 3996; x_wconf 89' lang='lat' dir='ltr'><strong>habitu,</strong></span> <span class='ocrx_word' id='word_1_607' title='bbox 3211 3937 3394 4002; x_wconf 86' lang='lat' dir='ltr'><strong>spatio</strong></span> 
     </span>
    </p>
   </div>
   <div class='ocr_carea' id='block_1_84' title="bbox 1827 4021 3398 4095">
    <p class='ocr_par' dir='ltr' id='par_1_84' title="bbox 1827 4021 3398 4095">
     <span class='ocr_line' id='line_1_84' title="bbox 1827 4021 3398 4095; baseline 0 -16"><span class='ocrx_word' id='word_1_608' title='bbox 1827 4026 2140 4095; x_wconf 90' lang='lat' dir='ltr'><strong>quindecim</strong></span> <span class='ocrx_word' id='word_1_609' title='bbox 2177 4023 2390 4078; x_wconf 90' lang='lat' dir='ltr'><strong>dierum</strong></span> <span class='ocrx_word' id='word_1_610' title='bbox 2429 4023 2484 4076; x_wconf 92' lang='lat' dir='ltr'><strong>in</strong></span> <span class='ocrx_word' id='word_1_611' title='bbox 2513 4021 2872 4086; x_wconf 85' lang='lat' dir='ltr'><strong>Thebaidem,</strong></span> <span class='ocrx_word' id='word_1_612' title='bbox 2915 4038 3011 4092; x_wconf 83' lang='lat' dir='ltr'><strong>per</strong></span> <span class='ocrx_word' id='word_1_613' title='bbox 3047 4025 3398 4079; x_wconf 84' lang='lat' dir='ltr'><strong>solitudinem</strong></span> 
     </span>
    </p>
   </div>
   <div class='ocr_carea' id='block_1_85' title="bbox 1827 4115 3400 4188">
    <p class='ocr_par' dir='ltr' id='par_1_85' title="bbox 1827 4115 3400 4188">
     <span class='ocr_line' id='line_1_85' title="bbox 1827 4115 3400 4188; baseline 0.001 -17"><span class='ocrx_word' id='word_1_614' title='bbox 1827 4119 2132 4188; x_wconf 80' lang='lat' dir='ltr'><strong>profectus,</strong></span> <span class='ocrx_word' id='word_1_615' title='bbox 2181 4117 2448 4186; x_wconf 87' lang='lat' dir='ltr'><strong>pervenit.</strong></span> <span class='ocrx_word' id='word_1_616' title='bbox 2501 4115 2606 4169; x_wconf 88' lang='lat' dir='ltr'><strong>Ubi</strong></span> <span class='ocrx_word' id='word_1_617' title='bbox 2666 4131 2832 4185; x_wconf 89' lang='lat' dir='ltr'><strong>quum</strong></span> <span class='ocrx_word' id='word_1_618' title='bbox 2890 4115 2945 4169; x_wconf 92' lang='lat' dir='ltr'><strong>in</strong></span> <span class='ocrx_word' id='word_1_619' title='bbox 3003 4117 3400 4172; x_wconf 89' lang='lat' dir='ltr'><strong>monasterium</strong></span> 
     </span>
    </p>
   </div>
   <div class='ocr_carea' id='block_1_86' title="bbox 1828 4203 3402 4266">
    <p class='ocr_par' dir='ltr' id='par_1_86' title="bbox 1828 4203 3402 4266">
     <span class='ocr_line' id='line_1_86' title="bbox 1828 4203 3402 4266; baseline -0.002 -4"><span class='ocrx_word' id='word_1_620' title='bbox 1828 4208 2350 4262; x_wconf 86' lang='lat' dir='ltr'><strong>Tabennesiotarum</strong></span> <span class='ocrx_word' id='word_1_621' title='bbox 2407 4205 2669 4266; x_wconf 88' lang='lat' dir='ltr'><strong>venisset,</strong></span> <span class='ocrx_word' id='word_1_622' title='bbox 2713 4203 3066 4258; x_wconf 90' lang='lat' dir='ltr'><strong>Pachomium</strong></span> <span class='ocrx_word' id='word_1_623' title='bbox 3092 4221 3278 4260; x_wconf 87' lang='lat' dir='ltr'><strong>eorum</strong></span> <span class='ocrx_word' id='word_1_624' title='bbox 3312 4221 3402 4259; x_wconf 82' lang='lat' dir='ltr'><strong>ar-</strong></span> 
     </span>
    </p>
   </div>
   <div class='ocr_carea' id='block_1_87' title="bbox 1826 4297 3398 4369">
    <p class='ocr_par' dir='ltr' id='par_1_87' title="bbox 1826 4297 3398 4369">
     <span class='ocr_line' id='line_1_87' title="bbox 1826 4297 3398 4369; baseline -0.003 -13"><span class='ocrx_word' id='word_1_625' title='bbox 1826 4301 2248 4357; x_wconf 87' lang='lat' dir='ltr'><strong>chimandritam</strong></span> <span class='ocrx_word' id='word_1_626' title='bbox 2277 4298 2568 4368; x_wconf 86' lang='lat' dir='ltr'><strong>quaesivit,</strong></span> <span class='ocrx_word' id='word_1_627' title='bbox 2608 4298 2784 4350; x_wconf 92' lang='lat' dir='ltr'><strong>virum</strong></span> <span class='ocrx_word' id='word_1_628' title='bbox 2815 4297 3284 4366; x_wconf 85' lang='lat' dir='ltr'><strong>probatissimum,</strong></span> <span class='ocrx_word' id='word_1_629' title='bbox 3305 4299 3398 4369; x_wconf 92' lang='lat' dir='ltr'><strong>qui</strong></span> 
     </span>
    </p>
   </div>
   <div class='ocr_carea' id='block_1_88' title="bbox 1828 4389 3399 4467">
    <p class='ocr_par' dir='ltr' id='par_1_88' title="bbox 1828 4389 3399 4467">
     <span class='ocr_line' id='line_1_88' title="bbox 1828 4389 3399 4467; baseline -0.004 -19"><span class='ocrx_word' id='word_1_630' title='bbox 1828 4395 2061 4467; x_wconf 85' lang='lat' dir='ltr'><strong>gratiam</strong></span> <span class='ocrx_word' id='word_1_631' title='bbox 2098 4391 2413 4462; x_wconf 79' lang='lat' dir='ltr'><strong>prophetiae</strong></span> <span class='ocrx_word' id='word_1_632' title='bbox 2446 4390 2702 4444; x_wconf 77' lang='lat' dir='ltr'><strong>habebat.</strong></span> <span class='ocrx_word' id='word_1_633' title='bbox 2733 4389 2836 4443; x_wconf 84' lang='lat' dir='ltr'><strong>Cui</strong></span> <span class='ocrx_word' id='word_1_634' title='bbox 2886 4399 3064 4443; x_wconf 90' lang='lat' dir='ltr'><strong>tamen</strong></span> <span class='ocrx_word' id='word_1_635' title='bbox 3105 4389 3399 4443; x_wconf 85' lang='lat' dir='ltr'><strong>Macarium</strong></span> 
     </span>
    </p>
   </div>
   <div class='ocr_carea' id='block_1_89' title="bbox 164 4466 1726 4556">
    <p class='ocr_par' dir='ltr' id='par_1_89' title="bbox 164 4466 1725 4549">
     <span class='ocr_line' id='line_1_89' title="bbox 164 4466 1725 4549; baseline 0.01 -30"><span class='ocrx_word' id='word_1_636' title='bbox 164 4466 326 4536; x_wconf 86' lang='grc' dir='ltr'>μέγαν</span> <span class='ocrx_word' id='word_1_637' title='bbox 354 4470 400 4500; x_wconf 83' lang='grc'><strong>⁷³</strong></span> <span class='ocrx_word' id='word_1_638' title='bbox 449 4471 762 4542; x_wconf 83' lang='grc' dir='ltr'>Μακάριον.</span> <span class='ocrx_word' id='word_1_639' title='bbox 816 4474 1120 4545; x_wconf 83' lang='grc' dir='ltr'>περιτυχὼν</span> <span class='ocrx_word' id='word_1_640' title='bbox 1145 4476 1191 4507; x_wconf 71' lang='grc'><strong>⁷³</strong></span> <span class='ocrx_word' id='word_1_641' title='bbox 1244 4472 1336 4530; x_wconf 79' lang='grc' dir='ltr'><strong>οὖν</strong></span> <span class='ocrx_word' id='word_1_642' title='bbox 1379 4479 1527 4549; x_wconf 76' lang='grc' dir='ltr'>αὐτῷ</span> <span class='ocrx_word' id='word_1_643' title='bbox 1579 4480 1725 4548; x_wconf 82' lang='grc' dir='ltr'>λέγει</span> 
     </span>
    </p>
   </div>
   <div class='ocr_carea' id='block_1_90' title="bbox 1828 4466 3403 4556">
    <p class='ocr_par' dir='ltr' id='par_1_90' title="bbox 1831 4466 3403 4556">
     <span class='ocr_line' id='line_1_90' title="bbox 1831 4466 3403 4556; baseline -0.004 -18"><span class='ocrx_word' id='word_1_644' title='bbox 1831 4466 2085 4556; x_wconf 78' lang='lat' dir='ltr'><strong>magnum</strong></span> <span class='ocrx_word' id='word_1_645' title='bbox 2123 4498 2245 4538; x_wconf 86' lang='lat' dir='ltr'><strong>esse</strong></span> <span class='ocrx_word' id='word_1_646' title='bbox 2281 4481 2742 4536; x_wconf 84' lang='lat' dir='ltr'><strong>abscondebatur.</strong></span> <span class='ocrx_word' id='word_1_647' title='bbox 2775 4480 2909 4534; x_wconf 85' lang='lat' dir='ltr'><strong>Eum</strong></span> <span class='ocrx_word' id='word_1_648' title='bbox 2937 4482 3103 4551; x_wconf 85' lang='lat' dir='ltr'><strong>igitur</strong></span> <span class='ocrx_word' id='word_1_649' title='bbox 3132 4496 3257 4536; x_wconf 92' lang='lat' dir='ltr'><strong>cum</strong></span> <span class='ocrx_word' id='word_1_650' title='bbox 3292 4481 3403 4534; x_wconf 76' lang='lat' dir='ltr'><strong>Ma-</strong></span> 
     </span>
    </p>
   </div>
   <div class='ocr_carea' id='block_1_91' title="bbox 161 4558 1726 4644">
    <p class='ocr_par' dir='ltr' id='par_1_91' title="bbox 161 4558 1726 4641">
     <span class='ocr_line' id='line_1_91' title="bbox 161 4558 1726 4641; baseline 0.01 -32"><span class='ocrx_word' id='word_1_651' title='bbox 161 4558 296 4629; x_wconf 82' lang='grc' dir='ltr'>αὐτῷ</span> <span class='ocrx_word' id='word_1_652' title='bbox 324 4563 351 4613; x_wconf 89' lang='lat'><strong>6</strong></span> <span class='ocrx_word' id='word_1_653' title='bbox 384 4563 678 4634; x_wconf 79' lang='grc' dir='ltr'>Μακάριος</span> <span class='ocrx_word' id='word_1_654' title='bbox 698 4579 712 4591; x_wconf 87' lang='grc'><strong>·</strong></span> <span class='ocrx_word' id='word_1_655' title='bbox 743 4563 933 4634; x_wconf 84' lang='grc' dir='ltr'>δέομαί</span> <span class='ocrx_word' id='word_1_656' title='bbox 964 4583 1057 4618; x_wconf 91' lang='grc' dir='ltr'><strong>σου</strong></span> <span class='ocrx_word' id='word_1_657' title='bbox 1079 4606 1094 4629; x_wconf 94' lang='grc'><strong>,</strong></span> <span class='ocrx_word' id='word_1_658' title='bbox 1140 4567 1316 4638; x_wconf 86' lang='grc' dir='ltr'>κύριε,</span> <span class='ocrx_word' id='word_1_659' title='bbox 1355 4568 1503 4634; x_wconf 81' lang='grc' dir='ltr'>δέξαι</span> <span class='ocrx_word' id='word_1_660' title='bbox 1545 4589 1610 4641; x_wconf 87' lang='grc' dir='ltr'><strong>με</strong></span> <span class='ocrx_word' id='word_1_661' title='bbox 1652 4575 1726 4636; x_wconf 90' lang='grc' dir='ltr'><strong>είς</strong></span> 
     </span>
    </p>
   </div>
   <div class='ocr_carea' id='block_1_92' title="bbox 1828 4558 3401 4644">
    <p class='ocr_par' dir='ltr' id='par_1_92' title="bbox 1831 4573 3401 4644">
     <span class='ocr_line' id='line_1_92' title="bbox 1831 4573 3401 4644; baseline -0.003 -11"><span class='ocrx_word' id='word_1_662' title='bbox 1831 4579 2014 4633; x_wconf 89' lang='lat' dir='ltr'><strong>carius</strong></span> <span class='ocrx_word' id='word_1_663' title='bbox 2045 4576 2389 4631; x_wconf 86' lang='lat' dir='ltr'><strong>convenisset</strong></span> <span class='ocrx_word' id='word_1_664' title='bbox 2414 4590 2427 4624; x_wconf 93' lang='lat'><strong>:</strong></span> <span class='ocrx_word' id='word_1_665' title='bbox 2451 4575 2560 4627; x_wconf 86' lang='lat' dir='ltr'><strong>Oro</strong></span> <span class='ocrx_word' id='word_1_666' title='bbox 2584 4582 2656 4638; x_wconf 89' lang='lat' dir='ltr'><strong>te,</strong></span> <span class='ocrx_word' id='word_1_667' title='bbox 2688 4573 2882 4642; x_wconf 88' lang='lat' dir='ltr'><strong>inquit,</strong></span> <span class='ocrx_word' id='word_1_668' title='bbox 2915 4573 3151 4637; x_wconf 86' lang='lat' dir='ltr'><strong>domine,</strong></span> <span class='ocrx_word' id='word_1_669' title='bbox 3185 4575 3401 4644; x_wconf 78' lang='lat' dir='ltr'><strong>suscipe</strong></span> 
     </span>
    </p>
   </div>
   <div class='ocr_carea' id='block_1_93' title="bbox 107 4653 1729 4736">
    <p class='ocr_par' dir='ltr' id='par_1_93' title="bbox 107 4653 1729 4736">
     <span class='ocr_line' id='line_1_93' title="bbox 107 4653 1729 4736; baseline 0.01 -31"><span class='ocrx_word' id='word_1_670' title='bbox 107 4725 112 4728; x_wconf 20' lang='lat'>.</span> <span class='ocrx_word' id='word_1_671' title='bbox 161 4653 248 4724; x_wconf 80' lang='grc' dir='ltr'>τὴν</span> <span class='ocrx_word' id='word_1_672' title='bbox 281 4657 450 4726; x_wconf 86' lang='grc' dir='ltr'>μονήν</span> <span class='ocrx_word' id='word_1_673' title='bbox 482 4676 609 4724; x_wconf 86' lang='grc' dir='ltr'>σου,</span> <span class='ocrx_word' id='word_1_674' title='bbox 645 4659 728 4712; x_wconf 81' lang='grc' dir='ltr'><strong>ἵνα</strong></span> <span class='ocrx_word' id='word_1_675' title='bbox 757 4661 1001 4731; x_wconf 81' lang='grc' dir='ltr'>γένωμαι</span> <span class='ocrx_word' id='word_1_676' title='bbox 1038 4665 1290 4734; x_wconf 83' lang='grc' dir='ltr'>μοναχὸς.</span> <span class='ocrx_word' id='word_1_677' title='bbox 1331 4665 1478 4735; x_wconf 81' lang='grc' dir='ltr'>λέγει</span> <span class='ocrx_word' id='word_1_678' title='bbox 1523 4668 1669 4736; x_wconf 79' lang='grc' dir='ltr'>αὐτῷ</span> <span class='ocrx_word' id='word_1_679' title='bbox 1700 4670 1729 4721; x_wconf 94' lang='lat'><strong>6</strong></span> 
     </span>
    </p>
   </div>
   <div class='ocr_carea' id='block_1_94' title="bbox 162 4745 1728 4826">
    <p class='ocr_par' dir='ltr' id='par_1_94' title="bbox 162 4745 1728 4826">
     <span class='ocr_line' id='line_1_94' title="bbox 162 4745 1728 4826; baseline 0.011 -30"><span class='ocrx_word' id='word_1_680' title='bbox 162 4745 474 4818; x_wconf 80' lang='grc' dir='ltr'>Παχώμιος·</span> <span class='ocrx_word' id='word_1_681' title='bbox 508 4752 697 4806; x_wconf 73' lang='grc' dir='ltr'>λοιπὸν</span> <span class='ocrx_word' id='word_1_682' title='bbox 719 4755 798 4817; x_wconf 88' lang='grc' dir='ltr'><strong>είς</strong></span> <span class='ocrx_word' id='word_1_683' title='bbox 831 4755 1006 4826; x_wconf 81' lang='grc' dir='ltr'>γῆρας</span> <span class='ocrx_word' id='word_1_684' title='bbox 1036 4755 1259 4825; x_wconf 77' lang='grc' dir='ltr'>ἦλασας,</span> <span class='ocrx_word' id='word_1_685' title='bbox 1287 4758 1405 4822; x_wconf 83' lang='grc' dir='ltr'>πῶς</span> <span class='ocrx_word' id='word_1_686' title='bbox 1452 4762 1514 4814; x_wconf 82' lang='grc' dir='ltr'><strong>σὺ</strong></span> <span class='ocrx_word' id='word_1_687' title='bbox 1543 4762 1728 4814; x_wconf 83' lang='grc' dir='ltr'>ἀσκεῖν</span> 
     </span>
    </p>
   </div>
   <div class='ocr_carea' id='block_1_95' title="bbox 161 4837 1725 4922">
    <p class='ocr_par' dir='ltr' id='par_1_95' title="bbox 161 4837 1725 4922">
     <span class='ocr_line' id='line_1_95' title="bbox 161 4837 1725 4922; baseline 0.01 -33"><span class='ocrx_word' id='word_1_688' title='bbox 161 4837 406 4908; x_wconf 79' lang='grc' dir='ltr'>δύνασαι;</span> <span class='ocrx_word' id='word_1_689' title='bbox 439 4843 665 4912; x_wconf 79' lang='grc' dir='ltr'>ἀδελφοί</span> <span class='ocrx_word' id='word_1_690' title='bbox 690 4847 827 4898; x_wconf 88' lang='grc' dir='ltr'>εἰσιν</span> <span class='ocrx_word' id='word_1_691' title='bbox 853 4847 960 4900; x_wconf 80' lang='grc' dir='ltr'><strong>ἀπὸ</strong></span> <span class='ocrx_word' id='word_1_692' title='bbox 988 4849 1240 4917; x_wconf 84' lang='grc' dir='ltr'>νεότητος</span> <span class='ocrx_word' id='word_1_693' title='bbox 1264 4851 1603 4922; x_wconf 84' lang='grc' dir='ltr'>ἀσκήσαντες</span> <span class='ocrx_word' id='word_1_694' title='bbox 1632 4853 1725 4905; x_wconf 75' lang='grc' dir='ltr'>καὶ</span> 
     </span>
    </p>
   </div>
   <div class='ocr_carea' id='block_1_96' title="bbox 160 4931 1727 5012">
    <p class='ocr_par' dir='ltr' id='par_1_96' title="bbox 160 4931 1727 5012">
     <span class='ocr_line' id='line_1_96' title="bbox 160 4931 1727 5012; baseline 0.011 -34"><span class='ocrx_word' id='word_1_695' title='bbox 160 4931 262 4992; x_wconf 77' lang='grc' dir='ltr'>τοῖς</span> <span class='ocrx_word' id='word_1_696' title='bbox 287 4933 473 4998; x_wconf 78' lang='grc' dir='ltr'>πόνοις</span> <span class='ocrx_word' id='word_1_697' title='bbox 511 4937 1034 5007; x_wconf 83' lang='grc' dir='ltr'>συνανατραφέντες,</span> <span class='ocrx_word' id='word_1_698' title='bbox 1071 4941 1164 4992; x_wconf 75' lang='grc' dir='ltr'><strong>καὶ</strong></span> <span class='ocrx_word' id='word_1_699' title='bbox 1195 4941 1254 4992; x_wconf 84' lang='grc' dir='ltr'><strong>ού</strong></span> <span class='ocrx_word' id='word_1_700' title='bbox 1282 4941 1328 4972; x_wconf 83' lang='grc'><strong>⁷⁸</strong></span> <span class='ocrx_word' id='word_1_701' title='bbox 1366 4941 1589 5012; x_wconf 84' lang='grc' dir='ltr'>φέρουσι</span> <span class='ocrx_word' id='word_1_702' title='bbox 1635 4941 1727 4995; x_wconf 79' lang='grc' dir='ltr'>τὸν</span> 
     </span>
    </p>
   </div>
   <div class='ocr_carea' id='block_1_97' title="bbox 163 5019 1726 5102">
    <p class='ocr_par' dir='ltr' id='par_1_97' title="bbox 163 5019 1726 5102">
     <span class='ocr_line' id='line_1_97' title="bbox 163 5019 1726 5102; baseline 0.011 -33"><span class='ocrx_word' id='word_1_703' title='bbox 163 5019 414 5088; x_wconf 80' lang='grc' dir='ltr'>κάματον.</span> <span class='ocrx_word' id='word_1_704' title='bbox 475 5025 545 5079; x_wconf 80' lang='grc' dir='ltr'><strong>σὺ</strong></span> <span class='ocrx_word' id='word_1_705' title='bbox 602 5027 659 5079; x_wconf 82' lang='grc' dir='ltr'>δὲ</span> <span class='ocrx_word' id='word_1_706' title='bbox 709 5029 768 5081; x_wconf 85' lang='grc' dir='ltr'>ὲν</span> <span class='ocrx_word' id='word_1_707' title='bbox 817 5029 990 5101; x_wconf 84' lang='grc' dir='ltr'>ταύτῃ</span> <span class='ocrx_word' id='word_1_708' title='bbox 1041 5032 1104 5101; x_wconf 80' lang='grc' dir='ltr'>τῇ</span> <span class='ocrx_word' id='word_1_709' title='bbox 1163 5029 1349 5102; x_wconf 79' lang='grc' dir='ltr'>ἡλικίᾳ.</span> <span class='ocrx_word' id='word_1_710' title='bbox 1390 5033 1452 5084; x_wconf 83' lang='grc' dir='ltr'><strong>οὐ</strong></span> <span class='ocrx_word' id='word_1_711' title='bbox 1503 5032 1726 5087; x_wconf 86' lang='grc' dir='ltr'>δύνασαι</span> 
     </span>
    </p>
   </div>
   <div class='ocr_carea' id='block_1_98' title="bbox 160 5110 1726 5192">
    <p class='ocr_par' dir='ltr' id='par_1_98' title="bbox 160 5110 1726 5192">
     <span class='ocr_line' id='line_1_98' title="bbox 160 5110 1726 5192; baseline 0.01 -31"><span class='ocrx_word' id='word_1_712' title='bbox 160 5110 472 5182; x_wconf 78' lang='grc' dir='ltr'>ὑπενεγκεῖν</span> <span class='ocrx_word' id='word_1_713' title='bbox 500 5117 550 5149; x_wconf 84' lang='grc'><strong>⁷⁸</strong></span> <span class='ocrx_word' id='word_1_714' title='bbox 592 5119 718 5181; x_wconf 82' lang='grc' dir='ltr'>τοὺς</span> <span class='ocrx_word' id='word_1_715' title='bbox 756 5119 856 5189; x_wconf 86' lang='grc' dir='ltr'>τῆς</span> <span class='ocrx_word' id='word_1_716' title='bbox 899 5119 1184 5192; x_wconf 84' lang='grc' dir='ltr'>ἀσκήσεως</span> <span class='ocrx_word' id='word_1_717' title='bbox 1229 5124 1585 5192; x_wconf 75' lang='grc' dir='ltr'>πειρασμοὺς,</span> <span class='ocrx_word' id='word_1_718' title='bbox 1633 5125 1726 5177; x_wconf 83' lang='grc' dir='ltr'>καὶ</span> 
     </span>
    </p>
   </div>
   <div class='ocr_carea' id='block_1_99' title="bbox 1830 4664 3400 4725">
    <p class='ocr_par' dir='ltr' id='par_1_99' title="bbox 1830 4664 3400 4725">
     <span class='ocr_line' id='line_1_99' title="bbox 1830 4664 3400 4725; baseline -0.003 -3"><span class='ocrx_word' id='word_1_719' title='bbox 1830 4685 1917 4722; x_wconf 92' lang='lat' dir='ltr'><strong>me</strong></span> <span class='ocrx_word' id='word_1_720' title='bbox 1951 4670 2006 4721; x_wconf 92' lang='lat' dir='ltr'><strong>in</strong></span> <span class='ocrx_word' id='word_1_721' title='bbox 2049 4666 2444 4721; x_wconf 89' lang='lat' dir='ltr'><strong>monasterium</strong></span> <span class='ocrx_word' id='word_1_722' title='bbox 2477 4672 2662 4725; x_wconf 90' lang='lat' dir='ltr'><strong>tuum,</strong></span> <span class='ocrx_word' id='word_1_723' title='bbox 2696 4671 2756 4716; x_wconf 87' lang='lat' dir='ltr'><strong>ut</strong></span> <span class='ocrx_word' id='word_1_724' title='bbox 2791 4664 3092 4718; x_wconf 88' lang='lat' dir='ltr'><strong>monachus</strong></span> <span class='ocrx_word' id='word_1_725' title='bbox 3125 4664 3270 4717; x_wconf 87' lang='lat' dir='ltr'><strong>liam.</strong></span> <span class='ocrx_word' id='word_1_726' title='bbox 3300 4664 3400 4718; x_wconf 82' lang='lat' dir='ltr'><strong>Cui</strong></span> 
     </span>
    </p>
   </div>
   <div class='ocr_carea' id='block_1_100' title="bbox 1829 4756 3401 4825">
    <p class='ocr_par' dir='ltr' id='par_1_100' title="bbox 1829 4756 3401 4825">
     <span class='ocr_line' id='line_1_100' title="bbox 1829 4756 3401 4825; baseline -0.001 -13"><span class='ocrx_word' id='word_1_727' title='bbox 1829 4759 2155 4813; x_wconf 87' lang='lat' dir='ltr'><strong>Pachomius</strong></span> <span class='ocrx_word' id='word_1_728' title='bbox 2191 4775 2204 4811; x_wconf 91' lang='lat'><strong>:</strong></span> <span class='ocrx_word' id='word_1_729' title='bbox 2238 4758 2429 4811; x_wconf 82' lang='lat' dir='ltr'><strong>Aetate</strong></span> <span class='ocrx_word' id='word_1_730' title='bbox 2458 4765 2568 4808; x_wconf 88' lang='lat' dir='ltr'><strong>tam</strong></span> <span class='ocrx_word' id='word_1_731' title='bbox 2610 4764 2899 4824; x_wconf 88' lang='lat' dir='ltr'><strong>provectus</strong></span> <span class='ocrx_word' id='word_1_732' title='bbox 2933 4757 3027 4825; x_wconf 88' lang='lat' dir='ltr'><strong>qui</strong></span> <span class='ocrx_word' id='word_1_733' title='bbox 3061 4756 3320 4824; x_wconf 86' lang='lat' dir='ltr'><strong>deinceps</strong></span> <span class='ocrx_word' id='word_1_734' title='bbox 3349 4765 3401 4810; x_wconf 86' lang='lat' dir='ltr'><strong>te</strong></span> 
     </span>
    </p>
   </div>
   <div class='ocr_carea' id='block_1_101' title="bbox 1827 4846 3396 4919">
    <p class='ocr_par' dir='ltr' id='par_1_101' title="bbox 1827 4846 3396 4919">
     <span class='ocr_line' id='line_1_101' title="bbox 1827 4846 3396 4919; baseline -0.003 -12"><span class='ocrx_word' id='word_1_735' title='bbox 1827 4866 2083 4907; x_wconf 81' lang='lat' dir='ltr'><strong>exercere</strong></span> <span class='ocrx_word' id='word_1_736' title='bbox 2113 4849 2349 4919; x_wconf 82' lang='lat' dir='ltr'><strong>peteris?</strong></span> <span class='ocrx_word' id='word_1_737' title='bbox 2377 4846 2595 4902; x_wconf 87' lang='lat' dir='ltr'><strong>Fratres</strong></span> <span class='ocrx_word' id='word_1_738' title='bbox 2628 4863 2658 4900; x_wconf 90' lang='lat' dir='ltr'><strong>a</strong></span> <span class='ocrx_word' id='word_1_739' title='bbox 2690 4848 2981 4916; x_wconf 86' lang='lat' dir='ltr'><strong>juventute</strong></span> <span class='ocrx_word' id='word_1_740' title='bbox 3028 4864 3086 4903; x_wconf 86' lang='lat' dir='ltr'><strong>se</strong></span> <span class='ocrx_word' id='word_1_741' title='bbox 3118 4856 3396 4910; x_wconf 78' lang='lat' dir='ltr'><strong>exercent,</strong></span> 
     </span>
    </p>
   </div>
   <div class='ocr_carea' id='block_1_102' title="bbox 1828 4940 3396 5008">
    <p class='ocr_par' dir='ltr' id='par_1_102' title="bbox 1828 4940 3396 5008">
     <span class='ocr_line' id='line_1_102' title="bbox 1828 4940 3396 5008; baseline -0.001 -10"><span class='ocrx_word' id='word_1_742' title='bbox 1828 4953 1882 4999; x_wconf 91' lang='lat' dir='ltr'><strong>et</strong></span> <span class='ocrx_word' id='word_1_743' title='bbox 1915 4945 1968 4997; x_wconf 93' lang='lat' dir='ltr'><strong>in</strong></span> <span class='ocrx_word' id='word_1_744' title='bbox 1997 4942 2279 4997; x_wconf 90' lang='lat' dir='ltr'><strong>laboribus</strong></span> <span class='ocrx_word' id='word_1_745' title='bbox 2309 4940 2684 5002; x_wconf 82' lang='lat' dir='ltr'><strong>adoleverunt,</strong></span> <span class='ocrx_word' id='word_1_746' title='bbox 2717 4956 2890 5008; x_wconf 89' lang='lat' dir='ltr'><strong>neque</strong></span> <span class='ocrx_word' id='word_1_747' title='bbox 2922 4940 3104 4994; x_wconf 81' lang='lat' dir='ltr'><strong>ferunt</strong></span> <span class='ocrx_word' id='word_1_748' title='bbox 3133 4941 3396 4996; x_wconf 85' lang='lat' dir='ltr'><strong>laborem.</strong></span> 
     </span>
    </p>
   </div>
   <div class='ocr_carea' id='block_1_103' title="bbox 1832 5033 3400 5101">
    <p class='ocr_par' dir='ltr' id='par_1_103' title="bbox 1832 5033 3400 5101">
     <span class='ocr_line' id='line_1_103' title="bbox 1832 5033 3400 5101; baseline -0.001 -12"><span class='ocrx_word' id='word_1_749' title='bbox 1832 5035 1913 5088; x_wconf 91' lang='lat' dir='ltr'><strong>Tu</strong></span> <span class='ocrx_word' id='word_1_750' title='bbox 1937 5049 2066 5088; x_wconf 89' lang='lat' dir='ltr'><strong>vero</strong></span> <span class='ocrx_word' id='word_1_751' title='bbox 2097 5033 2200 5087; x_wconf 89' lang='lat' dir='ltr'><strong>hac</strong></span> <span class='ocrx_word' id='word_1_752' title='bbox 2227 5039 2406 5087; x_wconf 86' lang='lat' dir='ltr'><strong>aetate</strong></span> <span class='ocrx_word' id='word_1_753' title='bbox 2438 5049 2544 5087; x_wconf 92' lang='lat' dir='ltr'><strong>non</strong></span> <span class='ocrx_word' id='word_1_754' title='bbox 2577 5041 2728 5101; x_wconf 89' lang='lat' dir='ltr'><strong>potes</strong></span> <span class='ocrx_word' id='word_1_755' title='bbox 2761 5034 3036 5087; x_wconf 85' lang='lat' dir='ltr'><strong>sustinere</strong></span> <span class='ocrx_word' id='word_1_756' title='bbox 3071 5033 3400 5088; x_wconf 86' lang='lat' dir='ltr'><strong>tentationes</strong></span> 
     </span>
    </p>
   </div>
   <div class='ocr_carea' id='block_1_104' title="bbox 1829 5123 3399 5191">
    <p class='ocr_par' dir='ltr' id='par_1_104' title="bbox 1829 5123 3399 5191">
     <span class='ocr_line' id='line_1_104' title="bbox 1829 5123 3399 5191; baseline -0.003 -9"><span class='ocrx_word' id='word_1_757' title='bbox 1829 5125 2268 5182; x_wconf 78' lang='lat' dir='ltr'><strong>exercitationis.</strong></span> <span class='ocrx_word' id='word_1_758' title='bbox 2328 5123 2666 5188; x_wconf 68' lang='lat' dir='ltr'><strong>Oﬂ‘enderis,</strong></span> <span class='ocrx_word' id='word_1_759' title='bbox 2727 5125 2943 5191; x_wconf 80' lang='lat' dir='ltr'><strong>exibis,</strong></span> <span class='ocrx_word' id='word_1_760' title='bbox 3000 5131 3055 5178; x_wconf 89' lang='lat' dir='ltr'><strong>et</strong></span> <span class='ocrx_word' id='word_1_761' title='bbox 3109 5124 3399 5183; x_wconf 80' lang='lat' dir='ltr'><strong>maledices</strong></span> 
     </span>
    </p>
   </div>
   <div class='ocr_carea' id='block_1_105' title="bbox 1423 5257 2126 5319">
    <p class='ocr_par' dir='ltr' id='par_1_105' title="bbox 1423 5257 2126 5319">
     <span class='ocr_line' id='line_1_105' title="bbox 1423 5257 2126 5319; baseline 0.006 -6"><span class='ocrx_word' id='word_1_762' title='bbox 1423 5257 1684 5314; x_wconf 82' lang='lat' dir='ltr'><strong>VARIAE</strong></span> <span class='ocrx_word' id='word_1_763' title='bbox 1723 5262 2126 5319; x_wconf 78' lang='lat' dir='ltr'><strong>LECTIONES.</strong></span> 
     </span>
    </p>
   </div>
   <div class='ocr_carea' id='block_1_106' title="bbox 224 5357 3397 5448">
    <p class='ocr_par' dir='ltr' id='par_1_106' title="bbox 224 5357 3397 5448">
     <span class='ocr_line' id='line_1_106' title="bbox 224 5357 3397 5448; baseline 0.003 -24"><span class='ocrx_word' id='word_1_764' title='bbox 224 5357 268 5448; x_wconf 64' lang='grc' dir='ltr'><strong>ξ⁵</strong></span> <span class='ocrx_word' id='word_1_765' title='bbox 296 5358 334 5424; x_wconf 74' lang='grc' dir='ltr'><strong><em>ἦ</em></strong></span> <span class='ocrx_word' id='word_1_766' title='bbox 355 5376 477 5448; x_wconf 58' lang='lat' dir='ltr'><strong>pm.</strong></span> <span class='ocrx_word' id='word_1_767' title='bbox 652 5366 1209 5448; x_wconf 32' lang='lat' dir='ltr'><strong>&#39;_‘_P_r0‘l9n.1d(_ortoc</strong></span> <span class='ocrx_word' id='word_1_768' title='bbox 1239 5372 1280 5425; x_wconf 86' lang='grc' dir='ltr'><strong>Β</strong></span> <span class='ocrx_word' id='word_1_769' title='bbox 1308 5373 1602 5448; x_wconf 55' lang='grc' dir='ltr'>δεχομένη</span> <span class='ocrx_word' id='word_1_770' title='bbox 1629 5376 1923 5443; x_wconf 79' lang='grc' dir='ltr'>θηλάζειν.</span> <span class='ocrx_word' id='word_1_771' title='bbox 1997 5381 2045 5412; x_wconf 82' lang='grc'><strong>⁵¹</strong></span> <span class='ocrx_word' id='word_1_772' title='bbox 2073 5377 2162 5432; x_wconf 83' lang='grc' dir='ltr'><strong>ΑΒ</strong></span> <span class='ocrx_word' id='word_1_773' title='bbox 2194 5378 2528 5448; x_wconf 70' lang='grc' dir='ltr'>ὀρῤύσσων.</span> <span class='ocrx_word' id='word_1_774' title='bbox 2603 5378 2647 5409; x_wconf 80' lang='grc'><strong>³³</strong></span> <span class='ocrx_word' id='word_1_775' title='bbox 2670 5375 2710 5429; x_wconf 86' lang='grc' dir='ltr'><strong>Β</strong></span> <span class='ocrx_word' id='word_1_776' title='bbox 2735 5379 2783 5448; x_wconf 8' lang='lat' dir='ltr'><strong>dp</strong></span> <span class='ocrx_word' id='word_1_777' title='bbox 2798 5377 3085 5444; x_wconf 76' lang='grc' dir='ltr'>μακάριος</span> <span class='ocrx_word' id='word_1_778' title='bbox 3142 5381 3190 5417; x_wconf 67' lang='grc'><strong>³⁸</strong></span> <span class='ocrx_word' id='word_1_779' title='bbox 3217 5384 3397 5440; x_wconf 87' lang='lat' dir='ltr'><strong>Corr.,</strong></span> 
     </span>
    </p>
   </div>
   <div class='ocr_carea' id='block_1_107' title="bbox 160 5426 3403 5518">
    <p class='ocr_par' dir='ltr' id='par_1_107' title="bbox 160 5426 3403 5518">
     <span class='ocr_line' id='line_1_107' title="bbox 160 5426 3403 5518; baseline 0.006 -35"><span class='ocrx_word' id='word_1_780' title='bbox 160 5426 713 5518; x_wconf 34' lang='lat' dir='ltr'><strong>ﬁgureturf</strong></span> <span class='ocrx_word' id='word_1_781' title='bbox 742 5441 787 5491; x_wconf 87' lang='lat' dir='ltr'><strong>A</strong></span> <span class='ocrx_word' id='word_1_782' title='bbox 813 5426 1279 5518; x_wconf 56' lang='grc' dir='ltr'>ῥςτρσεέλανὲος,</span> <span class='ocrx_word' id='word_1_783' title='bbox 1306 5445 1349 5518; x_wconf 76' lang='lat'><strong>_1_3</strong></span> <span class='ocrx_word' id='word_1_784' title='bbox 1375 5426 1882 5518; x_wconf 35' lang='lat' dir='ltr'><strong>gessisse}:</strong></span> <span class='ocrx_word' id='word_1_785' title='bbox 1910 5426 1923 5434; x_wconf 83' lang='grc'><em>’</em></span> <span class='ocrx_word' id='word_1_786' title='bbox 1957 5450 2002 5482; x_wconf 76' lang='grc' dir='ltr'>η</span> <span class='ocrx_word' id='word_1_787' title='bbox 2050 5426 2290 5518; x_wconf 49' lang='lat' dir='ltr'><strong>me;</strong></span> <span class='ocrx_word' id='word_1_788' title='bbox 2305 5426 2604 5514; x_wconf 62' lang='grc' dir='ltr'><strong>ἓῖρὲίᾷἷέρςι.</strong></span> <span class='ocrx_word' id='word_1_789' title='bbox 2671 5426 3147 5516; x_wconf 31' lang='lat' dir='ltr'><strong>&#39;51&#39;Pi’o&#39;ﬁr2v&#39;hc</strong></span> <span class='ocrx_word' id='word_1_790' title='bbox 3184 5426 3403 5516; x_wconf 60' lang='grc' dir='ltr'><strong>λῖἑὶτῆτέ</strong></span> 
     </span>
    </p>
   </div>
   <div class='ocr_carea' id='block_1_108' title="bbox 163 5565 204 5596">
    <p class='ocr_par' dir='ltr' id='par_1_108' title="bbox 163 5565 204 5596">
     <span class='ocr_line' id='line_1_108' title="bbox 163 5565 204 5596; baseline 0.073 -3"><span class='ocrx_word' id='word_1_791' title='bbox 163 5565 204 5596; x_wconf 66' lang='grc'><strong>13</strong></span> 
     </span>
    </p>
   </div>
   <div class='ocr_carea' id='block_1_109' title="bbox 260 5571 2380 5649">
    <p class='ocr_par' dir='ltr' id='par_1_109' title="bbox 260 5571 2380 5649">
     <span class='ocr_line' id='line_1_109' title="bbox 260 5571 2380 5649; baseline 0.009 -29"><span class='ocrx_word' id='word_1_792' title='bbox 260 5571 510 5649; x_wconf 63' lang='lat' dir='ltr'><strong>cup-(Bc</strong></span> <span class='ocrx_word' id='word_1_793' title='bbox 577 5571 796 5649; x_wconf 10' lang='lat' dir='ltr'><strong>omni}.</strong></span> <span class='ocrx_word' id='word_1_794' title='bbox 875 5582 921 5612; x_wconf 63' lang='grc' dir='ltr'><strong>οδ</strong></span> <span class='ocrx_word' id='word_1_795' title='bbox 946 5571 1232 5649; x_wconf 46' lang='grc' dir='ltr'>Βάώμην.</span> <span class='ocrx_word' id='word_1_796' title='bbox 1310 5585 1355 5616; x_wconf 71' lang='grc'><strong>⁵⁵</strong></span> <span class='ocrx_word' id='word_1_797' title='bbox 1384 5584 1425 5636; x_wconf 84' lang='lat' dir='ltr'><strong>B</strong></span> <span class='ocrx_word' id='word_1_798' title='bbox 1447 5586 1836 5648; x_wconf 76' lang='grc' dir='ltr'>βαδίζουσαν.</span> <span class='ocrx_word' id='word_1_799' title='bbox 1867 5571 1878 5574; x_wconf 32' lang='grc'>⁷</span> <span class='ocrx_word' id='word_1_800' title='bbox 1902 5571 1955 5620; x_wconf 45' lang='grc' dir='ltr'>ἦ</span> <span class='ocrx_word' id='word_1_801' title='bbox 1975 5571 2022 5643; x_wconf 67' lang='grc' dir='ltr'>Ϊῖ</span> <span class='ocrx_word' id='word_1_802' title='bbox 2056 5585 2380 5642; x_wconf 74' lang='grc' dir='ltr'>ἀπέστειλε.</span> 
     </span>
    </p>
   </div>
   <div class='ocr_carea' id='block_1_110' title="bbox 162 5495 3394 5588">
    <p class='ocr_par' dir='ltr' id='par_1_110' title="bbox 162 5495 3394 5588">
     <span class='ocr_line' id='line_1_110' title="bbox 162 5495 3394 5588; baseline 0.002 -24"><span class='ocrx_word' id='word_1_803' title='bbox 162 5495 531 5588; x_wconf 57' lang='grc' dir='ltr'>ξξέτέρανρν</span> <span class='ocrx_word' id='word_1_804' title='bbox 559 5508 777 5588; x_wconf 36' lang='lat' dir='ltr'><strong>Mein;</strong></span> <span class='ocrx_word' id='word_1_805' title='bbox 831 5495 1135 5588; x_wconf 55' lang='lat' dir='ltr'><strong>&quot;pﬁoqcr</strong></span> <span class='ocrx_word' id='word_1_806' title='bbox 1171 5495 1279 5545; x_wconf 12' lang='lat'><strong>7&#39;55</strong></span> <span class='ocrx_word' id='word_1_807' title='bbox 1304 5515 1353 5588; x_wconf 50' lang='lat' dir='ltr'><strong>It</strong></span> <span class='ocrx_word' id='word_1_808' title='bbox 1377 5495 1736 5588; x_wconf 58' lang='grc' dir='ltr'><strong>ξάρἑιξέέςῇἓῗ</strong></span> <span class='ocrx_word' id='word_1_809' title='bbox 1765 5495 2000 5583; x_wconf 42' lang='lat' dir='ltr'><strong>eum».</strong></span> <span class='ocrx_word' id='word_1_810' title='bbox 2044 5495 2259 5588; x_wconf 50' lang='grc' dir='ltr'>ἆηζξᾎῖ</span> <span class='ocrx_word' id='word_1_811' title='bbox 2308 5495 3137 5588; x_wconf 48' lang='grc' dir='ltr'><strong>ἶιἋῦτέξὶητυσὶέῥαῗἮ’ὅ</strong></span> <span class='ocrx_word' id='word_1_812' title='bbox 3168 5495 3394 5588; x_wconf 51' lang='lat' dir='ltr'><strong>me:</strong></span> 
     </span>
    </p>
   </div>
   <div class='ocr_carea' id='block_1_111' title="bbox 2498 5587 3402 5658">
    <p class='ocr_par' dir='ltr' id='par_1_111' title="bbox 2498 5587 3402 5658">
     <span class='ocr_line' id='line_1_111' title="bbox 2498 5587 3402 5658; baseline 0.004 -19"><span class='ocrx_word' id='word_1_813' title='bbox 2498 5588 2539 5618; x_wconf 82' lang='grc'><strong>⁸⁷</strong></span> <span class='ocrx_word' id='word_1_814' title='bbox 2566 5587 2604 5639; x_wconf 84' lang='grc' dir='ltr'><strong>Β</strong></span> <span class='ocrx_word' id='word_1_815' title='bbox 2632 5589 2918 5653; x_wconf 73' lang='grc' dir='ltr'>ἀκηκοώς.</span> <span class='ocrx_word' id='word_1_816' title='bbox 2997 5590 3040 5620; x_wconf 73' lang='grc'>⁸⁸</span> <span class='ocrx_word' id='word_1_817' title='bbox 3075 5589 3160 5640; x_wconf 74' lang='grc' dir='ltr'><strong>ΑΒ</strong></span> <span class='ocrx_word' id='word_1_818' title='bbox 3184 5607 3402 5658; x_wconf 78' lang='grc' dir='ltr'>μεταμ-</span> 
     </span>
    </p>
   </div>
   <div class='ocr_carea' id='block_1_112' title="bbox 162 5638 3400 5727">
    <p class='ocr_par' dir='ltr' id='par_1_112' title="bbox 162 5638 3400 5727">
     <span class='ocr_line' id='line_1_112' title="bbox 162 5638 3400 5727; baseline 0.002 -22"><span class='ocrx_word' id='word_1_819' title='bbox 162 5638 582 5727; x_wconf 24' lang='grc' dir='ltr'><strong>ςε-εςιτίάιειε-νρς.⁹</strong></span> <span class='ocrx_word' id='word_1_820' title='bbox 623 5647 666 5681; x_wconf 70' lang='grc' dir='ltr'><strong>ιε</strong></span> <span class='ocrx_word' id='word_1_821' title='bbox 689 5648 799 5727; x_wconf 52' lang='lat' dir='ltr'><strong>mg</strong></span> <span class='ocrx_word' id='word_1_822' title='bbox 823 5651 918 5727; x_wconf 64' lang='lat' dir='ltr'><strong>sm</strong></span> <span class='ocrx_word' id='word_1_823' title='bbox 939 5652 1050 5727; x_wconf 67' lang='grc' dir='ltr'>τῆς</span> <span class='ocrx_word' id='word_1_824' title='bbox 1081 5638 1301 5727; x_wconf 40' lang='lat' dir='ltr'><strong>spinos</strong></span> <span class='ocrx_word' id='word_1_825' title='bbox 1329 5638 1908 5727; x_wconf 47' lang='lat' dir='ltr'><strong>desomnem</strong></span> <span class='ocrx_word' id='word_1_826' title='bbox 1932 5638 2026 5712; x_wconf 58' lang='lat' dir='ltr'><strong>aia</strong></span> <span class='ocrx_word' id='word_1_827' title='bbox 2051 5638 2160 5724; x_wconf 50' lang='grc' dir='ltr'><strong>έῖῆίςξ</strong></span> <span class='ocrx_word' id='word_1_828' title='bbox 2181 5638 2420 5727; x_wconf 46' lang='lat' dir='ltr'><strong>eam</strong></span> <span class='ocrx_word' id='word_1_829' title='bbox 2497 5659 2542 5689; x_wconf 81' lang='grc' dir='ltr'><strong><em>το</em></strong></span> <span class='ocrx_word' id='word_1_830' title='bbox 2567 5638 2603 5708; x_wconf 62' lang='grc' dir='ltr'>λ</span> <span class='ocrx_word' id='word_1_831' title='bbox 2641 5638 2954 5725; x_wconf 45' lang='lat' dir='ltr'><strong>gemas.</strong></span> <span class='ocrx_word' id='word_1_832' title='bbox 3121 5638 3159 5710; x_wconf 62' lang='lat' dir='ltr'><strong>ii</strong></span> <span class='ocrx_word' id='word_1_833' title='bbox 3184 5638 3400 5714; x_wconf 55' lang='lat'><strong>3.3.2:.</strong></span> 
     </span>
    </p>
   </div>
   <div class='ocr_carea' id='block_1_113' title="bbox 163 5705 1645 5834">
    <p class='ocr_par' dir='ltr' id='par_1_113' title="bbox 163 5705 1645 5834">
     <span class='ocr_line' id='line_1_113' title="bbox 163 5705 1645 5834; baseline 0.002 -55"><span class='ocrx_word' id='word_1_834' title='bbox 163 5705 408 5834; x_wconf 35' lang='lat' dir='ltr'><strong>girls)</strong></span> <span class='ocrx_word' id='word_1_835' title='bbox 447 5711 681 5786; x_wconf 69' lang='grc' dir='ltr'><strong>ἐκείνῳ.</strong></span> <span class='ocrx_word' id='word_1_836' title='bbox 758 5722 802 5752; x_wconf 81' lang='grc'><strong>⁷³</strong></span> <span class='ocrx_word' id='word_1_837' title='bbox 835 5722 879 5775; x_wconf 84' lang='grc' dir='ltr'>Α</span> <span class='ocrx_word' id='word_1_838' title='bbox 908 5705 1645 5797; x_wconf 29' lang='grc' dir='ltr'>ιιετὶί.⁷δ’;ιιέγιιιμόιην.ἾΒῖ</span> 
     </span>
    </p>
   </div>
   <div class='ocr_carea' id='block_1_114' title="bbox 1765 5729 2259 5798">
    <p class='ocr_par' dir='ltr' id='par_1_114' title="bbox 1765 5729 2259 5798">
     <span class='ocr_line' id='line_1_114' title="bbox 1765 5729 2259 5798; baseline 0.002 -16"><span class='ocrx_word' id='word_1_839' title='bbox 1765 5730 1812 5761; x_wconf 67' lang='grc'><strong>⁷⁵</strong></span> <span class='ocrx_word' id='word_1_840' title='bbox 1872 5731 1912 5782; x_wconf 86' lang='grc' dir='ltr'><strong>Β</strong></span> <span class='ocrx_word' id='word_1_841' title='bbox 1973 5729 2259 5798; x_wconf 73' lang='grc' dir='ltr'><strong>ἐντυχών.</strong></span> 
     </span>
    </p>
   </div>
   <div class='ocr_carea' id='block_1_115' title="bbox 2372 5727 3398 5799">
    <p class='ocr_par' dir='ltr' id='par_1_115' title="bbox 2372 5727 3398 5799">
     <span class='ocr_line' id='line_1_115' title="bbox 2372 5727 3398 5799; baseline -0.014 -17"><span class='ocrx_word' id='word_1_842' title='bbox 2372 5729 2417 5759; x_wconf 80' lang='grc'><strong>⁷⁸</strong></span> <span class='ocrx_word' id='word_1_843' title='bbox 2488 5727 2528 5780; x_wconf 86' lang='grc' dir='ltr'><strong>Β</strong></span> <span class='ocrx_word' id='word_1_844' title='bbox 2595 5729 2691 5782; x_wconf 75' lang='grc' dir='ltr'>καὶ</span> <span class='ocrx_word' id='word_1_845' title='bbox 2751 5731 2952 5798; x_wconf 73' lang='grc' dir='ltr'>μόλις,</span> <span class='ocrx_word' id='word_1_846' title='bbox 3060 5731 3184 5784; x_wconf 83' lang='grc' dir='ltr'><strong>⁷⁶Β</strong></span> <span class='ocrx_word' id='word_1_847' title='bbox 3236 5733 3398 5799; x_wconf 49' lang='lat' dir='ltr'><strong>etp-£7...</strong></span> 
     </span>
    </p>
   </div>
  </div>
