3950 6582
607 345 705 403 191

1432 351 1531 411 SS.
1572 352 2030 412 MACARIORUM
2070 355 2391 413 AEGYPTII
2433 358 2520 414 ET
2558 358 3026 416 ALEXANDRINI
3696 362 3774 421 {92

592 459 771 516 nobis.
805 457 989 532 Neque
1013 476 1137 517 eum
1166 464 1427 537 suscepit.
1459 465 1555 521 Ille
1592 477 1774 521 autem
1819 469 2064 537 perstitit
2093 484 2146 524 ac

2261 471 2608 545 σκανδαλίζῃ,
2645 474 2739 526 καὶ
2774 473 2993 547 ἐξέρχῃ,
3037 472 3133 527 καὶ
3165 473 3481 543 κακολογεῖς
3527 473 3680 544 ἡμᾶς.
3705 492 3780 541 καὶ

584 550 812 621 jejunus
862 553 1127 607 remansit
1174 562 1380 626 septem
1438 557 1580 613 dies.
1628 556 1836 614 Deinde
1891 558 2160 616 Macarius

588 658 823 713 magnus
855 657 870 693 :
900 642 1003 707 Me,
1036 645 1236 715 inquit,
1290 648 1530 717 suscipe,
1582 649 1743 712 abba,
1779 658 1834 704 et
1878 651 1987 706 nisi
2016 652 2162 722 jeju-

585 748 811 800 navero,
837 736 982 792 sicut
1007 737 1108 804 illi,
1127 748 1182 793 et
1199 748 1456 810 operatus
1477 739 1656 807 fuero,
1683 757 1822 812 quae
1842 757 2158 813 operantur,

588 840 706 881 tum
738 827 867 893 jube
893 842 979 881 me
1010 828 1136 896 ejici
1158 844 1189 883 e
1216 830 1569 884 monasterio.
1604 831 1831 902 Magnus
1863 833 2029 904 igitur
2055 834 2161 890 Pa-

589 915 843 971 chomius
896 917 1158 974 fratribus
1213 921 1523 989 persuadet,
1555 930 1613 976 ut
1664 939 1787 978 eum
1832 927 2156 996 suscipiant.

586 1006 901 1063 Conventus
949 1019 1130 1063 autem
1182 1010 1329 1065 illius
1379 1015 1698 1070 monasterii
1752 1026 1971 1072 constat
2013 1020 2159 1076 mille

585 1100 1001 1169 quadringentis
1035 1102 1170 1157 viris
1201 1103 1255 1156 in
1292 1104 1615 1161 hodiernum
1650 1124 1824 1178 usque
1851 1108 2015 1163 diem.
2045 1109 2157 1166 Hoc

586 1189 751 1258 igitur
770 1192 1162 1246 monasterium
1187 1193 1455 1251 Macarius
1484 1212 1710 1268 magnus
1733 1199 1975 1251 intravit.
2000 1198 2155 1253 Brevi

582 1289 765 1336 autem
796 1290 1041 1353 tempore
1064 1293 1184 1355 post
1201 1295 1318 1341 erat
1341 1288 1776 1359 quadragesima.
1796 1295 1871 1345 Ac
1887 1291 2158 1348 Macarius

583 1386 812 1443 magnus
841 1389 1009 1443 quum
1043 1376 1911 1455 vidisset258nnumquemque
1939 1388 2156 1441 diversa

581 1463 891 1532 suscepisse
913 1465 1130 1520 vivendi
1156 1467 1429 1531 instituta,
1458 1472 1623 1525 alium
1657 1476 1876 1543 quidem
1906 1492 2152 1547 vespere,

581 1554 748 1606 alium
776 1566 896 1625 post
920 1556 1080 1621 duos,
1107 1559 1272 1613 alium
1306 1569 1429 1630 post
1456 1564 1695 1633 quinque
1712 1567 1829 1623 dies
1847 1571 2153 1638 comedere,

580 1645 745 1699 alium
772 1648 937 1702 etiam
963 1656 1113 1704 stare
1146 1667 1240 1721 per
1267 1659 1436 1707 totam
1456 1666 1691 1725 noctem,
1717 1659 1949 1713 interdiu
1974 1670 2154 1717 autem

578 1737 646 1791 ad
671 1753 811 1808 opus
834 1741 1025 1797 sedere
1055 1760 1069 1796 :
1105 1745 1242 1812 ipse,
1279 1761 1447 1815 quum
1480 1763 1661 1805 ramos
1717 1751 1820 1805 sibi
1855 1754 2153 1823 palmarum

577 1830 777 1887 multos
829 1833 1231 1898 madefecisset,
1274 1837 1326 1890 in
1369 1841 1573 1907 angulo
1606 1857 1716 1895 uno
1746 1844 1918 1910 stetit,
1950 1860 2146 1915 neque,

574 1920 749 1977 donec
774 1923 1189 1996 quadragesima
1224 1929 1444 1999 impleta
1469 1940 1616 1987 esset
1649 1942 1703 1987 et
1733 1936 1937 2005 pascha
1986 1937 2150 1993 adve-

576 2016 769 2080 nisset,
805 2032 999 2087 panem
1050 2036 1227 2090 neque
1273 2038 1470 2091 aquam
1518 2026 1718 2096 tetigit,
1778 2044 1952 2098 neque
2007 2046 2149 2100 genu

574 2106 745 2173 ﬂexit,
780 2124 957 2178 neque
1000 2111 1162 2175 sedit,
1197 2128 1373 2182 neque
1406 2117 1682 2181 accubuit,
1721 2134 1897 2188 neque
1926 2122 2149 2176 omnino

574 2199 721 2255 aliud
756 2202 1053 2273 quidquam
1096 2207 1354 2273 gustavit,
1384 2208 1488 2263 nisi
1517 2209 1684 2263 cruda
1714 2212 1961 2268 crambes
1996 2211 2146 2279 folia,

574 2304 713 2359 quae
736 2293 971 2369 sumpsit
1001 2293 1089 2349 die
1120 2295 1416 2360 dominica,
1455 2307 1513 2353 ut
1540 2300 1814 2357 videretur
1841 2306 2146 2372 comedere,

574 2396 751 2451 neque
780 2383 833 2437 in
862 2383 1099 2454 aliquam
1123 2387 1191 2441 de
1223 2405 1280 2443 se
1299 2391 1610 2458 opinionem
1640 2394 1921 2451 incideret.
1950 2398 2145 2468 Atque,

571 2470 619 2525 si
651 2473 870 2541 quando
900 2482 1124 2545 prOpter
1150 2480 1533 2533 necessitatem
1567 2496 1722 2535 suam
1747 2484 2144 2553 egrediebatur,

571 2563 738 2618 citius
773 2566 1084 2634 regrediens
1114 2569 1266 2621 stetit
1292 2568 1357 2622 ad
1386 2586 1525 2640 opus
1557 2587 1750 2627 manus
1776 2589 1928 2637 suae,
1971 2591 2147 2646 neque

569 2670 632 2709 os
667 2657 899 2725 aperuit,
934 2674 1034 2713 nec
1071 2675 1239 2728 pauca
1273 2662 1488 2718 locutus
1514 2680 1615 2718 nec
1654 2666 1844 2731 multa,
1869 2667 1962 2722 sed
1996 2670 2146 2723 stetit

570 2748 765 2804 silens.
798 2749 986 2821 Neque
1025 2769 1252 2822 prorsus
1281 2756 1425 2810 aliud
1455 2756 1774 2826 quidquam,
1811 2759 1916 2814 nisi
1943 2761 2148 2815 oratio-

567 2856 691 2895 nem
725 2843 835 2913 egit
858 2843 912 2897 in
945 2846 1130 2912 corde,
1152 2856 1205 2902 et
1230 2864 1412 2903 ramos
1435 2851 1710 2914 tractavit,
1743 2867 1884 2920 quos
1916 2852 2147 2907 habebat

566 2933 623 2987 in
666 2936 938 2991 manibus.
975 2938 1123 2995 Haec
1142 2949 1319 2994 autem
1337 2957 1528 2997 omnes
1559 2943 1950 2999 exercitatores
1996 2946 2145 3002 illius

569 3028 895 3091 monasterii
922 3046 1089 3099 quum
1114 3032 1403 3097 vidissent,
1430 3036 1851 3091 insurrexerunt
1881 3039 2144 3096 adversus

567 3116 893 3183 praefectum
923 3134 1104 3183 suum,
1134 3130 1332 3191 atque:
1360 3124 1666 3189 Undenam,
1686 3127 1962 3196 inquiunt.
1987 3130 2145 3184 nobis

569 3206 841 3261 adduxisti
874 3208 1020 3263 hunc
1064 3212 1338 3265 hominem
1382 3221 1641 3283 tanquam
1690 3216 1810 3271 sine
1837 3233 2005 3274 carne
2047 3219 2146 3274 de-

2258 563 2359 616 οὐκ
2383 562 2595 628 ἐδέξατο
2614 565 2790 620 αὐτόν.
2838 567 2868 618 6
2892 566 2949 619 δὲ
2975 564 3237 636 ηύτόνησε
3267 565 3601 637 παραμείνας
3632 569 3778 639 νῆστις

2258 654 2363 719 ἓως
2416 656 2635 727 ἡμερῶν
2662 658 2708 688 ’⁷
2738 658 2895 733 ἐπτά.
2930 655 3157 726 ὕστερον
3200 657 3255 710 δὲ
3290 656 3437 726 λέγει
3475 657 3623 729 αὐτῷ
3651 662 3675 715 6
3706 666 3778 735 μι.

2259 762 2359 813 γας
2382 746 2684 818 Μακάριοςο
2711 748 2856 815 δέξαι
2884 764 2972 818 με,
3005 749 3169 812 άὸδᾶ,
3199 750 3294 803 καὶ
3329 750 3424 805 ἐὰν
3453 750 3526 822 μὴ
3545 756 3781 822 νηστεύσω

2258 838 2378 889 κατ’
2426 839 2622 902 αὐτοὺς
2649 840 2695 871 ⁷⁸
2732 842 2826 893 καὶ
2860 840 3210 914 ἐργάζωμαι,
3238 843 3275 898 ἃ
3314 843 3658 914 ἐργάζονται.
3686 849 3780 903 τότε

2258 929 2511 984 κέλευσόν
2567 949 2636 1002 με
2686 934 2974 1004 ἐκριφῆναι
3017 936 3063 967 ⁷⁹
3109 937 3209 1006 τῆς
3270 939 3457 1007 μονῆς.
3504 937 3670 990 πείθει
3708 936 3783 994 οὖν

2255 1022 2382 1083 τοὺς
2418 1021 2679 1090 ἀδελφοὺς
2721 1026 2750 1076 6
2786 1025 2956 1094 μέγας
3008 1025 3300 1097 Παχώμιος
3338 1026 3591 1094 δέξασθαι
3631 1030 3777 1086 αὐτόν.

2257 1110 2372 1164 ἐστὶ
2400 1112 2454 1164 δὲ
2481 1111 2542 1164 τὸ
2574 1112 2825 1185 σύστημα
2858 1116 2956 1185 τῆς
2981 1116 3149 1186 μονῆς
3177 1118 3392 1189 ἐκείνης
3440 1119 3598 1188 χίλιοι
3628 1137 3783 1191 τετρα-

2257 1203 2431 1256 κόσιοι
2455 1205 2499 1236 ⁸⁰
2528 1204 2719 1276 ἄνδρες
2754 1206 2914 1277 μέχρι
2944 1207 3039 1275 τῆς
3082 1208 3340 1279 σήμερον.
3373 1208 3618 1278 εἰσῆλθεν
3653 1207 3779 1264 ο5ν⁸¹

2256 1296 2335 1357 είς
2380 1294 2583 1366 ταύτην
2612 1297 2656 1328 ⁸⁸
2695 1298 2723 1349 6
2773 1298 2944 1366 μέγας
2991 1299 3291 1370 Μακάριος.
3346 1299 3691 1370 παρελθόντος
3742 1305 3785 1357 δὲ

2255 1384 2436 1454 ὀλίγου
2470 1387 2662 1456 χρόνου
2696 1388 2897 1459 ἐπέστη
2932 1390 2964 1458 ἡ
2993 1387 3047 1459 μ’
3072 1389 3139 1451 ⁸³,
3165 1390 3259 1445 καὶ
3289 1388 3410 1443 ἰδὼν
3434 1392 3463 1443 6
3505 1390 3665 1460 μέγας
3690 1394 3783 1446 Μα-

2255 1477 2444 1548 κάριος
2478 1479 2522 1510 ⁸⁸
2551 1479 2778 1534 ἕκαστον
2807 1480 2983 1533 αὐτῶν
3005 1481 3050 1513 ⁸⁵
3076 1480 3360 1552 διαφόρους
3390 1481 3657 1545 πολιτείας
3681 1484 3779 1537 ἀνα-

2254 1568 2603 1640 λαμϐάνοντα
2635 1572 2703 1635 ⁸⁸,
2729 1572 2821 1625 τὸν
2854 1572 2899 1602 ⁸⁷
2930 1572 3029 1642 μὲν
3069 1572 3316 1628 ἐσθίοντα
3355 1574 3413 1625 ἐν
3455 1573 3676 1645 ἑσπέρᾳ,
3711 1576 3783 1629 τὸν

2254 1656 2312 1710 δὲ
2337 1659 2424 1712 διὰ
2447 1658 2557 1724 δύο,
2584 1660 2676 1713 τὸν
2700 1660 2755 1712 δὲ
2776 1660 2864 1713 διὰ
2894 1660 3073 1725 πέντε,
3099 1662 3255 1716 ἄλλον
3279 1662 3336 1716 δὲ
3358 1663 3519 1715 πάλιν
3542 1662 3588 1694 ⁸⁸
3610 1664 3787 1719 ἑστῶτα

2253 1748 2343 1803 διὰ
2378 1750 2557 1819 πάσης
2585 1750 2686 1820 τῆς
2714 1752 2930 1816 νυκτὸς,
2961 1752 3058 1824 τὴν
3086 1753 3143 1806 δὲ
3167 1753 3381 1824 ἡμέραν
3406 1753 3700 1823 καθήμενον
3724 1758 3786 1819 εἰς

2185 1816 2226 1872 Β
2255 1837 2436 1908 ἔργον,
2482 1816 2865 1912 οὗτος-βρέξας
2902 1816 3128 1905 θαλλοὺς
3158 1816 3293 1905 τοὺς.
3330 1845 3396 1895 ἐκ
3443 1816 3690 1910 φοινίκων
3725 1816 3787 1906 εἰς

2254 1927 2455 1997 πλῆθος
2483 1927 2609 1999 ἔστη
2636 1930 2693 1981 ἐν
2724 1930 2896 2000 γωνίᾳ
2928 1931 3024 2000 μιᾷ
3049 1930 3162 1995 καὶ,
3201 1932 3394 2001 μέχρις
3417 1923 3479 1983 οὗ
3505 1933 3539 2001 ἡ
3569 1938 3617 2001 μ’
3647 1933 3788 2002 ἐπλῃι

2256 2018 2404 2089 ρώθη
2426 2019 2519 2071 καὶ
2542 2020 2601 2072 τὸ
2619 2019 2801 2090 πάσχα
2827 2020 3197 2092 παραγέγονεν
3218 2062 3231 2083 .
3245 2023 3346 2075 οὐκ
3366 2021 3555 2087 ἄρτου,
3574 2023 3666 2091 οὐχ
3682 2022 3787 2076 ὓδαο

2251 2128 2343 2174 τος
2366 2110 2560 2181 ἥψατο,
2578 2112 2638 2163 οὐ
2661 2111 2786 2179 γόνυ
2808 2110 3073 2181 ἔκαμψεν,
3089 2112 3189 2165 οὐκ
3209 2112 3615 2182 ὲκαθέσθη,ούκ
3632 2114 3793 2166 ἀνέπε-

2255 2219 2347 2254 σεν
2365 2243 2380 2267 ,
2403 2202 2614 2266 οὐδενὸς
2637 2203 2797 2256 ἄλλου
2822 2203 3086 2272 ἐγεύσατο
3112 2205 3382 2276 παρεκτὸς
3406 2204 3621 2274 φύλλων
3641 2206 3791 2275 κράμ-

2254 2292 2355 2364 ϐης
2399 2293 2566 2359 ὠμῶν
2587 2332 2602 2355 ,
2644 2287 2717 2346 ὧν
2752 2293 3054 2364 ἐλάμὸανεν
3086 2295 3228 2347 κατά
3256 2292 3527 2366 κυριακὴν
3547 2332 3563 2354 ,
3588 2294 3669 2346 ἵνα
3689 2294 3795 2364 δόξῃ

2252 2384 2470 2449 ἐσθίειν,
2503 2385 2597 2438 καὶ
2628 2385 2701 2455 μὴ
2732 2386 2809 2446 είς
2842 2385 3013 2455 οἴησιν
3047 2386 3280 2457 ἐμπέσῃ.
3318 2388 3411 2440 καὶ
3453 2388 3637 2438 είποτε
3671 2383 3793 2454 ἐξῄει

2252 2475 2332 2537 είς
2358 2475 2456 2545 τὴν
2489 2475 2675 2545 χρείαν
2714 2474 2909 2535 αὐτοῦ,
2950 2475 3141 2527 θᾶττον
3190 2474 3374 2529 εἰσιὼν
3409 2476 3600 2528 ἕστατο
3636 2479 3709 2539 εἰς
3749 2477 3798 2527 τὸ

2251 2565 2562 2636 ἐργόχειρον
2582 2565 2648 2626 ⁸⁸,
2692 2566 2765 2636 μὴ
2792 2566 3023 2619 ἀνοίγων
3052 2565 3245 2636 στόμα,
3293 2568 3367 2636 μὴ
3405 2565 3644 2629 λαλήσας
3674 2566 3738 2633 μή
3758 2568 3796 2596 ’⁸

2254 2656 2448 2726 μικρὸν
2480 2654 2554 2723 μὴ
2584 2654 2626 2685 ⁹¹
2661 2655 2825 2725 μέγα,
2858 2651 2972 2708 ἀλλ’
3010 2653 3181 2717 ἐστὼς
3219 2653 3448 2717 ἐσιώπα,
3481 2655 3651 2725 μηδὲν
3693 2655 3801 2708 ἄλλο

2252 2747 2419 2801 ποιῶν
2457 2747 2726 2817 παρεκτὸς
2767 2748 2863 2818 τῆς
2894 2750 2953 2800 ἐν
2996 2750 3064 2817 τῇ
3129 2746 3327 2817 καρδίᾳ
3374 2748 3684 2817 προσευχῆς
3710 2749 3801 2818 ,καὶ

2249 2840 2359 2892 τῶν
2388 2838 2594 2891 θαλλῶν
2625 2840 2690 2905 θ’,
2724 2831 2796 2892 ὢν
2828 2834 2972 2908 εἶχεν
3015 2838 3074 2889 ἐν
3118 2841 3237 2901 ταῖς
3270 2838 3443 2909 χερσί.
3493 2837 3804 2906 θεασάμενοι

2249 2932 2306 2985 δέ
2339 2932 2383 2965 ⁸³
2412 2931 2597 2983 τοῦτον
2636 2931 2835 2993 πάντες
2877 2930 2925 2982 οί
2972 2929 3212 3000 ἀσκηταὶ
3255 2928 3353 2998 τῆς
3403 2927 3577 2998 μονῆς
3612 2927 3803 2995 ἐκείνης

2251 3024 2578 3078 ἐστασίασαν
2602 3023 2743 3077 κατά
2763 3022 2854 3075 τὸν
2875 3021 3173 3092 ἡγούμενον
3195 3023 3240 3052 ’⁸
3266 3020 3443 3073 αὐτῶν
3468 3021 3516 3053 ⁸⁸
3550 3020 3803 3088 λέγοντες·

2250 3117 2413 3169 πόθεν
2446 3116 2577 3185 ἡμῖν
2627 3114 2834 3182 ἡγαγες
2878 3111 3065 3165 τοῦτον
3109 3111 3198 3164 τὸν
3244 3109 3482 3179 άσαρκον
3531 3109 3803 3180 ἄνθρωπον

2248 3210 2327 3271 εἰς
2350 3207 2623 3279 ἡμετέραν
2645 3204 2998 3274 κατάκρισιν;
3018 3204 3052 3275 ἡ
3076 3201 3300 3256 ἔκϐαλλε
3328 3200 3521 3255 τοῦτον
3549 3201 3807 3264 ἐντεῦθεν,

566 3307 779 3369 gentem
810 3298 875 3354 ad
913 3310 1154 3357 nostram
1176 3305 1991 3365 condemnationemiAuteum
2023 3310 2146 3367 hinc

2248 3300 2279 3372 ἢ
2335 3300 2442 3354 ἴσθι
2492 3300 2559 3359 ⁸⁸,
2606 3298 2686 3349 ὃτι
2734 3298 2895 3367 ἡμεῖς
2934 3296 3170 3360 ἆπαντες
3198 3297 3241 3327 ’⁷
3284 3293 3684 3365 ἀναχωροῦμέν
3728 3310 3806 3345 σου

566 3390 724 3459 ejice,
757 3400 849 3445 aut
873 3392 1009 3448 bene
1033 3394 1191 3461 scito,
1219 3411 1319 3451 nos
1354 3412 1542 3453 omnes
1576 3400 1701 3454 hinc
1732 3402 1892 3457 hodie
1912 3419 2034 3475 esse
2054 3420 2147 3459 re-

565 3481 998 3547 cessuros.Quae
1025 3499 1191 3553 quum
1218 3484 1547 3542 Pachomius
1575 3504 1804 3560 magnus
1826 3505 1855 3543 a
1886 3491 2145 3549 fratribus

566 3572 855 3636 audiisset,
885 3574 1193 3632 sciscitatus
1238 3587 1323 3632 est
1348 3579 1414 3633 de
1450 3595 1535 3634 eo.
1574 3579 1639 3633 Et
1667 3597 1832 3650 quum
1867 3582 2146 3640 didicisset

563 3666 684 3734 ejus
728 3667 868 3722 vitae
918 3669 1190 3730 instituta,
1230 3669 1397 3725 Deum
1444 3673 1643 3734 oravit,
1696 3681 1777 3735 ut,
1818 3676 1942 3744 quis
1974 3686 2141 3742 esset,

565 3756 672 3811 sibi
697 3758 1051 3813 revelaretur.
1086 3761 1398 3816 Revelatum
1426 3770 1510 3816 est
1534 3764 1606 3829 ei,
1630 3762 1921 3819 Macarium
1954 3783 2144 3822 mona-

563 3849 725 3902 chum
760 3864 902 3904 esse.
932 3849 1070 3905 Tum
1120 3852 1375 3907 dominus
1414 3851 1741 3910 Pachomius
1773 3856 1894 3924 ejus
1917 3872 2140 3914 manum

566 3940 856 4011 prehendit
891 3958 1126 4014 eumque
1153 3943 1300 3999 foras
1327 3944 1533 4009 eduxit;
1564 3954 1726 4017 atque
1758 3964 1924 4018 quum
1956 3950 2011 4004 in
2040 3952 2140 4006 do.

566 4022 711 4083 mum'
748 4033 996 4095 oratorii,
1033 4033 1122 4088 ubi
1162 4041 1245 4089 est
1267 4035 1457 4098 altare,
1486 4050 1612 4091 eum
1651 4036 1990 4103 deduxisset,
2023 4056 2140 4094 am-

563 4119 865 4190 plexusque
896 4132 1087 4177 esset:
1126 4122 1302 4187 Tune,
1348 4126 1445 4190 ait,
1486 4141 1566 4191 es,
1585 4128 1887 4183 venerande
1934 4131 2133 4185 senex!

563 4208 641 4263 Tu
667 4226 727 4265 es
758 4211 1048 4279 Macarius,
1068 4212 1230 4283 idque
1245 4216 1456 4278 celasti,
1475 4232 1575 4271 nec
1596 4217 1725 4271 mihi
1744 4218 2131 4276 Inanil‘estastil

566 4300 638 4354 Ex
672 4304 857 4357 multis
886 4305 1047 4360 annis
1078 4307 1225 4375 cupii
1257 4314 1310 4361 te
1348 4308 1554 4374 videre,
1593 4327 1759 4379 quum
1792 4312 1860 4366 de
1889 4320 1942 4368 te
1976 4314 2135 4367 audi-

564 4408 699 4448 rem.
734 4393 917 4449 Habeo
940 4396 1038 4451 tibi
1069 4399 1295 4467 gratias,
1318 4399 1463 4468 quod
1491 4401 1771 4470 subegeris
1799 4402 1936 4457 tilias
1961 4419 2131 4470 meos,

2249 3392 2504 3462 σήμερον.
2571 3389 2807 3452 ἀκούσας
2864 3389 2920 3441 δὲ
2966 3388 3139 3441 ταῦτα
3192 3388 3221 3439 6
3278 3387 3451 3457 μέγας
3528 3386 3810 3456 Παχῶμιος

2246 3484 2394 3554 παρά
2425 3484 2533 3536 τῶν
2562 3482 2802 3551 ἀδελφῶν
2834 3478 3083 3552 ἠρώτησε
3116 3479 3185 3533 τὰ
3220 3481 3337 3535 κατ’
3360 3479 3551 3542 αὐτὸν,
3589 3480 3685 3532 καὶ
3723 3495 3812 3547 μα-

2246 3575 2353 3629 θὼν
2388 3577 2458 3631 τά
2502 3575 2629 3647 περὶ
2672 3576 2769 3645 τῆς
2814 3572 2980 3627 αὐτοῦ
3018 3572 3292 3635 πολιτείας
3340 3572 3701 3644 προσηύξατο

2243 3667 2381 3737 Θεῷ,
2430 3668 2517 3720 ἵνα
2567 3665 2715 3736 αὒτῷ
2757 3662 3080 3741 ἀποκαλύψῃ
3132 3663 3193 3715 τὸ
3222 3662 3267 3695 ⁹⁹
3302 3663 3387 3726 τίς
3435 3666 3600 3717 ἐστιν
3650 3656 3809 3722 οὗτος.

2243 3759 2603 3829 ἀπεκαλύφθη
2653 3759 2712 3812 δὲ
2759 3755 2927 3827 αὐτῷ,
2976 3757 3058 3809 ὅτι
3092 3751 3244 3818 οὗτός
3304 3756 3418 3808 ἐστι
3462 3750 3809 3825 Μακάριοςδ

2245 3852 2495 3923 μοναχός.
2528 3851 2636 3904 τότ’
2661 3849 2885 3922 ἐκράτει
2911 3849 2957 3881 ⁹⁹
2981 3847 3141 3901 αὐτὸν
3168 3849 3266 3918 τὴν
3294 3850 3451 3918 χεῖρα
3474 3849 3491 3878 ⁸
3528 3848 3561 3900 6
3599 3845 3814 3916 κύριος¹

2240 3946 2535 4017 Παχώμιος
2582 3945 2677 3998 καὶ
2721 3944 2904 4010 ἐξάγει
2934 3942 2955 3973 ⁸
3005 3941 3164 3995 αὐτὸν
3210 3939 3332 4005 ἔξω,
3371 3941 3466 3993 καὶ
3506 3934 3813 4006 εἰσαγαγὼν

2238 4040 2400 4093 αὑτὸν
2451 4041 2530 4101 είς
2560 4037 2621 4091 τὸ
2657 4037 2944 4106 εὐκτήριον
2972 4035 3142 4096 οἴκου,
3176 4035 3232 4085 ἐν
3262 4026 3305 4101 ᾧ
3337 4032 3395 4085 τὸ
3424 4032 3817 4097 θυσιαστήριον

2235 4127 2304 4203 ἦν
2343 4132 2384 4194 ’⁵,
2428 4130 2521 4183 καὶ
2575 4128 2959 4197 ἀσπασάμενος
3002 4126 3162 4180 αὑτὸν
3207 4125 3355 4192 λέγει
3406 4123 3613 4193 αὐτῷ·
3648 4121 3817 4191 δεῦρο.

2237 4221 2527 4291 καλόγηρε.
2562 4221 2625 4273 σὺ
2664 4214 2716 4271 εἷ
2744 4218 3029 4287 Μακάριος
3058 4218 3150 4269 καὶ
3181 4216 3520 4287 ἀπέκρυψας
3550 4216 3575 4247 ⁸
3606 4216 3705 4269 καὶ
3731 4214 3818 4266 οὐκ

2236 4311 2587 4383 ἐφανέρωσάς
2635 4327 2743 4380 μοι.
2787 4310 2851 4361 ὲκ
2900 4307 3111 4363 πολλῶν
3159 4306 3297 4360 ἐτῶν
3361 4306 3697 4375 ἐπεθύμουν
3766 4318 3816 4353 σε

2238 4406 2385 4467 ἰδεῖν,
2423 4401 2637 4455 ἀκούων
2666 4399 2735 4452 τὰ
2764 4399 2890 4470 περὶ
2924 4398 3041 4451 σοῦ.
3082 4397 3243 4470 χάριν
3279 4413 3361 4449 σοι
3387 4396 3528 4464 ἔχω,
3565 4398 3657 4448 ὃτι
3685 4398 3821 4446 ἐκον-

563 4500 631 4539 ne
655 4488 763 4540 alte
794 4487 1035 4541 sentiant
1067 4488 1134 4542 de
1165 4491 1553 4545 exercitatione
1596 4507 1714 4546 sua.
1752 4491 1901 4563 Rogo
1938 4503 2010 4557 te,
2043 4510 2133 4550 re-

2248 4493 2457 4554 Βύλισας
2498 4491 2567 4543 τά
2601 4488 2791 4542 παιδία
2827 4504 2953 4560 μου,
2992 4488 3079 4541 ἵνα
3114 4489 3187 4557 μὴ
3232 4485 3372 4556 μέγα
3402 4486 3705 4556 φρονῶσιν
3738 4482 3819 4534 ἐπὶ

559 4577 693 4631 cede
734 4578 787 4630 in
837 4578 1015 4633 locum
1069 4588 1243 4646 tuum;
1279 4596 1380 4637 nos
1428 4582 1575 4636 enim
1627 4584 1761 4638 satis
1808 4584 2133 4651 aediﬁcasti,

560 4676 723 4736 atque
752 4684 847 4722 ora
887 4685 987 4758 pro
1014 4671 1191 4726 nobis.
1226 4672 1431 4729 Deinde
1480 4674 1549 4728 ab
1574 4689 1642 4729 eo
1671 4683 1915 4746 rugatus,
1942 4686 2134 4748 peten-

559 4758 706 4814 tibus
738 4776 956 4831 quoque
985 4762 1241 4817 omnibus
1283 4761 1567 4832 fratribus,
1602 4766 1847 4821 recessit.

625 4960 789 5032 259
819 4962 1027 5019 Rursus
1051 4956 1295 5019 alias'hic
1312 4963 1396 5019 vir
1415 4964 1732 5034 impatibilis
1749 4964 1910 5022 nobis
1936 4979 2122 5021 narra-

2233 4588 2300 4655 τῇ
2333 4583 2538 4637 ἑαυτῶν
2584 4582 2834 4651 ἀσκήσει.
2869 4578 3173 4651 παρακαλῶ
3212 4596 3292 4643 σε,
3338 4578 3565 4631 ἄπελθε
3618 4580 3703 4641 εἰς
3744 4576 3825 4627 τὸν

2230 4672 2394 4725 τόπον
2439 4684 2563 4722 σουσ
2599 4669 2888 4739 αὐτάρκως
2940 4666 3049 4738 γὰρ
3093 4666 3449 4737 ᾠκοδόμησας
3507 4660 3707 4737 ἡμᾶς,
3741 4665 3823 4716 καὶ

2231 4758 2391 4830 εὔχου
2418 4759 2556 4831 ὑπὲρ
2589 4757 2765 4828 ἡμῶν.
2806 4757 2925 4809 τότε
2964 4756 3213 4821 ἀξιωθεὶς
3235 4758 3254 4787 ⁷
3280 4756 3371 4809 ὑπ’
3399 4754 3593 4810 αὐτοῦ
3621 4756 3827 4825 δεηθέν-

2228 4868 2341 4905 των
2371 4851 2551 4904 αύτῶν
2577 4850 2793 4902 πάντων
2821 4849 2931 4901 τῶν
2959 4847 3205 4918 ἀδελφῶν
3231 4846 3631 4919 ἀνεχώρησεν.

2302 4962 2523 5016 ’Δλλοτε
2553 4962 2715 5015 πάλιν
2734 4955 2775 4986 ⁷’
2799 4961 3095 5031 διηγήσατο
3113 4961 3134 4992 ⁸
3166 4963 3298 5033 ἡμῖν
3336 4954 3504 5024 οὗτος
3530 4962 3565 5014 6
3584 4959 3823 5028 ἀπαθὴς,

553 5054 651 5109 vit.
673 5054 864 5121 Omne,
887 5057 1086 5127 inquit,
1101 5060 1247 5113 vitae
1263 5059 1613 5114 monachicae
1630 5059 1961 5124 institutum,
1976 5057 2120 5130 quod

2248 5056 2308 5109 in
2347 5056 2526 5108 πᾶσαν
2559 5052 2833 5107 πολιτείαν
2870 5054 3176 5123 ὰσκητικὴν
3200 5054 3267 5124 ἡν
3304 5052 3669 5125 ἐπεθύμησα
3697 5068 3823 5106 κατ-

1814 5254 2070 5312 VARIAE
2120 5253 2521 5310 LECTIONES.

614 5432 658 5463 ‘”
694 5430 733 5483 Β
763 5430 866 5503 ἕως
890 5430 1132 5503 ἡμέρας.
1206 5430 1254 5463 ⁷⁸
1275 5430 1636 5503 κατάῠτσὺς
1659 5444 1797 5503 (ιιιιζ

549 5504 629 5565 είς
666 5489 878 5568 αὐτήῦ.
914 5489 1015 5533 ”³³’
1036 5489 1627 5569 Β’τεσσαρακοστή.’
1668 5500 1717 5532 ⁸⁸
1752 5500 1854 5553 Pro
1880 5489 1913 5548 δ

550 5576 743 5627 ὄόντα.
806 5565 869 5604 ’⁸⁷
907 5570 946 5623 Β
976 5572 1073 5625 καί
1117 5571 1229 5625 τόν.
1301 5565 1348 5604 δθ
1386 5569 1475 5651 ᾼΒ
1502 5570 1753 5651 addita-1
1814 5572 1865 5649 ξ’
1910 5565 2000 5624 Sic
2024 5565 2143 5651 ΑΒ.
2195 5569 2266 5651 ’ξ’
2286 5568 2376 5651 μῂ
2406 5583 2515 5651 om.
2557 5565 2736 5651 B..._"
2764 5565 2894 5651 B_‘l}.
2972 5566 3017 5598 ⁹¹
3040 5565 3094 5651 ΔΒ
3131 5565 3416 5651 gnidius:
3514 5567 3571 5597 ’⁸
3621 5565 3698 5650 δὲ
3719 5583 3774 5645 οι

1221 5640 1531 5710 γουμένου.
1609 5642 1654 5673 ’³
1678 5634 1885 5718 ἀὐτῶν
1913 5655 2022 5718 opt.
2055 5638 2115 5691 Β.
2184 5638 2240 5718 ,⁸⁸
2273 5637 2374 5718 Λή
2414 5638 2516 5718 ἱνα
2550 5636 2767 5718 εἱδέηαι
2798 5634 2964 5718 ἔχ’ῃς..
2995 5636 3083 5718 ﬁ"
3207 5634 3298 5718 ⁸δτι
3323 5634 3582 5701 πάντες
3625 5634 3828 5718 ᾑιιεῖς;

1770 5708 1967 5741 illo:

1826 5710 1866 5762 Β
1895 5709 2004 5775 τῆς
2034 5709 2251 5776 χειρός.
2354 5709 2374 5737 ⁸
2414 5709 2455 5758 Β
2489 5709 2516 5759 6
2551 5709 2861 5785 parietinae.
2937 5709 2957 5737 ³
2996 5709 3038 5757 Β
3073 5709 3167 5786 καὶ
3195 5709 3531 5826 ἐξήγαόρα
3628 5709 3651 5737 ⁵
3686 5709 3762 5758 ἐν
3796 5709 3833 5769 {vi

1872 5784 1920 5849 7‘
1950 5778 1991 5830 Β
2014 5780 2106 5849 ἐπὶ
2132 5782 2196 5849 τῇ
2222 5777 2479 5849 ἀσκήσει
2501 5779 2717 5849 αὑτων.
2798 5778 2817 5808 ⁷
2862 5776 2935 5830 Ex
2986 5792 3153 5839 coul.,
3184 5776 3226 5830 Α
3252 5774 3375 5839 ὲξιω
3421 5793 3522 5840 εις
3558 5791 3675 5848 pro
3701 5774 3833 5829 τότε

548 5643 615 5696 Α.
690 5642 735 5674 ’⁸⁵
768 5641 809 5695 Β
846 5640 987 5694 κατά
1028 5643 1133 5694 τοῦ
1174 5643 1213 5708 ’ἡ

549 5712 598 5745 ³⁸
634 5711 700 5775 ζὸ
739 5726 846 5764 om.
885 5710 943 5763 Β.
1019 5712 1064 5742 ⁹⁹
1106 5711 1146 5763 Β
1185 5714 1304 5764 τότε
1343 5711 1664 5775 κρατήσας.

549 5772 719 5848 ττῆν
745 5796 854 5834 om.
887 5780 947 5834 Β.
990 5783 1010 5812 ⁸
1044 5780 1296 5848 Emend”
1324 5772 1412 5833 ΑΒ
1445 5772 1822 5848 ἀποκρύψας.

1206 5430 1254 5463 ⁷⁸
1275 5428 1636 5498 κατάῠτοὺς
1659 5444 1768 5485 om.
1796 5429 1859 5486 Β.
1932 5430 1978 5462 τ’
2003 5428 2045 5482 Β
2064 5427 2383 5497 ἐκριφῆναι
2407 5443 2500 5496 με.
2577 5427 2622 5458 ⁸ο
2648 5427 2688 5478 Β
2710 5427 2870 5495 χίλιοι
2904 5427 3307 5504 πεντακόσιοι.
3381 5427 3429 5455 "
3473 5430 3527 5477 Α
3558 5427 3659 5477 δέ.
3721 5427 3769 5457 ⁸²
3792 5427 3831 5476 Β

1206 5500 1595 5568 πσαρακοστή.
1668 5500 1717 5532 ⁸⁸
1752 5500 1854 5553 Pro
1880 5489 1913 5548 δ
1930 5498 2125 5568 μέγας
2151 5497 2448 5565 Μακάριος
2469 5497 2509 5549 Β
2532 5496 2789 5568 όῌγέρωτς
2852 5498 2918 5568 ﬂ"
2942 5498 3138 5568 αὐτων
3160 5510 3267 5549 om.
3446 5493 3504 5526 "
3603 5497 3832 5568 circlo-

2577 5426 2622 5458 ⁸⁸
2648 5425 2688 5478 Β
2710 5425 2870 5495 χίλιοι
2904 5426 3320 5495 πεντακόσιοι.
3381 5424 3429 5455 ⁸¹
3452 5430 3527 5495 AA
3558 5424 3659 5477 δέ.
3721 5424 3769 5457 ⁸⁸
3792 5421 3831 5476 Β

2972 5566 3017 5598 ⁹¹
3053 5564 3094 5617 Β
3131 5565 3416 5620 θαλλίων.
3514 5567 3571 5597 ³⁸
3621 5564 3698 5617 δὲ
3719 5582 3826 5617 οιιι.

2414 5706 2455 5758 Β
2489 5708 2516 5759 6
2551 5703 2885 5775 μακάριος.
2937 5706 2957 5737 ³
2995 5703 3038 5757 Β
3073 5704 3167 5758 καὶ
3195 5703 3531 5775 ἐξήγαγεν.
3628 5707 3651 5737 ⁵
3686 5707 3767 5775 ἐὴ
3796 5703 3839 5769 ᾧ

543 5842 818 5916 ἀξιωθείς
860 5850 900 5904 Β
936 5850 1123 5917 οὕτως
1160 5847 1272 5907 οὖν
1318 5842 1725 5919 παρακληθείξ.
1756 5842 1795 5880 ⁷⁵
1820 5848 1907 5904 ΑΒ
1942 5842 2196 5903 πάλλιῆ
2228 5849 2247 5880 ⁸
2276 5848 2320 5901 A
2357 5846 2629 5914 διηγεῖτο.
