3950 6542
198 284 282 342 res
695 261 699 264 ’
1653 265 1758 325 AC?

1812 269 1861 326 ι.
3274 273 3372 330 I91.

192 397 418 470 ορθώσας,
454 383 572 437 τότε
616 383 638 414 ⁹
681 383 761 448 είς
794 382 960 452 ἄλλην
1013 381 1308 454 ἐπιθυμίαν
1343 385 1752 454 πνευιιι.‹ιτικὴν¹

1819 385 2156 454 expetebam,
2189 391 2444 454 expertus
2467 385 2532 440 ad
2563 386 2708 440 aliud
2741 387 2956 444 tandem
2979 390 3256 459 spirituale
3277 393 3372 448 de-

189 486 324 560 ἦλθον
351 480 406 541 ¹⁰,
456 474 550 528 καὶ
605 473 876 543 ἠθέλησα,
931 472 1098 543 φησί,
1155 472 1316 525 πέντε
1361 473 1574 543 ἡμέρας
1623 474 1712 527 τὸν

1815 473 2074 527 siderium
2106 473 2247 528 veni.
2278 472 2454 528 Statui
2491 476 2634 528 enim
2667 475 2734 529 ad
2762 477 2868 530 tale
2906 493 3130 547 operum
3159 481 3375 535 deside-

191 576 292 633 νοῦν
315 573 348 603 "
378 583 469 638 μου
485 564 591 617 ἀπὸ
615 565 710 617 τοῦ
749 564 885 616 Θεοῦ
911 563 1317 634 ἀπερίσπαστον
1343 565 1597 634 ποιῆσαι,
1619 565 1714 618 καὶ

1816 564 1958 618 rium
2004 565 2282 622 accedere.
2315 565 2494 634 Volui,
2531 567 2728 638 inquit,
2757 569 2996 639 quinque
3036 569 3151 626 dies
3203 574 3373 627 solam

189 666 328 742 μηδὲν
364 659 488 720 ὅλως
517 657 646 710 ἄλλο
671 674 724 708 τι
752 659 793 687 ¹²
823 656 1077 725 ὲννοῆσαι
1101 655 1164 721 ⁸³,
1199 655 1314 709 ἀλλ’
1345 656 1535 726 ἐκείνῳ
1566 657 1711 726 μόνῳ

1813 663 2044 711 mentem
2091 673 2263 712 meam
2309 660 2537 715 reddere
2581 676 2611 714 a
2656 659 2764 716 Deo
2794 662 3150 728 individuam,
3197 682 3373 737 neque

187 750 542 829 προσανασχεῖν
597 747 660 800 ¹⁸.
708 747 802 800 καὶ
853 746 1012 799 τοῦτο
1067 746 1259 817 κρίνας
1298 747 1356 798 ὲν
1398 744 1620 816 ἐμαυτῷ
1668 746 1711 777 ³⁸

1815 747 1958 801 aliud
1995 748 2288 820 quidquam
2338 753 2560 806 omnino
2605 753 2862 824 cogitare,
2900 755 2994 811 sed
3043 757 3094 812 ei
3140 759 3242 812 soli
3281 758 3375 811 ad-

183 841 445 905 ἀπὲκλεισά
477 857 579 909 μου
610 840 711 910 τὴν
744 839 938 892 κέλλαν
972 839 1068 892 καὶ
1092 838 1293 904 ἔξωθεν
1322 837 1422 908 τὴν
1450 837 1618 908 αὐλήν
1644 837 1706 901 ⁸⁸,

1812 837 2056 896 haerere.
2091 839 2247 906 Quod
2279 857 2444 911 quum
2476 843 2620 913 apud
2669 860 2754 898 me
2800 846 3135 910 statuissem,
3181 849 3371 903 Cellam

185 943 300 994 ὥστε
349 933 416 1004 μὴ
454 930 635 983 δοῦναι
682 929 955 1001 ἀνθρώπῳ
996 928 1204 982 ἐλθόντι
1249 929 1560 999 ἀπόκρισιν.
1618 927 1711 980 καὶ

1814 947 1986 986 meam
2013 941 2176 1004 atque
2206 935 2550 990 extrinsecus
2581 937 2759 990 aulam
2807 939 3001 998 clausi,
3038 949 3098 993 ut
3117 940 3251 993 nulli
3281 938 3374 992 ad-

181 1033 320 1098 ἐστην
340 1020 636 1094 ἀρξάμενος
661 1021 769 1074 ἀπὸ
786 1019 885 1090 τῆς
913 1019 1192 1091 δευτέρας,
1211 1018 1585 1090 παραγγείλας
1609 1035 1710 1088 μου

1816 1019 2048 1075 venienti
2078 1037 2402 1092 responsum
2441 1025 2644 1080 darem.
2671 1027 2749 1081 Ac
2777 1029 2900 1082 steti
2938 1029 3203 1100 incipiens
3233 1047 3261 1083 a
3288 1047 3376 1086 se-

178 1118 242 1188 τῷ
267 1114 332 1185 νῷ
362 1113 451 1165 καὶ
488 1110 658 1164 εἰπὼν
692 1108 838 1179 αύτῷ
860 1125 874 1140 ·
916 1107 1080 1178 βλέπε
1112 1108 1187 1178 μὴ
1222 1107 1486 1178 κατέλθῃς
1514 1107 1578 1159 ὲκ
1604 1106 1712 1160 τῶν

1817 1112 2013 1177 cunda,
2050 1114 2216 1167 menti
2248 1130 2398 1170 meae
2428 1117 2768 1186 praecipiens
2803 1129 2855 1173 et
2887 1119 3078 1178 dicens
3111 1141 3124 1176 :
3153 1122 3287 1178 Vide
3309 1139 3377 1179 ne

176 1203 419 1280 ούρανῶν’
441 1200 586 1271 ἔχεις
613 1202 729 1253 ἐκεῖ
751 1199 1037 1268 ἀγγέλους,
1065 1199 1161 1252 καὶ
1191 1197 1584 1269 ἅρχαγγέλους,
1612 1197 1712 1262 τὰς

1816 1202 2108 1258 descendas
2141 1219 2171 1258 e
2208 1206 2412 1273 eoelis;
2464 1207 2535 1260 ibi
2581 1210 2801 1278 angelos
2838 1211 3006 1268 habes
3043 1223 3096 1268 et
3145 1217 3376 1270 archan-

178 1301 270 1353 ἇνω
305 1292 551 1361 δυνάμεις
571 1331 585 1354 ,
614 1290 684 1343 τὰ
711 1289 976 1360 χερουϐὶμ
1019 1289 1115 1341 καὶ
1148 1288 1215 1341 τὰ
1247 1289 1287 1319 ¹⁷
1319 1288 1590 1360 σεραφίμ,
1619 1288 1712 1340 τὸν

1813 1294 1981 1363 gelos,
2009 1309 2275 1364 supernas
2305 1304 2622 1365 potestates,
2655 1300 2937 1355 cherubim
2977 1320 3040 1358 ac
3078 1309 3372 1375 seraphim,

177 1389 287 1442 Θεὸν
309 1384 409 1438 τῶν
452 1383 707 1436 ἁπάντων
736 1382 780 1413 ¹⁸
821 1380 1024 1434 τούτων
1063 1381 1328 1451 ποιητήνο
1360 1381 1476 1432 ἐκεῖ
1505 1379 1710 1450 διάτρι-

1816 1383 1983 1438 Deum
2021 1386 2210 1441 horum
2251 1388 2494 1441 omnium
2524 1389 2853 1446 effectorem.
2884 1393 2999 1448 Illic
3029 1412 3266 1452 versare.
3299 1399 3376 1454 Ne

175 1479 284 1548 ψον·
315 1473 385 1545 μὴ
418 1472 690 1542 κατέλθῃς
719 1471 977 1524 ὑποκάτω
1005 1469 1096 1523 τοῦ
1125 1468 1351 1539 ούρανοῦ
1375 1485 1386 1498 ’
1423 1468 1498 1539 μὴ
1537 1468 1710 1538 ἐμπέ-

1818 1476 1916 1530 sub
1953 1477 2162 1531 coelum
2193 1478 2513 1546 descendas;
2549 1497 2616 1535 ne
2637 1481 2848 1538 incidas
2880 1485 2934 1538 in
2957 1488 3257 1543 mundanas
3285 1505 3378 1543 co-

177 1586 258 1639 σῃς
285 1569 324 1599 ιι
369 1566 446 1626 εις
490 1564 780 1633 λογισμοὺς
820 1563 1102 1634 ψυχικούς.
1152 1563 1248 1614 καὶ
1307 1561 1598 1631 διαρκέσας
1628 1562 1707 1626 ’⁸,

1815 1566 2119 1636 gitationes.
2175 1567 2285 1633 Sic,
2342 1571 2540 1640 inquit,
2588 1590 2752 1642 quum
2806 1576 3017 1632 duobus
3067 1580 3260 1636 diebus
3313 1599 3375 1634 ac

175 1660 303 1730 φησί,
343 1657 432 1711 δύο
469 1656 686 1727 ἡμέρας
729 1657 823 1710 καὶ
858 1655 1058 1719 νύκτας
1090 1653 1260 1717 οὕτως
1301 1652 1594 1722 παρώξυνα
1619 1651 1710 1705 τὸν

1817 1657 2025 1714 duabus
2052 1661 2302 1716 noctibus
2329 1678 2785 1732 perseverassem,
2808 1668 2881 1720 ita
2913 1668 3228 1724 daemonem
3262 1672 3377 1724 irri-

172 1723 388 1823 δαίμονα,
418 1723 691 1816 ὡςῠφλόγα
718 1745 886 1816 πυρὸς
913 1745 1167 1815 γενέσθαι
1201 1742 1389 1797 τοῦτον
1422 1743 1516 1796 καὶ
1545 1761 1710 1796 κατα-

1814 1749 1944 1813 tavi,
1975 1760 2033 1804 ut
2052 1749 2269 1806 ﬂamma
2293 1723 2437 1822 ignis
2466 1755 2638 1817 fieret.
2666 1757 2906 1828 mihique
2926 1763 3128 1826 omnia,
3151 1778 3289 1832 quae
3319 1765 3374 1817 in

171 1843 341 1902 γαύσαί
366 1856 463 1911 μου
497 1840 674 1893 πάντα
697 1840 739 1868 ’ί
770 1839 838 1890 τὰ
879 1840 935 1890 ὲν
964 1836 1042 1908 τῷ
1082 1835 1298 1905 κελλίῳ,
1325 1836 1401 1897 ὡς
1421 1837 1465 1866 ’³
1501 1835 1594 1888 καὶ
1619 1835 1710 1886 τὸν

1815 1837 2010 1891 cellula
2059 1849 2231 1901 erant,
2273 1843 2636 1910 combureret,
2665 1846 2739 1900 ita
2781 1856 2840 1902 ut
2877 1850 3038 1904 etiam
3077 1863 3277 1915 storca,
3318 1855 3371 1908 in

170 1937 362 2007 ψίαθον,
408 1932 496 2001 ἐφ’
549 1931 608 1984 ὃν
660 1931 961 2002 εἱστήκειν,
1023 1928 1460 1999 καταφλεχθῆναι
1484 1929 1558 1989 ’³,
1616 1928 1710 1980 καὶ

1813 1944 1920 1997 qua
1946 1930 2178 1994 stabam,
2206 1947 2667 2001 concremaretur,
2689 1947 2742 1994 et
2770 1941 2850 1994 sic
2868 1957 2952 1996 me
2968 1957 3181 2012 quoque
3204 1953 3372 2001 totum

167 2032 288 2086 οὕτω
319 2028 361 2060 ³⁸⁵
418 2025 640 2094 νομίσαι
678 2041 766 2094 με,
819 2024 901 2076 ὅτι
951 2021 1105 2089 κάγὼ
1155 2021 1290 2084 ὅλως
1329 2021 1705 2091 ὲμπίπραμαι.

1817 2019 1968 2074 aduri
1983 2021 2375 2080 existimarem.
2393 2026 2733 2086 Postremum
2752 2031 2946 2087 timore
2974 2033 3198 2090 allectus
3215 2039 3377 2091 tertio

170 2123 329 2184 τέλος,
361 2115 590 2186 πληγεὶς
616 2114 726 2184 ἐγὼ
771 2113 848 2184 τῷ
882 2113 1030 2184 φόϐῳ
1049 2153 1064 2177 ,
1096 2113 1338 2182 ἀπέστην
1365 2112 1463 2181 τῆς
1491 2113 1536 2143 ’⁵
1578 2128 1709 2182 προ-

1819 2110 1901 2165 die
1933 2110 2116 2168 destiti
2142 2115 2208 2170 ab
2244 2117 2346 2170 hoc
2376 2120 2654 2188 proposito
2682 2137 2802 2176 meo
2831 2131 3014 2193 atque,
3036 2141 3201 2195 quum
3229 2144 3379 2182 men-

165 2214 340 2272 θέσεως
362 2207 566 2278 ταύτης
585 2209 651 2278 τῇ
677 2205 836 2277 τρίτῃ
866 2204 1068 2275 ἡμέρα,
1099 2203 1292 2274 μηκέτι
1315 2201 1564 2272 δυνηθεὶς
1596 2201 1705 2254 λοι-

1813 2208 1918 2256 tem
1953 2217 2129 2258 meam
2153 2207 2389 2276 amplius
2421 2209 2747 2266 indivulsam
2786 2220 2971 2269 tenere
2999 2232 3105 2271 non
3138 2233 3373 2287 possem,

167 2303 250 2356 πὸν
277 2296 674 2368 ἁπρίσπαστόν
715 2312 816 2365 μου
849 2297 1067 2364 ποιῆσαι
1105 2293 1196 2346 τὸν
1226 2292 1348 2346 νοῦν
1375 2294 1422 2324 ²⁶
1448 2330 1463 2355 ,
1495 2292 1632 2344 ἀλλὰ
1661 2293 1704 2324 ⁸⁷

1812 2291 1971 2364 260
1996 2294 2252 2352 descendi
2292 2298 2346 2352 in
2392 2303 2904 2373 contemplationem
2953 2307 3114 2377 hujus
3163 2311 3372 2374 mundi,

165 2389 400 2460 κατῆλθον
450 2389 537 2450 εἰς
587 2386 820 2456 θεωρίαν
867 2383 962 2437 τοῦ
1009 2384 1216 2454 κόσμου
1247 2382 1469 2448 τούτου,
1499 2383 1586 2436 ἵνα
1631 2382 1706 2455 μὴ

1387 2399 1469 2448 zu,
1499 2383 1586 2436 ἵνα
1631 2382 1706 2455 μὴ
1809 2400 1878 2439 ne
1917 2386 1971 2440 id
2009 2387 2142 2442 mihi
2165 2398 2512 2460 reputaretur
2536 2393 2590 2448 in
2620 2396 2947 2465 superbiam.

163 2480 356 2550 λογισθῇ
383 2495 468 2548 μοι
494 2477 658 2530 τοῦτο
684 2479 763 2539 είς
787 2475 953 2544 τῦφον
974 2476 1040 2532 η,

220 2569 550 2642 Παραϐαλὼν
579 2585 709 2622 ποτε
728 2569 772 2600 ³³
801 2568 879 2638 τῷ
908 2567 1050 2637 ἁγίῳ
1071 2567 1116 2598 ³⁰
1146 2559 1302 2637 εὗρον
1333 2566 1436 2631 ἔξω
1464 2567 1562 2638 τῆς
1584 2565 1706 2618 κέλ-

1877 2564 2160 2631 Quondam
2184 2583 2348 2637 quum
2382 2571 2612 2627 adhunc
2637 2582 2883 2629 sanctum
2908 2577 3197 2643 venissem,
3223 2590 3374 2636 extra

163 2663 245 2733 λης
263 2660 414 2714 αὑτοῦ
440 2658 718 2730 πρεσϐύτε
726 2676 816 2730 ρον
833 2657 1023 2728 κώμης
1048 2658 1192 2721 τινὸς
1212 2658 1625 2728 κατακείμενον,
1643 2649 1704 2710 οὗ

1815 2656 2001 2710 cellam
2034 2657 2153 2726 ejus
2179 2658 2446 2726 jacentem
2480 2661 2661 2716 inveni
2699 2663 2801 2717 vici
2833 2664 3119 2734 cujusdam
3151 2671 3375 2740 presby—

161 2754 402 2824 ἠκεφαλὴ
433 2752 744 2823 ὲόέϐρωτο,
779 2752 854 2814 ὡς
891 2750 987 2803 καὶ
1024 2751 1154 2803 αύτὺ
1189 2750 1250 2803 τὸ
1281 2749 1470 2802 ὀστοῦν
1519 2747 1626 2802 ἀπὸ
1657 2748 1702 2781 ⁸⁸

1817 2753 2001 2812 terum,
2021 2749 2178 2817 cujus
2195 2759 2358 2819 caput
2377 2751 2452 2804 ita
2469 2761 2586 2806 erat
2601 2768 2820 2808 exesum
2844 2757 3053 2820 morbo,
3073 2759 3164 2827 qui
3179 2775 3377 2816 cancer

159 2848 244 2914 τῆς
267 2844 500 2916 κορυφῆς
534 2843 819 2913 φαίνεσθαι
852 2843 998 2896 ἆπαν
1035 2841 1140 2893 ὑπὸ
1180 2840 1386 2900 πάθους
1421 2840 1514 2892 τοῦ
1551 2839 1705 2906 λεγο-

1811 2837 2024 2901 dicitur,
2055 2850 2114 2893 ut
2151 2848 2206 2895 et
2242 2841 2422 2910 ipsum
2455 2857 2518 2897 os
2549 2851 2720 2898 totum
2747 2855 3030 2914 appareret
3061 2849 3116 2902 in
3150 2852 3371 2906 vertice.

161 2938 302 3008 μένου
326 2937 608 3008 καρκίνον,
630 2935 725 2989 καὶ
744 2935 934 2988 τοῦτον
963 2934 1084 2986 οὐδὲ
1107 2935 1165 2986 ἐν
1195 2933 1453 3004 συντυχίᾳ
1469 2931 1700 3002 ἐδέχετοο

1816 2926 1990 3000 Neque
2011 2945 2134 2986 eum
2166 2933 2588 3004 ad‘colloquium
2615 2937 2949 2993 admittebat.
2982 2939 3182 3012 Rogavi
3211 2943 3376 3014 igitur

162 3029 523 3100 παρακαλέσας
550 3029 594 3060 ³⁸
625 3028 804 3081 τοίνυν
842 3026 1004 3081 αὐτὸν
1045 3025 1188 3094 λέγω
1214 3027 1278 3057 ³³’
1322 3024 1702 3094 κατοικτείρη-

1814 3035 1874 3076 ac
1905 3036 1918 3071 :
1944 3021 2164 3090 Precor,
2207 3025 2450 3095 inquam,
2476 3028 2734 3082 miserere
2756 3029 2919 3098 hujus
2949 3033 3154 3098 miseri,
3185 3042 3241 3088 et
3262 3037 3374 3090 sal-

160 3140 256 3186 σον,
288 3122 469 3193 δέομαί
518 3138 637 3186 σου,
680 3119 866 3174 τοῦτον
913 3121 1004 3172 τὸν
1046 3119 1264 3181 ἄθλιον,
1294 3117 1388 3171 καὶ
1424 3117 1513 3180 δὸς
1558 3115 1708 3186 αὐτῷ

1813 3118 1918 3166 tem
1943 3125 2265 3180 responsum
2291 3115 2341 3168 ei
2362 3116 2452 3169 da.
2477 3118 2777 3186 Respondit
2801 3121 2931 3173 mihi
2953 3139 2966 3175 :
2986 3122 3246 3192 Indignus
3269 3134 3373 3189 est,

157 3215 244 3268 xiv
268 3215 576 3284 ἀπόκρισιν.
613 3213 708 3265 καὶ
729 3212 776 3243 ³⁸
804 3212 949 3279 λέγει
991 3227 1110 3280 μοι’
1163 3211 1244 3263 ὅτι
1276 3211 1320 3242 ⁸⁸
1345 3209 1561 3273 ἀνάξιός
1593 3210 1708 3262 ἐστι

1812 3201 1902 3271 qui
1927 3211 2168 3257 sanetur.
2205 3203 2346 3259 Haec
2395 3207 2540 3260 enim
2582 3209 2630 3261 ei
2679 3211 2922 3266 immissa
2951 3223 3033 3267 est
3067 3213 3372 3285 disciplina.

159 3305 239 3360 τοῦ
271 3306 494 3376 ἰαθῆναι.
538 3303 756 3356 παιδεία
805 3302 912 3374 γὰρ
951 3301 1100 3370 αὐτῷ
1135 3301 1408 3371 ἀπεστάλη
1450 3299 1610 3370 αὕτη.
1659 3304 1708 3354 εί

1815 3292 1908 3348 Sin
1943 3309 2064 3349 eum
2092 3295 2178 3349 vis
2208 3299 2416 3362 sanari,
2445 3299 2613 3354 suade
2642 3301 2713 3366 ei,
2739 3309 2797 3355 ut
2827 3304 3081 3374 deinceps
3107 3306 3375 3363 abstineat

156 3395 202 3448 δὲ
219 3395 376 3458 θέλεις
390 3394 558 3448 αὑτὸν
581 3393 795 3462 ἰαθῆναι
829 3393 915 3454 ³⁸’,
929 3395 1112 3444 πεῖσον
1125 3392 1286 3445 αὑτὸν
1299 3391 1708 3463 ἀποστῆναιτῆς

1810 3401 1838 3439 a
1855 3387 2146 3441 sacriﬁcio.
2165 3387 2276 3459 Ego
2298 3408 2312 3444 :
2334 3388 2464 3456 Cur,
2488 3391 2731 3461 inquam,
2755 3393 2982 3449 obsecro
2994 3396 3017 3448 ?
3029 3395 3336 3467 Respondet
3356 3415 3370 3451 :

155 3485 486 3556 λειτουργίας.
533 3486 631 3538 καὶ
657 3480 809 3536 εἶπον
836 3482 946 3551 ἐγώ
971 3498 983 3510 ·
1011 3482 1098 3534 διὰ
1125 3482 1212 3544 τί,
1247 3481 1436 3552 δέομαί
1469 3498 1591 3542 σου;
1621 3481 1708 3534 λέ·-

1811 3476 2110 3535 Fornicans
2136 3495 2354 3536 sacrum
2407 3484 2615 3552 peregit
2657 3485 3045 3554 ministerium,
3081 3490 3228 3544 unde
3259 3491 3371 3559 jam

155 3593 228 3643 γει
254 3595 337 3646 μοι
358 3591 372 3606 '
401 3576 688 3647 πορνεύων
704 3575 1004 3644 λειτουργεῖ
1032 3574 1143 3638 ³⁸“,
1167 3574 1262 3626 καὶ
1292 3572 1380 3625 διὰ
1405 3573 1561 3626 τούτο
1582 3591 1708 3626 παι-

1815 3571 2127 3640 castigatur.
2164 3571 2372 3639 Quodsi
2410 3581 2556 3629 metu
2597 3575 2825 3629 desistat
2870 3579 2939 3631 ab
2966 3580 3053 3642 iis,
3092 3597 3232 3649 quae
3281 3598 3375 3650 per

153 3668 342 3722 δεύεται
380 3669 496 3722 νῦν.
533 3669 628 3721 ἐὰν
660 3664 752 3721 οὖν
781 3668 988 3738 ἀποστῇ
1021 3666 1198 3746 φόόφ,
1229 3659 1302 3718 ὧν
1349 3664 1706 3734 καταφρονῶν

1810 3669 2178 3731 contemptum
2213 3678 2382 3719 ausus
2411 3673 2494 3720 est
2542 3664 2740 3729 facere,
2776 3666 2920 3723 Deus
2961 3685 3084 3724 eum
3135 3676 3370 3728 sanabit.

153 3761 536 3830 κατετόλμησεν
560 3761 626 3822 ³⁸,
649 3763 676 3812 ὁ
698 3759 828 3820 Θεὸς
853 3759 996 3811 ἰᾶται
1035 3758 1195 3809 αὐτόν
1225 3758 1287 3811 ³⁷.
1314 3755 1468 3824 κάγὼ
1481 3757 1524 3787 ³⁸
1555 3750 1708 3808 εἷπον

1812 3751 1922 3807 Hoc
1944 3753 2015 3816 ei,
2039 3755 2130 3823 qui
2162 3755 2519 3825 allligebatur,
2555 3758 2688 3811 dixi.
2717 3758 2819 3824 Qui
2848 3761 3202 3830 jurejurando
3232 3770 3372 3837 apud

157 3849 221 3920 τῷ
248 3851 521 3920 πάσχοντι.
565 3853 592 3902 ὁ
623 3850 677 3902 δὲ
699 3846 946 3901 συνέθετο
965 3848 1169 3918 ὀμόσας
1205 3846 1297 3898 ἐπὶ
1319 3844 1475 3911 Θεοῦ,
1508 3847 1706 3916 μηκέτι

1812 3843 1978 3898 Deum
2010 3843 2284 3912 pollicitus
2319 3854 2423 3908 est,
2445 3861 2502 3900 se
2530 3861 2634 3900 non
2663 3849 2897 3918 amplius
2927 3852 3230 3910 sacerdotis
3253 3872 3372 3911 mu—

156 3942 461 4012 ἱερατεῦσαι.
515 3943 615 3996 καὶ
655 3942 775 3994 τότε
818 3940 1036 4006 ἐδέξατο
1077 3941 1172 3992 καὶ
1200 3939 1347 4006 λέγει
1391 3938 1568 4008 αὐτῷ·
1610 3955 1708 3990 πι-

1813 3949 1939 3989 nera
1961 3950 2085 3990 esse
2111 3936 2402 3990 obiturum.
2431 3935 2567 3990 Tum
2598 3953 2720 3993 eum
2745 3943 2987 4010 suscepit
3011 3943 3170 4014 eique
3197 3961 3211 3997 :
3243 3945 3373 4002 Cre-

155 4033 361 4097 στεύεις,
391 4035 475 4086 ὃτι
508 4032 629 4086 ἔστι
660 4033 822 4095 Θεὸς,
848 4032 907 4085 ὃν
949 4031 1108 4083 οὐδὲν
1139 4030 1417 4094 λανθάνει;
1460 4030 1555 4083 καὶ
1601 4031 1706 4082 ἀπ-

1813 4026 1984 4088 disne,
2021 4029 2218 4097 inquit,
2271 4043 2394 4083 esse
2448 4027 2639 4093 Deum,
2693 4047 2852 4100 quem
2895 4035 3031 4087 nihil
3080 4037 3248 4092 latet?
3280 4036 3373 4094 llle

151 4124 384 4193 εκρίνατο
405 4125 484 4155 ³⁹·
531 4124 630 4177 καὶ
667 4123 854 4194 δέομαί
905 4139 1018 4175 σου.
1060 4118 1179 4174 εἶτα
1223 4120 1368 4190 λέγει
1411 4121 1593 4190 αὐτῷ’
1631 4120 1706 4191 μὴ

1809 4118 2407 4190 respondet:Maxime,
2441 4135 2574 4190 rogo
2597 4131 2669 4177 te.
2703 4122 2940 4179 Deinde:
2973 4125 3136 4195 Num,
3171 4130 3368 4199 inquit,

151 4217 400 4288 ἡδυνήθης
426 4217 714 4281 διαπαῖξαι
741 4217 832 4270 τὸν
865 4217 1030 4280 Θεόν;
1065 4216 1158 4267 καὶ¹
1176 4214 1324 4282 λέγει
1346 4216 1572 4278 ἐκεῖνος’
1605 4214 1704 4267 οὐκ

1812 4211 2036 4280 potuisti
2081 4211 2306 4266 illudere
2339 4210 2487 4265 Deo?
2535 4211 2893 4282 Respondet:
2927 4214 3047 4272 Non
3091 4221 3263 4288 potui,
3297 4221 3372 4275 mi

147 4307 422 4379 ἠδυνήθην,
476 4309 641 4380 κύριέ
681 4326 801 4379 μου.
838 4307 984 4374 λέγει
1024 4308 1052 4359 ὁ
1091 4305 1291 4376 μέγας·
1330 4306 1379 4357 εί
1415 4305 1700 4376 γνωρίζεις

1810 4299 2042 4355 domine.
2081 4299 2308 4371 Magnus
2341 4317 2354 4352 :
2391 4301 2448 4356 Si
2501 4303 2782 4374 agnoscis,
2831 4304 3037 4375 inquit,
3091 4318 3370 4378 peccatum

150 4414 231 4450 σου
258 4403 352 4471 τὴν
384 4402 665 4471 ἁμαρτίαν
697 4401 790 4452 καὶ
816 4398 916 4469 τὴν
953 4398 1046 4451 τοῦ
1075 4395 1210 4450 Θεοῦ
1229 4397 1478 4450 παιδείαν
1500 4437 1514 4458 ,
1543 4397 1607 4450 δι’
1635 4397 1704 4467 ἢν

1812 4398 1984 4454 tuum,
2009 4404 2074 4444 ac
2099 4389 2442 4459 disciplinam
2469 4391 2584 4454 Dei,
2608 4407 2713 4462 qua
2747 4393 2878 4448 haec
2909 4396 3147 4459 subiisti,
3181 4409 3233 4454 te
3251 4413 3372 4452 cor-

146 4487 300 4541 ταῦτα
331 4491 580 4560 ὑπέστης
603 4527 618 4550 ,
658 4489 945 4559 διόρθωσαι
981 4489 1060 4550 εἰς
1089 4488 1150 4539 τὸ
1183 4486 1306 4556 ἑξῆς
1326 4503 1340 4516 ⁸
1375 4489 1468 4539 καὶ
1497 4486 1704 4557 ἐξωμο-

1812 4482 1956 4550 rigas
1992 4481 2046 4535 in
2078 4490 2379 4550 posterum.
2412 4481 2516 4547 Qui
2558 4485 2844 4540 confessus
2871 4496 2953 4540 est
2984 4499 3283 4557 peccatum,
3319 4499 3372 4544 et

149 4575 397 4648 λογήσατο
417 4580 522 4650 τὴν
559 4579 831 4649 ἁμαρτίαν
865 4579 931 4640 ⁸⁸,
957 4579 1051 4630 καὶ
1088 4577 1253 4629 ἔδωκε
1291 4576 1444 4644 λόγον
1473 4577 1566 4629 τοῦ
1596 4595 1703 4648 μησ

1812 4571 1968 4625 lidem
1995 4571 2164 4635 dedit,
2188 4586 2246 4626 se
2274 4586 2380 4624 non
2405 4572 2637 4640 amplius
2660 4587 2780 4626 esse
2800 4582 3172 4642 peccaturum,
3199 4591 3372 4645 neque

148 4668 248 4720 κέτι
280 4670 604 4740 ἀμαρτῆσαι
635 4673 770 4740 μήτε
801 4669 1178 4738 λειτουργῆσαι
1210 4666 1287 4737 τῷ
1313 4667 1701 4739 θυσιαστηρίῳ,

1807 4661 1960 4715 altari
1983 4662 2441 4728 ministraturum,
2473 4662 2565 4715 sed
2599 4662 2718 4716 laici
2747 4672 2947 4717 sortem
2973 4668 3365 4735 amplevurum.

147 4757 264 4811 ἀλλὰ
317 4760 408 4813 τὸν
459 4761 651 4813 λα’ίκὸν
703 4760 1051 4813 ἀσπάσασθαι
1100 4759 1333 4828 κλῆρον·
1387 4755 1485 4811 εἷθ’
1530 4759 1705 4823 οὓτως

1809 4754 2010 4808 Deinde
2031 4764 2256 4809 sanctus
2270 4756 2320 4808 ei
2343 4769 2537 4807 manus
2563 4754 2836 4824 imposuit.
2854 4756 2954 4822 Qui
2975 4759 3162 4825 paucis
3177 4759 3369 4813 diebua

145 4846 393 4918 ἐπέθηκεν
424 4851 582 4921 αὐτῷ
613 4854 801 4922 χεῖρας
835 4853 864 4903 ὁ
896 4853 1072 4920 ἆγιος,
1102 4850 1196 4902 καὶ
1228 4851 1284 4902 ὲν
1317 4849 1524 4917 ὀλίγαις
1561 4851 1697 4920 ἡμέε-

1807 4853 2033 4901 sanatus
2071 4857 2186 4912 est;
2240 4844 2532 4914 capillique
2567 4845 2765 4914 capitis
2793 4847 2842 4899 ei
2877 4855 3197 4912 creverunt,
3226 4857 3280 4900 et
3316 4851 3367 4901 in

1398 4974 1656 5029 VARIAE
1684 4972 2086 5032 LECTIONES.

203 5093 222 5124 ⁸
258 5086 296 5138 Β
332 5088 702 5163 τεξευταῖον.
783 5090 827 5163 ’ξ
857 5085 1155 5163 Ρτομῆλθον
1185 5090 1222 5142 Α
1259 5085 1440 5163 ἦλθον,
1466 5090 1535 5141 ἐν
1558 5085 1658 5163 ,οἷς
1686 5089 1890 5159 ἔκρινά
1937 5105 2094 5163 ποτε.
2124 5089 2212 5152 εἰς
2235 5081 2626 5163 ,ταύτηνξῶν
2666 5081 3010 5163 Emeisi-thr
3048 5083 3368 5163 ἐπιθυμίαν

141 5157 341 5211 ἐλθεῖν.
419 5159 464 5189 ¹¹
496 5160 544 5212 Α
569 5161 758 5227 μόνον
777 5160 868 5212 τὸν
897 5153 1042 5212 νοῦν.
1123 5163 1165 5190 ’³
1189 5177 1242 5212 τι
1269 5153 1376 5214 dm.
1407 5159 1464 5211 Β.
1553 5160 1593 5190 ¹³
1622 5153 1694 5214 Ex
1738 5153 1909 5221 cont,
1947 5158 2034 5212 AB
2070 5155 2348 5221 ἐννοήσε.
2429 5155 2472 5227 ¹ξ
2494 5153 2878 5227 Εκ-οοιιίηΔΑΒ
2901 5153 3364 5227 προσανασχῶν.

147 5227 183 5257 ³⁵
214 5228 280 5297 ἐν
312 5221 698 5296 ἑμαυτιρὀη.
730 5229 791 5284 Β.
871 5230 914 5261 ³⁸
948 5230 988 5281 Β
1041 5230 1260 5297 ἀλλην.
1337 5231 1379 5259 ¹⁷
1420 5228 1492 5281 τὰ
1533 5246 1642 5282 om.
1679 5231 1722 5283 Α
1801 5229 1847 5261 ¹⁸
1885 5231 1925 5281 Α
1979 5228 2217 5297 πάντων
2293 5227 2335 5257 ¹⁹
2366 5228 2408 5277 Α
2447 5224 2714 5297 ἐμπέσις.
2750 5221 2830 5277 sic
2868 5223 3143 5297 saepiusg
3184 5239 3280 5292 pro
3307 5243 3363 5294 η,

143 5300 182 5328 ’⁸
207 5291 453 5363 Emend,
487 5291 580 5371 Β
620 5298 982 5371 διαρκείσας.
1022 5302 1102 5371 _“
1134 5291 1404 5371 B'rrdrta
1427 5317 1579 5371 μου.
1653 5302 1697 5371 f’
1735 5301 1960 5371 ὠς-οιυ.
2008 5298 2071 5371 ΒΖ
2145 5296 2191 5326 ’³
2216 5291 2702 5371 καταφλεχθῆναι
2734 5291 2927 5371 omni}.
2971 5291 3049 5371 7‘“
3075 5291 3233 5371 οὒιίοέ
3254 5291 3364 5348 oni.

145 5365 196 5417 Β.
223 5367 266 5396 ’³
307 5368 346 5420 Α
377 5361 448 5420 ἐκ
479 5366 600 5436 τῆς.
672 5361 729 5399 ’θ’
750 5367 853 5422 Pro
903 5361 1154 5435 ποιῆσαι
1197 5369 1302 5421 τὸν
1343 5361 1494 5422 νοῦν
1527 5369 1567 5418 Β
1605 5369 1710 5421 τὸν
1741 5361 1890 5422 νοῦν
1927 5367 2204 5435 τηρῆσαι.
2281 5367 2322 5397 ³⁷
2354 5361 2394 5415 Β
2443 5361 2678 5436 λοιπόν.
2755 5363 2801 5392 ’⁸
2828 5361 2944 5436 _Pro
2968 5361 3233 5436 Δλογιοπθῇ
3265 5381 3369 5436 μοι

144 5436 299 5488 τοῦτο
329 5440 416 5502 εἰς
447 5431 642 5504 τῦέοον
675 5438 715 5489 Β
749 5441 834 5502 εὶς
862 5431 1052 5506 τύφων
1092 5438 1346 5506 ἐμπέσω.
1417 5439 1461 5470 ’θ
1495 5439 1535 5489 Β
1562 5437 1628 5490 δέ
1651 5456 1799 5493 ποτε.
1881 5439 1924 5469 ³⁰
1952 5431 2156 5507 Ε’ἁγίῳ
2181 5436 2384 5507 τούτῳ.
2462 5434 2503 5464 ³¹
2541 5433 2658 5507 ἀσεὸ
2680 5449 2789 5507 om.
2964 5433 3075 5507 νβ
3110 5431 3370 5507 ,παρεκά-

144 5512 303 5560 λεσω.
384 5508 490 5558 ³³Β
524 5503 736 5575 λέγων.
814 5508 859 5538 ³⁸
897 5503 995 5561 καὶ
1039 5503 1145 5561 oni.
1191 5508 1249 5560 Β.
1321 5508 1365 5538 ³⁸
1392 5507 1480 5560 ὅτι
1510 5523 1615 5561 om.
1645 5508 1700 5560 Β.
1734 5510 1799 5540 ³⁸·
1855 5503 2176 5561 παιδεία-ἓ·
2205 5503 2438 5571 ἰαθῆναι
2464 5518 2572 5575 om.
2602 5504 2659 5555 B.
2694 5503 2937 5575 ""USic
2962 5505 3247 5575 AB,l‘0rte_
3271 5516 3372 5571 pro

146 5577 508 5647 ξλειτούργει.
587 5571 630 5608 ³³
662 5577 765 5630 Pro
807 5577 1160 5647 καταφρονῶν
1213 5579 1660 5647 κατετόλμησεν
1708 5579 1749 5629 Β
1799 5575 2186 5647 κατατολμῶν
2246 5573 2710 5647 κατεφρόνησεν..
2791 5573 2834 5605 ³⁷
2959 5572 3144 5647 αὐτὸν
3193 5571 3368 5647 ἰᾶται.

145 5643 183 5675 ³⁸
201 5643 448 5710 Emend.,
477 5647 573 5699 AB
594 5647 644 5701 κ’
665 5648 794 5718 ἐγώ.
852 5647 895 5682 ³⁸
925 5643 1105 5710 Corn,
1133 5649 1175 5699 A
1195 5643 1564 5715 ἁποκρίνέτό,
1583 5648 1624 5700 Β
1647 5647 1816 5717 λέγει.
1874 5649 1918 5681 ⁸ο
1939 5647 2039 5703 καὶ
2056 5643 2183 5716 ’τὴν
2204 5644 2310 5700 τοῦ
2339 5645 2484 5699 Θεοῦ
2505 5643 3143 5714 παιδείαν-ἁμαρτίαν
3173 5656 3282 5698 om.
3309 5643 3370 5700 li.

447 5744 719 5800 Parnm.
763 5741 878 5798 Gn.
908 5740 1208 5799 XXXIV.
3046 5737 3082 5795 7
