3950 6580
553 303 654 359 195

1366 299 1466 357 SS.
1502 297 1966 356 MACARIORUM
2008 294 2335 353 AEGYPT"
2373 296 2464 353 ET
2508 296 2976 352 ALEXANDRINI
3667 310 3745 371 196

550 423 765 474 domum
797 434 949 475 suam
983 434 1233 476 reversus
1256 420 1574 493 glorificavit
1596 420 1865 488 Deum,ac
1904 421 2109 491 gratias

2219 436 2338 489 ραις
2380 418 2503 488 ἰάθη
2549 418 2645 471 καὶ
2678 419 2941 490 ἐτρίχωσε
2987 420 3080 472 καὶ
3122 418 3367 491 ἀπῆλθεν
3390 421 3472 485 εῖς
3510 420 3597 475 τὸν
3634 418 3752 487 οἶκον

550 514 658 584 egit
693 521 902 567 sancto.

624 607 830 660 Rursus
851 605 956 659 vidi
985 604 1050 658 ad
1072 619 1194 660 eum
1221 603 1412 658 adduci
1436 619 1659 676 puerum
1693 617 1721 655 a
1749 603 1942 672 spiritu
1964 601 2116 655 mali-

551 711 657 765 gno
684 706 955 750 vexatum.
981 695 1077 751 Cui
1109 702 1331 751 sanctus
1355 710 1572 747 manum
1596 693 1839 747 dextram
1872 694 1925 746 in
1953 700 2115 761 caput

553 788 814 856 imposuit
855 787 1010 864 261
1059 795 1113 841 et
1141 786 1421 839 sinistram
1453 800 1618 854 supra
1662 800 1782 848 cor,
1814 799 1877 838 ac
1911 784 2113 849 tamdiu

548 880 747 942 oravit,
780 880 951 933 donec
1001 877 1218 933 fecisset
1258 893 1379 931 eum
1416 878 1648 945 pendere
1693 876 1749 929 in
1801 890 1945 929 aere.
1979 873 2117 927 Puer

552 969 735 1038 igitur,
772 973 911 1023 sicut
962 979 1085 1021 uter
1117 966 1360 1031 inﬂatus,
1386 966 1440 1020 in
1477 979 1705 1036 corpore
1747 967 2116 1033 maximopere

552 1058 827 1118 intumuit,
878 1056 1091 1118 deinde,
1145 1072 1312 1126 quum
1365 1055 1548 1110 subito
1606 1056 1986 1113 exclamasset,
2021 1070 2116 1123 per

548 1163 740 1202 omnes
775 1162 968 1201 sensus
994 1159 1188 1215 aquam
1220 1145 1420 1211 emisit;
1458 1160 1595 1214 quae
1641 1161 1805 1215 quum
1837 1146 2113 1208 desiisset,

550 1240 603 1292 in
633 1254 773 1301 eam,
804 1238 1085 1306 quainitio
1108 1237 1300 1303 fuerat,
1330 1253 1641 1292 mensuram
1672 1238 1851 1292 rediit.
1874 1237 2115 1308 Eumque

548 1345 713 1400 quum
746 1330 865 1384 oleo
891 1340 1082 1384 sancto
1122 1329 1373 1383 unxisset
1399 1340 1447 1383 et
1495 1344 1633 1398 aqua
1674 1329 1958 1383 benedicta
1992 1343 2117 1398 per-

549 1418 801 1483 l'udisset,
846 1420 986 1489 patri
1030 1419 1288 1481 reddidit,
1340 1434 1402 1473 ac
1434 1420 1628 1485 vetuit,
1662 1435 1729 1473 ne
1765 1434 1982 1473 carnem
2015 1433 2116 1473 nec

551 1514 735 1569 vinum
766 1517 1054 1585 attingeret
1075 1511 1425 1583 quadraginta
1449 1513 1657 1567 diebus.
1686 1511 1860 1565 Puero
1894 1510 2113 1580 quidem

550 1607 621 1659 ita
651 1615 847 1660 sanato
876 1620 972 1660 eos
1015 1603 1238 1659 dimisit.

625 1781 778 1833 llunc
818 1778 1112 1833 Macarium
1148 1791 1402 1846 magnum
1428 1775 1703 1845 quondam
1740 1783 2007 1827 vexarunt
2036 1791 2123 1828 eo-
2154 1795 2195 1848 Β

2222 510 2385 564 αὑτοῦ
2420 509 2712 576 δοξάζων⁸¹
2741 511 2831 563 τὸν
2867 511 2999 565 Θεὸν
3028 513 3123 565 καὶ
3150 513 3484 584 εὐχαριστῶν
3512 514 3588 585 τῷ
3622 517 3751 591 ἁγίῳ,

2291 599 2444 655 Εἶδον
2489 602 2649 655 πάλιν
2674 603 2755 668 ",
2809 605 2891 656 ὅτι
2946 603 3290 675 προσηνέχθη
3342 604 3490 676 αὐτῷ
3538 608 3753 681 παιδαρί-

2223 710 2349 756 σκος
2362 696 2405 723 ⁸⁸
2420 693 2506 745 ἐνε
2516 692 2642 761 ργού
2650 710 2808 762 μενος
2822 694 2927 747 ὑπὸ
2945 693 3254 765 πνεύματος
3271 696 3529 767 πονηροῦ.
3555 697 3757 769 Ἐπιθεὶς

2220 785 2276 837 δὲ
2296 784 2442 855 αὐτῷ
2461 786 2561 856 τὴν
2579 784 2756 849 δεξιὰν
2783 787 2879 839 ἐπὶ
2896 787 2996 856 τῆς
3012 787 3255 857 κεφαλῆς
3285 789 3379 843 καὶ
3399 790 3496 860 τὴν
3516 790 3757 865 εὐώνυμον

2222 873 2313 927 ἐπὶ
2332 874 2430 945 τὴν
2453 874 2709 946 καρδίαν,
2736 875 2826 928 ἐπὶ
2849 876 3102 931 τοσοῦτον
3130 880 3159 931 6
3187 878 3343 947 ἆγιος
3362 879 3409 910 ’⁵⁸
3429 882 3758 954 προσηύξατο,

2221 964 2321 1028 ἕως
2352 958 2411 1018 οὗ
2449 966 2611 1018 αὑτὸν
2639 967 2746 1019 ἀπὸ
2779 967 2943 1037 ἀέρος
2969 969 3193 1039 ἐποίησε
3215 971 3594 1042 κρεμασθῆναι
3614 974 3671 1029 ⁸⁸.
3701 981 3760 1031 ot.

2220 1054 2389 1125 δήσας
2413 1052 2504 1108 οὖν
2522 1059 2550 1109 6
2569 1059 2697 1120 παῖς
2721 1058 2796 1121 ὠς
2816 1059 2983 1122 ἀσκὸς
3007 1059 3389 1131 ὑπερμεγέθης
3408 1061 3455 1092 ⁸⁸
3474 1061 3551 1131 τῷ
3579 1063 3759 1135 σώματι

2220 1146 2455 1215 ὡγκώθη
2481 1148 2550 1211 ⁸⁷,
2578 1151 2673 1203 καὶ
2708 1151 2969 1219 αἰφνίδιον
2991 1151 3303 1223 ἀνακράξας
3342 1153 3429 1207 διά
3459 1155 3641 1208 πασῶν
3670 1161 3759 1213 τῶν

2222 1238 2522 1309 αἰσθήσεων
2548 1240 2691 1313 ὕδωρ
2711 1243 2941 1312 ἤνεγκεν
2960 1241 3027 1308 ⁸⁸,
3048 1244 3143 1296 καὶ
3167 1244 3424 1316 λωφήσας
3445 1247 3525 1309 είς
3549 1246 3578 1299 ὃ
3602 1243 3662 1318 ἦν
3682 1251 3758 1303 ἀπ’

2223 1331 2396 1401 ἀρχῆς
2430 1332 2653 1399 γέγονεν
2675 1334 2739 1386 ⁵⁵.
2778 1335 2873 1387 καὶ
2915 1334 3142 1403 ἀλείψας
3182 1334 3343 1389 αὑτὸν
3381 1336 3522 1407 ἁγίῳ
3548 1336 3595 1369 ⁸ο
3624 1339 3761 1413 ἐλαίῳ

2221 1422 2590 1494 ηὐλογημένον
2621 1425 2665 1456 ⁸¹
2700 1424 2843 1495 ὕδωρ
2875 1426 3108 1496 ἐπιχέων
3142 1427 3508 1497 παραδίδωσιν
3543 1429 3589 1461 ⁸³
3624 1433 3761 1486 αὐτὸν

2222 1515 2300 1585 τῷ
2337 1517 2501 1587 πατρὶ¹
2531 1515 2715 1579 αὑτοῦ,
2749 1518 3143 1587 παραγγείλας,
3177 1518 3251 1589 μὴ
3296 1520 3493 1590 κρεῶν,
3538 1520 3611 1592 μὴ
3644 1525 3761 1578 οίνου

2224 1608 2463 1677 ἅψασθαι
2500 1609 2661 1662 αὐτὸν
2701 1608 2792 1662 ἐπὶ
2820 1611 3036 1681 ἡμέρας
3073 1618 3146 1681 μ’.
3179 1612 3272 1666 καὶ
3304 1612 3477 1679 οὕτως
3503 1614 3764 1685 ἰασάμενος

2223 1700 2492 1753 ἀπέλυσεν
2514 1702 2711 1765 αὐτούς
2732 1702 2799 1757 ⁸³.

2298 1792 2570 1864 Ὠχλησαν
2616 1793 2789 1863 τούτῳ
2823 1795 2953 1847 ποτὲ
2996 1792 3073 1863 τῷ
3109 1795 3328 1866 μεγάλῳ
3376 1796 3647 1868 Μακαρίῳ
3694 1800 3766 1853 λο-

552 1872 845 1944 gitationes
884 1884 1055 1923 vanae
1106 1869 1331 1939 gloriae,
1372 1881 1511 1937 quae
1541 1881 1665 1919 eum
1702 1880 1733 1920 e
1765 1865 1899 1920 cella
1929 1866 2116 1935 ejicere

2227 1886 2414 1955 γισμοὶ
2463 1886 2765 1950 κενοδοξίας
2809 1886 3136 1958 πειρώμενοι
3178 1887 3365 1940 τοῦτον
3407 1888 3651 1942 ἐκϐαλεῖν
3685 1894 3767 1961 τῆς

551 1974 851 2028 tentarunt,
868 1973 921 2018 et
938 1971 1321 2034 suggesserunt
1343 1962 1414 2026 ei,
1431 1968 1489 2015 ut
1505 1961 1933 2030 dispensationis
1950 1964 2124 2031 gratia

554 2061 779 2115 Romam
814 2068 1081 2131 pergeret,
1109 2060 1418 2128 justamque
1446 2073 1671 2113 causam
1698 2060 2002 2129 allegarunt
2034 2076 2123 2114 sa-

554 2156 831 2209 nationem
878 2169 1090 2216 eorum,
1124 2152 1218 2222 qui
1261 2152 1333 2206 ibi
1367 2164 1514 2217 sunt,
1556 2152 1919 2208 inﬁrmorum.
1955 2151 2122 2206 Valde

551 2247 696 2301 enim
735 2246 788 2299 in
813 2260 877 2300 en
902 2246 1164 2300 adversus
1200 2244 1422 2314 spiritus
1451 2246 1780 2315 operabatur
1803 2247 1977 2315 gratia
2012 2243 2118 2298 Do-

547 2339 703 2392 mini.
735 2338 919 2409 Longo
941 2346 1117 2391 autem
1150 2344 1392 2406 tempore
1417 2336 1485 2391 ab
1531 2337 1599 2391 iis
1628 2344 1920 2402 tentatum,
1951 2351 2118 2407 quum

547 2445 655 2483 non
707 2429 1023 2493 obediisset,
1076 2437 1136 2480 ut
1183 2428 1547 2497 egrederetur,
1600 2428 1784 2481 acrius
1819 2429 2115 2497 agitarunt.

544 2519 859 2575 Prostratus
880 2519 1044 2589 igitur
1068 2526 1290 2572 sanctus
1319 2519 1371 2572 in
1393 2518 1575 2572 limine
1599 2518 1769 2572 cellae
1794 2533 1929 2573 suae
1950 2518 2118 2589 pedes

546 2610 695 2664 foras
721 2610 924 2672 emisit,
943 2607 1404 2679 daemonibusque
1424 2624 1593 2663 vanae
1605 2609 1844 2677 gloriae:
1870 2608 2114 2675 Trahite,

546 2702 742 2771 inquit,
790 2716 874 2756 me
911 2708 963 2755 et
1012 2701 1208 2765 vellite,
1251 2699 1568 2765 daemones,
1619 2702 1664 2754 si
1714 2702 1966 2771 potestis.
2002 2701 2113 2774 Ego

541 2793 687 2847 enim
736 2793 869 2845 meis
930 2791 1157 2860 pedibus
1187 2791 1323 2845 alias
1370 2807 1477 2845 non
1523 2792 1701 2845 abibo.
1740 2792 1835 2846 Sin
1888 2795 2113 2863 potestis

544 2886 705 2940 talem
737 2902 820 2939 me
851 2885 1159 2954 deportare,
1201 2900 1309 2954 quo
1336 2884 1541 2949 dicitis,
1574 2888 1907 2956 perveniam.
1937 2887 2113 2956 Atque

537 2979 738 3047 juravit
770 2977 836 3032 iis
868 2995 879 3029 :
918 2978 1029 3041 Sic,
1066 2977 1263 3045 inquit,
1290 2976 1485 3046 jacebo
1519 2994 1690 3048 usque
1714 2979 1777 3033 ad
1806 2994 2109 3049 vesperam.

541 3068 657 3124 Nisi
693 3085 780 3123 me
813 3069 1115 3133 moveritis,
1144 3069 1300 3124 vobis
1328 3084 1436 3123 non
1457 3070 1730 3127 obediam.
1773 3070 1950 3136 Quum
1983 3088 2111 3127 vero

2226 1974 2441 2043 κέλλης,
2487 1975 2867 2045 ὑποτιθέμενοι
2902 1973 3214 2044 οἰκονομίας
3247 1975 3408 2045 χάριν
3439 1976 3767 2045 καταλαμϐά-

2224 2080 2334 2117 νειν
2364 2065 2460 2136 τὴν
2501 2064 2741 2136 Ῥώμην,
2775 2065 2850 2129 ὡς
2875 2065 2967 2117 ἐπὶ
2996 2064 3265 2135 προφάσει
3286 2064 3446 2135 δῆθεν
3473 2066 3770 2138 εὐεργεσίας

2222 2159 2329 2211 τῶν
2359 2159 2477 2211 ἐκεῖ
2507 2156 2950 2228 ἀρρωστούντων.
2982 2156 3166 2227 άκρως
3196 2155 3303 2227 γὰρ
3336 2155 3477 2209 κατὰ
3495 2156 3604 2210 τῶν
3627 2175 3766 2211 πνευ-

2225 2249 2409 2318 μάτων
2440 2250 2519 2312 είς
2552 2248 2714 2301 αὐτὸν
2751 2250 2970 2319 ἐνήργει
2998 2248 3046 2278 ⁵⁸
3066 2251 3099 2318 ή
3120 2248 3279 2318 χάρις
3312 2248 3408 2301 τοῦ
3436 2249 3660 2320 Κυρίου.
3689 2254 3770 2305 καὶ

2220 2340 2295 2402 ὼς
2328 2340 2420 2392 ἐπὶ
2452 2338 2584 2392 πολὺ
2615 2337 2897 2408 ὀχλοῦντες
2928 2338 3025 2409 οὐχ
3060 2339 3301 2409 ὑπήκουε
3326 2339 3394 2404 ⁸⁵,
3419 2339 3770 2411 σφοδροτέρους

2220 2431 2367 2498 αὐτῷ
2418 2429 2854 2501 προσελάσαντες
2898 2427 3086 2481 τοῦτον
3121 2428 3434 2499 ἐξήλαυνον.
3484 2430 3667 2483 πεσὼν
3692 2429 3771 2485 οὖν

2219 2522 2310 2573 ἐπὶ
2353 2523 2451 2593 τὴν
2510 2522 2671 2589 φλιάν
2715 2521 2815 2590 τῆς
2858 2519 3050 2573 ἑαυτοῦ
3086 2520 3282 2587 κέλλης
3328 2522 3358 2574 6
3392 2520 3552 2590 ἀγιος
3590 2524 3704 2588 τοὺς
3732 2525 3771 2555 ⁸⁸

2220 2613 2383 2675 πόδας
2414 2613 2659 2675 ἐκτείνας
2697 2609 2912 2680 ἀφῆκεν
2938 2612 3030 2663 ἐπὶ
3074 2610 3140 2663 τὰ
3188 2610 3312 2676 ἔξω,
3339 2611 3516 2680 λέγων
3550 2616 3660 2676 τοῖς
3686 2615 3772 2683 τῆς

2219 2704 2519 2770 κενοδοξίας
2544 2704 2794 2774 δαίμοσιν
2816 2720 2828 2733 ο
2849 2703 3035 2755 ἐλκετέ
3060 2720 3126 2773 με
3158 2702 3410 2774 σύροντες
3425 2705 3491 2768 ⁸⁷,
3514 2705 3769 2775 δαίμονες,

2216 2797 2310 2849 ἐὰν
2348 2795 2573 2848 δύνασθε
2608 2796 2675 2848 ⁵⁸.
2709 2794 2820 2864 ἐγὼ
2863 2795 2971 2866 γὰρ
3000 2798 3113 2858 τοῖς
3153 2798 3305 2866 ἐμοῖς
3349 2798 3509 2850 ποσὶν
3556 2795 3773 2868 ἀλλαχοῦ

2214 2888 2313 2939 οὐκ
2338 2887 2667 2957 ἀπέρχομαι.
2704 2888 2752 2938 εί
2785 2882 2877 2940 οὖν
2910 2885 3140 2940 δύνασθε
3166 2888 3212 2919 ”
3253 2904 3319 2956 με
3353 2886 3531 2950 οὕτως
3564 2890 3774 2955 ἀπενεγο

2214 2981 2349 3043 κεῖν,
2383 2979 2516 3031 ὅπου
2535 2977 2746 3045 λέγετε,
2770 2976 3165 3047 ἀπελεύσομαι,
3188 2976 3552 3048 διομνύμενος
3572 2979 3771 3043 αὐτοῖς*

2213 3072 2295 3123 ὃτι
2330 3070 2502 3133 οὓτως
2540 3070 2730 3139 ἔσομαι
2759 3067 3013 3138 κείμενος
3045 3068 3151 3130 ἓως
3179 3066 3451 3137 ἑσπέρας·
3483 3067 3586 3121 ἐὰν
3619 3068 3689 3138 μή
3715 3084 3774 3137 με

544 3165 799 3217 immotus
840 3162 1153 3223 mansisset,
1191 3176 1313 3215 sero
1345 3163 1555 3231 vesperi
1584 3162 1799 3217 tandem
1847 3165 2111 3218 surrexit.

2221 3161 2540 3232 σαλεύσητε,
2570 3162 2632 3214 ού
2661 3162 2736 3233 μὴ
2769 3162 2920 3233 ὑμῶν
2960 3162 3277 3217 ύπακούσω.
3309 3163 3401 3217 καὶ
3445 3162 3641 3233 μείνας
3665 3162 3778 3215 ἀσά-

545 3256 652 3311 Sed
669 3263 828 3310 nocte
851 3254 1176 3308 adventante
1196 3268 1387 3308 rursus
1412 3268 1533 3307 eum
1562 3254 1934 3309 vehementius
1952 3255 2114 3308 etiam

543 3347 794 3402 inseetati
823 3354 967 3400 sunt.
1002 3344 1181 3411 Quare
1218 3352 1442 3400 sanctus
1466 3345 1727 3407 surrexit,
1766 3344 2113 3415 duorumque

539 3438 654 3494 fere
678 3438 984 3493 modiorum
1007 3444 1247 3507 sportam
1269 3450 1431 3490 arena
1452 3436 1711 3505 implevit,
1733 3452 1839 3506 qua
1869 3437 2115 3491 humeris

544 3531 799 3600 imposita
834 3538 1001 3583 totam
1061 3528 1410 3583 solitudinem
1446 3528 1703 3598 pervasit.
1746 3528 1843 3581 Cui
1875 3528 2117 3581 occurrit

541 3622 704 3693 262
733 3619 1070 3676 Theosebius
1106 3618 1393 3675 Cosmetor
1423 3617 1816 3682 Antiochenus,
1837 3627 1889 3673 et
1912 3636 1923 3671 :
1949 3618 2110 3685 Quid,

541 3714 740 3785 inquit,
783 3721 991 3785 portas,
1037 3712 1211 3767 abba?
1251 3710 1393 3765 Cede
1434 3710 1566 3763 mihi
1603 3726 1764 3773 onus,
1821 3726 1955 3765 neve
2000 3711 2115 3780 ipse

541 3806 787 3859 vexeris!
828 3804 921 3857 llle
952 3810 1132 3856 autem
1172 3820 1183 3855 :
1232 3800 1405 3863 Vexo,
1441 3798 1648 3870 inquit,
1690 3816 1850 3865 eum,
1888 3801 1980 3870 qui
2029 3816 2113 3856 me

540 3906 716 3950 vexat.
744 3894 862 3965 Ipse
890 3896 1032 3949 enim
1063 3909 1230 3963 quum
1259 3892 1495 3947 lascivus
1522 3892 1615 3956 sit,
1644 3892 1774 3945 mihi
1802 3893 2111 3962 peregrina-

540 3991 716 4044 tiones
761 3989 1021 4060 suggerit.
1071 3987 1161 4042 Sic
1201 4002 1327 4041 vero
1373 4003 1539 4057 quum
1594 4003 1653 4042 se
1701 3989 1930 4039 multum
1982 4001 2109 4055 per-

539 4083 823 4148 movisset,
860 4083 915 4136 in
954 4079 1143 4135 cellam
1169 4080 1396 4133 intravit
1436 4081 1677 4134 contrito
1709 4093 1959 4149 corpore.

616 4259 697 4313 De
760 4266 950 4313 sancto
1044 4257 1224 4310 Marco
1298 4273 1494 4328 magno
1575 4259 1934 4313 exercitatore
2020 4258 2108 4313 hic

538 4346 876 4400 admirabilis
892 4343 1161 4402 Macarius
1186 4347 1291 4401 hoc
1320 4348 1634 4403 incredibile
1657 4349 1812 4404 nobis
1837 4351 2106 4405 narravit:

538 4438 713 4505 Quum
752 4450 929 4499 sacro,
955 4438 1151 4506 inquit,
1180 4453 1404 4493 munere
1430 4437 1704 4507 fungerer,
1732 4446 1973 4508 tempore
2002 4440 2109 4493 dis-

2219 3253 2405 3316 λευτος
2450 3253 2495 3285 ⁶⁰
2544 3253 2742 3323 ἀνέστη
2781 3252 2963 3307 λοιπὸν
3028 3252 3271 3324 ἑσπέρας
3318 3251 3485 3323 οῠσης
3548 3252 3774 3322 βαθείας.

2216 3344 2409 3407 νυκτὸς
2426 3343 2481 3396 δὲ
2507 3343 2668 3396 πάλιν
2692 3342 3087 3412 ἐπιγενομένης
3110 3343 3482 3413 σφοδροτέρους
3499 3342 3776 3413 ἐνώχλουν.

2216 3435 2456 3497 ἀναστὰς
2479 3431 2572 3487 οὖν
2600 3436 2627 3486 ὁ
2658 3434 2811 3503 ἆγιος
2838 3434 2904 3501 εί,
2928 3435 3023 3487 καὶ
3053 3435 3097 3465 ⁶²
3127 3433 3305 3486 λαϐὼν
3333 3434 3575 3505 σπυρίδα
3610 3434 3683 3496 ὡς
3699 3434 3783 3487 δύο

2219 3527 2415 3597 μοδίων
2442 3526 2694 3595 ψάμμου,
2724 3525 2929 3595 ταύτην
2950 3525 3256 3596 ἐπλήρωσε,
3283 3526 3377 3578 καὶ
3403 3525 3673 3589 τεθεικὼς
3700 3527 3780 3577 ἐπὶ

2214 3619 2305 3670 τὸν
2336 3616 2529 3670 ἐαυτοῦ
2560 3610 2708 3687 ὦμον
2735 3616 2956 3670 διεκίνει
2985 3618 3029 3649 ⁸³
3052 3618 3152 3689 τὴν
3183 3616 3410 3689 ἔρημον.
3456 3617 3643 3687 τούτῳ
3673 3634 3781 3669 συν-

2213 3709 2443 3778 ήντησεν
2496 3708 2540 3737 ⁸⁸
2588 3707 2873 3770 Θεοσέϐιος
2932 3710 2960 3760 6
3017 3709 3312 3778 κοσμήτωρ
3380 3706 3696 3776 Ἀντιοχεὺς
3740 3706 3780 3735 ⁴⁵

2213 3796 2306 3849 καὶ
2331 3796 2477 3862 λέγει
2505 3795 2653 3866 αὐτῷ
2677 3812 2689 3824 ³
2723 3795 2776 3848 τί
2811 3796 3121 3867 βαστάζεις,
3157 3797 3337 3861 assa;
3379 3796 3782 3867 παραχώρησον

2213 3889 2336 3957 ἐμοὶ
2376 3888 2436 3941 τὸ
2463 3888 2683 3959 φορτίον
2712 3889 2804 3941 καὶ
2833 3889 2907 3961 μὴ
2943 3889 3170 3944 σκύλλου
3198 3890 3364 3953 αὐτός
3386 3907 3400 3921 ο
3432 3892 3460 3943 6
3511 3890 3573 3945 δὲ
3606 3890 3779 3957 ἔλεγε·

2215 3978 2427 4032 σκύλλω
2441 3979 2531 4031 τὸν
2558 3978 2857 4033 σκύλλοντά
2884 3998 2952 4051 με
2976 3996 2990 4011 °
3024 3981 3212 4045 ἄνετος
3237 3982 3345 4051 γάρ
3371 3981 3446 4034 ὢν
3471 3983 3784 4054 ἀποδημίας

2216 4089 2307 4140 μοι
2361 4071 2672 4124 ὑποϐάλλει.
2734 4072 2829 4124 καὶ
2891 4072 2983 4124 ἐπὶ
3040 4072 3177 4125 πολὺ
3229 4072 3561 4143 διακινήσας
3621 4073 3784 4135 οὓτως

2211 4163 2459 4233 εἰσῆλθεν
2484 4165 2563 4225 είς
2602 4162 2699 4232 τὴν
2736 4161 2931 4215 κέλλαν
2961 4163 3257 4233 συντρίψας
3282 4163 3341 4215 τὸ
3375 4163 3563 4232 σῶμα.

2284 4255 2418 4325 Περὶ
2448 4254 2494 4285 ⁸⁸
2517 4252 2746 4321 Μάρκου
2779 4251 2871 4305 τοῦ
2904 4252 3002 4320 μὲν
3032 4253 3271 4322 άσκητοῦ
3301 4254 3361 4307 τὸ
3400 4255 3715 4327 παράδοξον
3744 4254 3783 4284 "

2210 4345 2366 4399 τοῦτο
2391 4348 2419 4398 6
2443 4344 2747 4414 θαυμάσιος
2767 4339 2922 4409 οὗτος
2954 4346 3241 4416 Μακάριος
3265 4346 3576 4417 διηγήσατο
3596 4347 3784 4415 λέγων’

2209 4440 2290 4491 ὅτι
2325 4440 2382 4490 ἐν
2427 4436 2505 4507 τῷ
2546 4437 2884 4507 λειτουργεῖν
2935 4453 3002 4506 με
3034 4437 3469 4509 ἐπεσημηνάμην
3503 4439 3625 4508 ἐγὼ
3657 4439 3787 4492 κατὰ

540 4526 855 4581 tributionis
906 4528 1286 4597 mysteriorum
1360 4528 1564 4583 Christi
1627 4544 1728 4598 ego
1781 4529 2103 4595 observavi,

2219 4530 2301 4582 τὸν
2327 4529 2515 4600 καιρὸν
2558 4528 2658 4597 τῆς
2697 4527 2987 4590 διαδόσεως
3015 4528 3126 4581 τῶν
3153 4527 3247 4581 τοῦ
3288 4530 3534 4600 Χριστοῦ
3584 4547 3788 4601 μυστη-

539 4618 721 4672 Marco
736 4618 1082 4673 exercitatori
1101 4634 1376 4690 nunquam
1408 4635 1493 4674 me
1512 4619 1731 4675 dedisse
1753 4620 2103 4686 oblationem,

2210 4622 2361 4692 ρίων,
2412 4622 2495 4673 ἔτι
2546 4620 2758 4690 Μάρκῳ
2818 4619 2897 4690 τῷ
2934 4620 3145 4691 ἀσκητῇ
3199 4620 3454 4673 οὐδέποτε
3514 4622 3700 4676 ἔδωκα
3748 4622 3787 4652 ⁸⁸

537 4709 633 4765 sed
676 4712 900 4780 angelus
950 4712 999 4765 ei
1050 4710 1215 4766 dabat
1262 4712 1330 4767 de
1384 4712 1572 4770 altari.
1615 4711 1728 4780 Ego
1770 4727 1898 4766 vero
1931 4712 2104 4766 solum

2219 4711 2324 4777 ἐγὼ
2353 4713 2397 4742 ⁶⁹
2432 4711 2773 4783 προσφοράν,
2803 4712 2920 4765 ἀλλ’
2961 4713 3192 4781 ἄγγελος
3233 4715 3380 4785 αύτῷ
3408 4717 3575 4770 ἐδίδω
3602 4718 3651 4750 ⁷⁸
3691 4717 3790 4771 ἀπὸ

536 4802 879 4873 splendorem
936 4818 1130 4859 manus
1183 4804 1293 4859 vidi
1339 4804 1479 4875 ejus,
1530 4807 1623 4876 qui
1682 4806 1730 4859 ei
1777 4804 2107 4860 oblationem

2219 4804 2300 4857 τοῦ
2336 4803 2724 4874 θυσιαστηρίου
2754 4803 3069 4865 λαμϐάνων.
3096 4804 3206 4873 ἐγὼ
3236 4806 3292 4859 δὲ
3316 4807 3409 4860 τὸν
3434 4808 3790 4879 ἀστράγαλον

1806 5031 2059 5088 VARIAE
2101 5029 2507 5086 LECTIONES.

599 5202 640 5276 θ’
674 5200 715 5253 Β
766 5204 1023 5282 χαίρων,Δ
1040 5204 1333 5282 δοξάζων.“
1384 5208 1430 5238 δ’
1467 5208 1556 5282 ΑΒ
1604 5208 1818 5282 πάλλιν,
1846 5224 1927 5282 sic
1970 5214 2085 5267 tere
2140 5212 2359 5282 ubique.
2438 5211 2548 5282 ⁸³Β
2575 5210 2736 5282 παῖς.
2826 5210 2872 5242 ⁵⁸
2904 5214 2937 5282 ό
2962 5210 3130 5279 ἅγιος
3174 5212 3380 5282 οιηηΒ.
3455 5212 3509 5244 ⁸⁸
3552 5210 3667 5266 Pro
3694 5212 3794 5273 ἕως

532 5267 716 5351 φιλ-τ
764 5267 1168 5351 ἆρεξμαςᾼθῆνιξι
1310 5276 1414 5340 ἓως
1473 5279 1662 5351 ᾳὺ-τὸᾉν
1692 5267 1815 5351 ,εἰς’
1843 5280 2021 5351 ἀέραί
2051 5267 2456 5350 κρεμαᾶθῆναι
2515 5267 2822 5351 ἐποίησεν.
2891 5281 2937 5311 ⁵⁸
2984 5267 3175 5345 Corn,
3239 5280 3328 5333 AB
3381 5267 3791 5351 ὑπερμεγέθη.

534 5340 648 5420 ξ’ᾎΒ
674 5340 913 5420 ώγξκώθη
1082 5343 1430 5420 τῷ-σώματι.
1472 5348 1515 5380 ⁸⁸
1536 5349 1578 5420 _B
1603 5340 1981 5420 ἐξένεᾷηιεδη
2010 5340 2260 5413 Emend,
2284 5340 2586 5419 Α’γέγονε,
2611 5351 2652 5401 Β
2670 5340 2955 5420 κατέστη.
3007 5351 3053 5420 '9
3076 5340 3221 5420 ἁγίῳ
3250 5366 3358 5403 om.
3380 5352 3438 5404 Β.
3498 5340 3575 5383 ’⁸³
3610 5340 3791 5407 (ξω-ιδ.

532 5412 620 5463 ΑΒ
646 5414 1093 5488 εζίλογξειρένον.
1154 5415 1209 5488 ⁵³γ
1236 5412 1345 5488 Pro
1378 5418 1631 5488 ἐπιχέων
1652 5412 1661 5414 ⁷
1686 5412 2091 5485 παραδίδωσιν
2118 5421 2159 5471 Β
2198 5412 2447 5488 ἐπιχέὶιξ
2496 5412 2933 5485 πιφαδέδωκενξ
3008 5419 3054 5451 ⁸³
3084 5412 3199 5473 κὶιϊ
3221 5422 3406 5486 οὕτως
3457 5450 3539 5460 -
3568 5420 3795 5484 αὐτοὺς

535 5496 643 5558 Qui.
685 5482 761 5558 Β.⁸
814 5483 858 5513 ⁸⁸
890 5482 1152 5558 Emend”
1182 5487 1274 5558 _AB
1323 5482 1564 5558 ένήρᾷίη.
1638 5490 1683 5520 ⁸⁸
1723 5482 1814 5543 Sic
1856 5490 1960 5543 AB.
2032 5491 2078 5522 ⁵⁸
2110 5491 2152 5541 Β
2191 5482 2473 5554 xui-7:06;.
2549 5482 2592 5522 ’5
2622 5492 2665 5543 A
2713 5492 3022 5558 σύραντες.
3088 5490 3134 5522 ⁸⁸
3159 5492 3197 5542 Α
3254 5482 3588 5545 sordeam.
3672 5492 3718 5525 "
3755 5482 3796 5541 Ᾱ

532 5547 845 5629 δύνασρᾳι.
917 5554 965 5629 διο
994 5547 1244 5629 Eruet!!!"
1285 5557 1373 5629 AB
1415 5547 1783 5629 ἆάαζλεύτως.
1860 5561 1901 5591 δι
1932 5562 1966 5613 δ
1996 5559 2163 5629 ἅγιος
2201 5575 2311 5614 om.
2346 5559 2405 5613 B.
2435 5547 2448 5554 '
2483 5560 2528 5590 θ’
2564 5561 2662 5613 καὶ
2698 5547 2807 5614 om'.
2844 5560 2907 5614 Α.
2981 5547 3029 5591 δ’
3066 5559 3107 5612 B
3140 5560 3309 5628 διῄει.
3389 5560 3433 5592 ιι
3472 5560 3520 5612 Β
3558 5560 3796 5624 συκῆν-

532 5622 794 5716 ττι-εἰδὲ
829 5623 1036 5716 τούξῳ.
1067 5626 1152 5704 ,⁸⁵
1246 5628 1277 5679 ό
1308 5626 1605 5716 ἀντιοχειξς.
1684 5622 1802 5710 “LA
1833 5629 2006 5716 literis
2039 5622 2284 5716 miniatis
2310 5629 2377 5716 a‘d
2398 5631 2724 5716 'marginem
2775 5629 3067 5716 adscripsit
3102 5622 3287 5711 :jr'e'pt
3328 5630 3588 5716 μάρκου.
3642 5630 3685 5682 Β
3714 5622 3795 5711 in:

535 5693 755 5758 scripsit
790 5711 803 5746 :
846 5693 1095 5763 περὶτοῦ
1181 5694 1349 5763 άρκου
1396 5693 1491 5749 τοῦ
1535 5699 1796 5767 ἀσκητοῦ.
1875 5700 1916 5730 θ’
1947 5702 1991 5752 Α
2020 5700 2281 5769 περὶτοῦ
2312 5700 2483 5769 ἁγίου
2516 5693 2734 5753 τίιύτου
2763 5693 2997 5768 μάρκοὺ
3047 5700 3154 5755 τοῦ
3198 5693 3471 5769 deni/160
3511 5697 3796 5768 ἁσκητοῦ

535 5757 889 5817 παράδοξον.
967 5763 1011 5794 ⁸⁸
1047 5765 1087 5815 Β
1128 5713 1372 5817 (διέδωκα.
1452 5768 1494 5797 δ’
1533 5768 1644 5817 ἐγὼ
1684 5784 1792 5817 om.
1839 5768 1897 5817 B.
1977 5770 2022 5804 ⁷ο
2052 5768 2234 5817 (Σοί-ι’.-
2262 5770 2351 5817 AB
2378 5770 2522 5817 αὐτύ
2548 5769 2769 5817 ἐδίδου.

533 5757 889 5829 παράδοξον.
921 5757 932 5763 ’
967 5763 1011 5794 ⁸⁸
1047 5765 1087 5815 Β
1128 5757 1372 5820 δέδωκα.
1452 5768 1494 5797 δ’
1533 5768 1644 5838 ἐγὼ
1668 5757 1792 5824 'om.
1839 5768 1897 5823 Β.
1977 5770 2022 5804 ⁷ο
2052 5757 2235 5840 Corn,
2261 5757 2522 5826 ΑΒάὐτύ
2548 5757 2769 5824 ἑδίδουξ
