3950 6556
203 343 291 405 (97

1704 326 1907 382 ACTA.

3279 323 3384 380 198

201 463 334 537 μόνον
350 453 440 523 τῆς
468 447 648 537 χειρὸς
675 446 941 520 ἐθεώρουν
964 447 1059 501 τοῦ
1085 449 1411 514 ἐπιδιδόντος
1443 449 1591 521 αὑτῷ
1613 450 1708 520 τὴν

1813 450 1999 504 dabat.
2052 446 2148 502 Hic
2182 460 2310 502 vero
2336 443 2552 501 Marcus
2599 458 2765 516 quum
2808 444 2997 514 junior
3025 453 3191 511 esset,
3228 460 3384 504 vetus

190 533 452 610 κοινωνίαν.
478 533 630 602 οὗτος
650 538 707 592 δὲ
730 541 758 592 6
778 538 1002 607 Μάρκος
1029 539 1074 571 ⁷⁸
1104 539 1365 610 νεώτερος
1398 539 1473 594 ὢν
1503 541 1570 572 n-
1602 557 1709 594 πα-

187 641 321 699 λαιὰν
340 633 423 691 καί
442 633 632 704 καινὴν
657 634 878 704 γραφὴν
897 631 1268 704 ἀπεστήθισεν
1300 634 1476 704 πρᾶος
1493 634 1567 687 ὣν
1587 634 1708 688 καθ’

188 729 470 802 ὑπερϐολὴν,
497 725 660 794 ἁγνὸς
677 725 734 779 δὲ
769 726 820 778 εί
858 726 954 780 καί
981 743 1065 788 τις
1090 725 1270 790 ἄλλος.

239 823 369 881 Mai;
400 818 454 871 δὲ
481 817 588 869 τῶν
629 816 854 888 ἡμερῶν
899 817 1259 888 διαιρούμενος
1296 819 1342 850 ⁷³
1380 816 1490 886 ἐγὼ
1531 820 1610 882 είς
1649 819 1711 871 τὺ

185 919 379 986 ἔσχατον
403 906 564 962 αὑτοῦ
598 908 780 979 γῆρας
803 907 992 961 λοιπὸν
1019 909 1331 979 ἀπέρχομαι
1363 910 1498 980 πρὸς
1525 910 1706 964 αὑτόν.

185 1005 262 1059 καὶ
291 995 729 1070 παρακαθέζομαι
772 1000 838 1069 τῇ
868 997 1008 1069 θύρᾳ
1056 999 1155 1069 τῆς
1183 999 1379 1071 κέλλης
1409 1001 1594 1066 αὑτοῦ,
1635 1000 1711 1064 ώς

182 1099 259 1152 ἅτε
296 1091 396 1161 ἐγὼ
419 1090 684 1161 ἀρχάριος
710 1091 758 1122 ⁷³
788 1091 864 1144 ὢν
894 1091 1130 1162 νομίζων
1155 1094 1202 1124 ⁷⁸
1229 1093 1392 1146 αὑτὸν
1432 1094 1574 1165 ὑπὲρ
1617 1095 1711 1149 ἄν·

183 1192 368 1260 θρωπον
393 1181 552 1247 εἶναι,
591 1183 781 1254 ὥσπερ
806 1183 901 1236 καὶ
941 1179 1030 1254 ἦν.
1062 1184 1157 1238 καὶ
1183 1185 1500 1257 ἠκροώμην,
1521 1185 1574 1238 τί
1602 1187 1710 1257 ἄρα

111 1315 118 1324 .
178 1275 358 1345 λαλείἢ
398 1273 448 1326 τί
490 1273 816 1345 διαπράττει
860 1274 927 1326 ⁷⁸.
964 1274 1058 1328 καὶ
1101 1273 1412 1344 μονώτατος
1457 1276 1532 1329 ὢν
1563 1276 1711 1330 ἔνδον

179 1369 284 1437 περὶ
329 1366 392 1418 τὰ
434 1365 632 1417 ἑκατὸν
674 1364 767 1435 ἔτη
803 1364 1004 1427 ἐλάσας
1049 1364 1150 1436 ἤδη
1198 1366 1292 1418 καὶ
1336 1369 1462 1430 τοὺς
1493 1368 1711 1432 ὀδόντας

175 1457 414 1518 ἀπολέσας
444 1454 622 1526 ἑαυτῷ
641 1455 930 1526 διεμάχετο
952 1456 1046 1508 καὶ
1068 1456 1145 1526 τῷ
1173 1455 1424 1526 διαϐόλῳ,
1451 1457 1623 1526 λέγων
1640 1459 1706 1490 ⁷⁸·

176 1549 216 1600 τί
249 1546 406 1608 θέλεις
439 1545 659 1612 λοιπόν,
703 1547 1018 1618 κακόγηρε;
1064 1547 1172 1601 ίδοὺ
1213 1548 1308 1601 κα)⁸
1344 1547 1487 1601 οἴνου
1522 1548 1710 1614 ἔλαϐες

172 1642 248 1696 καὶ
269 1640 440 1694 ἐλαίου
467 1638 613 1709 ἥψω.
649 1639 835 1694 λοιπὸν
866 1640 918 1693 τί
947 1640 1124 1703 Θέλεις
1150 1642 1195 1673 ⁷⁷
1226 1643 1436 1712 ποιήσω
1461 1660 1574 1708 σοι,
1611 1659 1711 1695 πο-

172 1734 397 1802 λιοράγε,
449 1731 775 1785 κοιλιόδουλε
829 1733 1020 1803 ἑαυτὸν
1082 1731 1417 1804 ὲξυϐρίζων;
1462 1729 1582 1787 εἶτα
1632 1732 1710 1805 τῷ

167 1826 352 1894 δαίμονι
374 1840 386 1853 ·
420 1824 647 1887 ἄπελθε,
679 1825 873 1893 λέγων,
906 1827 1000 1878 ἀπ’
1036 1825 1171 1895 ἐμοῦ
1197 1826 1266 1890 ⁷⁸,
1305 1824 1516 1878 διάϐολε
1576 1843 1707 1896 συγ-

169 1918 460 1986 γεγήρακάς
507 1933 600 1986 μοι
638 1919 696 1969 ὲν
743 1917 1105 1988 ἀδιαφορίαις,
1145 1917 1429 1970 ἀσθένειάν
1475 1935 1563 1987 μοι
1610 1916 1704 1970 τοῦ

153 2009 388 2080 σώματος
411 2008 728 2078 ἐπιρῤίψας.
764 2009 906 2062 οίνου
931 2025 997 2078 με
1026 2011 1068 2040 ⁷⁸
1096 2009 1356 2078 ἐποίησας
1383 2007 1708 2078 μεταλαϐεῖν

165 2104 242 2156 καὶ
289 2101 488 2161 ἐλαίου,
533 2100 816 2171 φιλήδονον
870 2118 936 2170 με
988 2102 1464 2173 ἀπεργασάμενος.
1529 2100 1603 2170 μὴ
1659 2101 1705 2138 ⁸ο

160 2196 321 2265 ἀκμήν
361 2193 442 2246 σοί
471 2209 528 2246 τι
573 2192 864 2263 χρεωστῶ;
915 2191 1068 2245 οὐδὲν
1105 2193 1379 2260 εὑρίσκεις
1415 2193 1475 2244 ὲν
1517 2190 1640 2262 ἐμοὶ
1677 2192 1707 2245 ὃ

162 2288 314 2350 θέλεις
358 2285 595 2354 συλῆσαι
636 2286 702 2340 ⁸¹.
738 2283 940 2338 ἄπελθε
973 2285 1158 2337 λοιπὸν
1188 2285 1285 2338 ἀπ’
1321 2284 1479 2354 ἐμοῦ,
1507 2285 1705 2355 μισάν-

160 2381 342 2451 θρωπε.
386 2379 478 2432 καὶ
514 2378 594 2441 ὡς
653 2375 915 2450 στερίζων
966 2377 1143 2448 ἑαυτῷ
1191 2376 1492 2445 διελέγετοο
1545 2377 1707 2449 δεῦρο

158 2473 338 2535 λοιπόν.
368 2473 525 2542 λῆρε,
567 2472 885 2541 πολιοφάγε,
931 2470 1235 2542 φαγόγηρε,
1282 2470 1388 2534 ἕως
1422 2470 1552 2524 πότε
1586 2469 1707 2523 ἔσο-

159 2581 242 2616 μαι
271 2563 403 2633 μετὰ
431 2562 529 2615 σοῦ
554 2579 569 2626 ;

214 2656 509 2725 Διηγήσατο
542 2656 588 2686 θ’
627 2655 684 2706 δὲ
715 2655 846 2725 ἡμῖν
881 2654 974 2706 καὶ
1001 2655 1028 2706 6
1055 2652 1240 2717 δοῦλος
1273 2653 1368 2706 τοῦ
1395 2654 1634 2725 Χριστοῦ
1659 2654 1706 2686 ⁸³

154 2746 470 2814 Παφνούτιος
509 2747 542 2797 ὁ
582 2746 674 2798 τοῦ
707 2745 955 2814 γενναίου
986 2746 1033 2777 ⁸⁸
1076 2745 1266 2799 τούτου
1305 2746 1568 2817 μαθητής,
1623 2748 1705 2800 ὅτι

156 2839 269 2907 μιᾶς
293 2839 400 2890 τῶν
448 2837 685 2909 ἡμερῶν
723 2836 1089 2908 καθεζομένου
1122 2836 1215 2890 τοῦ
1245 2838 1529 2908 Μακαρίου
1558 2840 1604 2870 ⁸⁸
1632 2841 1708 2891 οἵ·

154 2945 238 2979 κου
282 2928 326 2958 ⁸⁸
370 2928 428 2980 ὲν
476 2929 549 2997 τῇ
601 2925 755 2997 αὐλῇ,
819 2926 914 2979 καὶ
963 2925 1040 2996 τῷ
1079 2925 1196 2995 Θεῷ
1257 2927 1707 2996 προσομιλοῦντος

150 3019 292 3075 ὑαινα
318 3019 566 3072 λαϐοῦσα
600 3019 690 3072 τὸν
737 3018 937 3088 ἑαυτῆς
973 3017 1213 3087 σκύμνον
1261 3018 1303 3049 ⁸⁷
1339 3018 1536 3086 τυφλὸν
1578 3019 1706 3072 ὄντα

1812 553 1866 596 et
1895 555 2095 594 novum
2147 545 2534 594 testamentum
2571 537 2888 590 memoriter
2925 535 3138 606 didicit,
3174 538 3385 609 fuitque

1813 633 2102 702 insigniter
2131 631 2282 687 mitis
2317 637 2483 701 atque
2515 638 2724 695 castus,
2773 631 2820 686 si
2854 632 2976 700 quis
3005 633 3168 688 alius.

1882 811 2127 877 Quodam
2160 812 2247 867 die
2273 828 2441 882 quum
2477 813 2649 868 otium
2698 813 2830 868 mihi
2877 825 3043 880 esset,
3072 815 3138 870 ad
3164 831 3287 871 eum
3326 817 3382 871 in

1809 913 2053 959 extrema
2091 905 2212 974 ejus
2248 915 2530 960 senectute
2568 906 2803 975 perrexi.
2833 906 3003 972 Quem
3034 924 3202 976 quum
3261 924 3380 978 ego.

1810 1003 2000 1064 utpote
2027 996 2119 1064 qui
2149 996 2300 1051 rudis
2325 1013 2525 1062 essem,
2544 1014 2709 1068 supra
2742 999 3013 1053 hominem
3045 1015 3167 1055 esse
3195 1000 3384 1055 existi-

1810 1101 2036 1150 marcm,
2073 1097 2131 1141 ut
2158 1089 2318 1141 etiam
2344 1088 2467 1152 fuit,
2498 1092 2643 1144 ostio
2678 1093 2850 1145 cellae
2881 1093 3054 1161 ipsius
3086 1093 3272 1147 adsedi
3303 1103 3380 1157 et,

1812 1177 1941 1248 quid
1969 1178 2286 1248 loqueretur
2317 1181 2396 1234 vel
2427 1191 2633 1251 ageret.
2669 1184 2994 1238 auscultavi.
3029 1183 3188 1239 Solus
3219 1185 3385 1254 igitur

1811 1271 1959 1324 intus
1982 1287 2148 1341 quum
2197 1273 2311 1340 jam
2347 1285 2568 1328 centum
2602 1274 2715 1330 fere
2762 1291 2935 1330 annos
2971 1277 3213 1338 haberet,
3252 1279 3384 1331 den-

1813 1372 2002 1433 tesque
2043 1365 2342 1429 amisisset,
2373 1381 2556 1420 secum
2603 1377 2656 1422 et
2702 1383 2826 1422 cum
2860 1368 3079 1422 diabolo
3121 1373 3386 1439 pugnavit

1810 1471 1874 1509 ac
1908 1475 1920 1508 :
1954 1455 2092 1521 Quid
2133 1459 2373 1520 tandem,
2407 1458 2608 1528 inquit,
2639 1459 2746 1523 vis,
2779 1461 2920 1515 male
2961 1463 3156 1516 senex!
3194 1461 3273 1514 En
3304 1462 3386 1514 vi-

1810 1558 1941 1597 num
1967 1543 2150 1599 bibisti
2178 1553 2232 1600 et
2259 1547 2438 1600 oleum
2467 1549 2715 1619 tetigisti.
2753 1550 2893 1615 Quid
2924 1551 3004 1605 vis
3028 1552 3258 1619 amplius
3285 1553 3380 1606 tibi

1811 1637 2028 1702 faciam,
2078 1653 2249 1693 vorax
2302 1639 2356 1692 in
2401 1642 2622 1700 canitie,
2675 1644 2919 1697 serviens
2960 1643 3174 1697 ventri?
3214 1643 3290 1697 lta
3323 1661 3384 1699 se

1811 1729 1928 1799 ipse
1955 1732 2300 1786 contumeliis
2331 1733 2636 1800 castigavit.
2660 1732 2882 1790 Diabolo
2910 1743 3088 1790 autem
3113 1735 3381 1798 :Recede,

1811 1821 2007 1890 inquit,
2027 1838 2054 1874 a
2077 1838 2181 1889 me,
2200 1821 2432 1878 diabole.
2458 1824 2811 1880 Consenuisti
2829 1843 3040 1882 mecum
3066 1829 3118 1882 in
3136 1828 3376 1898 pigritia.

1808 1911 2180 1968 Inﬁrmitatem
2199 1916 2444 1986 corporis
2467 1917 2600 1970 mihi
2624 1917 2893 1972 inﬂixisti.
2913 1919 3106 1974 Vinum
3123 1928 3178 1974 et
3201 1921 3378 1975 oleum

1806 2019 1894 2058 me
1925 2005 2089 2076 263
2119 2009 2400 2076 percipere
2436 2009 2637 2065 fecisti.
2671 2010 3048 2081 Voluptarium
3085 2029 3172 2070 me
3204 2013 3382 2070 reddi-

1806 2095 1957 2150 disti.
1989 2097 2126 2163 Quid
2159 2099 2254 2154 tibi
2285 2101 2508 2171 insuper
2530 2103 2736 2159 debeo?
2763 2104 2907 2160 Nihil
2942 2107 3154 2163 invenis
3189 2110 3243 2162 in
3269 2123 3376 2170 me,

1806 2187 1952 2256 quod
1990 2189 2239 2259 deripere
2268 2193 2421 2248 velis.
2449 2191 2659 2250 Recede
2683 2212 2811 2267 ergo
2835 2213 2865 2251 a
2886 2213 2991 2264 me,
3023 2199 3243 2254 inimice
3277 2199 3380 2254 ho-

1806 2280 2038 2335 minum.
2064 2281 2143 2336 Ac
2165 2284 2329 2337 veluti
2362 2285 2502 2340 latro
2540 2287 2644 2341 sibi
2693 2289 2848 2357 ipse:
2876 2291 3143 2360 Agedum,
3176 2292 3375 2362 inquit.

1805 2383 2061 2440 nugator,
2095 2373 2149 2426 in
2182 2375 2384 2429 canitie
2413 2386 2657 2442 voratur,
2689 2385 2743 2432 et
2765 2379 2820 2432 in
2845 2377 3164 2435 heluatione
3185 2396 3374 2437 senex.

1806 2463 2077 2528 Quamdiu
2109 2465 2272 2521 etiam
2300 2478 2477 2522 tecum
2509 2469 2638 2524 ero?

1875 2645 2216 2716 Paphnutius
2262 2663 2480 2718 quoque
2521 2647 2725 2706 Christi
2777 2666 2972 2707 servus
3003 2657 3057 2706 et
3108 2653 3375 2722 praeclari

1808 2739 1972 2808 hujus
1990 2740 2090 2793 viri
2119 2741 2424 2810 discipulus
2451 2742 2585 2797 haec
2613 2743 2770 2798 nobis
2800 2745 3071 2798 narravit:
3105 2744 3373 2811 Quodam.

1808 2832 2004 2900 inquit.
2037 2831 2143 2894 die,
2197 2848 2364 2902 quum
2402 2832 2672 2888 Macarius
2699 2834 2845 2888 domi
2891 2835 2946 2889 in
2978 2837 3101 2890 aula
3140 2838 3374 2901 sederet.

1807 2934 1860 2978 et
1892 2924 2132 2979 animum
2166 2923 2276 2980 Deo
2301 2926 2566 2980 intentum
2599 2927 2844 2991 haberet,
2877 2928 3087 3000 hyaena
3133 2931 3372 2984 catulum

1807 3029 2028 3069 caecum
2059 3031 2216 3070 suum
2249 3016 2453 3081 attulit,
2487 3025 2540 3070 et
2567 3019 2710 3072 ostio
2751 3019 2908 3074 aulae
2937 3019 3115 3090 capite
3161 3021 3377 3090 pulsato

149 3112 345 3182 ἦνεγκε,
379 3112 476 3165 καὶ
502 3110 591 3182 τῷ
618 3109 836 3182 θυριδίῳ
857 3111 957 3180 τῆς
991 3109 1162 3180 αὐλῆς
1193 3110 1471 3181 κρούσασα
1507 3113 1574 3182 τῇ
1615 3129 1707 3164 κε-

1812 3106 2055 3176 ingressa
2089 3117 2192 3168 est.
2231 3107 2324 3161 illo
2354 3109 2516 3162 etiam
2559 3109 2809 3165 sedente.
2842 3109 3014 3180 Cujus
3059 3119 3187 3167 ante
3211 3112 3375 3182 pedes

148 3206 272 3275 φαλῇ
319 3205 578 3275 εἰσῆλθεν
631 3205 710 3257 ἔτι
766 3203 930 3258 αὑτοῦ
988 3205 1104 3256 ἐκεῖ
1156 3202 1551 3274 καθεζομένου.
1611 3205 1707 3257 καὶ

148 3297 308 3364 ῥίπτει
337 3297 504 3350 αὑτὸν
530 3297 641 3350 ὑπὸ
663 3295 787 3358 τοὺς
820 3295 986 3358 πόδας
1015 3293 1178 3348 αὑτοῦ
1198 3312 1211 3324 ο
1243 3294 1430 3349 τοῦτον
1454 3297 1546 3348 τὸν
1573 3295 1708 3348 σκύ-

147 3405 264 3455 μνον
291 3387 473 3441 λαϐὼν
509 3389 541 3440 6
575 3387 729 3455 ἅγιος
751 3386 1034 3455 Μακάριος
1059 3387 1104 3419 ⁸⁸
1138 3386 1232 3440 καὶ
1266 3386 1573 3450 ὲπιπτύσας
1593 3389 1709 3450 τοῖς

143 3478 422 3550 ὀφθαλμοῖς
472 3478 648 3532 αὑτοῦ
697 3477 970 3548 ἐπηύξατο
1000 3518 1016 3542 ,
1075 3479 1170 3531 καὶ
1221 3479 1563 3549 παραχρῆμα
1615 3477 1710 3530 ἀν-

142 3567 339 3638 έϐλεψε,
363 3570 462 3622 καλ¹
484 3568 806 3638 θηλάσαντα
827 3568 990 3621 αὑτὸν
1012 3567 1056 3598 ⁸⁸
1079 3567 1238 3621 ὑαινα
1258 3567 1489 3637 ἀπῆλθε.
1517 3568 1609 3620 καὶ
1636 3569 1704 3638 τῇ

143 3659 256 3728 ἑξῆς
289 3660 480 3730 ἡμέρα
528 3660 730 3714 κώδιον
778 3659 1010 3730 μεγάλου
1069 3659 1338 3731 προϐάτου
1390 3661 1587 3731 ἡνεγκε
1630 3659 1710 3728 τῷ

139 3750 267 3819 ἁγίῳ
301 3750 590 3821 Μακαρίῳ
620 3751 696 3781 θ’·
729 3751 866 3820 ὅπερ
920 3749 1112 3803 κώδιον
1141 3751 1302 3813 αὐτὸς
1340 3750 1595 3803 κατέλιπε
1631 3749 1711 3820 τῷ

139 3836 264 3905 ἁγίῳ
321 3837 639 3906 Ἀθανασίῳ
686 3838 765 3907 τῷ
814 3839 1116 3909 ὲπισκόπῳ.
1160 3841 1317 3911 καὶὴ
1367 3840 1612 3911 μακαρία
1654 3841 1711 3893 δὲ

137 3928 342 3998 Μελάνη
378 3926 508 3982 εἷπὲ
568 3947 694 4001 μοι⁹
730 3931 811 3982 ὅτι
855 3930 1004 4001 παρὰ
1049 3929 1144 3983 τοῦ
1187 3931 1342 3999 ἁγίου
1385 3931 1703 3985 Ἀθανασίου

138 4019 301 4073 ἐκεῖνο
333 4021 392 4073 τὸ
422 4021 630 4074 κώδιον
662 4021 853 4074 ἔλαϐον
881 4024 924 4054 ἰ
962 4061 976 4084 ,
1008 4021 1180 4086 ξένιον
1203 4022 1302 4092 τῆς
1332 4023 1521 4091 ὑαίνης
1549 4023 1705 4091 λεγό-

1804 3214 1925 3253 eum
1956 3198 2200 3268 projecit.
2225 3198 2460 3254 Sanctus
2482 3199 2644 3270 igitur
2661 3199 2930 3256 Macarius
2945 3218 3110 3271 quum
3136 3205 3374 3258 catulum

1806 3288 2128 3357 accepisset.
2182 3287 2409 3358 ejusque
2459 3288 2513 3342 in
2549 3289 2741 3344 oculos
2779 3290 3038 3359 spuisset,
3074 3292 3275 3356 oravit,
3321 3301 3377 3345 et

1805 3379 1987 3439 statim
2020 3380 2234 3433 catulus
2275 3380 2428 3435 vidit.
2461 3381 2630 3446 Quem
2661 3396 2829 3452 quum
2864 3382 3140 3446 laetasset,
3168 3385 3375 3456 hyaena

1806 3470 1957 3522 abiit.
1977 3469 2072 3524 Die
2105 3479 2286 3526 autem
2319 3473 2564 3542 sequenti
2583 3474 2775 3543 pellem
2795 3488 3022 3544 magnae
3047 3477 3166 3531 ovis
3187 3489 3376 3532 sancto

1804 3559 1985 3614 Marco
2011 3563 2210 3625 attulit,
2239 3578 2402 3632 quam
2435 3565 2654 3632 quidem
2680 3566 2874 3636 pellem
2904 3568 2949 3623 is
2981 3576 3176 3624 sancto
3208 3569 3377 3623 Atha-

1806 3655 1962 3710 nasio
1987 3656 2243 3726 episcopo
2273 3657 2512 3726 reliquit;
2549 3657 2706 3712 beata
2754 3666 2934 3714 autem
2970 3659 3200 3715 Melania
3243 3661 3376 3715 mihi

1806 3747 1964 3811 dixit,
2007 3762 2071 3802 se
2111 3762 2143 3801 a
2188 3757 2376 3803 sancto
2416 3748 2720 3804 Athanasio
2768 3749 2917 3804 illam
2973 3751 3191 3821 pellem.
3237 3768 3378 3821 quae

1808 3853 2010 3892 munus
2036 3838 2276 3908 hyaenae
2325 3839 2721 3908 appellabatur,
2766 3841 3064 3910 accepisse.
3096 3839 3153 3894 ld
3195 3851 3375 3898 autem

1808 3927 2072 3983 Dominus
2101 3929 2247 3994 fecit,
2274 3939 2329 3983 ut
2348 3931 2646 3999 gloriosum
2679 3932 2926 3987 redderet
2953 3948 3167 3988 servum
3193 3949 3376 4001 suum,
3426 3936 3433 3943 '

1810 4022 1952 4075 sicut
1980 4021 2143 4075 etiam
2176 4022 2228 4074 in
2259 4021 2374 4075 Elia
2397 4030 2450 4076 et
2481 4022 2536 4075 in
2565 4021 2781 4078 llaniele
2808 4023 2952 4079 fecit.

135 4128 286 4179 μενον
317 4115 383 4168 ’⁸.
412 4114 590 4167 τοῦτο
619 4112 728 4183 γὰρ
758 4113 1055 4183 πεποίηκεν
1077 4114 1106 4166 ὁ
1152 4109 1362 4183 κύριος,
1411 4111 1551 4166 ὥστε
1607 4114 1826 4180 δοξάσαι
1886 4114 1976 4168 τὸν
2012 4113 2195 4170 δοῦλον
2249 4113 2436 4182 αὑτοῦ,
2492 4115 2570 4179 ώς
2602 4117 2696 4170 καὶ
2739 4117 2834 4171 ἐπὶ
2862 4118 2957 4172 τοῦ
3007 4119 3188 4174 Ἠλίου
3210 4117 3258 4153 ’⁸
3285 4121 3381 4175 καὶ

133 4201 218 4254 τοῦ
255 4205 455 4275 Δανιὴλ
487 4204 817 4274 πεποίηκεν.

208 4297 457 4365 Ἐλεγετο
508 4298 574 4351 δὲ
605 4298 652 4328 ’δ
691 4298 818 4370 περὶ
850 4296 1016 4350 αὑτοῦ
1045 4295 1140 4350 τοῦ
1173 4297 1219 4329 ³⁸
1252 4295 1430 4365 ἁγίου,
1465 4297 1568 4357 ὅτι.
1611 4299 1704 4367 ἀφ’

1882 4297 2174 4353 Dicebatur
2228 4297 2316 4350 hic
2357 4305 2606 4360 sanans,
2634 4313 2700 4351 ex
2741 4313 2850 4368 quo
2885 4298 3188 4367 baptizatus
3209 4308 3377 4369 esset,

131 4380 187 4440 οῦ
229 4389 576 4459 ἐϐαπτίσθη,
611 4388 711 4441 οὑκ
762 4388 960 4441 ἐπτυσε
1007 4390 1052 4420 ’⁸
1099 4387 1272 4458 χαμαὶ
1304 4389 1398 4440 ἐπὶ
1444 4388 1708 4460 ἐξήκοντα

1816 4390 1966 4445 humi
1996 4404 2102 4443 non
2127 4388 2342 4458 spuisse
2369 4403 2464 4458 per
2495 4389 2776 4458 sexaginta
2799 4405 2995 4444 annos.
3019 4393 3210 4446 Annos
3230 4393 3379 4447 enim

129 4479 236 4551 ἐτη.
274 4479 836 4550 τεσσαρακονταετὴς
881 4478 990 4550 γὰρ
1019 4478 1322 4548 ἐϐαπτίσθη
1354 4479 1420 4534 ’⁷.
1457 4475 1528 4550 ἦν
1553 4479 1611 4532 δὲ
1646 4479 1708 4532 τὸ

1814 4480 2176 4551 quadraginta
2225 4487 2386 4534 natus
2433 4480 2742 4551 baptizatus
2784 4490 2884 4536 est.
2924 4479 3146 4536 Statura
3197 4493 3378 4540 autem

131 4566 257 4634 εἶδος
285 4573 389 4642 τῆς
433 4571 618 4625 αὑτοῦ
661 4572 707 4603 ⁸⁸
744 4569 961 4642 ἡλικίας
1006 4568 1354 4634 ὑποκόλοϐον,
1400 4570 1606 4623 σπανὸν
1640 4571 1707 4637 ⁸⁸,

1816 4571 1908 4626 illa
1942 4579 2118 4626 aetate
2159 4571 2292 4626 satis
2337 4571 2545 4625 minuta
2578 4586 2642 4625 ac
2675 4587 2797 4625 rara
2828 4571 2962 4640 fuit;
2997 4574 3138 4643 pilos
3163 4574 3219 4629 in
3261 4575 3379 4630 sola

132 4661 214 4713 ἐπὶ
241 4661 333 4715 τοῦ
365 4663 600 4732 χείλους
630 4663 787 4730 μόνον
815 4661 936 4732 ἔχον
967 4661 1177 4731 τρίχας,
1209 4660 1303 4714 καὶ
1341 4662 1420 4724 εἰς
1445 4661 1506 4714 τὺ
1543 4661 1708 4732 ἄκρον

1817 4661 1969 4714 labro
1999 4659 2208 4722 habuit,
2240 4669 2404 4730 atque
2442 4659 2606 4733 264
2641 4660 2696 4715 in
2747 4677 3000 4731 suprema
3034 4672 3188 4734 parte
3213 4666 3379 4720 menti

128 4755 179 4807 δὲ
205 4756 296 4808 τοῦ
334 4757 566 4824 γενείου
593 4753 739 4826 εἶχεν
782 4754 997 4822 ὀλίγας·
1033 4752 1306 4823 ὑπερϐολῇ
1352 4752 1461 4824 γὰρ
1492 4756 1715 4826 ἀσκητι-

132 4846 236 4899 κῶν
261 4847 452 4901 πόνων
478 4847 615 4901 οὑδὲ
651 4847 707 4900 αί
745 4846 927 4917 τρίχες
955 4844 1055 4915 τῆς
1097 4843 1370 4912 γενειάδος
1407 4843 1573 4898 αὑτοῦ
1629 4846 1717 4911 ἒξ-

129 4928 346 4986 ἰοῦσαν.

1809 4752 2002 4807 habuit
2032 4765 2255 4821 paucos.
2284 4751 2418 4805 Nam
2468 4761 2687 4823 propter
2732 4755 2932 4810 nimios
2969 4757 3380 4813 exercitationis

1813 4844 2030 4900 labores
2069 4859 2138 4899 ne
2165 4843 2259 4914 pili
2291 4844 2509 4913 quidem
2543 4845 2708 4900 menti
2735 4845 2855 4916 ejus
2886 4846 3033 4901 enati
3063 4854 3211 4903 sunt.

1417 5022 1673 5078 VARIAE
1712 5020 2095 5080 LECTIONES

190 5140 245 5220 7'.
269 5142 312 5220 §
341 5132 514 5220 οὗτος
542 5138 605 5220 δε
630 5139 658 5190 6
681 5133 1393 5220 μακάριοςνμιίρζιον-ίεεᾶ
1432 5136 1807 5220 haudndu'bieh
1826 5135 1901 5190 ibi
1941 5133 2225 5220 legendum
2249 5142 2333 5220 es't
2361 5137 2389 5188 6
2427 5135 2715 5220 μακάριοί
2729 5134 2978 5220 μάρκοςτ
3050 5135 3122 5168 ”⁶
3146 5135 3381 5220 (Bagam.

126 5209 182 5261 B.
201 5212 246 5249 τ’
269 5211 309 5260 Β
333 5209 807 5277 ἀκαιρούμενος.

124 5279 162 5330 Β
189 5276 502 5349 διελέγετὸ
555 5277 640 5343 τῷ
688 5276 964 5349 διαϐόλῳ
995 5279 1356 5349 μαχόμενος.

886 5206 932 5237 ’³
951 5207 1041 5260 Sic
1059 5207 1168 5260 AB.
1240 5209 1287 5240 ⁷⁸
1314 5209 1499 5268 (ΞΟΠ-η
1532 5209 1622 5261 ΑΒ
1646 5207 1886 5277 νόμιζον.

886 5279 943 5343 ίῳ
995 5279 1356 5343 μαχόμενος.
1465 5280 1508 5312 ⁷⁷
1542 5278 1736 5343 θέλεις
1784 5292 1886 5331 om.

1961 5207 2008 5278 ξ’
2030 5206 2072 5257 Β
2100 5204 2536 5278 διαπράττεται,
2580 5204 2782 5278 ’λτείΡέρ
2806 5204 3386 5278 διεμάχετο-λέγων

1784 5275 2036 5348 οωηΒεγ
2102 5275 2150 5348 "_‘
2177 5275 2607 5348 _B‘&ns)t037dn:'
2640 5275 2784 5348 ἐμοῦ
3017 5345 3028 5348 _
3103 5277 3149 5309 "
3257 5275 3382 5348 ⁴μοι.

124 5349 164 5379 ⁸⁸
189 5350 272 5416 μὴ
309 5344 427 5405 oin.
461 5349 534 5419 B.
618 5348 669 5419 “7
691 5346 870 5419 οὐδὲν
905 5344 1204 5419 εὑρζσξιεὶς
1225 5378 1294 5419 -τ
1318 5349 1591 5419 συλῆσαι
1622 5364 1732 5403 om.
1761 5348 1834 5419 Β.
1898 5345 1954 5419 θ’-
1976 5345 2076 5419 llic
2108 5344 2338 5419 BAhabet
2375 5346 2592 5419 titulum
2618 5363 2632 5400 :
2662 5344 2913 5419 περὶτῆς
2939 5345 3126 5419 ὑαίνης
3159 5344 3273 5419 τῆς
3293 5349 3385 5401 τὸν

1009 5416 1055 5447 ⁸³
1085 5417 1126 5467 Β
1153 5417 1312 5470 θεοῦ.
1416 5416 1574 5471 8"AB

123 5419 312 5488 τυφλὸν
362 5418 628 5488 σκύμνον
658 5416 904 5488 ἐχούσης.

123 5415 312 5488 τυφλὸν
362 5418 628 5488 σκύμνον
658 5416 904 5487 ἐχούσης.
995 5416 1055 5497 :3
1085 5417 1312 5470 Βθεοῦ.
1416 5415 1574 5471 8"AB
1628 5417 1838 5488 γενεσῦ
1890 5415 2037 5485 (sic).

122 5487 165 5519 “
196 5493 368 5543 οἴκου
410 5505 537 5543 om.
575 5488 635 5558 Β.
666 5557 669 5558 ν
709 5488 753 5518 ⁸⁷
784 5487 826 5537 Β
869 5487 1059 5558 αὐτης
1087 5485 1216 5558 τὸν
1243 5489 1498 5558 σκύμνον.
1575 5489 1619 5521 ⁸⁸³
1653 5489 1693 5540 Β
1731 5487 1980 5558 μάρκος.

2149 5415 2193 5486 [⁵⁸
2227 5415 2269 5466 Β
2293 5415 2598 5486 μακαρίου
2655 5414 2754 5486 καὶ
2790 5414 3092 5486 άᾼθανάτοιέ
3127 5414 3381 5486 μάρκου,

2055 5485 2098 5517 ⁸⁸
2134 5483 2225 5538 Sic
2273 5485 2381 5537 AB.
2419 5483 2577 5540 Forte
2627 5484 2934 5540 addendum
2990 5483 3250 5541 λαϐοῦσα.
3301 5487 3386 5544 An

125 5561 360 5625 praefers
385 5575 552 5629 corr.
593 5555 1106 5629 Oqiﬁqaaaeuso'v?
1179 5554 1436 5629 “porr”
1469 5560 1558 5614 AB
1581 5554 1791 5629 μάρῖὲῳ
1815 5554 1900 5629 ἐί.
1943 5570 2108 5629 supra
2135 5571 2199 5629 Ap_.
2236 5554 2306 5629 75
2341 5570 2462 5629 sqq.
2532 5556 2581 5629 ξι
2617 5555 2663 5629 _I_3
2687 5555 2884 5629 ἔλαϐε.
2925 5555 3004 5629 _’_'
3044 5555 3086 5629 Β
3115 5557 3387 5629 earumd-

117 5645 318 5695 μενον.
356 5629 437 5684 De
491 5627 611 5680 hac

122 5698 164 5729 ⁸⁸
197 5701 303 5753 τοῦ
338 5716 459 5754 om.
503 5697 580 5750 A.
657 5699 703 5729 “
740 5696 816 5751 Ex
853 5695 1022 5758 coui.,
1060 5695 1146 5749 AB
1173 5695 1352 5752 ἔπεσε.
1429 5703 1471 5734 ³⁷

122 5768 299 5822 αὐτοῦ
333 5768 478 5839 τῆς.
568 5767 621 5800 ³⁸
657 5767 726 5822 20
763 5767 945 5834 Corn,
978 5765 1067 5820 AB
1101 5767 1321 5828 σπανός.

659 5628 813 5694 pellis
869 5627 1162 5680 donatione
1209 5626 1484 5695 disputavi
1537 5626 1691 5695 p.16
1735 5635 1847 5682 not.
1875 5627 1930 5681 2.

1575 5670 1589 5683 .
1625 5646 1691 5683 10
1735 5646 1847 5682 “Ol.
1876 5646 1930 5681 Ζ.
2038 5646 2080 5657 "
2120 5646 2208 5677 AD
2254 5646 2417 5692 11.41“.
2531 5646 2577 5657 "
2617 5646 2867 5690 niueum,
2910 5646 3000 5678 ΔΙ)
3041 5646 3194 5696 ελεγε
3240 5646 3383 5684 τοοε.

1512 5646 1568 5756 Β)
1582 5698 1884 5771 ἐϐαπτίσθη
1913 5701 1946 5752 ὁ
1995 5694 2246 5766 Δγνήσιος
2275 5695 2382 5752 τοῦ
2404 5696 2660 5764 Χριστοῦ
2689 5695 2910 5762 δοῦλος
2935 5693 3183 5766 μάρκος.
3260 5700 3308 5733 ⁸⁸
3345 5697 3388 5752 Β

2037 5623 2208 5696 οιΑΑΒ
2254 5623 2438 5696 quia.’
2530 5624 2577 5657 ⁸⁸
2617 5624 2867 5696 Emend,
2910 5623 3194 5696 ABEM're
3240 5623 3383 5684 τόδε.
