  <div class='ocr_page' id='page_1' title='image "/cluster/home/n/w/nwhite01/storage/ocr_20150623/34/hvd.32044019207760/111.png"; bbox 0 0 3950 6574; ppageno 0'>
   <div class='ocr_carea' id='block_1_1' title="bbox 548 346 651 402">
    <p class='ocr_par' dir='ltr' id='par_1_1' title="bbox 548 346 651 402">
     <span class='ocr_line' id='line_1_1' title="bbox 548 346 651 402; baseline -0.019 0"><span class='ocrx_word' id='word_1_1' title='bbox 548 346 651 402; x_wconf 78' lang='grc'><strong>199</strong></span> 
     </span>
    </p>
   </div>
   <div class='ocr_carea' id='block_1_2' title="bbox 545 540 2122 616">
    <p class='ocr_par' dir='ltr' id='par_1_2' title="bbox 545 540 2122 616">
     <span class='ocr_line' id='line_1_2' title="bbox 545 540 2122 616; baseline -0.007 -12"><span class='ocrx_word' id='word_1_2' title='bbox 545 549 749 609; x_wconf 82' lang='lat' dir='ltr'><strong>animo,</strong></span> <span class='ocrx_word' id='word_1_3' title='bbox 799 556 854 602; x_wconf 79' lang='lat' dir='ltr'><strong>ot</strong></span> <span class='ocrx_word' id='word_1_4' title='bbox 883 566 895 601; x_wconf 93' lang='lat'>:</span> <span class='ocrx_word' id='word_1_5' title='bbox 928 547 1102 612; x_wconf 83' lang='lat' dir='ltr'><strong>Abba,</strong></span> <span class='ocrx_word' id='word_1_6' title='bbox 1153 547 1398 616; x_wconf 87' lang='lat' dir='ltr'><strong>inquam,</strong></span> <span class='ocrx_word' id='word_1_7' title='bbox 1448 544 1648 606; x_wconf 83' lang='lat' dir='ltr'><strong>Marce,</strong></span> <span class='ocrx_word' id='word_1_8' title='bbox 1701 542 1831 612; x_wconf 87' lang='lat' dir='ltr'><strong>quid</strong></span> <span class='ocrx_word' id='word_1_9' title='bbox 1885 540 2122 595; x_wconf 78' lang='lat' dir='ltr'><strong>faciam?</strong></span> 
     </span>
    </p>
   </div>
   <div class='ocr_carea' id='block_1_3' title="bbox 545 631 2117 710">
    <p class='ocr_par' dir='ltr' id='par_1_3' title="bbox 545 631 2117 710">
     <span class='ocr_line' id='line_1_3' title="bbox 545 631 2117 710; baseline -0.01 -13"><span class='ocrx_word' id='word_1_10' title='bbox 545 657 670 697; x_wconf 87' lang='lat' dir='ltr'><strong>nam</strong></span> <span class='ocrx_word' id='word_1_11' title='bbox 702 639 947 710; x_wconf 82' lang='lat' dir='ltr'><strong>allligunt</strong></span> <span class='ocrx_word' id='word_1_12' title='bbox 977 654 1058 694; x_wconf 90' lang='lat' dir='ltr'><strong>me</strong></span> <span class='ocrx_word' id='word_1_13' title='bbox 1094 637 1450 709; x_wconf 72' lang='lat' dir='ltr'><strong>cogitationes</strong></span> <span class='ocrx_word' id='word_1_14' title='bbox 1482 637 1892 690; x_wconf 85' lang='lat' dir='ltr'><strong>iususurrantes</strong></span> <span class='ocrx_word' id='word_1_15' title='bbox 1939 631 2073 685; x_wconf 87' lang='lat' dir='ltr'><strong>mihi</strong></span> <span class='ocrx_word' id='word_1_16' title='bbox 2103 647 2117 682; x_wconf 90' lang='lat'>:</span> 
     </span>
    </p>
   </div>
   <div class='ocr_carea' id='block_1_4' title="bbox 546 721 2120 796">
    <p class='ocr_par' dir='ltr' id='par_1_4' title="bbox 546 721 2120 796">
     <span class='ocr_line' id='line_1_4' title="bbox 546 721 2120 796; baseline -0.008 -9"><span class='ocrx_word' id='word_1_17' title='bbox 546 733 690 787; x_wconf 73' lang='lat' dir='ltr'><strong>Nihil</strong></span> <span class='ocrx_word' id='word_1_18' title='bbox 722 731 889 796; x_wconf 79' lang='lat' dir='ltr'><strong>facis;</strong></span> <span class='ocrx_word' id='word_1_19' title='bbox 920 729 1114 785; x_wconf 90' lang='lat' dir='ltr'><strong>recede</strong></span> <span class='ocrx_word' id='word_1_20' title='bbox 1139 730 1287 783; x_wconf 92' lang='lat' dir='ltr'><strong>hinc.</strong></span> <span class='ocrx_word' id='word_1_21' title='bbox 1317 727 1716 782; x_wconf 80' lang='lat' dir='ltr'><strong>Sam-tissimus</strong></span> <span class='ocrx_word' id='word_1_22' title='bbox 1742 724 1960 778; x_wconf 83' lang='lat' dir='ltr'><strong>Marcus</strong></span> <span class='ocrx_word' id='word_1_23' title='bbox 1986 721 2120 774; x_wconf 88' lang='lat' dir='ltr'><strong>mihi</strong></span> 
     </span>
    </p>
   </div>
   <div class='ocr_carea' id='block_1_5' title="bbox 551 813 2117 895">
    <p class='ocr_par' dir='ltr' id='par_1_5' title="bbox 551 813 2117 895">
     <span class='ocr_line' id='line_1_5' title="bbox 551 813 2117 895; baseline -0.01 -15"><span class='ocrx_word' id='word_1_24' title='bbox 551 823 832 895; x_wconf 73' lang='lat' dir='ltr'><strong>respondit</strong></span> <span class='ocrx_word' id='word_1_25' title='bbox 877 840 891 876; x_wconf 89' lang='lat'><strong>:</strong></span> <span class='ocrx_word' id='word_1_26' title='bbox 945 820 1042 875; x_wconf 90' lang='lat' dir='ltr'><strong>Dic</strong></span> <span class='ocrx_word' id='word_1_27' title='bbox 1088 831 1167 884; x_wconf 92' lang='lat' dir='ltr'><strong>tu,</strong></span> <span class='ocrx_word' id='word_1_28' title='bbox 1219 819 1416 889; x_wconf 91' lang='lat' dir='ltr'><strong>inquit,</strong></span> <span class='ocrx_word' id='word_1_29' title='bbox 1476 813 1901 886; x_wconf 75' lang='lat' dir='ltr'><strong>cogitationibus</strong></span> <span class='ocrx_word' id='word_1_30' title='bbox 1949 813 2056 867; x_wconf 88' lang='lat' dir='ltr'><strong>tuis</strong></span> <span class='ocrx_word' id='word_1_31' title='bbox 2103 829 2117 865; x_wconf 88' lang='lat'><strong>:</strong></span> 
     </span>
    </p>
   </div>
   <div class='ocr_carea' id='block_1_6' title="bbox 547 907 1658 985">
    <p class='ocr_par' dir='ltr' id='par_1_6' title="bbox 547 907 1658 985">
     <span class='ocr_line' id='line_1_6' title="bbox 547 907 1658 985; baseline -0.009 -15"><span class='ocrx_word' id='word_1_32' title='bbox 547 913 778 985; x_wconf 81' lang='lat' dir='ltr'><strong>Propter</strong></span> <span class='ocrx_word' id='word_1_33' title='bbox 806 913 1084 970; x_wconf 79' lang='lat' dir='ltr'><strong>Christum</strong></span> <span class='ocrx_word' id='word_1_34' title='bbox 1115 910 1348 981; x_wconf 84' lang='lat' dir='ltr'><strong>parietes</strong></span> <span class='ocrx_word' id='word_1_35' title='bbox 1387 907 1658 964; x_wconf 89' lang='lat' dir='ltr'><strong>custodio.</strong></span> 
     </span>
    </p>
   </div>
   <div class='ocr_carea' id='block_1_7' title="bbox 548 1086 2120 1164">
    <p class='ocr_par' dir='ltr' id='par_1_7' title="bbox 548 1086 2120 1164">
     <span class='ocr_line' id='line_1_7' title="bbox 548 1086 2120 1164; baseline -0.008 -13"><span class='ocrx_word' id='word_1_36' title='bbox 548 1087 560 1101; x_wconf 85' lang='grc'><strong>’</strong></span> <span class='ocrx_word' id='word_1_37' title='bbox 620 1109 764 1150; x_wconf 84' lang='lat' dir='ltr'><strong>haec</strong></span> <span class='ocrx_word' id='word_1_38' title='bbox 792 1094 1010 1164; x_wconf 87' lang='lat' dir='ltr'><strong>quidem</strong></span> <span class='ocrx_word' id='word_1_39' title='bbox 1044 1107 1075 1148; x_wconf 92' lang='lat' dir='ltr'><strong>e</strong></span> <span class='ocrx_word' id='word_1_40' title='bbox 1118 1088 1308 1146; x_wconf 89' lang='lat' dir='ltr'><strong>multis</strong></span> <span class='ocrx_word' id='word_1_41' title='bbox 1350 1088 1672 1161; x_wconf 77' lang='lat' dir='ltr'><strong>magnisque</strong></span> <span class='ocrx_word' id='word_1_42' title='bbox 1704 1086 1878 1157; x_wconf 81' lang='lat' dir='ltr'><strong>signis</strong></span> <span class='ocrx_word' id='word_1_43' title='bbox 1907 1101 1971 1140; x_wconf 91' lang='lat' dir='ltr'><strong>ac</strong></span> <span class='ocrx_word' id='word_1_44' title='bbox 1999 1101 2120 1140; x_wconf 88' lang='lat' dir='ltr'><strong>cer-</strong></span> 
     </span>
    </p>
   </div>
   <div class='ocr_carea' id='block_1_8' title="bbox 549 1178 2112 1255">
    <p class='ocr_par' dir='ltr' id='par_1_8' title="bbox 549 1178 2112 1255">
     <span class='ocr_line' id='line_1_8' title="bbox 549 1178 2112 1255; baseline -0.007 -12"><span class='ocrx_word' id='word_1_45' title='bbox 549 1189 845 1244; x_wconf 88' lang='lat' dir='ltr'><strong>taminibus</strong></span> <span class='ocrx_word' id='word_1_46' title='bbox 888 1185 1076 1255; x_wconf 84' lang='lat' dir='ltr'><strong>inclyti</strong></span> <span class='ocrx_word' id='word_1_47' title='bbox 1112 1195 1165 1241; x_wconf 89' lang='lat' dir='ltr'><strong>et</strong></span> <span class='ocrx_word' id='word_1_48' title='bbox 1198 1185 1400 1239; x_wconf 87' lang='lat' dir='ltr'><strong>virtute</strong></span> <span class='ocrx_word' id='word_1_49' title='bbox 1430 1181 1611 1236; x_wconf 88' lang='lat' dir='ltr'><strong>ornati</strong></span> <span class='ocrx_word' id='word_1_50' title='bbox 1643 1179 1812 1234; x_wconf 81' lang='lat' dir='ltr'><strong>Marci</strong></span> <span class='ocrx_word' id='word_1_51' title='bbox 1855 1178 2112 1233; x_wconf 89' lang='lat' dir='ltr'><strong>indicavi.</strong></span> 
     </span>
    </p>
   </div>
   <div class='ocr_carea' id='block_1_9' title="bbox 1359 334 3760 399">
    <p class='ocr_par' dir='ltr' id='par_1_9' title="bbox 1359 334 3760 399">
     <span class='ocr_line' id='line_1_9' title="bbox 1359 334 3760 399; baseline -0.002 -5"><span class='ocrx_word' id='word_1_52' title='bbox 1359 339 1456 395; x_wconf 90' lang='lat' dir='ltr'><strong>SS.</strong></span> <span class='ocrx_word' id='word_1_53' title='bbox 1495 334 1955 393; x_wconf 77' lang='lat' dir='ltr'><strong>MACARIORUM</strong></span> <span class='ocrx_word' id='word_1_54' title='bbox 1995 334 2318 390; x_wconf 77' lang='lat' dir='ltr'><strong>AEGYPTII</strong></span> <span class='ocrx_word' id='word_1_55' title='bbox 2362 335 2448 390; x_wconf 86' lang='lat' dir='ltr'><strong>ET</strong></span> <span class='ocrx_word' id='word_1_56' title='bbox 2490 336 2959 392; x_wconf 79' lang='lat' dir='ltr'><strong>ALEXANDRINI</strong></span> <span class='ocrx_word' id='word_1_57' title='bbox 3676 340 3760 399; x_wconf 74' lang='lat'><strong>200</strong></span> 
     </span>
    </p>
   </div>
   <div class='ocr_carea' id='block_1_10' title="bbox 619 449 2191 524">
    <p class='ocr_par' dir='ltr' id='par_1_10' title="bbox 619 449 2191 524">
     <span class='ocr_line' id='line_1_10' title="bbox 619 449 2191 524; baseline -0.006 -14"><span class='ocrx_word' id='word_1_58' title='bbox 619 456 774 510; x_wconf 85' lang='lat' dir='ltr'><strong>llunc</strong></span> <span class='ocrx_word' id='word_1_59' title='bbox 805 464 1054 510; x_wconf 91' lang='lat' dir='ltr'><strong>sanctum</strong></span> <span class='ocrx_word' id='word_1_60' title='bbox 1106 455 1193 510; x_wconf 91' lang='lat' dir='ltr'><strong>die</strong></span> <span class='ocrx_word' id='word_1_61' title='bbox 1221 453 1456 524; x_wconf 89' lang='lat' dir='ltr'><strong>quodam</strong></span> <span class='ocrx_word' id='word_1_62' title='bbox 1486 451 1714 506; x_wconf 86' lang='lat' dir='ltr'><strong>conveni</strong></span> <span class='ocrx_word' id='word_1_63' title='bbox 1748 449 1905 504; x_wconf 83' lang='lat' dir='ltr'><strong>valde</strong></span> <span class='ocrx_word' id='word_1_64' title='bbox 1957 451 2120 502; x_wconf 82' lang='lat' dir='ltr'><strong>anxio</strong></span> <span class='ocrx_word' id='word_1_65' title='bbox 2150 459 2191 512; x_wconf 67' lang='grc' dir='ltr'><strong>Α</strong></span> 
     </span>
    </p>
   </div>
   <div class='ocr_carea' id='block_1_11' title="bbox 2289 451 3760 527">
    <p class='ocr_par' dir='ltr' id='par_1_11' title="bbox 2289 451 3760 527">
     <span class='ocr_line' id='line_1_11' title="bbox 2289 451 3760 527; baseline 0.006 -25"><span class='ocrx_word' id='word_1_66' title='bbox 2289 452 2475 522; x_wconf 78' lang='grc' dir='ltr'><strong>Τούτῳ</strong></span> <span class='ocrx_word' id='word_1_67' title='bbox 2511 452 2587 521; x_wconf 82' lang='grc' dir='ltr'>τῷ</span> <span class='ocrx_word' id='word_1_68' title='bbox 2617 451 2757 522; x_wconf 81' lang='grc' dir='ltr'><strong>ἁγίῳ</strong></span> <span class='ocrx_word' id='word_1_69' title='bbox 2779 451 2889 519; x_wconf 82' lang='grc' dir='ltr'><strong>ἐγὼ</strong></span> <span class='ocrx_word' id='word_1_70' title='bbox 2920 452 3225 523; x_wconf 81' lang='grc' dir='ltr'><strong>προσῆλθον</strong></span> <span class='ocrx_word' id='word_1_71' title='bbox 3267 455 3394 523; x_wconf 84' lang='grc' dir='ltr'>μιᾶς</span> <span class='ocrx_word' id='word_1_72' title='bbox 3411 453 3521 506; x_wconf 84' lang='grc' dir='ltr'>τῶν</span> <span class='ocrx_word' id='word_1_73' title='bbox 3543 454 3760 527; x_wconf 72' lang='grc' dir='ltr'>ἡμερῶν,</span> 
     </span>
    </p>
   </div>
   <div class='ocr_carea' id='block_1_12' title="bbox 2224 541 3759 616">
    <p class='ocr_par' dir='ltr' id='par_1_12' title="bbox 2224 541 3759 616">
     <span class='ocr_line' id='line_1_12' title="bbox 2224 541 3759 616; baseline -0.008 -20"><span class='ocrx_word' id='word_1_74' title='bbox 2224 541 2395 610; x_wconf 85' lang='grc' dir='ltr'><strong>λέγων</strong></span> <span class='ocrx_word' id='word_1_75' title='bbox 2443 543 2618 612; x_wconf 75' lang='grc' dir='ltr'>αὐτῷ,</span> <span class='ocrx_word' id='word_1_76' title='bbox 2663 545 2722 595; x_wconf 86' lang='grc' dir='ltr'>ὲν</span> <span class='ocrx_word' id='word_1_77' title='bbox 2763 544 2963 614; x_wconf 78' lang='grc' dir='ltr'><strong>ἀκηδίᾳ</strong></span> <span class='ocrx_word' id='word_1_78' title='bbox 3003 562 3103 613; x_wconf 84' lang='grc' dir='ltr'>μου</span> <span class='ocrx_word' id='word_1_79' title='bbox 3154 546 3360 616; x_wconf 80' lang='grc' dir='ltr'><strong>σφόδρα,</strong></span> <span class='ocrx_word' id='word_1_80' title='bbox 3410 547 3678 614; x_wconf 72' lang='grc' dir='ltr'>διάγοντος</span> <span class='ocrx_word' id='word_1_81' title='bbox 3715 554 3759 583; x_wconf 78' lang='grc' dir='ltr'>ι.</span> 
     </span>
    </p>
   </div>
   <div class='ocr_carea' id='block_1_13' title="bbox 2222 633 3763 706">
    <p class='ocr_par' dir='ltr' id='par_1_13' title="bbox 2222 633 3763 706">
     <span class='ocr_line' id='line_1_13' title="bbox 2222 633 3763 706; baseline 0.005 -20"><span class='ocrx_word' id='word_1_82' title='bbox 2222 633 2367 686; x_wconf 83' lang='grc' dir='ltr'><strong>ἁ66ᾶ</strong></span> <span class='ocrx_word' id='word_1_83' title='bbox 2395 634 2647 705; x_wconf 83' lang='grc' dir='ltr'>Μακάριε</span> <span class='ocrx_word' id='word_1_84' title='bbox 2677 635 2720 697; x_wconf 78' lang='lat'><strong>’,</strong></span> <span class='ocrx_word' id='word_1_85' title='bbox 2749 634 2802 686; x_wconf 84' lang='grc' dir='ltr'><strong>τί</strong></span> <span class='ocrx_word' id='word_1_86' title='bbox 2830 637 3078 705; x_wconf 76' lang='grc' dir='ltr'>ποιήσως</span> <span class='ocrx_word' id='word_1_87' title='bbox 3113 637 3194 688; x_wconf 80' lang='grc' dir='ltr'><strong>ὅτι</strong></span> <span class='ocrx_word' id='word_1_88' title='bbox 3227 635 3500 688; x_wconf 81' lang='grc' dir='ltr'>Θλίϐλουσί</span> <span class='ocrx_word' id='word_1_89' title='bbox 3533 654 3600 706; x_wconf 89' lang='grc' dir='ltr'>με</span> <span class='ocrx_word' id='word_1_90' title='bbox 3624 640 3669 690; x_wconf 90' lang='grc' dir='ltr'>οί</span> <span class='ocrx_word' id='word_1_91' title='bbox 3696 640 3763 694; x_wconf 64' lang='lat' dir='ltr'><strong>io-</strong></span> 
     </span>
    </p>
   </div>
   <div class='ocr_carea' id='block_1_14' title="bbox 2223 725 3765 794">
    <p class='ocr_par' dir='ltr' id='par_1_14' title="bbox 2223 725 3765 794">
     <span class='ocr_line' id='line_1_14' title="bbox 2223 725 3765 794; baseline 0.006 -19"><span class='ocrx_word' id='word_1_92' title='bbox 2223 725 2412 794; x_wconf 74' lang='grc' dir='ltr'><strong>γισμοὶ</strong></span> <span class='ocrx_word' id='word_1_93' title='bbox 2439 725 2686 793; x_wconf 86' lang='grc' dir='ltr'><strong>λέγοντές</strong></span> <span class='ocrx_word' id='word_1_94' title='bbox 2722 742 2835 794; x_wconf 87' lang='grc' dir='ltr'>μοι,</span> <span class='ocrx_word' id='word_1_95' title='bbox 2864 727 2945 778; x_wconf 86' lang='grc' dir='ltr'>ὅτι</span> <span class='ocrx_word' id='word_1_96' title='bbox 2975 726 3125 779; x_wconf 83' lang='grc' dir='ltr'>οὐδὲν</span> <span class='ocrx_word' id='word_1_97' title='bbox 3156 729 3347 789; x_wconf 84' lang='grc' dir='ltr'>ποιεῖς,</span> <span class='ocrx_word' id='word_1_98' title='bbox 3379 727 3577 780; x_wconf 82' lang='grc' dir='ltr'>ἄπελθε</span> <span class='ocrx_word' id='word_1_99' title='bbox 3608 730 3765 786; x_wconf 76' lang='grc' dir='ltr'>ἐντεῦ-</span> 
     </span>
    </p>
   </div>
   <div class='ocr_carea' id='block_1_15' title="bbox 2223 814 3766 888">
    <p class='ocr_par' dir='ltr' id='par_1_15' title="bbox 2223 814 3766 888">
     <span class='ocr_line' id='line_1_15' title="bbox 2223 814 3766 888; baseline -0.001 -21"><span class='ocrx_word' id='word_1_100' title='bbox 2223 814 2315 868; x_wconf 87' lang='grc' dir='ltr'>Θεν</span> <span class='ocrx_word' id='word_1_101' title='bbox 2338 815 2378 869; x_wconf 87' lang='grc'><strong>³.</strong></span> <span class='ocrx_word' id='word_1_102' title='bbox 2411 815 2766 886; x_wconf 84' lang='grc' dir='ltr'>ἀποκρίνεταί</span> <span class='ocrx_word' id='word_1_103' title='bbox 2802 833 2891 886; x_wconf 87' lang='grc' dir='ltr'><strong>μοι</strong></span> <span class='ocrx_word' id='word_1_104' title='bbox 2933 817 2961 869; x_wconf 86' lang='grc' dir='ltr'>ὁ</span> <span class='ocrx_word' id='word_1_105' title='bbox 2996 816 3296 884; x_wconf 80' lang='grc' dir='ltr'>ἁγιώτατος</span> <span class='ocrx_word' id='word_1_106' title='bbox 3328 818 3610 888; x_wconf 82' lang='grc' dir='ltr'><strong>Μακάριος</strong></span> <span class='ocrx_word' id='word_1_107' title='bbox 3634 819 3682 850; x_wconf 73' lang='grc'><strong>⁸·</strong></span> <span class='ocrx_word' id='word_1_108' title='bbox 3705 827 3766 877; x_wconf 81' lang='grc' dir='ltr'><strong>εξ-</strong></span> 
     </span>
    </p>
   </div>
   <div class='ocr_carea' id='block_1_16' title="bbox 2224 904 3768 977">
    <p class='ocr_par' dir='ltr' id='par_1_16' title="bbox 2224 904 3768 977">
     <span class='ocr_line' id='line_1_16' title="bbox 2224 904 3768 977; baseline 0.006 -22"><span class='ocrx_word' id='word_1_109' title='bbox 2224 904 2324 956; x_wconf 83' lang='grc' dir='ltr'><strong>πὸν</strong></span> <span class='ocrx_word' id='word_1_110' title='bbox 2365 905 2429 956; x_wconf 80' lang='grc' dir='ltr'>σὺ</span> <span class='ocrx_word' id='word_1_111' title='bbox 2461 907 2572 966; x_wconf 88' lang='grc' dir='ltr'>τοῖς</span> <span class='ocrx_word' id='word_1_112' title='bbox 2601 904 2898 974; x_wconf 76' lang='grc' dir='ltr'><strong>λογισμοῖς,</strong></span> <span class='ocrx_word' id='word_1_113' title='bbox 2926 906 3008 958; x_wconf 84' lang='grc' dir='ltr'>ὅτι</span> <span class='ocrx_word' id='word_1_114' title='bbox 3033 905 3121 959; x_wconf 80' lang='grc' dir='ltr'>διὰ</span> <span class='ocrx_word' id='word_1_115' title='bbox 3147 905 3239 958; x_wconf 84' lang='grc' dir='ltr'><strong>τὸν</strong></span> <span class='ocrx_word' id='word_1_116' title='bbox 3272 906 3506 977; x_wconf 79' lang='grc' dir='ltr'>Χριστὸν</span> <span class='ocrx_word' id='word_1_117' title='bbox 3539 909 3660 972; x_wconf 82' lang='grc' dir='ltr'>τοὺς</span> <span class='ocrx_word' id='word_1_118' title='bbox 3679 913 3768 964; x_wconf 86' lang='grc' dir='ltr'>τοί-</span> 
     </span>
    </p>
   </div>
   <div class='ocr_carea' id='block_1_17' title="bbox 2223 994 2550 1065">
    <p class='ocr_par' dir='ltr' id='par_1_17' title="bbox 2223 994 2550 1065">
     <span class='ocr_line' id='line_1_17' title="bbox 2223 994 2550 1065; baseline 0.003 -19"><span class='ocrx_word' id='word_1_119' title='bbox 2223 1011 2351 1065; x_wconf 90' lang='grc' dir='ltr'>χους</span> <span class='ocrx_word' id='word_1_120' title='bbox 2379 994 2550 1065; x_wconf 83' lang='grc' dir='ltr'><strong>τηρῶ.</strong></span> 
     </span>
    </p>
   </div>
   <div class='ocr_carea' id='block_1_18' title="bbox 2300 1085 3767 1161">
    <p class='ocr_par' dir='ltr' id='par_1_18' title="bbox 2300 1085 3767 1161">
     <span class='ocr_line' id='line_1_18' title="bbox 2300 1085 3767 1161; baseline 0.006 -23"><span class='ocrx_word' id='word_1_121' title='bbox 2300 1085 2487 1138; x_wconf 80' lang='grc' dir='ltr'>Ταῦτα</span> <span class='ocrx_word' id='word_1_122' title='bbox 2514 1087 2579 1138; x_wconf 77' lang='grc' dir='ltr'>ἐκ</span> <span class='ocrx_word' id='word_1_123' title='bbox 2603 1086 2813 1140; x_wconf 84' lang='grc' dir='ltr'>πολλῶν</span> <span class='ocrx_word' id='word_1_124' title='bbox 2836 1089 2930 1141; x_wconf 69' lang='grc' dir='ltr'>καὶ</span> <span class='ocrx_word' id='word_1_125' title='bbox 2955 1090 3206 1157; x_wconf 80' lang='grc' dir='ltr'><strong>μεγάλων</strong></span> <span class='ocrx_word' id='word_1_126' title='bbox 3230 1091 3470 1161; x_wconf 80' lang='grc' dir='ltr'><strong>σημείων</strong></span> <span class='ocrx_word' id='word_1_127' title='bbox 3496 1093 3592 1144; x_wconf 72' lang='grc' dir='ltr'>καὶ</span> <span class='ocrx_word' id='word_1_128' title='bbox 3616 1093 3767 1151; x_wconf 76' lang='grc' dir='ltr'>ἄθλων</span> 
     </span>
    </p>
   </div>
   <div class='ocr_carea' id='block_1_19' title="bbox 2218 1177 3708 1254">
    <p class='ocr_par' dir='ltr' id='par_1_19' title="bbox 2218 1177 3708 1254">
     <span class='ocr_line' id='line_1_19' title="bbox 2218 1177 3708 1254; baseline 0.007 -25"><span class='ocrx_word' id='word_1_129' title='bbox 2218 1177 2313 1230; x_wconf 78' lang='grc' dir='ltr'><strong>τοῦ</strong></span> <span class='ocrx_word' id='word_1_130' title='bbox 2347 1177 2592 1249; x_wconf 80' lang='grc' dir='ltr'><strong>ἀοιδίμου</strong></span> <span class='ocrx_word' id='word_1_131' title='bbox 2628 1181 2722 1232; x_wconf 77' lang='grc' dir='ltr'><strong>καὶ</strong></span> <span class='ocrx_word' id='word_1_132' title='bbox 2751 1180 3007 1251; x_wconf 78' lang='grc' dir='ltr'><strong>ἐναρέτου</strong></span> <span class='ocrx_word' id='word_1_133' title='bbox 3045 1182 3333 1253; x_wconf 88' lang='grc' dir='ltr'>Μακαρίου</span> <span class='ocrx_word' id='word_1_134' title='bbox 3364 1185 3385 1214; x_wconf 86' lang='grc'><strong><em>⁸</em></strong></span> <span class='ocrx_word' id='word_1_135' title='bbox 3409 1185 3708 1254; x_wconf 57' lang='lat' dir='ltr'><strong>summa“.</strong></span> 
     </span>
    </p>
   </div>
   <div class='ocr_carea' id='block_1_20' title="bbox 1809 1309 2508 1371">
    <p class='ocr_par' dir='ltr' id='par_1_20' title="bbox 1809 1309 2508 1371">
     <span class='ocr_line' id='line_1_20' title="bbox 1809 1309 2508 1371; baseline -0.009 -1"><span class='ocrx_word' id='word_1_136' title='bbox 1809 1315 2066 1371; x_wconf 75' lang='lat' dir='ltr'><strong>VARIAE</strong></span> <span class='ocrx_word' id='word_1_137' title='bbox 2103 1309 2508 1368; x_wconf 85' lang='lat' dir='ltr'><strong>LECTIONES.</strong></span> 
     </span>
    </p>
   </div>
   <div class='ocr_carea' id='block_1_21' title="bbox 618 1442 2977 1586">
    <p class='ocr_par' dir='ltr' id='par_1_21' title="bbox 618 1442 2977 1586">
     <span class='ocr_line' id='line_1_21' title="bbox 618 1442 2977 1525; baseline -0.004 -12"><span class='ocrx_word' id='word_1_138' title='bbox 618 1462 635 1490; x_wconf 81' lang='grc'>¹</span> <span class='ocrx_word' id='word_1_139' title='bbox 673 1459 743 1512; x_wconf 80' lang='grc' dir='ltr'><strong>ἐν</strong></span> <span class='ocrx_word' id='word_1_140' title='bbox 783 1457 1089 1525; x_wconf 72' lang='grc' dir='ltr'><strong>ἀκηδίᾳ-</strong></span> <span class='ocrx_word' id='word_1_141' title='bbox 1120 1455 1432 1524; x_wconf 70' lang='grc' dir='ltr'><strong>διάγοντος</strong></span> <span class='ocrx_word' id='word_1_142' title='bbox 1464 1468 1573 1507; x_wconf 87' lang='lat' dir='ltr'><strong>om.</strong></span> <span class='ocrx_word' id='word_1_143' title='bbox 1606 1450 1664 1503; x_wconf 80' lang='grc' dir='ltr'><strong>Β.</strong></span> <span class='ocrx_word' id='word_1_144' title='bbox 1742 1453 1762 1481; x_wconf 82' lang='grc'>¹</span> <span class='ocrx_word' id='word_1_145' title='bbox 1803 1449 1994 1507; x_wconf 64' lang='lat' dir='ltr'><strong>Corn,</strong></span> <span class='ocrx_word' id='word_1_146' title='bbox 2031 1444 2128 1497; x_wconf 88' lang='lat' dir='ltr'><strong>AB</strong></span> <span class='ocrx_word' id='word_1_147' title='bbox 2161 1442 2357 1513; x_wconf 87' lang='grc' dir='ltr'>μάρκε.</span> <span class='ocrx_word' id='word_1_148' title='bbox 2383 1444 2454 1497; x_wconf 84' lang='lat' dir='ltr'><strong>cl.</strong></span> <span class='ocrx_word' id='word_1_149' title='bbox 2489 1461 2652 1516; x_wconf 87' lang='lat' dir='ltr'><strong>supra</strong></span> <span class='ocrx_word' id='word_1_150' title='bbox 2677 1463 2729 1518; x_wconf 89' lang='lat' dir='ltr'><strong>p.</strong></span> <span class='ocrx_word' id='word_1_151' title='bbox 2760 1449 2827 1504; x_wconf 80' lang='lat'><strong>75</strong></span> <span class='ocrx_word' id='word_1_152' title='bbox 2855 1465 2977 1520; x_wconf 85' lang='lat' dir='ltr'><strong>sqq.</strong></span> 
     </span>
     <span class='ocr_line' id='line_1_22' title="bbox 618 1513 2683 1586; baseline -0.006 -4"><span class='ocrx_word' id='word_1_153' title='bbox 618 1529 682 1583; x_wconf 77' lang='lat' dir='ltr'><strong>Ex</strong></span> <span class='ocrx_word' id='word_1_154' title='bbox 716 1529 885 1586; x_wconf 90' lang='lat' dir='ltr'><strong>coni..</strong></span> <span class='ocrx_word' id='word_1_155' title='bbox 910 1527 999 1581; x_wconf 83' lang='lat' dir='ltr'><strong>AB</strong></span> <span class='ocrx_word' id='word_1_156' title='bbox 1024 1525 1268 1586; x_wconf 79' lang='grc' dir='ltr'>μάρκος.</span> <span class='ocrx_word' id='word_1_157' title='bbox 1346 1526 1365 1555; x_wconf 76' lang='grc'><strong><em>⁸</em></strong></span> <span class='ocrx_word' id='word_1_158' title='bbox 1402 1523 1476 1576; x_wconf 81' lang='lat' dir='ltr'><strong>Ex</strong></span> <span class='ocrx_word' id='word_1_159' title='bbox 1504 1523 1672 1586; x_wconf 84' lang='lat' dir='ltr'><strong>coni.,</strong></span> <span class='ocrx_word' id='word_1_160' title='bbox 1703 1519 1790 1574; x_wconf 82' lang='lat' dir='ltr'><strong>AB</strong></span> <span class='ocrx_word' id='word_1_161' title='bbox 1814 1517 2071 1586; x_wconf 80' lang='grc' dir='ltr'>μάρκου.</span> <span class='ocrx_word' id='word_1_162' title='bbox 2148 1516 2170 1545; x_wconf 79' lang='grc'>⁶</span> <span class='ocrx_word' id='word_1_163' title='bbox 2201 1513 2240 1565; x_wconf 86' lang='grc' dir='ltr'><strong>Β</strong></span> <span class='ocrx_word' id='word_1_164' title='bbox 2263 1514 2683 1586; x_wconf 81' lang='grc' dir='ltr'><strong>ἐσημανάμην.</strong></span> 
     </span>
    </p>
   </div>
   <div class='ocr_carea' id='block_1_22' title="bbox 548 1517 2071 1596">
    <p class='ocr_par' dir='ltr' id='par_1_22' title="bbox 548 1517 2071 1596">
     <span class='ocr_line' id='line_1_23' title="bbox 548 1517 2071 1596; baseline -0.009 -13"><span class='ocrx_word' id='word_1_165' title='bbox 548 1531 567 1559; x_wconf 68' lang='grc'><strong>⁵</strong></span> <span class='ocrx_word' id='word_1_166' title='bbox 610 1529 682 1583; x_wconf 83' lang='lat' dir='ltr'><strong>Ex</strong></span> <span class='ocrx_word' id='word_1_167' title='bbox 716 1517 999 1587; x_wconf 45' lang='lat' dir='ltr'><strong>coni..&#39;Al&#39;3</strong></span> <span class='ocrx_word' id='word_1_168' title='bbox 1023 1517 1268 1596; x_wconf 64' lang='grc' dir='ltr'><strong>μάρκοξ.</strong></span> <span class='ocrx_word' id='word_1_169' title='bbox 1346 1526 1365 1555; x_wconf 77' lang='grc'><strong><em>⁸</em></strong></span> <span class='ocrx_word' id='word_1_170' title='bbox 1402 1517 1476 1576; x_wconf 80' lang='lat' dir='ltr'><strong>Ex</strong></span> <span class='ocrx_word' id='word_1_171' title='bbox 1504 1523 1672 1586; x_wconf 87' lang='lat' dir='ltr'><strong>coni.,</strong></span> <span class='ocrx_word' id='word_1_172' title='bbox 1703 1519 1790 1574; x_wconf 83' lang='lat' dir='ltr'><strong>AB</strong></span> <span class='ocrx_word' id='word_1_173' title='bbox 1814 1517 2071 1586; x_wconf 81' lang='grc' dir='ltr'><strong>μάρκου.</strong></span> 
     </span>
    </p>
   </div>
   <div class='ocr_carea' id='block_1_23' title="bbox 3077 1451 3766 1515">
    <p class='ocr_par' dir='ltr' id='par_1_23' title="bbox 3077 1451 3766 1515">
     <span class='ocr_line' id='line_1_24' title="bbox 3077 1451 3766 1515; baseline 0.004 -10"><span class='ocrx_word' id='word_1_174' title='bbox 3077 1451 3097 1482; x_wconf 87' lang='grc'><em>³</em></span> <span class='ocrx_word' id='word_1_175' title='bbox 3130 1451 3309 1515; x_wconf 62' lang='lat' dir='ltr'><strong>Corn,</strong></span> <span class='ocrx_word' id='word_1_176' title='bbox 3351 1452 3439 1505; x_wconf 82' lang='grc' dir='ltr'><strong>ΑΒ</strong></span> <span class='ocrx_word' id='word_1_177' title='bbox 3479 1453 3766 1514; x_wconf 74' lang='grc' dir='ltr'><strong>ἐνταῦθεν.</strong></span> 
     </span>
    </p>
   </div>
   <div class='ocr_carea' id='block_1_24' title="bbox 2001 1883 2323 1956">
    <p class='ocr_par' dir='ltr' id='par_1_24' title="bbox 2001 1883 2323 1956">
     <span class='ocr_line' id='line_1_25' title="bbox 2001 1883 2323 1956; baseline -0.037 0"><span class='ocrx_word' id='word_1_178' title='bbox 2001 1883 2161 1956; x_wconf 79' lang='lat'><strong>265</strong></span> <span class='ocrx_word' id='word_1_179' title='bbox 2213 1886 2323 1946; x_wconf 89' lang='lat' dir='ltr'><strong>lll.</strong></span> 
     </span>
    </p>
   </div>
   <div class='ocr_carea' id='block_1_25' title="bbox 1415 2051 2919 2128">
    <p class='ocr_par' dir='ltr' id='par_1_25' title="bbox 1415 2051 2919 2128">
     <span class='ocr_line' id='line_1_26' title="bbox 1415 2051 2919 2128; baseline 0 -11"><span class='ocrx_word' id='word_1_180' title='bbox 1415 2055 1701 2118; x_wconf 84' lang='lat' dir='ltr'><strong>CETERI</strong></span> <span class='ocrx_word' id='word_1_181' title='bbox 1749 2051 2187 2114; x_wconf 82' lang='lat' dir='ltr'><strong>HISTORIAE</strong></span> <span class='ocrx_word' id='word_1_182' title='bbox 2230 2051 2675 2113; x_wconf 83' lang='lat' dir='ltr'><strong>LAUSIACAE</strong></span> <span class='ocrx_word' id='word_1_183' title='bbox 2712 2053 2919 2128; x_wconf 86' lang='lat' dir='ltr'><strong>LOCI,</strong></span> 
     </span>
    </p>
   </div>
   <div class='ocr_carea' id='block_1_26' title="bbox 550 2208 3776 2300">
    <p class='ocr_par' dir='ltr' id='par_1_26' title="bbox 550 2208 3776 2300">
     <span class='ocr_line' id='line_1_27' title="bbox 550 2208 3776 2300; baseline 0 -14"><span class='ocrx_word' id='word_1_184' title='bbox 550 2233 749 2300; x_wconf 79' lang='lat' dir='ltr'><strong>Quibus</strong></span> <span class='ocrx_word' id='word_1_185' title='bbox 774 2229 942 2283; x_wconf 79' lang='lat' dir='ltr'><strong>sancti</strong></span> <span class='ocrx_word' id='word_1_186' title='bbox 976 2224 1204 2280; x_wconf 79' lang='lat' dir='ltr'><strong>Macarii</strong></span> <span class='ocrx_word' id='word_1_187' title='bbox 1235 2222 1581 2300; x_wconf 39' lang='lat' dir='ltr'><strong>Aegyptius-et</strong></span> <span class='ocrx_word' id='word_1_188' title='bbox 1613 2219 2236 2300; x_wconf 46' lang='lat' dir='ltr'><strong>Alemandrinufhnefnon</strong></span> <span class='ocrx_word' id='word_1_189' title='bbox 2264 2215 2538 2300; x_wconf 62' lang='lat' dir='ltr'><strong>Macarius</strong></span> <span class='ocrx_word' id='word_1_190' title='bbox 2558 2217 2632 2300; x_wconf 38' lang='lat' dir='ltr'><strong>IS.</strong></span> <span class='ocrx_word' id='word_1_191' title='bbox 2673 2208 2894 2300; x_wconf 53' lang='lat' dir='ltr'><strong>Antonii</strong></span> <span class='ocrx_word' id='word_1_192' title='bbox 2926 2223 3166 2282; x_wconf 76' lang='lat' dir='ltr'><strong>minister</strong></span> <span class='ocrx_word' id='word_1_193' title='bbox 3185 2237 3576 2293; x_wconf 74' lang='lat' dir='ltr'><strong>memorantur,</strong></span> <span class='ocrx_word' id='word_1_194' title='bbox 3608 2231 3672 2284; x_wconf 88' lang='lat' dir='ltr'><strong>ad</strong></span> <span class='ocrx_word' id='word_1_195' title='bbox 3701 2248 3776 2286; x_wconf 83' lang='lat' dir='ltr'><strong>co-</strong></span> 
     </span>
    </p>
   </div>
   <div class='ocr_carea' id='block_1_27' title="bbox 1489 2286 2846 2358">
    <p class='ocr_par' dir='ltr' id='par_1_27' title="bbox 1489 2286 2846 2358">
     <span class='ocr_line' id='line_1_28' title="bbox 1489 2286 2846 2358; baseline 0.001 -14"><span class='ocrx_word' id='word_1_196' title='bbox 1489 2291 1666 2344; x_wconf 78' lang='lat' dir='ltr'><strong>dicum</strong></span> <span class='ocrx_word' id='word_1_197' title='bbox 1694 2291 1922 2344; x_wconf 85' lang='lat' dir='ltr'><strong>duorum</strong></span> <span class='ocrx_word' id='word_1_198' title='bbox 1973 2286 2453 2342; x_wconf 81' lang='lat' dir='ltr'><strong>Vindobonensium</strong></span> <span class='ocrx_word' id='word_1_199' title='bbox 2494 2289 2652 2358; x_wconf 83' lang='lat' dir='ltr'><strong>ﬁdem</strong></span> <span class='ocrx_word' id='word_1_200' title='bbox 2692 2292 2846 2346; x_wconf 83' lang='lat' dir='ltr'><strong>editi.</strong></span> 
     </span>
    </p>
   </div>
   <div class='ocr_carea' id='block_1_28' title="bbox 547 2515 3779 2586">
    <p class='ocr_par' dir='ltr' id='par_1_28' title="bbox 547 2515 3779 2586">
     <span class='ocr_line' id='line_1_29' title="bbox 547 2515 3779 2586; baseline -0 -8"><span class='ocrx_word' id='word_1_201' title='bbox 547 2529 662 2584; x_wconf 84' lang='lat' dir='ltr'><strong>Cod.</strong></span> <span class='ocrx_word' id='word_1_202' title='bbox 685 2539 779 2575; x_wconf 88' lang='lat' dir='ltr'><strong>ms.</strong></span> <span class='ocrx_word' id='word_1_203' title='bbox 807 2527 919 2574; x_wconf 89' lang='lat' dir='ltr'><strong>hist.</strong></span> <span class='ocrx_word' id='word_1_204' title='bbox 941 2534 1104 2586; x_wconf 78' lang='lat' dir='ltr'><strong>graec.</strong></span> <span class='ocrx_word' id='word_1_205' title='bbox 1132 2519 1405 2586; x_wconf 57' lang='lat' dir='ltr'><strong>LXXXIVL</strong></span> <span class='ocrx_word' id='word_1_206' title='bbox 1402 2520 1517 2586; x_wconf 72' lang='lat' dir='ltr'><strong>olim</strong></span> <span class='ocrx_word' id='word_1_207' title='bbox 1540 2516 1720 2586; x_wconf 47' lang='grc' dir='ltr'><strong>ξίᾷψῑζ</strong></span> <span class='ocrx_word' id='word_1_208' title='bbox 1723 2517 2019 2586; x_wconf 65' lang='lat' dir='ltr'><strong>Bibl.__(;aes._</strong></span> <span class='ocrx_word' id='word_1_209' title='bbox 2039 2515 2310 2586; x_wconf 76' lang='lat' dir='ltr'><strong>Vindobon.</strong></span> <span class='ocrx_word' id='word_1_210' title='bbox 2337 2517 2661 2569; x_wconf 84' lang='lat' dir='ltr'><strong>membranae.</strong></span> <span class='ocrx_word' id='word_1_211' title='bbox 2689 2526 3011 2583; x_wconf 83' lang='lat' dir='ltr'><strong>pervetustus</strong></span> <span class='ocrx_word' id='word_1_212' title='bbox 3079 2561 3091 2572; x_wconf 92' lang='lat'><strong>.</strong></span> <span class='ocrx_word' id='word_1_213' title='bbox 3160 2560 3173 2572; x_wconf 97' lang='lat'><strong>.</strong></span> <span class='ocrx_word' id='word_1_214' title='bbox 3241 2563 3253 2574; x_wconf 95' lang='lat'><strong>.</strong></span> <span class='ocrx_word' id='word_1_215' title='bbox 3323 2563 3334 2574; x_wconf 90' lang='lat'><strong>.</strong></span> <span class='ocrx_word' id='word_1_216' title='bbox 3405 2564 3416 2574; x_wconf 89' lang='lat'><strong>.</strong></span> <span class='ocrx_word' id='word_1_217' title='bbox 3485 2565 3498 2577; x_wconf 94' lang='lat'><strong>.</strong></span> <span class='ocrx_word' id='word_1_218' title='bbox 3573 2566 3585 2576; x_wconf 89' lang='lat'><strong>.</strong></span> <span class='ocrx_word' id='word_1_219' title='bbox 3657 2568 3668 2578; x_wconf 91' lang='lat'><strong>.</strong></span> <span class='ocrx_word' id='word_1_220' title='bbox 3744 2532 3779 2580; x_wconf 81' lang='grc' dir='ltr'><strong>Α</strong></span> 
     </span>
    </p>
   </div>
   <div class='ocr_carea' id='block_1_29' title="bbox 547 2579 3779 2647">
    <p class='ocr_par' dir='ltr' id='par_1_29' title="bbox 547 2579 3779 2647">
     <span class='ocr_line' id='line_1_30' title="bbox 547 2579 3779 2647; baseline 0 -9"><span class='ocrx_word' id='word_1_221' title='bbox 547 2579 662 2643; x_wconf 74' lang='lat' dir='ltr'><strong>Cod.</strong></span> <span class='ocrx_word' id='word_1_222' title='bbox 687 2603 777 2637; x_wconf 88' lang='lat' dir='ltr'><strong>ms.</strong></span> <span class='ocrx_word' id='word_1_223' title='bbox 802 2588 914 2636; x_wconf 85' lang='lat' dir='ltr'><strong>bist.</strong></span> <span class='ocrx_word' id='word_1_224' title='bbox 939 2579 1100 2647; x_wconf 62' lang='lat' dir='ltr'><strong>graec.</strong></span> <span class='ocrx_word' id='word_1_225' title='bbox 1130 2582 1208 2644; x_wconf 73' lang='grc' dir='ltr'>ιχ,</span> <span class='ocrx_word' id='word_1_226' title='bbox 1228 2584 1345 2631; x_wconf 89' lang='lat' dir='ltr'><strong>olim</strong></span> <span class='ocrx_word' id='word_1_227' title='bbox 1367 2579 1511 2641; x_wconf 84' lang='lat' dir='ltr'><strong>XLII,</strong></span> <span class='ocrx_word' id='word_1_228' title='bbox 1541 2579 1823 2632; x_wconf 88' lang='lat' dir='ltr'><strong>Bibl.Caes.</strong></span> <span class='ocrx_word' id='word_1_229' title='bbox 1848 2579 2122 2630; x_wconf 85' lang='lat' dir='ltr'><strong>Vindobon.</strong></span> <span class='ocrx_word' id='word_1_230' title='bbox 2149 2580 2360 2629; x_wconf 86' lang='lat' dir='ltr'><strong>chartae.</strong></span> <span class='ocrx_word' id='word_1_231' title='bbox 2382 2586 2652 2642; x_wconf 84' lang='lat' dir='ltr'><strong>antiquus.</strong></span> <span class='ocrx_word' id='word_1_232' title='bbox 2691 2579 2702 2583; x_wconf 79' lang='grc'><em>’</em></span> <span class='ocrx_word' id='word_1_233' title='bbox 2753 2620 2764 2631; x_wconf 96' lang='grc'><strong>.</strong></span> <span class='ocrx_word' id='word_1_234' title='bbox 2838 2619 2850 2632; x_wconf 91' lang='grc'><strong>.</strong></span> <span class='ocrx_word' id='word_1_235' title='bbox 2917 2619 2929 2632; x_wconf 93' lang='grc'><strong>.</strong></span> <span class='ocrx_word' id='word_1_236' title='bbox 3000 2622 3012 2633; x_wconf 95' lang='grc'><strong>.</strong></span> <span class='ocrx_word' id='word_1_237' title='bbox 3080 2623 3094 2636; x_wconf 93' lang='grc'><strong>.</strong></span> <span class='ocrx_word' id='word_1_238' title='bbox 3164 2624 3175 2634; x_wconf 94' lang='grc'><strong>.</strong></span> <span class='ocrx_word' id='word_1_239' title='bbox 3245 2624 3257 2634; x_wconf 94' lang='grc'><strong>.</strong></span> <span class='ocrx_word' id='word_1_240' title='bbox 3327 2620 3338 2634; x_wconf 93' lang='grc'><strong><em>.</em></strong></span> <span class='ocrx_word' id='word_1_241' title='bbox 3407 2627 3420 2638; x_wconf 92' lang='grc'><strong>.</strong></span> <span class='ocrx_word' id='word_1_242' title='bbox 3495 2627 3506 2637; x_wconf 95' lang='grc'><strong>.</strong></span> <span class='ocrx_word' id='word_1_243' title='bbox 3581 2628 3593 2639; x_wconf 93' lang='grc'>.</span> <span class='ocrx_word' id='word_1_244' title='bbox 3662 2629 3673 2639; x_wconf 93' lang='grc'>.</span> <span class='ocrx_word' id='word_1_245' title='bbox 3750 2595 3779 2642; x_wconf 80' lang='grc' dir='ltr'><strong><em>Β</em></strong></span> 
     </span>
    </p>
   </div>
   <div class='ocr_carea' id='block_1_30' title="bbox 535 2767 3778 2845">
    <p class='ocr_par' dir='ltr' id='par_1_30' title="bbox 535 2767 3778 2845">
     <span class='ocr_line' id='line_1_31' title="bbox 535 2767 3778 2845; baseline -0.001 0"><span class='ocrx_word' id='word_1_246' title='bbox 535 2767 1954 2845; x_wconf 51' lang='lat' dir='ltr'><strong>Sum-iucundus:essetnam?-Jsasttbssﬁ&#39;&quot;</strong></span> <span class='ocrx_word' id='word_1_247' title='bbox 1995 2769 2086 2838; x_wconf 70' lang='grc' dir='ltr'>ιοεί</span> <span class='ocrx_word' id='word_1_248' title='bbox 2107 2771 2347 2845; x_wconf 55' lang='lat' dir='ltr'><strong>meum.“</strong></span> <span class='ocrx_word' id='word_1_249' title='bbox 2366 2773 2506 2835; x_wconf 70' lang='grc' dir='ltr'><strong>αφρο</strong></span> <span class='ocrx_word' id='word_1_250' title='bbox 2533 2773 2704 2845; x_wconf 61' lang='lat' dir='ltr'><strong>XVI&quot;.</strong></span> <span class='ocrx_word' id='word_1_251' title='bbox 2727 2774 2852 2845; x_wconf 59' lang='lat' dir='ltr'><strong>XIX.</strong></span> <span class='ocrx_word' id='word_1_252' title='bbox 2876 2776 3018 2845; x_wconf 67' lang='lat' dir='ltr'><strong>XXX.</strong></span> <span class='ocrx_word' id='word_1_253' title='bbox 3045 2775 3298 2845; x_wconf 61' lang='lat' dir='ltr'><strong>limm-</strong></span> <span class='ocrx_word' id='word_1_254' title='bbox 3325 2781 3411 2830; x_wconf 77' lang='lat' dir='ltr'><strong>Ed.</strong></span> <span class='ocrx_word' id='word_1_255' title='bbox 3441 2781 3628 2830; x_wconf 67' lang='lat' dir='ltr'><strong>Meum.</strong></span> <span class='ocrx_word' id='word_1_256' title='bbox 3655 2797 3778 2845; x_wconf 69' lang='lat' dir='ltr'><strong>eam.</strong></span> 
     </span>
    </p>
   </div>
   <div class='ocr_carea' id='block_1_31' title="bbox 613 2827 3783 2940">
    <p class='ocr_par' dir='ltr' id='par_1_31' title="bbox 613 2827 3783 2940">
     <span class='ocr_line' id='line_1_32' title="bbox 613 2827 3783 2940; baseline 0.003 -54"><span class='ocrx_word' id='word_1_257' title='bbox 613 2837 777 2896; x_wconf 79' lang='lat' dir='ltr'><strong>XXIV,</strong></span> <span class='ocrx_word' id='word_1_258' title='bbox 801 2836 941 2892; x_wconf 89' lang='lat' dir='ltr'><strong>xxv,</strong></span> <span class='ocrx_word' id='word_1_259' title='bbox 968 2831 1134 2904; x_wconf 73' lang='lat' dir='ltr'><strong>xxvi,</strong></span> <span class='ocrx_word' id='word_1_260' title='bbox 1163 2827 1351 2900; x_wconf 81' lang='lat' dir='ltr'><strong>xxvn,</strong></span> <span class='ocrx_word' id='word_1_261' title='bbox 1373 2827 1563 2900; x_wconf 74' lang='lat' dir='ltr'><strong>xxxii,</strong></span> <span class='ocrx_word' id='word_1_262' title='bbox 1579 2827 1812 2940; x_wconf 46' lang='lat' dir='ltr'><strong>xxxiii}.</strong></span> <span class='ocrx_word' id='word_1_263' title='bbox 1839 2827 2374 2904; x_wconf 55' lang='lat' dir='ltr'><strong>hlacariorum&#39;quidem</strong></span> <span class='ocrx_word' id='word_1_264' title='bbox 2394 2827 2589 2906; x_wconf 44' lang='lat' dir='ltr'><strong>&#39;n-tén&#39;lio</strong></span> <span class='ocrx_word' id='word_1_265' title='bbox 2611 2827 2708 2884; x_wconf 79' lang='lat' dir='ltr'><strong>non</strong></span> <span class='ocrx_word' id='word_1_266' title='bbox 2730 2841 2782 2885; x_wconf 66' lang='grc' dir='ltr'><strong>ιιι</strong></span> <span class='ocrx_word' id='word_1_267' title='bbox 2802 2827 2850 2885; x_wconf 81' lang='lat' dir='ltr'><strong>in</strong></span> <span class='ocrx_word' id='word_1_268' title='bbox 2874 2827 3034 2900; x_wconf 77' lang='lat' dir='ltr'><strong>capite</strong></span> <span class='ocrx_word' id='word_1_269' title='bbox 3061 2855 3080 2886; x_wconf 84' lang='grc'><strong>‹</strong></span> <span class='ocrx_word' id='word_1_270' title='bbox 3109 2827 3184 2889; x_wconf 91' lang='lat' dir='ltr'><strong>De</strong></span> <span class='ocrx_word' id='word_1_271' title='bbox 3204 2827 3410 2892; x_wconf 48' lang='lat' dir='ltr'><strong>astas;</strong></span> <span class='ocrx_word' id='word_1_272' title='bbox 3432 2827 3634 2905; x_wconf 65' lang='grc' dir='ltr'><strong>ίζὲιῐιὸδ</strong></span> <span class='ocrx_word' id='word_1_273' title='bbox 3660 2827 3783 2895; x_wconf 52' lang='lat' dir='ltr'><strong>Alibi</strong></span> 
     </span>
     <span class='ocr_line' id='line_1_33' title="bbox 613 2891 3782 2940; baseline 0 0"><span class='ocrx_word' id='word_1_274' title='bbox 613 2901 882 2940; x_wconf 69' lang='lat' dir='ltr'><strong>msnimns:</strong></span> <span class='ocrx_word' id='word_1_275' title='bbox 905 2896 991 2940; x_wconf 85' lang='lat' dir='ltr'><strong>sed</strong></span> <span class='ocrx_word' id='word_1_276' title='bbox 1016 2895 1062 2940; x_wconf 78' lang='lat' dir='ltr'><strong>id</strong></span> <span class='ocrx_word' id='word_1_277' title='bbox 1087 2899 1320 2940; x_wconf 77' lang='lat' dir='ltr'><strong>omittere</strong></span> <span class='ocrx_word' id='word_1_278' title='bbox 1349 2891 1613 2940; x_wconf 84' lang='lat' dir='ltr'><strong>nolutmus.</strong></span> <span class='ocrx_word' id='word_1_279' title='bbox 1633 2905 1745 2940; x_wconf 81' lang='lat' dir='ltr'><strong>auia</strong></span> <span class='ocrx_word' id='word_1_280' title='bbox 1789 2893 2032 2940; x_wconf 75' lang='lat' dir='ltr'><strong>ioswetdo</strong></span> <span class='ocrx_word' id='word_1_281' title='bbox 2055 2901 2246 2940; x_wconf 86' lang='lat' dir='ltr'><strong>testem</strong></span> <span class='ocrx_word' id='word_1_282' title='bbox 2269 2895 2432 2940; x_wconf 84' lang='lat' dir='ltr'><strong>latlms</strong></span> <span class='ocrx_word' id='word_1_283' title='bbox 2450 2899 2739 2940; x_wconf 74' lang='lat' dir='ltr'><strong>tilllhtlsdam</strong></span> <span class='ocrx_word' id='word_1_284' title='bbox 2758 2899 3782 2940; x_wconf 59' lang='grc' dir='ltr'><strong>Ηίςιηι-ίηρ[ει-κίνει»ριρηιιιιςνίιιιιςιιοκ.</strong></span> 
     </span>
    </p>
   </div>
   <div class='ocr_carea' id='block_1_32' title="bbox 674 2889 1745 2953">
    <p class='ocr_par' dir='ltr' id='par_1_32' title="bbox 674 2889 1745 2953">
     <span class='ocr_line' id='line_1_34' title="bbox 674 2889 1745 2953; baseline -0.007 -6"><span class='ocrx_word' id='word_1_285' title='bbox 674 2889 882 2951; x_wconf 70' lang='lat' dir='ltr'><strong>animus;</strong></span> <span class='ocrx_word' id='word_1_286' title='bbox 905 2889 991 2944; x_wconf 83' lang='lat' dir='ltr'><strong>sed</strong></span> <span class='ocrx_word' id='word_1_287' title='bbox 1016 2895 1062 2942; x_wconf 87' lang='lat' dir='ltr'><strong>id</strong></span> <span class='ocrx_word' id='word_1_288' title='bbox 1087 2889 1320 2941; x_wconf 85' lang='lat' dir='ltr'><strong>omittere</strong></span> <span class='ocrx_word' id='word_1_289' title='bbox 1349 2889 1613 2949; x_wconf 84' lang='lat' dir='ltr'><strong>noluimus,</strong></span> <span class='ocrx_word' id='word_1_290' title='bbox 1633 2893 1745 2953; x_wconf 88' lang='lat' dir='ltr'><strong>quia</strong></span> 
     </span>
    </p>
   </div>
   <div class='ocr_carea' id='block_1_33' title="bbox 1789 2892 3782 2967">
    <p class='ocr_par' dir='ltr' id='par_1_33' title="bbox 1789 2892 3782 2967">
     <span class='ocr_line' id='line_1_35' title="bbox 1789 2892 3782 2967; baseline 0.009 -28"><span class='ocrx_word' id='word_1_291' title='bbox 1789 2892 2183 2967; x_wconf 44' lang='lat' dir='ltr'><strong>iosxveido.t_este</strong></span> <span class='ocrx_word' id='word_1_292' title='bbox 2194 2892 2246 2967; x_wconf 76' lang='lat' dir='ltr'><strong>in</strong></span> <span class='ocrx_word' id='word_1_293' title='bbox 2263 2895 2432 2967; x_wconf 62' lang='lat' dir='ltr'><strong>latinis</strong></span> <span class='ocrx_word' id='word_1_294' title='bbox 2450 2896 2739 2967; x_wconf 80' lang='lat' dir='ltr'><strong>quibusdam</strong></span> <span class='ocrx_word' id='word_1_295' title='bbox 2758 2892 3002 2967; x_wconf 75' lang='lat' dir='ltr'><strong>Historiae</strong></span> <span class='ocrx_word' id='word_1_296' title='bbox 3016 2901 3276 2954; x_wconf 81' lang='lat' dir='ltr'><strong>Lausiacae</strong></span> <span class='ocrx_word' id='word_1_297' title='bbox 3290 2892 3656 2967; x_wconf 64' lang='lat' dir='ltr'><strong>exemplaribus</strong></span> <span class='ocrx_word' id='word_1_298' title='bbox 3670 2892 3782 2956; x_wconf 72' lang='lat' dir='ltr'><strong>llero</strong></span> 
     </span>
    </p>
   </div>
   <div class='ocr_carea' id='block_1_34' title="bbox 645 2953 3782 3028">
    <p class='ocr_par' dir='ltr' id='par_1_34' title="bbox 645 2953 3782 3028">
     <span class='ocr_line' id='line_1_36' title="bbox 645 2953 3782 3028; baseline 0.003 -19"><span class='ocrx_word' id='word_1_299' title='bbox 645 2968 807 3028; x_wconf 82' lang='lat' dir='ltr'><strong>eatum</strong></span> <span class='ocrx_word' id='word_1_300' title='bbox 833 2953 1424 3028; x_wconf 63' lang='lat' dir='ltr'><strong>Atacagium_contumelia</strong></span> <span class='ocrx_word' id='word_1_301' title='bbox 1443 2953 1675 3028; x_wconf 40' lang='lat' dir='ltr'><strong>atl‘eci&#39;sse</strong></span> <span class='ocrx_word' id='word_1_302' title='bbox 1701 2953 2000 3028; x_wconf 59' lang='lat' dir='ltr'><strong>tradebatur,</strong></span> <span class='ocrx_word' id='word_1_303' title='bbox 2038 2953 2085 3004; x_wconf 97' lang='lat' dir='ltr'><strong>id</strong></span> <span class='ocrx_word' id='word_1_304' title='bbox 2105 2957 2238 3017; x_wconf 91' lang='lat' dir='ltr'><strong>quod</strong></span> <span class='ocrx_word' id='word_1_305' title='bbox 2260 2955 2434 3007; x_wconf 77' lang='lat' dir='ltr'><strong>falsum</strong></span> <span class='ocrx_word' id='word_1_306' title='bbox 2454 2953 2566 3008; x_wconf 78' lang='lat' dir='ltr'><strong>esse</strong></span> <span class='ocrx_word' id='word_1_307' title='bbox 2585 2973 2649 3009; x_wconf 83' lang='lat' dir='ltr'><strong>ex</strong></span> <span class='ocrx_word' id='word_1_308' title='bbox 2677 2961 2769 3009; x_wconf 89' lang='lat' dir='ltr'><strong>hoc</strong></span> <span class='ocrx_word' id='word_1_309' title='bbox 2809 2962 3028 3012; x_wconf 87' lang='lat' dir='ltr'><strong>codicum</strong></span> <span class='ocrx_word' id='word_1_310' title='bbox 3058 2970 3198 3015; x_wconf 86' lang='lat' dir='ltr'><strong>textu</strong></span> <span class='ocrx_word' id='word_1_311' title='bbox 3243 2953 3523 3028; x_wconf 60' lang='lat' dir='ltr'><strong>elucet;&#39;de</strong></span> <span class='ocrx_word' id='word_1_312' title='bbox 3551 2953 3782 3019; x_wconf 64' lang='lat' dir='ltr'><strong>Rusvveidi</strong></span> 
     </span>
    </p>
   </div>
   <div class='ocr_carea' id='block_1_35' title="bbox 599 3014 1911 3077">
    <p class='ocr_par' dir='ltr' id='par_1_35' title="bbox 599 3014 1911 3077">
     <span class='ocr_line' id='line_1_37' title="bbox 599 3014 1911 3077; baseline -0.008 -3"><span class='ocrx_word' id='word_1_313' title='bbox 599 3036 727 3074; x_wconf 20' lang='lat' dir='ltr'><strong>ivero</strong></span> <span class='ocrx_word' id='word_1_314' title='bbox 743 3017 1087 3070; x_wconf 87' lang='lat' dir='ltr'><strong>observatione</strong></span> <span class='ocrx_word' id='word_1_315' title='bbox 1108 3015 1329 3066; x_wconf 87' lang='lat' dir='ltr'><strong>breviter</strong></span> <span class='ocrx_word' id='word_1_316' title='bbox 1351 3015 1707 3076; x_wconf 82' lang='lat' dir='ltr'><strong>disputavimus</strong></span> <span class='ocrx_word' id='word_1_317' title='bbox 1731 3029 1778 3077; x_wconf 92' lang='lat' dir='ltr'><strong>p.</strong></span> <span class='ocrx_word' id='word_1_318' title='bbox 1805 3014 1911 3064; x_wconf 84' lang='lat'><strong>109.</strong></span> 
     </span>
    </p>
   </div>
   <div class='ocr_carea' id='block_1_36' title="bbox 1303 3266 1354 3318">
    <p class='ocr_par' dir='ltr' id='par_1_36' title="bbox 1303 3266 1354 3318">
     <span class='ocr_line' id='line_1_38' title="bbox 1303 3266 1354 3318; baseline 0.02 -1"><span class='ocrx_word' id='word_1_319' title='bbox 1303 3266 1354 3318; x_wconf 80' lang='grc'><strong>1.</strong></span> 
     </span>
    </p>
   </div>
   <div class='ocr_carea' id='block_1_37' title="bbox 972 3378 1654 3436">
    <p class='ocr_par' dir='ltr' id='par_1_37' title="bbox 972 3378 1654 3436">
     <span class='ocr_line' id='line_1_39' title="bbox 972 3378 1654 3436; baseline -0.006 0"><span class='ocrx_word' id='word_1_320' title='bbox 972 3385 1048 3436; x_wconf 84' lang='lat' dir='ltr'><strong>De</strong></span> <span class='ocrx_word' id='word_1_321' title='bbox 1085 3381 1283 3434; x_wconf 83' lang='lat' dir='ltr'><strong>sanctis</strong></span> <span class='ocrx_word' id='word_1_322' title='bbox 1319 3381 1372 3432; x_wconf 85' lang='lat' dir='ltr'><strong>in</strong></span> <span class='ocrx_word' id='word_1_323' title='bbox 1416 3378 1654 3432; x_wconf 78' lang='lat' dir='ltr'><strong>I’Iterme.</strong></span> 
     </span>
    </p>
   </div>
   <div class='ocr_carea' id='block_1_38' title="bbox 1185 3471 1486 3526">
    <p class='ocr_par' dir='ltr' id='par_1_38' title="bbox 1185 3471 1486 3526">
     <span class='ocr_line' id='line_1_40' title="bbox 1185 3471 1486 3526; baseline 0.003 -1"><span class='ocrx_word' id='word_1_324' title='bbox 1185 3471 1258 3525; x_wconf 89' lang='lat' dir='ltr'><strong>De</strong></span> <span class='ocrx_word' id='word_1_325' title='bbox 1291 3471 1486 3526; x_wconf 83' lang='lat' dir='ltr'><strong>Paulo.</strong></span> 
     </span>
    </p>
   </div>
   <div class='ocr_carea' id='block_1_39' title="bbox 622 3563 2121 3635">
    <p class='ocr_par' dir='ltr' id='par_1_39' title="bbox 622 3563 2121 3635">
     <span class='ocr_line' id='line_1_41' title="bbox 622 3563 2121 3635; baseline -0.005 -7"><span class='ocrx_word' id='word_1_326' title='bbox 622 3576 782 3628; x_wconf 77' lang='lat' dir='ltr'><strong>Mons</strong></span> <span class='ocrx_word' id='word_1_327' title='bbox 815 3579 896 3624; x_wconf 88' lang='lat' dir='ltr'><strong>est</strong></span> <span class='ocrx_word' id='word_1_328' title='bbox 925 3569 985 3623; x_wconf 85' lang='lat' dir='ltr'><strong>in</strong></span> <span class='ocrx_word' id='word_1_329' title='bbox 1021 3567 1267 3635; x_wconf 84' lang='lat' dir='ltr'><strong>Aegypto</strong></span> <span class='ocrx_word' id='word_1_330' title='bbox 1301 3563 1577 3618; x_wconf 90' lang='lat' dir='ltr'><strong>abducens</strong></span> <span class='ocrx_word' id='word_1_331' title='bbox 1611 3565 1664 3618; x_wconf 91' lang='lat' dir='ltr'><strong>in</strong></span> <span class='ocrx_word' id='word_1_332' title='bbox 1700 3572 1911 3621; x_wconf 88' lang='lat' dir='ltr'><strong>vastam</strong></span> <span class='ocrx_word' id='word_1_333' title='bbox 1947 3565 2121 3620; x_wconf 88' lang='lat' dir='ltr'><strong>Scelis</strong></span> 
     </span>
    </p>
   </div>
   <div class='ocr_carea' id='block_1_40' title="bbox 554 3655 2118 3728">
    <p class='ocr_par' dir='ltr' id='par_1_40' title="bbox 554 3655 2118 3728">
     <span class='ocr_line' id='line_1_42' title="bbox 554 3655 2118 3728; baseline -0.006 -8"><span class='ocrx_word' id='word_1_334' title='bbox 554 3663 924 3725; x_wconf 88' lang='lat' dir='ltr'><strong>solitudinem,</strong></span> <span class='ocrx_word' id='word_1_335' title='bbox 976 3658 1068 3728; x_wconf 89' lang='lat' dir='ltr'><strong>qui</strong></span> <span class='ocrx_word' id='word_1_336' title='bbox 1107 3657 1338 3710; x_wconf 85' lang='lat' dir='ltr'><strong>Pherme</strong></span> <span class='ocrx_word' id='word_1_337' title='bbox 1382 3655 1725 3724; x_wconf 88' lang='lat' dir='ltr'><strong>appellatur;</strong></span> <span class='ocrx_word' id='word_1_338' title='bbox 1782 3658 1837 3711; x_wconf 90' lang='lat' dir='ltr'><strong>in</strong></span> <span class='ocrx_word' id='word_1_339' title='bbox 1870 3672 1978 3726; x_wconf 92' lang='lat' dir='ltr'><strong>quo</strong></span> <span class='ocrx_word' id='word_1_340' title='bbox 2018 3657 2118 3710; x_wconf 88' lang='lat' dir='ltr'><strong>viri</strong></span> 
     </span>
    </p>
   </div>
   <div class='ocr_carea' id='block_1_41' title="bbox 555 3747 2120 3825">
    <p class='ocr_par' dir='ltr' id='par_1_41' title="bbox 555 3747 2120 3825">
     <span class='ocr_line' id='line_1_43' title="bbox 555 3747 2120 3825; baseline -0.005 -13"><span class='ocrx_word' id='word_1_341' title='bbox 555 3760 666 3812; x_wconf 85' lang='lat' dir='ltr'><strong>tere</strong></span> <span class='ocrx_word' id='word_1_342' title='bbox 701 3752 981 3825; x_wconf 85' lang='lat' dir='ltr'><strong>quingenti</strong></span> <span class='ocrx_word' id='word_1_343' title='bbox 1014 3750 1227 3810; x_wconf 88' lang='lat' dir='ltr'><strong>sedent,</strong></span> <span class='ocrx_word' id='word_1_344' title='bbox 1277 3747 1370 3817; x_wconf 90' lang='lat' dir='ltr'><strong>qui</strong></span> <span class='ocrx_word' id='word_1_345' title='bbox 1402 3756 1750 3802; x_wconf 81' lang='lat' dir='ltr'><strong>exercentur.</strong></span> <span class='ocrx_word' id='word_1_346' title='bbox 1791 3751 1870 3804; x_wconf 79' lang='lat' dir='ltr'><strong>Ex</strong></span> <span class='ocrx_word' id='word_1_347' title='bbox 1918 3749 2120 3820; x_wconf 85' lang='lat' dir='ltr'><strong>quibus</strong></span> 
     </span>
    </p>
   </div>
   <div class='ocr_carea' id='block_1_42' title="bbox 551 3838 2121 3910">
    <p class='ocr_par' dir='ltr' id='par_1_42' title="bbox 551 3838 2121 3910">
     <span class='ocr_line' id='line_1_44' title="bbox 551 3838 2121 3910; baseline -0.006 -7"><span class='ocrx_word' id='word_1_348' title='bbox 551 3848 774 3910; x_wconf 83' lang='lat' dir='ltr'><strong>Paulus,</strong></span> <span class='ocrx_word' id='word_1_349' title='bbox 805 3842 1102 3899; x_wconf 82' lang='lat' dir='ltr'><strong>monachus</strong></span> <span class='ocrx_word' id='word_1_350' title='bbox 1129 3838 1393 3908; x_wconf 85' lang='lat' dir='ltr'><strong>optimus,</strong></span> <span class='ocrx_word' id='word_1_351' title='bbox 1437 3846 1551 3893; x_wconf 86' lang='lat' dir='ltr'><strong>toto</strong></span> <span class='ocrx_word' id='word_1_352' title='bbox 1581 3847 1824 3909; x_wconf 85' lang='lat' dir='ltr'><strong>tempore</strong></span> <span class='ocrx_word' id='word_1_353' title='bbox 1853 3856 1955 3896; x_wconf 86' lang='lat' dir='ltr'><strong>suo</strong></span> <span class='ocrx_word' id='word_1_354' title='bbox 1980 3840 2121 3894; x_wconf 91' lang='lat' dir='ltr'><strong>hanc</strong></span> 
     </span>
    </p>
   </div>
   <div class='ocr_carea' id='block_1_43' title="bbox 551 3929 2117 4008">
    <p class='ocr_par' dir='ltr' id='par_1_43' title="bbox 551 3929 2117 4008">
     <span class='ocr_line' id='line_1_45' title="bbox 551 3929 2117 4008; baseline -0.006 -14"><span class='ocrx_word' id='word_1_355' title='bbox 551 3945 716 3994; x_wconf 84' lang='lat' dir='ltr'><strong>vitam</strong></span> <span class='ocrx_word' id='word_1_356' title='bbox 749 3937 960 4008; x_wconf 87' lang='lat' dir='ltr'><strong>agebat.</strong></span> <span class='ocrx_word' id='word_1_357' title='bbox 992 3932 1279 4000; x_wconf 85' lang='lat' dir='ltr'><strong>Nunquam</strong></span> <span class='ocrx_word' id='word_1_358' title='bbox 1311 3944 1451 3999; x_wconf 90' lang='lat' dir='ltr'><strong>opus</strong></span> <span class='ocrx_word' id='word_1_359' title='bbox 1481 3929 1681 4001; x_wconf 89' lang='lat' dir='ltr'><strong>attigit,</strong></span> <span class='ocrx_word' id='word_1_360' title='bbox 1708 3946 1810 3986; x_wconf 91' lang='lat' dir='ltr'><strong>nec</strong></span> <span class='ocrx_word' id='word_1_361' title='bbox 1840 3931 2117 4002; x_wconf 89' lang='lat' dir='ltr'><strong>negotium</strong></span> 
     </span>
    </p>
   </div>
   <div class='ocr_carea' id='block_1_44' title="bbox 550 4022 2122 4099">
    <p class='ocr_par' dir='ltr' id='par_1_44' title="bbox 550 4022 2122 4099">
     <span class='ocr_line' id='line_1_46' title="bbox 550 4022 2122 4099; baseline -0.007 -12"><span class='ocrx_word' id='word_1_362' title='bbox 550 4029 810 4099; x_wconf 82' lang='lat' dir='ltr'><strong>suscepit,</strong></span> <span class='ocrx_word' id='word_1_363' title='bbox 859 4040 1036 4094; x_wconf 80' lang='lat' dir='ltr'><strong>neque</strong></span> <span class='ocrx_word' id='word_1_364' title='bbox 1079 4023 1145 4078; x_wconf 81' lang='lat' dir='ltr'><strong>ab</strong></span> <span class='ocrx_word' id='word_1_365' title='bbox 1188 4022 1372 4091; x_wconf 87' lang='lat' dir='ltr'><strong>aliquo</strong></span> <span class='ocrx_word' id='word_1_366' title='bbox 1418 4037 1657 4090; x_wconf 87' lang='lat' dir='ltr'><strong>unquam</strong></span> <span class='ocrx_word' id='word_1_367' title='bbox 1700 4024 1913 4092; x_wconf 89' lang='lat' dir='ltr'><strong>accepit</strong></span> <span class='ocrx_word' id='word_1_368' title='bbox 1963 4023 2122 4093; x_wconf 87' lang='lat' dir='ltr'><strong>quid-</strong></span> 
     </span>
    </p>
   </div>
   <div class='ocr_carea' id='block_1_45' title="bbox 550 4114 2120 4195">
    <p class='ocr_par' dir='ltr' id='par_1_45' title="bbox 550 4114 2120 4195">
     <span class='ocr_line' id='line_1_47' title="bbox 550 4114 2120 4195; baseline -0.009 -15"><span class='ocrx_word' id='word_1_369' title='bbox 550 4137 738 4195; x_wconf 87' lang='lat' dir='ltr'><strong>quam,</strong></span> <span class='ocrx_word' id='word_1_370' title='bbox 771 4129 984 4190; x_wconf 81' lang='lat' dir='ltr'><strong>praeter</strong></span> <span class='ocrx_word' id='word_1_371' title='bbox 1020 4115 1166 4186; x_wconf 89' lang='lat' dir='ltr'><strong>quod</strong></span> <span class='ocrx_word' id='word_1_372' title='bbox 1195 4115 1314 4183; x_wconf 90' lang='lat' dir='ltr'><strong>ipso</strong></span> <span class='ocrx_word' id='word_1_373' title='bbox 1357 4114 1446 4168; x_wconf 90' lang='lat' dir='ltr'><strong>die</strong></span> <span class='ocrx_word' id='word_1_374' title='bbox 1481 4114 1812 4170; x_wconf 86' lang='lat' dir='ltr'><strong>comederet.</strong></span> <span class='ocrx_word' id='word_1_375' title='bbox 1844 4115 1994 4185; x_wconf 86' lang='lat' dir='ltr'><strong>Opus</strong></span> <span class='ocrx_word' id='word_1_376' title='bbox 2023 4131 2120 4170; x_wconf 91' lang='lat' dir='ltr'><strong>au-</strong></span> 
     </span>
    </p>
   </div>
   <div class='ocr_carea' id='block_1_46' title="bbox 553 4204 2121 4276">
    <p class='ocr_par' dir='ltr' id='par_1_46' title="bbox 553 4204 2121 4276">
     <span class='ocr_line' id='line_1_48' title="bbox 553 4204 2121 4276; baseline -0.006 -5"><span class='ocrx_word' id='word_1_377' title='bbox 553 4228 660 4271; x_wconf 82' lang='lat' dir='ltr'><strong>tem</strong></span> <span class='ocrx_word' id='word_1_378' title='bbox 692 4209 1098 4268; x_wconf 80' lang='lat' dir='ltr'><strong>exercitationis</strong></span> <span class='ocrx_word' id='word_1_379' title='bbox 1133 4206 1252 4261; x_wconf 87' lang='lat' dir='ltr'><strong>eius</strong></span> <span class='ocrx_word' id='word_1_380' title='bbox 1288 4204 1390 4260; x_wconf 82' lang='lat' dir='ltr'><strong>luit</strong></span> <span class='ocrx_word' id='word_1_381' title='bbox 1423 4220 1584 4260; x_wconf 86' lang='lat' dir='ltr'><strong>orare</strong></span> <span class='ocrx_word' id='word_1_382' title='bbox 1620 4214 1902 4276; x_wconf 88' lang='lat' dir='ltr'><strong>perpetuo.</strong></span> <span class='ocrx_word' id='word_1_383' title='bbox 1943 4207 2121 4276; x_wconf 84' lang='lat' dir='ltr'><strong>Atque</strong></span> 
     </span>
    </p>
   </div>
   <div class='ocr_carea' id='block_1_47' title="bbox 553 4297 2118 4368">
    <p class='ocr_par' dir='ltr' id='par_1_47' title="bbox 553 4297 2118 4368">
     <span class='ocr_line' id='line_1_49' title="bbox 553 4297 2118 4368; baseline -0.008 -6"><span class='ocrx_word' id='word_1_384' title='bbox 553 4314 790 4362; x_wconf 84' lang='lat' dir='ltr'><strong>statutas</strong></span> <span class='ocrx_word' id='word_1_385' title='bbox 821 4302 1055 4356; x_wconf 88' lang='lat' dir='ltr'><strong>habebat</strong></span> <span class='ocrx_word' id='word_1_386' title='bbox 1087 4312 1280 4368; x_wconf 89' lang='lat' dir='ltr'><strong>preces</strong></span> <span class='ocrx_word' id='word_1_387' title='bbox 1319 4304 1614 4360; x_wconf 88' lang='lat' dir='ltr'><strong>trecentas,</strong></span> <span class='ocrx_word' id='word_1_388' title='bbox 1649 4312 1787 4366; x_wconf 90' lang='lat' dir='ltr'><strong>quas</strong></span> <span class='ocrx_word' id='word_1_389' title='bbox 1821 4297 1926 4352; x_wconf 88' lang='lat' dir='ltr'><strong>hoc</strong></span> <span class='ocrx_word' id='word_1_390' title='bbox 1957 4300 2118 4352; x_wconf 87' lang='lat' dir='ltr'><strong>modo</strong></span> 
     </span>
    </p>
   </div>
   <div class='ocr_carea' id='block_1_48' title="bbox 551 4387 2119 4457">
    <p class='ocr_par' dir='ltr' id='par_1_48' title="bbox 551 4387 2119 4457">
     <span class='ocr_line' id='line_1_50' title="bbox 551 4387 2119 4457; baseline -0.009 -3"><span class='ocrx_word' id='word_1_391' title='bbox 551 4395 904 4454; x_wconf 84' lang='lat' dir='ltr'><strong>numeravit:</strong></span> <span class='ocrx_word' id='word_1_392' title='bbox 937 4392 1180 4446; x_wconf 84' lang='lat' dir='ltr'><strong>calculos</strong></span> <span class='ocrx_word' id='word_1_393' title='bbox 1228 4389 1489 4444; x_wconf 88' lang='lat' dir='ltr'><strong>collectos</strong></span> <span class='ocrx_word' id='word_1_394' title='bbox 1541 4388 1666 4444; x_wconf 90' lang='lat' dir='ltr'><strong>sinu</strong></span> <span class='ocrx_word' id='word_1_395' title='bbox 1723 4387 1932 4449; x_wconf 89' lang='lat' dir='ltr'><strong>tenuit,</strong></span> <span class='ocrx_word' id='word_1_396' title='bbox 1983 4404 2119 4457; x_wconf 90' lang='lat' dir='ltr'><strong>quo-</strong></span> 
     </span>
    </p>
   </div>
   <div class='ocr_carea' id='block_1_49' title="bbox 551 4480 2118 4554">
    <p class='ocr_par' dir='ltr' id='par_1_49' title="bbox 551 4480 2118 4554">
     <span class='ocr_line' id='line_1_51' title="bbox 551 4480 2118 4554; baseline -0.006 -10"><span class='ocrx_word' id='word_1_397' title='bbox 551 4505 674 4544; x_wconf 88' lang='lat' dir='ltr'><strong>rum</strong></span> <span class='ocrx_word' id='word_1_398' title='bbox 710 4500 876 4541; x_wconf 85' lang='lat' dir='ltr'><strong>unum</strong></span> <span class='ocrx_word' id='word_1_399' title='bbox 921 4491 1045 4554; x_wconf 90' lang='lat' dir='ltr'><strong>post</strong></span> <span class='ocrx_word' id='word_1_400' title='bbox 1072 4495 1515 4551; x_wconf 84' lang='lat' dir='ltr'><strong>unamquamque</strong></span> <span class='ocrx_word' id='word_1_401' title='bbox 1549 4481 1848 4534; x_wconf 87' lang='lat' dir='ltr'><strong>orationem</strong></span> <span class='ocrx_word' id='word_1_402' title='bbox 1899 4480 2118 4535; x_wconf 86' lang='lat' dir='ltr'><strong>abiecit.</strong></span> 
     </span>
    </p>
   </div>
   <div class='ocr_carea' id='block_1_50' title="bbox 552 4571 2121 4641">
    <p class='ocr_par' dir='ltr' id='par_1_50' title="bbox 552 4571 2121 4641">
     <span class='ocr_line' id='line_1_52' title="bbox 552 4571 2121 4641; baseline -0.008 -4"><span class='ocrx_word' id='word_1_403' title='bbox 552 4583 654 4638; x_wconf 83' lang='lat' dir='ltr'><strong>Hic</strong></span> <span class='ocrx_word' id='word_1_404' title='bbox 677 4583 762 4636; x_wconf 86' lang='lat' dir='ltr'><strong>vir</strong></span> <span class='ocrx_word' id='word_1_405' title='bbox 791 4579 883 4634; x_wconf 89' lang='lat' dir='ltr'><strong>Dei</strong></span> <span class='ocrx_word' id='word_1_406' title='bbox 916 4577 1170 4632; x_wconf 81' lang='lat' dir='ltr'><strong>utilitatis</strong></span> <span class='ocrx_word' id='word_1_407' title='bbox 1199 4589 1264 4627; x_wconf 89' lang='lat' dir='ltr'><strong>ac</strong></span> <span class='ocrx_word' id='word_1_408' title='bbox 1301 4571 1560 4641; x_wconf 87' lang='lat' dir='ltr'><strong>colloquii</strong></span> <span class='ocrx_word' id='word_1_409' title='bbox 1606 4571 1912 4640; x_wconf 89' lang='lat' dir='ltr'><strong>spiritualis</strong></span> <span class='ocrx_word' id='word_1_410' title='bbox 1947 4572 2121 4641; x_wconf 86' lang='lat' dir='ltr'><strong>gratia</strong></span> 
     </span>
    </p>
   </div>
   <div class='ocr_carea' id='block_1_51' title="bbox 553 4660 2120 4732">
    <p class='ocr_par' dir='ltr' id='par_1_51' title="bbox 553 4660 2120 4732">
     <span class='ocr_line' id='line_1_53' title="bbox 553 4660 2120 4732; baseline -0.012 -1"><span class='ocrx_word' id='word_1_411' title='bbox 553 4673 806 4732; x_wconf 81' lang='lat' dir='ltr'><strong>convenit</strong></span> <span class='ocrx_word' id='word_1_412' title='bbox 835 4678 1085 4727; x_wconf 89' lang='lat' dir='ltr'><strong>sanctum</strong></span> <span class='ocrx_word' id='word_1_413' title='bbox 1116 4667 1416 4722; x_wconf 82' lang='lat' dir='ltr'><strong>Macarium</strong></span> <span class='ocrx_word' id='word_1_414' title='bbox 1454 4662 1752 4725; x_wconf 84' lang='grc' dir='ltr'>πολιτικόν,</span> <span class='ocrx_word' id='word_1_415' title='bbox 1777 4661 1868 4715; x_wconf 89' lang='lat' dir='ltr'><strong>cui</strong></span> <span class='ocrx_word' id='word_1_416' title='bbox 1901 4679 1915 4715; x_wconf 91' lang='lat'>:</span> <span class='ocrx_word' id='word_1_417' title='bbox 1946 4660 2120 4724; x_wconf 84' lang='lat' dir='ltr'><strong>Abba,</strong></span> 
     </span>
    </p>
   </div>
   <div class='ocr_carea' id='block_1_52' title="bbox 552 4751 2126 4838">
    <p class='ocr_par' dir='ltr' id='par_1_52' title="bbox 552 4751 2126 4838">
     <span class='ocr_line' id='line_1_54' title="bbox 552 4751 2126 4838; baseline -0.012 -15"><span class='ocrx_word' id='word_1_418' title='bbox 552 4767 752 4838; x_wconf 86' lang='lat' dir='ltr'><strong>inquit.</strong></span> <span class='ocrx_word' id='word_1_419' title='bbox 771 4763 996 4827; x_wconf 83' lang='lat' dir='ltr'><strong>Macari,</strong></span> <span class='ocrx_word' id='word_1_420' title='bbox 1017 4760 1222 4829; x_wconf 85' lang='lat' dir='ltr'><strong>allligor</strong></span> <span class='ocrx_word' id='word_1_421' title='bbox 1245 4757 1422 4812; x_wconf 88' lang='lat' dir='ltr'><strong>valde.</strong></span> <span class='ocrx_word' id='word_1_422' title='bbox 1441 4754 1547 4822; x_wconf 87' lang='lat' dir='ltr'><strong>Qui</strong></span> <span class='ocrx_word' id='word_1_423' title='bbox 1575 4754 1760 4809; x_wconf 88' lang='lat' dir='ltr'><strong>dicere</strong></span> <span class='ocrx_word' id='word_1_424' title='bbox 1790 4767 1915 4807; x_wconf 89' lang='lat' dir='ltr'><strong>eum</strong></span> <span class='ocrx_word' id='word_1_425' title='bbox 1947 4751 2126 4820; x_wconf 81' lang='lat' dir='ltr'><strong>coegit</strong></span> 
     </span>
    </p>
   </div>
   <div class='ocr_carea' id='block_1_53' title="bbox 549 4843 2124 4922">
    <p class='ocr_par' dir='ltr' id='par_1_53' title="bbox 549 4843 2124 4922">
     <span class='ocr_line' id='line_1_55' title="bbox 549 4843 2124 4922; baseline -0.011 -9"><span class='ocrx_word' id='word_1_426' title='bbox 549 4873 795 4921; x_wconf 86' lang='lat' dir='ltr'><strong>causam,</strong></span> <span class='ocrx_word' id='word_1_427' title='bbox 849 4856 920 4907; x_wconf 87' lang='lat' dir='ltr'><strong>ob</strong></span> <span class='ocrx_word' id='word_1_428' title='bbox 960 4868 1122 4922; x_wconf 87' lang='lat' dir='ltr'><strong>quam</strong></span> <span class='ocrx_word' id='word_1_429' title='bbox 1169 4851 1500 4904; x_wconf 83' lang='lat' dir='ltr'><strong>tristaretur.</strong></span> <span class='ocrx_word' id='word_1_430' title='bbox 1557 4847 1607 4898; x_wconf 86' lang='lat' dir='ltr'><strong>ls</strong></span> <span class='ocrx_word' id='word_1_431' title='bbox 1652 4845 1818 4914; x_wconf 83' lang='lat' dir='ltr'><strong>igitur</strong></span> <span class='ocrx_word' id='word_1_432' title='bbox 1852 4862 1865 4896; x_wconf 87' lang='lat'><strong>:</strong></span> <span class='ocrx_word' id='word_1_433' title='bbox 1895 4843 1953 4896; x_wconf 90' lang='lat' dir='ltr'><strong>ln</strong></span> <span class='ocrx_word' id='word_1_434' title='bbox 2003 4843 2124 4895; x_wconf 86' lang='lat' dir='ltr'><strong>vico</strong></span> 
     </span>
    </p>
   </div>
   <div class='ocr_carea' id='block_1_54' title="bbox 545 4933 2126 5022">
    <p class='ocr_par' dir='ltr' id='par_1_54' title="bbox 545 4933 2126 5022">
     <span class='ocr_line' id='line_1_56' title="bbox 545 4933 2126 5022; baseline -0.013 -17"><span class='ocrx_word' id='word_1_435' title='bbox 545 4949 804 5022; x_wconf 88' lang='lat' dir='ltr'><strong>quodam.</strong></span> <span class='ocrx_word' id='word_1_436' title='bbox 833 4946 1032 5014; x_wconf 88' lang='lat' dir='ltr'><strong>inquit,</strong></span> <span class='ocrx_word' id='word_1_437' title='bbox 1057 4942 1207 5011; x_wconf 84' lang='lat' dir='ltr'><strong>virgo</strong></span> <span class='ocrx_word' id='word_1_438' title='bbox 1232 4941 1458 5002; x_wconf 85' lang='lat' dir='ltr'><strong>habitat,</strong></span> <span class='ocrx_word' id='word_1_439' title='bbox 1488 4952 1628 5007; x_wconf 87' lang='lat' dir='ltr'><strong>quae</strong></span> <span class='ocrx_word' id='word_1_440' title='bbox 1656 4936 1934 4989; x_wconf 87' lang='lat' dir='ltr'><strong>tricesimo</strong></span> <span class='ocrx_word' id='word_1_441' title='bbox 1962 4933 2126 5004; x_wconf 78' lang='lat'><strong>266</strong></span> 
     </span>
    </p>
   </div>
   <div class='ocr_carea' id='block_1_55' title="bbox 549 5027 2127 5098">
    <p class='ocr_par' dir='ltr' id='par_1_55' title="bbox 549 5027 2127 5098">
     <span class='ocr_line' id='line_1_57' title="bbox 549 5027 2127 5098; baseline -0.011 -1"><span class='ocrx_word' id='word_1_442' title='bbox 549 5060 694 5098; x_wconf 75' lang='lat' dir='ltr'><strong>anno</strong></span> <span class='ocrx_word' id='word_1_443' title='bbox 730 5041 837 5094; x_wconf 89' lang='lat' dir='ltr'><strong>iam</strong></span> <span class='ocrx_word' id='word_1_444' title='bbox 876 5047 1184 5092; x_wconf 83' lang='lat' dir='ltr'><strong>exercetur.</strong></span> <span class='ocrx_word' id='word_1_445' title='bbox 1233 5032 1406 5098; x_wconf 86' lang='lat' dir='ltr'><strong>Quam</strong></span> <span class='ocrx_word' id='word_1_446' title='bbox 1452 5030 1605 5084; x_wconf 92' lang='lat' dir='ltr'><strong>multi</strong></span> <span class='ocrx_word' id='word_1_447' title='bbox 1649 5027 1783 5083; x_wconf 90' lang='lat' dir='ltr'><strong>mihi</strong></span> <span class='ocrx_word' id='word_1_448' title='bbox 1829 5036 2127 5081; x_wconf 86' lang='lat' dir='ltr'><strong>narrarunt</strong></span> 
     </span>
    </p>
   </div>
   <div class='ocr_carea' id='block_1_56' title="bbox 549 5121 2120 5190">
    <p class='ocr_par' dir='ltr' id='par_1_56' title="bbox 549 5121 2120 5190">
     <span class='ocr_line' id='line_1_58' title="bbox 549 5121 2120 5190; baseline -0.011 0"><span class='ocrx_word' id='word_1_449' title='bbox 549 5135 700 5190; x_wconf 87' lang='lat' dir='ltr'><strong>nullo</strong></span> <span class='ocrx_word' id='word_1_450' title='bbox 729 5132 838 5186; x_wconf 86' lang='lat' dir='ltr'><strong>alio</strong></span> <span class='ocrx_word' id='word_1_451' title='bbox 867 5131 955 5184; x_wconf 77' lang='lat' dir='ltr'><strong>die</strong></span> <span class='ocrx_word' id='word_1_452' title='bbox 988 5129 1095 5182; x_wconf 88' lang='lat' dir='ltr'><strong>nisi</strong></span> <span class='ocrx_word' id='word_1_453' title='bbox 1137 5126 1453 5182; x_wconf 62' lang='lat' dir='ltr'><strong>sabbato-ct</strong></span> <span class='ocrx_word' id='word_1_454' title='bbox 1480 5122 1755 5178; x_wconf 87' lang='lat' dir='ltr'><strong>dominica</strong></span> <span class='ocrx_word' id='word_1_455' title='bbox 1795 5121 1977 5174; x_wconf 86' lang='lat' dir='ltr'><strong>cibum</strong></span> <span class='ocrx_word' id='word_1_456' title='bbox 2024 5137 2120 5176; x_wconf 90' lang='lat' dir='ltr'><strong>su-</strong></span> 
     </span>
    </p>
   </div>
   <div class='ocr_carea' id='block_1_57' title="bbox 549 5216 2123 5290">
    <p class='ocr_par' dir='ltr' id='par_1_57' title="bbox 549 5216 2123 5290">
     <span class='ocr_line' id='line_1_59' title="bbox 549 5216 2123 5290; baseline -0.007 -10"><span class='ocrx_word' id='word_1_457' title='bbox 549 5239 715 5284; x_wconf 89' lang='lat' dir='ltr'><strong>mere.</strong></span> <span class='ocrx_word' id='word_1_458' title='bbox 738 5223 832 5278; x_wconf 90' lang='lat' dir='ltr'><strong>scd</strong></span> <span class='ocrx_word' id='word_1_459' title='bbox 852 5230 966 5276; x_wconf 93' lang='lat' dir='ltr'><strong>toto</strong></span> <span class='ocrx_word' id='word_1_460' title='bbox 991 5231 1233 5290; x_wconf 88' lang='lat' dir='ltr'><strong>tempore</strong></span> <span class='ocrx_word' id='word_1_461' title='bbox 1260 5220 1488 5273; x_wconf 82' lang='lat' dir='ltr'><strong>trahens</strong></span> <span class='ocrx_word' id='word_1_462' title='bbox 1508 5216 1879 5272; x_wconf 85' lang='lat' dir='ltr'><strong>hebdomadas</strong></span> <span class='ocrx_word' id='word_1_463' title='bbox 1910 5232 1975 5269; x_wconf 90' lang='lat' dir='ltr'><strong>ac</strong></span> <span class='ocrx_word' id='word_1_464' title='bbox 1998 5225 2123 5285; x_wconf 92' lang='lat' dir='ltr'><strong>post</strong></span> 
     </span>
    </p>
   </div>
   <div class='ocr_carea' id='block_1_58' title="bbox 546 5306 2122 5388">
    <p class='ocr_par' dir='ltr' id='par_1_58' title="bbox 546 5306 2122 5388">
     <span class='ocr_line' id='line_1_60' title="bbox 546 5306 2122 5388; baseline -0.008 -17"><span class='ocrx_word' id='word_1_465' title='bbox 546 5317 790 5388; x_wconf 89' lang='lat' dir='ltr'><strong>quinque</strong></span> <span class='ocrx_word' id='word_1_466' title='bbox 834 5315 951 5369; x_wconf 89' lang='lat' dir='ltr'><strong>dies</strong></span> <span class='ocrx_word' id='word_1_467' title='bbox 986 5311 1280 5367; x_wconf 88' lang='lat' dir='ltr'><strong>comedens</strong></span> <span class='ocrx_word' id='word_1_468' title='bbox 1317 5309 1599 5364; x_wconf 83' lang='lat' dir='ltr'><strong>orationes</strong></span> <span class='ocrx_word' id='word_1_469' title='bbox 1630 5306 1764 5361; x_wconf 86' lang='lat' dir='ltr'><strong>facit</strong></span> <span class='ocrx_word' id='word_1_470' title='bbox 1812 5308 2122 5377; x_wconf 83' lang='lat' dir='ltr'><strong>septingen-</strong></span> 
     </span>
    </p>
   </div>
   <div class='ocr_carea' id='block_1_59' title="bbox 547 5398 2118 5476">
    <p class='ocr_par' dir='ltr' id='par_1_59' title="bbox 547 5398 2118 5476">
     <span class='ocr_line' id='line_1_61' title="bbox 547 5398 2118 5476; baseline -0.007 -14"><span class='ocrx_word' id='word_1_471' title='bbox 547 5418 653 5462; x_wconf 89' lang='lat' dir='ltr'><strong>tas.</strong></span> <span class='ocrx_word' id='word_1_472' title='bbox 687 5406 802 5461; x_wconf 86' lang='lat' dir='ltr'><strong>lloc</strong></span> <span class='ocrx_word' id='word_1_473' title='bbox 828 5422 996 5476; x_wconf 89' lang='lat' dir='ltr'><strong>quum</strong></span> <span class='ocrx_word' id='word_1_474' title='bbox 1026 5403 1358 5465; x_wconf 62' lang='lat' dir='ltr'><strong>didicerim,</strong></span> <span class='ocrx_word' id='word_1_475' title='bbox 1383 5400 1674 5470; x_wconf 88' lang='lat' dir='ltr'><strong>reprobavi</strong></span> <span class='ocrx_word' id='word_1_476' title='bbox 1721 5413 1807 5452; x_wconf 89' lang='lat' dir='ltr'><strong>me</strong></span> <span class='ocrx_word' id='word_1_477' title='bbox 1835 5398 1955 5466; x_wconf 85' lang='lat' dir='ltr'><strong>ipse</strong></span> <span class='ocrx_word' id='word_1_478' title='bbox 1990 5413 2118 5468; x_wconf 84' lang='lat' dir='ltr'><strong>per-</strong></span> 
     </span>
    </p>
   </div>
   <div class='ocr_carea' id='block_1_60' title="bbox 549 5491 2124 5568">
    <p class='ocr_par' dir='ltr' id='par_1_60' title="bbox 549 5491 2124 5568">
     <span class='ocr_line' id='line_1_62' title="bbox 549 5491 2124 5568; baseline -0.007 -16"><span class='ocrx_word' id='word_1_479' title='bbox 549 5498 812 5568; x_wconf 86' lang='lat' dir='ltr'><strong>pendens,</strong></span> <span class='ocrx_word' id='word_1_480' title='bbox 856 5512 960 5558; x_wconf 91' lang='lat' dir='ltr'><strong>me,</strong></span> <span class='ocrx_word' id='word_1_481' title='bbox 988 5495 1264 5549; x_wconf 86' lang='lat' dir='ltr'><strong>hominem</strong></span> <span class='ocrx_word' id='word_1_482' title='bbox 1301 5492 1623 5556; x_wconf 87' lang='lat' dir='ltr'><strong>maioribus,</strong></span> <span class='ocrx_word' id='word_1_483' title='bbox 1657 5505 1820 5560; x_wconf 91' lang='lat' dir='ltr'><strong>quam</strong></span> <span class='ocrx_word' id='word_1_484' title='bbox 1855 5491 1971 5554; x_wconf 84' lang='lat' dir='ltr'><strong>illa,</strong></span> <span class='ocrx_word' id='word_1_485' title='bbox 2000 5504 2124 5542; x_wconf 85' lang='lat' dir='ltr'><strong>cor-</strong></span> 
     </span>
    </p>
   </div>
   <div class='ocr_carea' id='block_1_61' title="bbox 2146 3275 2193 3331">
    <p class='ocr_par' dir='ltr' id='par_1_61' title="bbox 2146 3275 2193 3331">
     <span class='ocr_line' id='line_1_63' title="bbox 2146 3275 2193 3331; baseline 0 0"><span class='ocrx_word' id='word_1_486' title='bbox 2146 3275 2193 3331; x_wconf 82' lang='grc' dir='ltr'><strong>Β</strong></span> 
     </span>
    </p>
   </div>
   <div class='ocr_carea' id='block_1_62' title="bbox 2583 3387 3439 3460">
    <p class='ocr_par' dir='ltr' id='par_1_62' title="bbox 2583 3387 3439 3460">
     <span class='ocr_line' id='line_1_64' title="bbox 2583 3387 3439 3460; baseline 0.008 -21"><span class='ocrx_word' id='word_1_487' title='bbox 2583 3388 2722 3454; x_wconf 77' lang='grc' dir='ltr'><strong>Περὶ</strong></span> <span class='ocrx_word' id='word_1_488' title='bbox 2753 3387 2869 3441; x_wconf 77' lang='grc' dir='ltr'><strong>τῶν</strong></span> <span class='ocrx_word' id='word_1_489' title='bbox 2891 3389 2960 3441; x_wconf 80' lang='grc' dir='ltr'><strong>ἐν</strong></span> <span class='ocrx_word' id='word_1_490' title='bbox 2987 3390 3184 3459; x_wconf 83' lang='grc' dir='ltr'><strong>Φέρμῃ</strong></span> <span class='ocrx_word' id='word_1_491' title='bbox 3235 3391 3439 3460; x_wconf 79' lang='grc' dir='ltr'><strong>ἁγίων.</strong></span> 
     </span>
    </p>
   </div>
   <div class='ocr_carea' id='block_1_63' title="bbox 2751 3481 3237 3549">
    <p class='ocr_par' dir='ltr' id='par_1_63' title="bbox 2751 3481 3237 3549">
     <span class='ocr_line' id='line_1_65' title="bbox 2751 3481 3237 3549; baseline 0.008 -16"><span class='ocrx_word' id='word_1_492' title='bbox 2751 3481 2890 3549; x_wconf 83' lang='grc' dir='ltr'><strong>Περὶ</strong></span> <span class='ocrx_word' id='word_1_493' title='bbox 2920 3483 3165 3536; x_wconf 76' lang='grc' dir='ltr'><strong>Παύλου</strong></span> <span class='ocrx_word' id='word_1_494' title='bbox 3194 3485 3237 3536; x_wconf 87' lang='grc'><strong>⁷.</strong></span> 
     </span>
    </p>
   </div>
   <div class='ocr_carea' id='block_1_64' title="bbox 2297 3568 3792 3652">
    <p class='ocr_par' dir='ltr' id='par_1_64' title="bbox 2297 3568 3792 3652">
     <span class='ocr_line' id='line_1_66' title="bbox 2297 3568 3792 3652; baseline 0.011 -33"><span class='ocrx_word' id='word_1_495' title='bbox 2297 3568 2456 3639; x_wconf 86' lang='grc' dir='ltr'><strong>Ὄρος</strong></span> <span class='ocrx_word' id='word_1_496' title='bbox 2485 3570 2630 3621; x_wconf 79' lang='grc' dir='ltr'>ἐστὶν</span> <span class='ocrx_word' id='word_1_497' title='bbox 2659 3571 2716 3622; x_wconf 85' lang='grc' dir='ltr'>ὲν</span> <span class='ocrx_word' id='word_1_498' title='bbox 2759 3572 3019 3643; x_wconf 76' lang='grc' dir='ltr'><strong>Αἰγύπτῳ</strong></span> <span class='ocrx_word' id='word_1_499' title='bbox 3048 3575 3259 3644; x_wconf 79' lang='grc' dir='ltr'><strong>ἁπὰγον</strong></span> <span class='ocrx_word' id='word_1_500' title='bbox 3289 3577 3381 3632; x_wconf 79' lang='grc' dir='ltr'>ἐπὶ</span> <span class='ocrx_word' id='word_1_501' title='bbox 3411 3578 3515 3649; x_wconf 78' lang='grc' dir='ltr'>τὴν</span> <span class='ocrx_word' id='word_1_502' title='bbox 3555 3581 3792 3652; x_wconf 78' lang='grc' dir='ltr'>πανέρη·</span> 
     </span>
    </p>
   </div>
   <div class='ocr_carea' id='block_1_65' title="bbox 2226 3661 3791 3744">
    <p class='ocr_par' dir='ltr' id='par_1_65' title="bbox 2226 3661 3791 3744">
     <span class='ocr_line' id='line_1_67' title="bbox 2226 3661 3791 3744; baseline 0.009 -34"><span class='ocrx_word' id='word_1_503' title='bbox 2226 3675 2323 3728; x_wconf 88' lang='grc' dir='ltr'>μον</span> <span class='ocrx_word' id='word_1_504' title='bbox 2354 3661 2452 3730; x_wconf 82' lang='grc' dir='ltr'>τὴν</span> <span class='ocrx_word' id='word_1_505' title='bbox 2498 3662 2696 3732; x_wconf 83' lang='grc' dir='ltr'>Σκῆτιν</span> <span class='ocrx_word' id='word_1_506' title='bbox 2728 3665 2770 3727; x_wconf 81' lang='grc'>⁸,</span> <span class='ocrx_word' id='word_1_507' title='bbox 2816 3665 2844 3716; x_wconf 86' lang='grc' dir='ltr'><strong>ὂ</strong></span> <span class='ocrx_word' id='word_1_508' title='bbox 2883 3666 3124 3720; x_wconf 86' lang='grc' dir='ltr'>καλεῖται</span> <span class='ocrx_word' id='word_1_509' title='bbox 3168 3669 3376 3741; x_wconf 81' lang='grc' dir='ltr'><strong>Φέρμη,</strong></span> <span class='ocrx_word' id='word_1_510' title='bbox 3421 3674 3518 3726; x_wconf 75' lang='grc' dir='ltr'>καὶ</span> <span class='ocrx_word' id='word_1_511' title='bbox 3549 3676 3610 3728; x_wconf 80' lang='grc' dir='ltr'>ὲν</span> <span class='ocrx_word' id='word_1_512' title='bbox 3657 3677 3791 3744; x_wconf 79' lang='grc' dir='ltr'><strong>αὐτῷ</strong></span> 
     </span>
    </p>
   </div>
   <div class='ocr_carea' id='block_1_66' title="bbox 2223 3753 3792 3836">
    <p class='ocr_par' dir='ltr' id='par_1_66' title="bbox 2223 3753 3792 3836">
     <span class='ocr_line' id='line_1_68' title="bbox 2223 3753 3792 3836; baseline 0.009 -33"><span class='ocrx_word' id='word_1_513' title='bbox 2223 3753 2543 3818; x_wconf 76' lang='grc' dir='ltr'><strong>καθέζονται</strong></span> <span class='ocrx_word' id='word_1_514' title='bbox 2584 3757 2775 3830; x_wconf 78' lang='grc' dir='ltr'>ἄνδρες</span> <span class='ocrx_word' id='word_1_515' title='bbox 2807 3758 2939 3810; x_wconf 74' lang='grc' dir='ltr'>ὡσεὶ</span> <span class='ocrx_word' id='word_1_516' title='bbox 2967 3763 3310 3815; x_wconf 83' lang='grc' dir='ltr'>πεντακόσιοι</span> <span class='ocrx_word' id='word_1_517' title='bbox 3344 3765 3706 3836; x_wconf 76' lang='grc' dir='ltr'><strong>ἀσκούμενοι,</strong></span> <span class='ocrx_word' id='word_1_518' title='bbox 3743 3770 3792 3820; x_wconf 83' lang='grc' dir='ltr'>ὲν</span> 
     </span>
    </p>
   </div>
   <div class='ocr_carea' id='block_1_67' title="bbox 2221 3839 3793 3926">
    <p class='ocr_par' dir='ltr' id='par_1_67' title="bbox 2221 3839 3793 3926">
     <span class='ocr_line' id='line_1_69' title="bbox 2221 3839 3793 3926; baseline 0.008 -30"><span class='ocrx_word' id='word_1_519' title='bbox 2221 3839 2302 3908; x_wconf 79' lang='grc' dir='ltr'><strong>οἷς</strong></span> <span class='ocrx_word' id='word_1_520' title='bbox 2339 3847 2456 3899; x_wconf 86' lang='grc' dir='ltr'>ἐστι</span> <span class='ocrx_word' id='word_1_521' title='bbox 2493 3849 2723 3918; x_wconf 83' lang='grc' dir='ltr'>μοναχὸς</span> <span class='ocrx_word' id='word_1_522' title='bbox 2755 3849 2974 3920; x_wconf 80' lang='grc' dir='ltr'>ἄριστος</span> <span class='ocrx_word' id='word_1_523' title='bbox 3004 3852 3215 3916; x_wconf 81' lang='grc' dir='ltr'><strong>Παῦλος</strong></span> <span class='ocrx_word' id='word_1_524' title='bbox 3251 3855 3615 3926; x_wconf 76' lang='grc' dir='ltr'>καλούμενος,</span> <span class='ocrx_word' id='word_1_525' title='bbox 3645 3859 3704 3922; x_wconf 82' lang='grc' dir='ltr'>ὃς</span> <span class='ocrx_word' id='word_1_526' title='bbox 3743 3861 3793 3910; x_wconf 84' lang='grc' dir='ltr'>ὲν</span> 
     </span>
    </p>
   </div>
   <div class='ocr_carea' id='block_1_68' title="bbox 2223 3938 3791 4016">
    <p class='ocr_par' dir='ltr' id='par_1_68' title="bbox 2223 3938 3791 4016">
     <span class='ocr_line' id='line_1_70' title="bbox 2223 3938 3791 4016; baseline 0.008 -28"><span class='ocrx_word' id='word_1_527' title='bbox 2223 3938 2387 3990; x_wconf 63' lang='grc' dir='ltr'><strong>’παντὶ⁹</strong></span> <span class='ocrx_word' id='word_1_528' title='bbox 2431 3939 2509 4009; x_wconf 81' lang='grc' dir='ltr'>τῷ</span> <span class='ocrx_word' id='word_1_529' title='bbox 2537 3939 2713 4010; x_wconf 86' lang='grc' dir='ltr'>χρόνῳ</span> <span class='ocrx_word' id='word_1_530' title='bbox 2745 3940 2908 3994; x_wconf 80' lang='grc' dir='ltr'><strong>αὑτοῦ</strong></span> <span class='ocrx_word' id='word_1_531' title='bbox 2950 3941 3155 4013; x_wconf 86' lang='grc' dir='ltr'>ταύτην</span> <span class='ocrx_word' id='word_1_532' title='bbox 3195 3939 3308 4014; x_wconf 82' lang='grc' dir='ltr'>εἶχε</span> <span class='ocrx_word' id='word_1_533' title='bbox 3353 3946 3452 4016; x_wconf 81' lang='grc' dir='ltr'><strong>τὴν</strong></span> <span class='ocrx_word' id='word_1_534' title='bbox 3485 3948 3791 4002; x_wconf 79' lang='grc' dir='ltr'>πολιτείαν·</span> 
     </span>
    </p>
   </div>
   <div class='ocr_carea' id='block_1_69' title="bbox 2221 4028 3796 4105">
    <p class='ocr_par' dir='ltr' id='par_1_69' title="bbox 2221 4028 3796 4105">
     <span class='ocr_line' id='line_1_71' title="bbox 2221 4028 3796 4105; baseline 0.007 -26"><span class='ocrx_word' id='word_1_535' title='bbox 2221 4028 2323 4080; x_wconf 83' lang='grc' dir='ltr'>οὐκ</span> <span class='ocrx_word' id='word_1_536' title='bbox 2366 4029 2526 4099; x_wconf 76' lang='grc' dir='ltr'><strong>ἔργου</strong></span> <span class='ocrx_word' id='word_1_537' title='bbox 2566 4030 2741 4100; x_wconf 75' lang='grc' dir='ltr'><strong>ἧψατὸ</strong></span> <span class='ocrx_word' id='word_1_538' title='bbox 2779 4049 2931 4093; x_wconf 87' lang='grc' dir='ltr'>ποτε,</span> <span class='ocrx_word' id='word_1_539' title='bbox 2967 4034 3026 4085; x_wconf 80' lang='grc' dir='ltr'><strong>οὐ</strong></span> <span class='ocrx_word' id='word_1_540' title='bbox 3071 4036 3450 4105; x_wconf 79' lang='grc' dir='ltr'><strong>πραγματείας</strong></span> <span class='ocrx_word' id='word_1_541' title='bbox 3497 4040 3672 4102; x_wconf 80' lang='grc' dir='ltr'>τινός,</span> <span class='ocrx_word' id='word_1_542' title='bbox 3708 4041 3796 4092; x_wconf 73' lang='grc' dir='ltr'><strong>οὐκ</strong></span> 
     </span>
    </p>
   </div>
   <div class='ocr_carea' id='block_1_70' title="bbox 2223 4120 3794 4203">
    <p class='ocr_par' dir='ltr' id='par_1_70' title="bbox 2223 4120 3794 4203">
     <span class='ocr_line' id='line_1_72' title="bbox 2223 4120 3794 4203; baseline 0.007 -30"><span class='ocrx_word' id='word_1_543' title='bbox 2223 4120 2382 4174; x_wconf 80' lang='grc' dir='ltr'><strong>ἐλαὸε</strong></span> <span class='ocrx_word' id='word_1_544' title='bbox 2435 4123 2584 4192; x_wconf 83' lang='grc' dir='ltr'>παρά</span> <span class='ocrx_word' id='word_1_545' title='bbox 2630 4140 2773 4186; x_wconf 85' lang='grc' dir='ltr'>τινος</span> <span class='ocrx_word' id='word_1_546' title='bbox 2811 4123 3031 4176; x_wconf 83' lang='grc' dir='ltr'>πώποτε</span> <span class='ocrx_word' id='word_1_547' title='bbox 3079 4129 3352 4198; x_wconf 80' lang='grc' dir='ltr'><strong>παρεκτὸς</strong></span> <span class='ocrx_word' id='word_1_548' title='bbox 3391 4129 3420 4182; x_wconf 87' lang='grc' dir='ltr'><strong>ὂ</strong></span> <span class='ocrx_word' id='word_1_549' title='bbox 3465 4133 3529 4183; x_wconf 87' lang='grc' dir='ltr'>ὲν</span> <span class='ocrx_word' id='word_1_550' title='bbox 3565 4134 3708 4203; x_wconf 75' lang='grc' dir='ltr'><strong>αὐτῇ</strong></span> <span class='ocrx_word' id='word_1_551' title='bbox 3736 4134 3794 4200; x_wconf 71' lang='grc' dir='ltr'>τῇ</span> 
     </span>
    </p>
   </div>
   <div class='ocr_carea' id='block_1_71' title="bbox 2223 4213 3798 4294">
    <p class='ocr_par' dir='ltr' id='par_1_71' title="bbox 2223 4213 3798 4294">
     <span class='ocr_line' id='line_1_73' title="bbox 2223 4213 3798 4294; baseline 0.009 -31"><span class='ocrx_word' id='word_1_552' title='bbox 2223 4213 2406 4283; x_wconf 78' lang='grc' dir='ltr'>ἡμέρᾳ</span> <span class='ocrx_word' id='word_1_553' title='bbox 2436 4213 2636 4266; x_wconf 81' lang='grc' dir='ltr'>ἐσθίειν</span> <span class='ocrx_word' id='word_1_554' title='bbox 2669 4214 2909 4284; x_wconf 76' lang='grc' dir='ltr'><strong>ἔμελλεν.</strong></span> <span class='ocrx_word' id='word_1_555' title='bbox 2939 4216 3097 4288; x_wconf 76' lang='grc' dir='ltr'><strong>ἔργον</strong></span> <span class='ocrx_word' id='word_1_556' title='bbox 3119 4219 3175 4272; x_wconf 82' lang='grc' dir='ltr'><strong>δὲ</strong></span> <span class='ocrx_word' id='word_1_557' title='bbox 3204 4220 3367 4274; x_wconf 79' lang='grc' dir='ltr'>αὑτοῦ</span> <span class='ocrx_word' id='word_1_558' title='bbox 3390 4223 3490 4292; x_wconf 82' lang='grc' dir='ltr'>τῆς</span> <span class='ocrx_word' id='word_1_559' title='bbox 3513 4225 3798 4294; x_wconf 77' lang='grc' dir='ltr'>ἀσκήσεως</span> 
     </span>
    </p>
   </div>
   <div class='ocr_carea' id='block_1_72' title="bbox 2225 4303 3794 4381">
    <p class='ocr_par' dir='ltr' id='par_1_72' title="bbox 2225 4303 3794 4381">
     <span class='ocr_line' id='line_1_74' title="bbox 2225 4303 3794 4381; baseline 0.006 -27"><span class='ocrx_word' id='word_1_560' title='bbox 2225 4303 2448 4371; x_wconf 84' lang='grc' dir='ltr'><strong>γέγονεν</strong></span> <span class='ocrx_word' id='word_1_561' title='bbox 2485 4305 2548 4357; x_wconf 80' lang='grc' dir='ltr'><strong>τὸ</strong></span> <span class='ocrx_word' id='word_1_562' title='bbox 2588 4305 2948 4371; x_wconf 77' lang='grc' dir='ltr'><strong>ἀδιαλείπτως</strong></span> <span class='ocrx_word' id='word_1_563' title='bbox 2984 4309 3402 4381; x_wconf 78' lang='grc' dir='ltr'>προσεύχεσθαι.</span> <span class='ocrx_word' id='word_1_564' title='bbox 3453 4309 3620 4378; x_wconf 76' lang='grc' dir='ltr'>οὗτος</span> <span class='ocrx_word' id='word_1_565' title='bbox 3653 4330 3794 4366; x_wconf 84' lang='grc' dir='ltr'>τετυ-</span> 
     </span>
    </p>
   </div>
   <div class='ocr_carea' id='block_1_73' title="bbox 2226 4396 3800 4475">
    <p class='ocr_par' dir='ltr' id='par_1_73' title="bbox 2226 4396 3800 4475">
     <span class='ocr_line' id='line_1_75' title="bbox 2226 4396 3800 4475; baseline 0.004 -26"><span class='ocrx_word' id='word_1_566' title='bbox 2226 4397 2484 4468; x_wconf 74' lang='grc' dir='ltr'>πωμένας</span> <span class='ocrx_word' id='word_1_567' title='bbox 2520 4396 2633 4468; x_wconf 85' lang='grc' dir='ltr'>εἶχε</span> <span class='ocrx_word' id='word_1_568' title='bbox 2666 4399 2764 4462; x_wconf 87' lang='grc' dir='ltr'><strong>τὰς</strong></span> <span class='ocrx_word' id='word_1_569' title='bbox 2797 4400 2959 4471; x_wconf 81' lang='grc' dir='ltr'>εὐχὰς</span> <span class='ocrx_word' id='word_1_570' title='bbox 2989 4405 3327 4473; x_wconf 80' lang='grc' dir='ltr'><strong>τριακοσίας,</strong></span> <span class='ocrx_word' id='word_1_571' title='bbox 3352 4404 3586 4475; x_wconf 69' lang='grc' dir='ltr'>ἠρίθμει</span> <span class='ocrx_word' id='word_1_572' title='bbox 3617 4406 3675 4458; x_wconf 82' lang='grc' dir='ltr'><strong>δὲ</strong></span> <span class='ocrx_word' id='word_1_573' title='bbox 3712 4405 3800 4457; x_wconf 75' lang='grc' dir='ltr'><strong>αὖ·</strong></span> 
     </span>
    </p>
   </div>
   <div class='ocr_carea' id='block_1_74' title="bbox 2224 4482 3802 4561">
    <p class='ocr_par' dir='ltr' id='par_1_74' title="bbox 2224 4482 3802 4561">
     <span class='ocr_line' id='line_1_76' title="bbox 2224 4482 3802 4561; baseline 0.003 -27"><span class='ocrx_word' id='word_1_574' title='bbox 2224 4482 2324 4545; x_wconf 79' lang='grc' dir='ltr'><strong>τὰς</strong></span> <span class='ocrx_word' id='word_1_575' title='bbox 2355 4482 2556 4546; x_wconf 78' lang='grc' dir='ltr'>οὕτως·</span> <span class='ocrx_word' id='word_1_576' title='bbox 2590 4483 2752 4539; x_wconf 85' lang='grc' dir='ltr'>λίθων</span> <span class='ocrx_word' id='word_1_577' title='bbox 2773 4485 2982 4556; x_wconf 72' lang='grc' dir='ltr'>ψήφους</span> <span class='ocrx_word' id='word_1_578' title='bbox 3013 4489 3258 4556; x_wconf 82' lang='grc' dir='ltr'>συνάγων</span> <span class='ocrx_word' id='word_1_579' title='bbox 3297 4490 3390 4542; x_wconf 73' lang='grc' dir='ltr'><strong>καὶ</strong></span> <span class='ocrx_word' id='word_1_580' title='bbox 3418 4491 3476 4542; x_wconf 83' lang='grc' dir='ltr'>ὲν</span> <span class='ocrx_word' id='word_1_581' title='bbox 3511 4490 3599 4561; x_wconf 81' lang='grc' dir='ltr'><strong>τῷ</strong></span> <span class='ocrx_word' id='word_1_582' title='bbox 3631 4491 3802 4558; x_wconf 75' lang='grc' dir='ltr'>κόλπῳ</span> 
     </span>
    </p>
   </div>
   <div class='ocr_carea' id='block_1_75' title="bbox 2227 4573 3802 4652">
    <p class='ocr_par' dir='ltr' id='par_1_75' title="bbox 2227 4573 3802 4652">
     <span class='ocr_line' id='line_1_77' title="bbox 2227 4573 3802 4652; baseline 0.004 -26"><span class='ocrx_word' id='word_1_583' title='bbox 2227 4573 2492 4643; x_wconf 83' lang='grc' dir='ltr'>κατέχων,</span> <span class='ocrx_word' id='word_1_584' title='bbox 2534 4575 2654 4629; x_wconf 85' lang='grc' dir='ltr'>καθ’</span> <span class='ocrx_word' id='word_1_585' title='bbox 2687 4577 2924 4647; x_wconf 80' lang='grc' dir='ltr'>ἑκάστην</span> <span class='ocrx_word' id='word_1_586' title='bbox 2957 4579 3122 4649; x_wconf 79' lang='grc' dir='ltr'>εὐχὴν</span> <span class='ocrx_word' id='word_1_587' title='bbox 3152 4581 3356 4649; x_wconf 75' lang='grc' dir='ltr'>ῥίπτων</span> <span class='ocrx_word' id='word_1_588' title='bbox 3389 4580 3583 4650; x_wconf 72' lang='grc' dir='ltr'>ψῆφον</span> <span class='ocrx_word' id='word_1_589' title='bbox 3609 4584 3742 4652; x_wconf 83' lang='grc' dir='ltr'>μίαν</span> <span class='ocrx_word' id='word_1_590' title='bbox 3765 4584 3802 4633; x_wconf 70' lang='grc'><strong>⁸.</strong></span> 
     </span>
    </p>
   </div>
   <div class='ocr_carea' id='block_1_76' title="bbox 2223 4659 3804 4740">
    <p class='ocr_par' dir='ltr' id='par_1_76' title="bbox 2223 4659 3804 4740">
     <span class='ocr_line' id='line_1_78' title="bbox 2223 4659 3804 4740; baseline 0.004 -24"><span class='ocrx_word' id='word_1_591' title='bbox 2223 4659 2378 4727; x_wconf 70' lang='grc' dir='ltr'>οὗτος</span> <span class='ocrx_word' id='word_1_592' title='bbox 2402 4665 2431 4716; x_wconf 89' lang='grc' dir='ltr'>ὁ</span> <span class='ocrx_word' id='word_1_593' title='bbox 2454 4665 2549 4718; x_wconf 76' lang='grc' dir='ltr'><strong>τοῦ</strong></span> <span class='ocrx_word' id='word_1_594' title='bbox 2571 4666 2706 4720; x_wconf 79' lang='grc' dir='ltr'><strong>Θεοῦ</strong></span> <span class='ocrx_word' id='word_1_595' title='bbox 2731 4669 3014 4740; x_wconf 80' lang='grc' dir='ltr'>ἄνθρωπος</span> <span class='ocrx_word' id='word_1_596' title='bbox 3040 4671 3225 4723; x_wconf 69' lang='grc' dir='ltr'>ἕνεκεν</span> <span class='ocrx_word' id='word_1_597' title='bbox 3251 4671 3525 4739; x_wconf 65' lang='grc' dir='ltr'>ὡφελείας</span> <span class='ocrx_word' id='word_1_598' title='bbox 3560 4675 3661 4726; x_wconf 77' lang='grc' dir='ltr'>καὶ</span> <span class='ocrx_word' id='word_1_599' title='bbox 3691 4691 3804 4725; x_wconf 81' lang='grc' dir='ltr'>συν-</span> 
     </span>
    </p>
   </div>
   <div class='ocr_carea' id='block_1_77' title="bbox 2223 4757 3808 4836">
    <p class='ocr_par' dir='ltr' id='par_1_77' title="bbox 2223 4757 3808 4836">
     <span class='ocr_line' id='line_1_79' title="bbox 2223 4757 3808 4836; baseline 0.006 -28"><span class='ocrx_word' id='word_1_600' title='bbox 2223 4757 2412 4826; x_wconf 88' lang='grc' dir='ltr'>τυχίας</span> <span class='ocrx_word' id='word_1_601' title='bbox 2437 4761 2819 4830; x_wconf 78' lang='grc' dir='ltr'>πνευματικῆς</span> <span class='ocrx_word' id='word_1_602' title='bbox 2850 4761 3125 4831; x_wconf 77' lang='grc' dir='ltr'><strong>παρέϐαλε</strong></span> <span class='ocrx_word' id='word_1_603' title='bbox 3149 4761 3226 4832; x_wconf 83' lang='grc' dir='ltr'>τῷ</span> <span class='ocrx_word' id='word_1_604' title='bbox 3248 4763 3386 4834; x_wconf 85' lang='grc' dir='ltr'>ἁγίῳ</span> <span class='ocrx_word' id='word_1_605' title='bbox 3418 4765 3714 4836; x_wconf 83' lang='grc' dir='ltr'>Μακαρίῳ</span> <span class='ocrx_word' id='word_1_606' title='bbox 3739 4764 3808 4833; x_wconf 84' lang='grc' dir='ltr'><strong>τῷ</strong></span> 
     </span>
    </p>
   </div>
   <div class='ocr_carea' id='block_1_78' title="bbox 2224 4848 3806 4926">
    <p class='ocr_par' dir='ltr' id='par_1_78' title="bbox 2224 4848 3806 4926">
     <span class='ocr_line' id='line_1_80' title="bbox 2224 4848 3806 4926; baseline 0.004 -26"><span class='ocrx_word' id='word_1_607' title='bbox 2224 4848 2503 4918; x_wconf 80' lang='grc' dir='ltr'>πολιτικῷ,</span> <span class='ocrx_word' id='word_1_608' title='bbox 2539 4851 2634 4903; x_wconf 77' lang='grc' dir='ltr'>καὶ</span> <span class='ocrx_word' id='word_1_609' title='bbox 2665 4850 2812 4919; x_wconf 82' lang='grc' dir='ltr'><strong>λέγει</strong></span> <span class='ocrx_word' id='word_1_610' title='bbox 2838 4851 2984 4923; x_wconf 82' lang='grc' dir='ltr'><strong>αὐτῷ</strong></span> <span class='ocrx_word' id='word_1_611' title='bbox 3006 4869 3020 4882; x_wconf 77' lang='grc' dir='ltr'>ο</span> <span class='ocrx_word' id='word_1_612' title='bbox 3059 4853 3202 4906; x_wconf 84' lang='grc' dir='ltr'><strong>ἀ66ἄ</strong></span> <span class='ocrx_word' id='word_1_613' title='bbox 3235 4856 3521 4926; x_wconf 85' lang='grc' dir='ltr'>Μακάριε,</span> <span class='ocrx_word' id='word_1_614' title='bbox 3556 4857 3806 4926; x_wconf 79' lang='grc' dir='ltr'><strong>Θλίὸομσι</strong></span> 
     </span>
    </p>
   </div>
   <div class='ocr_carea' id='block_1_79' title="bbox 2227 4939 3810 5019">
    <p class='ocr_par' dir='ltr' id='par_1_79' title="bbox 2227 4939 3810 5019">
     <span class='ocr_line' id='line_1_81' title="bbox 2227 4939 3810 5019; baseline 0.004 -29"><span class='ocrx_word' id='word_1_615' title='bbox 2227 4939 2460 5010; x_wconf 77' lang='grc' dir='ltr'><strong>σφόδρα·</strong></span> <span class='ocrx_word' id='word_1_616' title='bbox 2504 4941 2597 4993; x_wconf 71' lang='grc' dir='ltr'>καὶ</span> <span class='ocrx_word' id='word_1_617' title='bbox 2626 4942 2937 5010; x_wconf 71' lang='grc' dir='ltr'>ἠνάγκασεν</span> <span class='ocrx_word' id='word_1_618' title='bbox 2961 4943 3120 4996; x_wconf 82' lang='grc' dir='ltr'>αὐτὸν</span> <span class='ocrx_word' id='word_1_619' title='bbox 3150 4943 3194 4976; x_wconf 89' lang='lat'><strong>&#39;°</strong></span> <span class='ocrx_word' id='word_1_620' title='bbox 3223 4945 3416 5009; x_wconf 83' lang='grc' dir='ltr'>εἰπεῖν,</span> <span class='ocrx_word' id='word_1_621' title='bbox 3443 4946 3516 4999; x_wconf 76' lang='grc' dir='ltr'><strong>δι’</strong></span> <span class='ocrx_word' id='word_1_622' title='bbox 3542 4949 3616 5019; x_wconf 82' lang='grc' dir='ltr'>ῆν</span> <span class='ocrx_word' id='word_1_623' title='bbox 3640 4949 3810 5000; x_wconf 76' lang='grc' dir='ltr'>αἰτίαν</span> 
     </span>
    </p>
   </div>
   <div class='ocr_carea' id='block_1_80' title="bbox 2225 5031 3809 5110">
    <p class='ocr_par' dir='ltr' id='par_1_80' title="bbox 2225 5031 3809 5110">
     <span class='ocr_line' id='line_1_82' title="bbox 2225 5031 3809 5110; baseline 0.004 -27"><span class='ocrx_word' id='word_1_624' title='bbox 2225 5031 2496 5084; x_wconf 85' lang='grc' dir='ltr'>λυπεῖται.</span> <span class='ocrx_word' id='word_1_625' title='bbox 2533 5035 2561 5084; x_wconf 90' lang='grc' dir='ltr'>ὁ</span> <span class='ocrx_word' id='word_1_626' title='bbox 2593 5033 2649 5085; x_wconf 85' lang='grc' dir='ltr'>δὲ</span> <span class='ocrx_word' id='word_1_627' title='bbox 2687 5033 2832 5101; x_wconf 80' lang='grc' dir='ltr'><strong>λέγει</strong></span> <span class='ocrx_word' id='word_1_628' title='bbox 2878 5035 3056 5105; x_wconf 80' lang='grc' dir='ltr'>αὐτῷ·</span> <span class='ocrx_word' id='word_1_629' title='bbox 3089 5037 3146 5089; x_wconf 80' lang='grc' dir='ltr'><strong>ἐν</strong></span> <span class='ocrx_word' id='word_1_630' title='bbox 3193 5037 3351 5108; x_wconf 81' lang='grc' dir='ltr'>κώμῃ</span> <span class='ocrx_word' id='word_1_631' title='bbox 3392 5040 3505 5091; x_wconf 68' lang='grc' dir='ltr'>τινὶ</span> <span class='ocrx_word' id='word_1_632' title='bbox 3543 5040 3809 5110; x_wconf 80' lang='grc' dir='ltr'><strong>παρθένος</strong></span> 
     </span>
    </p>
   </div>
   <div class='ocr_carea' id='block_1_81' title="bbox 2224 5123 3811 5199">
    <p class='ocr_par' dir='ltr' id='par_1_81' title="bbox 2224 5123 3811 5199">
     <span class='ocr_line' id='line_1_83' title="bbox 2224 5123 3811 5199; baseline 0.009 -29"><span class='ocrx_word' id='word_1_633' title='bbox 2224 5140 2307 5185; x_wconf 83' lang='grc' dir='ltr'><strong>τις</strong></span> <span class='ocrx_word' id='word_1_634' title='bbox 2341 5123 2380 5153; x_wconf 75' lang='grc'>⁸⁸</span> <span class='ocrx_word' id='word_1_635' title='bbox 2413 5127 2678 5188; x_wconf 79' lang='grc' dir='ltr'>κατοικεῖ,</span> <span class='ocrx_word' id='word_1_636' title='bbox 2725 5127 3045 5195; x_wconf 75' lang='grc' dir='ltr'>τριακοστὸν</span> <span class='ocrx_word' id='word_1_637' title='bbox 3076 5127 3195 5191; x_wconf 76' lang='grc' dir='ltr'>ἔτος</span> <span class='ocrx_word' id='word_1_638' title='bbox 3223 5129 3324 5199; x_wconf 72' lang='grc' dir='ltr'><strong>ἤδη</strong></span> <span class='ocrx_word' id='word_1_639' title='bbox 3349 5129 3562 5198; x_wconf 76' lang='grc' dir='ltr'>ἔχουσα</span> <span class='ocrx_word' id='word_1_640' title='bbox 3617 5133 3811 5184; x_wconf 79' lang='grc' dir='ltr'>ἀσκου-</span> 
     </span>
    </p>
   </div>
   <div class='ocr_carea' id='block_1_82' title="bbox 2229 5213 3814 5293">
    <p class='ocr_par' dir='ltr' id='par_1_82' title="bbox 2229 5213 3814 5293">
     <span class='ocr_line' id='line_1_84' title="bbox 2229 5213 3814 5293; baseline 0.003 -24"><span class='ocrx_word' id='word_1_641' title='bbox 2229 5218 2387 5287; x_wconf 82' lang='grc' dir='ltr'>μένη,</span> <span class='ocrx_word' id='word_1_642' title='bbox 2431 5219 2558 5288; x_wconf 76' lang='grc' dir='ltr'>περὶ</span> <span class='ocrx_word' id='word_1_643' title='bbox 2580 5213 2649 5291; x_wconf 83' lang='grc' dir='ltr'>ἦς</span> <span class='ocrx_word' id='word_1_644' title='bbox 2692 5236 2781 5288; x_wconf 86' lang='grc' dir='ltr'><strong>μοι</strong></span> <span class='ocrx_word' id='word_1_645' title='bbox 2809 5220 2993 5272; x_wconf 81' lang='grc' dir='ltr'>πολλοὶ</span> <span class='ocrx_word' id='word_1_646' title='bbox 3034 5222 3380 5292; x_wconf 86' lang='grc' dir='ltr'><strong>διηγήσαντο,</strong></span> <span class='ocrx_word' id='word_1_647' title='bbox 3410 5224 3498 5275; x_wconf 83' lang='grc' dir='ltr'><strong>ὅτι</strong></span> <span class='ocrx_word' id='word_1_648' title='bbox 3536 5224 3814 5293; x_wconf 79' lang='grc' dir='ltr'>παρεκτὸς</span> 
     </span>
    </p>
   </div>
   <div class='ocr_carea' id='block_1_83' title="bbox 2227 5309 3812 5385">
    <p class='ocr_par' dir='ltr' id='par_1_83' title="bbox 2227 5309 3812 5385">
     <span class='ocr_line' id='line_1_85' title="bbox 2227 5309 3812 5385; baseline 0.003 -24"><span class='ocrx_word' id='word_1_649' title='bbox 2227 5309 2498 5362; x_wconf 75' lang='grc' dir='ltr'>σαϐϐάτου</span> <span class='ocrx_word' id='word_1_650' title='bbox 2528 5311 2623 5363; x_wconf 75' lang='grc' dir='ltr'>καὶ</span> <span class='ocrx_word' id='word_1_651' title='bbox 2666 5314 2939 5382; x_wconf 81' lang='grc' dir='ltr'>κυριακῆς</span> <span class='ocrx_word' id='word_1_652' title='bbox 2967 5313 3223 5366; x_wconf 78' lang='grc' dir='ltr'>οὐδέποτε</span> <span class='ocrx_word' id='word_1_653' title='bbox 3254 5314 3423 5366; x_wconf 76' lang='grc' dir='ltr'>ἐσθίει</span> <span class='ocrx_word' id='word_1_654' title='bbox 3459 5315 3654 5385; x_wconf 83' lang='grc' dir='ltr'><strong>ἄλλην</strong></span> <span class='ocrx_word' id='word_1_655' title='bbox 3679 5315 3812 5385; x_wconf 78' lang='grc' dir='ltr'><strong>ἡμέ-</strong></span> 
     </span>
    </p>
   </div>
   <div class='ocr_carea' id='block_1_84' title="bbox 2233 5400 3813 5474">
    <p class='ocr_par' dir='ltr' id='par_1_84' title="bbox 2233 5400 3813 5474">
     <span class='ocr_line' id='line_1_86' title="bbox 2233 5400 3813 5474; baseline 0.003 -21"><span class='ocrx_word' id='word_1_656' title='bbox 2233 5417 2352 5471; x_wconf 82' lang='grc' dir='ltr'>ραν,</span> <span class='ocrx_word' id='word_1_657' title='bbox 2383 5400 2519 5454; x_wconf 81' lang='grc' dir='ltr'><strong>ἀλλὰ</strong></span> <span class='ocrx_word' id='word_1_658' title='bbox 2544 5401 2632 5453; x_wconf 82' lang='grc' dir='ltr'>τὸν</span> <span class='ocrx_word' id='word_1_659' title='bbox 2655 5401 2943 5472; x_wconf 85' lang='grc' dir='ltr'>σύμπαντα</span> <span class='ocrx_word' id='word_1_660' title='bbox 2967 5404 3154 5474; x_wconf 83' lang='grc' dir='ltr'>χρόνον</span> <span class='ocrx_word' id='word_1_661' title='bbox 3180 5406 3411 5459; x_wconf 70' lang='grc' dir='ltr'>ἕλκουσα</span> <span class='ocrx_word' id='word_1_662' title='bbox 3436 5407 3551 5468; x_wconf 79' lang='grc' dir='ltr'><strong>τὰς</strong></span> <span class='ocrx_word' id='word_1_663' title='bbox 3581 5407 3813 5474; x_wconf 74' lang='grc' dir='ltr'><strong>ἑϐδομά-</strong></span> 
     </span>
    </p>
   </div>
   <div class='ocr_carea' id='block_1_85' title="bbox 2231 5490 3817 5568">
    <p class='ocr_par' dir='ltr' id='par_1_85' title="bbox 2231 5490 3817 5568">
     <span class='ocr_line' id='line_1_87' title="bbox 2231 5490 3817 5568; baseline 0.006 -26"><span class='ocrx_word' id='word_1_664' title='bbox 2231 5490 2343 5552; x_wconf 85' lang='grc' dir='ltr'>δας,</span> <span class='ocrx_word' id='word_1_665' title='bbox 2380 5491 2467 5544; x_wconf 76' lang='grc' dir='ltr'><strong>διὰ</strong></span> <span class='ocrx_word' id='word_1_666' title='bbox 2501 5492 2660 5546; x_wconf 83' lang='grc' dir='ltr'>πέντε</span> <span class='ocrx_word' id='word_1_667' title='bbox 2694 5495 2916 5564; x_wconf 73' lang='grc' dir='ltr'>ἡμερῶν</span> <span class='ocrx_word' id='word_1_668' title='bbox 2948 5494 3224 5562; x_wconf 78' lang='grc' dir='ltr'>ἐσθίουσα,</span> <span class='ocrx_word' id='word_1_669' title='bbox 3260 5501 3405 5551; x_wconf 86' lang='grc' dir='ltr'>ποιεῖ</span> <span class='ocrx_word' id='word_1_670' title='bbox 3436 5499 3626 5568; x_wconf 78' lang='grc' dir='ltr'>εὐχὰς</span> <span class='ocrx_word' id='word_1_671' title='bbox 3662 5500 3817 5552; x_wconf 81' lang='grc' dir='ltr'>ἑπτα-</span> 
     </span>
    </p>
   </div>
   <div class='ocr_carea' id='block_1_86' title="bbox 1825 5618 2518 5676">
    <p class='ocr_par' dir='ltr' id='par_1_86' title="bbox 1825 5618 2518 5676">
     <span class='ocr_line' id='line_1_88' title="bbox 1825 5618 2518 5676; baseline 0 0"><span class='ocrx_word' id='word_1_672' title='bbox 1825 5619 2082 5676; x_wconf 83' lang='lat' dir='ltr'><strong>VARIAE</strong></span> <span class='ocrx_word' id='word_1_673' title='bbox 2115 5618 2518 5676; x_wconf 75' lang='lat' dir='ltr'><strong>LECTIONES.</strong></span> 
     </span>
    </p>
   </div>
   <div class='ocr_carea' id='block_1_87' title="bbox 625 5713 3816 5792">
    <p class='ocr_par' dir='ltr' id='par_1_87' title="bbox 625 5713 3816 5792">
     <span class='ocr_line' id='line_1_89' title="bbox 625 5713 3816 5792; baseline 0.003 -21"><span class='ocrx_word' id='word_1_674' title='bbox 625 5719 647 5748; x_wconf 84' lang='lat'><strong>&#39;</strong></span> <span class='ocrx_word' id='word_1_675' title='bbox 688 5717 778 5773; x_wconf 85' lang='lat' dir='ltr'><strong>Sic</strong></span> <span class='ocrx_word' id='word_1_676' title='bbox 809 5719 887 5792; x_wconf 15' lang='lat' dir='ltr'><strong>Ar;</strong></span> <span class='ocrx_word' id='word_1_677' title='bbox 918 5721 956 5771; x_wconf 86' lang='grc' dir='ltr'><strong>Β</strong></span> <span class='ocrx_word' id='word_1_678' title='bbox 987 5720 1344 5792; x_wconf 16' lang='grc' dir='ltr'>περὶᾲπαύλου</span> <span class='ocrx_word' id='word_1_679' title='bbox 1371 5720 1466 5792; x_wconf 61' lang='grc' dir='ltr'><strong>τοῦ</strong></span> <span class='ocrx_word' id='word_1_680' title='bbox 1505 5721 1565 5771; x_wconf 82' lang='grc' dir='ltr'>ὲκ</span> <span class='ocrx_word' id='word_1_681' title='bbox 1598 5720 1696 5792; x_wconf 77' lang='grc' dir='ltr'>τῆς</span> <span class='ocrx_word' id='word_1_682' title='bbox 1728 5718 1944 5792; x_wconf 70' lang='grc' dir='ltr'><strong>φέρμης</strong></span> <span class='ocrx_word' id='word_1_683' title='bbox 1979 5713 2318 5792; x_wconf 67' lang='grc' dir='ltr'>ὁρμωμένου.</span> <span class='ocrx_word' id='word_1_684' title='bbox 2396 5717 2417 5747; x_wconf 81' lang='grc'><strong>⁸</strong></span> <span class='ocrx_word' id='word_1_685' title='bbox 2455 5719 2632 5786; x_wconf 67' lang='lat' dir='ltr'><strong>Corn,</strong></span> <span class='ocrx_word' id='word_1_686' title='bbox 2663 5724 2703 5772; x_wconf 80' lang='grc' dir='ltr'><strong>Δ</strong></span> <span class='ocrx_word' id='word_1_687' title='bbox 2734 5722 2831 5791; x_wconf 82' lang='grc' dir='ltr'>τὴν</span> <span class='ocrx_word' id='word_1_688' title='bbox 2863 5722 3117 5789; x_wconf 79' lang='grc' dir='ltr'>σκήτην,</span> <span class='ocrx_word' id='word_1_689' title='bbox 3159 5723 3199 5775; x_wconf 81' lang='grc' dir='ltr'><strong>Β</strong></span> <span class='ocrx_word' id='word_1_690' title='bbox 3234 5722 3340 5792; x_wconf 77' lang='grc' dir='ltr'>τῆς</span> <span class='ocrx_word' id='word_1_691' title='bbox 3366 5724 3649 5792; x_wconf 65' lang='lat' dir='ltr'><strong>canitur.</strong></span> <span class='ocrx_word' id='word_1_692' title='bbox 3724 5726 3744 5757; x_wconf 81' lang='lat'><strong>’</strong></span> <span class='ocrx_word' id='word_1_693' title='bbox 3779 5721 3816 5775; x_wconf 76' lang='grc' dir='ltr'><strong>Β</strong></span> 
     </span>
    </p>
   </div>
   <div class='ocr_carea' id='block_1_88' title="bbox 569 5784 2155 5858">
    <p class='ocr_par' dir='ltr' id='par_1_88' title="bbox 569 5784 2155 5858">
     <span class='ocr_line' id='line_1_90' title="bbox 569 5784 2155 5858; baseline -0.002 -17"><span class='ocrx_word' id='word_1_694' title='bbox 569 5785 777 5854; x_wconf 78' lang='grc' dir='ltr'>ῥίπτων</span> <span class='ocrx_word' id='word_1_695' title='bbox 801 5791 944 5857; x_wconf 73' lang='grc' dir='ltr'>μίαν</span> <span class='ocrx_word' id='word_1_696' title='bbox 970 5784 1222 5858; x_wconf 45' lang='lat' dir='ltr'><strong>vapida.</strong></span> <span class='ocrx_word' id='word_1_697' title='bbox 1299 5791 1338 5820; x_wconf 80' lang='grc'><strong>¹⁰</strong></span> <span class='ocrx_word' id='word_1_698' title='bbox 1379 5790 1418 5842; x_wconf 84' lang='grc' dir='ltr'>Β</span> <span class='ocrx_word' id='word_1_699' title='bbox 1444 5784 1679 5843; x_wconf 62' lang='grc' dir='ltr'><strong>ἑαυτὸιὲ⁸</strong></span> <span class='ocrx_word' id='word_1_700' title='bbox 1743 5784 1814 5818; x_wconf 46' lang='grc'><strong>“¹¹“</strong></span> <span class='ocrx_word' id='word_1_701' title='bbox 1838 5784 1927 5850; x_wconf 60' lang='grc' dir='ltr'><strong>τις</strong></span> <span class='ocrx_word' id='word_1_702' title='bbox 1954 5784 2062 5840; x_wconf 84' lang='lat' dir='ltr'><strong>om.</strong></span> <span class='ocrx_word' id='word_1_703' title='bbox 2096 5784 2155 5838; x_wconf 79' lang='grc' dir='ltr'><strong>Β.</strong></span> 
     </span>
    </p>
   </div>
  </div>
