3950 6554
191 397 277 452 ‘20!
1693 397 1898 454 ACTA.

3288 414 3401 472 9.02

191 517 372 574 κασίας,
397 509 488 562 καὶ
515 509 558 540 ⁸³
590 508 930 577 ἀπευδόκησα
957 508 1067 577 ἐγὼ
1094 508 1330 579 ἐμαυτοῦ
1355 509 1512 562 τοῦτο
1539 509 1711 579 μαθὼν

1828 511 1981 581 poris
2015 513 2224 568 viribus
2263 515 2616 581 instructum,
2660 519 2848 587 plures
2893 525 3152 581 trecentis
3190 529 3394 583 oratio-

186 603 521 673 λογιζόμενος,
552 601 634 652 ὅτι
673 602 813 670 ἀνὴρ
845 599 1210 670 δυνατώτερος
1247 602 1370 653 κατ’
1410 600 1624 670 ἐκείνην
1655 604 1720 671 τῇ

188 692 324 764 ῥώμῃ
348 687 437 742 τοῦ
469 686 722 758 σώματος
748 688 1168 760 δημιουργηθεὶς
1192 689 1332 760 ὑπὲρ
1369 689 1468 752 τὰς
1503 705 1723 760 τριακο-

186 785 292 846 σίας
324 780 484 850 εὐχὰς
510 781 611 833 οὐκ
644 780 916 852 ἠδυνήθην
941 780 1112 834 πλείω
1141 780 1366 850 ποιῆσαι
1398 780 1464 835 ¹³.
1496 781 1725 852 ἀποκρί-

181 888 310 925 νεται
333 870 476 939 αὑτῷ
509 872 536 923 6
563 872 716 938 ἂγιος
739 871 1025 941 Μακάριος
1048 871 1222 941 λέγων
1254 869 1402 942 αὐτῷ
1423 887 1436 901 ⁸
1463 870 1573 938 ἐγὼ
1603 872 1725 941 ἐξη-

181 961 349 1015 κοστὸν
390 960 508 1024 ἔτος
549 959 688 1030 ἔχω,
721 962 814 1030 ἀφ’
853 957 913 1016 οὗ
954 961 1290 1032 τεταγμένας
1323 961 1514 1015 ἑκατὸν
1559 962 1724 1032 εὐχὰς

178 1053 319 1114 ποιῶ,
363 1055 456 1105 κα)⁴
504 1052 572 1105 τὰ
620 1053 756 1125 πρὸς
799 1053 896 1124 τὴν
943 1053 1149 1124 τροφὴν
1196 1050 1561 1123 ἐργαζόμενος
1604 1055 1724 1132 ταῖς

179 1145 332 1216 χερσί,
368 1146 459 1197 καὶ
499 1147 612 1209 τοῖς
641 1145 889 1214 ἀδελφοῖς
920 1145 1018 1216 τὴν
1048 1145 1400 1214 ὀφειλομένην
1435 1135 1723 1212 συντυχίαν

176 1235 456 1300 ἀποδιδούς,
484 1239 578 1290 καὶ
605 1237 862 1308 οὐριρίνει
895 1255 962 1308 με
996 1236 1057 1290 τὸ
1091 1236 1334 1298 συνειδός
1372 1253 1471 1306 μου
1495 1235 1571 1297 ὼς
1590 1236 1724 1304 ἀμε-

177 1329 428 1398 λήσαντα·
472 1329 536 1382 σὺ
569 1329 625 1382 δὲ
660 1329 755 1400 [εἰ]
793 1330 836 1360 ’⁸
875 1331 1192 1402 τριακοσίας
1228 1327 1394 1398 εὐχὰς
1421 1327 1589 1380 ποιῶν
1620 1326 1724 1380 ὑπὸ

1828 605 1992 660 nibus
2047 605 2226 661 facere
2268 623 2375 662 non
2443 611 2703 678 potuisse.
2764 612 3124 684 lieSpondens
3173 629 3407 674 sanctus-

1831 696 2101 752 Macarius
2135 717 2147 752 :
2183 699 2314 770 Ego,
2359 701 2558 772 inquit,
2595 706 2992 774 sexagesimum
3036 723 3136 778 ago
3170 725 3406 777 annum,

1828 801 1893 840 ex
1942 803 2052 856 quo
2105 797 2340 844 statutas
2383 800 2602 846 centum
2655 795 2936 851 orationes
2977 796 3140 860 facio,
3201 814 3394 869 eaque,

1828 891 1969 945 quae
2022 889 2154 932 sunt
2197 879 2265 933 ad
2319 881 2652 937 alimentum
2691 887 3024 952 necessaria,
3079 889 3215 944 meis
3260 891 3394 944 mihi

1829 969 2082 1024 manibus
2106 985 2385 1040 comparo,
2409 988 2472 1027 ac
2497 973 2760 1030 fratribus
2789 977 3024 1032 debitam
3056 995 3142 1034 me
3159 980 3394 1036 adeundi

1828 1059 2038 1125 copiam
2072 1059 2259 1122 reddo,
2293 1077 2390 1114 nec
2422 1078 2508 1116 me
2538 1079 2659 1116 mea
2690 1066 3025 1121 conscientia
3056 1068 3260 1124 iudicat
3293 1086 3392 1125 ne-

1829 1147 2124 1217 gligentem
2157 1164 2297 1204 esse.
2335 1149 2415 1202 'l‘u
2444 1166 2593 1213 vero,
2621 1168 2787 1220 quum
2820 1161 3090 1210 trecentas
3119 1157 3395 1213 orationes

1829 1238 2036 1294 faciens
2083 1254 2112 1292 a
2158 1241 2493 1296 conscientia
2528 1243 2812 1309 iudicaris,
2856 1254 2948 1298 aut
2985 1263 3091 1300 non
3127 1264 3260 1317 pure
3299 1265 3394 1304 eas

1828 1338 1880 1384 te
1925 1331 2105 1386 facere
2153 1331 2361 1401 prodis,
2406 1342 2521 1398 aut,
2551 1337 2801 1403 quamvis
2851 1338 3035 1406 plures
3069 1338 3248 1395 facere
3275 1355 3395 1410 pos-

175 1418 254 1470 τοῦ
287 1418 580 1483 συνειδότος
607 1422 789 1492 κρίνῃ,
823 1421 980 1492 δῆλος
1006 1417 1057 1474 εἶ
1093 1421 1125 1490 ἢ
1162 1420 1415 1492 καθαρῶς
1445 1417 1614 1481 αὐτὰς
1647 1418 1711 1487 μὲ

1819 1421 1926 1487 ,sis,
1956 1436 2064 1474 non
2092 1419 2271 1476 facere

174 1509 462 1578 εὐχόμενος,
507 1509 543 1582 ἢ
589 1510 840 1576 πλείονας
871 1513 1166 1584 δυνάμενος
1213 1510 1468 1580 εὔχεσθαι
1505 1509 1599 1562 καὶ
1647 1507 1721 1579 μὴ

173 1617 337 1653 ποιων.

915 1736 978 1791 2.

2577 1753 2632 1806 2.

170 1870 290 1939 Περὶ
314 1871 615 1941 Εὐλογίου
648 1873 743 1950 aea}
771 1873 875 1950 τοῦ
893 1843 1427 1950 λελωϐημένου-καὶ
1455 1874 1567 1946 τῆς
1589 1880 1711 1947 κρί-

1825 1879 1905 1936 De
1935 1880 2162 1950 Eulogto
2196 1891 2245 1934 et
2281 1885 2558 1948 mutilata,
2597 1898 2646 1943 et
2686 1889 2749 1943 de
2793 1892 3098 1947 discrimine
3136 1910 3168 1946 a
3210 1905 3391 1950 sancto

441 1958 595 2008 σεως
630 1944 734 1996 τοῦ
764 1945 934 2013 ἁγίου
981 1944 1287 1999 Ἀντωνίου
1329 1947 1392 2000 ’⁸.

227 2115 240 2129 .
267 2112 280 2127 .
312 2111 327 2125 .
363 2115 377 2128 .
410 2074 605 2129 ἔστιδὲ
627 2078 951 2152 (τὸόροςτοῦ
975 2080 1132 2148 ἁγίου
1177 2082 1484 2152 Ἀντωνίου)
1513 2080 1713 2153 μεταξὺ

168 2164 465 2230 Βαὸυλῶνος
497 2169 590 2221 καὶ
648 2169 976 2240 Ἡρακλέους
1005 2174 1083 2233 εἰς
1115 2172 1213 2242 τὴν
1240 2172 1579 2242 πανέρημον,
1613 2173 1716 2245 τὴν

166 2255 412 2324 φέρουσαν
445 2259 586 2312 κατὰ
617 2260 716 2331 τὴν
753 2262 988 2332 ἐρυθρὰν
1023 2262 1315 2328 Θάλασσαν,
1348 2265 1420 2327 ὡς
1439 2266 1716 2336 ἀπὸτριά-

164 2365 308 2402 κοντα
344 2349 589 2418 σημείων
612 2350 705 2404 τοῦ
738 2353 1006 2423 ποταμοῦ.
1040 2353 1208 2408 ἐλθὼν
1239 2357 1319 2420 εἰς
1345 2356 1406 2409 τὸ
1441 2360 1714 2430 μοναστή-

168 2457 264 2508 ριον
286 2439 342 2491 τὸ
374 2440 536 2510 παρὰ
563 2442 653 2495 τὸν
681 2445 944 2514 ποταμόν,
971 2447 1026 2498 ἐν
1048 2439 1093 2514 ᾧ
1124 2450 1173 2501 οἱ
1205 2449 1445 2518 μαθηταὶ
1473 2451 1638 2504 αὑτοῦ
1666 2454 1709 2490 ⁸ο

165 2530 488 2597 ἐκαθέζοντο,
527 2534 606 2596 εἰς
654 2534 713 2586 τὸ
746 2534 1033 2607 λεγόμενον
1083 2539 1288 2610 Πίσπιρ
1330 2542 1394 2602 ³⁷,
1431 2543 1715 2614 Μακάριος

164 2622 245 2674 καὶ
288 2623 550 2692 Ἀμάτας,
598 2625 647 2677 οἳ
677 2627 772 2680 καλ⁸
816 2627 1018 2698 ἔθαψαν
1055 2631 1148 2684 τὸν
1196 2633 1464 2703 μακάριον
1520 2635 1717 2688 Ἀντὼ-

165 2729 259 2766 νιον
292 2715 331 2745 ’⁸
380 2715 743 2786 κοιμηθέντα,
788 2718 1116 2793 ἐξεδεξάμην
1157 2724 1369 2795 ἡμέρας
1415 2726 1598 2790 πέντε,
1627 2728 1716 2781 ἵνα

164 2804 386 2875 συντύχω
410 2806 494 2876 τῷ
524 2807 664 2877 ἁγίῳ
706 2809 992 2882 Ἀντωνίῳ.
1023 2812 1237 2881 ἐλέγετο
1258 2815 1314 2867 δέ
1351 2817 1714 2887 παραϐάλλειν

168 2895 310 2949 αὐτὸν
332 2896 410 2967 τῷ
449 2900 792 2970 μοναστηρίῳ
817 2901 991 2972 τούτῳ
1017 2906 1147 2958 ποτὲ
1176 2907 1272 2976 μὲν
1299 2909 1386 2962 διὰ
1405 2908 1472 2978 ιβ’
1496 2912 1560 2974 ¹⁹,
1584 2909 1715 2964 ποτὲ

162 2988 209 3039 δὲ
241 2990 322 3043 διὰ
347 2987 391 3042 κ’
425 2991 497 3052 ²⁰,
539 2993 670 3044 ποτὲ
704 2994 762 3046 δὲ
793 2994 880 3047 διὰ
918 3003 959 3048 ν’
997 2997 1037 3026 ²¹
1069 2999 1312 3069 ἡμερῶν,
1343 3001 1521 3064 καθὼς
1553 3003 1715 3056 αὑτὸν

164 3080 189 3130 6
214 3081 339 3143 Θεὸς
368 3083 468 3135 ἐπὶ
493 3084 780 3157 εὐεργεσίᾳ
804 3086 914 3138 τῶν
947 3092 1468 3160 παρατυγχανόντων
1497 3090 1630 3164 ἦγεν
1656 3098 1713 3148 ἐν

2400 1960 2627 2011 Antonio
2661 1960 2822 2027 facta.

1886 2083 1984 2140 Est
2015 2095 2195 2142 autem
2228 2089 2407 2158 (mons
2440 2088 2498 2144 S.
2529 2091 2776 2161 Antonii)
2810 2095 2951 2148 inter
2980 2095 3306 2166 Babylonem
3338 2109 3393 2155 et

1817 2178 2135 2232 Heracleam
2170 2181 2310 2235 situs
2346 2182 2399 2234 in
2441 2190 2595 2235 vasta
2641 2184 2960 2248 solitudine,
2991 2201 3130 2255 quae
3160 2189 3267 2243 fert
3323 2191 3392 2245 ad

1817 2284 1969 2324 mare
2006 2270 2255 2324 Rubrum
2309 2288 2372 2326 ac
2420 2273 2645 2342 triginta
2700 2274 2813 2330 fere
2856 2278 3107 2332 milliaria
3150 2281 3318 2336 distat
3359 2297 3391 2335 a

1816 2363 2004 2419 fluvio.
2067 2365 2147 2418 Ad
2215 2369 2606 2423 monasterium
2671 2371 2836 2440 igitur
2892 2389 3058 2442 quum
3117 2376 3390 2431 venissem

1818 2472 1986 2526 prope
2019 2458 2240 2512 fluvruni
2283 2461 2449 2514 situm
2490 2476 2553 2515 ac
2595 2462 2774 2532 l’ispir
2799 2475 3076 2531 vocatum,
3101 2468 3194 2522 ubi
3224 2468 3392 2523 disci-

1817 2550 1930 2618 puli
1966 2549 2086 2605 eius
2121 2551 2388 2606 sedebant
2422 2551 2694 2611 Macarius
2733 2565 2787 2611 et
2820 2557 3063 2622 Amatas,
3091 2560 3184 2630 qui
3227 2563 3390 2616 etiam

1818 2648 2068 2695 sanctum
2097 2642 2394 2697 Antonium
2421 2644 2740 2702 defunctum
2767 2650 3122 2718 sepelierunt,
3150 2653 3392 2722 quinque

1817 2733 2037 2796 diebus,
2083 2744 2142 2788 ut
2189 2746 2440 2790 sanctum
2481 2739 2783 2794 Antonium
2827 2743 3195 2804 convenirem,
3229 2759 3390 2812 expe-

1817 2826 1981 2877 ctavi.
2022 2823 2125 2889 Qui
2152 2825 2220 2878 ad
2266 2827 2371 2880 hoc
2405 2829 2802 2884 monasterium
2837 2831 2999 2885 modo
3025 2840 3146 2900 post
3175 2833 3387 2900 decem,

1817 2915 1980 2968 modo
2013 2926 2135 2984 post
2172 2919 2384 2988 viginti,
2419 2919 2692 2974 interdum
2731 2929 2787 2974 et
2826 2931 2948 2990 post
2988 2925 3388 2994 quinquaginta

1816 3005 1935 3061 dies
1965 3008 2224 3063 accedere
2254 3010 2560 3073 dicebatur,
2597 3021 2759 3080 prout
2789 3011 2931 3066 Deus
2963 3030 3084 3067 eum
3113 3025 3294 3084 ageret
3321 3017 3386 3069 ad

1819 3100 2252 3156 subveniendum
2302 3103 2390 3166 iis,
2427 3103 2520 3172 qui
2571 3119 2635 3157 eo
2674 3105 3023 3159 advenerant.
3054 3107 3213 3177 267
3240 3106 3388 3160 Varii

160 3167 224 3235 τῷ
273 3173 639 3244 μοναστηρίῳ.
683 3175 931 3247 διάφοροι
975 3174 1067 3232 οὖν
1109 3179 1452 3252 συνήχθημεν
1498 3183 1711 3254 ἀδελφοὶ

1819 3199 1999 3244 autem
2029 3192 2228 3248 fratres
2255 3194 2324 3248 ob
2349 3195 2529 3250 varias
2557 3197 2914 3251 necessitates
2933 3212 3384 3261 conveneramus,

159 3259 422 3333 διαφόρους
470 3265 683 3335 ἔχοντες
727 3268 935 3338 χρείας,
988 3270 1044 3322 ἐν
1078 3265 1159 3334 οἷς
1197 3274 1293 3325 καὶ
1326 3273 1582 3340 Εὺλόγιός
1628 3293 1713 3340 τις

160 3368 350 3409 κ.τ.Α.

259 3521 273 3536 .
315 3525 328 3539 .
367 3488 569 3557 συνέϐη
597 3489 651 3542 δὲ
673 3489 772 3561 τὴν
799 3491 964 3565 ἄλλην
985 3493 1199 3566 ἡμέραν
1225 3495 1399 3550 ἐλθεῖν
1423 3498 1512 3550 τὸν
1539 3501 1712 3570 μέγαν

168 3575 429 3631 Ἀντώνιον
465 3582 703 3651 ἑσπέρας
728 3583 966 3652 βαθείας,
995 3585 1070 3650 ὡς
1096 3587 1197 3658 ἔφη
1223 3591 1251 3640 6
1271 3589 1523 3660 Κρόνιος,
1544 3593 1712 3662 ἐμπε-

157 3667 486 3740 φιδλωμένην
517 3674 594 3703 ¹¹⁹
631 3674 878 3744 χλαμύδα
917 3677 1244 3750 δερματίνην
1295 3683 1496 3751 φορῶν,
1528 3685 1710 3755 εἰσήρο

153 3775 264 3828 χετο
287 3765 361 3825 είς
395 3764 464 3816 τὸ
498 3770 854 3838 μοναστήριον
887 3771 1074 3836 αὑτοῦ,
1106 3773 1201 3826 καὶ
1233 3774 1438 3844 ταύτην
1471 3772 1583 3846 εἶχε
1612 3777 1710 3847 τὴν

157 3853 418 3923 συνήθειαν
465 3859 522 3910 ὲν
546 3859 625 3929 τῷ
663 3861 872 3931 ἐρωτᾷν
899 3862 990 3915 τὸν
1022 3864 1270 3936 μαθητὴν
1310 3867 1477 3918 αὐτοῦ
1510 3868 1708 3920 Μακά-

156 3959 254 4014 ριον
283 3949 406 4019 περὶ
443 3950 550 4003 τῶν
581 3953 908 4023 ἐρχομένων,
955 3957 1079 4019 τοὺς
1105 3959 1203 4026 μὲν
1241 3960 1506 4027 μοναχοὺς
1548 3959 1705 4030 Ἰεροο

155 4036 423 4107 σολυμίτας
474 4043 680 4109 καλεῖν,
726 4047 854 4109 τοὺς
903 4047 961 4100 δέ
1008 4051 1306 4119 κοσμικοὺς
1352 4053 1704 4120 Αἰγυπτίους.

150 4127 322 4196 ἠρώτα
365 4129 462 4186 οὖν
519 4136 546 4186 ὁ
588 4137 789 4206 μέγας·
824 4138 1016 4208 ἁδελφέ
1059 4141 1334 4213 Maxima,
1366 4140 1528 4214 ἦλθόν
1565 4163 1708 4210 τινες

153 4220 348 4290 ἀδελφοὶ
403 4225 626 4291 ἐνθάδε;
668 4229 761 4281 καὶ
802 4231 1108 4302 ἀπεκρίθη·
1155 4230 1338 4304 ἦλθον.
1389 4238 1482 4290 καὶ
1527 4237 1704 4305 λέγει’

150 4315 414 4379 Αἰγύπτιοί
441 4319 579 4371 εἰσιν
607 4320 640 4387 ἢ
678 4320 1130 4394 Ὶεροσολυμῖταις
1162 4327 1328 4380 ἔδωκε
1349 4329 1406 4381 δὲ
1433 4329 1581 4400 αὐτῷ
1611 4348 1706 4401 ση-

155 4409 284 4472 μεῖον
327 4411 458 4472 τοὺς
495 4410 902 4482 άπραγοτέρους
934 4417 1029 4468 καὶ
1053 4417 1101 4452 ³³
1153 4418 1373 4488 ἀεργεῖς
1406 4419 1586 4488 λέγειν
1622 4422 1704 4475 ότι

1815 3297 1880 3336 ex
1907 3284 2106 3352 quibus
2139 3295 2191 3338 et
2224 3285 2482 3355 Eulogius
2508 3287 2915 3342 Alexandrinus
2946 3288 3212 3345 fuit.......

2001 3499 2214 3562 Evenit,
2249 3510 2306 3553 ut
2333 3502 2506 3555 altero
2543 3501 2630 3556 die
2669 3517 2901 3572 magnus
2925 3505 3219 3572 Antonius,
3243 3508 3387 3563 chla-

1812 3591 1991 3661 myde,
2019 3591 2161 3645 sicut
2185 3590 2420 3645 Cronius
2457 3594 2720 3656 narravit,
2750 3596 2973 3664 pellicea
2998 3601 3229 3655 amictus
3261 3616 3386 3657 sero

1811 3683 2024 3750 vesperi
2057 3683 2285 3736 veniret.
2320 3685 2496 3752 Atque
2537 3685 2816 3753 ingressus
2848 3696 2931 3740 est
2989 3692 3382 3746 monasterium

1812 3787 1993 3827 suum.
2033 3773 2144 3827 llac
2175 3785 2355 3828 autem
2392 3774 2446 3828 in
2490 3775 2729 3831 Macario
2751 3778 3021 3847 discipulo
3063 3796 3164 3835 suo
3192 3784 3258 3837 de
3291 3785 3381 3849 iis,

1809 3867 1902 3935 qui
1954 3866 2308 3932 advenerant,
2346 3867 2732 3937 interrogando
2788 3871 3046 3926 utebatur
3091 3887 3384 3931 consuetu-

1809 3959 1954 4019 dine,
1990 3967 2050 4011 ut
2084 3958 2386 4013 monachos
2417 3968 2638 4014 vocaret
2680 3959 3230 4034 llierosolymitanos,
3257 3983 3380 4023 sae-

1809 4051 2023 4104 culares
2053 4065 2185 4103 vero
2242 4051 2555 4122 Aegyptios.
2619 4052 2848 4123 Magnus
2915 4055 3128 4124 igitur:
3177 4057 3380 4114 lllacari

1811 4139 1996 4203 frater,
2032 4140 2233 4209 inquit,
2273 4153 2613 4198 veneruntne
2653 4144 2757 4198 huc
2799 4145 2966 4216 aliqui
3002 4146 3240 4203 fratres?
3284 4149 3379 4205 Re-

1809 4233 2025 4302 spondit
2057 4253 2068 4286 :
2097 4232 2403 4290 Venerunt.
2443 4233 2535 4289 Ille
2568 4254 2582 4289 :
2619 4234 2827 4290 Suntne
2857 4239 3125 4308 Aegyptii,
3159 4257 3228 4293 an
3258 4239 3380 4295 Hie-

1807 4326 2232 4396 rosolymitani?
2260 4325 2431 4396 Eique
2481 4326 2696 4395 signum
2729 4329 2972 4393 dederat,
3011 4339 3068 4383 ut
3107 4346 3222 4392 eos.
3259 4331 3380 4399 qui-

1805 4416 1911 4471 bus
1957 4417 2140 4472 minus
2189 4418 2390 4487 negotii
2425 4426 2592 4478 esset,
2642 4419 2938 4488 Aegyptios
2986 4435 3108 4474 esse
3149 4421 3374 4475 diceret.

148 4497 412 4562 Αίγυπτιοί
451 4501 606 4561 εἰσιν,
651 4504 745 4555 καὶ
777 4504 960 4573 ἔλεγεν
1005 4506 1153 4576 αὐτῷ
1207 4511 1335 4579 περὶ
1384 4511 1492 4565 τῶν
1542 4514 1704 4581 Λίγυ-

1819 4508 1987 4577 Atque
2016 4508 2082 4562 ad
2123 4508 2421 4580 Aegyptios
2463 4509 2608 4579 quod
2643 4520 2876 4578 spectat,
2907 4511 3184 4566 Macario:
3215 4511 3375 4575 Para,

151 4588 304 4640 πτίων
330 4591 398 4622 ’³ο
430 4593 658 4662 ποίησον
694 4595 862 4662 φακὸν
897 4599 990 4650 καὶ
1022 4599 1109 4662 δὺς
1148 4602 1328 4665 αὐτοῖς
1362 4607 1574 4671 φαγεῖν.
1609 4607 1702 4658 καὶ

148 4675 304 4733 ἐποίει
359 4685 549 4746 αὐτοῖς
601 4686 764 4758 εὐχὴν
805 4689 850 4720 ³⁸
897 4691 990 4743 καὶ
1039 4693 1270 4746 ἀπέλυεν
1320 4697 1535 4759 αὐτούς.
1585 4700 1691 4752 άπ-

150 4768 386 4836 εκρίνατο
416 4773 474 4826 δὲ
496 4775 618 4827 τότε
647 4779 674 4828 6
706 4779 989 4849 Μακάριος
1023 4783 1147 4853 περὶ
1174 4785 1328 4853 ἡμῶν
1371 4786 1456 4839 διὰ
1493 4789 1582 4840 τὸν
1611 4789 1700 4842 λε·-

147 4856 462 4948 λωϐημένον,
514 4868 595 4919 ὃτι
644 4871 865 4938 μιγάδες
906 4873 1062 4927 εἰσίν.
1119 4874 1216 4928 ἐὰν
1268 4877 1324 4929 δὲ
1371 4879 1574 4948 ἔλεγεν,
1619 4883 1700 4934 ὅτι

155 4947 564 5025 Ἱεροσολυμῖταί
598 4961 733 5012 εἰσιν
765 4963 832 5024 ’⁵,
864 4963 1154 5030 ἐκαθέζετο
1183 4967 1272 5021 διὰ
1297 4969 1475 5040 πάσης
1508 4973 1700 5036 νυκτὸς

146 5042 228 5094 καὶ
258 5045 434 5100 ἐλάλει
481 5050 663 5113 αὐτοῖς
702 5052 769 5106 τά
804 5055 940 5124 πρὸς
975 5058 1268 5128 σωτηρίαν.
1304 5063 1360 5113 ἐν
1390 5063 1573 5136 ἐκείνῃ
1605 5062 1697 5118 οὖν

144 5136 203 5204 τῇ
228 5136 432 5210 ἑσπέρᾳ
461 5142 746 5209 καθεσθείς
765 5186 779 5210 ,
814 5146 968 5218 φησί,
1004 5153 1388 5221 προσκαλεῖται
1436 5158 1642 5221 πάντας
1669 5161 1697 5211 ό

150 5226 307 5296 μέγας
337 5248 389 5285 κ.
426 5250 477 5287 τ.
505 5234 553 5286 λ.

1809 4602 2012 4672 inquit,
2067 4601 2290 4667 lentem,
2336 4611 2390 4656 et
2437 4602 2504 4656 da
2552 4603 2620 4657 iis
2662 4604 2970 4657 comedere.
3013 4602 3218 4658 Deinde
3251 4619 3375 4658 cum

1807 4694 1879 4749 iis
1923 4695 2227 4749 orationem
2283 4695 2540 4757 faciebat,
2595 4709 2798 4763 eosque
2840 4695 3168 4751 dimittebat.
3223 4695 3376 4751 T‘unc

1807 4785 2082 4842 Macarius
2120 4787 2187 4841 de
2218 4786 2378 4842 nobis
2415 4785 2488 4841 ob
2527 4787 2832 4840 mutilatum
2867 4788 3018 4841 illum
3051 4788 3330 4858 respondit
3359 4809 3370 4843 :

1805 4879 1959 4934 Mixti
2003 4880 2223 4934 adsunt.
2273 4879 2370 4932 Sin
2405 4878 2621 4933 dicebat
2655 4897 2670 4932 :
2701 4877 3178 4950 llierosolymitani
3221 4890 3374 4948 sunt,

1807 4983 2031 5027 sanctus
2078 4987 2174 5040 per
2221 4978 2388 5024 totam
2444 4977 2660 5022 noctem
2715 4969 2969 5030 sedebat,
3021 4972 3089 5025 ad
3133 4987 3370 5042 eosque,

1803 5081 1945 5134 quae
1984 5066 2050 5118 ad
2087 5065 2314 5117 salutem
2343 5062 2639 5130 pertinent,
2679 5061 3028 5130 loquebatur.
3067 5062 3160 5117 Illa
3191 5073 3378 5120 autem.

1810 5173 2039 5227 vespera
2065 5155 2287 5224 Magnus
2324 5152 2518 5208 sedens
2554 5168 2745 5208 onmes
2770 5155 3171 5211 arcessivit.....

1394 5402 1650 5457 VARIAE
1686 5404 2088 5461 LECTIONES.

207 5529 251 5561 ¹²
286 5534 385 5587 καὶ
415 5552 524 5591 om.
556 5540 618 5592 Α.

189 5540 251 5623 ς’
286 5540 385 5621 καὶ
415 5552 524 5623 om.
556 5540 652 5623 AL
698 5542 740 5574 ¹³
776 5540 887 5623 Prq
915 5549 1042 5598 κατ’
1070 5545 1312 5623 ἐκείνην
1334 5551 1676 5623 --ποιῆσαι
1709 5551 1749 5604 Β
1775 5555 1928 5623 ὑπὲρ

145 5606 386 5683 χωνᾼοὺκ
421 5608 735 5683 ἠδρνήθην
767 5613 1010 5683 ποιῆσαι.
1090 5617 1135 5649 ⁸⁸
1171 5621 1220 5671 εί
1253 5606 1361 5673 om.
1393 5621 1432 5672 A
1465 5622 1521 5682 ll,
1547 5606 1740 5676 'addidi
1772 5606 1840 5677 ex
1872 5606 2017 5678 ὧιίῇ

1957 5555 2211 5623 γυναῖκα
2236 5555 2334 5607 καὶ
2352 5555 2474 5635 ἐγὼ
2505 5555 2690 5635 ,πλείω
2733 5552 2851 5607 τῶν
2883 5555 3237 5635 τριακοσίων
3271 5558 3372 5635 εὐς

2099 5627 2140 5656 ¹⁵
2170 5625 2210 5678 Β
2245 5624 2451 5694 profert
2493 5626 2707 5678 titulum
2745 5643 2757 5678 :
2786 5626 2917 5691 περὶ
2943 5625 3218 5694 ειὲλογίου
3261 5625 3368 5678 τοῦ

143 5674 536 5764 ςέολιιξστιέοξ
574 5674 689 5764 kal:
715 5685 822 5737 τοῦ
863 5674 1300 5764 λελωϐημένου.
1379 5674 1930 5764 ¹⁶-71Ξ’μαθηταὶντοξ
1943 5674 2224 5764 ’μεγάλου
2729 5674 3139 5759 ἔχ’ἀὸὲζοῖιῖεόᾙ
3151 5674 3368 5763 ’Πισῆιρ

147 5751 240 5791 om.
276 5741 336 5795 Β.

417 5749 462 5778 ’⁸
496 5749 598 5833 P'ﬂ
627 5752 734 5831 τρν
751 5757 1046 5833 μευίξίριον
1080 5749 1384 5812 Ἄντώνιον
1418 5761 1458 5813 Β
1485 5749 1676 5814 (ιῦτὸιί
1704 5764 1827 5818 τόν.
1907 5749 2016 5818 ¹⁹’Β
2040 5749 2203 5819 δέκα.
2281 5767 2326 5796 ’θ
2348 5765 2389 5817 Β
2413 5765 2625 5819 εἴκοσι.
2703 5768 2745 5796 ’ί
2769 5765 2807 5817 Β
2835 5768 3188 5820 πεντίκοντα
3217 5766 3362 5833 (sic).

811 5807 814 5808 ,
911 5807 927 5821 ,
983 5807 993 5808 ,
1418 5807 1452 5813 --
1815 5807 1827 5818 .
1977 5807 2014 5818 .,
2041 5807 2203 5819 ww.
2348 5807 2388 5817 .,
2413 5807 2625 5819 ww“
2769 5807 2806 5817 .,
2835 5807 2929 5818 .-.η
2954 5807 3099 5820 πη...
3122 5807 3188 5839 υ..
3219 5807 3362 5833 μηνί.

148 5807 204 5893 ’ίξ
231 5813 270 5864 Α
301 5815 468 5906 verbo
490 5821 725 5906 (:Dt6).06V.
751 5807 835 5906 ὀί.
868 5825 1124 5895 Stephani
1162 5829 1425 5886 'l‘hcsaur.
1506 5833 1548 5862 ⁹²
1590 5834 1684 5885 καὶ
1743 5851 1848 5891 om.
1878 5835 1939 5890 Λ.
2019 5838 2063 5869 ’³
2099 5839 2229 5906 περὶ
2272 5837 2389 5891 τῶν
2410 5836 2744 5906 Αἰγυπτίων
2770 5852 2877 5892 om.
2907 5836 2966 5890 Β.
3045 5839 3090 5869 ἰ
3126 5837 3167 5890 Β
3200 5835 3370 5906 εὐχὴν

143 5881 290 5941 μίαν.
377 5887 420 5918 ³⁵
464 5881 611 5944 εἰσιν
633 5909 740 5949 om.
773 5896 836 5947 A.
