  <div class='ocr_page' id='page_1' title='image "/cluster/home/n/w/nwhite01/storage/ocr_20150623/34/hvd.32044019207760/113.png"; bbox 0 0 3950 6556; ppageno 0'>
   <div class='ocr_carea' id='block_1_1' title="bbox 540 389 646 446">
    <p class='ocr_par' dir='ltr' id='par_1_1' title="bbox 540 389 646 446">
     <span class='ocr_line' id='line_1_1' title="bbox 540 389 646 446; baseline -0.019 0"><span class='ocrx_word' id='word_1_1' title='bbox 540 389 646 446; x_wconf 69' lang='grc'>905</span> 
     </span>
    </p>
   </div>
   <div class='ocr_carea' id='block_1_2' title="bbox 1305 509 1359 563">
    <p class='ocr_par' dir='ltr' id='par_1_2' title="bbox 1305 509 1359 563">
     <span class='ocr_line' id='line_1_2' title="bbox 1305 509 1359 563; baseline 0.019 -1"><span class='ocrx_word' id='word_1_2' title='bbox 1305 509 1359 563; x_wconf 78' lang='grc'>5.</span> 
     </span>
    </p>
   </div>
   <div class='ocr_carea' id='block_1_3' title="bbox 1152 642 1517 700">
    <p class='ocr_par' dir='ltr' id='par_1_3' title="bbox 1152 642 1517 700">
     <span class='ocr_line' id='line_1_3' title="bbox 1152 642 1517 700; baseline 0.008 -4"><span class='ocrx_word' id='word_1_3' title='bbox 1152 642 1228 696; x_wconf 89' lang='lat' dir='ltr'><strong>De</strong></span> <span class='ocrx_word' id='word_1_4' title='bbox 1285 643 1517 700; x_wconf 77' lang='lat' dir='ltr'>Valente.</span> 
     </span>
    </p>
   </div>
   <div class='ocr_carea' id='block_1_4' title="bbox 623 797 2130 872">
    <p class='ocr_par' dir='ltr' id='par_1_4' title="bbox 623 797 2130 872">
     <span class='ocr_line' id='line_1_4' title="bbox 623 797 2130 872; baseline 0.006 -21"><span class='ocrx_word' id='word_1_5' title='bbox 623 797 823 855; x_wconf 76' lang='lat' dir='ltr'><strong>Valens</strong></span> <span class='ocrx_word' id='word_1_6' title='bbox 852 799 1096 871; x_wconf 84' lang='lat' dir='ltr'><strong>quidam,</strong></span> <span class='ocrx_word' id='word_1_7' title='bbox 1135 817 1335 872; x_wconf 79' lang='lat' dir='ltr'>genere</span> <span class='ocrx_word' id='word_1_8' title='bbox 1373 800 1744 868; x_wconf 82' lang='lat' dir='ltr'><strong>Palaestinus,</strong></span> <span class='ocrx_word' id='word_1_9' title='bbox 1786 804 1840 858; x_wconf 91' lang='lat' dir='ltr'>in</span> <span class='ocrx_word' id='word_1_10' title='bbox 1883 805 2130 860; x_wconf 88' lang='lat' dir='ltr'><strong>solitudi-</strong></span> 
     </span>
    </p>
   </div>
   <div class='ocr_carea' id='block_1_5' title="bbox 554 890 2126 965">
    <p class='ocr_par' dir='ltr' id='par_1_5' title="bbox 554 890 2126 965">
     <span class='ocr_line' id='line_1_5' title="bbox 554 890 2126 965; baseline 0.007 -22"><span class='ocrx_word' id='word_1_11' title='bbox 554 905 679 944; x_wconf 89' lang='lat' dir='ltr'>nem</span> <span class='ocrx_word' id='word_1_12' title='bbox 709 890 988 960; x_wconf 86' lang='lat' dir='ltr'><strong>prol&#39;ectus</strong></span> <span class='ocrx_word' id='word_1_13' title='bbox 1012 893 1231 963; x_wconf 88' lang='lat' dir='ltr'><strong>longum</strong></span> <span class='ocrx_word' id='word_1_14' title='bbox 1270 901 1483 965; x_wconf 97' lang='lat' dir='ltr'><strong>tempus</strong></span> <span class='ocrx_word' id='word_1_15' title='bbox 1515 895 1801 951; x_wconf 91' lang='lat' dir='ltr'><strong>nobiscum</strong></span> <span class='ocrx_word' id='word_1_16' title='bbox 1839 897 2126 954; x_wconf 93' lang='lat' dir='ltr'><strong>habitavit.</strong></span> 
     </span>
    </p>
   </div>
   <div class='ocr_carea' id='block_1_6' title="bbox 553 981 2129 1054">
    <p class='ocr_par' dir='ltr' id='par_1_6' title="bbox 553 981 2129 1054">
     <span class='ocr_line' id='line_1_6' title="bbox 553 981 2129 1054; baseline 0.007 -20"><span class='ocrx_word' id='word_1_17' title='bbox 553 981 654 1048; x_wconf 85' lang='lat' dir='ltr'>Qui</span> <span class='ocrx_word' id='word_1_18' title='bbox 705 1000 874 1054; x_wconf 93' lang='lat' dir='ltr'><strong>quum</strong></span> <span class='ocrx_word' id='word_1_19' title='bbox 934 987 1170 1039; x_wconf 79' lang='lat' dir='ltr'><strong>maxima</strong></span> <span class='ocrx_word' id='word_1_20' title='bbox 1235 987 1455 1042; x_wconf 83' lang='lat' dir='ltr'>vivendi</span> <span class='ocrx_word' id='word_1_21' title='bbox 1513 989 1805 1046; x_wconf 76' lang='lat' dir='ltr'>severitate</span> <span class='ocrx_word' id='word_1_22' title='bbox 1853 1006 2129 1045; x_wconf 83' lang='lat' dir='ltr'>summam</span> 
     </span>
    </p>
   </div>
   <div class='ocr_carea' id='block_1_7' title="bbox 554 1075 2132 1156">
    <p class='ocr_par' dir='ltr' id='par_1_7' title="bbox 554 1075 2132 1156">
     <span class='ocr_line' id='line_1_7' title="bbox 554 1075 2132 1156; baseline 0.009 -30"><span class='ocrx_word' id='word_1_23' title='bbox 554 1075 846 1130; x_wconf 88' lang='lat' dir='ltr'><strong>asceticam</strong></span> <span class='ocrx_word' id='word_1_24' title='bbox 886 1077 1056 1132; x_wconf 89' lang='lat' dir='ltr'><strong>vitam</strong></span> <span class='ocrx_word' id='word_1_25' title='bbox 1096 1081 1457 1151; x_wconf 77' lang='lat' dir='ltr'><strong>suscepisset,</strong></span> <span class='ocrx_word' id='word_1_26' title='bbox 1489 1098 1630 1138; x_wconf 83' lang='lat' dir='ltr'><strong>vana</strong></span> <span class='ocrx_word' id='word_1_27' title='bbox 1667 1085 1735 1138; x_wconf 89' lang='lat' dir='ltr'>de</span> <span class='ocrx_word' id='word_1_28' title='bbox 1771 1099 1831 1140; x_wconf 90' lang='lat' dir='ltr'>se</span> <span class='ocrx_word' id='word_1_29' title='bbox 1875 1085 2132 1156; x_wconf 86' lang='lat' dir='ltr'>opinione</span> 
     </span>
    </p>
   </div>
   <div class='ocr_carea' id='block_1_8' title="bbox 554 1169 2131 1246">
    <p class='ocr_par' dir='ltr' id='par_1_8' title="bbox 554 1169 2131 1246">
     <span class='ocr_line' id='line_1_8' title="bbox 554 1169 2131 1246; baseline 0.008 -31"><span class='ocrx_word' id='word_1_30' title='bbox 554 1179 620 1218; x_wconf 82' lang='lat' dir='ltr'>ac</span> <span class='ocrx_word' id='word_1_31' title='bbox 667 1169 921 1237; x_wconf 82' lang='lat' dir='ltr'><strong>superbia</strong></span> <span class='ocrx_word' id='word_1_32' title='bbox 972 1185 1004 1224; x_wconf 91' lang='lat' dir='ltr'>a</span> <span class='ocrx_word' id='word_1_33' title='bbox 1048 1170 1316 1226; x_wconf 79' lang='lat' dir='ltr'><strong>daemone</strong></span> <span class='ocrx_word' id='word_1_34' title='bbox 1345 1173 1539 1229; x_wconf 89' lang='lat' dir='ltr'><strong>irrisus</strong></span> <span class='ocrx_word' id='word_1_35' title='bbox 1589 1183 1644 1229; x_wconf 89' lang='lat' dir='ltr'>et</span> <span class='ocrx_word' id='word_1_36' title='bbox 1685 1176 1779 1229; x_wconf 88' lang='lat' dir='ltr'><strong>tali</strong></span> <span class='ocrx_word' id='word_1_37' title='bbox 1818 1178 2131 1246; x_wconf 88' lang='lat' dir='ltr'><strong>perniciosa</strong></span> 
     </span>
    </p>
   </div>
   <div class='ocr_carea' id='block_1_9' title="bbox 553 1257 2133 1338">
    <p class='ocr_par' dir='ltr' id='par_1_9' title="bbox 553 1257 2133 1338">
     <span class='ocr_line' id='line_1_9' title="bbox 553 1257 2133 1338; baseline 0.01 -30"><span class='ocrx_word' id='word_1_38' title='bbox 553 1257 722 1312; x_wconf 88' lang='lat' dir='ltr'><strong>animi</strong></span> <span class='ocrx_word' id='word_1_39' title='bbox 757 1262 1070 1318; x_wconf 84' lang='lat' dir='ltr'><strong>calamitate</strong></span> <span class='ocrx_word' id='word_1_40' title='bbox 1106 1264 1257 1319; x_wconf 87' lang='lat' dir='ltr'><strong>brevi</strong></span> <span class='ocrx_word' id='word_1_41' title='bbox 1307 1274 1552 1335; x_wconf 88' lang='lat' dir='ltr'><strong>tempore</strong></span> <span class='ocrx_word' id='word_1_42' title='bbox 1601 1268 1864 1338; x_wconf 89' lang='lat' dir='ltr'><strong>deceptus</strong></span> <span class='ocrx_word' id='word_1_43' title='bbox 1921 1279 2026 1336; x_wconf 91' lang='lat' dir='ltr'><strong>est,</strong></span> <span class='ocrx_word' id='word_1_44' title='bbox 2073 1279 2133 1324; x_wconf 92' lang='lat' dir='ltr'>ut</span> 
     </span>
    </p>
   </div>
   <div class='ocr_carea' id='block_1_10' title="bbox 554 1353 2132 1431">
    <p class='ocr_par' dir='ltr' id='par_1_10' title="bbox 554 1353 2132 1431">
     <span class='ocr_line' id='line_1_10' title="bbox 554 1353 2132 1431; baseline 0.011 -27"><span class='ocrx_word' id='word_1_45' title='bbox 554 1353 781 1422; x_wconf 81' lang='lat' dir='ltr'><strong>angelos</strong></span> <span class='ocrx_word' id='word_1_46' title='bbox 811 1369 935 1409; x_wconf 90' lang='lat' dir='ltr'>cum</span> <span class='ocrx_word' id='word_1_47' title='bbox 959 1356 1078 1426; x_wconf 90' lang='lat' dir='ltr'><strong>ipso</strong></span> <span class='ocrx_word' id='word_1_48' title='bbox 1108 1362 1444 1426; x_wconf 80' lang='lat' dir='ltr'><strong>conversari,</strong></span> <span class='ocrx_word' id='word_1_49' title='bbox 1488 1370 1541 1415; x_wconf 89' lang='lat' dir='ltr'>et</span> <span class='ocrx_word' id='word_1_50' title='bbox 1571 1361 1624 1414; x_wconf 91' lang='lat' dir='ltr'>in</span> <span class='ocrx_word' id='word_1_51' title='bbox 1656 1365 1853 1431; x_wconf 88' lang='lat' dir='ltr'><strong>quovis</strong></span> <span class='ocrx_word' id='word_1_52' title='bbox 1879 1364 2132 1420; x_wconf 87' lang='lat' dir='ltr'><strong>ministe-</strong></span> 
     </span>
    </p>
   </div>
   <div class='ocr_carea' id='block_1_11' title="bbox 557 1443 2132 1526">
    <p class='ocr_par' dir='ltr' id='par_1_11' title="bbox 557 1443 2132 1526">
     <span class='ocr_line' id='line_1_11' title="bbox 557 1443 2132 1526; baseline 0.009 -30"><span class='ocrx_word' id='word_1_53' title='bbox 557 1443 640 1498; x_wconf 93' lang='lat' dir='ltr'>rio</span> <span class='ocrx_word' id='word_1_54' title='bbox 695 1445 800 1516; x_wconf 84' lang='lat' dir='ltr'><strong>ipsi</strong></span> <span class='ocrx_word' id='word_1_55' title='bbox 852 1445 1118 1504; x_wconf 89' lang='lat' dir='ltr'><strong>inservire</strong></span> <span class='ocrx_word' id='word_1_56' title='bbox 1167 1452 1418 1506; x_wconf 80' lang='lat' dir='ltr'><strong>iactaret.</strong></span> <span class='ocrx_word' id='word_1_57' title='bbox 1468 1452 1518 1508; x_wconf 88' lang='lat' dir='ltr'><strong>Is</strong></span> <span class='ocrx_word' id='word_1_58' title='bbox 1569 1457 1846 1524; x_wconf 91' lang='lat' dir='ltr'><strong>quondam</strong></span> <span class='ocrx_word' id='word_1_59' title='bbox 1889 1465 2132 1526; x_wconf 91' lang='lat' dir='ltr'><strong>sportam</strong></span> 
     </span>
    </p>
   </div>
   <div class='ocr_carea' id='block_1_12' title="bbox 555 1542 2132 1617">
    <p class='ocr_par' dir='ltr' id='par_1_12' title="bbox 555 1542 2132 1617">
     <span class='ocr_line' id='line_1_12' title="bbox 555 1542 2132 1617; baseline 0.006 -27"><span class='ocrx_word' id='word_1_60' title='bbox 555 1550 854 1602; x_wconf 91' lang='lat' dir='ltr'><strong>consuens,</strong></span> <span class='ocrx_word' id='word_1_61' title='bbox 899 1550 960 1594; x_wconf 92' lang='lat' dir='ltr'>ut</span> <span class='ocrx_word' id='word_1_62' title='bbox 1002 1542 1123 1597; x_wconf 88' lang='lat' dir='ltr'><strong>eius</strong></span> <span class='ocrx_word' id='word_1_63' title='bbox 1167 1544 1303 1596; x_wconf 88' lang='lat' dir='ltr'><strong>socii</strong></span> <span class='ocrx_word' id='word_1_64' title='bbox 1347 1555 1664 1610; x_wconf 79' lang='lat' dir='ltr'><strong>narrarunt,</strong></span> <span class='ocrx_word' id='word_1_65' title='bbox 1704 1547 1870 1616; x_wconf 79' lang='lat'>268</span> <span class='ocrx_word' id='word_1_66' title='bbox 1898 1548 2132 1617; x_wconf 85' lang='lat' dir='ltr'><strong>vesperi,</strong></span> 
     </span>
    </p>
   </div>
   <div class='ocr_carea' id='block_1_13' title="bbox 557 1631 2135 1708">
    <p class='ocr_par' dir='ltr' id='par_1_13' title="bbox 557 1631 2135 1708">
     <span class='ocr_line' id='line_1_13' title="bbox 557 1631 2135 1708; baseline 0.005 -26"><span class='ocrx_word' id='word_1_67' title='bbox 557 1643 728 1698; x_wconf 88' lang='lat' dir='ltr'><strong>quum</strong></span> <span class='ocrx_word' id='word_1_68' title='bbox 747 1631 947 1687; x_wconf 87' lang='lat' dir='ltr'><strong>multae</strong></span> <span class='ocrx_word' id='word_1_69' title='bbox 974 1634 1232 1690; x_wconf 87' lang='lat' dir='ltr'><strong>tenebrae</strong></span> <span class='ocrx_word' id='word_1_70' title='bbox 1254 1647 1461 1701; x_wconf 89' lang='lat' dir='ltr'><strong>essent,</strong></span> <span class='ocrx_word' id='word_1_71' title='bbox 1480 1653 1664 1700; x_wconf 87' lang='lat' dir='ltr'><strong>acum,</strong></span> <span class='ocrx_word' id='word_1_72' title='bbox 1680 1654 1788 1708; x_wconf 89' lang='lat' dir='ltr'>qua</span> <span class='ocrx_word' id='word_1_73' title='bbox 1808 1639 2135 1705; x_wconf 90' lang='lat' dir='ltr'><strong>consuebat,</strong></span> 
     </span>
    </p>
   </div>
   <div class='ocr_carea' id='block_1_14' title="bbox 559 1720 2139 1801">
    <p class='ocr_par' dir='ltr' id='par_1_14' title="bbox 559 1720 2139 1801">
     <span class='ocr_line' id='line_1_14' title="bbox 559 1720 2139 1801; baseline 0.009 -29"><span class='ocrx_word' id='word_1_74' title='bbox 559 1720 763 1777; x_wconf 88' lang='lat' dir='ltr'><strong>amisit.</strong></span> <span class='ocrx_word' id='word_1_75' title='bbox 795 1722 910 1789; x_wconf 86' lang='lat' dir='ltr'><strong>Qua</strong></span> <span class='ocrx_word' id='word_1_76' title='bbox 952 1740 1062 1780; x_wconf 92' lang='lat' dir='ltr'>non</span> <span class='ocrx_word' id='word_1_77' title='bbox 1096 1729 1334 1793; x_wconf 87' lang='lat' dir='ltr'><strong>inventa,</strong></span> <span class='ocrx_word' id='word_1_78' title='bbox 1366 1729 1595 1784; x_wconf 83' lang='lat' dir='ltr'><strong>daemon</strong></span> <span class='ocrx_word' id='word_1_79' title='bbox 1635 1730 1684 1785; x_wconf 91' lang='lat' dir='ltr'>ei</span> <span class='ocrx_word' id='word_1_80' title='bbox 1718 1731 2021 1801; x_wconf 86' lang='lat' dir='ltr'><strong>lampadem</strong></span> <span class='ocrx_word' id='word_1_81' title='bbox 2056 1730 2139 1786; x_wconf 85' lang='lat' dir='ltr'><strong>fe-</strong></span> 
     </span>
    </p>
   </div>
   <div class='ocr_carea' id='block_1_15' title="bbox 559 1812 2138 1893">
    <p class='ocr_par' dir='ltr' id='par_1_15' title="bbox 559 1812 2138 1893">
     <span class='ocr_line' id='line_1_15' title="bbox 559 1812 2138 1893; baseline 0.009 -30"><span class='ocrx_word' id='word_1_82' title='bbox 559 1812 657 1878; x_wconf 88' lang='lat' dir='ltr'><strong>cit,</strong></span> <span class='ocrx_word' id='word_1_83' title='bbox 702 1828 808 1882; x_wconf 91' lang='lat' dir='ltr'>qua</span> <span class='ocrx_word' id='word_1_84' title='bbox 869 1831 1024 1870; x_wconf 91' lang='lat' dir='ltr'><strong>acum</strong></span> <span class='ocrx_word' id='word_1_85' title='bbox 1074 1821 1300 1889; x_wconf 88' lang='lat' dir='ltr'><strong>reperit,</strong></span> <span class='ocrx_word' id='word_1_86' title='bbox 1354 1821 1427 1874; x_wconf 88' lang='lat' dir='ltr'>ita</span> <span class='ocrx_word' id='word_1_87' title='bbox 1483 1830 1543 1874; x_wconf 89' lang='lat' dir='ltr'>nt</span> <span class='ocrx_word' id='word_1_88' title='bbox 1582 1823 1751 1877; x_wconf 87' lang='lat' dir='ltr'><strong>miser</strong></span> <span class='ocrx_word' id='word_1_89' title='bbox 1803 1823 1905 1877; x_wconf 90' lang='lat' dir='ltr'><strong>iste</strong></span> <span class='ocrx_word' id='word_1_90' title='bbox 1963 1823 2138 1893; x_wconf 87' lang='lat' dir='ltr'><strong>magis</strong></span> 
     </span>
    </p>
   </div>
   <div class='ocr_carea' id='block_1_16' title="bbox 557 1905 2135 1986">
    <p class='ocr_par' dir='ltr' id='par_1_16' title="bbox 557 1905 2135 1986">
     <span class='ocr_line' id='line_1_16' title="bbox 557 1905 2135 1986; baseline 0.009 -28"><span class='ocrx_word' id='word_1_91' title='bbox 557 1905 723 1960; x_wconf 88' lang='lat' dir='ltr'><strong>etiam</strong></span> <span class='ocrx_word' id='word_1_92' title='bbox 746 1923 885 1964; x_wconf 91' lang='lat' dir='ltr'><strong>vano</strong></span> <span class='ocrx_word' id='word_1_93' title='bbox 916 1919 1130 1967; x_wconf 89' lang='lat' dir='ltr'><strong>tumore</strong></span> <span class='ocrx_word' id='word_1_94' title='bbox 1166 1914 1465 1969; x_wconf 83' lang='lat' dir='ltr'><strong>inﬂarctur.</strong></span> <span class='ocrx_word' id='word_1_95' title='bbox 1497 1915 1588 1969; x_wconf 86' lang='lat' dir='ltr'><strong>Dei</strong></span> <span class='ocrx_word' id='word_1_96' title='bbox 1631 1924 1811 1970; x_wconf 88' lang='lat' dir='ltr'><strong>autem</strong></span> <span class='ocrx_word' id='word_1_97' title='bbox 1841 1916 2135 1986; x_wconf 88' lang='lat' dir='ltr'><strong>providen-</strong></span> 
     </span>
    </p>
   </div>
   <div class='ocr_carea' id='block_1_17' title="bbox 559 1997 2138 2063">
    <p class='ocr_par' dir='ltr' id='par_1_17' title="bbox 559 1997 2138 2063">
     <span class='ocr_line' id='line_1_17' title="bbox 559 1997 2138 2063; baseline 0.008 -13"><span class='ocrx_word' id='word_1_98' title='bbox 559 1998 634 2052; x_wconf 86' lang='lat' dir='ltr'>tia</span> <span class='ocrx_word' id='word_1_99' title='bbox 665 1997 992 2057; x_wconf 80' lang='lat' dir='ltr'><strong>fraternitati</strong></span> <span class='ocrx_word' id='word_1_100' title='bbox 1015 2007 1303 2062; x_wconf 87' lang='lat' dir='ltr'><strong>calamitas</strong></span> <span class='ocrx_word' id='word_1_101' title='bbox 1335 2009 1454 2063; x_wconf 87' lang='lat' dir='ltr'><strong>eius</strong></span> <span class='ocrx_word' id='word_1_102' title='bbox 1483 2009 1646 2062; x_wconf 90' lang='lat' dir='ltr'><strong>citius</strong></span> <span class='ocrx_word' id='word_1_103' title='bbox 1675 2009 1964 2063; x_wconf 78' lang='lat' dir='ltr'><strong>manifesta</strong></span> <span class='ocrx_word' id='word_1_104' title='bbox 1997 2008 2138 2063; x_wconf 78' lang='lat' dir='ltr'><strong>facta</strong></span> 
     </span>
    </p>
   </div>
   <div class='ocr_carea' id='block_1_18' title="bbox 560 2091 2138 2172">
    <p class='ocr_par' dir='ltr' id='par_1_18' title="bbox 560 2091 2138 2172">
     <span class='ocr_line' id='line_1_18' title="bbox 560 2091 2138 2172; baseline 0.008 -28"><span class='ocrx_word' id='word_1_105' title='bbox 560 2099 665 2146; x_wconf 87' lang='lat' dir='ltr'><strong>est.</strong></span> <span class='ocrx_word' id='word_1_106' title='bbox 711 2091 847 2149; x_wconf 84' lang='lat' dir='ltr'>Nam</span> <span class='ocrx_word' id='word_1_107' title='bbox 897 2099 1117 2164; x_wconf 85' lang='lat' dir='ltr'><strong>accidit,</strong></span> <span class='ocrx_word' id='word_1_108' title='bbox 1179 2109 1240 2155; x_wconf 91' lang='lat' dir='ltr'>ut</span> <span class='ocrx_word' id='word_1_109' title='bbox 1299 2101 1541 2171; x_wconf 89' lang='lat' dir='ltr'><strong>hospites</strong></span> <span class='ocrx_word' id='word_1_110' title='bbox 1595 2103 1816 2172; x_wconf 87' lang='lat' dir='ltr'><strong>quidam</strong></span> <span class='ocrx_word' id='word_1_111' title='bbox 1875 2103 2138 2157; x_wconf 79' lang='lat' dir='ltr'><strong>fratribus</strong></span> 
     </span>
    </p>
   </div>
   <div class='ocr_carea' id='block_1_19' title="bbox 565 2181 2138 2262">
    <p class='ocr_par' dir='ltr' id='par_1_19' title="bbox 565 2181 2138 2262">
     <span class='ocr_line' id='line_1_19' title="bbox 565 2181 2138 2262; baseline 0.008 -29"><span class='ocrx_word' id='word_1_112' title='bbox 565 2181 776 2240; x_wconf 82' lang='lat' dir='ltr'><strong>fructus</strong></span> <span class='ocrx_word' id='word_1_113' title='bbox 810 2189 1050 2244; x_wconf 88' lang='lat' dir='ltr'><strong>aestivos</strong></span> <span class='ocrx_word' id='word_1_114' title='bbox 1080 2189 1357 2246; x_wconf 73' lang='lat' dir='ltr'><strong>afferrent.</strong></span> <span class='ocrx_word' id='word_1_115' title='bbox 1388 2192 1631 2260; x_wconf 85' lang='lat' dir='ltr'><strong>Quorum</strong></span> <span class='ocrx_word' id='word_1_116' title='bbox 1667 2194 2004 2262; x_wconf 87' lang='lat' dir='ltr'><strong>manipulum</strong></span> <span class='ocrx_word' id='word_1_117' title='bbox 2036 2193 2138 2246; x_wconf 93' lang='lat' dir='ltr'><strong>do-</strong></span> 
     </span>
    </p>
   </div>
   <div class='ocr_carea' id='block_1_20' title="bbox 562 2274 2140 2354">
    <p class='ocr_par' dir='ltr' id='par_1_20' title="bbox 562 2274 2140 2354">
     <span class='ocr_line' id='line_1_20' title="bbox 562 2274 2140 2354; baseline 0.006 -28"><span class='ocrx_word' id='word_1_118' title='bbox 562 2274 747 2331; x_wconf 86' lang='lat' dir='ltr'><strong>minus</strong></span> <span class='ocrx_word' id='word_1_119' title='bbox 793 2276 1060 2336; x_wconf 84' lang='lat' dir='ltr'><strong>Macarius</strong></span> <span class='ocrx_word' id='word_1_120' title='bbox 1108 2283 1394 2354; x_wconf 84' lang='lat' dir='ltr'><strong>presbyter</strong></span> <span class='ocrx_word' id='word_1_121' title='bbox 1445 2284 1740 2354; x_wconf 89' lang='lat' dir='ltr'><strong>unicuique</strong></span> <span class='ocrx_word' id='word_1_122' title='bbox 1786 2284 1840 2337; x_wconf 91' lang='lat' dir='ltr'>in</span> <span class='ocrx_word' id='word_1_123' title='bbox 1887 2284 2140 2338; x_wconf 76' lang='lat' dir='ltr'><strong>cellulam</strong></span> 
     </span>
    </p>
   </div>
   <div class='ocr_carea' id='block_1_21' title="bbox 563 2366 2139 2444">
    <p class='ocr_par' dir='ltr' id='par_1_21' title="bbox 563 2366 2139 2444">
     <span class='ocr_line' id='line_1_21' title="bbox 563 2366 2139 2444; baseline 0.006 -25"><span class='ocrx_word' id='word_1_124' title='bbox 563 2366 745 2431; x_wconf 86' lang='lat' dir='ltr'><strong>misit,</strong></span> <span class='ocrx_word' id='word_1_125' title='bbox 792 2371 1104 2442; x_wconf 85' lang='lat' dir='ltr'><strong>pariterque</strong></span> <span class='ocrx_word' id='word_1_126' title='bbox 1147 2373 1350 2428; x_wconf 89' lang='lat' dir='ltr'><strong>misero</strong></span> <span class='ocrx_word' id='word_1_127' title='bbox 1387 2373 1623 2430; x_wconf 88' lang='lat' dir='ltr'><strong>Valenti.</strong></span> <span class='ocrx_word' id='word_1_128' title='bbox 1675 2374 1775 2429; x_wconf 89' lang='lat' dir='ltr'><strong>Hic</strong></span> <span class='ocrx_word' id='word_1_129' title='bbox 1820 2390 1943 2430; x_wconf 88' lang='lat' dir='ltr'>eum</span> <span class='ocrx_word' id='word_1_130' title='bbox 1975 2415 1988 2437; x_wconf 92' lang='lat'>,</span> <span class='ocrx_word' id='word_1_131' title='bbox 2046 2375 2139 2444; x_wconf 88' lang='lat' dir='ltr'><strong>qui</strong></span> 
     </span>
    </p>
   </div>
   <div class='ocr_carea' id='block_1_22' title="bbox 563 2460 2140 2534">
    <p class='ocr_par' dir='ltr' id='par_1_22' title="bbox 563 2460 2140 2534">
     <span class='ocr_line' id='line_1_22' title="bbox 563 2460 2140 2534; baseline 0.006 -23"><span class='ocrx_word' id='word_1_132' title='bbox 563 2460 838 2527; x_wconf 86' lang='lat' dir='ltr'><strong>attulerat,</strong></span> <span class='ocrx_word' id='word_1_133' title='bbox 886 2465 1197 2519; x_wconf 89' lang='lat' dir='ltr'><strong>verberavit</strong></span> <span class='ocrx_word' id='word_1_134' title='bbox 1228 2475 1282 2522; x_wconf 88' lang='lat' dir='ltr'>et</span> <span class='ocrx_word' id='word_1_135' title='bbox 1321 2467 1656 2522; x_wconf 89' lang='lat' dir='ltr'><strong>contumelia</strong></span> <span class='ocrx_word' id='word_1_136' title='bbox 1710 2467 1951 2523; x_wconf 82' lang='lat' dir='ltr'><strong>alliciens</strong></span> <span class='ocrx_word' id='word_1_137' title='bbox 1982 2487 1994 2520; x_wconf 91' lang='lat'>:</span> <span class='ocrx_word' id='word_1_138' title='bbox 2023 2467 2140 2534; x_wconf 83' lang='lat' dir='ltr'><strong>Dic,</strong></span> 
     </span>
    </p>
   </div>
   <div class='ocr_carea' id='block_1_23' title="bbox 565 2549 2142 2630">
    <p class='ocr_par' dir='ltr' id='par_1_23' title="bbox 565 2549 2142 2630">
     <span class='ocr_line' id='line_1_23' title="bbox 565 2549 2142 2630; baseline 0.005 -26"><span class='ocrx_word' id='word_1_139' title='bbox 565 2549 766 2621; x_wconf 87' lang='lat' dir='ltr'><strong>inquit,</strong></span> <span class='ocrx_word' id='word_1_140' title='bbox 822 2553 1110 2613; x_wconf 80' lang='lat' dir='ltr'><strong>Macario:</strong></span> <span class='ocrx_word' id='word_1_141' title='bbox 1143 2567 1196 2613; x_wconf 91' lang='lat' dir='ltr'>te</span> <span class='ocrx_word' id='word_1_142' title='bbox 1241 2559 1482 2614; x_wconf 85' lang='lat' dir='ltr'><strong>deterior</strong></span> <span class='ocrx_word' id='word_1_143' title='bbox 1531 2576 1639 2614; x_wconf 90' lang='lat' dir='ltr'>non</span> <span class='ocrx_word' id='word_1_144' title='bbox 1696 2576 1840 2624; x_wconf 89' lang='lat' dir='ltr'><strong>sum,</strong></span> <span class='ocrx_word' id='word_1_145' title='bbox 1890 2559 2036 2630; x_wconf 86' lang='lat' dir='ltr'><strong>quod</strong></span> <span class='ocrx_word' id='word_1_146' title='bbox 2083 2568 2142 2612; x_wconf 92' lang='lat' dir='ltr'>tu</span> 
     </span>
    </p>
   </div>
   <div class='ocr_carea' id='block_1_24' title="bbox 566 2645 2142 2722">
    <p class='ocr_par' dir='ltr' id='par_1_24' title="bbox 566 2645 2142 2722">
     <span class='ocr_line' id='line_1_24' title="bbox 566 2645 2142 2722; baseline 0.004 -26"><span class='ocrx_word' id='word_1_147' title='bbox 566 2645 698 2700; x_wconf 89' lang='lat' dir='ltr'><strong>mihi</strong></span> <span class='ocrx_word' id='word_1_148' title='bbox 743 2664 971 2703; x_wconf 88' lang='lat' dir='ltr'><strong>munera</strong></span> <span class='ocrx_word' id='word_1_149' title='bbox 1019 2651 1228 2706; x_wconf 87' lang='lat' dir='ltr'><strong>mittas.</strong></span> <span class='ocrx_word' id='word_1_150' title='bbox 1265 2652 1443 2718; x_wconf 86' lang='lat' dir='ltr'><strong>Quum</strong></span> <span class='ocrx_word' id='word_1_151' title='bbox 1479 2653 1646 2722; x_wconf 85' lang='lat' dir='ltr'><strong>igitur</strong></span> <span class='ocrx_word' id='word_1_152' title='bbox 1693 2661 1919 2708; x_wconf 88' lang='lat' dir='ltr'><strong>sanctus</strong></span> <span class='ocrx_word' id='word_1_153' title='bbox 1961 2651 2142 2705; x_wconf 85' lang='lat' dir='ltr'><strong>Mara-</strong></span> 
     </span>
    </p>
   </div>
   <div class='ocr_carea' id='block_1_25' title="bbox 565 2737 2143 2816">
    <p class='ocr_par' dir='ltr' id='par_1_25' title="bbox 565 2737 2143 2816">
     <span class='ocr_line' id='line_1_25' title="bbox 565 2737 2143 2816; baseline 0.004 -27"><span class='ocrx_word' id='word_1_154' title='bbox 565 2737 682 2792; x_wconf 85' lang='lat' dir='ltr'><strong>rius</strong></span> <span class='ocrx_word' id='word_1_155' title='bbox 709 2755 832 2792; x_wconf 85' lang='lat' dir='ltr'>eum</span> <span class='ocrx_word' id='word_1_156' title='bbox 865 2740 1152 2812; x_wconf 88' lang='lat' dir='ltr'><strong>deceptum</strong></span> <span class='ocrx_word' id='word_1_157' title='bbox 1183 2759 1307 2799; x_wconf 87' lang='lat' dir='ltr'><strong>esse</strong></span> <span class='ocrx_word' id='word_1_158' title='bbox 1339 2747 1711 2816; x_wconf 75' lang='lat' dir='ltr'><strong>cognovisset.</strong></span> <span class='ocrx_word' id='word_1_159' title='bbox 1759 2745 1893 2798; x_wconf 89' lang='lat' dir='ltr'><strong>abiit</strong></span> <span class='ocrx_word' id='word_1_160' title='bbox 1922 2745 1988 2798; x_wconf 89' lang='lat' dir='ltr'>ad</span> <span class='ocrx_word' id='word_1_161' title='bbox 2018 2758 2143 2798; x_wconf 92' lang='lat' dir='ltr'>eum</span> 
     </span>
    </p>
   </div>
   <div class='ocr_carea' id='block_1_26' title="bbox 564 2828 2142 2906">
    <p class='ocr_par' dir='ltr' id='par_1_26' title="bbox 564 2828 2142 2906">
     <span class='ocr_line' id='line_1_26' title="bbox 564 2828 2142 2906; baseline 0.006 -27"><span class='ocrx_word' id='word_1_162' title='bbox 564 2828 986 2896; x_wconf 88' lang='lat' dir='ltr'><strong>cohortandum,</strong></span> <span class='ocrx_word' id='word_1_163' title='bbox 1015 2841 1068 2887; x_wconf 92' lang='lat' dir='ltr'>et</span> <span class='ocrx_word' id='word_1_164' title='bbox 1097 2853 1109 2888; x_wconf 96' lang='lat'>:</span> <span class='ocrx_word' id='word_1_165' title='bbox 1141 2833 1338 2892; x_wconf 86' lang='lat' dir='ltr'><strong>Valens</strong></span> <span class='ocrx_word' id='word_1_166' title='bbox 1375 2835 1565 2904; x_wconf 86' lang='lat' dir='ltr'><strong>irater,</strong></span> <span class='ocrx_word' id='word_1_167' title='bbox 1592 2838 1789 2906; x_wconf 83' lang='lat' dir='ltr'><strong>inquit,</strong></span> <span class='ocrx_word' id='word_1_168' title='bbox 1824 2838 2020 2891; x_wconf 83' lang='lat' dir='ltr'><strong>illusus</strong></span> <span class='ocrx_word' id='word_1_169' title='bbox 2046 2851 2142 2900; x_wconf 91' lang='lat' dir='ltr'><strong>es;</strong></span> 
     </span>
    </p>
   </div>
   <div class='ocr_carea' id='block_1_27' title="bbox 563 2919 2144 2996">
    <p class='ocr_par' dir='ltr' id='par_1_27' title="bbox 563 2919 2144 2996">
     <span class='ocr_line' id='line_1_27' title="bbox 563 2919 2144 2996; baseline 0.005 -23"><span class='ocrx_word' id='word_1_170' title='bbox 563 2919 753 2976; x_wconf 90' lang='lat' dir='ltr'><strong>desine</strong></span> <span class='ocrx_word' id='word_1_171' title='bbox 783 2933 835 2978; x_wconf 90' lang='lat' dir='ltr'>et</span> <span class='ocrx_word' id='word_1_172' title='bbox 867 2925 1163 2996; x_wconf 90' lang='lat' dir='ltr'><strong>deprecare</strong></span> <span class='ocrx_word' id='word_1_173' title='bbox 1189 2929 1392 2984; x_wconf 89' lang='lat' dir='ltr'><strong>Deum!</strong></span> <span class='ocrx_word' id='word_1_174' title='bbox 1432 2929 1535 2996; x_wconf 86' lang='lat' dir='ltr'><strong>Qui</strong></span> <span class='ocrx_word' id='word_1_175' title='bbox 1565 2929 1994 2984; x_wconf 86' lang='lat' dir='ltr'><strong>admonitionem</strong></span> <span class='ocrx_word' id='word_1_176' title='bbox 2025 2929 2144 2982; x_wconf 91' lang='lat' dir='ltr'><strong>eius</strong></span> 
     </span>
    </p>
   </div>
   <div class='ocr_carea' id='block_1_28' title="bbox 565 3016 2147 3082">
    <p class='ocr_par' dir='ltr' id='par_1_28' title="bbox 565 3016 2147 3082">
     <span class='ocr_line' id='line_1_28' title="bbox 565 3016 2147 3082; baseline 0.005 -17"><span class='ocrx_word' id='word_1_177' title='bbox 565 3027 676 3067; x_wconf 93' lang='lat' dir='ltr'>non</span> <span class='ocrx_word' id='word_1_178' title='bbox 701 3016 928 3082; x_wconf 82' lang='lat' dir='ltr'><strong>audivit,</strong></span> <span class='ocrx_word' id='word_1_179' title='bbox 965 3021 1057 3074; x_wconf 88' lang='lat' dir='ltr'>sed</span> <span class='ocrx_word' id='word_1_180' title='bbox 1087 3022 1410 3076; x_wconf 80' lang='lat' dir='ltr'><strong>innbediens</strong></span> <span class='ocrx_word' id='word_1_181' title='bbox 1433 3024 1726 3075; x_wconf 74' lang='lat' dir='ltr'><strong>oblocutns</strong></span> <span class='ocrx_word' id='word_1_182' title='bbox 1754 3029 1858 3075; x_wconf 88' lang='lat' dir='ltr'><strong>est.</strong></span> <span class='ocrx_word' id='word_1_183' title='bbox 1887 3019 2147 3073; x_wconf 84' lang='lat' dir='ltr'><strong>Diabolus</strong></span> 
     </span>
    </p>
   </div>
   <div class='ocr_carea' id='block_1_29' title="bbox 567 3105 2146 3182">
    <p class='ocr_par' dir='ltr' id='par_1_29' title="bbox 567 3105 2146 3182">
     <span class='ocr_line' id='line_1_29' title="bbox 567 3105 2146 3182; baseline 0.003 -23"><span class='ocrx_word' id='word_1_184' title='bbox 567 3105 737 3176; x_wconf 78' lang='lat' dir='ltr'><strong>igitur</strong></span> <span class='ocrx_word' id='word_1_185' title='bbox 786 3125 954 3178; x_wconf 91' lang='lat' dir='ltr'><strong>quum</strong></span> <span class='ocrx_word' id='word_1_186' title='bbox 1003 3126 1343 3182; x_wconf 88' lang='lat' dir='ltr'><strong>compertum</strong></span> <span class='ocrx_word' id='word_1_187' title='bbox 1390 3115 1641 3179; x_wconf 80' lang='lat' dir='ltr'><strong>haberet,</strong></span> <span class='ocrx_word' id='word_1_188' title='bbox 1694 3113 1984 3167; x_wconf 76' lang='lat' dir='ltr'><strong>maximam</strong></span> <span class='ocrx_word' id='word_1_189' title='bbox 2041 3111 2146 3164; x_wconf 87' lang='lat' dir='ltr'><strong>sibi</strong></span> 
     </span>
    </p>
   </div>
   <div class='ocr_carea' id='block_1_30' title="bbox 1365 391 3005 453">
    <p class='ocr_par' dir='ltr' id='par_1_30' title="bbox 1365 391 3005 453">
     <span class='ocr_line' id='line_1_30' title="bbox 1365 391 3005 453; baseline -0.001 -5"><span class='ocrx_word' id='word_1_190' title='bbox 1365 392 1466 450; x_wconf 90' lang='lat' dir='ltr'>SS.</span> <span class='ocrx_word' id='word_1_191' title='bbox 1505 393 1966 453; x_wconf 76' lang='lat' dir='ltr'>MACARIORUM</span> <span class='ocrx_word' id='word_1_192' title='bbox 2033 393 2358 453; x_wconf 79' lang='lat' dir='ltr'>AEGYPTII</span> <span class='ocrx_word' id='word_1_193' title='bbox 2409 395 2496 451; x_wconf 88' lang='lat' dir='ltr'>ET</span> <span class='ocrx_word' id='word_1_194' title='bbox 2537 391 3005 451; x_wconf 79' lang='lat' dir='ltr'>ALEXANDRINI</span> 
     </span>
    </p>
   </div>
   <div class='ocr_carea' id='block_1_31' title="bbox 2149 522 2195 576">
    <p class='ocr_par' dir='ltr' id='par_1_31' title="bbox 2149 522 2195 576">
     <span class='ocr_line' id='line_1_31' title="bbox 2149 522 2195 576; baseline 0 -2"><span class='ocrx_word' id='word_1_195' title='bbox 2149 522 2195 576; x_wconf 80' lang='grc' dir='ltr'><strong>Α</strong></span> 
     </span>
    </p>
   </div>
   <div class='ocr_carea' id='block_1_32' title="bbox 3686 393 3773 448">
    <p class='ocr_par' dir='ltr' id='par_1_32' title="bbox 3686 393 3773 448">
     <span class='ocr_line' id='line_1_32' title="bbox 3686 393 3773 448; baseline 0.057 -5"><span class='ocrx_word' id='word_1_196' title='bbox 3686 393 3773 448; x_wconf 63' lang='grc' dir='ltr'>θὶοί</span> 
     </span>
    </p>
   </div>
   <div class='ocr_carea' id='block_1_33' title="bbox 2998 509 3032 564">
    <p class='ocr_par' dir='ltr' id='par_1_33' title="bbox 2998 509 3032 564">
     <span class='ocr_line' id='line_1_33' title="bbox 2998 509 3032 564; baseline 0 0"><span class='ocrx_word' id='word_1_197' title='bbox 2998 509 3032 564; x_wconf 76' lang='lat'><strong>3</strong></span> 
     </span>
    </p>
   </div>
   <div class='ocr_carea' id='block_1_34' title="bbox 2751 647 3274 717">
    <p class='ocr_par' dir='ltr' id='par_1_34' title="bbox 2751 647 3274 717">
     <span class='ocr_line' id='line_1_34' title="bbox 2751 647 3274 717; baseline 0.002 -16"><span class='ocrx_word' id='word_1_198' title='bbox 2751 648 2888 717; x_wconf 82' lang='grc' dir='ltr'>Περί</span> <span class='ocrx_word' id='word_1_199' title='bbox 2915 647 3274 711; x_wconf 71' lang='grc' dir='ltr'>Οὐάλεντος.</span> 
     </span>
    </p>
   </div>
   <div class='ocr_carea' id='block_1_35' title="bbox 2300 797 3780 877">
    <p class='ocr_par' dir='ltr' id='par_1_35' title="bbox 2300 797 3780 877">
     <span class='ocr_line' id='line_1_35' title="bbox 2300 797 3780 877; baseline -0.003 -19"><span class='ocrx_word' id='word_1_200' title='bbox 2300 805 2513 877; x_wconf 81' lang='grc' dir='ltr'><strong>Οὐάλης</strong></span> <span class='ocrx_word' id='word_1_201' title='bbox 2537 822 2619 868; x_wconf 91' lang='grc' dir='ltr'>τις</span> <span class='ocrx_word' id='word_1_202' title='bbox 2652 819 2712 858; x_wconf 89' lang='grc' dir='ltr'>το</span> <span class='ocrx_word' id='word_1_203' title='bbox 2744 821 2901 874; x_wconf 86' lang='grc' dir='ltr'>γενος</span> <span class='ocrx_word' id='word_1_204' title='bbox 2942 801 3303 864; x_wconf 83' lang='grc' dir='ltr'>Παλαιστινὸς</span> <span class='ocrx_word' id='word_1_205' title='bbox 3346 799 3445 869; x_wconf 79' lang='grc' dir='ltr'>τὴν</span> <span class='ocrx_word' id='word_1_206' title='bbox 3481 797 3676 869; x_wconf 78' lang='grc' dir='ltr'>ἔρημον</span> <span class='ocrx_word' id='word_1_207' title='bbox 3702 815 3780 853; x_wconf 78' lang='grc' dir='ltr'>κα·</span> 
     </span>
    </p>
   </div>
   <div class='ocr_carea' id='block_1_36' title="bbox 2228 890 3773 968">
    <p class='ocr_par' dir='ltr' id='par_1_36' title="bbox 2228 890 3773 968">
     <span class='ocr_line' id='line_1_36' title="bbox 2228 890 3773 968; baseline -0.005 -18"><span class='ocrx_word' id='word_1_208' title='bbox 2228 897 2478 950; x_wconf 84' lang='grc' dir='ltr'>ταλαϐὼν</span> <span class='ocrx_word' id='word_1_209' title='bbox 2527 896 2708 968; x_wconf 79' lang='grc' dir='ltr'>ᾤκησε</span> <span class='ocrx_word' id='word_1_210' title='bbox 2759 896 2879 968; x_wconf 86' lang='grc' dir='ltr'>μεθ’</span> <span class='ocrx_word' id='word_1_211' title='bbox 2932 896 3090 966; x_wconf 80' lang='grc' dir='ltr'>ἡμῶν</span> <span class='ocrx_word' id='word_1_212' title='bbox 3143 896 3236 948; x_wconf 76' lang='grc' dir='ltr'>ἐπὶ</span> <span class='ocrx_word' id='word_1_213' title='bbox 3289 892 3536 946; x_wconf 84' lang='grc' dir='ltr'>πλεῖστον</span> <span class='ocrx_word' id='word_1_214' title='bbox 3592 890 3773 960; x_wconf 74' lang='grc' dir='ltr'>χρόνον.</span> 
     </span>
    </p>
   </div>
   <div class='ocr_carea' id='block_1_37' title="bbox 2230 982 3779 1061">
    <p class='ocr_par' dir='ltr' id='par_1_37' title="bbox 2230 982 3779 1061">
     <span class='ocr_line' id='line_1_37' title="bbox 2230 982 3779 1061; baseline -0.007 -19"><span class='ocrx_word' id='word_1_215' title='bbox 2230 990 2376 1052; x_wconf 81' lang='grc' dir='ltr'>ὅστις</span> <span class='ocrx_word' id='word_1_216' title='bbox 2409 989 2617 1061; x_wconf 84' lang='grc' dir='ltr'>μεγάλῃ</span> <span class='ocrx_word' id='word_1_217' title='bbox 2653 990 2802 1060; x_wconf 83' lang='grc' dir='ltr'>βιοὺς</span> <span class='ocrx_word' id='word_1_218' title='bbox 2824 989 2870 1020; x_wconf 79' lang='grc'>⁸⁸</span> <span class='ocrx_word' id='word_1_219' title='bbox 2903 986 3299 1059; x_wconf 76' lang='grc' dir='ltr'>σκληραγωγία</span> <span class='ocrx_word' id='word_1_220' title='bbox 3337 983 3400 1036; x_wconf 77' lang='grc' dir='ltr'>τὸ</span> <span class='ocrx_word' id='word_1_221' title='bbox 3428 982 3593 1050; x_wconf 84' lang='grc' dir='ltr'>ἄκρον</span> <span class='ocrx_word' id='word_1_222' title='bbox 3614 983 3654 1012; x_wconf 73' lang='grc'><strong>’⁷</strong></span> <span class='ocrx_word' id='word_1_223' title='bbox 3695 984 3779 1051; x_wconf 85' lang='grc' dir='ltr'>τῆς</span> 
     </span>
    </p>
   </div>
   <div class='ocr_carea' id='block_1_38' title="bbox 2230 1073 3781 1151">
    <p class='ocr_par' dir='ltr' id='par_1_38' title="bbox 2230 1073 3781 1151">
     <span class='ocr_line' id='line_1_38' title="bbox 2230 1073 3781 1151; baseline -0.005 -18"><span class='ocrx_word' id='word_1_224' title='bbox 2230 1081 2517 1151; x_wconf 82' lang='grc' dir='ltr'>ἀσκήσεως</span> <span class='ocrx_word' id='word_1_225' title='bbox 2539 1081 2889 1151; x_wconf 85' lang='grc' dir='ltr'>κατορθώσας</span> <span class='ocrx_word' id='word_1_226' title='bbox 2918 1081 2985 1145; x_wconf 73' lang='grc'>’⁸,</span> <span class='ocrx_word' id='word_1_227' title='bbox 3040 1081 3098 1134; x_wconf 78' lang='grc' dir='ltr'>ἐν</span> <span class='ocrx_word' id='word_1_228' title='bbox 3152 1079 3324 1148; x_wconf 72' lang='grc' dir='ltr'>οἰήσει</span> <span class='ocrx_word' id='word_1_229' title='bbox 3359 1076 3453 1129; x_wconf 72' lang='grc' dir='ltr'>καὶ</span> <span class='ocrx_word' id='word_1_230' title='bbox 3499 1073 3647 1143; x_wconf 82' lang='grc' dir='ltr'>τύφῳ</span> <span class='ocrx_word' id='word_1_231' title='bbox 3694 1074 3781 1126; x_wconf 79' lang='grc' dir='ltr'>ὑπὸ</span> 
     </span>
    </p>
   </div>
   <div class='ocr_carea' id='block_1_39' title="bbox 2231 1165 3780 1243">
    <p class='ocr_par' dir='ltr' id='par_1_39' title="bbox 2231 1165 3780 1243">
     <span class='ocr_line' id='line_1_39' title="bbox 2231 1165 3780 1243; baseline -0.005 -17"><span class='ocrx_word' id='word_1_232' title='bbox 2231 1172 2484 1243; x_wconf 86' lang='grc' dir='ltr'>δαίμονος</span> <span class='ocrx_word' id='word_1_233' title='bbox 2512 1172 2850 1243; x_wconf 84' lang='grc' dir='ltr'>χλευασθείς,</span> <span class='ocrx_word' id='word_1_234' title='bbox 2882 1174 2976 1227; x_wconf 78' lang='grc' dir='ltr'>καὶ</span> <span class='ocrx_word' id='word_1_235' title='bbox 3021 1171 3126 1225; x_wconf 78' lang='grc' dir='ltr'>ὑπὸ</span> <span class='ocrx_word' id='word_1_236' title='bbox 3161 1168 3256 1224; x_wconf 81' lang='grc' dir='ltr'>τοῦ</span> <span class='ocrx_word' id='word_1_237' title='bbox 3291 1167 3532 1222; x_wconf 88' lang='grc' dir='ltr'>τοιούτου</span> <span class='ocrx_word' id='word_1_238' title='bbox 3563 1165 3780 1236; x_wconf 76' lang='grc' dir='ltr'>ὀλεθρίου</span> 
     </span>
    </p>
   </div>
   <div class='ocr_carea' id='block_1_40' title="bbox 2234 1257 3782 1338">
    <p class='ocr_par' dir='ltr' id='par_1_40' title="bbox 2234 1257 3782 1338">
     <span class='ocr_line' id='line_1_40' title="bbox 2234 1257 3782 1338; baseline -0.007 -18"><span class='ocrx_word' id='word_1_239' title='bbox 2234 1269 2439 1330; x_wconf 89' lang='grc' dir='ltr'>πάθους</span> <span class='ocrx_word' id='word_1_240' title='bbox 2464 1266 2605 1320; x_wconf 84' lang='grc' dir='ltr'>κατὰ</span> <span class='ocrx_word' id='word_1_241' title='bbox 2637 1267 2832 1338; x_wconf 77' lang='grc' dir='ltr'>μικρὸν</span> <span class='ocrx_word' id='word_1_242' title='bbox 2856 1264 3234 1336; x_wconf 84' lang='grc' dir='ltr'>ἀπατώμενος,</span> <span class='ocrx_word' id='word_1_243' title='bbox 3263 1261 3360 1332; x_wconf 84' lang='grc' dir='ltr'>τὴν</span> <span class='ocrx_word' id='word_1_244' title='bbox 3382 1259 3616 1312; x_wconf 83' lang='grc' dir='ltr'>διάνοιαν</span> <span class='ocrx_word' id='word_1_245' title='bbox 3639 1257 3782 1310; x_wconf 76' lang='grc' dir='ltr'>αὐτοῦ</span> 
     </span>
    </p>
   </div>
   <div class='ocr_carea' id='block_1_41' title="bbox 2236 1348 3783 1432">
    <p class='ocr_par' dir='ltr' id='par_1_41' title="bbox 2236 1348 3783 1432">
     <span class='ocr_line' id='line_1_41' title="bbox 2236 1348 3783 1432; baseline -0.008 -19"><span class='ocrx_word' id='word_1_246' title='bbox 2236 1359 2615 1432; x_wconf 81' lang='grc' dir='ltr'>παρεσκεύασε</span> <span class='ocrx_word' id='word_1_247' title='bbox 2671 1358 3176 1430; x_wconf 79' lang='grc' dir='ltr'>μεγαλοφρονῆσαι,</span> <span class='ocrx_word' id='word_1_248' title='bbox 3235 1353 3311 1416; x_wconf 83' lang='grc' dir='ltr'>ὡς</span> <span class='ocrx_word' id='word_1_249' title='bbox 3365 1349 3609 1420; x_wconf 83' lang='grc' dir='ltr'>ἀγγέλων</span> <span class='ocrx_word' id='word_1_250' title='bbox 3657 1348 3783 1418; x_wconf 79' lang='grc' dir='ltr'>αὑτῷ</span> 
     </span>
    </p>
   </div>
   <div class='ocr_carea' id='block_1_42' title="bbox 2237 1441 3784 1522">
    <p class='ocr_par' dir='ltr' id='par_1_42' title="bbox 2237 1441 3784 1522">
     <span class='ocr_line' id='line_1_42' title="bbox 2237 1441 3784 1522; baseline -0.008 -17"><span class='ocrx_word' id='word_1_251' title='bbox 2237 1451 2706 1522; x_wconf 88' lang='grc' dir='ltr'>συντυγχανόντων</span> <span class='ocrx_word' id='word_1_252' title='bbox 2731 1450 2912 1504; x_wconf 75' lang='grc' dir='ltr'>καὶτὰ</span> <span class='ocrx_word' id='word_1_253' title='bbox 2938 1449 3072 1521; x_wconf 77' lang='grc' dir='ltr'>πρὸς</span> <span class='ocrx_word' id='word_1_254' title='bbox 3095 1445 3330 1514; x_wconf 80' lang='grc' dir='ltr'>ἑκάστην</span> <span class='ocrx_word' id='word_1_255' title='bbox 3355 1441 3627 1496; x_wconf 80' lang='grc' dir='ltr'>διακονίαν</span> <span class='ocrx_word' id='word_1_256' title='bbox 3660 1441 3784 1509; x_wconf 69' lang='grc' dir='ltr'>αὐτῷ</span> 
     </span>
    </p>
   </div>
   <div class='ocr_carea' id='block_1_43' title="bbox 2237 1531 3782 1616">
    <p class='ocr_par' dir='ltr' id='par_1_43' title="bbox 2237 1531 3782 1616">
     <span class='ocr_line' id='line_1_43' title="bbox 2237 1531 3782 1616; baseline -0.012 -17"><span class='ocrx_word' id='word_1_257' title='bbox 2237 1545 2684 1616; x_wconf 79' lang='grc' dir='ltr'>εύτρεπιξόντων.</span> <span class='ocrx_word' id='word_1_258' title='bbox 2730 1543 2824 1597; x_wconf 89' lang='grc' dir='ltr'>καί</span> <span class='ocrx_word' id='word_1_259' title='bbox 2882 1559 3012 1596; x_wconf 89' lang='grc' dir='ltr'>ποτε</span> <span class='ocrx_word' id='word_1_260' title='bbox 3073 1537 3309 1609; x_wconf 87' lang='grc' dir='ltr'>σπυρίδα</span> <span class='ocrx_word' id='word_1_261' title='bbox 3361 1535 3655 1606; x_wconf 81' lang='grc' dir='ltr'>ῥάπτοντος</span> <span class='ocrx_word' id='word_1_262' title='bbox 3699 1531 3782 1582; x_wconf 54' lang='lat' dir='ltr'><strong>at).</strong></span> 
     </span>
    </p>
   </div>
   <div class='ocr_carea' id='block_1_44' title="bbox 2235 1622 3785 1707">
    <p class='ocr_par' dir='ltr' id='par_1_44' title="bbox 2235 1622 3785 1707">
     <span class='ocr_line' id='line_1_44' title="bbox 2235 1622 3785 1707; baseline -0.012 -17"><span class='ocrx_word' id='word_1_263' title='bbox 2235 1637 2328 1690; x_wconf 78' lang='grc' dir='ltr'>τοῦ</span> <span class='ocrx_word' id='word_1_264' title='bbox 2353 1639 2420 1703; x_wconf 69' lang='grc' dir='ltr'>υ,</span> <span class='ocrx_word' id='word_1_265' title='bbox 2441 1636 2516 1700; x_wconf 84' lang='grc' dir='ltr'>ὡς</span> <span class='ocrx_word' id='word_1_266' title='bbox 2535 1637 2816 1707; x_wconf 75' lang='grc' dir='ltr'>διηγοῦντο</span> <span class='ocrx_word' id='word_1_267' title='bbox 2838 1636 2888 1690; x_wconf 86' lang='grc' dir='ltr'>οἱ</span> <span class='ocrx_word' id='word_1_268' title='bbox 2910 1632 3098 1687; x_wconf 89' lang='grc' dir='ltr'>τούτου</span> <span class='ocrx_word' id='word_1_269' title='bbox 3124 1629 3392 1700; x_wconf 87' lang='grc' dir='ltr'>συνήθεις,</span> <span class='ocrx_word' id='word_1_270' title='bbox 3415 1626 3500 1678; x_wconf 83' lang='grc' dir='ltr'>ὅτι</span> <span class='ocrx_word' id='word_1_271' title='bbox 3521 1624 3578 1675; x_wconf 76' lang='grc' dir='ltr'>ἐν</span> <span class='ocrx_word' id='word_1_272' title='bbox 3602 1622 3785 1691; x_wconf 66' lang='grc' dir='ltr'>ἑσπέρα</span> 
     </span>
    </p>
   </div>
   <div class='ocr_carea' id='block_1_45' title="bbox 2241 1710 3783 1800">
    <p class='ocr_par' dir='ltr' id='par_1_45' title="bbox 2241 1710 3783 1800">
     <span class='ocr_line' id='line_1_45' title="bbox 2241 1710 3783 1800; baseline -0.012 -18"><span class='ocrx_word' id='word_1_273' title='bbox 2241 1728 2462 1800; x_wconf 79' lang='grc' dir='ltr'>βαθείας</span> <span class='ocrx_word' id='word_1_274' title='bbox 2496 1728 2714 1790; x_wconf 82' lang='grc' dir='ltr'>σκοτίας</span> <span class='ocrx_word' id='word_1_275' title='bbox 2745 1725 2913 1796; x_wconf 72' lang='grc' dir='ltr'>οὔσης</span> <span class='ocrx_word' id='word_1_276' title='bbox 2948 1725 3048 1794; x_wconf 77' lang='grc' dir='ltr'>τῆς</span> <span class='ocrx_word' id='word_1_277' title='bbox 3100 1721 3322 1792; x_wconf 82' lang='grc' dir='ltr'>βελόνης</span> <span class='ocrx_word' id='word_1_278' title='bbox 3372 1710 3706 1780; x_wconf 80' lang='grc' dir='ltr'>ἐκπεσούσης</span> <span class='ocrx_word' id='word_1_279' title='bbox 3731 1711 3783 1771; x_wconf 58' lang='grc' dir='ltr'>δ’,</span> 
     </span>
    </p>
   </div>
   <div class='ocr_carea' id='block_1_46' title="bbox 2240 1799 3784 1888">
    <p class='ocr_par' dir='ltr' id='par_1_46' title="bbox 2240 1799 3784 1888">
     <span class='ocr_line' id='line_1_46' title="bbox 2240 1799 3784 1888; baseline -0.013 -19"><span class='ocrx_word' id='word_1_280' title='bbox 2240 1799 2296 1869; x_wconf 75' lang='grc' dir='ltr'>έν</span> <span class='ocrx_word' id='word_1_281' title='bbox 2335 1811 2899 1888; x_wconf 76' lang='grc' dir='ltr'>ᾗκατέρραπτ[ασ]εν,</span> <span class='ocrx_word' id='word_1_282' title='bbox 2919 1811 3012 1865; x_wconf 79' lang='grc' dir='ltr'>καὶ</span> <span class='ocrx_word' id='word_1_283' title='bbox 3039 1810 3116 1884; x_wconf 77' lang='grc' dir='ltr'>μὴ</span> <span class='ocrx_word' id='word_1_284' title='bbox 3141 1808 3488 1881; x_wconf 79' lang='grc' dir='ltr'>εὑρίσκοντος</span> <span class='ocrx_word' id='word_1_285' title='bbox 3541 1801 3702 1870; x_wconf 66' lang='grc' dir='ltr'>αὐτὴν</span> <span class='ocrx_word' id='word_1_286' title='bbox 3731 1799 3784 1857; x_wconf 74' lang='grc'>⁸⁸,</span> 
     </span>
    </p>
   </div>
   <div class='ocr_carea' id='block_1_47' title="bbox 2239 1891 3787 1979">
    <p class='ocr_par' dir='ltr' id='par_1_47' title="bbox 2239 1891 3787 1979">
     <span class='ocr_line' id='line_1_47' title="bbox 2239 1891 3787 1979; baseline -0.012 -18"><span class='ocrx_word' id='word_1_287' title='bbox 2239 1908 2497 1979; x_wconf 81' lang='grc' dir='ltr'>λαμπάδα</span> <span class='ocrx_word' id='word_1_288' title='bbox 2541 1905 2689 1976; x_wconf 84' lang='grc' dir='ltr'>αὐτῷ</span> <span class='ocrx_word' id='word_1_289' title='bbox 2715 1907 2744 1958; x_wconf 97' lang='lat'>6</span> <span class='ocrx_word' id='word_1_290' title='bbox 2774 1904 2984 1975; x_wconf 88' lang='grc' dir='ltr'>δαίμων</span> <span class='ocrx_word' id='word_1_291' title='bbox 3031 1901 3353 1971; x_wconf 86' lang='grc' dir='ltr'>πεποίηκεν,</span> <span class='ocrx_word' id='word_1_292' title='bbox 3393 1893 3470 1958; x_wconf 86' lang='grc' dir='ltr'>ὡς</span> <span class='ocrx_word' id='word_1_293' title='bbox 3500 1894 3598 1946; x_wconf 73' lang='grc' dir='ltr'>καὶ</span> <span class='ocrx_word' id='word_1_294' title='bbox 3635 1891 3787 1960; x_wconf 84' lang='grc' dir='ltr'>εύρείν</span> 
     </span>
    </p>
   </div>
   <div class='ocr_carea' id='block_1_48' title="bbox 2237 1978 3790 2068">
    <p class='ocr_par' dir='ltr' id='par_1_48' title="bbox 2237 1978 3790 2068">
     <span class='ocr_line' id='line_1_48' title="bbox 2237 1978 3790 2068; baseline -0.006 -19"><span class='ocrx_word' id='word_1_295' title='bbox 2237 1978 2334 2068; x_wconf 83' lang='grc' dir='ltr'>τὴν</span> <span class='ocrx_word' id='word_1_296' title='bbox 2362 1996 2602 2066; x_wconf 79' lang='grc' dir='ltr'>βελόνην,</span> <span class='ocrx_word' id='word_1_297' title='bbox 2632 1995 2726 2047; x_wconf 73' lang='grc' dir='ltr'>καὶ</span> <span class='ocrx_word' id='word_1_298' title='bbox 2761 1994 2851 2046; x_wconf 73' lang='grc' dir='ltr'>ἐπὶ</span> <span class='ocrx_word' id='word_1_299' title='bbox 2886 1992 3060 2062; x_wconf 86' lang='grc' dir='ltr'>τούτῳ</span> <span class='ocrx_word' id='word_1_300' title='bbox 3093 1989 3254 2044; x_wconf 89' lang='grc' dir='ltr'>πάλιν</span> <span class='ocrx_word' id='word_1_301' title='bbox 3280 1987 3324 2018; x_wconf 77' lang='grc'>³¹</span> <span class='ocrx_word' id='word_1_302' title='bbox 3363 1985 3515 2053; x_wconf 74' lang='grc' dir='ltr'>ὄγκῳ</span> <span class='ocrx_word' id='word_1_303' title='bbox 3547 1978 3682 2048; x_wconf 83' lang='grc' dir='ltr'>κενῷ</span> <span class='ocrx_word' id='word_1_304' title='bbox 3710 1996 3790 2048; x_wconf 63' lang='grc' dir='ltr'>φν-</span> 
     </span>
    </p>
   </div>
   <div class='ocr_carea' id='block_1_49' title="bbox 2241 2071 3790 2156">
    <p class='ocr_par' dir='ltr' id='par_1_49' title="bbox 2241 2071 3790 2156">
     <span class='ocr_line' id='line_1_49' title="bbox 2241 2071 3790 2156; baseline -0.012 -17"><span class='ocrx_word' id='word_1_305' title='bbox 2241 2087 2466 2156; x_wconf 85' lang='grc' dir='ltr'>σηθῆναι</span> <span class='ocrx_word' id='word_1_306' title='bbox 2485 2087 2576 2140; x_wconf 87' lang='grc' dir='ltr'>τὸν</span> <span class='ocrx_word' id='word_1_307' title='bbox 2601 2086 2801 2139; x_wconf 82' lang='grc' dir='ltr'>ἄθλιον.</span> <span class='ocrx_word' id='word_1_308' title='bbox 2833 2086 2952 2137; x_wconf 85' lang='grc' dir='ltr'>κατ’</span> <span class='ocrx_word' id='word_1_309' title='bbox 2981 2081 3290 2151; x_wconf 73' lang='grc' dir='ltr'>οἰκονομίαν</span> <span class='ocrx_word' id='word_1_310' title='bbox 3320 2076 3377 2130; x_wconf 79' lang='grc' dir='ltr'>δὲ</span> <span class='ocrx_word' id='word_1_311' title='bbox 3405 2074 3499 2127; x_wconf 81' lang='grc' dir='ltr'>τοῦ</span> <span class='ocrx_word' id='word_1_312' title='bbox 3532 2071 3663 2124; x_wconf 79' lang='grc' dir='ltr'>Θεοῦ</span> <span class='ocrx_word' id='word_1_313' title='bbox 3685 2071 3790 2123; x_wconf 78' lang='grc' dir='ltr'>θᾶτ-</span> 
     </span>
    </p>
   </div>
   <div class='ocr_carea' id='block_1_50' title="bbox 2238 2163 3789 2249">
    <p class='ocr_par' dir='ltr' id='par_1_50' title="bbox 2238 2163 3789 2249">
     <span class='ocr_line' id='line_1_50' title="bbox 2238 2163 3789 2249; baseline -0.012 -18"><span class='ocrx_word' id='word_1_314' title='bbox 2238 2196 2328 2231; x_wconf 88' lang='grc' dir='ltr'>τον</span> <span class='ocrx_word' id='word_1_315' title='bbox 2354 2181 2420 2249; x_wconf 82' lang='grc' dir='ltr'>τῇ</span> <span class='ocrx_word' id='word_1_316' title='bbox 2448 2178 2766 2248; x_wconf 73' lang='grc' dir='ltr'>ἀδελφότητι</span> <span class='ocrx_word' id='word_1_317' title='bbox 2795 2179 2828 2246; x_wconf 75' lang='grc' dir='ltr'>ἡ</span> <span class='ocrx_word' id='word_1_318' title='bbox 2858 2175 3049 2228; x_wconf 88' lang='grc' dir='ltr'>τούτου</span> <span class='ocrx_word' id='word_1_319' title='bbox 3087 2171 3256 2242; x_wconf 88' lang='grc' dir='ltr'>βλάϐη</span> <span class='ocrx_word' id='word_1_320' title='bbox 3280 2165 3583 2236; x_wconf 78' lang='grc' dir='ltr'>κατάδηλος</span> <span class='ocrx_word' id='word_1_321' title='bbox 3605 2163 3789 2231; x_wconf 82' lang='grc' dir='ltr'>γέ;,ὀνε.</span> 
     </span>
    </p>
   </div>
   <div class='ocr_carea' id='block_1_51' title="bbox 2242 2254 3789 2339">
    <p class='ocr_par' dir='ltr' id='par_1_51' title="bbox 2242 2254 3789 2339">
     <span class='ocr_line' id='line_1_51' title="bbox 2242 2254 3789 2339; baseline -0.012 -17"><span class='ocrx_word' id='word_1_322' title='bbox 2242 2271 2439 2339; x_wconf 85' lang='grc' dir='ltr'>συνέϐη</span> <span class='ocrx_word' id='word_1_323' title='bbox 2486 2269 2671 2334; x_wconf 79' lang='grc' dir='ltr'>ξένους</span> <span class='ocrx_word' id='word_1_324' title='bbox 2714 2268 2866 2332; x_wconf 77' lang='grc' dir='ltr'>τινας</span> <span class='ocrx_word' id='word_1_325' title='bbox 2912 2265 3134 2337; x_wconf 81' lang='grc' dir='ltr'>ὀπώρας</span> <span class='ocrx_word' id='word_1_326' title='bbox 3185 2264 3426 2331; x_wconf 77' lang='grc' dir='ltr'>ἐνεγκεῖν</span> <span class='ocrx_word' id='word_1_327' title='bbox 3470 2260 3541 2327; x_wconf 83' lang='grc' dir='ltr'>τῇ</span> <span class='ocrx_word' id='word_1_328' title='bbox 3593 2254 3789 2321; x_wconf 84' lang='grc' dir='ltr'>ἀδελφό-</span> 
     </span>
    </p>
   </div>
   <div class='ocr_carea' id='block_1_52' title="bbox 2239 2346 3794 2432">
    <p class='ocr_par' dir='ltr' id='par_1_52' title="bbox 2239 2346 3794 2432">
     <span class='ocr_line' id='line_1_52' title="bbox 2239 2346 3794 2432; baseline -0.015 -12"><span class='ocrx_word' id='word_1_329' title='bbox 2239 2379 2361 2430; x_wconf 59' lang='grc' dir='ltr'>τηςι</span> <span class='ocrx_word' id='word_1_330' title='bbox 2385 2362 2450 2414; x_wconf 82' lang='grc'>³³.</span> <span class='ocrx_word' id='word_1_331' title='bbox 2485 2363 2514 2415; x_wconf 97' lang='lat'>6</span> <span class='ocrx_word' id='word_1_332' title='bbox 2568 2362 2626 2414; x_wconf 80' lang='grc' dir='ltr'>δὲ</span> <span class='ocrx_word' id='word_1_333' title='bbox 2662 2363 2848 2432; x_wconf 88' lang='grc' dir='ltr'>κύριος</span> <span class='ocrx_word' id='word_1_334' title='bbox 2897 2359 3181 2430; x_wconf 85' lang='grc' dir='ltr'>Μακάριος</span> <span class='ocrx_word' id='word_1_335' title='bbox 3227 2357 3256 2408; x_wconf 90' lang='lat'>6</span> <span class='ocrx_word' id='word_1_336' title='bbox 3299 2351 3665 2424; x_wconf 86' lang='grc' dir='ltr'>πρεσϐύτερος</span> <span class='ocrx_word' id='word_1_337' title='bbox 3710 2346 3794 2398; x_wconf 74' lang='grc' dir='ltr'>ἀτ-</span> 
     </span>
    </p>
   </div>
   <div class='ocr_carea' id='block_1_53' title="bbox 2243 2438 3795 2524">
    <p class='ocr_par' dir='ltr' id='par_1_53' title="bbox 2243 2438 3795 2524">
     <span class='ocr_line' id='line_1_53' title="bbox 2243 2438 3795 2524; baseline -0.012 -18"><span class='ocrx_word' id='word_1_338' title='bbox 2243 2453 2450 2506; x_wconf 84' lang='grc' dir='ltr'>ἐστειλε</span> <span class='ocrx_word' id='word_1_339' title='bbox 2482 2453 2618 2524; x_wconf 82' lang='grc' dir='ltr'>πρὸς</span> <span class='ocrx_word' id='word_1_340' title='bbox 2647 2453 2826 2524; x_wconf 88' lang='grc' dir='ltr'>δράκα</span> <span class='ocrx_word' id='word_1_341' title='bbox 2843 2451 3057 2520; x_wconf 79' lang='grc' dir='ltr'>ἑκάστῳ</span> <span class='ocrx_word' id='word_1_342' title='bbox 3078 2450 3157 2511; x_wconf 84' lang='grc' dir='ltr'>είς</span> <span class='ocrx_word' id='word_1_343' title='bbox 3174 2446 3244 2500; x_wconf 85' lang='grc' dir='ltr'>τά</span> <span class='ocrx_word' id='word_1_344' title='bbox 3262 2444 3472 2506; x_wconf 87' lang='grc' dir='ltr'>κελλία,</span> <span class='ocrx_word' id='word_1_345' title='bbox 3501 2440 3698 2511; x_wconf 87' lang='grc' dir='ltr'>ὁμοίως</span> <span class='ocrx_word' id='word_1_346' title='bbox 3717 2438 3795 2490; x_wconf 67' lang='grc' dir='ltr'>καὶ</span> 
     </span>
    </p>
   </div>
   <div class='ocr_carea' id='block_1_54' title="bbox 2240 2531 3794 2616">
    <p class='ocr_par' dir='ltr' id='par_1_54' title="bbox 2240 2531 3794 2616">
     <span class='ocr_line' id='line_1_54' title="bbox 2240 2531 3794 2616; baseline -0.011 -17"><span class='ocrx_word' id='word_1_347' title='bbox 2240 2545 2418 2616; x_wconf 83' lang='grc' dir='ltr'>τούτῳ</span> <span class='ocrx_word' id='word_1_348' title='bbox 2443 2545 2520 2615; x_wconf 81' lang='grc' dir='ltr'>τῷ</span> <span class='ocrx_word' id='word_1_349' title='bbox 2560 2545 2728 2614; x_wconf 81' lang='grc' dir='ltr'>ἀθλίῳ</span> <span class='ocrx_word' id='word_1_350' title='bbox 2751 2543 2933 2615; x_wconf 80' lang='grc' dir='ltr'>υύάλῃ</span> <span class='ocrx_word' id='word_1_351' title='bbox 2959 2541 3026 2596; x_wconf 74' lang='grc'>³⁵.</span> <span class='ocrx_word' id='word_1_352' title='bbox 3063 2543 3092 2594; x_wconf 94' lang='lat'>6</span> <span class='ocrx_word' id='word_1_353' title='bbox 3130 2541 3187 2594; x_wconf 85' lang='grc' dir='ltr'>δὲ</span> <span class='ocrx_word' id='word_1_354' title='bbox 3209 2539 3302 2593; x_wconf 82' lang='grc' dir='ltr'>τὸν</span> <span class='ocrx_word' id='word_1_355' title='bbox 3329 2537 3636 2608; x_wconf 85' lang='grc' dir='ltr'>κομίσαντα</span> <span class='ocrx_word' id='word_1_356' title='bbox 3658 2531 3794 2599; x_wconf 66' lang='grc' dir='ltr'>ἔτυψε</span> 
     </span>
    </p>
   </div>
   <div class='ocr_carea' id='block_1_55' title="bbox 2242 2621 3796 2709">
    <p class='ocr_par' dir='ltr' id='par_1_55' title="bbox 2242 2621 3796 2709">
     <span class='ocr_line' id='line_1_55' title="bbox 2242 2621 3796 2709; baseline -0.012 -16"><span class='ocrx_word' id='word_1_357' title='bbox 2242 2641 2336 2693; x_wconf 74' lang='grc' dir='ltr'>καὶ</span> <span class='ocrx_word' id='word_1_358' title='bbox 2377 2639 2562 2709; x_wconf 75' lang='grc' dir='ltr'>ὕϐρισε</span> <span class='ocrx_word' id='word_1_359' title='bbox 2586 2639 2628 2670; x_wconf 85' lang='grc'>³⁵</span> <span class='ocrx_word' id='word_1_360' title='bbox 2661 2638 2853 2705; x_wconf 89' lang='grc' dir='ltr'>λέγων·</span> <span class='ocrx_word' id='word_1_361' title='bbox 2894 2635 3012 2688; x_wconf 79' lang='grc' dir='ltr'>είπὲ</span> <span class='ocrx_word' id='word_1_362' title='bbox 3044 2633 3121 2705; x_wconf 80' lang='grc' dir='ltr'>τῷ</span> <span class='ocrx_word' id='word_1_363' title='bbox 3151 2633 3196 2665; x_wconf 75' lang='grc'>³⁸</span> <span class='ocrx_word' id='word_1_364' title='bbox 3243 2630 3551 2702; x_wconf 81' lang='grc' dir='ltr'>Μακαρίῳ,</span> <span class='ocrx_word' id='word_1_365' title='bbox 3581 2627 3676 2679; x_wconf 83' lang='grc' dir='ltr'>ούκ</span> <span class='ocrx_word' id='word_1_366' title='bbox 3703 2621 3796 2692; x_wconf 83' lang='grc' dir='ltr'>εἰμί</span> 
     </span>
    </p>
   </div>
   <div class='ocr_carea' id='block_1_56' title="bbox 2247 2715 3796 2799">
    <p class='ocr_par' dir='ltr' id='par_1_56' title="bbox 2247 2715 3796 2799">
     <span class='ocr_line' id='line_1_56' title="bbox 2247 2715 3796 2799; baseline -0.01 -19"><span class='ocrx_word' id='word_1_367' title='bbox 2247 2745 2340 2782; x_wconf 91' lang='grc' dir='ltr'>σου</span> <span class='ocrx_word' id='word_1_368' title='bbox 2381 2729 2577 2799; x_wconf 90' lang='grc' dir='ltr'>χείρων</span> <span class='ocrx_word' id='word_1_369' title='bbox 2603 2728 2668 2792; x_wconf 79' lang='grc'>³⁷,</span> <span class='ocrx_word' id='word_1_370' title='bbox 2705 2727 2792 2778; x_wconf 84' lang='grc' dir='ltr'>ἵνα</span> <span class='ocrx_word' id='word_1_371' title='bbox 2833 2727 2898 2779; x_wconf 88' lang='grc' dir='ltr'>σύ</span> <span class='ocrx_word' id='word_1_372' title='bbox 2942 2742 3031 2795; x_wconf 86' lang='grc' dir='ltr'>μοι</span> <span class='ocrx_word' id='word_1_373' title='bbox 3071 2721 3318 2793; x_wconf 78' lang='grc' dir='ltr'>εὐλογίαν</span> <span class='ocrx_word' id='word_1_374' title='bbox 3347 2721 3392 2753; x_wconf 84' lang='grc'>³⁸</span> <span class='ocrx_word' id='word_1_375' title='bbox 3439 2719 3682 2788; x_wconf 79' lang='grc' dir='ltr'>πέμπῃς.</span> <span class='ocrx_word' id='word_1_376' title='bbox 3722 2715 3796 2766; x_wconf 72' lang='grc' dir='ltr'>καὶ</span> 
     </span>
    </p>
   </div>
   <div class='ocr_carea' id='block_1_57' title="bbox 2245 2806 3797 2891">
    <p class='ocr_par' dir='ltr' id='par_1_57' title="bbox 2245 2806 3797 2891">
     <span class='ocr_line' id='line_1_57' title="bbox 2245 2806 3797 2891; baseline -0.01 -18"><span class='ocrx_word' id='word_1_377' title='bbox 2245 2822 2406 2891; x_wconf 80' lang='grc' dir='ltr'>γνοὺς</span> <span class='ocrx_word' id='word_1_378' title='bbox 2455 2822 2483 2871; x_wconf 90' lang='lat'>6</span> <span class='ocrx_word' id='word_1_379' title='bbox 2531 2819 2685 2888; x_wconf 73' lang='grc' dir='ltr'>ἅγιος</span> <span class='ocrx_word' id='word_1_380' title='bbox 2728 2819 3009 2887; x_wconf 80' lang='grc' dir='ltr'>Μακάριος</span> <span class='ocrx_word' id='word_1_381' title='bbox 3055 2816 3154 2887; x_wconf 82' lang='grc' dir='ltr'>τὴν</span> <span class='ocrx_word' id='word_1_382' title='bbox 3201 2814 3410 2883; x_wconf 82' lang='grc' dir='ltr'>πλάνην</span> <span class='ocrx_word' id='word_1_383' title='bbox 3461 2809 3667 2870; x_wconf 73' lang='grc' dir='ltr'>αὑτοῦ,</span> <span class='ocrx_word' id='word_1_384' title='bbox 3701 2806 3797 2876; x_wconf 72' lang='grc' dir='ltr'>μεθ’</span> 
     </span>
    </p>
   </div>
   <div class='ocr_carea' id='block_1_58' title="bbox 2247 2898 3798 2984">
    <p class='ocr_par' dir='ltr' id='par_1_58' title="bbox 2247 2898 3798 2984">
     <span class='ocr_line' id='line_1_58' title="bbox 2247 2898 3798 2984; baseline -0.014 -15"><span class='ocrx_word' id='word_1_385' title='bbox 2247 2913 2458 2984; x_wconf 81' lang='grc' dir='ltr'>ἡμέρας</span> <span class='ocrx_word' id='word_1_386' title='bbox 2485 2913 2528 2942; x_wconf 70' lang='grc'>³⁸</span> <span class='ocrx_word' id='word_1_387' title='bbox 2587 2910 2793 2982; x_wconf 84' lang='grc' dir='ltr'>ἀπῆλθε</span> <span class='ocrx_word' id='word_1_388' title='bbox 2855 2909 3232 2979; x_wconf 69' lang='grc' dir='ltr'>παρακαλέσαι</span> <span class='ocrx_word' id='word_1_389' title='bbox 3280 2905 3464 2962; x_wconf 83' lang='grc' dir='ltr'>αὐτόν.</span> <span class='ocrx_word' id='word_1_390' title='bbox 3543 2902 3636 2957; x_wconf 72' lang='grc' dir='ltr'>καὶ</span> <span class='ocrx_word' id='word_1_391' title='bbox 3677 2898 3798 2966; x_wconf 81' lang='grc' dir='ltr'>λέγει</span> 
     </span>
    </p>
   </div>
   <div class='ocr_carea' id='block_1_59' title="bbox 2247 2993 3800 3075">
    <p class='ocr_par' dir='ltr' id='par_1_59' title="bbox 2247 2993 3800 3075">
     <span class='ocr_line' id='line_1_59' title="bbox 2247 2993 3800 3075; baseline -0.024 4"><span class='ocrx_word' id='word_1_392' title='bbox 2247 3005 2396 3075; x_wconf 62' lang='grc' dir='ltr'>αὐτῷ</span> <span class='ocrx_word' id='word_1_393' title='bbox 2422 3020 2434 3033; x_wconf 85' lang='grc'><em>’</em></span> <span class='ocrx_word' id='word_1_394' title='bbox 2465 3005 2661 3074; x_wconf 71' lang='grc' dir='ltr'>ἀδελφὲ</span> <span class='ocrx_word' id='word_1_395' title='bbox 2693 3003 2873 3074; x_wconf 74' lang='grc' dir='ltr'>Οὐάλη</span> <span class='ocrx_word' id='word_1_396' title='bbox 2895 3042 2909 3066; x_wconf 67' lang='grc' dir='ltr'><strong>ν</strong></span> <span class='ocrx_word' id='word_1_397' title='bbox 2950 3001 3279 3071; x_wconf 72' lang='grc' dir='ltr'>ἐνεπαίχθης</span> <span class='ocrx_word' id='word_1_398' title='bbox 3302 3016 3315 3029; x_wconf 86' lang='grc'><strong><em>⁸</em></strong></span> <span class='ocrx_word' id='word_1_399' title='bbox 3346 2997 3559 3050; x_wconf 77' lang='grc' dir='ltr'>παῦσαι</span> <span class='ocrx_word' id='word_1_400' title='bbox 3591 2994 3680 3046; x_wconf 75' lang='grc' dir='ltr'>καὶ</span> <span class='ocrx_word' id='word_1_401' title='bbox 3703 2993 3800 3062; x_wconf 48' lang='lat'>63+.-</span> 
     </span>
    </p>
   </div>
   <div class='ocr_carea' id='block_1_60' title="bbox 2251 3090 3799 3168">
    <p class='ocr_par' dir='ltr' id='par_1_60' title="bbox 2251 3090 3799 3168">
     <span class='ocr_line' id='line_1_60' title="bbox 2251 3090 3799 3168; baseline -0.009 -17"><span class='ocrx_word' id='word_1_402' title='bbox 2251 3097 2373 3167; x_wconf 86' lang='grc' dir='ltr'>θητι</span> <span class='ocrx_word' id='word_1_403' title='bbox 2425 3097 2519 3150; x_wconf 81' lang='grc' dir='ltr'>τοῦ</span> <span class='ocrx_word' id='word_1_404' title='bbox 2569 3097 2726 3152; x_wconf 80' lang='grc' dir='ltr'>Θεοῦ.</span> <span class='ocrx_word' id='word_1_405' title='bbox 2756 3100 2784 3150; x_wconf 92' lang='lat'>6</span> <span class='ocrx_word' id='word_1_406' title='bbox 2830 3098 2886 3150; x_wconf 81' lang='grc' dir='ltr'>δὲ</span> <span class='ocrx_word' id='word_1_407' title='bbox 2933 3098 2994 3150; x_wconf 82' lang='grc' dir='ltr'>ού</span> <span class='ocrx_word' id='word_1_408' title='bbox 3028 3095 3328 3168; x_wconf 83' lang='grc' dir='ltr'>προσέσχεν</span> <span class='ocrx_word' id='word_1_409' title='bbox 3380 3096 3447 3165; x_wconf 77' lang='grc' dir='ltr'>τῇ</span> <span class='ocrx_word' id='word_1_410' title='bbox 3484 3090 3799 3162; x_wconf 78' lang='grc' dir='ltr'>παραινέσει,</span> 
     </span>
    </p>
   </div>
   <div class='ocr_carea' id='block_1_61' title="bbox 570 3180 2145 3275">
    <p class='ocr_par' dir='ltr' id='par_1_61' title="bbox 570 3201 2145 3275">
     <span class='ocr_line' id='line_1_61' title="bbox 570 3201 2145 3275; baseline 0.001 -22"><span class='ocrx_word' id='word_1_411' title='bbox 570 3201 730 3255; x_wconf 82' lang='lat' dir='ltr'><strong>iidem</strong></span> <span class='ocrx_word' id='word_1_412' title='bbox 769 3218 896 3257; x_wconf 90' lang='lat' dir='ltr'>eum</span> <span class='ocrx_word' id='word_1_413' title='bbox 936 3203 1217 3266; x_wconf 86' lang='lat' dir='ltr'><strong>habuisse,</strong></span> <span class='ocrx_word' id='word_1_414' title='bbox 1257 3205 1483 3275; x_wconf 75' lang='lat' dir='ltr'><strong>figuram</strong></span> <span class='ocrx_word' id='word_1_415' title='bbox 1518 3206 1822 3260; x_wconf 84' lang='lat' dir='ltr'><strong>Salvatoris</strong></span> <span class='ocrx_word' id='word_1_416' title='bbox 1862 3204 2062 3267; x_wconf 83' lang='lat' dir='ltr'><strong>induit,</strong></span> <span class='ocrx_word' id='word_1_417' title='bbox 2096 3211 2145 3256; x_wconf 86' lang='lat' dir='ltr'>et</span> 
     </span>
    </p>
   </div>
   <div class='ocr_carea' id='block_1_62' title="bbox 2248 3180 3801 3275">
    <p class='ocr_par' dir='ltr' id='par_1_62' title="bbox 2251 3180 3801 3260">
     <span class='ocr_line' id='line_1_62' title="bbox 2251 3180 3801 3260; baseline -0.007 -18"><span class='ocrx_word' id='word_1_418' title='bbox 2251 3188 2492 3243; x_wconf 84' lang='grc' dir='ltr'>ἀπειθῶν</span> <span class='ocrx_word' id='word_1_419' title='bbox 2521 3191 2616 3243; x_wconf 79' lang='grc' dir='ltr'>καὶ</span> <span class='ocrx_word' id='word_1_420' title='bbox 2647 3192 2742 3243; x_wconf 88' lang='grc' dir='ltr'>ἀντ</span> <span class='ocrx_word' id='word_1_421' title='bbox 2754 3190 2966 3258; x_wconf 80' lang='grc' dir='ltr'>ιλέγων.</span> <span class='ocrx_word' id='word_1_422' title='bbox 3003 3185 3439 3260; x_wconf 66' lang='grc' dir='ltr'>πληροφορηθεὶς</span> <span class='ocrx_word' id='word_1_423' title='bbox 3476 3180 3574 3238; x_wconf 81' lang='grc' dir='ltr'>οὖν</span> <span class='ocrx_word' id='word_1_424' title='bbox 3597 3187 3624 3236; x_wconf 85' lang='grc' dir='ltr'>ὁ</span> <span class='ocrx_word' id='word_1_425' title='bbox 3653 3181 3801 3235; x_wconf 80' lang='grc' dir='ltr'>διάϐο-</span> 
     </span>
    </p>
   </div>
   <div class='ocr_carea' id='block_1_63' title="bbox 571 3293 2149 3364">
    <p class='ocr_par' dir='ltr' id='par_1_63' title="bbox 571 3293 2149 3364">
     <span class='ocr_line' id='line_1_63' title="bbox 571 3293 2149 3364; baseline 0.001 -20"><span class='ocrx_word' id='word_1_426' title='bbox 571 3300 739 3344; x_wconf 91' lang='lat' dir='ltr'><strong>noctu</strong></span> <span class='ocrx_word' id='word_1_427' title='bbox 782 3293 851 3348; x_wconf 90' lang='lat' dir='ltr'>ad</span> <span class='ocrx_word' id='word_1_428' title='bbox 888 3309 1013 3347; x_wconf 89' lang='lat' dir='ltr'>eum</span> <span class='ocrx_word' id='word_1_429' title='bbox 1067 3294 1122 3348; x_wconf 89' lang='lat' dir='ltr'>in</span> <span class='ocrx_word' id='word_1_430' title='bbox 1159 3296 1544 3364; x_wconf 88' lang='lat' dir='ltr'><strong>phantasmate</strong></span> <span class='ocrx_word' id='word_1_431' title='bbox 1577 3311 1701 3349; x_wconf 87' lang='lat' dir='ltr'>cum</span> <span class='ocrx_word' id='word_1_432' title='bbox 1740 3295 1886 3348; x_wconf 88' lang='lat' dir='ltr'><strong>mille</strong></span> <span class='ocrx_word' id='word_1_433' title='bbox 1925 3294 2149 3348; x_wconf 89' lang='lat' dir='ltr'><strong>daemo-</strong></span> 
     </span>
    </p>
   </div>
   <div class='ocr_carea' id='block_1_64' title="bbox 572 3382 2152 3455">
    <p class='ocr_par' dir='ltr' id='par_1_64' title="bbox 572 3382 2152 3455">
     <span class='ocr_line' id='line_1_64' title="bbox 572 3382 2152 3455; baseline 0 -20"><span class='ocrx_word' id='word_1_434' title='bbox 572 3382 736 3436; x_wconf 90' lang='lat' dir='ltr'><strong>nibus</strong></span> <span class='ocrx_word' id='word_1_435' title='bbox 761 3383 1043 3453; x_wconf 87' lang='lat' dir='ltr'><strong>lampadas</strong></span> <span class='ocrx_word' id='word_1_436' title='bbox 1078 3384 1378 3439; x_wconf 79' lang='lat' dir='ltr'><strong>l‘ercntibus</strong></span> <span class='ocrx_word' id='word_1_437' title='bbox 1411 3386 1587 3450; x_wconf 88' lang='lat' dir='ltr'><strong>venit,</strong></span> <span class='ocrx_word' id='word_1_438' title='bbox 1621 3396 1909 3455; x_wconf 87' lang='lat' dir='ltr'><strong>rotamque</strong></span> <span class='ocrx_word' id='word_1_439' title='bbox 1939 3385 2152 3454; x_wconf 86' lang='lat' dir='ltr'><strong>igneam</strong></span> 
     </span>
    </p>
   </div>
   <div class='ocr_carea' id='block_1_65' title="bbox 573 3475 2158 3550">
    <p class='ocr_par' dir='ltr' id='par_1_65' title="bbox 573 3475 2158 3550">
     <span class='ocr_line' id='line_1_65' title="bbox 573 3475 2158 3550; baseline 0.001 -22"><span class='ocrx_word' id='word_1_440' title='bbox 573 3475 838 3542; x_wconf 87' lang='lat' dir='ltr'><strong>ostendit,</strong></span> <span class='ocrx_word' id='word_1_441' title='bbox 877 3478 930 3531; x_wconf 91' lang='lat' dir='ltr'>in</span> <span class='ocrx_word' id='word_1_442' title='bbox 971 3494 1080 3547; x_wconf 83' lang='lat' dir='ltr'>qua</span> <span class='ocrx_word' id='word_1_443' title='bbox 1126 3479 1300 3534; x_wconf 88' lang='lat' dir='ltr'><strong>media</strong></span> <span class='ocrx_word' id='word_1_444' title='bbox 1336 3478 1639 3535; x_wconf 88' lang='lat' dir='ltr'><strong>Salvatoris</strong></span> <span class='ocrx_word' id='word_1_445' title='bbox 1678 3479 1903 3550; x_wconf 82' lang='lat' dir='ltr'><strong>ﬁguram</strong></span> <span class='ocrx_word' id='word_1_446' title='bbox 1937 3478 2158 3532; x_wconf 86' lang='lat' dir='ltr'><strong>simula-</strong></span> 
     </span>
    </p>
   </div>
   <div class='ocr_carea' id='block_1_66' title="bbox 573 3567 2158 3640">
    <p class='ocr_par' dir='ltr' id='par_1_66' title="bbox 573 3567 2158 3640">
     <span class='ocr_line' id='line_1_66' title="bbox 573 3567 2158 3640; baseline -0.001 -17"><span class='ocrx_word' id='word_1_447' title='bbox 573 3568 676 3623; x_wconf 77' lang='lat' dir='ltr'><strong>vit.</strong></span> <span class='ocrx_word' id='word_1_448' title='bbox 724 3567 878 3623; x_wconf 88' lang='lat' dir='ltr'><strong>Unus</strong></span> <span class='ocrx_word' id='word_1_449' title='bbox 916 3581 1096 3625; x_wconf 87' lang='lat' dir='ltr'><strong>autem</strong></span> <span class='ocrx_word' id='word_1_450' title='bbox 1143 3573 1323 3626; x_wconf 86' lang='lat' dir='ltr'><strong>accito</strong></span> <span class='ocrx_word' id='word_1_451' title='bbox 1355 3591 1369 3628; x_wconf 86' lang='lat'><strong>:</strong></span> <span class='ocrx_word' id='word_1_452' title='bbox 1407 3571 1605 3626; x_wconf 77' lang='lat' dir='ltr'><strong>Dilexit</strong></span> <span class='ocrx_word' id='word_1_453' title='bbox 1642 3581 1716 3638; x_wconf 88' lang='lat' dir='ltr'>te,</span> <span class='ocrx_word' id='word_1_454' title='bbox 1765 3571 1964 3640; x_wconf 86' lang='lat' dir='ltr'><strong>inquit,</strong></span> <span class='ocrx_word' id='word_1_455' title='bbox 1999 3569 2158 3624; x_wconf 75' lang='lat' dir='ltr'><strong>Chri-</strong></span> 
     </span>
    </p>
   </div>
   <div class='ocr_carea' id='block_1_67' title="bbox 577 3662 2154 3735">
    <p class='ocr_par' dir='ltr' id='par_1_67' title="bbox 577 3662 2154 3735">
     <span class='ocr_line' id='line_1_67' title="bbox 577 3662 2154 3735; baseline -0.004 -16"><span class='ocrx_word' id='word_1_456' title='bbox 577 3671 697 3719; x_wconf 81' lang='lat' dir='ltr'><strong>stus</strong></span> <span class='ocrx_word' id='word_1_457' title='bbox 726 3662 798 3717; x_wconf 86' lang='lat' dir='ltr'>ob</span> <span class='ocrx_word' id='word_1_458' title='bbox 812 3663 1092 3721; x_wconf 87' lang='lat' dir='ltr'><strong>vitaetuae</strong></span> <span class='ocrx_word' id='word_1_459' title='bbox 1116 3665 1489 3735; x_wconf 83' lang='lat' dir='ltr'><strong>integritatem</strong></span> <span class='ocrx_word' id='word_1_460' title='bbox 1522 3666 1949 3734; x_wconf 88' lang='lat' dir='ltr'><strong>institutumque</strong></span> <span class='ocrx_word' id='word_1_461' title='bbox 1979 3670 2154 3728; x_wconf 89' lang='lat' dir='ltr'><strong>tuum,</strong></span> 
     </span>
    </p>
   </div>
   <div class='ocr_carea' id='block_1_68' title="bbox 575 3755 2155 3827">
    <p class='ocr_par' dir='ltr' id='par_1_68' title="bbox 575 3755 2155 3827">
     <span class='ocr_line' id='line_1_68' title="bbox 575 3755 2155 3827; baseline 0.001 -20"><span class='ocrx_word' id='word_1_462' title='bbox 575 3760 632 3808; x_wconf 90' lang='lat' dir='ltr'>et</span> <span class='ocrx_word' id='word_1_463' title='bbox 661 3755 881 3809; x_wconf 88' lang='lat' dir='ltr'><strong>advenit</strong></span> <span class='ocrx_word' id='word_1_464' title='bbox 919 3765 980 3810; x_wconf 93' lang='lat' dir='ltr'>ut</span> <span class='ocrx_word' id='word_1_465' title='bbox 1022 3765 1074 3811; x_wconf 91' lang='lat' dir='ltr'>te</span> <span class='ocrx_word' id='word_1_466' title='bbox 1105 3756 1322 3823; x_wconf 81' lang='lat' dir='ltr'><strong>videat;</strong></span> <span class='ocrx_word' id='word_1_467' title='bbox 1368 3758 1632 3827; x_wconf 86' lang='lat' dir='ltr'><strong>egredere</strong></span> <span class='ocrx_word' id='word_1_468' title='bbox 1671 3772 1701 3812; x_wconf 91' lang='lat' dir='ltr'>e</span> <span class='ocrx_word' id='word_1_469' title='bbox 1732 3757 1870 3810; x_wconf 87' lang='lat' dir='ltr'><strong>cella</strong></span> <span class='ocrx_word' id='word_1_470' title='bbox 1899 3769 2155 3823; x_wconf 88' lang='lat' dir='ltr'><strong>eumque,</strong></span> 
     </span>
    </p>
   </div>
   <div class='ocr_carea' id='block_1_69' title="bbox 577 3845 2159 3925">
    <p class='ocr_par' dir='ltr' id='par_1_69' title="bbox 577 3845 2159 3925">
     <span class='ocr_line' id='line_1_69' title="bbox 577 3845 2159 3925; baseline -0.002 -25"><span class='ocrx_word' id='word_1_471' title='bbox 577 3845 624 3901; x_wconf 82' lang='lat' dir='ltr'>si</span> <span class='ocrx_word' id='word_1_472' title='bbox 678 3849 872 3917; x_wconf 89' lang='lat' dir='ltr'><strong>procul</strong></span> <span class='ocrx_word' id='word_1_473' title='bbox 937 3855 1174 3904; x_wconf 90' lang='lat' dir='ltr'><strong>stantem</strong></span> <span class='ocrx_word' id='word_1_474' title='bbox 1238 3850 1474 3916; x_wconf 87' lang='lat' dir='ltr'><strong>videris,</strong></span> <span class='ocrx_word' id='word_1_475' title='bbox 1532 3848 1900 3919; x_wconf 89' lang='lat' dir='ltr'><strong>procumbens</strong></span> <span class='ocrx_word' id='word_1_476' title='bbox 1968 3845 2159 3925; x_wconf 76' lang='lat' dir='ltr'><strong>adora.</strong></span> 
     </span>
    </p>
   </div>
   <div class='ocr_carea' id='block_1_70' title="bbox 579 3937 2158 4012">
    <p class='ocr_par' dir='ltr' id='par_1_70' title="bbox 579 3937 2158 4012">
     <span class='ocr_line' id='line_1_70' title="bbox 579 3937 2158 4012; baseline -0.001 -20"><span class='ocrx_word' id='word_1_477' title='bbox 579 3939 849 4010; x_wconf 86' lang='lat' dir='ltr'><strong>Egressus</strong></span> <span class='ocrx_word' id='word_1_478' title='bbox 888 3941 1059 4012; x_wconf 80' lang='lat' dir='ltr'><strong>igitur</strong></span> <span class='ocrx_word' id='word_1_479' title='bbox 1094 3957 1124 3997; x_wconf 91' lang='lat' dir='ltr'>e</span> <span class='ocrx_word' id='word_1_480' title='bbox 1171 3943 1308 3996; x_wconf 90' lang='lat' dir='ltr'><strong>cella</strong></span> <span class='ocrx_word' id='word_1_481' title='bbox 1349 3941 1672 3996; x_wconf 88' lang='lat' dir='ltr'><strong>comitatum</strong></span> <span class='ocrx_word' id='word_1_482' title='bbox 1706 3940 1840 3994; x_wconf 87' lang='lat' dir='ltr'><strong>vidit</strong></span> <span class='ocrx_word' id='word_1_483' title='bbox 1877 3937 2158 4007; x_wconf 86' lang='lat' dir='ltr'><strong>lampadas</strong></span> 
     </span>
    </p>
   </div>
   <div class='ocr_carea' id='block_1_71' title="bbox 577 4030 2157 4104">
    <p class='ocr_par' dir='ltr' id='par_1_71' title="bbox 577 4030 2157 4104">
     <span class='ocr_line' id='line_1_71' title="bbox 577 4030 2157 4104; baseline -0.003 -18"><span class='ocrx_word' id='word_1_484' title='bbox 577 4030 872 4088; x_wconf 78' lang='lat' dir='ltr'><strong>ferentium</strong></span> <span class='ocrx_word' id='word_1_485' title='bbox 911 4043 964 4088; x_wconf 91' lang='lat' dir='ltr'>et</span> <span class='ocrx_word' id='word_1_486' title='bbox 995 4035 1173 4104; x_wconf 90' lang='lat' dir='ltr'><strong>spatio</strong></span> <span class='ocrx_word' id='word_1_487' title='bbox 1203 4033 1317 4089; x_wconf 80' lang='lat' dir='ltr'><strong>fere</strong></span> <span class='ocrx_word' id='word_1_488' title='bbox 1345 4033 1512 4088; x_wconf 88' lang='lat' dir='ltr'><strong>stadii</strong></span> <span class='ocrx_word' id='word_1_489' title='bbox 1540 4031 1964 4096; x_wconf 83' lang='lat' dir='ltr'><strong>Antichristum,</strong></span> <span class='ocrx_word' id='word_1_490' title='bbox 1995 4045 2157 4100; x_wconf 89' lang='lat' dir='ltr'><strong>quem</strong></span> 
     </span>
    </p>
   </div>
   <div class='ocr_carea' id='block_1_72' title="bbox 583 4122 2160 4196">
    <p class='ocr_par' dir='ltr' id='par_1_72' title="bbox 583 4122 2160 4196">
     <span class='ocr_line' id='line_1_72' title="bbox 583 4122 2160 4196; baseline -0.002 -18"><span class='ocrx_word' id='word_1_491' title='bbox 583 4127 950 4196; x_wconf 82' lang='lat' dir='ltr'><strong>procumbens</strong></span> <span class='ocrx_word' id='word_1_492' title='bbox 982 4126 1253 4180; x_wconf 90' lang='lat' dir='ltr'><strong>adoravit.</strong></span> <span class='ocrx_word' id='word_1_493' title='bbox 1291 4125 1458 4180; x_wconf 86' lang='lat' dir='ltr'><strong>Miser</strong></span> <span class='ocrx_word' id='word_1_494' title='bbox 1493 4135 1676 4180; x_wconf 89' lang='lat' dir='ltr'><strong>autem</strong></span> <span class='ocrx_word' id='word_1_495' title='bbox 1716 4132 1999 4193; x_wconf 85' lang='lat' dir='ltr'><strong>tantopere</strong></span> <span class='ocrx_word' id='word_1_496' title='bbox 2028 4122 2160 4176; x_wconf 89' lang='lat' dir='ltr'><strong>sub-</strong></span> 
     </span>
    </p>
   </div>
   <div class='ocr_carea' id='block_1_73' title="bbox 579 4217 2163 4290">
    <p class='ocr_par' dir='ltr' id='par_1_73' title="bbox 579 4217 2163 4290">
     <span class='ocr_line' id='line_1_73' title="bbox 579 4217 2163 4290; baseline -0.003 -17"><span class='ocrx_word' id='word_1_497' title='bbox 579 4229 740 4275; x_wconf 88' lang='lat' dir='ltr'><strong>actus</strong></span> <span class='ocrx_word' id='word_1_498' title='bbox 769 4228 823 4274; x_wconf 88' lang='lat' dir='ltr'>et</span> <span class='ocrx_word' id='word_1_499' title='bbox 849 4220 1116 4290; x_wconf 89' lang='lat' dir='ltr'><strong>deceptae</strong></span> <span class='ocrx_word' id='word_1_500' title='bbox 1151 4221 1352 4274; x_wconf 89' lang='lat' dir='ltr'><strong>mentis</strong></span> <span class='ocrx_word' id='word_1_501' title='bbox 1390 4218 1510 4282; x_wconf 83' lang='lat' dir='ltr'><strong>fuit,</strong></span> <span class='ocrx_word' id='word_1_502' title='bbox 1555 4227 1614 4271; x_wconf 89' lang='lat' dir='ltr'>ut</span> <span class='ocrx_word' id='word_1_503' title='bbox 1658 4217 1746 4272; x_wconf 89' lang='lat' dir='ltr'>die</span> <span class='ocrx_word' id='word_1_504' title='bbox 1790 4217 2163 4285; x_wconf 82' lang='lat' dir='ltr'><strong>subsequente</strong></span> 
     </span>
    </p>
   </div>
   <div class='ocr_carea' id='block_1_74' title="bbox 581 4307 2156 4370">
    <p class='ocr_par' dir='ltr' id='par_1_74' title="bbox 581 4307 2156 4370">
     <span class='ocr_line' id='line_1_74' title="bbox 581 4307 2156 4370; baseline -0.006 -2"><span class='ocrx_word' id='word_1_505' title='bbox 581 4315 798 4370; x_wconf 73' lang='lat' dir='ltr'><strong>veniret</strong></span> <span class='ocrx_word' id='word_1_506' title='bbox 839 4315 896 4369; x_wconf 91' lang='lat' dir='ltr'>in</span> <span class='ocrx_word' id='word_1_507' title='bbox 939 4316 1234 4370; x_wconf 89' lang='lat' dir='ltr'><strong>ecclesiam</strong></span> <span class='ocrx_word' id='word_1_508' title='bbox 1275 4323 1330 4370; x_wconf 85' lang='lat' dir='ltr'>et</span> <span class='ocrx_word' id='word_1_509' title='bbox 1369 4328 1557 4368; x_wconf 88' lang='lat' dir='ltr'><strong>coram</strong></span> <span class='ocrx_word' id='word_1_510' title='bbox 1609 4310 1872 4366; x_wconf 90' lang='lat' dir='ltr'><strong>omnibus</strong></span> <span class='ocrx_word' id='word_1_511' title='bbox 1907 4307 2156 4362; x_wconf 88' lang='lat' dir='ltr'><strong>diceret:</strong></span> 
     </span>
    </p>
   </div>
   <div class='ocr_carea' id='block_1_75' title="bbox 581 4400 2162 4479">
    <p class='ocr_par' dir='ltr' id='par_1_75' title="bbox 581 4400 2162 4479">
     <span class='ocr_line' id='line_1_75' title="bbox 581 4400 2162 4479; baseline -0.007 -16"><span class='ocrx_word' id='word_1_512' title='bbox 581 4407 715 4463; x_wconf 77' lang='lat' dir='ltr'><strong>Mihi</strong></span> <span class='ocrx_word' id='word_1_513' title='bbox 762 4410 1155 4465; x_wconf 90' lang='lat' dir='ltr'><strong>communione</strong></span> <span class='ocrx_word' id='word_1_514' title='bbox 1195 4425 1334 4479; x_wconf 88' lang='lat' dir='ltr'><strong>opus</strong></span> <span class='ocrx_word' id='word_1_515' title='bbox 1379 4423 1489 4462; x_wconf 92' lang='lat' dir='ltr'>non</span> <span class='ocrx_word' id='word_1_516' title='bbox 1529 4417 1649 4470; x_wconf 87' lang='lat' dir='ltr'><strong>est;</strong></span> <span class='ocrx_word' id='word_1_517' title='bbox 1698 4403 1977 4459; x_wconf 89' lang='lat' dir='ltr'><strong>Christum</strong></span> <span class='ocrx_word' id='word_1_518' title='bbox 2016 4400 2162 4454; x_wconf 91' lang='lat' dir='ltr'><strong>enim</strong></span> 
     </span>
    </p>
   </div>
   <div class='ocr_carea' id='block_1_76' title="bbox 585 4498 2164 4572">
    <p class='ocr_par' dir='ltr' id='par_1_76' title="bbox 585 4498 2164 4572">
     <span class='ocr_line' id='line_1_76' title="bbox 585 4498 2164 4572; baseline -0.006 -18"><span class='ocrx_word' id='word_1_519' title='bbox 585 4502 700 4556; x_wconf 88' lang='lat' dir='ltr'><strong>vidi</strong></span> <span class='ocrx_word' id='word_1_520' title='bbox 731 4502 918 4556; x_wconf 91' lang='lat' dir='ltr'><strong>hodie.</strong></span> <span class='ocrx_word' id='word_1_521' title='bbox 963 4500 1119 4556; x_wconf 88' lang='lat' dir='ltr'><strong>Tunc</strong></span> <span class='ocrx_word' id='word_1_522' title='bbox 1167 4509 1354 4572; x_wconf 86' lang='lat' dir='ltr'><strong>patres</strong></span> <span class='ocrx_word' id='word_1_523' title='bbox 1401 4498 1859 4568; x_wconf 88' lang='lat' dir='ltr'><strong>comprehensum</strong></span> <span class='ocrx_word' id='word_1_524' title='bbox 1911 4508 2035 4548; x_wconf 91' lang='lat' dir='ltr'>cum</span> <span class='ocrx_word' id='word_1_525' title='bbox 2067 4505 2164 4560; x_wconf 91' lang='lat' dir='ltr'>per</span> 
     </span>
    </p>
   </div>
   <div class='ocr_carea' id='block_1_77' title="bbox 2254 3271 3802 3356">
    <p class='ocr_par' dir='ltr' id='par_1_77' title="bbox 2254 3271 3802 3356">
     <span class='ocr_line' id='line_1_77' title="bbox 2254 3271 3802 3356; baseline -0.014 -10"><span class='ocrx_word' id='word_1_526' title='bbox 2254 3282 2363 3346; x_wconf 83' lang='grc' dir='ltr'>λος,</span> <span class='ocrx_word' id='word_1_527' title='bbox 2403 3283 2484 3334; x_wconf 80' lang='grc' dir='ltr'>δτι</span> <span class='ocrx_word' id='word_1_528' title='bbox 2518 3276 2597 3345; x_wconf 70' lang='grc' dir='ltr'>είς</span> <span class='ocrx_word' id='word_1_529' title='bbox 2627 3283 2792 3356; x_wconf 82' lang='grc' dir='ltr'>ἄκρον</span> <span class='ocrx_word' id='word_1_530' title='bbox 2820 3282 2965 3351; x_wconf 77' lang='grc' dir='ltr'>αὐτῷ</span> <span class='ocrx_word' id='word_1_531' title='bbox 2995 3280 3260 3342; x_wconf 87' lang='grc' dir='ltr'>πείθεται,</span> <span class='ocrx_word' id='word_1_532' title='bbox 3289 3275 3620 3348; x_wconf 79' lang='grc' dir='ltr'>σχηματίζει</span> <span class='ocrx_word' id='word_1_533' title='bbox 3643 3271 3802 3327; x_wconf 75' lang='grc' dir='ltr'>ἑαυτὸν</span> 
     </span>
    </p>
   </div>
   <div class='ocr_carea' id='block_1_78' title="bbox 2255 3368 3806 3447">
    <p class='ocr_par' dir='ltr' id='par_1_78' title="bbox 2255 3368 3806 3447">
     <span class='ocr_line' id='line_1_78' title="bbox 2255 3368 3806 3447; baseline -0.007 -19"><span class='ocrx_word' id='word_1_534' title='bbox 2255 3377 2334 3438; x_wconf 81' lang='grc' dir='ltr'>εἰς</span> <span class='ocrx_word' id='word_1_535' title='bbox 2367 3377 2410 3407; x_wconf 68' lang='grc' dir='ltr'>’θ</span> <span class='ocrx_word' id='word_1_536' title='bbox 2439 3375 2530 3428; x_wconf 81' lang='grc' dir='ltr'>τὸν</span> <span class='ocrx_word' id='word_1_537' title='bbox 2565 3377 2819 3447; x_wconf 82' lang='grc' dir='ltr'>Σωτῆρα,</span> <span class='ocrx_word' id='word_1_538' title='bbox 2854 3377 2950 3428; x_wconf 79' lang='grc' dir='ltr'>καὶ</span> <span class='ocrx_word' id='word_1_539' title='bbox 2991 3372 3348 3444; x_wconf 87' lang='grc' dir='ltr'>παραγίνεται</span> <span class='ocrx_word' id='word_1_540' title='bbox 3386 3370 3526 3440; x_wconf 85' lang='grc' dir='ltr'>πρὸς</span> <span class='ocrx_word' id='word_1_541' title='bbox 3549 3368 3708 3422; x_wconf 73' lang='grc' dir='ltr'>αὐτὸν</span> <span class='ocrx_word' id='word_1_542' title='bbox 3731 3382 3806 3417; x_wconf 83' lang='grc' dir='ltr'>νυ·</span> 
     </span>
    </p>
   </div>
   <div class='ocr_carea' id='block_1_79' title="bbox 2255 3457 3807 3539">
    <p class='ocr_par' dir='ltr' id='par_1_79' title="bbox 2255 3457 3807 3539">
     <span class='ocr_line' id='line_1_79' title="bbox 2255 3457 3807 3539; baseline -0.008 -18"><span class='ocrx_word' id='word_1_543' title='bbox 2255 3469 2382 3530; x_wconf 84' lang='grc' dir='ltr'>κτὸς</span> <span class='ocrx_word' id='word_1_544' title='bbox 2415 3470 2473 3520; x_wconf 86' lang='grc' dir='ltr'>ἐν</span> <span class='ocrx_word' id='word_1_545' title='bbox 2519 3467 2790 3539; x_wconf 76' lang='grc' dir='ltr'>φαντασία</span> <span class='ocrx_word' id='word_1_546' title='bbox 2835 3468 2973 3539; x_wconf 79' lang='grc' dir='ltr'>μετὰ</span> <span class='ocrx_word' id='word_1_547' title='bbox 3021 3468 3291 3538; x_wconf 87' lang='grc' dir='ltr'>δαιμόνων</span> <span class='ocrx_word' id='word_1_548' title='bbox 3327 3463 3516 3534; x_wconf 84' lang='grc' dir='ltr'>χιλίων</span> <span class='ocrx_word' id='word_1_549' title='bbox 3552 3457 3807 3530; x_wconf 84' lang='grc' dir='ltr'>λαμπαδη-</span> 
     </span>
    </p>
   </div>
   <div class='ocr_carea' id='block_1_80' title="bbox 2257 3550 3807 3634">
    <p class='ocr_par' dir='ltr' id='par_1_80' title="bbox 2257 3550 3807 3634">
     <span class='ocr_line' id='line_1_80' title="bbox 2257 3550 3807 3634; baseline -0.01 -20"><span class='ocrx_word' id='word_1_550' title='bbox 2257 3561 2436 3634; x_wconf 89' lang='grc' dir='ltr'>φόρων</span> <span class='ocrx_word' id='word_1_551' title='bbox 2466 3561 2534 3624; x_wconf 72' lang='grc'>⁸³,</span> <span class='ocrx_word' id='word_1_552' title='bbox 2560 3561 2821 3616; x_wconf 84' lang='grc' dir='ltr'>δεικνύων</span> <span class='ocrx_word' id='word_1_553' title='bbox 2848 3561 3040 3632; x_wconf 83' lang='grc' dir='ltr'>τροχὸν</span> <span class='ocrx_word' id='word_1_554' title='bbox 3072 3560 3318 3630; x_wconf 88' lang='grc' dir='ltr'>πύρινον,</span> <span class='ocrx_word' id='word_1_555' title='bbox 3348 3557 3444 3610; x_wconf 74' lang='grc' dir='ltr'>καὶ</span> <span class='ocrx_word' id='word_1_556' title='bbox 3470 3555 3532 3608; x_wconf 78' lang='grc' dir='ltr'>ἐν</span> <span class='ocrx_word' id='word_1_557' title='bbox 3569 3554 3711 3624; x_wconf 77' lang='grc' dir='ltr'>μέσῳ</span> <span class='ocrx_word' id='word_1_558' title='bbox 3735 3550 3807 3602; x_wconf 60' lang='grc' dir='ltr'>τὸν</span> 
     </span>
    </p>
   </div>
   <div class='ocr_carea' id='block_1_81' title="bbox 2257 3643 3808 3726">
    <p class='ocr_par' dir='ltr' id='par_1_81' title="bbox 2257 3643 3808 3726">
     <span class='ocr_line' id='line_1_81' title="bbox 2257 3643 3808 3726; baseline -0.01 -19"><span class='ocrx_word' id='word_1_559' title='bbox 2257 3654 2486 3726; x_wconf 81' lang='grc' dir='ltr'>Σωτῆρα</span> <span class='ocrx_word' id='word_1_560' title='bbox 2516 3653 2888 3725; x_wconf 80' lang='grc' dir='ltr'>σχηματίζων,</span> <span class='ocrx_word' id='word_1_561' title='bbox 2913 3655 3005 3706; x_wconf 73' lang='grc' dir='ltr'>καὶ</span> <span class='ocrx_word' id='word_1_562' title='bbox 3026 3653 3123 3706; x_wconf 74' lang='grc' dir='ltr'>ἕνα</span> <span class='ocrx_word' id='word_1_563' title='bbox 3148 3648 3638 3722; x_wconf 77' lang='grc' dir='ltr'>προσλαμϐάνοντα</span> <span class='ocrx_word' id='word_1_564' title='bbox 3669 3647 3706 3674; x_wconf 67' lang='grc' dir='ltr'>δ’</span> <span class='ocrx_word' id='word_1_565' title='bbox 3738 3643 3808 3694; x_wconf 83' lang='grc' dir='ltr'>καὶ</span> 
     </span>
    </p>
   </div>
   <div class='ocr_carea' id='block_1_82' title="bbox 2256 3735 3808 3817">
    <p class='ocr_par' dir='ltr' id='par_1_82' title="bbox 2256 3735 3808 3817">
     <span class='ocr_line' id='line_1_82' title="bbox 2256 3735 3808 3817; baseline -0.011 -16"><span class='ocrx_word' id='word_1_566' title='bbox 2256 3749 2483 3816; x_wconf 86' lang='grc' dir='ltr'>λέγοντα</span> <span class='ocrx_word' id='word_1_567' title='bbox 2521 3747 2669 3817; x_wconf 81' lang='grc' dir='ltr'>αὐτῷ</span> <span class='ocrx_word' id='word_1_568' title='bbox 2695 3762 2708 3778; x_wconf 88' lang='grc'><strong>·</strong></span> <span class='ocrx_word' id='word_1_569' title='bbox 2755 3746 2966 3817; x_wconf 81' lang='grc' dir='ltr'>ἠράσθη</span> <span class='ocrx_word' id='word_1_570' title='bbox 3005 3762 3096 3798; x_wconf 89' lang='grc' dir='ltr'>σου</span> <span class='ocrx_word' id='word_1_571' title='bbox 3143 3746 3171 3796; x_wconf 87' lang='lat'>6</span> <span class='ocrx_word' id='word_1_572' title='bbox 3215 3741 3445 3813; x_wconf 76' lang='grc' dir='ltr'>Χριστὸς</span> <span class='ocrx_word' id='word_1_573' title='bbox 3478 3741 3550 3810; x_wconf 81' lang='grc' dir='ltr'>τῇ</span> <span class='ocrx_word' id='word_1_574' title='bbox 3589 3736 3680 3790; x_wconf 81' lang='grc' dir='ltr'>τοῦ</span> <span class='ocrx_word' id='word_1_575' title='bbox 3717 3735 3808 3804; x_wconf 79' lang='grc' dir='ltr'>βίου</span> 
     </span>
    </p>
   </div>
   <div class='ocr_carea' id='block_1_83' title="bbox 2257 3826 3810 3910">
    <p class='ocr_par' dir='ltr' id='par_1_83' title="bbox 2257 3826 3810 3910">
     <span class='ocr_line' id='line_1_83' title="bbox 2257 3826 3810 3910; baseline -0.01 -17"><span class='ocrx_word' id='word_1_576' title='bbox 2257 3839 2589 3910; x_wconf 82' lang='grc' dir='ltr'>καθαρότητι</span> <span class='ocrx_word' id='word_1_577' title='bbox 2627 3839 2722 3892; x_wconf 75' lang='grc' dir='ltr'>καὶ</span> <span class='ocrx_word' id='word_1_578' title='bbox 2763 3837 3009 3908; x_wconf 79' lang='grc' dir='ltr'>πολιτείᾳ</span> <span class='ocrx_word' id='word_1_579' title='bbox 3045 3854 3160 3900; x_wconf 85' lang='grc' dir='ltr'>σου,</span> <span class='ocrx_word' id='word_1_580' title='bbox 3207 3836 3302 3888; x_wconf 72' lang='grc' dir='ltr'>καὶ</span> <span class='ocrx_word' id='word_1_581' title='bbox 3339 3832 3676 3904; x_wconf 86' lang='grc' dir='ltr'>παρεγένετο</span> <span class='ocrx_word' id='word_1_582' title='bbox 3701 3826 3810 3895; x_wconf 81' lang='grc' dir='ltr'>πρὸς</span> 
     </span>
    </p>
   </div>
   <div class='ocr_carea' id='block_1_84' title="bbox 2262 3917 3812 3998">
    <p class='ocr_par' dir='ltr' id='par_1_84' title="bbox 2262 3917 3812 3998">
     <span class='ocr_line' id='line_1_84' title="bbox 2262 3917 3812 3998; baseline -0.012 -14"><span class='ocrx_word' id='word_1_583' title='bbox 2262 3929 2323 3984; x_wconf 77' lang='grc' dir='ltr'>σὲ</span> <span class='ocrx_word' id='word_1_584' title='bbox 2352 3930 2446 3983; x_wconf 82' lang='grc' dir='ltr'>τοῦ</span> <span class='ocrx_word' id='word_1_585' title='bbox 2479 3930 2602 3984; x_wconf 87' lang='grc' dir='ltr'>ίδεῖν</span> <span class='ocrx_word' id='word_1_586' title='bbox 2649 3947 2728 3984; x_wconf 92' lang='grc' dir='ltr'>σε.</span> <span class='ocrx_word' id='word_1_587' title='bbox 2773 3929 2953 3995; x_wconf 79' lang='grc' dir='ltr'>ἔξελθε</span> <span class='ocrx_word' id='word_1_588' title='bbox 2997 3929 3095 3998; x_wconf 79' lang='grc' dir='ltr'>τῆς</span> <span class='ocrx_word' id='word_1_589' title='bbox 3135 3927 3329 3996; x_wconf 83' lang='grc' dir='ltr'>κέλλης</span> <span class='ocrx_word' id='word_1_590' title='bbox 3381 3941 3498 3986; x_wconf 86' lang='grc' dir='ltr'>σου,</span> <span class='ocrx_word' id='word_1_591' title='bbox 3535 3917 3812 3975; x_wconf 70' lang='grc' dir='ltr'>καὶτούτων</span> 
     </span>
    </p>
   </div>
   <div class='ocr_carea' id='block_1_85' title="bbox 2261 4009 3811 4095">
    <p class='ocr_par' dir='ltr' id='par_1_85' title="bbox 2261 4009 3811 4095">
     <span class='ocr_line' id='line_1_85' title="bbox 2261 4009 3811 4095; baseline -0.01 -18"><span class='ocrx_word' id='word_1_592' title='bbox 2261 4023 2542 4095; x_wconf 74' lang='grc' dir='ltr'>πόρρωθεν</span> <span class='ocrx_word' id='word_1_593' title='bbox 2589 4023 2798 4076; x_wconf 78' lang='grc' dir='ltr'>ἑστῶτα</span> <span class='ocrx_word' id='word_1_594' title='bbox 2849 4022 2971 4074; x_wconf 86' lang='grc' dir='ltr'>ἰδὼν</span> <span class='ocrx_word' id='word_1_595' title='bbox 3013 4020 3191 4089; x_wconf 70' lang='grc' dir='ltr'>κύψας</span> <span class='ocrx_word' id='word_1_596' title='bbox 3241 4016 3646 4089; x_wconf 83' lang='grc' dir='ltr'>προσκύνησον.</span> <span class='ocrx_word' id='word_1_597' title='bbox 3692 4013 3717 4064; x_wconf 86' lang='lat'>6</span> <span class='ocrx_word' id='word_1_598' title='bbox 3767 4009 3811 4060; x_wconf 78' lang='grc' dir='ltr'>δὲ</span> 
     </span>
    </p>
   </div>
   <div class='ocr_carea' id='block_1_86' title="bbox 2259 4099 3812 4185">
    <p class='ocr_par' dir='ltr' id='par_1_86' title="bbox 2259 4099 3812 4185">
     <span class='ocr_line' id='line_1_86' title="bbox 2259 4099 3812 4185; baseline -0.011 -16"><span class='ocrx_word' id='word_1_599' title='bbox 2259 4115 2494 4183; x_wconf 75' lang='grc' dir='ltr'>ἐξελθὼν</span> <span class='ocrx_word' id='word_1_600' title='bbox 2539 4111 2647 4168; x_wconf 79' lang='grc' dir='ltr'>εἶδε</span> <span class='ocrx_word' id='word_1_601' title='bbox 2698 4113 3001 4185; x_wconf 81' lang='grc' dir='ltr'>παράταξιν</span> <span class='ocrx_word' id='word_1_602' title='bbox 3041 4108 3483 4180; x_wconf 77' lang='grc' dir='ltr'>λαμπαδηφόρων</span> <span class='ocrx_word' id='word_1_603' title='bbox 3528 4107 3598 4164; x_wconf 75' lang='grc'>⁸³,</span> <span class='ocrx_word' id='word_1_604' title='bbox 3645 4099 3812 4158; x_wconf 74' lang='grc' dir='ltr'>καὶὼς</span> 
     </span>
    </p>
   </div>
   <div class='ocr_carea' id='block_1_87' title="bbox 2261 4191 3812 4275">
    <p class='ocr_par' dir='ltr' id='par_1_87' title="bbox 2261 4191 3812 4275">
     <span class='ocr_line' id='line_1_87' title="bbox 2261 4191 3812 4275; baseline -0.013 -13"><span class='ocrx_word' id='word_1_605' title='bbox 2261 4207 2368 4263; x_wconf 82' lang='grc' dir='ltr'>ἀπὸ</span> <span class='ocrx_word' id='word_1_606' title='bbox 2395 4207 2607 4260; x_wconf 83' lang='grc' dir='ltr'>σταδίου</span> <span class='ocrx_word' id='word_1_607' title='bbox 2638 4205 2731 4257; x_wconf 81' lang='grc' dir='ltr'>τὸν</span> <span class='ocrx_word' id='word_1_608' title='bbox 2765 4205 3126 4275; x_wconf 81' lang='grc' dir='ltr'>ἀντίχριστον,</span> <span class='ocrx_word' id='word_1_609' title='bbox 3157 4201 3251 4253; x_wconf 73' lang='grc' dir='ltr'>καὶ</span> <span class='ocrx_word' id='word_1_610' title='bbox 3284 4197 3461 4251; x_wconf 84' lang='grc' dir='ltr'>πεσὼν</span> <span class='ocrx_word' id='word_1_611' title='bbox 3494 4191 3812 4266; x_wconf 74' lang='grc' dir='ltr'>προσεκύνη-</span> 
     </span>
    </p>
   </div>
   <div class='ocr_carea' id='block_1_88' title="bbox 2265 4285 3815 4365">
    <p class='ocr_par' dir='ltr' id='par_1_88' title="bbox 2265 4285 3815 4365">
     <span class='ocr_line' id='line_1_88' title="bbox 2265 4285 3815 4365; baseline -0.013 -11"><span class='ocrx_word' id='word_1_612' title='bbox 2265 4319 2376 4355; x_wconf 86' lang='grc' dir='ltr'>σεν.</span> <span class='ocrx_word' id='word_1_613' title='bbox 2430 4302 2521 4353; x_wconf 71' lang='grc' dir='ltr'>ἐπὶ</span> <span class='ocrx_word' id='word_1_614' title='bbox 2577 4297 2830 4351; x_wconf 77' lang='grc' dir='ltr'>τοσοῦτον</span> <span class='ocrx_word' id='word_1_615' title='bbox 2888 4297 2943 4348; x_wconf 80' lang='grc' dir='ltr'>δὲ</span> <span class='ocrx_word' id='word_1_616' title='bbox 2989 4292 3458 4365; x_wconf 82' lang='grc' dir='ltr'>ἐφρενοϐλάϐησεν</span> <span class='ocrx_word' id='word_1_617' title='bbox 3509 4285 3815 4357; x_wconf 78' lang='grc' dir='ltr'>αἰχμαλωτι·</span> 
     </span>
    </p>
   </div>
   <div class='ocr_carea' id='block_1_89' title="bbox 2265 4378 3816 4460">
    <p class='ocr_par' dir='ltr' id='par_1_89' title="bbox 2265 4378 3816 4460">
     <span class='ocr_line' id='line_1_89' title="bbox 2265 4378 3816 4460; baseline -0.014 -12"><span class='ocrx_word' id='word_1_618' title='bbox 2265 4395 2412 4458; x_wconf 72' lang='grc' dir='ltr'>σθεὶς</span> <span class='ocrx_word' id='word_1_619' title='bbox 2450 4395 2478 4444; x_wconf 95' lang='lat'>6</span> <span class='ocrx_word' id='word_1_620' title='bbox 2508 4391 2689 4454; x_wconf 82' lang='grc' dir='ltr'>ἄθλιος</span> <span class='ocrx_word' id='word_1_621' title='bbox 2711 4431 2725 4453; x_wconf 95' lang='grc'>,</span> <span class='ocrx_word' id='word_1_622' title='bbox 2754 4390 2831 4453; x_wconf 80' lang='grc' dir='ltr'>ὡς</span> <span class='ocrx_word' id='word_1_623' title='bbox 2868 4388 2986 4460; x_wconf 80' lang='grc' dir='ltr'>μεθ’</span> <span class='ocrx_word' id='word_1_624' title='bbox 3015 4387 3226 4458; x_wconf 86' lang='grc' dir='ltr'>ἡμέραν</span> <span class='ocrx_word' id='word_1_625' title='bbox 3253 4384 3477 4438; x_wconf 80' lang='grc' dir='ltr'>ἐλθόντα</span> <span class='ocrx_word' id='word_1_626' title='bbox 3511 4383 3594 4444; x_wconf 88' lang='grc' dir='ltr'>εἰς</span> <span class='ocrx_word' id='word_1_627' title='bbox 3626 4380 3718 4447; x_wconf 74' lang='grc' dir='ltr'>τὴν</span> <span class='ocrx_word' id='word_1_628' title='bbox 3745 4378 3816 4427; x_wconf 80' lang='grc' dir='ltr'>ἐκ·</span> 
     </span>
    </p>
   </div>
   <div class='ocr_carea' id='block_1_90' title="bbox 2266 4468 3817 4558">
    <p class='ocr_par' dir='ltr' id='par_1_90' title="bbox 2266 4468 3817 4558">
     <span class='ocr_line' id='line_1_90' title="bbox 2266 4468 3817 4558; baseline -0.012 -18"><span class='ocrx_word' id='word_1_629' title='bbox 2266 4485 2494 4558; x_wconf 81' lang='grc' dir='ltr'>κλησίαν</span> <span class='ocrx_word' id='word_1_630' title='bbox 2544 4485 2637 4538; x_wconf 72' lang='grc' dir='ltr'>ἐπὶ</span> <span class='ocrx_word' id='word_1_631' title='bbox 2669 4483 2885 4536; x_wconf 87' lang='grc' dir='ltr'>πάντων</span> <span class='ocrx_word' id='word_1_632' title='bbox 2921 4482 3126 4534; x_wconf 85' lang='grc' dir='ltr'>εἰπεῖν·</span> <span class='ocrx_word' id='word_1_633' title='bbox 3163 4477 3276 4546; x_wconf 77' lang='grc' dir='ltr'>ἐγὼ</span> <span class='ocrx_word' id='word_1_634' title='bbox 3320 4475 3612 4536; x_wconf 80' lang='grc' dir='ltr'>κοινωνίας</span> <span class='ocrx_word' id='word_1_635' title='bbox 3656 4468 3817 4542; x_wconf 75' lang='grc' dir='ltr'>χρείαν</span> 
     </span>
    </p>
   </div>
   <div class='ocr_carea' id='block_1_91' title="bbox 587 4561 2145 4664">
    <p class='ocr_par' dir='ltr' id='par_1_91' title="bbox 587 4584 2145 4664">
     <span class='ocr_line' id='line_1_91' title="bbox 587 4584 2145 4664; baseline -0.009 -14"><span class='ocrx_word' id='word_1_636' title='bbox 587 4603 804 4664; x_wconf 76' lang='lat' dir='ltr'><strong>tempus</strong></span> <span class='ocrx_word' id='word_1_637' title='bbox 835 4594 1056 4663; x_wconf 89' lang='lat' dir='ltr'><strong>aliquod</strong></span> <span class='ocrx_word' id='word_1_638' title='bbox 1091 4594 1236 4648; x_wconf 81' lang='lat' dir='ltr'><strong>ferro</strong></span> <span class='ocrx_word' id='word_1_639' title='bbox 1259 4587 1859 4660; x_wconf 71' lang='lat' dir='ltr'><strong>vinxerunt.269(lui</strong></span> <span class='ocrx_word' id='word_1_640' title='bbox 1885 4584 2145 4640; x_wconf 75' lang='lat' dir='ltr'><strong>continuis</strong></span> 
     </span>
    </p>
   </div>
   <div class='ocr_carea' id='block_1_92' title="bbox 2248 4561 3817 4664">
    <p class='ocr_par' dir='ltr' id='par_1_92' title="bbox 2265 4561 3817 4664">
     <span class='ocr_line' id='line_1_92' title="bbox 2265 4561 3817 4664; baseline -0.013 -32"><span class='ocrx_word' id='word_1_641' title='bbox 2265 4581 2364 4632; x_wconf 76' lang='grc' dir='ltr'>οὐκ</span> <span class='ocrx_word' id='word_1_642' title='bbox 2407 4579 2552 4647; x_wconf 83' lang='grc' dir='ltr'>ἕχω·</span> <span class='ocrx_word' id='word_1_643' title='bbox 2595 4577 2686 4630; x_wconf 80' lang='grc' dir='ltr'>τὸν</span> <span class='ocrx_word' id='word_1_644' title='bbox 2733 4575 2964 4646; x_wconf 82' lang='grc' dir='ltr'>Χριστὸν</span> <span class='ocrx_word' id='word_1_645' title='bbox 3007 4573 3114 4642; x_wconf 82' lang='grc' dir='ltr'>γάρ</span> <span class='ocrx_word' id='word_1_646' title='bbox 3155 4570 3375 4641; x_wconf 83' lang='grc' dir='ltr'>ἑώρακα</span> <span class='ocrx_word' id='word_1_647' title='bbox 3416 4569 3679 4636; x_wconf 78' lang='grc' dir='ltr'>σήμερον.</span> <span class='ocrx_word' id='word_1_648' title='bbox 3721 4561 3817 4664; x_wconf 71' lang='grc' dir='ltr'>τότε</span> 
     </span>
    </p>
   </div>
   <div class='ocr_carea' id='block_1_93' title="bbox 585 4679 2163 4757">
    <p class='ocr_par' dir='ltr' id='par_1_93' title="bbox 585 4679 2163 4757">
     <span class='ocr_line' id='line_1_93' title="bbox 585 4679 2163 4757; baseline -0.007 -16"><span class='ocrx_word' id='word_1_649' title='bbox 585 4686 790 4742; x_wconf 88' lang='lat' dir='ltr'><strong>deinde</strong></span> <span class='ocrx_word' id='word_1_650' title='bbox 823 4687 1083 4757; x_wconf 83' lang='lat' dir='ltr'><strong>precibus</strong></span> <span class='ocrx_word' id='word_1_651' title='bbox 1111 4702 1211 4756; x_wconf 89' lang='lat' dir='ltr'>pro</span> <span class='ocrx_word' id='word_1_652' title='bbox 1239 4702 1306 4740; x_wconf 87' lang='lat' dir='ltr'>eo</span> <span class='ocrx_word' id='word_1_653' title='bbox 1336 4685 1496 4739; x_wconf 78' lang='lat' dir='ltr'><strong>factis</strong></span> <span class='ocrx_word' id='word_1_654' title='bbox 1528 4697 1584 4738; x_wconf 86' lang='lat' dir='ltr'>et</span> <span class='ocrx_word' id='word_1_655' title='bbox 1610 4680 1932 4735; x_wconf 89' lang='lat' dir='ltr'><strong>multimoda</strong></span> <span class='ocrx_word' id='word_1_656' title='bbox 1965 4679 2163 4746; x_wconf 87' lang='lat' dir='ltr'><strong>despe-</strong></span> 
     </span>
    </p>
   </div>
   <div class='ocr_carea' id='block_1_94' title="bbox 587 4771 2164 4850">
    <p class='ocr_par' dir='ltr' id='par_1_94' title="bbox 587 4771 2164 4850">
     <span class='ocr_line' id='line_1_94' title="bbox 587 4771 2164 4850; baseline -0.008 -16"><span class='ocrx_word' id='word_1_657' title='bbox 587 4781 772 4834; x_wconf 87' lang='lat' dir='ltr'><strong>ctione</strong></span> <span class='ocrx_word' id='word_1_658' title='bbox 790 4780 1013 4850; x_wconf 83' lang='lat' dir='ltr'><strong>vitaque</strong></span> <span class='ocrx_word' id='word_1_659' title='bbox 1048 4781 1358 4833; x_wconf 89' lang='lat' dir='ltr'><strong>austeriore</strong></span> <span class='ocrx_word' id='word_1_660' title='bbox 1387 4791 1582 4830; x_wconf 87' lang='lat' dir='ltr'><strong>vanam</strong></span> <span class='ocrx_word' id='word_1_661' title='bbox 1606 4775 1918 4843; x_wconf 80' lang='lat' dir='ltr'><strong>Opinionem</strong></span> <span class='ocrx_word' id='word_1_662' title='bbox 1944 4771 2164 4826; x_wconf 87' lang='lat' dir='ltr'><strong>ademe-</strong></span> 
     </span>
    </p>
   </div>
   <div class='ocr_carea' id='block_1_95' title="bbox 587 4861 2166 4935">
    <p class='ocr_par' dir='ltr' id='par_1_95' title="bbox 587 4861 2166 4935">
     <span class='ocr_line' id='line_1_95' title="bbox 587 4861 2166 4935; baseline -0.008 -10"><span class='ocrx_word' id='word_1_663' title='bbox 587 4884 739 4935; x_wconf 78' lang='lat' dir='ltr'><strong>runt,</strong></span> <span class='ocrx_word' id='word_1_664' title='bbox 769 4873 842 4927; x_wconf 88' lang='lat' dir='ltr'>ita</span> <span class='ocrx_word' id='word_1_665' title='bbox 881 4880 942 4926; x_wconf 92' lang='lat' dir='ltr'>ut</span> <span class='ocrx_word' id='word_1_666' title='bbox 983 4881 1299 4929; x_wconf 88' lang='lat' dir='ltr'><strong>sanarctur.</strong></span> <span class='ocrx_word' id='word_1_667' title='bbox 1336 4869 1650 4925; x_wconf 82' lang='lat' dir='ltr'><strong>Contrariis</strong></span> <span class='ocrx_word' id='word_1_668' title='bbox 1693 4869 1841 4922; x_wconf 89' lang='lat' dir='ltr'><strong>enim</strong></span> <span class='ocrx_word' id='word_1_669' title='bbox 1884 4861 2166 4918; x_wconf 88' lang='lat' dir='ltr'><strong>contraria</strong></span> 
     </span>
    </p>
   </div>
   <div class='ocr_carea' id='block_1_96' title="bbox 588 4966 1373 5022">
    <p class='ocr_par' dir='ltr' id='par_1_96' title="bbox 588 4966 1373 5022">
     <span class='ocr_line' id='line_1_96' title="bbox 588 4966 1373 5022; baseline -0.006 -1"><span class='ocrx_word' id='word_1_670' title='bbox 588 4968 926 5022; x_wconf 79' lang='lat' dir='ltr'><strong>conveniunt</strong></span> <span class='ocrx_word' id='word_1_671' title='bbox 955 4966 1373 5021; x_wconf 88' lang='lat' dir='ltr'><strong>medicamenta.</strong></span> 
     </span>
    </p>
   </div>
   <div class='ocr_carea' id='block_1_97' title="bbox 2271 4654 3820 4735">
    <p class='ocr_par' dir='ltr' id='par_1_97' title="bbox 2271 4654 3820 4735">
     <span class='ocr_line' id='line_1_97' title="bbox 2271 4654 3820 4735; baseline -0.014 -11"><span class='ocrx_word' id='word_1_672' title='bbox 2271 4672 2526 4733; x_wconf 76' lang='grc' dir='ltr'>λαϐόντες</span> <span class='ocrx_word' id='word_1_673' title='bbox 2557 4671 2720 4722; x_wconf 80' lang='grc' dir='ltr'>αὑτὸν</span> <span class='ocrx_word' id='word_1_674' title='bbox 2763 4671 2814 4721; x_wconf 73' lang='lat' dir='ltr'>oi</span> <span class='ocrx_word' id='word_1_675' title='bbox 2843 4667 3078 4735; x_wconf 85' lang='grc' dir='ltr'>πατέρες</span> <span class='ocrx_word' id='word_1_676' title='bbox 3117 4666 3163 4695; x_wconf 72' lang='grc'><strong>⁸⁵</strong></span> <span class='ocrx_word' id='word_1_677' title='bbox 3212 4661 3470 4730; x_wconf 82' lang='grc' dir='ltr'>δεσμοῦσι</span> <span class='ocrx_word' id='word_1_678' title='bbox 3509 4658 3710 4728; x_wconf 75' lang='grc' dir='ltr'>σιδήρῳ</span> <span class='ocrx_word' id='word_1_679' title='bbox 3747 4654 3820 4705; x_wconf 71' lang='grc' dir='ltr'>ἐπὶ</span> 
     </span>
    </p>
   </div>
   <div class='ocr_carea' id='block_1_98' title="bbox 2273 4746 3821 4834">
    <p class='ocr_par' dir='ltr' id='par_1_98' title="bbox 2273 4746 3821 4834">
     <span class='ocr_line' id='line_1_98' title="bbox 2273 4746 3821 4834; baseline -0.014 -18"><span class='ocrx_word' id='word_1_680' title='bbox 2273 4764 2370 4816; x_wconf 78' lang='grc' dir='ltr'>ἕνα</span> <span class='ocrx_word' id='word_1_681' title='bbox 2395 4765 2606 4834; x_wconf 86' lang='grc' dir='ltr'>χρόνον,</span> <span class='ocrx_word' id='word_1_682' title='bbox 2637 4759 2732 4813; x_wconf 73' lang='grc' dir='ltr'>καὶ</span> <span class='ocrx_word' id='word_1_683' title='bbox 2769 4757 3017 4828; x_wconf 85' lang='grc' dir='ltr'>συνεχέσι</span> <span class='ocrx_word' id='word_1_684' title='bbox 3045 4759 3164 4818; x_wconf 84' lang='grc' dir='ltr'>ταῖς</span> <span class='ocrx_word' id='word_1_685' title='bbox 3192 4755 3330 4823; x_wconf 82' lang='grc' dir='ltr'>ὑπὲρ</span> <span class='ocrx_word' id='word_1_686' title='bbox 3357 4749 3522 4805; x_wconf 78' lang='grc' dir='ltr'>αὐτοῦ</span> <span class='ocrx_word' id='word_1_687' title='bbox 3548 4750 3729 4817; x_wconf 79' lang='grc' dir='ltr'>εὐχαῖς</span> <span class='ocrx_word' id='word_1_688' title='bbox 3749 4746 3821 4797; x_wconf 73' lang='grc' dir='ltr'>καὶ</span> 
     </span>
    </p>
   </div>
   <div class='ocr_carea' id='block_1_99' title="bbox 2275 4841 3823 4927">
    <p class='ocr_par' dir='ltr' id='par_1_99' title="bbox 2275 4841 3823 4927">
     <span class='ocr_line' id='line_1_99' title="bbox 2275 4841 3823 4927; baseline -0.011 -18"><span class='ocrx_word' id='word_1_689' title='bbox 2275 4857 2490 4927; x_wconf 82' lang='grc' dir='ltr'>ποικίλῃ</span> <span class='ocrx_word' id='word_1_690' title='bbox 2510 4853 2862 4924; x_wconf 85' lang='grc' dir='ltr'>ἀδιαφορήσει</span> <span class='ocrx_word' id='word_1_691' title='bbox 2885 4852 2954 4882; x_wconf 62' lang='grc'>⁸⁵*</span> <span class='ocrx_word' id='word_1_692' title='bbox 2971 4850 3064 4903; x_wconf 70' lang='grc' dir='ltr'>καλ⁵</span> <span class='ocrx_word' id='word_1_693' title='bbox 3085 4843 3445 4920; x_wconf 82' lang='grc' dir='ltr'>ἀπραγοτέρῳ</span> <span class='ocrx_word' id='word_1_694' title='bbox 3480 4844 3585 4914; x_wconf 82' lang='grc' dir='ltr'>βίῳ</span> <span class='ocrx_word' id='word_1_695' title='bbox 3606 4843 3664 4895; x_wconf 85' lang='grc' dir='ltr'>τὸ</span> <span class='ocrx_word' id='word_1_696' title='bbox 3683 4841 3823 4908; x_wconf 69' lang='grc' dir='ltr'>οἴημα</span> 
     </span>
    </p>
   </div>
   <div class='ocr_carea' id='block_1_100' title="bbox 2272 4936 3824 5014">
    <p class='ocr_par' dir='ltr' id='par_1_100' title="bbox 2272 4936 3824 5014">
     <span class='ocr_line' id='line_1_100' title="bbox 2272 4936 3824 5014; baseline -0.014 -11"><span class='ocrx_word' id='word_1_697' title='bbox 2272 4949 2433 5003; x_wconf 78' lang='grc' dir='ltr'>αὑτοῦ</span> <span class='ocrx_word' id='word_1_698' title='bbox 2463 4948 2781 5010; x_wconf 81' lang='grc' dir='ltr'>καθελόντες</span> <span class='ocrx_word' id='word_1_699' title='bbox 2823 4942 3275 5014; x_wconf 76' lang='grc' dir='ltr'>ἀπεθεράπευσαν</span> <span class='ocrx_word' id='word_1_700' title='bbox 3301 4941 3368 4992; x_wconf 74' lang='grc'>⁸³.</span> <span class='ocrx_word' id='word_1_701' title='bbox 3399 4941 3511 5001; x_wconf 85' lang='grc' dir='ltr'>τοῖς</span> <span class='ocrx_word' id='word_1_702' title='bbox 3562 4937 3671 5005; x_wconf 83' lang='grc' dir='ltr'>γὰρ</span> <span class='ocrx_word' id='word_1_703' title='bbox 3699 4936 3824 4985; x_wconf 81' lang='grc' dir='ltr'>ἐναν-</span> 
     </span>
    </p>
   </div>
   <div class='ocr_carea' id='block_1_101' title="bbox 586 5025 3824 5128">
    <p class='ocr_par' dir='ltr' id='par_1_101' title="bbox 586 5025 3824 5128">
     <span class='ocr_line' id='line_1_101' title="bbox 586 5025 3824 5128; baseline -0.012 -15"><span class='ocrx_word' id='word_1_704' title='bbox 586 5062 724 5124; x_wconf 86' lang='grc' dir='ltr'>τίοις</span> <span class='ocrx_word' id='word_1_705' title='bbox 755 5061 825 5113; x_wconf 85' lang='grc' dir='ltr'>τὰ</span> <span class='ocrx_word' id='word_1_706' title='bbox 855 5058 1076 5113; x_wconf 78' lang='grc' dir='ltr'>ἐναντία</span> <span class='ocrx_word' id='word_1_707' title='bbox 1128 5058 1354 5128; x_wconf 83' lang='grc' dir='ltr'>ἰάματα.</span> <span class='ocrx_word' id='word_1_708' title='bbox 1387 5055 1684 5121; x_wconf 86' lang='grc' dir='ltr'>ἀναγκαῖον</span> <span class='ocrx_word' id='word_1_709' title='bbox 1721 5045 1815 5102; x_wconf 79' lang='grc' dir='ltr'>οὖν</span> <span class='ocrx_word' id='word_1_710' title='bbox 1849 5046 2149 5118; x_wconf 80' lang='grc' dir='ltr'>ἡγησάμην</span> <span class='ocrx_word' id='word_1_711' title='bbox 2197 5045 2290 5097; x_wconf 77' lang='grc' dir='ltr'>καὶ</span> <span class='ocrx_word' id='word_1_712' title='bbox 2319 5044 2444 5103; x_wconf 83' lang='grc' dir='ltr'>τοὺς</span> <span class='ocrx_word' id='word_1_713' title='bbox 2480 5041 2587 5093; x_wconf 84' lang='grc' dir='ltr'>τῶν</span> <span class='ocrx_word' id='word_1_714' title='bbox 2625 5038 2991 5109; x_wconf 73' lang='grc' dir='ltr'>ἠπατημένων</span> <span class='ocrx_word' id='word_1_715' title='bbox 3038 5035 3186 5105; x_wconf 84' lang='grc' dir='ltr'>βίους</span> <span class='ocrx_word' id='word_1_716' title='bbox 3222 5032 3452 5085; x_wconf 83' lang='grc' dir='ltr'>ἐνθεῖναι</span> <span class='ocrx_word' id='word_1_717' title='bbox 3515 5028 3597 5098; x_wconf 85' lang='grc' dir='ltr'>τῷ</span> <span class='ocrx_word' id='word_1_718' title='bbox 3667 5025 3824 5128; x_wconf 66' lang='grc' dir='ltr'>βιϐλίῳ</span> 
     </span>
    </p>
   </div>
   <div class='ocr_carea' id='block_1_102' title="bbox 589 5118 3824 5223">
    <p class='ocr_par' dir='ltr' id='par_1_102' title="bbox 589 5118 3824 5223">
     <span class='ocr_line' id='line_1_102' title="bbox 589 5118 3824 5223; baseline -0.011 -17"><span class='ocrx_word' id='word_1_719' title='bbox 589 5153 726 5223; x_wconf 80' lang='grc' dir='ltr'>πρὸς</span> <span class='ocrx_word' id='word_1_720' title='bbox 758 5151 1058 5220; x_wconf 76' lang='grc' dir='ltr'>ἀσφάλειαν</span> <span class='ocrx_word' id='word_1_721' title='bbox 1089 5151 1196 5202; x_wconf 81' lang='grc' dir='ltr'>τῶν</span> <span class='ocrx_word' id='word_1_722' title='bbox 1231 5149 1330 5218; x_wconf 79' lang='grc' dir='ltr'>μὲν</span> <span class='ocrx_word' id='word_1_723' title='bbox 1361 5143 1811 5215; x_wconf 78' lang='grc' dir='ltr'>ἐντυγχανόντων,</span> <span class='ocrx_word' id='word_1_724' title='bbox 1844 5140 1926 5193; x_wconf 86' lang='grc' dir='ltr'>ὅτι</span> <span class='ocrx_word' id='word_1_725' title='bbox 1964 5139 2057 5190; x_wconf 77' lang='grc' dir='ltr'>καὶ</span> <span class='ocrx_word' id='word_1_726' title='bbox 2086 5136 2280 5208; x_wconf 77' lang='grc' dir='ltr'>ἀρεταὶ</span> <span class='ocrx_word' id='word_1_727' title='bbox 2322 5134 2578 5196; x_wconf 87' lang='grc' dir='ltr'>ὑπόθεσις</span> <span class='ocrx_word' id='word_1_728' title='bbox 2605 5133 2846 5201; x_wconf 85' lang='grc' dir='ltr'>γίνονται</span> <span class='ocrx_word' id='word_1_729' title='bbox 2876 5127 3138 5192; x_wconf 82' lang='grc' dir='ltr'>πτώσεως</span> <span class='ocrx_word' id='word_1_730' title='bbox 3185 5127 3296 5189; x_wconf 86' lang='grc' dir='ltr'>τοῖς</span> <span class='ocrx_word' id='word_1_731' title='bbox 3319 5122 3652 5193; x_wconf 84' lang='grc' dir='ltr'>ἁδιακρίτως</span> <span class='ocrx_word' id='word_1_732' title='bbox 3683 5118 3824 5178; x_wconf 74' lang='grc' dir='ltr'>αὑτὰς</span> 
     </span>
    </p>
   </div>
   <div class='ocr_carea' id='block_1_103' title="bbox 597 5245 1044 5318">
    <p class='ocr_par' dir='ltr' id='par_1_103' title="bbox 597 5245 1044 5318">
     <span class='ocr_line' id='line_1_103' title="bbox 597 5245 1044 5318; baseline 0 -20"><span class='ocrx_word' id='word_1_733' title='bbox 597 5263 728 5318; x_wconf 90' lang='grc' dir='ltr'>μετε</span> <span class='ocrx_word' id='word_1_734' title='bbox 739 5245 1044 5317; x_wconf 86' lang='grc' dir='ltr'>ρχομένοις.</span> 
     </span>
    </p>
   </div>
   <div class='ocr_carea' id='block_1_104' title="bbox 1866 5429 2572 5492">
    <p class='ocr_par' dir='ltr' id='par_1_104' title="bbox 1866 5429 2572 5492">
     <span class='ocr_line' id='line_1_104' title="bbox 1866 5429 2572 5492; baseline -0.007 0"><span class='ocrx_word' id='word_1_735' title='bbox 1866 5432 2127 5492; x_wconf 81' lang='lat' dir='ltr'>VARIAE</span> <span class='ocrx_word' id='word_1_736' title='bbox 2164 5429 2572 5489; x_wconf 83' lang='lat' dir='ltr'>LECTIONES.</span> 
     </span>
    </p>
   </div>
   <div class='ocr_carea' id='block_1_105' title="bbox 665 5609 1908 5684">
    <p class='ocr_par' dir='ltr' id='par_1_105' title="bbox 665 5609 1908 5684">
     <span class='ocr_line' id='line_1_105' title="bbox 665 5609 1908 5684; baseline -0.01 -11"><span class='ocrx_word' id='word_1_737' title='bbox 665 5619 716 5650; x_wconf 77' lang='grc'>’⁸</span> <span class='ocrx_word' id='word_1_738' title='bbox 745 5618 923 5684; x_wconf 77' lang='grc' dir='ltr'>,βιοὺς</span> <span class='ocrx_word' id='word_1_739' title='bbox 950 5632 1058 5672; x_wconf 90' lang='lat' dir='ltr'>om.</span> <span class='ocrx_word' id='word_1_740' title='bbox 1089 5615 1151 5667; x_wconf 90' lang='lat' dir='ltr'>B.</span> <span class='ocrx_word' id='word_1_741' title='bbox 1249 5613 1295 5684; x_wconf 57' lang='grc' dir='ltr'>ξ’</span> <span class='ocrx_word' id='word_1_742' title='bbox 1332 5611 1377 5665; x_wconf 83' lang='grc' dir='ltr'><strong>Α</strong></span> <span class='ocrx_word' id='word_1_743' title='bbox 1409 5612 1708 5684; x_wconf 14' lang='grc' dir='ltr'>τὺνγᾶκρον</span> <span class='ocrx_word' id='word_1_744' title='bbox 1743 5609 1908 5684; x_wconf 63' lang='grc' dir='ltr'>βίον.</span> 
     </span>
    </p>
   </div>
   <div class='ocr_carea' id='block_1_106' title="bbox 597 5689 1082 5753">
    <p class='ocr_par' dir='ltr' id='par_1_106' title="bbox 597 5689 1082 5753">
     <span class='ocr_line' id='line_1_106' title="bbox 597 5689 1082 5753; baseline -0.002 -10"><span class='ocrx_word' id='word_1_745' title='bbox 597 5689 645 5723; x_wconf 81' lang='grc'>³⁸</span> <span class='ocrx_word' id='word_1_746' title='bbox 683 5691 726 5742; x_wconf 80' lang='lat' dir='ltr'><strong>A</strong></span> <span class='ocrx_word' id='word_1_747' title='bbox 749 5690 1082 5753; x_wconf 78' lang='grc' dir='ltr'>πεσοῦσας.</span> 
     </span>
    </p>
   </div>
   <div class='ocr_carea' id='block_1_107' title="bbox 596 5754 1207 5828">
    <p class='ocr_par' dir='ltr' id='par_1_107' title="bbox 596 5754 1207 5828">
     <span class='ocr_line' id='line_1_107' title="bbox 596 5754 1207 5828; baseline -0.008 -14"><span class='ocrx_word' id='word_1_748' title='bbox 596 5759 884 5828; x_wconf 69' lang='grc' dir='ltr'>ἀδελφοῖς</span> <span class='ocrx_word' id='word_1_749' title='bbox 919 5754 1207 5828; x_wconf 60' lang='grc' dir='ltr'>ἐνεγκεῖν.</span> 
     </span>
    </p>
   </div>
   <div class='ocr_carea' id='block_1_108' title="bbox 597 5820 2014 5897">
    <p class='ocr_par' dir='ltr' id='par_1_108' title="bbox 597 5820 2014 5897">
     <span class='ocr_line' id='line_1_108' title="bbox 597 5820 2014 5897; baseline -0.009 -13"><span class='ocrx_word' id='word_1_750' title='bbox 597 5829 649 5864; x_wconf 84' lang='grc'><strong><em>³⁸</em></strong></span> <span class='ocrx_word' id='word_1_751' title='bbox 685 5832 725 5883; x_wconf 87' lang='grc' dir='ltr'><strong>Β</strong></span> <span class='ocrx_word' id='word_1_752' title='bbox 749 5820 1052 5897; x_wconf 43' lang='lat' dir='ltr'><strong>eat-oriae.</strong></span> <span class='ocrx_word' id='word_1_753' title='bbox 1129 5826 1174 5857; x_wconf 75' lang='grc'>³⁸</span> <span class='ocrx_word' id='word_1_754' title='bbox 1214 5825 1255 5876; x_wconf 87' lang='grc' dir='ltr'><strong>Β</strong></span> <span class='ocrx_word' id='word_1_755' title='bbox 1286 5824 1414 5897; x_wconf 61' lang='grc' dir='ltr'>μεθ’</span> <span class='ocrx_word' id='word_1_756' title='bbox 1444 5822 1691 5897; x_wconf 65' lang='grc' dir='ltr'>ἡμέραν.</span> <span class='ocrx_word' id='word_1_757' title='bbox 1768 5820 1822 5897; x_wconf 37' lang='grc' dir='ltr'>δέ).</span> <span class='ocrx_word' id='word_1_758' title='bbox 1853 5820 2014 5897; x_wconf 41' lang='grc' dir='ltr'>[δὼς-Σ</span> 
     </span>
    </p>
   </div>
   <div class='ocr_carea' id='block_1_109' title="bbox 2000 5602 2548 5672">
    <p class='ocr_par' dir='ltr' id='par_1_109' title="bbox 2000 5602 2548 5672">
     <span class='ocr_line' id='line_1_109' title="bbox 2000 5602 2548 5672; baseline -0.002 -14"><span class='ocrx_word' id='word_1_759' title='bbox 2000 5607 2044 5638; x_wconf 83' lang='grc'>²⁸</span> <span class='ocrx_word' id='word_1_760' title='bbox 2081 5607 2121 5658; x_wconf 90' lang='grc' dir='ltr'>Β</span> <span class='ocrx_word' id='word_1_761' title='bbox 2149 5602 2548 5672; x_wconf 81' lang='grc' dir='ltr'>κατορθωκώς.</span> 
     </span>
    </p>
   </div>
   <div class='ocr_carea' id='block_1_110' title="bbox 1183 5673 3822 5805">
    <p class='ocr_par' dir='ltr' id='par_1_110' title="bbox 1183 5673 3822 5805">
     <span class='ocr_line' id='line_1_110' title="bbox 1183 5673 3822 5750; baseline -0.013 -13"><span class='ocrx_word' id='word_1_762' title='bbox 1183 5685 1224 5716; x_wconf 83' lang='grc'>³¹</span> <span class='ocrx_word' id='word_1_763' title='bbox 1257 5683 1363 5736; x_wconf 91' lang='lat' dir='ltr'><strong>Pro</strong></span> <span class='ocrx_word' id='word_1_764' title='bbox 1396 5673 1787 5749; x_wconf 73' lang='grc' dir='ltr'>εὑρίσκοντος</span> <span class='ocrx_word' id='word_1_765' title='bbox 1818 5677 2013 5743; x_wconf 76' lang='grc' dir='ltr'>αὐτὴν</span> <span class='ocrx_word' id='word_1_766' title='bbox 2043 5679 2085 5728; x_wconf 84' lang='grc' dir='ltr'>Β</span> <span class='ocrx_word' id='word_1_767' title='bbox 2107 5673 2558 5744; x_wconf 77' lang='grc' dir='ltr'>εὑρισκομένης.</span> <span class='ocrx_word' id='word_1_768' title='bbox 2634 5673 2678 5702; x_wconf 86' lang='grc'>³¹</span> <span class='ocrx_word' id='word_1_769' title='bbox 2716 5673 2815 5750; x_wconf 55' lang='grc' dir='ltr'>ἐπὶ</span> <span class='ocrx_word' id='word_1_770' title='bbox 2848 5673 3036 5733; x_wconf 85' lang='grc' dir='ltr'>τούτῳ</span> <span class='ocrx_word' id='word_1_771' title='bbox 3076 5673 3262 5749; x_wconf 54' lang='lat' dir='ltr'><strong>mttu-</strong></span> <span class='ocrx_word' id='word_1_772' title='bbox 3298 5682 3406 5747; x_wconf 79' lang='lat' dir='ltr'>om.</span> <span class='ocrx_word' id='word_1_773' title='bbox 3434 5673 3490 5715; x_wconf 69' lang='grc' dir='ltr'>Β.</span> <span class='ocrx_word' id='word_1_774' title='bbox 3571 5673 3618 5689; x_wconf 79' lang='grc'>’⁸</span> <span class='ocrx_word' id='word_1_775' title='bbox 3657 5673 3696 5708; x_wconf 78' lang='lat' dir='ltr'>n</span> <span class='ocrx_word' id='word_1_776' title='bbox 3725 5673 3822 5712; x_wconf 83' lang='grc' dir='ltr'>τοις</span> 
     </span>
     <span class='ocr_line' id='line_1_111' title="bbox 1183 5725 3822 5805; baseline -0.012 3"><span class='ocrx_word' id='word_1_777' title='bbox 1183 5773 1207 5805; x_wconf 63' lang='grc' dir='ltr'>υ.</span> <span class='ocrx_word' id='word_1_778' title='bbox 1284 5755 1328 5784; x_wconf 76' lang='grc'>³⁵</span> <span class='ocrx_word' id='word_1_779' title='bbox 1364 5754 1407 5805; x_wconf 81' lang='grc' dir='ltr'>Β</span> <span class='ocrx_word' id='word_1_780' title='bbox 1430 5752 1727 5805; x_wconf 70' lang='grc' dir='ltr'>οῠάλεγτι.</span> <span class='ocrx_word' id='word_1_781' title='bbox 1806 5750 1850 5782; x_wconf 81' lang='grc'>³⁵</span> <span class='ocrx_word' id='word_1_782' title='bbox 1882 5749 1922 5801; x_wconf 77' lang='grc' dir='ltr'><strong>Β</strong></span> <span class='ocrx_word' id='word_1_783' title='bbox 1953 5748 2142 5805; x_wconf 75' lang='grc' dir='ltr'>ὕϐρισε</span> <span class='ocrx_word' id='word_1_784' title='bbox 2181 5747 2279 5800; x_wconf 77' lang='grc' dir='ltr'>καὶ</span> <span class='ocrx_word' id='word_1_785' title='bbox 2309 5745 2516 5805; x_wconf 68' lang='grc' dir='ltr'>ἔτυψε.</span> <span class='ocrx_word' id='word_1_786' title='bbox 2592 5741 2638 5773; x_wconf 82' lang='grc'>³⁸</span> <span class='ocrx_word' id='word_1_787' title='bbox 2675 5759 2755 5805; x_wconf 85' lang='grc' dir='ltr'>τῳ</span> <span class='ocrx_word' id='word_1_788' title='bbox 2781 5755 2890 5794; x_wconf 91' lang='lat' dir='ltr'>om.</span> <span class='ocrx_word' id='word_1_789' title='bbox 2923 5740 2989 5794; x_wconf 83' lang='lat' dir='ltr'><strong>A.</strong></span> <span class='ocrx_word' id='word_1_790' title='bbox 3066 5740 3107 5770; x_wconf 79' lang='lat'><strong>&quot;</strong></span> <span class='ocrx_word' id='word_1_791' title='bbox 3151 5737 3228 5790; x_wconf 60' lang='lat' dir='ltr'><strong>lux</strong></span> <span class='ocrx_word' id='word_1_792' title='bbox 3255 5751 3426 5797; x_wconf 59' lang='lat' dir='ltr'><strong>conn,</strong></span> <span class='ocrx_word' id='word_1_793' title='bbox 3457 5735 3506 5805; x_wconf 83' lang='lat' dir='ltr'>A_</span> <span class='ocrx_word' id='word_1_794' title='bbox 3527 5725 3822 5805; x_wconf 49' lang='grc' dir='ltr'>ΔΒχρείιιθν-</span> 
     </span>
    </p>
   </div>
   <div class='ocr_carea' id='block_1_111' title="bbox 1430 5759 3820 5884">
    <p class='ocr_par' dir='ltr' id='par_1_111' title="bbox 1430 5759 3820 5884">
     <span class='ocr_line' id='line_1_112' title="bbox 1430 5759 3820 5819; baseline -0.012 -14"><span class='ocrx_word' id='word_1_795' title='bbox 1430 5759 1727 5805; x_wconf 65' lang='lat' dir='ltr'><strong>omum-ct.</strong></span> <span class='ocrx_word' id='word_1_796' title='bbox 1806 5759 1850 5782; x_wconf 74' lang='grc'>³⁵</span> <span class='ocrx_word' id='word_1_797' title='bbox 1885 5759 1922 5801; x_wconf 73' lang='lat' dir='ltr'>li</span> <span class='ocrx_word' id='word_1_798' title='bbox 1953 5759 2142 5819; x_wconf 75' lang='grc' dir='ltr'>ύδρισε</span> <span class='ocrx_word' id='word_1_799' title='bbox 2181 5759 2279 5800; x_wconf 82' lang='grc' dir='ltr'>και</span> <span class='ocrx_word' id='word_1_800' title='bbox 2309 5759 2516 5813; x_wconf 69' lang='grc' dir='ltr'>ετυψε.</span> <span class='ocrx_word' id='word_1_801' title='bbox 2592 5759 2638 5773; x_wconf 84' lang='lat'><strong>&quot;</strong></span> <span class='ocrx_word' id='word_1_802' title='bbox 2675 5759 2755 5805; x_wconf 84' lang='grc' dir='ltr'>τῳ</span> <span class='ocrx_word' id='word_1_803' title='bbox 2781 5759 2890 5794; x_wconf 90' lang='lat' dir='ltr'>om.</span> <span class='ocrx_word' id='word_1_804' title='bbox 2923 5759 2989 5794; x_wconf 71' lang='grc' dir='ltr'>Λ.</span> <span class='ocrx_word' id='word_1_805' title='bbox 3066 5759 3102 5770; x_wconf 87' lang='grc'>··</span> <span class='ocrx_word' id='word_1_806' title='bbox 3151 5759 3228 5790; x_wconf 73' lang='lat' dir='ltr'><strong>nx</strong></span> <span class='ocrx_word' id='word_1_807' title='bbox 3255 5759 3426 5797; x_wconf 74' lang='grc' dir='ltr'>ιιυιιι..</span> <span class='ocrx_word' id='word_1_808' title='bbox 3457 5759 3494 5785; x_wconf 72' lang='grc' dir='ltr'><strong><em>η</em></strong></span> <span class='ocrx_word' id='word_1_809' title='bbox 3546 5759 3586 5782; x_wconf 80' lang='grc' dir='ltr'>ιι</span> <span class='ocrx_word' id='word_1_810' title='bbox 3614 5759 3820 5796; x_wconf 57' lang='grc' dir='ltr'>μωμητ-</span> 
     </span>
     <span class='ocr_line' id='line_1_113' title="bbox 1444 5797 3820 5884; baseline -0.011 -9"><span class='ocrx_word' id='word_1_811' title='bbox 1444 5822 1691 5884; x_wconf 79' lang='grc' dir='ltr'>ἡμέραν.</span> <span class='ocrx_word' id='word_1_812' title='bbox 1768 5820 1812 5852; x_wconf 75' lang='grc' dir='ltr'>⁸ο</span> <span class='ocrx_word' id='word_1_813' title='bbox 1853 5822 1895 5871; x_wconf 80' lang='grc' dir='ltr'><strong>Β</strong></span> <span class='ocrx_word' id='word_1_814' title='bbox 1916 5820 2014 5883; x_wconf 84' lang='grc' dir='ltr'>ὡς.</span> <span class='ocrx_word' id='word_1_815' title='bbox 2092 5819 2136 5849; x_wconf 68' lang='grc' dir='ltr'><strong>δι</strong></span> <span class='ocrx_word' id='word_1_816' title='bbox 2168 5816 2258 5870; x_wconf 85' lang='grc' dir='ltr'>ΑΒ</span> <span class='ocrx_word' id='word_1_817' title='bbox 2281 5813 2762 5884; x_wconf 68' lang='grc' dir='ltr'>λαμπαδιςρόρων.</span> <span class='ocrx_word' id='word_1_818' title='bbox 2840 5810 2885 5841; x_wconf 66' lang='grc'><strong>⁸⁸</strong></span> <span class='ocrx_word' id='word_1_819' title='bbox 2915 5809 2957 5862; x_wconf 85' lang='grc' dir='ltr'><strong>Β</strong></span> <span class='ocrx_word' id='word_1_820' title='bbox 2982 5807 3422 5883; x_wconf 74' lang='grc' dir='ltr'>προσλαϐόντα,</span> <span class='ocrx_word' id='word_1_821' title='bbox 3498 5799 3546 5829; x_wconf 64' lang='grc'>⁸³</span> <span class='ocrx_word' id='word_1_822' title='bbox 3575 5799 3665 5856; x_wconf 82' lang='lat' dir='ltr'>AB</span> <span class='ocrx_word' id='word_1_823' title='bbox 3695 5797 3820 5861; x_wconf 67' lang='grc' dir='ltr'>,ιαρο</span> 
     </span>
    </p>
   </div>
   <div class='ocr_carea' id='block_1_112' title="bbox 2647 5587 3823 5666">
    <p class='ocr_par' dir='ltr' id='par_1_112' title="bbox 2647 5587 3823 5666">
     <span class='ocr_line' id='line_1_114' title="bbox 2647 5587 3823 5666; baseline -0.016 -13"><span class='ocrx_word' id='word_1_824' title='bbox 2647 5601 2691 5632; x_wconf 76' lang='grc'>’⁸</span> <span class='ocrx_word' id='word_1_825' title='bbox 2728 5597 2836 5652; x_wconf 85' lang='lat' dir='ltr'><strong>Pro</strong></span> <span class='ocrx_word' id='word_1_826' title='bbox 2859 5595 3196 5666; x_wconf 81' lang='grc' dir='ltr'>ράπτοντος</span> <span class='ocrx_word' id='word_1_827' title='bbox 3239 5591 3512 5666; x_wconf 61' lang='grc' dir='ltr'>αὑτοῦ-Β</span> 
     </span>
    </p>
   </div>
   <div class='ocr_carea' id='block_1_113' title="bbox 2634 5657 3827 5733">
    <p class='ocr_par' dir='ltr' id='par_1_113' title="bbox 2634 5657 3827 5733">
     <span class='ocr_line' id='line_1_115' title="bbox 2634 5657 3827 5733; baseline -0.009 -10"><span class='ocrx_word' id='word_1_828' title='bbox 2634 5671 2678 5702; x_wconf 84' lang='grc'>³²</span> <span class='ocrx_word' id='word_1_829' title='bbox 2716 5670 2815 5722; x_wconf 80' lang='grc' dir='ltr'>ἐπὶ</span> <span class='ocrx_word' id='word_1_830' title='bbox 2848 5657 3036 5733; x_wconf 65' lang='grc' dir='ltr'>ξούτῳ</span> <span class='ocrx_word' id='word_1_831' title='bbox 3076 5657 3262 5720; x_wconf 55' lang='grc' dir='ltr'>πάλιν</span> <span class='ocrx_word' id='word_1_832' title='bbox 3298 5682 3406 5716; x_wconf 80' lang='lat' dir='ltr'><strong>(nn.</strong></span> <span class='ocrx_word' id='word_1_833' title='bbox 3434 5663 3490 5715; x_wconf 86' lang='grc' dir='ltr'>Β.</span> <span class='ocrx_word' id='word_1_834' title='bbox 3545 5661 3618 5733; x_wconf 51' lang='grc' dir='ltr'>ξ’</span> <span class='ocrx_word' id='word_1_835' title='bbox 3657 5657 3696 5708; x_wconf 86' lang='grc' dir='ltr'>Β</span> <span class='ocrx_word' id='word_1_836' title='bbox 3725 5657 3827 5733; x_wconf 59' lang='grc' dir='ltr'>τοῖς</span> 
     </span>
    </p>
   </div>
   <div class='ocr_carea' id='block_1_114' title="bbox 601 5880 2928 5974">
    <p class='ocr_par' dir='ltr' id='par_1_114' title="bbox 601 5880 2928 5974">
     <span class='ocr_line' id='line_1_116' title="bbox 601 5880 2928 5974; baseline -0.01 -17"><span class='ocrx_word' id='word_1_837' title='bbox 601 5880 1025 5973; x_wconf 36' lang='lat' dir='ltr'><strong>«ﬁere—6pm}?</strong></span> <span class='ocrx_word' id='word_1_838' title='bbox 1047 5898 1092 5931; x_wconf 66' lang='grc' dir='ltr'>δ’</span> <span class='ocrx_word' id='word_1_839' title='bbox 1133 5897 1174 5948; x_wconf 87' lang='grc' dir='ltr'>Β</span> <span class='ocrx_word' id='word_1_840' title='bbox 1208 5897 1257 5948; x_wconf 82' lang='grc' dir='ltr'>οἱ</span> <span class='ocrx_word' id='word_1_841' title='bbox 1285 5880 1436 5963; x_wconf 57' lang='lat' dir='ltr'><strong>liqvor</strong></span> <span class='ocrx_word' id='word_1_842' title='bbox 1469 5880 1720 5963; x_wconf 66' lang='grc' dir='ltr'>πατέρες.</span> <span class='ocrx_word' id='word_1_843' title='bbox 1788 5889 1854 5925; x_wconf 63' lang='grc' dir='ltr'>ιδ’</span> <span class='ocrx_word' id='word_1_844' title='bbox 1881 5890 1923 5946; x_wconf 81' lang='grc' dir='ltr'><strong>Β</strong></span> <span class='ocrx_word' id='word_1_845' title='bbox 1947 5880 2284 5959; x_wconf 66' lang='grc' dir='ltr'>ἀδιαφορία.</span> <span class='ocrx_word' id='word_1_846' title='bbox 2359 5880 2408 5920; x_wconf 61' lang='grc'>³⁸</span> <span class='ocrx_word' id='word_1_847' title='bbox 2435 5887 2474 5940; x_wconf 89' lang='grc' dir='ltr'>Β</span> <span class='ocrx_word' id='word_1_848' title='bbox 2494 5880 2928 5974; x_wconf 69' lang='grc' dir='ltr'>ἑθεράπευσαν.</span> 
     </span>
    </p>
   </div>
  </div>
