3950 6542
191 391 283 449 205
1681 389 1885 453 ACTA;

941 500 977 554 ι

724 614 863 685 Περὶ
906 616 1183 685 Ἦρωνος.
1267 594 1273 603 ί

252 731 421 801 Ἥρων
450 745 535 793 τις
581 729 801 799 γέγονεν
856 730 1277 801 Ἀλεξανδρεύς,
1328 731 1581 799 γειτνιῶν
1628 748 1738 801 μοι,

190 825 398 887 ἀστεῖος,
424 820 706 894 νεώτερος,
738 822 953 893 εὐφυὴς
984 824 1081 894 τὴν
1100 823 1360 886 διάνοιαν,
1388 824 1623 893 καθαρὸς
1650 822 1740 876 τὸν

192 916 307 988 βίον,
334 911 448 966 καθ’
478 912 783 985 ὑπερϐολὴν
809 914 1005 976 λεπτὸς
1035 916 1100 984 τῇ
1137 914 1337 987 ἀρίστῃ
1370 914 1633 984 πολιτείᾳ,
1666 915 1742 978 ὡς

190 1006 394 1067 πολλοὺς
426 1005 541 1047 ⁵⁸³⁷
568 1004 678 1058 τῶν
702 1006 945 1075 συνήθων
968 1007 1130 1059 αὐτοῦ
1158 1007 1355 1075 λέγειν,
1379 1008 1458 1059 ὅτι
1486 1007 1741 1070 πολλάκις

189 1098 264 1153 διὰ
290 1096 447 1167 τριῶν
474 1097 659 1168 μηνῶν
682 1098 868 1167 ήσθιεν
889 1098 956 1161 ⁸⁸,
999 1099 1135 1169 μόνῃ
1161 1100 1226 1168 τῇ
1264 1099 1521 1168 κοινωνίᾳ
1538 1098 1740 1170 ἀρκού-

191 1205 331 1261 μενος
368 1188 457 1241 καὶ
484 1187 539 1240 εί
569 1206 669 1241 που
704 1189 1050 1261 παραφανείη
1098 1189 1506 1261 ἀγριολάχανον.
1548 1192 1740 1261 πεῖραν

188 1281 235 1335 δὲ
258 1279 435 1333 τούτου
462 1278 617 1350 ἔσχον
646 1280 801 1349 κάγὼ
830 1282 926 1335 σὺν
957 1281 1036 1352 τῷ
1070 1282 1349 1353 μακαρίτῃ
1394 1282 1622 1353 Ἀλϐίνῳ
1646 1282 1740 1334 ἐπὶ

188 1370 272 1441 τὴν
300 1368 491 1437 Σκῆτιν
514 1370 725 1422 ἀπιόντι
753 1370 1062 1440 ἀπέχουσαν
1084 1372 1177 1440 ἀφ’
1223 1372 1383 1443 ἡμῶν
1406 1371 1448 1403 ιο
1477 1373 1569 1424 ἐπὶ
1613 1372 1665 1443 μυ
1695 1372 1741 1403 ιι.

188 1460 431 1531 σημείοις.
476 1462 569 1513 καὶ
614 1462 671 1513 ἐν
716 1460 925 1524 τούτοις
972 1459 1248 1526 ὁδεύοντες
1296 1464 1456 1533 ἡμεῖς
1492 1463 1740 1535 δεύτερον

187 1551 441 1623 ἐφάγομεν
467 1554 562 1605 καὶ
583 1552 766 1622 τρίτον
795 1552 841 1584 ⁸¹
865 1553 1113 1623 ἐπίομεν,
1138 1555 1343 1618 ἐκεῖνος
1366 1554 1423 1606 δέ
1454 1554 1580 1626 μηδ’
1604 1554 1740 1619 ὅλως

183 1644 499 1714 γευσάμενος
542 1644 786 1708 πεζεύων
834 1646 879 1678 ⁵⁸
933 1644 1297 1716 ἀπεστήθιζεν
1354 1645 1603 1717 ψαλμοὺς
1650 1646 1739 1699 τὸν

185 1734 336 1809 μέγαν
358 1736 456 1787 καὶ
490 1736 679 1799 ἄλλους
708 1735 787 1799 ιε’,
817 1737 913 1805 τὴν
956 1737 1092 1808 πρὸς
1140 1737 1419 1807 Ἐϐραίους
1451 1737 1737 1807 ἐπιστολὴν

182 1828 263 1881 καὶ
290 1827 538 1892 Ἡσαΐαν,
569 1828 660 1880 καὶ
692 1828 858 1899 μέρος
895 1828 1158 1898 Ἰερεμίου
1188 1828 1283 1881 τοῦ
1315 1831 1615 1901 προφήτου,
1645 1833 1739 1884 καὶ
1772 1844 1812 1898 Β

180 1921 371 1975 Δονκάν
401 1919 500 1971 τὸν
537 1920 965 1993 Εὐαγγελιστῂν,
1008 1920 1105 1973 κοιλ⁵
1146 1920 1242 1983 τὰς
1276 1920 1619 1992 Παροιμίας,
1649 1924 1742 1975 καὶ

179 2011 343 2064 τοῦτον
390 2010 722 2064 καταλαϐεῖν
791 2012 891 2065 οὐκ
934 2012 1281 2083 ἠδυνήθημεν
1336 2012 1635 2081 βαδίζοντα.
1684 2016 1742 2077 ὃς

180 2104 262 2156 καὶ
292 2101 456 2164 αὐτὸς
508 2103 646 2172 μετὰ
690 2104 883 2168 πόνους
932 2104 1202 2174 μεγάλους
1233 2104 1325 2156 καὶ
1355 2105 1583 2176 ἱδρῶτας
1615 2124 1738 2175 γεν-

179 2194 340 2257 ναίους
361 2193 450 2264 τῷ
477 2194 631 2266 τύφῳ
658 2197 756 2266 τῆς
774 2196 1031 2259 ἀπονοίας
1057 2196 1244 2266 ἀρθεὶς
1266 2199 1345 2260 είς
1374 2196 1507 2266 ὕψος
1540 2199 1741 2268 μετέω-

178 2301 277 2357 ρον,
302 2284 558 2338 κάκεῖθεν
592 2286 822 2340 ἐλεεινὸν
852 2288 984 2340 πᾶσι
1025 2287 1224 2357 πτῶμα
1248 2289 1620 2359 κατενεχθεὶς,
1653 2292 1743 2344 καὶ

177 2375 303 2429 κατὰ
331 2375 448 2429 τῶν
479 2377 649 2445 ἁγίων
682 2378 934 2449 πατέρων
962 2380 1136 2448 οἰήσει
1167 2381 1372 2451 ματαίᾳ
1405 2382 1742 2454 μεγαλοφρο-

177 2467 344 2535 νήσας,
388 2469 610 2532 πάντας
656 2469 907 2541 ἐξύϐρισε
958 2472 1163 2540 λέγων·
1214 2475 1295 2526 ὅτι
1339 2476 1388 2525 οἱ
1436 2475 1743 2546 πειθόμενοι

180 2558 313 2628 ὑμῶν
350 2563 415 2631 τῇ
467 2560 781 2632 διδασκαλίᾳ
819 2564 1166 2616 ἀπατῶνται-
1211 2567 1271 2618 ού
1306 2567 1410 2637 χρὴ
1446 2566 1552 2637 γὰρ
1598 2566 1744 2619 διδα-

182 2651 375 2715 σκάλοις
399 2653 617 2723 ἑτέροις
648 2654 879 2724 χρῆσθαι
904 2656 944 2686 ⁸*
970 2658 1240 2727 παρεκτὸς
1260 2658 1354 2710 τοῦ
1384 2659 1616 2729 Χριστοῦ
1649 2662 1743 2729 p.6-

182 2759 279 2806 νου,
306 2743 383 2795 ὅτι
414 2745 584 2807 αὐτὸς
608 2746 636 2797 ὁ
665 2746 853 2817 Σωτήρ
869 2743 1042 2800 εἶπενο
1065 2766 1083 2795 ι
1105 2748 1180 2818 μὴ
1201 2746 1469 2820 καλέσητε
1491 2751 1743 2804 διδάσκα-

180 2832 260 2886 λον
282 2835 368 2886 ἐπὶ
394 2835 498 2903 τῆς
522 2834 646 2904 γῆς.
682 2854 702 2887 ι
738 2834 797 2898 ὃς
819 2835 912 2887 ἐπὶ
955 2837 1207 2891 τοσοῦτον
1239 2839 1334 2891 καὶ
1386 2840 1547 2903 αὐτὸς
1597 2841 1744 2892 ἐσκο-

178 2922 315 2994 τίσθη
362 2926 459 2996 τὴν
521 2926 756 2979 διάνοιαν
800 2928 848 2959 ⁸⁵
894 2931 960 2999 τῇ
1018 2929 1293 3001 κενοδοξία
1347 2932 1446 3001 τῆς
1508 2933 1742 3002 οἰήσεως

177 3013 361 3067 ἄνωθεν
398 3016 554 3068 κάτω
586 3016 754 3071 ἐλθών
777 3018 844 3083 ⁸⁸,
884 3019 961 3082 ὡς
991 3021 1155 3073 αὑτὸν
1185 3022 1319 3093 μηδὲ
1350 3024 1397 3054 ⁵⁸
1420 3026 1534 3086 τοῖς
1581 3024 1742 3087 θείοις

180 3107 480 3177 μυστηρίοις
517 3108 692 3164 θέλειν
736 3112 1156 3183 προσέρχεσθαι.
1204 3113 1509 3169 τελευταῖον
1550 3117 1627 3181 δέ,
1668 3118 1743 3180 ὠς

178 3200 269 3253 ὑπὸ
309 3203 668 3274 σφοδροτάτου
705 3207 876 3277 πυρὸς
910 3207 1014 3259 ὑπὸ
1046 3207 1139 3259 τοῦ
1184 3206 1434 3277 δαίμονος
1472 3208 1739 3271 ἐλασθεὶς,

176 3292 420 3363 κατῆλθεν
458 3297 545 3359 είς
584 3296 992 3369 Ἀλεξάνδρειαν
1025 3299 1251 3370 προνοίᾳ
1288 3301 1388 3369 τῆς
1418 3298 1567 3363 θείας
1600 3301 1742 3353 οἱκο-

175 3384 347 3453 νομίας
370 3385 435 3451 ⁵⁷,
464 3386 611 3440 ὥστε
650 3389 765 3460 ήλῳ
806 3386 1052 3461 τὸνοῆλον
1082 3390 1554 3462 ἀποκρούσασθαιο
1586 3411 1743 3465 περι-

176 3476 349 3529 έπεσεν
409 3478 524 3548 γὰρ
589 3480 962 3552 ἁδιαφορίαις,
1014 3482 1109 3533 καὶ
1150 3480 1462 3552 θεατρικαῖς
1490 3484 1537 3515 ⁸⁸
1577 3486 1741 3538 ἱππο-

172 3568 424 3639 δρομίαις,
467 3574 568 3625 καὶ
601 3574 919 3643 καπηλείοις
950 3576 1049 3638 τὰς
1075 3576 1357 3647 διατριϐὰς
1390 3573 1533 3646 εἶχεν
1556 3578 1622 3628 ⁸⁹.
1653 3578 1733 3629 τὲ·

174 3660 253 3724 λος
280 3662 367 3715 καὶ
391 3665 469 3727 είς
489 3666 592 3735 τὴν
619 3665 913 3735 ἐπιθυμίαν
943 3667 1041 3737 τῆς
1066 3668 1495 3738 γυναικομανίας
1518 3668 1743 3739 ληφθεὶς

173 3756 275 3820 καὶ,
299 3757 372 3819 ὡς
393 3756 439 3788 ⁶⁰
468 3759 768 3811 ἐσκέπτετο
791 3758 1129 3828 ἁμαρτήσαι,
1156 3759 1347 3830 μιμάδι
1371 3761 1479 3813 τινὶ
1507 3762 1743 3830 συνεχῶς

172 3847 232 3897 τὰ
267 3848 395 3915 πρὸς
435 3850 499 3901 τὸ
547 3849 701 3913 ἐλκος
750 3850 913 3903 αὑτοῦ
951 3850 1221 3919 διελέγετο
1262 3853 1328 3906 ⁸⁸.
1378 3854 1472 3905 καὶ
1516 3854 1574 3904 ἐν
1628 3855 1741 3914 τοῖς

171 3936 411 4000 τοιούτοις
428 3939 472 3969 ⁶’
494 3938 613 3991 ὄντι
639 3939 684 3969 ⁸³
704 3940 926 4007 γέγονεν
945 3940 1094 4011 αὐτῷ
1116 3941 1259 3996 κατά
1279 3959 1400 3995 τινα
1430 3944 1741 4013 οἰκονομίαν

173 4026 359 4097 ἄνθραξ
396 4030 545 4083 κατὰ
589 4032 689 4101 τῆς
724 4032 973 4102 βαλάνου,
1010 4035 1105 4086 καὶ
1138 4035 1229 4087 ἐπὶ
1262 4034 1322 4099 ἒξ
1350 4036 1524 4104 μῆνας
1557 4035 1743 4088 τοσοῦ-

172 4136 252 4172 τον
273 4122 317 4152 ⁸⁸
342 4123 625 4195 ἐνόσησεν,
652 4124 727 4187 ὡς
756 4126 1142 4196 κατασαπῆναι
1171 4126 1337 4179 αὑτοῦ
1360 4128 1429 4179 τὰ
1459 4127 1621 4197 μόρια
1650 4129 1742 4180 καὶ

172 4210 477 4280 αὐτομάτως
512 4214 830 4269 ἀποπεσεῖν.
877 4214 1105 4287 ὕστερον
1137 4217 1194 4269 δέ
1248 4217 1476 4285 ὑγιάνας
1526 4219 1619 4271 καὶ
1661 4219 1741 4280 είς

172 4304 509 4375 συναίσθησιν
555 4306 724 4358 ἐλθὼν
752 4307 1051 4377 ἐπανῆλθεν
1088 4308 1215 4362 ἄνευ
1262 4309 1370 4361 τῶν
1408 4309 1585 4379 μελῶν
1614 4309 1739 4361 τού-

170 4410 286 4459 των,
320 4399 412 4451 καὶ
442 4400 526 4460 είς
555 4400 771 4469 μνήμην
798 4399 897 4469 τῆς
930 4400 1181 4469 οὐρανίου
1218 4401 1492 4464 πολιτείας
1522 4402 1579 4453 ἐν
1611 4400 1740 4471 θείῳ

3310 388 3417 444 206

2604 500 2656 554 ι.

2458 593 2534 649 De
2574 592 2800 647 llerone.

1916 686 2043 741 Fuit
2075 686 2221 743 Hero
2259 685 2481 758 quidam
2529 683 2955 748 Alexandrinus,
3004 681 3139 737 mihi
3176 683 3413 748 vicinus,
3466 678 3473 689 ““

1844 777 2109 843 urbanus,
2150 778 2497 842 adolescens,
2541 777 2686 830 bouo
2737 774 2981 845 ingenio,
3018 774 3235 844 integra
3279 777 3414 840 vita,

1843 871 2267 925 conversatione
2302 884 2475 939 supra
2506 868 2726 923 modum
2760 867 2949 923 subtili
2979 882 3153 937 caque
3184 868 3413 938 optima,

1842 962 1918 1015 ita
1973 970 2031 1015 ut
2087 962 2241 1015 multi
2294 977 2324 1016 e
2375 961 2747 1017 familiaribus
2800 962 2917 1016 suis
2972 961 3241 1024 dicerent,
3289 976 3413 1015 eum

1842 1068 2004 1123 saepe
2036 1054 2179 1106 intra
2214 1062 2326 1107 tres
2356 1067 2576 1107 menses
2605 1052 2777 1107 semel
2803 1052 3110 1118 comedere,
3140 1053 3260 1107 sola
3283 1067 3415 1107 con-

1843 1155 2051 1201 lentum
2106 1146 2495 1201 communione
2547 1156 2600 1199 et
2654 1145 2834 1200 sicubi
2894 1145 3241 1215 apparuisset
3293 1146 3416 1199 olus

1842 1244 2078 1305 agreste.
2117 1233 2571 1305 Experimentum
2625 1233 2794 1289 huius
2840 1235 2921 1288 rei
2975 1235 3093 1304 ipse
3146 1234 3248 1288 feci
3289 1251 3415 1289 cum

1842 1328 2003 1383 beato
2057 1328 2255 1381 Albino
2298 1327 2534 1382 abeunte
2582 1326 2637 1380 in
2677 1326 2905 1389 Scetim,
2946 1342 3087 1397 quae
3145 1328 3335 1381 aberat
3386 1342 3417 1380 a

1841 1420 2001 1474 nobis
2046 1417 2161 1474 fere
2191 1419 2557 1489 quadraginta
2602 1418 2952 1473 milliaribus.
2980 1419 3158 1487 Atque
3206 1419 3260 1472 in
3312 1419 3418 1472 hoc

1844 1512 2041 1567 itinere
2098 1526 2199 1567 nos
2251 1511 2340 1567 bis
2395 1510 2739 1566 comedimus
2782 1516 2838 1564 et
2888 1518 2970 1564 ter
3007 1510 3246 1565 bibimus
3276 1529 3290 1564 :
3324 1509 3419 1564 ille

1842 1618 1973 1658 vero
2000 1619 2169 1673 quum
2202 1603 2344 1657 nihil
2381 1618 2610 1673 prorsus
2646 1611 2947 1674 gustasset,
2990 1602 3136 1657 inter
3167 1602 3416 1657 eundum

1841 1696 2162 1750 memoriter
2193 1696 2585 1766 pronuntiabat
2615 1696 2885 1765 psalmum
2912 1709 3167 1766 magnum
3198 1703 3253 1749 et
3280 1695 3418 1750 alios

1841 1786 2176 1856 quindecim,
2195 1789 2480 1858 epistolam
2497 1788 2564 1843 ad
2583 1787 2881 1852 Hebraeos,
2908 1798 2963 1842 et
2983 1787 3197 1854 Isaiam,
3214 1795 3269 1841 et
3295 1802 3419 1859 par-

1843 1890 1946 1934 tem
1967 1879 2226 1935 leremiae
2246 1881 2565 1950 prophetae,
2581 1880 2781 1935 deinde
2800 1879 3003 1934 Lucam
3022 1880 3416 1950 evangelistam

1844 1980 1898 2027 et
1931 1972 2222 2027 Proverbia
2258 1991 2269 2024 :
2302 1989 2479 2043 neque
2502 1988 2625 2027 eum
2652 1981 2969 2043 poteramus
2992 1972 3254 2041 consequi
3287 1986 3417 2041 pro-

1844 2067 2205 2136 gredientem.
2236 2065 2381 2119 Idem
2413 2074 2539 2136 post
2570 2080 2802 2135 magnos
2833 2064 3050 2118 labores
3083 2070 3136 2118 ct
3169 2062 3417 2132 praecla-

1844 2176 1936 2215 ros
1978 2160 2215 2215 sudores
2263 2159 2409 2213 fastu
2448 2168 2504 2214 et
2554 2160 2793 2213 stultitia
2842 2161 2897 2213 in
2938 2174 3215 2213 summum
3259 2157 3417 2213 fasti-

1845 2253 1993 2322 gium
2041 2252 2242 2318 elatus,
2284 2263 2337 2307 et
2377 2252 2580 2307 dehinc
2628 2252 2929 2307 miserabili
2981 2251 3240 2305 omnibus
3284 2265 3418 2305 casu

1844 2344 2008 2414 270
2040 2346 2458 2416 praecipitatus,
2487 2347 2650 2400 etiam
2682 2354 2909 2401 sanctos
2938 2353 3121 2415 patres
3150 2358 3289 2397 vana
3331 2345 3419 2398 sui

1844 2438 2216 2506 Opinioneita
2244 2440 2582 2508 contemptui
2619 2439 2833 2503 habuit,
2867 2446 2925 2493 ut
2953 2439 3210 2492 omnibus
3243 2438 3419 2492 insul-

1846 2540 1985 2584 taret
2030 2530 2219 2585 dicens
2254 2550 2267 2585 :
2301 2532 2403 2597 Qui
2441 2540 2635 2602 parent
2672 2540 2887 2587 vestrae
2917 2532 3222 2595 doctrinae,
3274 2531 3419 2585 deri-

1845 2623 2102 2693 piuntur;
2152 2640 2329 2694 neque
2375 2626 2521 2679 enim
2566 2632 2784 2695 oportet
2832 2625 3116 2695 magistris
3166 2625 3288 2679 aliis
3336 2626 3415 2678 uti

1847 2725 2064 2785 praeter
2090 2717 2273 2771 solum
2304 2715 2608 2781 Christum,
2639 2717 2768 2787 quia
2805 2716 2921 2786 ipse
2948 2717 3201 2771 Salvator
3232 2716 3369 2770 dixit
3401 2735 3414 2770 :

1851 2806 1932 2860 Ne
1959 2808 2265 2861 vocaveritis
2290 2808 2606 2877 magistrum
2633 2824 2788 2875 super
2818 2818 3034 2860 (errant.
3066 2806 3210 2861 Idem
3238 2817 3421 2863 mente

1847 2906 2133 2969 tantopere
2165 2900 2498 2954 obcaecatus
2530 2908 2615 2954 est
2650 2914 2787 2952 vana
2817 2899 3177 2967 persuasione
3204 2898 3420 2967 opinio-

1847 2993 1956 3052 nis,
2000 2992 2257 3046 deorsum
2290 3008 2553 3061 praeceps
2601 2991 2800 3053 factus,
2852 2999 2912 3043 ut
2955 2990 3126 3044 nollet
3160 2989 3420 3044 accedere

1847 3085 1914 3137 ad
1949 3085 2135 3138 divina
2168 3085 2454 3155 mysteria.
2502 3082 2849 3138 Postremum
2892 3084 3034 3138 sicut
3065 3098 3096 3136 a
3129 3083 3420 3136 vehemen-

1770 3178 1810 3234 C
1846 3177 2064 3231 tissimo
2110 3177 2233 3247 igne
2284 3192 2313 3230 a
2362 3177 2627 3232 daemone
2677 3177 2938 3246 agitatus,
2986 3175 3138 3230 venit
3182 3176 3419 3228 Alexan-

1845 3269 2018 3322 driam
2061 3269 2249 3323 divino
2303 3269 2541 3339 quodam
2594 3268 2849 3333 consilio,
2905 3278 2956 3322 ut
3000 3268 3157 3322 clavo
3204 3269 3419 3321 clavum

1844 3361 2183 3415 extruderet.
2228 3360 2477 3415 Incidens
2512 3360 2658 3414 enim
2703 3362 2758 3414 in
2799 3360 3202 3415 indifferentem
3235 3376 3417 3413 rerum

1845 3469 2030 3517 usum,
2055 3452 2112 3507 in
2142 3454 2381 3508 scenicis
2409 3454 2807 3523 hippodromis,
2838 3460 2893 3508 et
2923 3452 2978 3506 in
3006 3453 3270 3522 cauponis
3296 3467 3417 3505 ver-

1845 3546 2089 3600 sabatur.
2125 3544 2369 3615 Denique
2414 3554 2467 3601 et
2498 3546 2555 3599 in
2591 3545 2946 3614 cupiditatem
2982 3545 3419 3599 mulieriositalis

1844 3636 2033 3705 lapsus
2065 3651 2233 3704 quum
2269 3636 2630 3690 meditaretur
2656 3650 2906 3705 peccare,
2940 3650 3063 3688 cum
3088 3636 3252 3687 mima
3283 3650 3421 3703 qua-

1843 3728 1964 3782 dam
1997 3728 2218 3784 assidue
2244 3729 2632 3784 confabulatus
2666 3730 2714 3785 ei
2749 3730 2952 3784 vulnus
2985 3744 3145 3784 suum
3178 3730 3415 3798 aperuit.

1844 3821 2025 3889 Atque
2071 3838 2238 3890 quum
2290 3823 2387 3874 tali
2436 3822 2839 3877 consuetudine
2892 3829 3161 3887 uteretur,
3218 3830 3418 3874 enatus

1843 3925 1931 3968 est
1992 3916 2041 3968 ei
2098 3916 2286 3969 divino
2345 3916 2582 3984 quodam
2653 3915 2885 3969 consilio
2934 3915 3308 3967 carbunculus
3362 3914 3418 3967 in

1845 4007 2064 4077 glande,
2092 4014 2147 4061 et
2176 4023 2272 4077 per
2299 4023 2396 4061 sex
2430 4023 2649 4062 menses
2672 4007 2808 4061 adeo
2830 4008 3156 4076 aegrotavit,
3188 4014 3246 4059 ut
3273 4021 3421 4059 com-

1848 4101 2163 4167 putruerint
2212 4100 2331 4155 eius
2382 4100 2558 4152 virilia
2603 4107 2657 4153 et
2702 4114 2802 4152 sua
2850 4106 3046 4168 sponte
3088 4097 3413 4153 deciderint.

1843 4190 2199 4245 Postmodum
2238 4206 2370 4245 vero
2413 4207 2582 4259 quum
2622 4192 2995 4246 convaluisset
3038 4199 3090 4246 et
3132 4191 3196 4245 ad
3230 4190 3420 4244 melio-

1843 4298 1960 4338 rem
2016 4285 2224 4354 frugem
2281 4298 2339 4337 se
2380 4284 2701 4353 recepisset,
2758 4299 3015 4339 reversus
3069 4291 3155 4339 est
3212 4283 3418 4352 alisque

1842 4375 2107 4431 membris
2160 4377 2290 4440 illis,
2343 4386 2397 4431 et
2450 4392 2574 4430 cum
2630 4377 2682 4430 in
2739 4377 3059 4432 memoriam
3099 4382 3418 4431 revocasset

170 4491 461 4559 φρονήματι
486 4490 745 4558 γεγονώς,
768 4493 863 4545 καὶ
883 4491 1417 4564 ἐξομολογησάμενος
1437 4496 1547 4556 τοῖς
1562 4469 1738 4561 ἁγίοις

1845 4475 2135 4529 coelestem
2164 4475 2665 4539 conversationem,
2710 4482 2769 4527 ut
2798 4489 2857 4529 ea
2889 4473 3121 4528 sentiret
3142 4486 3281 4540 quae
3320 4469 3416 4524 Dei

169 4579 393 4647 πατράσι
425 4580 608 4633 πάντα
662 4581 729 4633 τὰ
798 4582 1181 4651 συμϐεϐηκότα
1243 4583 1411 4653 αύτῷ,
1441 4582 1736 4653 ἐνεργῆσαι

167 4672 226 4739 τῇ
252 4669 495 4743 πολιτείᾳ
530 4671 605 4742 μὴ
634 4673 839 4741 φθάσας
877 4674 994 4743 μετ’
1019 4675 1207 4743 ὀλίγας
1230 4676 1445 4747 ἡμέρας
1478 4675 1737 4745 κεκοίμη-

168 4778 266 4818 ται.

1847 4578 1997 4631 sunt,
2051 4577 2105 4623 et
2164 4568 2455 4623 confessus
2506 4577 2653 4623 esset
2705 4566 2913 4621 sanctis
2969 4565 3234 4635 patribus,
3276 4578 3418 4634 quae

1846 4658 2161 4712 acciderant
2214 4660 2287 4720 ei,
2350 4659 2415 4711 ad
2467 4674 2607 4728 opus
2665 4657 3102 4712 conversationis
3146 4672 3254 4710 non
3294 4670 3415 4707 ant—

1844 4749 1987 4817 plius
2019 4750 2287 4818 pervenit,
2328 4748 2424 4803 sed
2458 4749 2647 4818 paucis
2681 4756 2802 4819 post
2836 4748 3030 4802 diebus
3061 4745 3413 4801 obdormivit.

1430 4947 1684 5003 VARIAE
1724 4947 2149 5019 .LECTIONES.

230 5100 343 5140 δελ-ιτ
380 5103 421 5177 A_
456 5105 672 5168 πολύς.
714 5176 717 5177 ν
750 5105 795 5136 ⁸⁸
832 5106 886 5177 Λ,
918 5103 959 5155 Β
986 5105 1208 5177 ἐσθιειν.
1286 5105 1332 5135 ⁸⁹
1372 5103 1660 5177 Εχηεοηίη
1693 5108 1738 5157 Α

1845 5106 2034 5175 ῖεχοὺς
2061 5108 2162 5176 ἀφ’
2193 5108 2435 5177 ἡμῶν,Β
2470 5108 2653 5177 ἁγίων
2683 5108 2993 5174 ἀπεχούσῃ
3041 5106 3203 5173 (sic).
3289 5107 3337 5139 '°
3369 5109 3411 5160 B

168 5170 632 5245 τεσσᾳρὰκογτα.
708 5176 751 5205 δι
794 5176 994 5242 τρίτον
1019 5191 1128 5228 οιη.
1152 5175 1215 5228 Α.
1293 5176 1339 5207 ³³
1377 5174 1635 5235 πεζεύων
1663 5190 1772 5228 om.
1801 5176 1861 5229 Β.
1887 5170 1921 5175 ’⁷
1941 5177 1987 5207 ³³
2012 5170 2066 5228 Β
2094 5170 2457 5245 ᾖφήᾶασθαι.
2517 5170 2582 5209 ’ν’
2620 5176 2725 5230 Pro
2756 5170 2835 5241 δέ(
2855 5177 2952 5228 ἐπὶ
2980 5170 3054 5215 ἐξ
3079 5170 3347 5230 διάνοιαν
3370 5180 3409 5231 ll

168 5241 457 5315 rcqcﬁtoa:
479 5243 550 5295 δὲ
587 5241 914 5315 ἐσκοτίσθη
940 5248 1046 5297 τὸν
1089 5248 1403 5315 λογισμόν.
1480 5246 1526 5277 ³⁵
1551 5245 1625 5312 τῇ
1655 5246 1971 5312 κενοδοξία
2000 5277 2065 5285 -
2092 5241 2282 5300 ἓῖλϐὡν
2309 5263 2417 5300 om.
2446 5248 2506 5299 Β.
2581 5248 2628 5281 ⁸⁸
2660 5247 2734 5300 Ex
2768 5247 2936 5310 coni.,
2978 5247 3021 5298 Δ
3046 5248 3119 5310 ὡς
3152 5248 3408 5315 ὕστερον

169 5310 561 5387 σιδηρωθῇναι
589 5313 685 5365 καὶ
705 5310 1088 5387 αὺᾲτὸνίμηδὲ,
1111 5315 1151 5367 Β
1171 5310 1251 5381 ὣς
1266 5310 1426 5387 μηδὲ
1455 5310 1659 5387 (αὐτὸν
1680 5316 1836 5387 0th.).
1913 5310 1957 5348 ’θ
1972 5315 2091 5387 iPro
2119 5316 2825 5387 κατῆλθεν-οἰκονομίας
2845 5319 2886 5369 Β
2912 5316 2987 5384 τῇ
3006 5319 3133 5386 θείᾳ
3159 5310 3406 5387 προῦοίῃ

170 5382 623 5456 οῑκοιςρμήμενος
645 5382 945 5456 κατῆλθεν
969 5389 1056 5456 εἰς
1095 5382 1569 5456 Ἀλεξάνδρείαν.
1634 5386 1681 5456 ’ξ
1709 5385 1892 5456 Corn,
1921 5386 2009 5439 ΑΒ
2031 5389 2372 5453 θεατρικοῖς.
2427 5388 2472 5419 ⁸⁹
2496 5389 2538 5439 Α
2565 5382 2698 5451 εἶχέ
2726 5388 2761 5438 Β
2788 5382 3059 5441 ἐποιεῖτο.
3105 5382 3172 5419 ’σο
3198 5382 3305 5441 ’καὶ
3326 5382 3406 5456 ὡς

170 5462 269 5506 om.
297 5452 358 5505 Β.
432 5454 477 5485 ⁸⁸
510 5453 715 5522 μψάδι
745 5456 858 5510 τινί
888 5486 959 5498 —-
984 5455 1278 5525 διελέγετο
1307 5452 1416 5514 oni.
1448 5457 1507 5510 Β.
1586 5456 1629 5487 ⁶¹
1655 5454 1695 5508 Β
1720 5454 1791 5507 ἐν
1816 5458 2069 5521 τούτοις.
2147 5452 2191 5487 ⁵⁷³
2225 5457 2268 5509 Α
2302 5458 2462 5510 ὄντα.
2542 5456 2587 5488 ⁶⁴⁵
2612 5458 2793 5521 Corn,
2822 5460 2863 5512 A
2900 5459 2941 5514 Β
2975 5459 3265 5513 τοιοῦτον.
