3950 6544
169 373 268 431 209

1683 392 1883 450 ACTA.

3311 393 3420 448 2:0

168 490 391 546 σεαυτοῦ
415 493 932 564 πταίσματα’πολλά
965 500 1342 570 προγενόμενα
1373 503 1438 568 ⁷⁸,
1473 505 1566 557 καὶ
1589 505 1748 578 εὑρή-

1856 511 1948 566 sed
1976 513 2141 568 etiam
2178 513 2234 566 in
2270 511 2472 567 delicta
2502 519 2595 566 tua
2644 527 2807 583 saepe
2833 511 3251 582 praemeditata,
3285 517 3340 564 et
3367 517 3423 564 te

163 601 276 646 σεις
306 585 351 615 τί
388 586 614 638 σεαυτὸν
662 587 889 642 ἐκείνων
926 591 1186 655 πολλάκις
1219 594 1462 665 χείρονα.
1505 597 1598 650 καὶ
1635 599 1744 668 γὰρ

160 675 224 727 σὺ
242 674 501 738 πολλάκις
522 672 662 740 εἶδες
677 678 1000 743 ἀκολάστοις
1018 682 1316 753 ὀφθαλμοῖς
1345 701 1359 714 ·
1390 685 1550 738 τοῦτο
1574 687 1630 740 δὲ
1651 690 1745 742 καὶ

157 765 319 828 αὐτὸς
344 760 492 829 οἶδας
519 767 602 820 ὅτι
641 770 855 838 μοιχεία
893 771 1274 846 ἀπαρτισμένη
1304 777 1471 829 ἐστίν.
1502 779 1597 830 καὶ
1625 779 1747 832 πολ-

156 856 313 921 λάκις
341 857 689 929 ὲλοιδόρησας
715 861 810 914 τὸν
842 862 1068 932 ἀδελφόν
1099 881 1192 917 σου
1219 883 1231 896 ’
1256 868 1356 919 οὐκ
1385 867 1619 936 ἀγνοεῖς,
1661 871 1744 923 ὅτι

155 950 251 1001 καὶ
305 949 434 1017 περὶ
487 950 678 1003 τούτου
720 953 748 1004 ὁ
789 951 978 1024 κύριος
1014 954 1349 1027 ἀπεφήνατο,
1392 958 1473 1011 ὅτι
1513 961 1541 1012 ό
1575 959 1744 1012 είπὼν

155 1040 244 1091 τὸν
273 1039 501 1109 ἀδελφὸν
528 1039 696 1095 αὑτοῦ
724 1042 902 1111 μωρέ,
925 1044 1110 1116 ἔνοχός
1136 1050 1253 1101 ἐστι
1283 1052 1362 1112 είς
1395 1049 1492 1122 τὴν
1516 1052 1744 1119 γέενναν

152 1130 245 1183 τοῦ
282 1132 474 1201 πυρός.
507 1133 569 1186 τὸ
605 1133 663 1186 δὲ
705 1135 923 1188 πάντων
967 1138 1419 1211 φρικωδέστερον,
1469 1144 1598 1207 ἴσως
1658 1147 1746 1198 ἀνα

158 1224 333 1290 ἀξίως
386 1226 664 1298 προσέρχῃ
725 1230 837 1292 τοῖς
896 1229 1072 1297 ἁγίοις
1101 1231 1196 1284 καὶ
1246 1234 1533 1304 ἀχράντοις
1579 1238 1742 1290 αὑτοῦ

155 1318 502 1388 μυστηρίοις,
534 1320 629 1372 καὶ
659 1318 840 1390 ἔνοχος
872 1321 997 1392 γίνῃ
1021 1323 1114 1375 τοῦ
1142 1323 1393 1394 σώματος
1431 1329 1524 1380 καὶ
1550 1328 1644 1381 τοῦ⁹
1669 1329 1746 1382 αἴ-

157 1422 330 1474 ματος
356 1407 451 1459 τοῦ
485 1407 721 1478 Χριστοῦ
750 1446 765 1463 .
795 1411 886 1462 καὶ
920 1410 980 1462 ὃν
1025 1411 1122 1480 μὲν
1149 1413 1354 1484 κρίνεις
1382 1453 1396 1477 ,
1432 1415 1744 1487 εὑρίσκεται

154 1500 232 1551 ὅτι
264 1499 426 1568 ψιλὸν
460 1500 742 1572 ἄνθρωπον
765 1502 1054 1572 ἐφόνευσε,
1095 1506 1158 1558 σὺ
1204 1506 1260 1559 δὲ
1291 1509 1535 1579 εὑρίσκει
1585 1510 1744 1563 αὑτὸν

153 1591 245 1642 τὸν
317 1592 554 1662 Χριστὸν
612 1593 892 1661 φονεύων,
968 1594 1061 1647 καὶ
1107 1596 1210 1666 τῆς
1263 1598 1472 1650 ἐκείνου
1527 1601 1744 1668 σφαγῆς

154 1680 480 1746 ὑπεύθυνος,
525 1682 600 1746 ὡς
631 1683 866 1749 ἀναξίως
904 1686 1146 1756 μετέχων
1183 1688 1276 1740 τοῦ
1320 1689 1588 1760 ἀχράντου
1640 1690 1745 1742 σώ-

156 1792 331 1845 ματος
358 1776 454 1830 καὶ
477 1775 569 1829 τοῦ
595 1777 842 1846 αἵματος.
862 1780 890 1830 ό
918 1779 1027 1850 γὰρ
1053 1780 1310 1846 ἀναξίως,
1335 1783 1520 1853 φησὶν,
1548 1783 1742 1837 ἐσθίων

1855 602 2030 673 ipsum
2065 618 2460 673 saepenumero
2490 603 2737 659 invenies
2764 603 2875 658 illis
2905 602 3168 672 peiorem.
3197 599 3333 653 Nam
3361 608 3419 654 tu

1851 711 2072 765 quoque
2102 697 2324 751 lascivis
2354 697 2530 751 oculis
2559 711 2672 751 non
2702 711 2829 750 raro
2851 693 3292 764 circum-spexisti
3319 709 3334 759 ;
3367 691 3422 744 id

1851 786 2018 854 quod,
2073 795 2133 840 ut
2195 787 2315 856 ipse
2364 789 2499 854 scis,
2544 803 2734 844 verum
2786 787 2895 841 iam
2937 794 3024 842 est
3069 783 3419 838 adulterium.

1854 879 2027 949 Saepe
2067 880 2228 933 etiam
2262 878 2417 934 fratri
2455 889 2550 935 tuo
2585 877 2943 943 maledixisti,
2971 892 3150 946 neque
3176 877 3422 946 ignoras,

1852 970 1955 1024 hac
1983 971 2049 1025 de
2079 988 2138 1026 re
2170 970 2460 1026 Dominum
2496 973 2790 1036 revelasse,
2839 972 3112 1026 dicentem
3151 981 3426 1038 quemque

1852 1062 1918 1116 ad
1978 1064 2200 1117 fratrem
2248 1079 2407 1117 suum
2461 1084 2480 1115 ‹
2516 1064 2665 1119 fatue
2697 1083 2714 1114 ι
2770 1079 2924 1118 reum
2973 1076 3097 1116 esse
3144 1059 3425 1131 gehennae

1852 1155 2018 1223 ignis.
2055 1155 2251 1224 Atque,
2284 1156 2427 1224 quod
2463 1157 2707 1210 omnium
2740 1154 3149 1208 atrocissimum
3188 1159 3296 1212 est,
3339 1149 3423 1201 vel

1851 1246 2114 1316 indiguus
2153 1247 2392 1301 fortasse
2439 1248 2505 1301 ad
2562 1255 2752 1301 sancta
2810 1254 2865 1301 et
2917 1245 3244 1299 intemerata
3301 1242 3422 1296 eius

1851 1339 2112 1408 mysteria
2153 1339 2392 1399 accedis,
2425 1339 2498 1392 ita
2526 1347 2586 1392 ut
2629 1353 2758 1393 reus
2790 1340 2890 1392 fias
2926 1335 3178 1406 corporis
3220 1343 3274 1388 et
3305 1348 3424 1388 sau-
3490 1349 3506 1362 -

1851 1426 2034 1497 guinis
2086 1426 2310 1482 Christi.
2351 1429 2446 1482 Ille
2482 1428 2674 1498 igitur,
2727 1442 2890 1496 quem
2933 1425 3168 1488 iudicas,
3209 1437 3422 1477 merum

1852 1519 2129 1573 hominem
2175 1519 2446 1574 occidisse
2485 1517 2944 1589 deprehenditur;
2979 1525 3035 1570 tu
3076 1529 3207 1568 vero
3231 1513 3424 1582 depre-

1852 1609 2109 1665 henderis
2139 1608 2420 1665 Christum
2451 1611 2628 1681 ipsum
2677 1610 2939 1664 occidens
2973 1607 3278 1676 mortisque
3301 1605 3423 1659 eius

1851 1716 2001 1764 reus,
2037 1717 2204 1770 quum
2235 1701 2495 1771 indignus
2514 1701 2674 1771 273
2699 1699 2997 1769 participes
3040 1697 3438 1759 interneratuim

1852 1803 2049 1857 corpus
2069 1796 2122 1842 et
2137 1790 2480 1858 sanguinem.
2510 1788 2668 1859 chis
2687 1788 2832 1843 enim
2856 1806 2870 1841 :
2895 1787 2996 1853 Qui
3028 1786 3248 1855 indigne
3273 1798 3426 1836 man-

155 1867 246 1919 καὶ
290 1869 465 1920 πίνων
490 1868 670 1938 ἔνοχός
700 1871 813 1922 ἐστι
841 1869 936 1923 τοῦ
974 1870 1224 1942 σώματος
1251 1875 1344 1926 καὶ
1374 1873 1470 1927 τοῦ
1520 1876 1748 1947 αἵματος

1856 1879 2014 1933 ducat
2044 1890 2097 1934 et
2124 1879 2286 1945 bibit,
2319 1897 2446 1936 reus
2470 1889 2554 1936 est
2585 1883 2835 1951 corporis
2867 1888 2922 1934 et
2955 1877 3237 1946 sanguinis
3261 1874 3424 1929 Chri-

151 1958 244 2010 τοῦ
307 1959 567 2029 Χριστοῦ,
616 1961 710 2014 καὶ
759 1963 931 2032 κρῖμα
986 1964 1164 2034 ἐαυτῷ
1192 1966 1360 2019 ἐσθίει
1420 1969 1514 2020 καὶ
1566 1969 1753 2048 πίνειν

151 2051 282 2103 τοῦτ
300 2053 316 2070 ’
344 2052 490 2104 ἔστιν
510 2068 523 2081 ·
547 2052 736 2125 ὥσπερ
781 2055 978 2108 ἐκεῖνοι
1004 2057 1054 2108 oi
1079 2056 1325 2110 Ἰουδαῖοι
1358 2058 1605 2130 ἔτρωσαν
1645 2062 1744 2114 αὐ-

149 2145 265 2211 τόν,
300 2144 558 2200 οὕτωκαὶ
606 2147 655 2200 οἱ
710 2146 945 2211 ἀναξίως
987 2149 1306 2219 μετέχοντες
1357 2151 1449 2203 τοῦ
1496 2150 1746 2221 σώματος

154 2236 249 2288 καὶ
276 2237 374 2289 τοῦ
397 2237 624 2306 αἵματος
648 2236 812 2290 αὐτοῦ
840 2239 901 2291 τὸ
930 2239 1062 2292 αὐτὸ
1090 2239 1357 2301 ποιοῦσιν.
1391 2240 1486 2294 καὶ
1508 2241 1630 2312 μάλ’
1670 2244 1747 2294 εί·

153 2328 458 2391 κότως,ὃτι
481 2327 776 2400 διαρρήξας
800 2328 1086 2401 πορφύραν
1128 2329 1411 2402 βασιλικὴν
1436 2334 1530 2385 καὶ
1581 2334 1610 2384 ὁ
1654 2335 1749 2400 ρυ-

152 2418 353 2482 πώσας
387 2420 552 2491 αὐτὴν
593 2421 684 2473 τὸν
715 2421 876 2473 αὑτὸν
913 2421 1144 2475 θάνατον
1185 2422 1564 2492 ὑπομένουσιν.
1606 2421 1746 2476 ὥστε

153 2506 248 2563 οὗν
311 2510 405 2562 καὶ
428 2512 477 2563 oi
521 2511 916 2580 κατατεμόντες
964 2512 1025 2564 τὸ
1071 2511 1229 2581 σῶμα
1265 2511 1428 2564 αὑτοῦ
1483 2513 1605 2564 τότε
1653 2512 1746 2565 καὶ

154 2602 202 2651 οἱ
234 2599 339 2652 νῦν
364 2601 664 2671 ρυποῦντες
696 2601 826 2653 αὐτὸ
861 2605 918 2654 ἐν
964 2602 1259 2672 ἀκαθάρτῳ
1286 2603 1432 2673 ψυχῇ
1465 2602 1747 2672 μεταλαμ-

155 2692 422 2757 ϐάνοντες
479 2695 609 2748 αὐτὸ
667 2695 764 2764 τὴν
812 2694 981 2766 αὐτὴν
1027 2699 1138 2760 τοῖς
1176 2697 1553 2768 σταυρώσασιν
1587 2697 1748 2750 αὐτὸν

155 2783 250 2835 καὶ
303 2783 700 2855 ὑποστήσονται
747 2785 932 2856 δίκην,
983 2785 1126 2839 κατά
1176 2788 1274 2857 τὴν
1325 2787 1416 2840 τοῦ
1453 2788 1749 2842 ἀποστόλου

154 2872 459 2941 ἀπόφασιν.

933 2965 966 2999 0

227 3056 434 3121 Ἔλεγε
461 3057 489 3108 ὁ
513 3055 685 3119 ἀϐὅᾶς
717 3058 1021 3127 Μακάριος,
1055 3060 1135 3112 ὅτι
1168 3061 1256 3112 ὅτε
1286 3060 1434 3130 ἤμην
1465 3061 1745 3131 νεώτερος,

154 3149 466 3220 ἀκηδιάσας
500 3152 556 3201 ἐν
577 3149 652 3220 τῷ
685 3149 877 3220 κελλίῳ
904 3150 1128 3220 ἐξῆλθον
1159 3152 1238 3214 είς
1269 3153 1366 3222 τὴν
1402 3151 1627 3223 ἔρημον,
1659 3153 1744 3204 λέ-

1846 1969 1915 2022 sti
1947 1976 2002 2023 et
2047 1969 2310 2023 iudicium
2352 1971 2459 2024 sibi
2506 1971 2800 2025 manducat
2844 1978 2900 2025 et
2940 1968 3113 2034 bibit;
3148 1968 3253 2020 hoc
3288 1974 3372 2020 est
3404 1983 3418 2018 :

1849 2059 2002 2114 Sicut
2043 2059 2225 2114 ludaei
2281 2060 2360 2114 illi
2407 2060 2732 2115 occiderunt
2777 2075 2924 2124 eum,
2981 2059 3058 2112 ita
3119 2067 3173 2112 et
3227 2057 3288 2122 ii,
3326 2056 3423 2124 qui

1847 2152 2056 2220 indigni
2100 2167 2301 2221 corpus
2348 2163 2400 2207 et
2455 2153 2782 2221 sanguinem
2817 2152 2940 2206 eius
2983 2157 3232 2212 sumunt,
3278 2148 3422 2202 idem

1846 2240 2077 2294 faciunt.
2112 2240 2247 2295 Nam
2274 2242 2732 2296 verisimillimum
2761 2249 2868 2308 est,
2900 2249 2956 2296 et
2988 2255 3135 2302 eum,
3167 2239 3260 2308 qui
3291 2253 3426 2307 pur-

1847 2348 2039 2402 puram
2069 2333 2274 2402 regiam
2319 2334 2556 2396 scindat,
2597 2344 2652 2388 et
2698 2334 2794 2402 qui
2833 2349 2952 2388 eam
2990 2334 3249 2394 maculet,
3301 2346 3428 2385 ean-

1849 2424 1972 2477 dem
2029 2433 2260 2479 mortem
2294 2429 2428 2495 pati.
2480 2425 2634 2480 Unde
2685 2434 2740 2481 et
2772 2427 2865 2496 qui
2922 2441 3123 2496 corpus
3161 2412 3281 2479 eius
3331 2424 3428 2477 ali-

1848 2517 2066 2587 quando
2111 2520 2484 2588 perforarunt,
2521 2527 2575 2574 et
2612 2520 2704 2590 qui
2734 2535 2883 2573 nunc
2923 2518 3216 2586 inquinant
3263 2516 3424 2580 illud,

1851 2611 2051 2679 quippe
2095 2610 2312 2679 impura
2369 2611 2548 2680 ipsum
2599 2619 2782 2664 mente
2834 2610 3226 2680 percipicntes,
3281 2608 3424 2662 idem

1851 2718 1972 2755 cum
2023 2702 2471 2772 crucifigentibus
2521 2701 2806 2757 Christum
2864 2701 3129 2756 iudicium
3176 2717 3243 2754 ex
3291 2714 3424 2770 apo-

1851 2795 1975 2848 stoli
2009 2794 2193 2848 verbis
2229 2795 2513 2848 subibunt.

2606 2969 2640 3006 ε)

2611 3005 2662 3022 ..ιο

1920 3059 2066 3112 Alias
2124 3055 2412 3113 confessus
2482 3064 2564 3112 est
2627 3055 2898 3112 Macarius
2960 3057 3130 3111 abbas
3177 3076 3192 3112 :
3241 3057 3422 3122 Quum

1845 3150 2032 3219 junior
2072 3164 2251 3204 essem
2296 3149 2557 3218 curisque
2606 3149 2661 3203 in
2711 3150 2847 3203 cella
2893 3159 3167 3210 vacarem,
3204 3149 3259 3203 in
3308 3164 3428 3204 ere-

154 3258 273 3308 γων
307 3241 385 3311 τῷ
418 3241 661 3312 λογισμῷ
687 3259 808 3312 μου,
833 3243 914 3295 ὅτι
959 3235 1002 3309 ᾧ
1045 3241 1110 3294 ἂν
1152 3243 1498 3314 ἀπαντήσῃς,
1540 3243 1745 3313 ἐρώτη-

1856 3257 1992 3294 mum
2027 3240 2306 3309 profectus
2360 3255 2574 3294 mecum
2603 3247 2864 3308 reputans
2897 3240 3008 3294 dixi
3045 3257 3058 3293 :
3091 3239 3192 3293 Cui
3232 3255 3428 3294 occur-

158 3350 248 3386 σον
282 3333 450 3386 αὐτὸν
477 3335 634 3403 χάριν
659 3333 943 3402 ὠφελείας.
975 3333 1067 3385 καὶ
1107 3329 1263 3403 εὗρον
1301 3335 1514 3387 παιδίον
1556 3335 1748 3404 βόσκον

156 3424 292 3492 βοῦς
319 3427 386 3490 ’⁸,
417 3427 509 3478 καὶ
537 3425 679 3492 λέγω
702 3425 850 3495 αὖτῷ
875 3442 888 3454 ·
914 3424 966 3477 τί
997 3425 1224 3494 ποιήσω,
1258 3425 1491 3487 παιδίον,
1518 3427 1600 3478 ὅτι
1625 3443 1748 3477 πει-

154 3517 254 3583 vi);
302 3517 455 3584 λέγει
487 3535 608 3588 μοι·
649 3518 741 3570 καὶ⁵
789 3517 952 3586 φάγε.
989 3517 1148 3572 πάλιν
1187 3513 1358 3581 εἶπον,
1399 3519 1481 3571 ὅτι
1527 3518 1750 3587 ἔφαγον,

153 3611 252 3664 καὶ
286 3611 453 3663 πάλιν
481 3609 670 3664 πεινῶ.
712 3611 873 3663 πάλιν
911 3610 1062 3678 λέγει
1116 3627 1246 3680 μοι·
1283 3610 1378 3663 καὶ
1405 3610 1564 3664 πάλιν
1589 3611 1749 3678 φάγε.

154 3702 250 3754 καὶ
317 3701 478 3756 πάλιν
522 3699 675 3754 εἷπον
699 3740 714 3764 ,
759 3701 840 3753 ὅτι
878 3701 1140 3763 πολλάκις
1178 3699 1399 3769 ἔφαγον,
1451 3702 1545 3754 καὶ
1589 3703 1750 3757 πάλιν

155 3795 360 3852 πεινῶ.
392 3797 513 3849 τότε
537 3795 684 3863 λέγει
715 3811 838 3865 μοι·
868 3793 1008 3863 τάχα
1045 3793 1162 3854 ὄνος
1194 3788 1273 3854 εἴ,
1307 3791 1470 3855 ἀῧϐᾶ,
1497 3791 1577 3843 ὅτι
1617 3791 1749 3844 πάν-

151 3907 286 3942 τοτε
321 3887 552 3959 τρώγειν
573 3887 768 3949 θέλεις.
795 3886 888 3939 καὶ
911 3883 1209 3953 ὠφεληθεὶς
1235 3881 1578 3952 ἀνεχώρησα.

1845 3331 1944 3395 ris,
1981 3345 2104 3383 eum
2144 3331 2419 3400 interroga
2457 3345 2555 3399 pro
2598 3331 2836 3384 utilitate
2872 3337 2984 3383 tua.
3018 3333 3196 3399 Atque
3225 3345 3428 3400 pueru-

1849 3417 1956 3471 lum
1989 3421 2171 3475 inveni
2220 3422 2385 3476 boves
2422 3431 2757 3492 pascentem,
2795 3423 2882 3475 cui
2922 3440 2934 3475 :
2964 3421 3135 3488 Quid,
3163 3424 3413 3492 inquam,

1849 3511 2069 3576 faciam,
2109 3515 2358 3582 puerule,
2395 3514 2520 3584 quia
2575 3515 2795 3568 esurio?
2837 3513 2887 3569 ls
2940 3515 3072 3568 mihi
3108 3533 3121 3568 :
3157 3514 3418 3576 Comede,

1853 3606 2053 3675 inquit,
2097 3607 2338 3662 tandem.
2391 3607 2530 3660 Tum
2578 3622 2678 3677 ego
2709 3625 2720 3660 :
2751 3606 2971 3661 Comedi
2999 3648 3014 3673 ,
3076 3607 3172 3662 sed
3225 3607 3426 3660 iterum

1853 3697 2060 3751 esurio.
2119 3699 2199 3751 Ac
2248 3713 2440 3752 rursus
2491 3697 2622 3749 mihi
2668 3696 2855 3751 dixit:
2895 3697 3034 3767 Ergo
3091 3697 3287 3750 iterum
3339 3709 3432 3748 co-

1856 3787 2034 3843 mede.
2089 3788 2353 3842 Similiter
2398 3797 2452 3844 et
2502 3805 2603 3859 ego
2635 3809 2648 3844 :
2685 3789 3114 3857 Saepenumero,
3174 3788 3422 3855 inquam,

1857 3880 2091 3943 comedi,
2128 3882 2417 3950 denuoque
2446 3897 2660 3950 semper
2690 3882 2894 3936 esurio.
2937 3882 3016 3934 Ad
3053 3881 3189 3934 haec
3219 3880 3309 3933 ille
3343 3894 3430 3931 re--

155 3982 436 4044 spondit:
473 3981 592 4033 Non
627 3980 860 4032 multum
905 3976 1079 4040 abest,
1109 3980 1169 4026 ut
1208 3972 1398 4026 asinus
1429 3972 1528 4035 sis,
1575 3971 1734 4034 abba,
1771 3972 1973 4040 quippe
2003 3970 2095 4040 qui
2129 3987 2346 4042 semper
2382 3973 2534 4027 vesci
2587 3973 2746 4027 velis.
2781 3970 2970 4041 Itaque
3031 3980 3224 4025 nactus
3278 3969 3428 4023 utili-

154 4085 340 4132 tatem
373 4074 626 4130 discessi.

930 4162 963 4216 5

228 4262 428 4331 Γέρων
449 4277 530 4322 τις
548 4257 846 4327 διηγήσατο
870 4253 996 4323 περὶ
1021 4251 1114 4304 τοῦ
1139 4248 1283 4302 ἀὸὁᾶ
1310 4247 1594 4319 Μακαρίου
1615 4284 1630 4308 ,
1671 4246 1751 4298 ὅτι

157 4356 302 4427 περὶ
337 4351 790 4422 τὸνἊρσενοῖτην
819 4344 1109 4409 ἐκαθέζετό
1143 4360 1227 4405 τις
1259 4339 1504 4427 μονάζων
1539 4338 1632 4391 ἐπὶ
1657 4337 1750 4407 ἔτη

157 4426 365 4506 πολλὰ,
393 4443 484 4496 τὸν
517 4441 624 4494 τῶν
647 4441 815 4508 ἁγίων
847 4438 1094 4506 ἀσκήσας
1133 4433 1267 4504 βίον,
1389 4429 1606 4500 πνεῦμα
1651 4429 1754 4481 πύ-

2617 4148 2670 4201 5.

1929 4242 2109 4296 Senex
2150 4240 2374 4294 tradidit
2399 4239 2468 4294 de
2507 4239 2703 4294 abbate
2741 4239 3003 4293 Macario.
3049 4238 3108 4292 ln
3145 4248 3290 4293 terra
3321 4237 3426 4290 Ar-

1861 4333 2070 4389 senoita
2134 4329 2439 4385 monachus
2489 4330 2713 4399 quidam
2766 4328 3010 4392 sedebat,
3069 4329 3162 4398 qui
3220 4328 3427 4383 multos

1861 4438 2036 4478 annos
2065 4422 2232 4476 vitam
2269 4430 2590 4476 sanctorum
2625 4427 2833 4491 egerat.
2885 4421 2985 4474 Cui
3014 4435 3182 4489 quum
3214 4418 3424 4488 gloriae

158 4539 342 4599 ὓωνος
393 4530 769 4605 προσεπέλασε
800 4526 1062 4597 κενοδόξῳ
1089 4525 1201 4578 όντι
1228 4524 1316 4576 διά
1353 4523 1451 4593 τὴν
1488 4522 1617 4592 περὶ
1656 4523 1748 4592 τὴν

1859 4514 2089 4584 cupidus
2137 4521 2314 4576 esset,
2372 4520 2596 4581 propter
2658 4511 2949 4580 superbam
3018 4510 3311 4565 elationem
3368 4517 3426 4562 et

158 4626 551 4702 ὑπερηφανίαν
585 4621 920 4691 κουφότηταο
946 4617 1040 4670 καὶ
1070 4615 1284 4686 πρῶτον
1321 4615 1419 4685 μὲν
1442 4613 1618 4683 πλανᾷ
1660 4615 1755 4666 αὑ-

155 4723 252 4774 τὸν
288 4719 404 4772 ἀπὸ
429 4717 529 4785 τῆς
557 4712 787 4783 ἀληθοῦς
829 4710 1084 4773 πίστεως,
1114 4706 1206 4760 καὶ
1249 4706 1458 4774 εἰσάγει
1491 4706 1652 4758 αὐτὸν
1677 4707 1756 4768 είς

157 4812 222 4863 τὸ
262 4809 528 4880 φρόνημα
559 4804 668 4857 τῶν
698 4798 1008 4871 λεγομένων
1054 4797 1385 4869 Ἰερακιτῶν,
1426 4797 1620 4860 οἵτινες
1667 4796 1754 4848 λέ-

159 4918 360 4969 γουσιν
399 4901 536 4968 μήτε
577 4895 669 4947 τὸν
695 4893 922 4961 Σωτῆρα
953 4888 1291 4960 ἀνθρώπινον
1326 4885 1670 4956 ἀνειληφέναι
1707 4884 1753 4916 ⁷³

161 4991 356 5060 σῶμα,
398 4989 535 5058 μήτε
586 4983 892 5054 ἐγείρεσθαι
926 4979 987 5033 τὸ
1021 4979 1288 5050 ἡμέτερον
1321 4976 1497 5046 σῶμα,
1535 4976 1564 5027 ὃ
1602 4992 1758 5044 περι-

158 5081 427 5150 κείμεθα,
459 5078 555 5131 καὶ
582 5077 664 5129 ὅτι
690 5073 837 5145 τρεῖς
870 5075 1008 5125 εἰσιν
1036 5071 1227 5142 ἀρχαὶ,
1254 5069 1385 5132 Θεὸς
1420 5069 1515 5122 καὶ
1531 5067 1630 5136 ὓλη
1659 5067 1752 5119 καὶ

163 5171 360 5235 κακία,
398 5169 458 5235 ἐξ
507 5161 581 5224 ὧν
630 5164 1120 5227 κατασκευάζεται,
1161 5161 1296 5231 μήτε
1346 5158 1749 5229 ἡνθρωπικέναι

159 5265 259 5315 τὸν
291 5262 429 5315 Θεὸν
472 5259 644 5327 Λόγον
671 5259 764 5312 καὶ
786 5255 987 5309 τέλειον
1011 5251 1355 5320 ἀνειληφέναι
1379 5249 1426 5280 ⁷⁵
1445 5248 1748 5318 ἄνθρωπον,

168 5355 316 5423 μήτε
349 5351 459 5420 μὴν
483 5349 753 5415 σώζεσθαι
793 5349 856 5400 τὸ
884 5343 1026 5399 εἶναι
1077 5343 1185 5395 τῶν
1207 5343 1253 5373 ⁷⁵
1296 5342 1513 5394 πάντων
1558 5341 1748 5393 αἴτιον.

163 5443 346 5507 οὕτως
392 5444 450 5496 δὲ
492 5442 845 5512 διαστραφεὶς
884 5437 1106 5506 ἀποσπᾷ
1152 5433 1328 5503 ψυχάς
1369 5432 1750 5493 πεντακοσίας.

170 5536 366 5606 ἴσχυσε
389 5535 446 5587 δὲ
471 5532 561 5587 διὰ
578 5533 641 5586 τὸ
661 5531 839 5600 λέγειν
872 5528 1087 5590 πολλοῖς
1117 5523 1286 5577 πολλά
1305 5563 1319 5587 ,
1357 5523 1452 5576 καὶ
1484 5522 1756 5585 ἀπωλείας

1862 4605 2222 4659 temeritatem
2255 4605 2482 4674 spiritus
2520 4605 2776 4675 pythonis
2803 4603 3029 4662 insedit.
3067 4603 3162 4673 qui
3193 4601 3430 4672 primum

1861 4712 1891 4750 a
1920 4711 2046 4751 vera
2077 4696 2180 4750 fide
2209 4711 2332 4750 eum
2370 4696 2598 4765 depulit,
2627 4704 2741 4748 tum
2779 4696 2844 4749 ad
2877 4696 3184 4749 doctrinam
3212 4707 3425 4753 eorum,

1859 4791 1954 4859 qui
1995 4787 2301 4843 l-lieracitae
2327 4795 2615 4850 vocantur,
2651 4787 2902 4842 adduxit.
2933 4789 3112 4856 Atque
3144 4785 3201 4838 lii
3237 4784 3431 4839 Salva-

1859 4888 2034 4934 torem
2063 4880 2355 4933 humanam
2380 4879 2751 4949 assumpsisse
2773 4894 3018 4941 carnem,
3045 4887 3428 4944 nostrumque.

1859 4986 1970 5041 quo
2009 4971 2191 5025 vestiti
2216 4986 2432 5033 sumus,
2461 4985 2663 5039 corpus
2699 4970 3020 5024 resuscitari
3053 4975 3272 5038 negant.
3304 4966 3432 5019 Tria

1857 5078 1979 5118 esse
2008 5077 2206 5132 genera
2239 5061 2402 5115 iidem
2441 5060 2652 5124 dicunt,
2687 5061 2882 5122 Deum,
2918 5060 3202 5114 materiam
3229 5068 3282 5112 et
3313 5072 3432 5111 ma-

1857 5155 1992 5214 lum,
2013 5155 2216 5224 quibus
2245 5153 2480 5223 quisque
2504 5162 2877 5216 construatur,
2905 5169 3082 5221 neque
3108 5153 3272 5206 Deum
3298 5150 3432 5204 Ver-

1862 5247 1986 5300 bum
2013 5245 2285 5298 hominem
2312 5259 2436 5299 esse
2470 5246 2674 5298 factum
2703 5244 3116 5313 perfectumque
3151 5242 3429 5296 hominem

1861 5337 2251 5406 assumpsisse,
2305 5352 2481 5405 neque
2515 5336 2737 5391 omnino
2773 5337 2981 5391 servari
3010 5350 3231 5390 causam
3266 5332 3430 5403 274

1862 5429 2107 5484 Omnium
2142 5443 2325 5481 rerum
2357 5426 2711 5481 effectricem.
2764 5425 2843 5480 Ita
2885 5441 3017 5480 vero
3063 5426 3179 5493 ipse
3207 5439 3427 5493 perver-

1863 5537 1958 5576 sus
1991 5520 2204 5574 animas
2228 5517 2448 5574 seduxit
2469 5518 2815 5589 quingentas.
2861 5517 3017 5582 Quod
3044 5518 3225 5572 effecit
3255 5517 3425 5569 multa

1446 5664 1702 5718 VARIAE
1739 5657 2145 5718 LECTIONES.

251 5793 304 5862 if
344 5792 416 5845 lix
449 5790 624 5854 coni.,
654 5788 777 5862 eod.
811 5803 1157 5862 πταισματα
1186 5787 1717 5862 ςτοτζῢ-προγνῷνατ
1753 5785 1789 5839 f.
1825 5782 2334 5862 πριιιιίιριὶγμονίιῗ
2381 5783 2447 5862 _7‘
2491 5780 2918 5862 (ςοό.,εὑρϊσει.
2995 5779 3040 5812 τ’
3072 5773 3201 5831 Cod.
3249 5776 3424 5842 βόας.

173 5860 226 5896 ⁷⁸
259 5858 342 5916 Ex
389 5865 555 5928 conL,
584 5860 1104 5929 cedat-tnxuyérm.

763 6035 783 6058 /

1184 5861 1227 5892 7"
1269 5857 1401 5913 Cod.
1446 5857 1837 5929 ἁνιιλαςίέῐιξι.

1918 5857 1960 5886 7⁵
1996 5855 2242 5922 Euirnd.,
2295 5852 2417 5908 eod.
2457 5853 2578 5906 τόν.
2637 5853 2657 5925 ξ
