3950 6568
1351 381 1454 443 SS.
1489 381 1949 440 MACARIORUM
1982 381 2302 442 AEGYPTII
2341 384 2429 439 ET
2470 381 2947 438 ALEXANDRINI
3682 395 3764 456 2η

575 501 765 558 multis
795 507 850 556 et
876 500 1095 571 quidem
1145 500 1310 556 variis
1351 516 1581 572 prorsus
1631 499 1811 557 modis
1838 500 2133 571 loquendo,

2239 504 2334 556 καὶ
2384 501 2630 572 εὑρέσεις
2679 501 2772 553 καὶ
2817 499 3088 564 ἀποϐολάς
3141 499 3374 554 θανάτου
3434 501 3491 554 ἐν
3538 502 3765 581 διαφόροις

577 592 858 647 interitum
904 593 1133 657 scilicet,
1181 592 1399 647 inventa
1448 594 1747 662 mortisque
1791 591 2134 662 despectum.

574 682 686 739 Nec
727 699 838 738 non
899 684 1186 739 daemonia
1237 685 1469 753 eiecisse
1507 685 1782 740 ferebatur
1832 685 2136 742 secundum

573 774 708 828 illud
749 775 803 829 in
839 773 1148 844 Evangeliis
1182 793 1195 829 :
1227 773 1392 844 Signa
1426 773 1630 829 facient
1655 784 1710 830 et
1752 775 2021 845 prodigia,
2055 784 2134 840 ut,

574 867 623 920 si
663 865 776 920 ﬁeri
823 867 1016 936 possit,
1071 866 1231 920 etiam
1279 866 1439 920 electi
1493 867 1851 922 seducantur.
1905 866 2134 921 Multum

571 956 718 1010 enim
753 957 1028 1024 principes
1076 954 1400 1007 daemonum
1448 955 1502 1008 in
1551 955 1656 1009 hoc
1708 970 1904 1025 genere
1953 956 2138 1010 valent

572 1046 641 1100 ad
697 1047 784 1100 illa
843 1046 1102 1099 nimirum
1181 1045 1300 1114 ipsa
1376 1045 1680 1112 abolenda;
1729 1061 1858 1100 nam
1903 1047 2136 1102 libenter

571 1138 922 1192 consentiunt
962 1139 1018 1192 in
1070 1139 1354 1193 interitum
1400 1140 1729 1194 animarum.
1786 1138 1917 1193 Loci
1966 1140 2136 1210 igitur

568 1233 862 1302 episcopus
896 1249 1019 1288 cum
1051 1234 1200 1289 clero
1231 1250 1332 1289 suo
1357 1233 1536 1288 virum
1572 1234 1665 1289 Dei
1698 1233 1993 1290 Macarium
2035 1236 2135 1290 ab-

568 1321 748 1377 batem
779 1324 938 1388 adiit,
965 1340 1076 1395 quo
1102 1340 1313 1380 summa
1340 1342 1464 1379 cum
1501 1329 1804 1381 reverentia
1850 1329 2089 1382 salutato
2117 1347 2131 1382 :

571 1413 632 1468 Si
669 1416 770 1480 vis,
810 1416 1010 1486 inquit,
1040 1417 1164 1472 veni
1196 1416 1464 1487 nobisque
1513 1432 1801 1472 succurre.
1830 1417 1964 1472 Nam
2008 1419 2054 1474 si
2086 1428 2137 1474 te

569 1507 867 1577 superstite
888 1508 1224 1580 vicinitatem
1256 1517 1500 1562 nostram
1528 1525 1635 1563 non
1664 1525 1983 1580 purgamus,
2018 1528 2138 1566 om-

567 1613 668 1652 nes
709 1597 787 1651 illi
825 1597 1226 1659 adhaerebunt,
1277 1612 1331 1651 et
1380 1598 1636 1653 facillime
1679 1599 1792 1664 ﬁet,
1841 1613 1899 1654 ut
1950 1605 2135 1672 plures

569 1687 758 1748 etiam,
783 1702 943 1756 quam
977 1689 1282 1758 hucusque,
1309 1690 1481 1743 errori
1514 1690 1746 1760 subjecti
1771 1691 2132 1750 seducantur.

569 1779 670 1833 Cui
714 1779 808 1834 ille
849 1781 1143 1849 respondet
1172 1799 1184 1834 :
1214 1780 1353 1836 Ecce
1386 1797 1487 1852 ego
1524 1783 1770 1853 plehejus
1811 1785 1974 1840 homo
2001 1787 2133 1856 quid

2243 594 2486 665 τρόποις.
2522 592 2659 646 ἀλλά
2680 592 2776 646 καὶ
2808 591 3083 662 δαιμόνια,
3107 593 3291 664 φησίν,
3320 591 3537 656 ἐξέϐαλε
3571 601 3690 654 κατὰ
3721 606 3766 658 τὺ

2244 688 2301 740 ἐν
2331 685 2684 754 Εὐαγγελίοις
2716 684 3028 755 εἰρημένον,
3069 684 3152 738 ὅτι
3201 683 3431 736 δώσουσι
3477 692 3656 756 σημεῖα
3697 699 3770 751 καὶ

2242 778 2466 849 τέρατα,
2493 776 2633 829 ὥστε
2653 778 2700 828 εἰ
2716 775 2937 830 δυνατὸν
2953 774 3224 846 πλανῆσαι
3248 775 3342 828 καὶ
3367 775 3490 838 τοὺς
3507 777 3766 848 ἐκλεκτούςε

2247 870 2452 940 σφόδρα
2471 869 2579 940 γὰρ
2601 867 2669 920 τά
2694 867 2993 937 ἀρχοντικά
3005 866 3254 937 δαιμόνια
3277 868 3406 938 περὶ
3423 866 3588 922 ταῦτα
3614 873 3768 942 ἰσχύει,

2241 962 2302 1015 τὸ
2320 961 2460 1014 αύτά
2481 962 2664 1013 ἐκεῖνα
2692 959 2854 1028 δῆθεν
2878 958 2925 990 ⁷⁸
2953 960 3269 1028 καταργεῖν.
3298 959 3440 1011 πάνυ
3466 957 3568 1030 γὰρ
3592 977 3772 1034 συμφω-

2243 1052 2426 1105 νοῦσιν
2453 1053 2546 1105 ἐπὶ
2573 1051 2848 1106 ἀπώλειαν
2877 1050 3086 1121 ψυχῶν.
3115 1051 3144 1103 6
3171 1045 3267 1103 οὖν
3297 1049 3388 1102 τοῦ
3419 1050 3578 1103 τόπου
3600 1054 3769 1110 ἐκείνου

2244 1144 2537 1207 ἐπίσκοπος
2578 1143 2715 1214 μετά
2760 1142 2856 1196 τοῦ
2905 1142 3108 1214 κλήρου
3156 1142 3514 1213 παραγίνεται
3542 1145 3663 1214 πρὸς
3700 1149 3770 1203 τὸν

2244 1236 2526 1307 ἄνθρωπον
2568 1235 2661 1289 τοῦ
2693 1235 2827 1288 Θεοῦ
2866 1234 3041 1289 ἀϐϐᾶν
3088 1235 3392 1306 Μακάριον,
3430 1235 3586 1300 ἀξιῶν
3625 1239 3772 1292 αὐτόν’

2242 1327 2324 1379 ὅτι
2355 1327 2430 1390 ὡς
2462 1326 2636 1389 θέλεις
2659 1326 2780 1379 ἐλθὲ
2813 1327 2907 1379 καὶ
2949 1325 3215 1396 βοήθησον
3254 1327 3408 1396 ήμῖν.
3446 1324 3540 1378 ἐὰν
3580 1327 3675 1396 γὰρ
3714 1333 3772 1404 μὴ

2245 1417 2346 1474 σοῦ
2376 1417 2577 1481 ζῶντος
2603 1417 2700 1488 τὴν
2737 1417 3007 1484 γειτονίαν
3036 1416 3192 1486 ήμῶν
3237 1415 3583 1486 καθάρωμεν,
3611 1417 3774 1483 πάντες

2243 1509 2391 1580 αύτῷ
2423 1511 2803 1582 πρόσκεινται,
2837 1509 2929 1562 καὶ
2979 1507 3219 1578 εὐχερῶς
3271 1507 3399 1577 περὶ
3423 1505 3493 1559 τὰ
3523 1509 3774 1580 φαινόμενα

2243 1602 2308 1670 τῇ
2333 1598 2508 1669 πλάνῃ
2535 1593 3200 1666 ὑπαγόμενοιάπάγονται.
3225 1595 3253 1646 6
3273 1594 3330 1646 δὲ
3354 1592 3489 1663 πρὸς
3505 1594 3653 1647 αὑτὸν
3673 1595 3770 1666 ἔφη’

2243 1693 2336 1744 καὶ
2358 1692 2465 1744 ἰδοὺ
2497 1689 2726 1761 ἔρχομαι
2757 1687 2969 1757 ἰδιώτης
2989 1686 3290 1756 ἄνθρωπος,
3320 1685 3371 1738 τί
3399 1684 3548 1756 αὐτῷ
3573 1689 3773 1757 ποιήσω;

2241 1786 2271 1836 6
2293 1783 2350 1836 δὲ
2383 1782 2679 1845 ἐπίσκοπος
2717 1780 2980 1850 ἐπέμενεν
3014 1778 3179 1843 ἀξιῶν
3199 1777 3294 1831 καὶ
3317 1775 3512 1845 λέγων,
3533 1777 3609 1830 ὅτι
3635 1777 3773 1843 οὕτως

568 1871 618 1925 ei
663 1870 901 1926 faciam?
931 1871 1235 1942 Episcopus
1277 1881 1460 1928 autem
1511 1876 1754 1944 perstitit
1788 1880 2133 1932 venerabun-

2238 1874 2498 1939 πιστεύω,
2545 1874 2650 1939 ὅτι,
2702 1871 2798 1924 ὲάν
2851 1870 3032 1941 ἔλθῃς,
3065 1873 3094 1924 6
3143 1869 3281 1932 Θεὸς
3310 1867 3774 1942 είρηνεύσει”τὴν

566 1967 672 2023 dus
721 1977 817 2023 et:
855 1969 954 2033 Ita,
987 1970 1182 2039 inquit,
1219 1970 1457 2036 conﬁdo,
1502 1973 1549 2026 si
1593 1979 1650 2025 tu
1694 1973 1930 2038 veneris,
1966 1973 2137 2030 Deum

568 2060 987 2131 paciﬁcaturum
1034 2061 1324 2117 ecclesiam
1380 2077 1574 2128 suam;
1629 2079 1794 2134 saepe
1817 2066 1959 2119 enim
2007 2066 2138 2119 mihi

567 2167 985 2223 proposueram,
1026 2152 1094 2206 ad
1138 2161 1191 2208 te
1226 2154 1520 2222 proﬁcisci,
1564 2157 1657 2209 sed
1707 2157 1986 2224 prohibuit
2027 2158 2139 2212 cle—

567 2259 688 2310 rus,
720 2261 790 2300 ne
825 2245 1116 2299 mundanis
1159 2246 1477 2302 hominibus
1524 2247 1730 2302 derisui
1778 2249 1982 2305 ﬁerem.
2017 2249 2136 2304 Jam

567 2353 703 2393 vero
748 2353 859 2392 non
899 2339 1137 2408 amplius
1182 2337 1364 2393 ferens
1397 2339 1582 2408 populi
1632 2341 2039 2409 corruptionem
2085 2348 2139 2395 et

566 2430 732 2483 etiam
783 2428 899 2496 Dei,
947 2430 1040 2499 qui
1080 2431 1194 2482 ait:
1225 2427 1556 2496 Sanguinem
1591 2430 1764 2498 ipsius
1799 2446 2060 2499 quaeram
2106 2447 2137 2486 e

567 2533 734 2574 manu
765 2528 965 2580 vestra,
995 2523 1406 2575 accusationem
1438 2521 1640 2576 timens
1677 2531 1728 2575 te
1766 2523 1899 2586 adii,
1933 2524 2138 2578 missus

565 2621 597 2661 α
632 2607 760 2663 Deo.
795 2608 932 2662 Tum
970 2611 1060 2665 ille
1090 2612 1349 2675 surrexit,
1392 2626 1629 2680 eumque
1676 2612 1744 2665 ad
1793 2615 2135 2668 seductorem

565 2709 792 2755 secutus
845 2710 950 2754 est.
996 2702 1167 2767 Quem
1221 2702 1311 2757 ubi
1350 2702 1505 2766 vidit,
1555 2705 1812 2773 episcopo
1845 2724 1858 2758 :
1887 2704 2010 2771 Hic,
2054 2706 2139 2758 in-

567 2791 710 2861 quit,
750 2793 1000 2860 spiritum
1051 2793 1353 2862 principem
1391 2795 1578 2858 habet,
1623 2811 1856 2865 eumque
1885 2796 2138 2866 ejiciendi

565 2898 746 2938 meum
781 2899 920 2953 opus
953 2899 1060 2937 non
1092 2900 1212 2940 esse
1236 2886 1413 2950 scito;
1451 2903 1574 2940 nam
1617 2898 1807 2940 contra
1839 2887 1938 2942 hos
1973 2889 2136 2957 spiri-

565 2981 656 3028 tus
709 2975 955 3027 nondum
1000 2977 1224 3028 omnino
1277 2976 1504 3030 certavi.
1563 2975 1679 3030 Duo
1717 2977 1863 3030 cnim
1914 2977 2136 3048 agmina

565 3065 890 3119 daemonum
935 3081 1058 3121 esse
1111 3067 1284 3121 sancti
1337 3068 1512 3137 ajunt,
1561 3085 1730 3122 unum
1778 3084 1990 3135 eorum,
2042 3070 2134 3139 qui

563 3154 824 3210 liaidines
868 3157 1083 3224 cerpori
1127 3157 1444 3223 infundunt,
1490 3161 1721 3212 alterum
1778 3175 1990 3222 eorum,
2037 3160 2133 3229 qui

563 3247 878 3315 spirituales
911 3247 1144 3301 afferunt
1173 3264 1409 3303 errores.
1450 3248 1605 3313 Quod
1640 3250 1858 3320 quidem
1903 3253 2132 3304 alterum

563 3351 738 3408 genus
761 3337 982 3392 diﬁicile
1010 3349 1094 3391 cst
1124 3338 1190 3392 ad
1235 3340 1622 3408 subigendum.
1660 3340 1766 3396 Eos
1801 3342 1947 3396 enim
1991 3351 2140 3396 sata-

564 3445 667 3486 nas
699 3431 943 3484 immittit
983 3433 1156 3501 magis
1199 3442 1252 3486 et
1297 3433 1681 3488 seductoribus
1730 3443 1784 3488 et
1833 3434 2138 3488 haeresiar-

564 3519 685 3572 cliis
729 3527 782 3570 ct
829 3518 1089 3573 veneﬁcis
1132 3527 1186 3572 et
1239 3519 1282 3572 si
1335 3521 1430 3588 qui
1480 3521 1573 3575 alii
1622 3521 1674 3574 id
1711 3522 1932 3591 generis
1987 3532 2134 3577 sunt.

563 3609 635 3661 At
663 3609 953 3678 episcOpus
985 3628 998 3662 ι
1026 3609 1166 3674 Quid
1203 3627 1362 3680 ergo,
1413 3611 1620 3681 inquit,
1678 3613 1984 3668 faciemus?
2033 3612 2137 3668 Rc-

565 3699 795 3767 spondct
819 3715 985 3753 senex
1021 3718 1034 3752 :
1067 3700 1325 3754 Precibus
1354 3716 1492 3769 opus
1517 3710 1634 3767 est;
1663 3717 1788 3756 nam
1815 3718 1996 3758 sermo
2026 3720 2135 3757 non

566 3790 799 3859 prolicit.
843 3789 1045 3846 Juhent
1079 3793 1242 3862 igitur
1263 3792 1426 3862 275
1446 3794 1739 3862 procedere
1766 3795 2132 3859 seductorem,

565 3884 724 3952 isque
749 3883 814 3936 ad
861 3899 957 3938 eos
987 3900 1243 3953 egressus
1279 3896 1381 3938 cst.
1423 3885 1592 3951 Quem
1629 3887 1811 3940 statim
1842 3887 2134 3956 episcopus

565 3974 746 4044 lingua
789 3975 1014 4030 adortus
1043 3997 1056 4031 :
1087 3976 1218 4040 Cur,
1263 3979 1470 4046 inquit,
1500 3988 1648 4032 tanto
1679 3963 1936 4048 temporis
1959 3981 2135 4049 spatio

564 4066 849 4121 nobiscum
896 4084 1002 4120 non
1052 4069 1510 4124 comnmnicasti?
1546 4069 1646 4124 Cui
1677 4070 1768 4124 ille
1802 4087 1814 4123 :
1843 4068 2002 4135 Quia,
2052 4071 2134 4124 in-

564 4158 702 4226 quit,
748 4174 857 4212 non
900 4168 1048 4213 recte
1097 4161 1336 4214 sentitis.
1371 4159 1510 4214 Tum
1557 4172 1781 4216 sanctus
1814 4161 2130 4217 Macarius:

562 4246 718 4300 Tune
769 4248 956 4317 igitur,
995 4249 1191 4318 inquit,
1247 4259 1394 4303 recte
1447 4251 1660 4305 sentis?
1715 4252 1857 4305 Sane
1889 4253 2130 4322 quidem,

562 4338 654 4392 ille
685 4339 998 4407 respondet.
1049 4339 1358 4394 Macarius:
1389 4339 1526 4405 Quid
1572 4357 1701 4396 vero
1730 4350 1834 4403 est,
1883 4343 2027 4412 quod
2075 4352 2131 4396 tu

562 4430 770 4484 scutis?
813 4431 906 4484 Ille
936 4448 948 4483 :
977 4430 1114 4483 Num
1147 4440 1292 4485 recte
1340 4433 1606 4497 creditur,
1650 4448 1869 4490 carnem
1911 4442 1965 4487 et
2006 4450 2132 4489 ossa

2239 1965 2533 2036 ἐκκλησίαν
2560 1962 2747 2016 αὑτοῦ.
2798 1961 3058 2024 πολλάκις
3109 1959 3218 2032 γὰρ
3265 1959 3595 2030 προθέμενος
3637 1960 3775 2014 ἐλθεῖν

2238 2055 2517 2126 ἐκωλύθην
2539 2053 2648 2108 ἀπὸ
2671 2051 2765 2106 τοῦ
2795 2052 3022 2124 κλήρου,
3047 2052 3123 2114 ώς
3163 2049 3609 2120 καταγελώμενος
3637 2051 3676 2082 ⁷⁸
3695 2053 3778 2105 ἀπὺ

2237 2147 2344 2200 τῶν
2373 2147 2672 2217 κοσμικῶν.
2706 2147 2800 2200 νῦν
2824 2141 2917 2199 οὖν
2955 2145 3026 2217 μὴ
3054 2145 3236 2216 φέρων
3275 2145 3376 2214 τὴν
3407 2143 3672 2198 ἀπώλειαν
3703 2145 3775 2198 τοῦ

2241 2237 2392 2303 λαοῦ,
2424 2237 2599 2302 ἄλλως
2621 2238 2677 2291 δὲ
2715 2238 2810 2290 καὶ
2845 2237 2906 2290 τὸ
2925 2235 3175 2307 ἔγκλημα
3199 2236 3291 2289 τοῦ
3311 2235 3445 2288 Θεοῦ
3475 2235 3775 2304 φοϐούμενος

2237 2329 2482 2398 λέγοντος
2506 2346 2520 2360 ο
2550 2330 2631 2382 ὅτι
2659 2329 2720 2382 τὸ
2741 2323 2881 2398 αἷμα
2922 2328 3086 2382 αὐτοῦ
3121 2327 3405 2398 ἐκζητήσω
3444 2329 3511 2380 ἐκ
3559 2326 3650 2394 τῆς
3689 2344 3778 2396 χει-

2241 2421 2330 2491 ρὸς
2359 2421 2530 2492 ὑμῶν,
2562 2417 2725 2492 ἦλθον
2755 2422 2889 2492 πρὸς
2911 2421 2969 2474 σὲ
3014 2419 3331 2490 πέμψαντός
3371 2435 3436 2488 με
3477 2416 3572 2470 τοῦ
3593 2417 3732 2471 Θεοῦ.
3755 2419 3780 2470 6

2235 2511 2291 2563 δέ
2325 2512 2560 2574 ἀναστὰς
2585 2511 2916 2581 ἠκολούθησε
2943 2509 3108 2579 αύτῷ.
3139 2508 3232 2562 καὶ
3262 2508 3508 2580 ἔρχονται
3544 2507 3640 2570 ἕως
3661 2507 3779 2559 ὲκεί-

2237 2620 2327 2655 νου
2353 2603 2445 2655 τοῦ
2480 2602 2706 2656 πλάνου.
2736 2603 2830 2656 καὶ
2865 2603 2968 2675 ὁρᾷ
2990 2601 3150 2655 αὑτὸν
3175 2601 3270 2654 καὶ
3307 2600 3454 2668 λέγει
3486 2598 3566 2668 τῷ
3597 2599 3782 2652 ἐπισκό-

2237 2713 2325 2766 πῳ
2348 2710 2361 2725 ο
2411 2687 2564 2756 οὗτος
2614 2692 2830 2762 πνεῦμα
2866 2693 2978 2763 ἔχει
3012 2692 3353 2765 ἀρχοντικόν,
3396 2692 3494 2743 καὶ
3528 2691 3610 2743 ἵνα
3642 2686 3777 2753 οἶδας,

2234 2785 2316 2839 ὅτι
2364 2785 2494 2856 ἐμὸν
2537 2784 2697 2855 ἔργον
2736 2783 2894 2836 τοῦτο
2945 2784 3044 2836 οὑκ
3085 2784 3251 2836 ἐστιν.
3308 2781 3427 2834 ούδέ
3468 2781 3581 2852 γὰρ
3605 2781 3648 2811 ⁷⁸
3672 2781 3779 2851 πρὶς

2233 2878 2405 2931 ταῦτα
2424 2876 2490 2929 τὰ
2517 2876 2800 2946 πνεύματα
2827 2876 2962 2938 ὅλως
2991 2875 3281 2928 ὲπάλαισα.
3309 2873 3401 2926 δύο
3422 2873 3534 2944 γὰρ
3564 2874 3781 2941 τάγματα

2234 2967 2482 3035 λέγουσιν
2511 2967 2559 3019 οἱ
2592 2965 2735 3034 ἀγιοι
2763 2965 3055 3034 δαιμόνων,
3081 2963 3138 3016 ἓν
3175 2964 3234 3016 τὸ
3260 2963 3358 3026 τὰς
3383 2961 3580 3032 ἡδονὰς
3614 2961 3781 3031 ἐμϐάλ-

2240 3059 2331 3112 λον
2376 3059 2453 3129 τῴ
2495 3059 2741 3128 σώματι,
2779 3057 2870 3109 καὶ
2916 3055 2973 3107 ἒν
3001 3055 3058 3107 τὸ
3089 3054 3188 3117 τὰς
3233 3053 3468 3124 ψυχικὰς
3510 3050 3782 3123 ἐμπνοῦν⁸⁹

2237 3151 2463 3214 πλάνας,
2490 3151 2517 3202 ὂ
2543 3151 2634 3202 καὶ
2662 3148 2864 3219 σφόδρα
2907 3147 3022 3199 ἐστὶ
3046 3147 3468 3198 δυσυπότακτον.
3521 3144 3682 3196 ταῦτα
3695 3142 3782 3214 γὰρ

2239 3243 2484 3313 ἀφορίζει
2511 3245 2539 3296 6
2567 3244 2797 3305 σατανᾶς
2827 3244 2937 3302 τοῖς
2957 3239 3118 3308 γόησι
3147 3239 3242 3291 καὶ
3269 3238 3500 3299 πλάνοις
3525 3237 3618 3290 καὶ
3655 3238 3783 3306 αἱρε-

2242 3335 2490 3405 σιάρχαις
2513 3333 2605 3387 καὶ
2628 3331 3119 3402 φαρμακομάντεσι
3144 3331 3211 3395 θί,
3240 3331 3334 3381 καὶ
3360 3329 3540 3382 εῖτινι
3565 3327 3782 3397 τοιούτῳ.

2238 3427 2384 3495 λέγει
2409 3429 2436 3478 6
2460 3426 2756 3489 ἐπίσκοπος
2775 3442 2788 3456 ·
2823 3423 2874 3477 τί
2893 3419 2985 3476 οὖν
3011 3425 3345 3492 ποιήσομεν;
3375 3421 3530 3490 λέγει
3557 3423 3584 3474 ό
3603 3421 3781 3490 γέρωνο

2238 3519 2410 3588 εὐχῶν
2443 3518 2603 3588 χρεία
2625 3534 2638 3546 ο
2676 3517 2831 3582 λόγος
2862 3516 2970 3588 γὰρ
3001 3516 3101 3568 οὐκ
3138 3515 3332 3585 ίσχύει.
3373 3512 3685 3566 κελεύουσιν
3707 3505 3782 3564 οὗν

2239 3610 2470 3674 ἐξελθεῖν
2496 3627 2507 3638 ·
2553 3611 2580 3662 ὁ
2621 3608 2675 3660 δὲ
2715 3608 2994 3680 ἐξέρχεται
3051 3607 3188 3677 πρὸς
3235 3605 3452 3668 αύτούς.
3507 3607 3602 3658 καὶ
3637 3620 3785 3674 παρα-

2237 3701 2430 3772 χρῆμα
2463 3700 2676 3769 δέχεται
2710 3698 2871 3752 αὑτὸν
2902 3698 2930 3750 6
2959 3699 3256 3761 ἐπίσκοπος
3283 3698 3522 3769 χείλεσιν
3547 3700 3636 3752 καὶ
3661 3697 3782 3764 λέγει

2238 3793 2373 3864 πρὸς
2410 3791 2454 3822 ⁸²
2489 3791 2676 3843 αὐτόν’
2721 3789 2836 3852 πῶς
2877 3789 3128 3842 τοσοῦτον
3161 3791 3351 3860 χρόνον
3397 3791 3458 3843 οὑ
3500 3790 3785 3860 παρέλαϐες

2237 3887 2366 3955 ἡμῖν
2400 3885 2478 3950 ⁸³;
2521 3886 2548 3935 6
2586 3883 2642 3935 δὲ
2682 3879 2859 3935 εἶπεν·
2903 3883 2984 3935 ὅτι
3029 3884 3089 3935 ού
3128 3886 3376 3952 φρονεῖτε
3417 3883 3616 3954 ὀρθῶς.
3653 3883 3778 3950 λέγει

2236 3977 2380 4047 αύτῴ
2422 3979 2450 4029 6
2482 3977 2634 4043 ἆγιος
2679 3975 2996 4046 Μακάριος⁸
3035 3975 3099 4026 σὺ
3133 3969 3226 4027 οὖν
3260 3974 3440 4037 καλῶς
3474 3978 3725 4045 φρονεῖςς
3760 3973 3783 4026 6

2234 4068 2322 4121 δέ’
2359 4067 2452 4120 καὶ
2500 4067 2671 4128 πάνυ,
2721 4065 2872 4135 φησί.
2913 4064 2965 4117 τί
3010 4063 3066 4116 δέ
3112 4067 3264 4129 ἐστι,
3313 4065 3502 4136 φησίν,
3537 4066 3567 4119 ὃ
3613 4067 3782 4134 ύμεῖς;

2235 4158 2433 4230 Φρονοῦ
2442 4174 2537 4228 μεν
2555 4155 2751 4226 ὀρθῶς,
2772 4157 2853 4209 ὅτι
2878 4155 3056 4225 σάρκα
3076 4157 3169 4209 καὶ
3195 4157 3330 4210 ὀστᾶ
3350 4157 3702 4226 ἀνειληφέναι
3721 4155 3784 4220 ’δς

2234 4249 2398 4316 Λέγει
2431 4250 2458 4300 ὁ
2486 4248 2638 4316 ἅγιος
2675 4248 2961 4318 Μακάριος
2984 4261 2998 4276 °
3031 4248 3079 4300 εί
3129 4249 3228 4316 μὲν
3271 4249 3363 4318 ἀφ’
3397 4249 3614 4303 ἑαυτῶν
3641 4249 3786 4314 λέγω·

2237 4359 2356 4410 μεν,
2389 4340 2599 4403 καλῶς’
2643 4341 2690 4391 εί
2721 4339 2777 4391 δὲ
2808 4339 3032 4410 ἀλήθεια
3069 4340 3242 4404 οὕτως
3280 4340 3545 4411 ἠθέλησε,
3582 4342 3645 4393 σὺ
3668 4339 3715 4392 τί
3734 4337 3787 4392 ἂν

2232 4432 2410 4500 λέγεις
2432 4447 2445 4495 ;
2470 4431 2555 4483 ἵνα
2577 4430 2633 4483 δὲ
2661 4431 2733 4501 μὴ
2759 4430 2983 4492 πολλοὺς
3003 4429 3372 4499 ἀναλώσωμεν
3400 4432 3622 4501 λόγους,
3649 4431 3787 4497 λέγω·

563 4521 868 4574 suscitari?
900 4520 1138 4575 Sanctus
1183 4524 1479 4592 respondet
1512 4541 1527 4578 :
1560 4524 1615 4578 Si
1661 4541 1726 4578 ex
1763 4526 1922 4579 nobis
1954 4526 2129 4595 loqui-

2239 4526 2338 4595 μέν
2377 4541 2478 4585 σοι,
2505 4524 2580 4586 ὼς
2610 4523 2936 4593 φρονοῦμεν,
2969 4523 3063 4575 καὶ
3083 4525 3131 4576 εἰ
3164 4523 3262 4593 μὲν
3287 4524 3593 4595 πεισθείης,
3631 4519 3790 4584 καλῶς

563 4628 710 4676 mur,
751 4613 890 4666 bene
936 4613 1196 4681 loqueris.
1253 4615 1350 4668 Sin
1397 4615 1602 4671 veritas
1656 4617 1711 4670 id
1763 4618 1958 4681 voluit,
1998 4618 2126 4688 quid

563 4702 1048 4772 ohloqueris?Sed
1094 4720 1163 4758 ue
1193 4705 1363 4758 multa
1400 4705 1564 4760 verba
1605 4706 1917 4775 perdamus,
1952 4707 2128 4761 dicam

560 4793 683 4859 tibi,
714 4794 849 4864 quid
895 4796 1230 4862 sentiamus;
1277 4796 1476 4866 quibus
1523 4798 1569 4851 si
1610 4798 1951 4864 assentieris,
1993 4799 2129 4853 bene

561 4884 752 4952 facies,
800 4886 885 4941 sin
936 4887 1138 4950 minus,
1197 4887 1308 4942 Deo
1351 4904 1646 4959 repugnas,
1680 4889 1841 4956 cujus
1873 4889 2126 4960 dogmata

565 4977 800 5045 spernis.
863 4978 932 5031 At
969 4978 1068 5031 ille
1100 4997 1112 5032 :
1140 4977 1272 5048 Ego,
1319 4979 1519 5048 inquit,
1575 4981 1722 5048 prior
1751 4979 1908 5034 ﬁdem
1953 4995 2127 5034 meam

561 5085 852 5139 exponam.
886 5069 1023 5124 Tum
1066 5070 1339 5126 Macarius
1371 5091 1383 5126 :
1411 5071 1602 5135 Prava,
1640 5074 1734 5137 ait,
1770 5074 1902 5127 ﬁdes
1933 5089 2001 5127 ne
2031 5089 2128 5127 uo-

560 5162 819 5225 minetur,
851 5163 944 5217 sed
981 5163 1231 5218 dicamus
1274 5164 1600 5218 catholicam
1631 5165 1898 5219 ecclesiae
1943 5165 2124 5218 ﬁdem.

559 5251 629 5304 Et
656 5255 837 5308 statim
881 5255 1062 5309 innuit
1101 5256 1382 5326 episcopo,
1421 5266 1481 5310 ut
1502 5272 1619 5310 eam
1659 5258 1994 5326 proﬁteatur.
2023 5257 2127 5322 Qui

558 5345 952 5402 circumstante
997 5350 1198 5420 populo
1243 5350 1436 5420 incipit
1477 5350 1635 5403 ﬁdem
1691 5351 1763 5403 ita
1812 5364 2125 5419 exponere:

558 5437 732 5493 Credo
755 5440 807 5493 in
841 5456 1010 5494 unum
1041 5440 1229 5508 Deum,
1272 5452 1480 5512 patrem
1508 5444 1958 5513 omnipotentem,
1984 5450 2040 5496 et-
2065 5443 2118 5495 in

2235 4617 2427 4679 ποιεῖς,
2453 4617 2501 4667 εἰ
2534 4615 2589 4666 δὲ
2625 4615 2722 4684 μή,
2746 4614 2881 4683 πρὸς
2912 4613 3000 4666 τὸν
3031 4613 3162 4666 Θεὸν
3183 4613 3356 4684 ἔχεις,
3389 4607 3452 4667 οὗ
3474 4616 3548 4668 τὰ
3571 4615 3790 4683 δόγματα

2234 4707 2463 4770 ἀθετεῖς.
2497 4709 2524 4758 ὁ
2542 4707 2598 4760 δὲ
2620 4706 2722 4776 ἔφη
2742 4724 2755 4736 ·
2783 4706 2894 4774 ἐγὼ
2927 4706 3142 4777 πρῶτος
3170 4706 3314 4774 λέγω
3341 4724 3441 4777 μου
3465 4708 3570 4778 τὴν
3602 4707 3787 4760 πίστιν.

2233 4794 2350 4854 εἶτα
2377 4799 2523 4867 λέγει
2544 4801 2572 4852 6
2597 4798 2751 4866 ἅγιος
2770 4814 2782 4826 ·
2811 4798 2955 4868 κακὴ
2985 4797 3164 4861 πίστις
3186 4797 3232 4829 ⁸⁸
3265 4797 3399 4869 μηδέ
3422 4796 3785 4868 ὀνομαζέσθω,

2232 4892 2369 4947 ἀλλά
2398 4891 2651 4959 λέγωμεν
2667 4889 2764 4960 τὴν
2798 4887 3093 4958 καθολικὴν
3119 4889 3218 4958 τῆς
3243 4887 3578 4957 Ἑκκλησὶας
3607 4886 3789 4939 πίστιν.

2231 4983 2326 5036 καὶ¹
2358 4983 2504 5051 λέγει
2533 4982 2611 5052 τῷ
2639 4980 2921 5050 ἐπισκόπῳ
2947 4981 3142 5032 εἰπεῖν.
3170 4978 3405 5042 ἑστῶτος
3429 4975 3529 5032 οὖν
3555 4978 3652 5032 τοῦ
3680 4973 3791 5029 λαοῦ

2232 5076 2460 5146 ἄρχεται
2490 5071 2800 5127 ἐκτίθεσθαι
2837 5071 2936 5140 τὴν
2973 5071 3155 5124 πίστιν
3195 5069 3399 5134 οὕτως·
3441 5069 3692 5124 πιστεύω
3726 5066 3793 5128 είς

2234 5169 2330 5222 ἕνα
2361 5167 2495 5220 Θεὸν
2530 5164 2746 5234 πατέρα
2779 5163 3219 5233 παντοκράτορα,
3254 5163 3348 5215 καὶ
3372 5163 3453 5225 είς
3483 5162 3583 5214 τὸν
3615 5156 3793 5231 ὁμοού·

2232 5273 2346 5311 σιον
2377 5257 2542 5310 αὐτοῦ
2560 5254 2754 5321 Λόγον,
2785 5252 2852 5305 δι’
2885 5246 2946 5305 οὗ
2979 5250 3202 5320 ἐποίησε
3223 5253 3348 5314 τοὺς
3380 5251 3425 5282 ⁸⁸
3464 5247 3795 5313 αἰῶνας,τδν

2233 5349 2326 5402 ἐπὶ
2355 5345 2636 5415 συντελείᾳ
2654 5344 2762 5398 τῶν
2787 5343 2999 5396 αἰώνων
3023 5345 3102 5405 εἰς
3123 5342 3380 5412 ἀθέτησιν
3402 5341 3506 5412 τῆς
3538 5340 3798 5412 ἁμαρτίας

2230 5441 2650 5510 ἐπιδημήσαντα
2691 5439 2750 5490 ἐν
2782 5435 2976 5508 σαρκί,
3004 5435 3070 5505 ἧν
3103 5435 3169 5488 ἐκ
3211 5435 3312 5505 τῆς
3343 5433 3510 5501 ἁγίας
3539 5432 3794 5504 παρθένου

1799 5557 2056 5612 νΑιιιΑΕ
2094 5553 2496 5612 LECTIONES.

632 5671 681 5703 "
713 5670 852 5748 llaec
882 5689 984 5748 vox
1038 5676 1090 5729 in
1152 5676 1341 5732 codice
1378 5686 1463 5733 est
1513 5676 1837 5748 diﬁicillima
1874 5679 1939 5732 ad
1990 5678 2298 5748 legendum.
2373 5675 2418 5707 '"
2448 5671 2778 5748 Corruicod.
2821 5673 3187 5748 εἰρηνοῦσαι.
3228 5671 3310 5748 ,⁷⁸
3351 5671 3427 5725 Et
3479 5672 3662 5748 coni,
3690 5667 3797 5748 cod.

561 5745 1094 5817 καταγτεειόμενος.
1170 5749 1215 5780 τ’
1247 5749 1427 5810 Corn,
1460 5749 1583 5802 cod.
1630 5748 1751 5801 οὐδὲ
1779 5747 1846 5799 δὲ
1873 5756 2000 5817 γαρ.
2045 5741 2122 5780 ’⁸ο
2157 5748 2337 5809 Corn,
2368 5746 2490 5817 cod.
2525 5741 2776 5817 simiai»).

563 5829 714 5896 ςεεξι.
747 5882 760 5896 _
791 5815 834 5844 ⁸³
868 5813 1016 5896 aper;
1048 5833 1156 5873 om.
1195 5818 1342 5887 cod.,
1379 5819 1559 5874 addidi
1599 5835 1661 5874 cx
1713 5819 1857 5874 coni.
1887 5813 1895 5817 Ἴ
1934 5813 1978 5851 ⁸³
2015 5818 2105 5874 Sic
2149 5818 2267 5873 cod.

567 5883 613 5916 "
649 5882 782 5941 Cod.
816 5882 941 5951 τάς.

2863 5743 2906 5772 ⁸⁸
2935 5743 3116 5800 Corn.
3142 5741 3262 5796 cod.
3295 5743 3637 5812 φαρμακοῖς
3664 5739 3796 5809 μάγ-

2364 5817 2408 5848 ⁸⁸
2440 5816 2623 5876 Corn,
2665 5811 2784 5866 cod.
2831 5813 3228 5881 ἀνελειφένίιι.
3305 5812 3350 5843 ⁸⁸
3393 5812 3536 5868 Cod.
3571 5813 3797 5875 πίστης.
