3950 6538
155 369 244 431 illi

1611 370 1790 426 ACTA
1802 409 1816 424 .

3244 366 3351 423 9M

155 475 341 548 Μαρίας
379 469 550 542 ἐαυτῷ
598 472 960 546 ὑπεστήσατο,
1012 476 1104 530 τὸν
1155 479 1536 551 σταυρωθέντα
1587 485 1680 537 καὶ

1793 482 2147 538 coessentiale
2172 479 2294 551 ejus
2311 477 2574 544 Verbum,
2597 495 2693 551 per
2723 479 2866 550 quod
2889 493 3019 534 aeva
3041 477 3186 543 fecit,
3203 480 3352 550 quod

155 564 448 627 ἀποθανόντα
485 563 579 615 καὶ
624 565 862 632 ταφέντα
913 568 1006 622 καὶ
1057 568 1369 624 ἀναστάντα
1419 575 1485 644 τῇ
1519 575 1682 649 τρίτῃ

153 661 341 735 ἡμέρᾳ,
379 655 467 708 καὶ
513 655 879 727 καθεζόμενον
920 660 979 712 ἐν
1021 659 1170 730 δεξιᾷ
1201 662 1293 714 τοῦ
1329 666 1556 737 πατρός,
1587 667 1682 720 καὶ¹

155 753 291 808 πάλιν
318 747 600 820 ἐρχόμενον
629 750 686 800 ἐν
725 749 803 820 τῷ
842 751 1086 822 μέλλοντι
1121 755 1296 818 αἰῶνι,
1326 760 1507 827 κρῖναι
1543 759 1681 823 ζῶν-

152 863 234 909 τας
271 843 356 896 καὶ
391 841 634 912 νεκρούς.
675 844 771 895 καὶ
804 845 884 906 εἰς
916 845 980 897 τὸ
1016 846 1242 915 Πνεῦμα
1290 849 1352 901 τὸ
1385 849 1575 918 ἅγιον,
1623 852 1684 906 τὺ

153 933 396 1008 ὸμοούσιον
405 933 480 1003 τῷ
501 935 616 988 Πατ
624 934 675 1006 pi
687 935 780 988 καὶ
793 935 870 1006 τῷ
881 937 1039 1008 Λόγῳ
1052 938 1234 992 αὑτοῦ.
1255 941 1594 1015 πιστεύωμεν
1625 942 1682 996 δὲ

151 1031 230 1083 καὶ
247 1029 317 1091 εἰς
344 1025 630 1081 ἀνάστασιν
658 1027 837 1098 ψυχῆς
866 1029 960 1082 καὶ
979 1029 1246 1101 σώματος,
1271 1033 1452 1098 καθὼς
1480 1035 1627 1103 λέγει
1655 1037 1683 1090 6

151 1116 412 1179 ἀπόστολος
429 1132 442 1144 ·
475 1118 756 1189 σπείρεται
778 1120 936 1190 σῶμα
957 1121 1204 1192 ψυχικόν,
1231 1125 1502 1196 ἐγείρεται
1525 1126 1686 1198 σῶμα

150 1207 502 1279 πνευματικόν.
551 1209 644 1262 καὶ
673 1209 835 1263 πάλιν
854 1224 870 1240 ’
897 1211 980 1264 δεῖ
1020 1213 1129 1284 γάρ
1169 1215 1232 1267 τὸ
1257 1216 1498 1286 φθαρτὸν
1527 1219 1686 1272 τοῦτο

149 1298 437 1355 ἐνδύσασθαι
464 1298 791 1370 ἀφθαρσίαν.
827 1303 987 1372 ὁρᾷς,
1022 1305 1138 1368 πῶς
1171 1305 1318 1374 λέγει
1353 1305 1541 1375 τοῦτο;
1572 1311 1601 1362 6
1627 1309 1685 1362 δὲ

149 1391 262 1463 πρὸς
281 1388 432 1444 αὑτὸν
463 1390 734 1462 ἀπεκρίθη
754 1407 770 1423 ’
794 1393 918 1463 ἐμοὶ
946 1394 991 1426 ⁸⁷
1025 1395 1125 1466 τὴν
1149 1396 1214 1449 ἐκ
1237 1395 1409 1466 λόγων
1437 1399 1617 1453 πίστιν
1638 1399 1686 1433 ⁸⁸

151 1482 212 1552 μὴ
237 1479 498 1552 πρόσφερε
516 1519 531 1542 ,
566 1480 681 1534 ἀλλ’
711 1483 1034 1555 ἀπέλθωμεν
1061 1488 1141 1550 είς
1173 1487 1242 1541 τά
1268 1491 1507 1560 μνημεῖα
1529 1531 1544 1556 ,
1593 1492 1688 1544 καὶ

149 1572 227 1625 ἕνα
247 1569 347 1622 τῶν
371 1570 487 1622 ἐκεῖ
517 1570 784 1641 κειμένων
823 1573 1124 1645 ἀνάστησόν
1163 1593 1275 1647 μοι,
1315 1579 1407 1632 καὶ
1435 1575 1572 1648 οἶδα,
1601 1581 1686 1635 ὅτι

149 1660 302 1723 καλῶς
332 1663 578 1730 φρονεῖτε
603 1677 617 1692 ⁸
653 1662 775 1715 ἐπεὶ
807 1663 918 1732 ἐγὼ
957 1665 1135 1737 ψυχὴν
1165 1668 1334 1738 χωρὶς
1359 1669 1406 1701 ⁸⁹
1433 1670 1686 1742 σώματος

147 1751 260 1818 ἄγω.
303 1753 559 1822 στραφεὶς
589 1751 646 1805 δέ
684 1755 712 1806 6
744 1753 900 1824 ἅγιος
930 1758 1215 1830 Μακάριος
1257 1761 1406 1830 λέγει
1454 1764 1532 1834 τῷ
1562 1766 1684 1818 ἐπι-

1787 575 1839 629 in
1878 574 2353 631 consummatione
2393 581 2699 644 temporum
2738 574 2792 627 in
2838 572 3190 627 abolitionem
3228 587 3354 641 pec-

1790 665 1901 720 cati
1932 665 2190 735 apparuit
2236 665 2292 718 in
2330 679 2517 729 carne,
2549 678 2710 730 quam
2749 679 2780 718 e
2819 669 3008 718 sancta
3043 661 3210 716 Maria
3240 662 3353 716 vir-

1782 759 1910 828 gine
1941 764 2284 828 susceperat,
2313 755 2458 826 quod
2492 755 2840 817 cruciﬁxum,
2867 762 3144 808 mortuum
3180 763 3234 808 et
3263 769 3352 808 se--

1782 848 1992 917 pultum
2043 857 2127 903 est
2171 859 2224 904 et
2272 847 2574 902 resurrexit
2615 846 2778 900 tertia
2823 845 2932 909 die,
2983 845 3244 914 sedetque
3285 843 3354 898 ad

1783 941 2034 996 dextram
2060 939 2254 1008 patris,
2283 953 2348 994 ac
2371 941 2552 994 denuo
2585 946 2876 993 venturum
2900 945 2985 992 est
3014 938 3070 991 in
3109 946 3356 1006 tempore

1784 1030 1992 1095 futuro,
2037 1032 2284 1102 judicare
2310 1033 2462 1087 vivos
2488 1039 2543 1086 et
2587 1039 2870 1096 mortuos;
2916 1039 2970 1086 et
3007 1031 3059 1084 in
3090 1029 3355 1100 Spiritum

1785 1132 2063 1189 sanctum,
2089 1123 2235 1178 Patri
2257 1124 2486 1194 ejusque
2502 1123 2680 1178 Verbo
2706 1123 3159 1186 coessentialem;
3189 1120 3356 1176 credo

1785 1217 1841 1269 in
1896 1215 2356 1271 resurrectionem
2416 1230 2635 1285 quoque
2692 1214 2908 1270 animae
2957 1223 3011 1268 et
3058 1214 3353 1282 corporis,

1785 1311 1930 1365 sicut
1981 1309 2264 1380 apostolus
2313 1308 2430 1362 ait:
2468 1307 2786 1362 Seminatur
2828 1321 3030 1376 corpus
3081 1307 3354 1367 naturale,

1784 1402 2087 1457 suscitatur
2133 1416 2336 1472 corpus
2394 1399 2714 1472 spirituale;
2749 1407 2804 1454 et
2849 1413 3044 1453 rursus
3085 1417 3097 1451 :
3131 1396 3358 1467 Oportet

1785 1494 1930 1549 enim
1964 1493 2324 1562 eorruptibile
2361 1491 2464 1546 hoc
2496 1490 2722 1544 induere
2751 1485 3353 1556 im'orruptibilitatem.

1785 1585 1920 1638 Post
1953 1582 2087 1638 haec
2107 1581 2378 1637 Macarius
2410 1579 2721 1636 haeretico:
2759 1576 2943 1641 Vides,
2986 1577 3186 1646 inquit,
3219 1573 3352 1643 quid

1785 1675 1950 1728 dicat.
2007 1672 2057 1728 Is
2116 1688 2245 1729 vero
2299 1669 2783 1743 respondetzMihi
2831 1668 3050 1739 quidem
3095 1683 3126 1720 e
3174 1665 3357 1720 verbis

1789 1761 1899 1815 noli
1951 1759 2112 1815 ﬁdem
2161 1760 2378 1824 aﬂerre,
2428 1759 2525 1816 sed
2583 1775 2772 1814 eamus
2817 1759 2882 1812 ad
2939 1756 3231 1827 sepulchra
3267 1754 3356 1809 :si

148 1842 306 1911 σκόπῳ
329 1857 343 1872 ⁸
371 1841 518 1912 μέγα
545 1844 732 1911 κακόν,
759 1847 839 1900 ὅτι
875 1849 1221 1921 πειράζωμεν
1251 1853 1340 1906 τὸν
1373 1855 1524 1918 Θεόν,
1558 1857 1675 1910 ἀλλ’

1793 1867 1958 1905 unum
1980 1867 2047 1906 ex
2077 1851 2150 1906 ibi
2171 1851 2485 1921 jacentibus
2509 1850 2884 1913 suscitaveris,
2909 1851 3078 1926 sciam
3097 1862 3194 1901 vos
3217 1847 3359 1901 bene

145 1934 244 1986 οὐδὲ
261 1933 360 2002 ἔχω
383 1935 724 2006 παρρησίαν,
749 1939 976 2004 ἀξιῶσαι
1009 1942 1101 1994 τὸν
1121 1942 1253 1996 Θεὸν
1271 1945 1338 1997 δι’
1363 1946 1460 1999 ἕνα
1483 1947 1678 2018 δαιμο-

145 2025 304 2078 νιακόν
325 2024 643 2094 τηλικοῦτον
670 2032 892 2100 σημεῖον
910 2032 1182 2100 γενέσθαι.
1220 2034 1367 2104 λέγει
1400 2039 1429 2090 6
1461 2038 1681 2093 ἐπίσκο-

147 2133 260 2180 πος⁹
291 2119 436 2188 οὐχί,
489 2121 685 2192 πάτερ,
741 2122 876 2178 ἀλλά
926 2124 992 2179 δι’
1041 2127 1334 2200 ὁλόκληρον
1366 2135 1677 2202 παροικίαν.

143 2209 244 2260 τότε
273 2209 594 2280 ἀπέρχονται
623 2211 726 2276 ἕως
762 2215 870 2269 τῶν
916 2220 1233 2288 μνημάτων,
1269 2223 1362 2275 καὶ
1405 2225 1630 2296 ἄρχεται
1655 2231 1684 2282 6

155 2297 420 2369 Ἰερακίτης
447 2301 830 2356 ἐπικαλεῖσθαι
861 2305 1110 2376 δαίμονα.
1144 2311 1203 2362 ού
1229 2311 1336 2382 γὰρ
1362 2313 1422 2385 δή
1449 2333 1550 2368 που
1583 2315 1684 2386 ψυ-

145 2389 229 2460 χὴν
267 2391 492 2460 ἠδύνατο
529 2394 824 2462 ἀναγαγεῖν
866 2397 1027 2470 ψιλὴν
1073 2403 1167 2453 καὶ
1207 2405 1440 2476 γυμνήν.
1475 2407 1566 2460 καὶ
1609 2409 1684 2472 ὼς

147 2482 272 2535 οὐδὲν
295 2483 530 2552 ἴσχυσεν,
565 2486 842 2540 ἀντέκειτο
863 2488 918 2540 δὲ
944 2491 1092 2562 αὐτῷ
1115 2493 1332 2563 ἀληθῶς
1362 2497 1422 2549 τὸ
1457 2499 1683 2570 Πνεῦμα

146 2576 195 2627 τὸ
217 2575 372 2644 ἅγιον,
398 2576 550 2646 λέγει
579 2579 759 2642 αὐτοῖς
779 2597 792 2610 ο
823 2580 908 2633 διὰ
928 2582 1026 2653 τὴν
1051 2584 1304 2640 ἀπιστίαν
1329 2588 1480 2658 ὑμῶν
1505 2591 1564 2642 οὐ
1591 2592 1683 2644 δύ-

148 2683 288 2733 ναμαι
310 2667 532 2734 ἀνάγειν
574 2671 640 2722 ὀ.
670 2671 1012 2743 παραχρῆμα
1044 2673 1099 2726 δὲ
1130 2675 1396 2747 δριμύξας
1441 2682 1629 2734 ἑαυτὸν
1655 2683 1684 2734 6

147 2757 397 2828 Μακάριος
443 2758 662 2829 ἔκαμψε
707 2762 775 2815 τά
814 2764 1035 2831 γόνατα,
1088 2769 1252 2839 μηδὲν
1298 2772 1682 2843 ὑποσχόμενος,

150 2849 226 2899 καὶ
248 2847 385 2918 ὥραν
414 2851 549 2920 μίαν
580 2856 916 2922 παρατείνας
952 2861 1008 2911 ἐν
1035 2864 1103 2931 τῇ
1133 2863 1263 2932 εύχῇ
1303 2865 1439 2933 μετά
1469 2867 1684 2920 πάντων

148 2937 336 3010 ἀνέστη.
368 2941 462 2993 καὶ
510 2941 683 3011 τύψας
723 2946 763 2978 ⁹¹
800 2945 878 3016 τῷ
923 2948 1058 3019 βαῖῳ
1089 2951 1149 3002 τὸ
1181 2955 1369 3023 μνῆμα
1401 2985 1467 2994 --
1498 2957 1546 3006 οἱ
1580 2956 1685 3027 γὰρ

151 3031 308 3099 ῥάϐδοι
335 3031 438 3084 τῶν
469 3035 593 3088 ἐκεῖ
643 3038 889 3108 μοναχῶν
928 3042 992 3093 ἐκ
1023 3042 1188 3112 βαῖων
1220 3045 1357 3097 εἰσίν
1385 3075 1455 3084 -
1485 3047 1685 3118 ἐγείρει

149 3122 419 3197 ἄνθρωπον,
464 3131 569 3201 οὐχ
615 3131 866 3200 ύπόγειόν
905 3151 1026 3186 τινα
1075 3135 1198 3206 ἄρτι
1243 3136 1642 3208 τελευτήσαντα
1669 3179 1683 3202 ,

1788 1944 2012 2012 sentire,
2074 1945 2190 2014 ipse
2242 1960 2343 2015 ego
2382 1945 2618 1998 animam
2673 1943 2790 1997 sine
2835 1956 3066 2010 corpore
3111 1938 3355 1994 aﬂeram.

1791 2035 2025 2091 Sanctus
2067 2051 2198 2091 vero
2239 2036 2509 2091 Macarius
2549 2035 2613 2089 ad
2656 2035 2972 2104 episcopum
3013 2045 3356 2086 conversus:

1791 2125 2042 2190 Multum,
2075 2127 2275 2197 inquit,
2310 2125 2466 2181 nefas
2511 2141 2664 2192 sane,
2705 2123 2871 2179 Deum
2901 2131 3133 2183 tentare,
3181 2135 3360 2188 neque

1789 2218 2139 2288 diguaturum
2180 2235 2304 2274 esse
2332 2234 2456 2273 eum
2487 2226 2706 2288 propter
2735 2230 2901 2268 unum
2942 2213 3360 2266 daemoniacum

1790 2313 2184 2382 276=tantum
2212 2311 2392 2366 facere
2408 2311 2622 2380 signum
2646 2307 2882 2361 conﬁdo.
2909 2304 3220 2374 Respondet
3245 2303 3362 2374 epi-

1791 2419 1991 2471 scopus
2017 2420 2030 2456 :
2067 2401 2310 2468 Minime,
2334 2411 2514 2470 pater;
2545 2411 2916 2453 verumtamen
2941 2408 3161 2466 propter
3190 2404 3360 2448 totam

1790 2495 2150 2549 vicinitatem.
2205 2492 2357 2546 Tunc
2389 2493 2644 2546 abierunt
2698 2491 2764 2544 ad
2815 2489 3128 2557 sepulchra.
3171 2487 3364 2556 Incipit

1791 2583 2064 2638 llieracita
2097 2584 2354 2637 invocare
2392 2582 2737 2644 daemonem,
2785 2580 2878 2634 sed
2927 2579 3149 2632 minime
3188 2579 3364 2648 potuit

1790 2677 2026 2730 animam
2072 2691 2300 2728 evocare
2341 2685 2554 2728 tenuem
2603 2684 2656 2728 et
2709 2674 2930 2726 nudam.
2968 2671 3152 2738 Quum
3200 2671 3365 2739 igitur

1791 2764 1926 2818 nihil
1951 2763 2417 2832 ell'ecisset—ipsi
2443 2764 2586 2818 enim
2615 2764 2951 2833 repugnabat
2985 2763 3209 2832 spiritus
3232 2778 3363 2816 sau-

1793 2863 1932 2918 ctus,
1955 2855 2107 2908 —iis
2130 2873 2142 2907 :
2167 2853 2395 2924 Propter
2421 2855 2879 2918 incredulitatem,
2903 2854 3102 2922 inquit,
3126 2863 3362 2906 vestram

1793 2960 1903 2998 non
1933 2958 2158 3013 possum
2190 2945 2426 2996 animam
2470 2959 2722 2997 evocare.
2752 2943 2944 2996 Statim
2979 2943 3250 2996 Macarius
3288 2943 3366 2994 in-

1794 3033 2050 3102 dignatus
2105 3048 2278 3102 genua
2344 3033 2538 3099 ﬂectit,
2600 3034 2732 3086 nihil
2785 3049 2915 3087 vero
2977 3035 3257 3102 promisit,
3311 3042 3366 3088 et

1795 3140 1962 3193 quum
1996 3139 2160 3176 uuam
2214 3125 2402 3177 horam
2458 3127 2510 3178 in
2563 3126 2812 3178 oratione
2844 3134 3268 3194 perseverasset,
3310 3126 3363 3179 in

149 3217 260 3270 ἀλλά
283 3219 386 3270 τῶν
421 3221 690 3290 ἀρχαίων.
729 3224 822 3276 καὶ
845 3227 1013 3292 φωνεῖ
1042 3203 1132 3278 τὸν
1177 3225 1394 3296 Ὶέρακα
1423 3203 1516 3280 καὶ
1542 3229 1686 3297 λέγει

1793 3223 2088 3285 conspectu
2155 3217 2398 3269 omnium
2454 3215 2694 3269 surrexit
2743 3223 2798 3269 et
2838 3217 3132 3284 sepulchro
3187 3217 3364 3285 palma

149 3309 300 3380 αὐτῷ·
325 3311 576 3375 ἐξέτασον
603 3312 808 3380 τοῦτον,
836 3316 884 3367 εί
907 3315 1178 3386 ἐγείρεται
1208 3316 1385 3387 σῶμα.
1416 3320 1443 3370 6
1474 3318 1530 3372 δὲ
1553 3320 1689 3372 ἀπο-

149 3401 296 3468 ψύξας
335 3404 378 3434 ”
407 3404 502 3457 τοῦ
533 3404 782 3474 δαίμονος
807 3407 968 3459 αὐτοῦ
1000 3408 1450 3479 ὑποχωρήσαντος
1491 3410 1584 3462 ἐπὶ
1613 3410 1691 3481 τῷ

149 3491 420 3566 τηλικούτῳ
466 3497 682 3567 σημείῳ
719 3496 902 3551 πίπτει
949 3500 1026 3562 είς
1057 3500 1181 3563 τοὺς
1211 3501 1375 3564 πόδας
1413 3501 1505 3554 τοῦ
1537 3503 1690 3570 ἁγίου

154 3586 271 3653 μετά
301 3588 497 3651 παντὸς
522 3588 616 3641 τοῦ
642 3587 789 3644 λαοῦ.
829 3589 1134 3660 ζητούντων
1162 3591 1218 3644 δὲ
1246 3592 1406 3644 αὐτὸν
1439 3593 1692 3661 φονεῦσαι

157 3675 208 3727 οὐ
235 3678 623 3749 συνεχώρησεν,
658 3680 772 3733 ἀλλ’
802 3683 1088 3752 ἀπήγαγεν
1127 3682 1287 3734 αὑτὸν
1317 3685 1397 3745 εἰς
1435 3682 1532 3753 τὴν
1567 3683 1692 3754 ἕρη-

157 3784 256 3835 μον.
282 3772 406 3838 φησι
434 3770 516 3836 δέ,
549 3772 631 3825 ὄτι
665 3773 958 3845 ἐρωτηθεὶς
977 3774 1005 3825 6
1033 3775 1289 3838 ἀναστάς,
1331 3777 1378 3826 εί
1409 3776 1691 3829 ἐπίσταται

153 3857 229 3911 τὸν
260 3861 506 3932 Χριστόν,
544 3863 644 3934 ἔφη
675 3903 689 3926 ,
719 3865 799 3917 ὅτι
847 3865 955 3918 οὐδ’
995 3867 1285 3938 ἀκηκοέναι
1323 3869 1484 3922 αὑτὸν
1513 3869 1690 3943 ﬁlim].

154 3949 326 4019 Φαραὼ
359 3953 468 4023 γὰρ
517 3953 783 4021 βασιλέως
817 3956 1026 4028 εἰρήκει
1058 3958 1517 4028 τετελευτηκέναι.
1566 3960 1695 4032 [πρὸ

151 4041 235 4110 τῆς
273 4045 569 4113 παρουσίας
615 4045 706 4098 τοῦ
741 4044 974 4117 Χριστοῦ
1017 4043 1084 4119 ἦν
1135 4048 1244 4121 °‘.]
1285 4050 1550 4119 βαπτίσας
1602 4049 1694 4106 οὖν

154 4133 294 4186 αὑτὸν
329 4131 437 4206 εἶχε
473 4137 596 4207 μεθ’
641 4138 832 4191 ἐαυτοῦ
883 4139 974 4210 ἐτη
1009 4141 1132 4211 τρία
1173 4143 1270 4212 τὴν
1309 4144 1483 4214 ἀληθῆ
1514 4145 1696 4199 λοιπὸν

154 4223 382 4297 κοίμησιν
414 4229 779 4298 κοιμηθέντα,
807 4230 882 4294 ὡς
908 4231 1169 4302 ἁρμόζειν
1197 4235 1282 4286 ἐπ’
1312 4234 1471 4286 αὐτόν
1501 4236 1592 4289 τὸν
1620 4236 1699 4289 λό-

151 4331 231 4380 γον
253 4317 338 4369 τοῦ
365 4319 596 4391 Κυρίου,
628 4321 708 4372 ὅτι
725 4320 846 4373 οὔτε
873 4315 1027 4386 οὗτος
1055 4324 1298 4394 ἥμαρτεν
1318 4323 1437 4377 οὔτε
1459 4327 1507 4378 oi
1525 4329 1699 4394 γονεῖς

152 4408 316 4472 αὑτοῦ,
349 4411 463 4464 ἀλλ’
495 4413 586 4465 ἴνα
616 4413 899 4485 φανερωθῇ
931 4416 978 4446 ⁸⁵
1003 4415 1034 4484 ἠ
1061 4415 1186 4480 δόξα
1206 4415 1300 4468 τοῦ
1321 4415 1477 4469 θεοῦ.
1501 4418 1693 4488 ἠρώτα

1793 3303 2284 3372 pulsato—baculi
2318 3304 2486 3365 enim,
2510 3305 2710 3373 quibus
2744 3306 2996 3358 monachi
3023 3307 3170 3360 illius
3197 3307 3368 3374 regio-

1794 3397 1879 3450 nis
1908 3405 2154 3460 utuntur,
2180 3397 2317 3450 rami
2347 3398 2645 3466 palmarum
2668 3399 3163 3451 sunt—hominem
3196 3398 3368 3451 susci-

1795 3497 1870 3541 tat
1903 3505 2008 3541 non
2039 3489 2092 3542 in
2125 3497 2266 3542 terra
2293 3489 2592 3552 defossum,
2621 3505 2792 3558 nuper
2826 3503 3123 3548 mortuum.
3175 3490 3268 3542 sed
3301 3505 3366 3542 ex

1796 3582 2034 3650 antiquis
2074 3583 2332 3650 aliquem.
2377 3581 2514 3633 Tum
2564 3581 2836 3635 llieracita
2868 3579 3363 3646 vocatonuacrc,

1796 3670 1996 3740 inquit,
2034 3687 2100 3726 ex
2132 3673 2255 3735 hoc,
2295 3687 2424 3724 num
2471 3672 2770 3724 suscitetur
2799 3687 3018 3740 corpus.
3069 3670 3172 3736 Qui
3214 3679 3368 3725 tanto

1799 3765 1955 3835 signo
1983 3765 2348 3826 exanimatus,
2380 3771 2667 3833 postquam
2693 3765 2922 3818 daemon
2958 3765 3027 3816 ab
3069 3779 3134 3817 eo
3163 3763 3368 3816 disces—

1799 3860 1892 3922 sit,
1947 3858 2013 3910 ad
2054 3859 2218 3927 pedes
2261 3860 2438 3912 sancti
2487 3857 2808 3927 provolutus
2862 3867 2943 3909 est
2991 3871 3113 3908 cum
3165 3863 3367 3908 cuncto

1802 3949 2024 4020 pOpulo.
2053 3947 2230 4012 Quum
2254 3963 2385 4001 vero
2425 3964 2548 4001 eum
2589 3948 2838 4002 occidere
2872 3954 3226 4015 quaererent,
3260 3944 3369 3997 Illa-

1801 4040 1984 4093 carius
2016 4054 2112 4094 eos
2164 4037 2462 4108 prohibuit,
2506 4047 2672 4106 atque
2724 4037 2780 4090 in
2830 4051 3075 4090 eremum
3111 4051 3232 4088 eum
3275 4036 3369 4086 ab-

1799 4132 1975 4186 duxit.
2015 4129 2324 4184 Suscitatus
2358 4138 2538 4183 autem
2594 4130 2986 4198 interrogatus,
3035 4143 3165 4180 num
3204 4126 3368 4179 Chri-

1800 4234 1944 4278 stum
1978 4221 2341 4292 proﬁteretur,
2388 4221 2596 4276 dixisse
2643 4221 2834 4283 fertur,
2870 4235 2928 4274 se
2988 4235 3055 4272 ne
3097 4218 3371 4272 audivisse

1800 4315 2017 4388 quidem
2054 4314 2121 4368 de
2159 4329 2225 4369 eo
2276 4315 2329 4366 in
2363 4314 2474 4367 vita
2516 4329 2636 4368 sua.
2683 4311 2986 4366 Pharaonis
3034 4311 3178 4364 enim
3231 4314 3370 4379 regis

1800 4415 2045 4476 tempore
2088 4423 2146 4461 se
2193 4405 2395 4459 obiisse
2428 4407 2588 4467 dixit,
2637 4406 2869 4474 ideoque
2906 4411 3032 4456 ante
3078 4403 3368 4454 adventqu

149 4497 229 4553 οὖν
257 4506 283 4556 6
321 4506 623 4568 ἐπίσκοπος
660 4507 752 4558 τὸν
777 4507 931 4574 ἅγιον
968 4509 1274 4579 Μακάριον,
1308 4511 1356 4562 εί
1393 4509 1559 4580 ἀνέϐη
1605 4512 1688 4563 ἐπὶ

1802 4500 2009 4556 Christi
2063 4501 2214 4554 vixit.
2263 4499 2434 4566 Quem
2482 4514 2649 4569 quum
2699 4498 3033 4566 haptizasset
3077 4494 3368 4556 Macarius,

151 4595 232 4662 τὴν
265 4597 487 4668 καρδίαν
514 4599 680 4651 αὐτοῦ
708 4599 833 4666 δόξα
859 4600 1125 4653 τοσούτων
1149 4601 1527 4655 ὑποπεσόντων
1550 4602 1698 4674 αὐτῷ

151 4685 229 4737 ἐπὶ
253 4687 326 4756 τῷ
352 4688 660 4759 τηλικούτῳ
696 4689 940 4760 σημείῳ;
976 4691 1069 4742 καὶ
1107 4691 1377 4764 ἀπεκρίθη
1417 4692 1595 4762 αύτῷ·
1637 4688 1698 4748 οὗ

151 4772 385 4844 ἡκαρδία
410 4779 610 4847 σχολὴν
666 4777 776 4847 ἔχει
805 4778 959 4842 δόξαν
1003 4780 1302 4851 ἀνθρώπων
1347 4783 1700 4853 παραϐλέψα-

153 4861 278 4926 σθαι,
308 4866 387 4918 ὅτι
420 4860 580 4930 οὗτος
601 4867 732 4920 Θεὸν
771 4869 867 4938 μὲν
887 4867 1039 4920 οὔπω
1077 4868 1239 4937 ἔγνω.
1272 4870 1300 4922 ὃ
1322 4870 1378 4922 δὲ
1411 4874 1572 4937 ποιεῖ,
1607 4873 1702 4926 ἀν-

151 4953 366 5027 θρώποις
387 4963 553 5014 ποιεῖ.
583 4963 612 5014 6
636 4961 690 5012 δὲ
713 4960 959 5026 ἀξιωθεὶς
995 4960 1247 5032 ἐπιπνοίᾳ
1266 4962 1420 5026 Θεοῦ,
1439 4963 1496 5014 ἐν
1521 4962 1700 5033 πολλῷ

152 5046 302 5114 ἀγῶνί
331 5053 479 5106 ἐστιν
511 5051 700 5124 ὥσπερ
727 5054 817 5106 ἐπὶ
850 5052 1008 5124 ξυροῦ
1034 5051 1225 5116 ἑστώς,
1253 5053 1587 5124 φοϐούμενος
1624 5055 1700 5127 μὴ

152 5139 354 5212 ἐκπέσῃ.
392 5145 422 5196 6
457 5143 695 5206 τοιοῦτος
747 5143 873 5214 μίαν
911 5145 1078 5214 μόνην
1116 5145 1411 5214 ἐπιθυμίαν
1445 5146 1556 5216 ἔχει
1581 5187 1596 5208 ,
1639 5148 1700 5200 τὸ

151 5233 360 5298 ἐξελθεῖν
409 5239 476 5291 ἐκ
521 5237 616 5290 τοῦ
653 5237 920 5300 σώματος.
951 5239 1079 5308 περὶ
1117 5237 1225 5306 γὰρ
1271 5238 1426 5305 δόξης
1456 5239 1578 5291 οὐδὲ
1620 5243 1699 5303 είς

1803 4607 1988 4648 secum
2035 4591 2226 4645 habuit
2272 4599 2383 4645 tres
2438 4604 2632 4652 annos,
2683 4587 2882 4658 quibus
2933 4587 3136 4656 elapsis
3185 4601 3369 4638 veram

1804 4685 1894 4740 ille
1946 4684 2339 4741 fdormitionem
2400 4683 2682 4744 dormivit,
2751 4682 2864 4748 ita,
2933 4688 2992 4733 ut
3040 4680 3090 4733 ei
3156 4685 3372 4746 aptetur

1801 4777 2026 4832 verbum
2099 4774 2371 4830 Domini:
2419 4774 2608 4842 Neque
2670 4773 2760 4826 hic
2829 4770 3118 4843 peccavit,
3195 4761 3372 4837 neque

1803 4850 2056 4942 parentes
2123 4871 2282 4940 ejus,
2361 4869 2454 4923 sed
2535 4877 2593 4921 ut
2666 4867 2936 4921 reveletur
3014 4863 3184 4932 gloria
3255 4862 3365 4916 Dei.

1803 4961 2164 5031 Interrogavit
2207 4969 2386 5015 autem
2433 4957 2723 5028 episcopus
2761 4965 3012 5010 sanctum
3054 4953 3370 5016 Macarium,

1803 5069 1870 5107 an
1928 5068 2034 5106 non
2083 5051 2254 5122 gloria
2301 5053 2356 5105 in
2401 5066 2496 5104 cor
2539 5048 2658 5117 ejus
2695 5046 3030 5111 ascenderit,
3073 5053 3182 5098 tam
3230 5045 3372 5097 mul-

1802 5147 1875 5200 tis
1910 5152 2036 5199 ante
2067 5160 2190 5199 eum
2238 5140 2724 5213 procumbentibus
2772 5139 2842 5192 ob
2874 5145 3086 5190 tantum
3132 5137 3369 5206 signum.

1806 5239 1907 5293 Cui
1965 5238 2295 5308 respondet:
2327 5238 2498 5306 Cujus
2561 5251 2654 5290 cor
2715 5234 2888 5288 otium
2939 5231 3100 5284 habet
3146 5229 3371 5300 gloriam

1394 5383 1650 5438 VAIHAE
1687 5381 2089 5439 LECTIONES.

236 5511 443 5568 'Corr..
469 5511 750 5581 eodem].
827 5512 871 5544 ⁸⁸
913 5513 1044 5566 Cod.
1089 5513 1333 5582 πίστην.

1409 5515 1456 5546 ⁸⁸
1482 5514 1616 5570 Cod.
1667 5514 1880 5584 χωρῆς.

1956 5513 2002 5544 ⁹⁰
2034 5513 2107 5566 Ex
2143 5511 2308 5577 coni.,
2346 5514 2467 5565 cod.
2522 5508 2787 5578 ἀνάγ-ειν.
2863 5506 2906 5538 ⁸⁸
2955 5501 3206 5578 Emend,
3247 5500 3372 5556 cod.

153 5580 332 5652 ῗίψαςο
407 5585 454 5615 ’²
485 5575 665 5645 (301τᾷ
696 5575 815 5636 έοιίο
846 5585 1188 5652 ἀποψύχασ.
1257 5575 1309 5617 ’³³
1351 5584 1522 5640 Verba
1557 5575 1714 5639 uncis
1745 5575 1955 5639 inclusa
1997 5592 2090 5637 aut
2133 5575 2312 5652 glossa
2357 5599 2423 5652 ex
2455 5575 2782 5652 marginejn
2829 5586 3035 5652 textum
3071 5575 3372 5652 illata,_‘a_ut

157 5644 259 5728 loco
283 5644 380 5732 suo
409 5664 562 5708 mota
593 5644 711 5732 esse
752 5644 1036 5732 videntur;
1058 5644 1270 5732 'Yoecni
1301 5655 1409 5720 ζῶν
1434 5657 1695 5732 adverha
1726 5656 1832 5732 πρό
1864 5656 1960 5732 τῇς
1997 5644 2296 5732 παροῦσίας
2320 5651 2422 5731 τοῦ
2449 5644 2692 5732 {imitati
2712 5644 2797 5732 ἦν.
2819 5649 3088 5732 pertinere
3123 5645 3370 5732 credide-

158 5722 266 5775 rim.
297 5722 455 5796 [torte
482 5741 626 5780 corr.
666 5725 790 5792 ἔφη,
818 5725 899 5778 ὅτι
931 5724 1037 5778 οὐδ’
1071 5725 1364 5793 ἀκηκοέναι
1393 5727 1576 5795 αὐτόν,
1619 5721 1839 5796 ὅτιπρὸ
1865 5721 1964 5795 τῆς
1996 5721 2289 5796 παρουσίας
2333 5721 2694 5796 τοῦΑΧριστοῦ
2730 5721 2755 5785 ζ

2736 5693 2847 5785 te;
2856 5693 3362 5788 ἷπῖῗῷὸιραοῖὸὁᾶ.

159 5793 365 5863 φαραοῦ)
397 5796 508 5868 γὰρ
541 5796 796 5868 βασιλέως
833 5797 1040 5870 εἰρήκει
1068 5792 1528 5868 τετελευτηκέναι.
1565 5792 1572 5795 ’
1604 5798 1649 5831 ⁸⁸
1682 5792 1934 5863 Embnd.,
1965 5792 2086 5852 cod.
2114 5792 2560 5864 ήναφανερώθη.
