3950 6568
564 370 671 423 213

1389 373 1489 427 SS.
1530 369 1999 427 MACARIORUM
2037 370 2366 428 AEGYPTII
2429 373 2515 428 ET
2554 372 3026 431 ALEXANDRINI
3705 381 3793 438 216

566 483 846 537 hominum
881 484 1228 553 respicicndi,
1268 483 1315 538 is
1343 483 1509 540 Deum
1566 486 1804 540 nondum
1848 487 2128 556 cognovit.

2251 487 2447 541 ἔννοιαν
2467 487 2708 558 ἔρχεται.
2731 489 3037 560 ὑπόδειγμα
3059 489 3106 520 ⁸⁵
3131 487 3187 541 δὲ
3207 487 3420 541 δίδωσιν
3435 486 3581 558 αὐτῷ
3599 492 3795 562 τοιοῦτο,

563 576 727 648 277
757 577 802 631 Is
833 577 1000 638 enim,
1031 579 1291 648 quidquid
1320 578 1468 642 facit,
1501 578 1814 635 hominibus
1850 579 2000 634 facit.
2035 580 2141 646 Qui

565 684 696 722 vero
720 669 918 738 dignus
950 679 1032 722 est
1055 670 1271 724 habitus
1301 667 1487 722 afﬂatu
1514 667 1628 731 Dei,
1658 670 1704 723 is
1734 671 1786 722 in
1819 671 1991 724 multo
2021 687 2143 726 cer-

566 763 772 814 tamine
801 771 1075 822 versatur,
1109 763 1266 831 quasi
1301 763 1355 814 in
1393 762 1659 814 novacula
1698 770 1889 825 staret,
1920 762 2138 827 timens,

568 868 638 907 ne
670 853 904 906 decidat.
962 851 1112 905 Talis
1151 868 1315 904 unum
1359 853 1536 906 solum
1577 853 1740 906 habet
1781 851 2139 918 desiderium,

569 944 881 1012 egredieudi
908 943 1120 996 scilicet
1149 959 1178 995 e
1198 957 1449 1011 corpore.
1475 942 1631 1008 Quod
1666 958 1794 995 vero
1823 944 1890 994 ad
1912 945 2142 1012 gloriam

569 1039 782 1102 attinet,
820 1036 952 1089 haec
979 1036 1028 1088 ei
1060 1051 1128 1089 ne
1161 1036 1212 1088 in
1247 1044 1488 1089 mentem
1524 1036 1746 1104 quidem
1784 1035 1950 1089 venit.
1989 1034 2139 1088 llanc

569 1138 748 1182 autent
806 1130 854 1182 ei
909 1129 1224 1182 doctrinam
1273 1127 1681 1182 dedit:Adduc
1738 1127 1893 1191 mihi,
1943 1126 2139 1196 inquit,

567 1223 803 1290 aliquem
854 1221 908 1274 in
964 1221 1101 1274 mari
1159 1221 1523 1276 ambulantem
1581 1229 1635 1274 et
1687 1220 1898 1273 coelum
1949 1233 2142 1274 versus

2247 579 2339 634 καί
2381 595 2574 650 φησιν·
2622 580 2832 650 ἥγησαι
2875 581 2969 650 μοί
3021 597 3141 634 τινα
3183 581 3275 632 ἐπὶ
3325 579 3563 650 θαλάσσῃ
3599 597 3797 654 περιπα-

2249 672 2443 725 τοῦντα
2473 673 2568 724 καὶ
2611 673 2693 734 είς
2725 671 2949 742 οὐρανὸν
2983 672 3296 736 ἀτενίζοντα
3329 670 3407 740 τῷ
3433 671 3565 742 ἡλίῳ
3592 673 3688 726 ὑπὸ
3711 676 3798 729 τῶν

2252 764 2488 818 ἀκτίνων
2531 763 2697 818 αὐτοῦ
2743 763 3176 834 βασταζόμενονο
3219 763 3297 834 τῷ
3326 761 3549 831 τοιούτῳ
3589 763 3800 819 emice-

2256 857 2342 910 ταί
2384 875 2494 920 τις,
2527 859 2632 920 ὅτι,
2678 857 2772 910 ἐὰν
2801 857 2916 928 ἴδῃς
2950 858 2997 888 ’⁸
3023 856 3114 910 τὸν
3140 857 3327 922 τόπον,
3360 857 3443 924 ἐφ’
3545 856 3588 886 ⁸⁷
3615 857 3798 912 ὲπιῦαί-

2250 967 2392 1014 νεις,
2423 950 2692 1002 ποντώσει
2738 949 2809 1014 ⁸⁸,
2839 949 2891 1002 τί
2927 948 2994 1002 ἂν
3021 948 3183 1002 πάθοι
3220 947 3615 1018 παρακούσαςς
3648 949 3796 1014 οὕτως

2258 1041 2288 1091 ὁ
2333 1043 2398 1110 τῇ
2431 1042 2475 1071 ⁹⁹
2505 1040 2601 1092 τοῦ
2655 1039 2792 1092 Θεοῦ
2843 1039 2970 1109 δόξῃ
2999 1039 3318 1102 ὲνατενίζων
3353 1040 3516 1090 πατεῖ
3553 1038 3646 1108 τὴν
3677 1043 3799 1111 παρὰ

2247 1130 2552 1200 ἀνθρώπων
2579 1131 2758 1194 δόξαν.
2787 1131 2882 1184 ἐὰν
2905 1131 2961 1184 δὲ
2979 1149 3044 1183 πε
3053 1133 3107 1202 pi.
3126 1131 3329 1201 ταύτην
3351 1131 3593 1202 στραφῇ,
3612 1129 3797 1201 ἐκείνης

2249 1222 2525 1273 ἐκπίπτει.
2558 1222 2809 1274 ἐκπεσὼν
2841 1221 2898 1272 δὲ
2928 1221 3142 1290 ἐκείνης
3163 1261 3178 1285 ,
3206 1222 3270 1274 ὲκ
3293 1219 3504 1273 πολλῶν
3527 1219 3693 1272 ἄλλων
3715 1238 3800 1274 παρ

567 1313 758 1366 oeulos
793 1313 848 1366 iu
881 1313 1074 1375 solem,
1115 1312 1274 1380 cujus
1311 1312 1478 1365 radiis
1508 1321 1864 1375 sustentetur,
1903 1311 2144 1377 deﬁgen-

568 1413 699 1463 tem.
733 1407 818 1459 cui
855 1406 978 1474 quis
1016 1404 1355 1474 praecipiat:
1388 1403 1443 1456 Si
1478 1405 1678 1466 locum,
1717 1403 1770 1456 in
1801 1418 1909 1472 quo
1953 1403 2140 1456 ambu-

2251 1401 2389 1472 ὅπερ
2416 1397 2484 1472 ἦν
2521 1403 2771 1473 ἐλεήμων
2797 1403 2891 1456 καὶ
2922 1403 3245 1472 φιλάδελφος
3268 1403 3364 1454 καὶ
3385 1401 3561 1472 πόσην
3591 1402 3655 1432 ¹⁰⁹
3682 1397 3799 1470 εἶχεν

567 1495 670 1557 las,
703 1496 925 1566 aspicis,
956 1497 1007 1549 iu
1045 1511 1192 1548 mare
1225 1494 1610 1564 submergeris,
1633 1493 1764 1561 quid
1821 1493 1871 1547 ei
1913 1493 2140 1555 accidet,

2253 1493 2524 1565 διάκρισιν
2553 1494 2770 1566 περὶτὰ
2797 1495 3123 1565 πράγματα,
3149 1496 3209 1547 τὸ
3238 1492 3482 1556 κατειδὸς
3514 1494 3796 1562 σιγήσομαι.

569 1593 616 1646 si
649 1593 962 1648 inobedicus
993 1591 1190 1652 fuerit?
1217 1589 1313 1655 Ita,
1347 1591 1439 1659 qui
1464 1591 1516 1642 in
1549 1590 1777 1658 gloriam
1801 1588 1894 1644 Dei
1921 1591 2111 1644 oculos
2148 1591 2396 1654 intendit,
2424 1591 2674 1660 gloriam,
2703 1606 2843 1660 quae
2871 1591 2938 1644 ab
2967 1591 3278 1644 hominibus
3306 1590 3580 1660 provenit,
3601 1587 3799 1657 pedibus

569 1689 766 1743 Calcat.
793 1686 942 1739 llane
968 1694 1145 1740 autem
1183 1688 1228 1738 si
1259 1684 1502 1754 respicit,
1543 1685 1610 1737 ab
1652 1685 1742 1736 illa
1773 1684 1998 1738 decidit.
2031 1689 2073 1738 Α
2103 1702 2207 1754 qua
2239 1687 2285 1740 si
2317 1686 2606 1752 deciderit,
2643 1687 2832 1740 multis
2868 1687 2993 1741 aliis
3026 1687 3312 1742 alfectibus
3357 1685 3612 1754 agitatur.
3638 1684 3798 1737 Cetera

569 1800 788 1854 quoque
837 1783 998 1852 hujus
1048 1784 1257 1844 sancti,
1288 1799 1450 1852 quam
1501 1782 1816 1836 misericors
1864 1780 2032 1836 fuerit
2064 1791 2118 1837 et
2157 1783 2455 1846 fraternus,
2502 1793 2556 1838 et
2585 1792 2846 1852 quantam
2896 1783 3148 1838 habuerit
3177 1782 3560 1836 discretionem
3597 1778 3647 1832 in
3691 1793 3798 1848 ope-

569 1881 746 1942 ribus,
782 1896 926 1933 nunc
967 1879 1183 1949 quidem
1216 1878 1406 1932 silebo.

2251 1309 2358 1362 οῶν
2413 1309 2815 1372 κλυδωνίζεται.
2855 1312 2925 1363 τὰ
2968 1311 3024 1364 δὲ
3073 1311 3237 1364 λοιπὰ
3281 1311 3376 1363 τοῦ
3425 1310 3584 1378 ἁγίου
3615 1310 3797 1373 τούτου,

1838 1986 2102 2040 VARIAE
2142 1985 2548 2041 LECTIONES.

1283 2106 1329 2135 9‘
1352 2105 1484 2158 God.
1513 2104 1675 2167 ῖδεις.
1752 2102 1796 2133 ⁸⁷
1825 2095 1868 2169 ᾧ
1894 2117 2002 2152 om.
2029 2100 2174 2162 eod.,
2207 2099 2388 2152 addidi
2411 2114 2472 2153 ex
2498 2099 2643 2153 coni.

1525 2177 1568 2206 ⁹⁹
1593 2173 1727 2229 Cod.
1753 2184 1827 2226 tl’.
1908 2172 1974 2201 ¹⁰⁰
2007 2169 2139 2224 Cod.
2173 2173 2379 2224 πόσιν.

641 2107 686 2138 ’⁵
709 2105 844 2160 Cod.
875 2106 1208 2175 ὺπόδαῃια.
1283 2106 1329 2135 9“
1352 2105 1484 2158 tlod.
1513 2104 1701 2175 7881c._
1752 2102 1796 2133 ⁸⁷
1825 2096 1868 2169 ᾧ
1894 2100 2174 2175 om.§otl.,
2207 2099 2388 2175 addidi
2411 2114 2472 2153 ex
2498 2099 2643 2153 coni.
2723 2099 2769 2132 ”
2799 2097 2934 2154 Cod.
2958 2097 3310 2161 ποντοῦσαι,
3337 2100 3472 2151 forte
3500 2096 3666 2150 mavis
3681 2110 3796 2151 corr.

572 2177 905 2248 π.;ντωοήσει
946 2180 1026 2231 vel
1059 2175 1424 2245 ποντισοήσει.

602 2398 792 2413 _——.

2067 2536 2232 2605 2'78
2276 2537 2380 2602 Vl.

769 2708 1163 2769 SPECIMEN
1219 2707 1998 2769 INTEBPRETATIONIS
2046 2704 2575 2767 GERMANICAE
2617 2704 3028 2778 ANTIQUAE
3085 2704 3636 2767 HISTORIARUM

1435 2874 1516 2922 DE
1543 2871 1802 2922 SANCTIS
1827 2869 2126 2920 MACABIIS
2151 2869 2468 2920 AEGYPTIO
2495 2869 2576 2918 ΕΤ
2602 2869 3054 2920 ALEXANDRINO

1270 2988 1316 3041 Ε
1371 2990 1546 3041 codice
1593 2987 1928 3042 bibliothecae
1964 2984 2295 3039 Jesuitarum
2353 2985 2680 3040 Coloniensis
2735 2984 3114 3054 depromptum.

571 3251 684 3303 Cod.
715 3267 801 3300 ms.
833 3253 956 3300 Bibl.
980 3253 1276 3301 .lesuitarum
1300 3252 1449 3301 Colon
1492 3252 1701 3300 chartae.
1725 3265 1854 3300 saec.
1882 3265 1959 3298 xw
1981 3253 2058 3300 vel
2082 3267 2142 3302 xv
2163 3253 2282 3303 satis
2307 3253 2436 3302 bene
2460 3258 2690 3301 exaratus
2709 3245 2814 3299 ln-i

573 3477 663 3529 Est.
693 3478 847 3525 codex
875 3479 1207 3538 ms.l'olinrum
1227 3477 1335 3526 500.
1371 3477 1420 3524 In
1449 3478 1587 3524 cuius
1609 3479 1843 3538 operculo
1896 3479 2078 3536 legitur
2099 3476 2354 3538 inscriptio
2381 3492 2392 3524 :
2424 3473 2546 3524 Bibl.
2573 3475 2635 3538 de
2662 3471 2901 3538 Ci'oisiers
2929 3486 2946 3531 ;
2971 3486 3124 3532 quare
3149 3474 3206 3520 ad
3245 3473 3596 3538 bibliothecam
3638 3470 3804 3538 fratrum

635 3543 794 3586 crucis
817 3537 1179 3587 (Iolouiensium
1205 3540 1317 3585 ollm
1345 3530 1655 3600 pertinuisse
1684 3541 1891 3587 videtur.
1919 3530 2087 3587 liisuut
2123 3545 2166 3586 ei
2194 3530 2553 3600 pulcherrimae
2595 3530 3002 3600 de__llarlaamrel
3048 3537 3280 3600 .losapbat
3319 3537 3602 3596 sanctisque
3635 3530 3805 3600 senibus

635 3602 884 3652 historiae.
910 3603 1190 3660 germanico
1212 3594 1418 3663 quidem
1447 3599 1675 3647 idiomate
1718 3603 2017 3658 elaboratae,
2048 3604 2094 3650 iu
2118 3594 2276 3662 iisque
2313 3603 2554 3663 plurimae
2575 3600 2638 3646 dc
2668 3597 2887 3646 Macariis
2935 3610 2995 3646 ex
3019 3594 3194 3645 auibus
3224 3607 3434 3647 ouatuor
3461 3594 3648 3646 tantum
3672 3597 3738 3644 hic
3756 3594 3802 3640 ad

634 3665 815 3712 codicis
838 3664 982 3711 tidem
1006 3663 1369 3712 accuratissime
1391 3661 1661 3722 descriptas
1683 3666 2015 3725 proponimus.

1339 3920 1388 3974 1.

1172 4027 1270 4066 mn
1287 4003 1550 4066 'zmeutzu.

643 4105 849 4160 Darna
915 4104 1141 4158 sachten
1197 4121 1257 4173 sy
1305 4120 1406 4158 ous
1441 4104 1583 4157 ouch
1627 4120 1729 4174 eyn
1787 4107 1995 4161 selssen
2047 4109 2151 4162 zei-

575 4200 738 4253 ehcn.
785 4199 829 4251 lt
861 4212 977 4251 was
1009 4213 1113 4266 cyn
1147 4197 1275 4265 rych
1309 4210 1433 4248 man
1464 4197 1530 4249 de
1569 4197 1744 4252 hadde
1776 4215 1912 4269 eync
1943 4202 2152 4255 schone

575 4290 824 4343 dochter.
854 4288 975 4342 Vnd
1006 4287 1136 4342 omb
1168 4286 1234 4340 de
1263 4302 1326 4341 so
1352 4287 1512 4340 warﬂ‘
1535 4304 1636 4358 eyu
1674 4291 2022 4359 yungelinck.
2055 4291 2151 4344 lud

578 4385 649 4434 do
675 4397 736 4450 sy
755 4394 873 4434 eme
906 4395 1037 4449 syns
1064 4379 1230 4432 bosen
1261 4378 1442 4431 willen
1474 4379 1587 4432 neit
1617 4380 1670 4432 in
1693 4380 1907 4435 wolden
1932 4382 2145 4450 volgen.

580 4472 659 4524 Do
692 4469 921 4524 maehde
953 4471 1053 4538 ltey
1084 4470 1176 4522 dat
1208 4477 1322 4539 myt
1354 4487 1690 4541 zouueryen.
1750 4472 1853 4526 Dat
1891 4489 1953 4544 sy
1982 4475 2029 4526 ir
2060 4491 2154 4526 va-

580 4559 678 4611 der
705 4557 797 4610 iud
827 4557 876 4609 ir
905 4557 1112 4610 moder.
1145 4557 1237 4610 ind
1270 4559 1358 4627 vyl
1390 4559 1620 4614 anderre
1655 4562 1778 4615 lude
1810 4571 1936 4633 neyt
1955 4564 2153 4620 anders

581 4649 636 4701 in
673 4664 872 4717 saegen
916 4649 1022 4701 dan
1069 4665 1168 4700 vur
1199 4665 1304 4719 eyn
1347 4653 1475 4721 wylt
1523 4661 1660 4720 pert.
1697 4653 1812 4706 End
1852 4656 1920 4708 da
1960 4671 2062 4708 van
2108 4658 2154 4709 ir

581 4740 751 4794 vader
797 4737 888 4792 ind
928 4742 974 4792 ir
1002 4740 1188 4793 moder
1220 4741 1309 4794 ind
1343 4743 1390 4794 ir
1417 4744 1588 4796 ander
1648 4753 1810 4798 vruut
1864 4761 2047 4801 wareu
2098 4748 2153 4800 iu

583 4834 850 4901 groissem
879 4832 1060 4902 lyden.
1091 4831 1185 4886 lud
1223 4835 1432 4888 voirten
1488 4850 1548 4904 sy
1593 4847 1878 4905 gezoumet
1923 4838 2013 4892 ind
2062 4855 2154 4905 ge-

584 4925 800 4979 lmmlcn
852 4942 955 4977 vur
984 4926 1088 4978 den
1129 4926 1378 4995 heyligcn
1428 4929 1597 4981 vader
1633 4939 1792 4983 sante
1846 4932 2152 4985 machario.

582 5012 680 5067 lad
711 5014 920 5083 vcyllen
956 5029 1057 5068 vur
1088 5030 1222 5085 sync
1255 5032 1450 5085 voysse
1475 5025 1587 5086 tuyt
1618 5020 1884 5084 groissem
1925 5035 2152 5091 weynen

584 5107 677 5159 iud
726 5107 994 5176 spraclten
1042 5125 1105 5162 ΖΟ
1147 5124 1283 5162 eme.
1340 5109 1507 5164 Ouwe
1547 5110 1757 5181 heylige
1808 5113 1977 5167 vader
2021 5115 2155 5170 dese

585 5209 765 5269 maget
795 5201 860 5254 de
894 5201 967 5254 du
1009 5202 1127 5256 heir
1159 5218 1291 5269 suys
1327 5202 1420 5255 dat
1454 5218 1566 5257 was
1599 5219 1732 5258 onse
1761 5204 2006 5260 dochter.
2060 5206 2153 5261 lnd

2185 3927 2225 3984 Il
2257 3920 2550 3992 279ucit
2576 3917 2885 3989 deirlyches
2902 3932 2972 3970 an
2997 3916 3063 3970 ir.
3101 3915 3208 3969 dan
3237 3931 3369 3986 eyns
3402 3916 3699 3985 mynschen
3726 3929 3803 3968 na-

2254 4024 2393 4068 ture.
2442 4015 2582 4066 ouch
2615 4013 2666 4064 in
2709 4013 2754 4065 is
2785 4027 2852 4064 an
2885 4011 3020 4063 irme
3055 4010 3177 4079 lyue
3210 4009 3321 4062 neit
3354 4007 3668 4061 deirliebes.
3711 4005 3800 4059 Ner

2257 4108 2297 4160 it
2327 4106 2374 4160 is
2415 4106 2467 4158 in
2503 4106 2598 4160 der
2635 4104 2758 4156 lude
2782 4117 2956 4171 ougcn
2981 4101 3048 4155 de
3079 4117 3140 4170 sy
3172 4116 3240 4152 an
3287 4099 3405 4154 sien
3435 4098 3543 4153 den
3593 4097 3804 4157 duncket

2252 4197 2340 4250 dat
2373 4198 2418 4251 is
2442 4212 2545 4250 van
2578 4195 2675 4249 des
2703 4195 2900 4248 duuels
2930 4192 3161 4246 wercke.
3197 4189 3315 4244 Vnd
3343 4190 3413 4244 do
3451 4190 3554 4260 hey
3569 4190 3661 4244 dat
3689 4189 3800 4242 had-

2253 4289 2319 4344 de
2346 4288 2704 4358 grspruchen.
2739 4289 2806 4339 da
2832 4287 3006 4339 voirte
3030 4287 3128 4356 bcy
3169 4299 3232 4356 sy
3264 4284 3318 4337 in
3349 4299 3481 4353 syne
3526 4284 3680 4337 celle.
3725 4280 3801 4334 hul

2254 4396 2323 4435 na
2356 4381 2439 4450 vyl
2469 4379 2700 4448 gebedes
2729 4376 2823 4431 dat
2853 4377 2957 4448 hey
2981 4391 3118 4431 oucr
3141 4392 3203 4446 sy
3237 4375 3392 4429 dede.
3425 4373 3506 4427 Do
3531 4373 3702 4427 sall‘de
3725 4374 3805 4440 liey

2256 4490 2315 4543 sy
2351 4473 2605 4543 mytolye
2635 4471 2687 4524 in
2731 4473 2885 4524 deme
2921 4483 3114 4522 namen
3159 4483 3294 4520 ones
3333 4467 3501 4520 heren
3537 4465 3657 4520 lhs
3695 4464 3804 4533 Xiis

2257 4563 2422 4616 Waut
2455 4578 2516 4633 sy
2546 4579 2646 4614 van
2677 4560 2940 4628 groissem
2973 4559 3211 4630 arbeyde
3243 4559 3349 4611 alle
3379 4573 3443 4628 yr
3477 4557 3660 4612 krael’t
3691 4555 3803 4610 had-

2255 4655 2322 4710 de
2353 4655 2626 4708 verloren.
2657 4651 2734 4704 Do
2763 4650 2872 4721 gat!
2911 4653 3014 4721 hey
3059 4652 3105 4704 ir
3137 4665 3202 4703 ΖΟ
3234 4666 3392 4704 essen
3432 4649 3525 4702 ind
3561 4649 3728 4702 voirte
3757 4662 3804 4716 sy

2257 4748 2356 4801 her
2385 4763 2445 4801 vs
2465 4762 2528 4799 zo
2552 4761 2682 4799 eren
2717 4744 2989 4798 vrundeu.
3013 4741 3090 4796 Do
3118 4758 3284 4812 sagen
3315 4760 3374 4813 sy
3391 4757 3449 4811 sy
3474 4758 3542 4794 an
3573 4758 3673 4794 vur
3695 4755 3807 4810 eyue

2258 4837 2598 4892 iunlfrouwe.
2637 4836 2730 4890 Als
2766 4851 2826 4906 sy
2858 4837 2911 4888 in
2946 4835 3042 4888 der
3073 4833 3326 4886 wairheit
3361 4848 3496 4887 was.
3545 4831 3660 4885 End
3682 4832 3744 4884 do
3772 4829 3805 4879 ir

2257 4931 2424 4983 vadcr
2454 4930 2543 4983 ind
2568 4929 2649 4983 eir
2672 4936 2836 4980 vruut
2871 4925 3199 4995 groislichen
3231 4923 3520 4978 danckden
3552 4922 3807 4976 machario

2259 5025 2412 5076 deme
2449 5022 2697 5091 heyligcn
2743 5021 2910 5074 vader
2958 5019 3060 5072 end
3103 5025 3192 5086 got
3235 5016 3487 5070 loueden.
3528 5015 3608 5069 Do
3635 5013 3804 5083 spracli

2260 5113 2347 5166 hei
2379 5129 2441 5166 zu
2475 5114 2571 5165 der
2611 5110 3010 5181 yunlfrouwen.
3055 5106 3158 5161 Des
3192 5107 3389 5160 duuels
3424 5107 3622 5175 gewalt
3653 5109 3718 5162 ist
3755 5102 3807 5154 da

2262 5220 2363 5256 van
2397 5218 2465 5256 an
2497 5202 2582 5254 dir
2614 5201 2884 5271 schyubcr
2909 5198 3219 5268 geworden.
3249 5197 3414 5250 Waut
3445 5195 3517 5249 du
3535 5197 3656 5249 hais
3683 5188 3813 5246 vuull

585 5291 718 5346 bose
750 5293 874 5346 lude
905 5305 1027 5363 synt
1053 5311 1116 5348 zo
1145 5309 1383 5363 geuaren
1410 5296 1499 5350 ind
1533 5297 1699 5366 haynt
1735 5314 1795 5367 sy
1827 5299 1926 5351 mit
1953 5315 2157 5353 zouue-
2184 5277 2226 5333 (ἶ
2263 5297 2484 5349 wet-ben
2515 5311 2616 5364 ayn
2649 5295 2752 5347 den
2778 5293 3026 5362 heyligen
3054 5292 3252 5346 licham
3289 5300 3416 5359 gotz
3446 5290 3693 5360 geweist.
3713 5285 3808 5340 Eud

586 5401 722 5456 ryen
752 5389 1104 5442 verwandelt.
1134 5388 1236 5442 Dat
1277 5405 1336 5460 sy
1371 5389 1416 5444 is
1458 5391 1746 5458 geworden
1789 5392 1869 5446 als
1909 5389 1980 5443 du
2029 5392 2157 5446 wail

592 5489 732 5532 sust.
763 5477 884 5532 Wir
909 5480 1124 5550 bydden
1150 5481 1275 5534 tlich
1308 5481 1484 5535 durch
1505 5481 1610 5536 den
1641 5483 1910 5550 schepper
1946 5483 2157 5538 llemel-

589 5568 740 5623 richs
766 5569 857 5624 ind
892 5572 1127 5626 ertrichs
1161 5571 1250 5625 ind
1278 5575 1344 5627 (le
1376 5573 1480 5627 alle
1521 5583 1812 5626 creaturen
1844 5574 2154 5640 geschaﬂ‘en

591 5657 726 5713 hait.
762 5659 860 5713 Dat
893 5661 964 5714 du
998 5663 1100 5731 god
1134 5663 1339 5733 byddcs
1373 5663 1466 5716 dat
1511 5678 1568 5733 sy
1604 5663 1784 5716 weder
1820 5663 2022 5717 werde.
2058 5664 2154 5717 Als

591 5748 677 5803 hei
711 5766 914 5821 sy-vau
945 5754 1150 5808 eirsten
1189 5754 1305 5807 hait
1347 5755 1679 5822 geschaﬂ'en.
1723 5754 1797 5808 De
1832 5755 2023 5809 laclule
2057 5756 2156 5810 der

594 5839 805 5914 heylige
839 5846 1002 5898 vadcr
1029 5861 1124 5915 gar
1157 5846 1449 5916 goitliclien
1489 5846 1581 5900 ind
1608 5843 1917 5915 spraclthh
1951 5845 2003 5898 iu
2041 5845 2154 5899 sicn

2264 5390 2382 5443 also
2406 5389 2617 5441 voirten
2671 5400 2731 5455 sy
2773 5385 2840 5440 de
2873 5385 3100 5440 docbter
3136 5384 3232 5438 mit
3254 5381 3500 5437 vrouden
3545 5380 3723 5436 weder
3756 5393 3809 5432 ιο

2261 5481 2472 5552 heyme.
3297 5547 3308 5576 ι

3017 5571 3072 5622 2.

2335 5663 2442 5716 Dar
2470 5678 2536 5716 na
2569 5663 2799 5731 begerde
2829 5661 2925 5715 der
2949 5662 3161 5732 beylige
3183 5659 3348 5713 vader
3377 5659 3466 5714 dat
3503 5659 3607 5729 hey
3636 5669 3807 5726 queme

2265 5757 2318 5811 in
2350 5757 2450 5809 den
2476 5755 2813 5826 bongard'cn.
2853 5752 3049 5806 Janme
3097 5752 3190 5806 ind
3242 5753 3457 5805 manbe.
3505 5751 3606 5804 Dat
3639 5751 3805 5802 'waren

2266 5851 2354 5905 dic
2389 5865 2568 5904 zwcuc
2597 5864 2873 5904 zouucner
2907 5847 2973 5904 de
3019 5848 3084 5917 by
3131 5845 3382 5918 konynck
3420 5845 3662 5916 pharone
3704 5853 3808 5923 παῖ
