3950 6570
163 326 241 381 ςιιι
1622 312 1827 369 ACTA.

3238 313 3346 368 222

1561 617 1725 688 285
1762 618 1898 680 VII.

506 782 843 845 MACARII
876 783 1280 847 CUIUSDAM
1312 783 1647 845 ABBATIS
1698 782 2067 845 VlSlONES
2102 782 2210 843 DE
2247 783 2570 846 SANCTIS
2617 782 2957 844 ANGELIS

1129 947 1177 1002 E
1216 948 1395 1003 codice
1450 948 1841 1003 Vindobonenu'
1875 949 2102 1016 primum
2141 946 2332 1002 editae.

1708 1130 1777 1144 ὀ

148 1271 244 1325 Cod.
266 1280 350 1317 ms.
375 1263 524 1314 theol.
552 1274 715 1325 graec.
737 1262 824 1323 CC,
859 1262 976 1311 olim
999 1258 1310 1322 CLXXXVII,
1336 1258 1465 1311 Bibl.
1500 1259 1639 1311 Caes.
1664 1255 1936 1307 Vindobon.
1960 1257 2249 1307 chartaceus
2266 1256 2411 1306 indi".

146 1465 343 1521 Codirem
391 1459 709 1521 negligenter
732 1462 1017 1521 exaratum,
1044 1456 1092 1505 in
1138 1469 1241 1521 quo
1265 1457 1304 1505 εἰ
1330 1469 1417 1517 pro
1442 1474 1456 1504 ι
1478 1456 1555 1505 vel
1577 1474 1606 1504 υ
1627 1457 1910 1519 saepissime
1922 1456 2390 1521 scriptuminvenis,
2412 1455 2671 1521 descripsit
2698 1454 2983 1521 Lambecius
3000 1456 3057 1506 T.
3088 1456 3149 1506 IV
3170 1471 3217 1520 p.
3245 1456 3355 1516 ΗΞ,

195 1495 255 1577 ἓξ
270 1495 1092 1582 R'Essgf’m};9347135213515"
1106 1495 1317 1569 νῖἐῖοὶὲε
1333 1495 1535 1568 Eridani
1545 1495 1743 1567 ’ρῦιῖῖέίὲ
1750 1495 1910 1582 ’ῥὲξῖ
1922 1495 2111 1580 ξῆξῖἧ
2120 1495 2423 1577 {forabilis
2463 1495 3235 1579 ἄεερῗίρὶᾱὲζ’ἓῖἷῑῐέἑέτιᾉὶηυῖἱι
3254 1495 3358 1569 ΚΕΖ

196 1586 337 1652 gyptii
363 1585 439 1633 vel
461 1582 787 1633 Alexandrini
810 1596 908 1630 non
930 1595 1042 1631 esse
1066 1583 1322 1642 videntur,
1348 1582 1561 1631 adiicere
1582 1582 1857 1630 statuimus.

226 1831 481 1899 Διήγημα
528 1830 777 1896 φρικτὸν
816 1829 915 1885 καὶ
963 1829 1196 1893 ξενίζον
1232 1830 1338 1883 τὸν
1365 1834 1381 1862 ¹
1411 1833 1580 1886 γοῦν.

197 1924 347 1979 Εἶπεν
368 1925 395 1975 ό
422 1920 600 1983 ἁϐϐᾶς
620 1921 921 1993 Μακάριος,
946 1924 1026 1975 ὅτι
1055 1922 1299 1987 ἐλθόντος
1326 1942 1425 1994 μου
1457 1926 1513 1977 ἐν
1539 1927 1692 1978 Κων-

141 2016 429 2073 σταντίνου²
464 2012 620 2065 πόλει
640 2051 654 2076 ,
692 2012 989 2083 ἐπιθυμοῦν
1015 2013 1036 2044 ³
1074 2015 1182 2085 γάρ
1221 2033 1310 2086 μοι
1338 2012 1404 2087 ἦν
1444 2017 1535 2070 τοῦ
1566 2017 1691 2070 θεά-

141 2108 308 2162 σασθαι
337 2104 511 2175 αὐτήν
532 2144 548 2168 ,
575 2105 669 2157 καὶ
699 2104 1015 2175 περιπατῶν
1036 2106 1057 2136 ⁸
1088 2105 1145 2159 ἐν
1184 2125 1288 2159 τινι
1320 2108 1562 2179 ἐμϐόλῳ,
1593 2109 1693 2178 τῆς

134 2199 371 2273 ἀληθείας
412 2195 804 2268 μαρτυρούσης
852 2213 941 2266 μοι
981 2197 1263 2273 είςῂταῦτα
1290 2200 1358 2253 τὰ
1391 2200 1693 2271 λαλούμενα

136 2267 249 2362 παρ’
278 2287 410 2361 ἐμοῦ
427 2328 442 2353 ,
480 2267 666 2357 βλέπω
692 2290 805 2349 τοῖς
836 2290 1042 2358 νοεροῖς
1069 2267 1361 2359 όφθαλμοῖς
1391 2294 1502 2354 τοῖς
1530 2267 1690 2345 δεδω-

134 2383 369 2456 ρημένοις
398 2397 489 2450 μοι
526 2378 679 2449 παρά
701 2378 905 2449 Κυρίου
932 2378 1065 2449 πρὸς
1102 2379 1163 2432 τὸ
1189 2383 1327 2433 νοεῖν
1369 2398 1434 2451 με
1466 2383 1533 2435 τὰ
1561 2382 1689 2435 θαυ-

135 2477 287 2546 μάσια
316 2470 507 2532 αὐτοῦ,
538 2469 823 2539 ἄνθρωπόν
848 2485 968 2521 τινα
996 2469 1183 2540 ὥσπερ
1220 2471 1472 2539 εὐνοῦχον
1496 2470 1691 2536 ἔξωθεν

132 2568 211 2621 τοῦ
237 2561 587 2633 καταγωγίου
605 2562 626 2593 ⁵
649 2560 742 2614 τοῦ
773 2559 1031 2631 πορνικοῦ
1052 2560 1280 2625 ἑστῶτα,
1304 2562 1442 2614 πάνυ
1475 2564 1691 2633 κατηφῆ

130 2659 423 2730 κρύπτοντα
452 2656 474 2686 ⁸
498 2654 568 2707 τὸ
600 2653 890 2724 πρόσωπον
916 2650 1079 2704 αὐτοῦ
1112 2654 1227 2715 ταῖς
1265 2652 1384 2705 δυσ)⁵
1414 2652 1694 2723 παλάμαις

129 2751 297 2813 αὐτοῦ,
331 2750 429 2803 καὶ
466 2746 691 2817 ἐθρήνει
729 2743 807 2814 τῷ
848 2744 1108 2813 σχήματι,
1144 2743 1282 2797 ὥστε
1322 2746 1579 2814 νομίζειν,
1613 2746 1693 2798 ὅτι

126 2847 209 2897 καὶ
252 2846 280 2896 ὁ
323 2841 566 2913 οὐρανὸς
608 2837 1000 2907 συνεθρήνησεν
1029 2836 1047 2865 ⁷
1098 2836 1274 2906 αὐτῷ·
1328 2837 1696 2907 προσεγγίσας

126 2934 176 2986 δὲ
206 2933 343 3001 λέγω
374 2932 520 3003 πρὸς
574 2930 768 2985 αὐτόν⁹
797 2926 851 2979 τί
893 2928 1039 2979 ἐστιν
1074 2929 1102 2978 ὁ
1134 2927 1331 2997 τρόπος
1372 2928 1463 2980 τοῦ
1499 2928 1695 2998 θρήνου

126 3043 209 3078 σου
238 3025 330 3078 καὶ
358 3025 393 3093 ἡ
424 3021 682 3091 κατηφία
703 3022 744 3086 ⁸,
780 3019 875 3073 καὶ
898 3019 998 3071 οὐκ
1028 3020 1329 3090 ἀναχωρεῖς
1357 3020 1461 3072 τῶν
1488 3019 1692 3083 ἐνθάδε,

124 3115 196 3167 ὅτι
240 3112 461 3183 πορνῶν
519 3112 622 3164 καὶ
679 3108 926 3177 ἀσελγῶν
978 3107 1319 3177 καταγώγιον
1349 3110 1368 3141 ⁹
1424 3109 1696 3176 γυναικῶν

1712 1714 1783 1725 ——

1884 1829 2146 1883 Narratio
2176 1828 2440 1883 horrenda
2473 1838 2522 1882 et
2555 1828 2973 1899 obstupefaciens
3010 1832 3265 1884 animum.

1863 1922 2013 1977 Dixit
2041 1922 2210 1976 abbas
2245 1921 2517 1975 Macarius
2546 1939 2559 1975 :
2594 1921 2769 1986 Quum
2806 1923 3073 1977 venissem
3096 1924 3362 1979 Constan-

1792 2014 2102 2083 tinopolim,
2129 2013 2458 2068 desiderium
2500 2014 2643 2067 enim
2689 2029 2774 2067 me
2814 2014 3110 2068 incesserat
3152 2017 3361 2071 visendi

1789 2123 1932 2169 eam,
1958 2116 2012 2161 et
2038 2107 2374 2160 ambularem
2392 2105 2444 2157 iu
2467 2105 2701 2175 quodam
2729 2107 2969 2176 porticu,
2990 2109 3215 2162 veritate
3232 2125 3364 2162 con-

1792 2206 2029 2253 testante
2069 2198 2198 2250 mihi
2251 2195 2317 2249 ad
2352 2196 2485 2251 haec
2515 2212 2655 2265 quae
2700 2205 2998 2250 narrantur
3033 2214 3062 2251 a
3090 2216 3198 2262 me,
3227 2216 3362 2254 cou-

1792 2291 1964 2360 spicio
1989 2288 2189 2343 mentis
2212 2288 2408 2352 oculis,
2438 2287 2580 2342 datis
2611 2289 2743 2343 mihi
2773 2305 2803 2342 a
2837 2289 3067 2344 Domino
3098 2291 3163 2345 ad
3205 2294 3368 2347 intel-

1792 2369 2004 2451 ligenda
2027 2380 2300 2433 mirabilia
2322 2380 2462 2444 eius,
2493 2381 2765 2434 hominem
2795 2383 3068 2451 quendam
3104 2392 3366 2453 tanquam

1793 2473 2111 2528 eunuchum
2149 2480 2307 2526 extra
2339 2473 2700 2527 diversorium
2729 2474 3077 2527 meretricum
3110 2483 3365 2541 stantem,

1792 2564 1951 2616 valde
1979 2562 2390 2626 contristaturn,
2437 2562 2785 2631 obtegentem
2827 2563 3020 2617 faciem
3062 2578 3215 2618 suam
3250 2580 3369 2619 am-

1794 2654 1968 2709 babus
1998 2653 2195 2723 palmis
2228 2655 2367 2716 suis,
2404 2653 2458 2706 in
2498 2654 2733 2721 speciem
2766 2654 3054 2722 gementis,
3086 2663 3145 2707 ut
3179 2655 3371 2710 crede—

1794 2761 1884 2801 res
1931 2757 1987 2801 et
2030 2746 2243 2800 coelum
2296 2746 2704 2816 congemiscere
2751 2760 2874 2799 cum
2928 2759 3012 2799 eo.
3066 2746 3373 2815 Appropin-

1794 2851 1969 2906 quans
2000 2846 2199 2891 autem,
2219 2836 2344 2890 dico
2382 2837 2450 2891 ad
2488 2853 2611 2892 eum
2639 2854 2651 2889 :
2686 2836 2964 2902 Quaenam
2995 2846 3079 2893 est
3112 2839 3250 2891 ratio
3280 2853 3374 2909 ge—

1794 2929 1960 2982 mitus
1984 2930 2063 2981 tui
2094 2938 2147 2983 et
2176 2944 2318 2999 quae
2343 2928 2727 2983 contristatio?
2764 2943 2863 2981 cur
2898 2944 3006 2982 non
3042 2930 3250 2983 recedis
3277 2930 3371 2985 de-

1796 3020 1946 3082 hinc,
1980 3019 2127 3089 quod
2165 3021 2516 3075 meretricum
2548 3030 2606 3075 et
2642 3021 2968 3074 lascivarum
3010 3019 3372 3074 diversorium

1796 3113 2086 3169 mulierum
2127 3114 2245 3168 est?
2276 3113 2373 3167 Dic
2403 3112 2559 3176 mihi,
2600 3112 2852 3167 obsecro.
2891 3111 3064 3166 Ilabet
3093 3114 3235 3166 enim
3268 3113 3374 3165 mi-

122 3182 375 3275 ὑπάρχει;
410 3202 544 3255 εἰπέ
576 3217 693 3269 μοι,
720 3199 1040 3271 παρακαλῶ·
1073 3198 1185 3269 ἔχει
1216 3198 1323 3270 γὰρ
1356 3200 1694 3269 συμπάθειαν

1803 3205 2155 3259 sericordiam
2202 3206 2425 3257 multam
2474 3203 2707 3273 gemitus
2736 3211 2883 3258 tuus.
2931 3206 3002 3256 At
3039 3202 3375 3272 respondens

122 3296 306 3366 πολλὴν
344 3298 375 3348 ὁ
403 3293 618 3365 θρῆνός
647 3309 760 3345 σου.
798 3291 891 3345 καὶ⁸
928 3290 1241 3362 ἀποκριθεὶς
1272 3290 1417 3359 λέγει
1451 3308 1539 3360 μοι
1559 3308 1572 3321 ·
1600 3290 1699 3359 φύ-

118 3407 212 3451 σει,
246 3388 428 3453 ἐνδοξε
468 3385 632 3439 δοῦλε
656 3383 751 3438 τοῦ
785 3383 940 3446 Θεοῦ,
987 3382 1214 3450 ἄγγελός
1260 3384 1405 3452 είμι,
1441 3382 1629 3453 ὥσπερ
1654 3382 1698 3413 ¹⁰

118 3481 304 3542 πάντες
341 3479 393 3533 οἱ
436 3476 770 3550 Χριστιανοὶ
810 3478 866 3527 ἐν
905 3478 972 3545 τῇ
1022 3474 1141 3546 ὥρᾳ
1189 3474 1283 3527 τοῦ
1331 3474 1699 3544 βαπτίσματος

113 3568 333 3631 ἕκαστος
362 3566 651 3638 λαμϐάνει
682 3564 910 3633 ἄγγελον
940 3564 1091 3633 παρὰ
1122 3563 1216 3617 τοῦ
1243 3563 1377 3616 Θεοῦ
1399 3606 1411 3626 ,
1433 3564 1567 3635 πρὸς
1599 3581 1699 3632 φυ-

112 3661 277 3731 λακὴν
298 3662 398 3715 καὶ
420 3661 650 3729 σκέπην
674 3658 766 3712 τοῦ
791 3658 941 3721 ὄντος
962 3651 1061 3711 ὦδε
1081 3657 1388 3728 ἀνθρώπου,
1415 3657 1508 3711 καὶ
1534 3658 1702 3711 πολλὰ

112 3751 356 3822 θλίϐομαι
392 3750 553 3823 ὁρῶν
584 3748 743 3801 αὐτὸν
770 3741 859 3800 ὧδ’
898 3747 1264 3818 ἐργαζόμενον
1289 3751 1408 3811 ταῖς
1453 3748 1704 3818 ἀνομίαις

112 3845 200 3897 καὶ
247 3844 565 3905 ἀσωτείαις
600 3842 664 3904 ",
704 3841 779 3904 ὡς
816 3839 910 3893 καὶ
946 3838 1042 3892 νῦν
1088 3841 1145 3892 ἐν
1187 3838 1263 3910 τῷ
1306 3840 1632 3909 καταγωγίῳ
1661 3842 1703 3873 ¹²

107 3933 272 4005 τούτῳ
301 3935 583 4003 κείμενον
610 3931 653 3963 ¹⁸
686 3932 764 3993 εἰς
800 3932 1059 4002 ἀνομίαν,
1090 3930 1165 3994 ὡς
1192 3930 1345 3999 ὁρᾷς,
1381 3930 1515 3999 μετά
1543 3928 1704 3997 τῆσδε

107 4021 198 4088 τῆς
228 4021 445 4090 πόρνης
470 4036 485 4049 ·
523 4019 626 4072 καὶ
661 4016 778 4081 πῶς
823 4020 898 4089 μὴ
944 4017 1200 4089 θρηνήσω
1248 4017 1347 4087 τὴν
1390 4018 1575 4072 εἰκόνα
1611 4017 1704 4071 τοῦ

107 4110 236 4165 θεοῦ
299 4114 388 4175 είς
451 4108 708 4165 τοιοῦτον
763 4110 952 4172 σκότος
1026 4108 1489 4172 κατασταθεῖσαν;
1564 4108 1707 4176 λέγω

107 4204 287 4279 [πρὸς]
319 4206 365 4238 ⁸⁸
392 4207 581 4260 αὐτὸν
626 4204 736 4273 ἐγώ
758 4222 770 4234 ·
805 4204 898 4257 καὶ
929 4203 1017 4257 διὰ
1064 4203 1116 4255 τί
1154 4204 1213 4255 οὐ
1256 4203 1522 4265 νουθετεῖς
1548 4202 1707 4255 αὐτὸν

104 4297 191 4352 τοῦ
223 4302 425 4368 φυγεῖν
461 4298 569 4352 τὸν
603 4297 765 4367 ζόφον
789 4300 887 4366 τῆς
921 4295 1192 4366 ἁμαρτίας
1223 4294 1456 4364 ταύτης;
1492 4296 1585 4347 καὶ
1622 4295 1709 4347 λέ-

102 4407 185 4457 γει
221 4411 311 4464 μοι
342 4394 374 4446 ὁ
424 4390 710 4462 ἄγγελος·
754 4388 940 4460 ἐπειδὴ
977 4389 1076 4441 οὐκ
1117 4387 1224 4457 ἔχω
1263 4385 1443 4458 χώραν
1495 4386 1708 4453 ἐγγίσαι

102 4483 233 4553 πρὸς
254 4483 455 4539 αὐτόν.
497 4480 606 4551 ἀφ’
634 4472 696 4534 οὗ
725 4479 832 4549 γὰρ
861 4478 1062 4550 ἤρξατο
1096 4480 1266 4531 ποιεῖν
1290 4478 1388 4546 τὴν
1415 4476 1706 4547 ἁμαρτίαν,

101 4576 278 4640 δοῦλός
308 4578 439 4629 ἐστι
472 4573 784 4644 δαιμόνων,
818 4572 914 4624 καὶ
939 4570 1191 4641 οὐδεμίαν
1225 4567 1470 4633 ἐξουσίαν
1497 4569 1603 4638 ἔχω
1631 4570 1709 4633 εἰς

102 4668 275 4721 αὐτόν.
308 4665 440 4739 [καὶ
467 4664 598 4733 ἐγὼ
624 4664 765 4731 λέγω
797 4661 932 4730 πρὸς
960 4660 1121 4714 αὐτόν
1214 4659 1378 4712 πόθεν
1413 4659 1587 4729 δῆλον,
1629 4658 1709 4710 ὅτι

99 4758 355 4827 οὐδεμίαν
382 4755 664 4821 ἐξουσίαν
683 4753 847 4824 [ἔχεις
867 4751 934 4823 ‘5]
958 4754 1015 4804 ἐν
1039 4749 1206 4820 αὐτῷ,
1236 4749 1329 4802 τοῦ
1352 4749 1486 4802 Θεοῦ
1509 4766 1589 4801 σοι
1612 4749 1679 4801 αὐ
1694 4777 1711 4788 ο

99 4850 186 4901 τὸν
215 4847 753 4921 ἐμπιστεύσαντοςς
787 4845 881 4898 καὶ
904 4844 1051 4911 λέγει
1082 4860 1170 4913 μοι
1193 4842 1353 4896 πάλιν
1386 4844 1414 4895 ό
1444 4842 1671 4911 ἄγγελος
1689 4861 1704 4874 ο

96 4943 121 4992 ὁ
141 4942 272 5004 Θεὸς
300 4939 482 5011 ἡμῶν
516 4936 734 5004 ἀγαθὸς
750 4934 825 4988 ὣν
850 4937 943 4988 καὶ
967 4933 1341 5005 φιλάνθρωπος
1366 4933 1707 4999 αὐτεξούσιον

96 5031 321 5101 ἐποίησε
354 5031 458 5084 τὸν
497 5028 819 5099 ἄνθρωπον,
842 5028 936 5081 καὶ
979 5027 1135 5081 ἔασεν
1163 5026 1324 5080 αὐτὸν
1356 5028 1420 5097 τῇ
1451 5026 1709 5097 ἀρεσκείᾳ

95 5125 437 5195 πορεύεσθαι
471 5121 635 5185 ὰδόν,
663 5118 840 5185 δείξας
865 5118 1013 5189 αὐτῷ
1035 5119 1132 5181 τὰς
1158 5116 1249 5170 δύο
1270 5116 1440 5179 ὁδοὺς,
1470 5116 1566 5186 τὴν
1594 5133 1711 5168 στε-

96 5215 186 5285 νὴν
213 5216 312 5268 καὶ
338 5216 454 5284 τὴν
488 5211 789 5276 πλατεῖαν,
819 5208 1054 5279 εἰρηκὼς
1087 5207 1234 5279 αὐτῷ
1261 5207 1583 5278 ἀμφοτέρων
1612 5208 1708 5278 τὴν

1800 3294 1937 3346 dixit
1964 3294 2094 3347 mihi
2124 3311 2137 3348 :
2169 3291 2397 3356 Natura,
2432 3290 2631 3363 inclyte
2663 3308 2818 3347 serve
2839 3292 2952 3355 Dei,
2980 3294 3204 3362 angelus
3229 3307 3372 3355 sum,

1802 3385 1948 3440 sicut
1995 3400 2187 3440 omnes
2224 3384 2525 3439 Christiani
2562 3386 2616 3438 in
2648 3370 2790 3438 hora
2838 3384 3185 3453 baptismatis
3215 3398 3375 3438 suum

1799 3477 2032 3545 quisque
2065 3476 2270 3545 accipit
2305 3476 2558 3546 angelum
2611 3491 2640 3528 a
2695 3474 2827 3540 Deo,
2864 3475 2930 3527 ad
2971 3474 3280 3529 custodiam
3320 3480 3378 3527 et

1800 3569 2030 3623 tutelam
2070 3568 2343 3622 versaulis
2373 3567 2526 3621 hicce
2556 3566 2828 3631 hominis;
2861 3574 2913 3619 et
2939 3569 3168 3618 muitum
3202 3563 3378 3619 tribu-

1800 3658 1905 3723 lor,
1936 3659 2128 3713 videns
2162 3673 2286 3713 eum
2322 3657 2413 3711 hic
2446 3656 2691 3711 deditum
2724 3655 3040 3709 libidinibus
3072 3665 3127 3709 et
3162 3655 3379 3724 spurci-

1804 3751 1913 3813 tiis,
1948 3758 2007 3802 ut
2045 3757 2098 3803 et
2132 3764 2279 3803 nunc
2330 3750 2385 3801 in
2429 3748 2735 3802 diversorio
2784 3746 2887 3801 hoc
2914 3746 3078 3816 286
3110 3760 3377 3799 concum-

1802 3841 2016 3894 bentem
2042 3839 2283 3894 libidinis
2306 3853 2496 3902 causa,
2514 3846 2576 3891 ut
2596 3837 2769 3900 vides,
2788 3852 2911 3890 cum
2938 3837 3039 3890 hac
3058 3836 3377 3904 meretrice;

1804 3940 1858 3985 et
1876 3931 1967 3999 qui
1986 3945 2094 3983 non
2122 3929 2399 3999 deplorem
2428 3927 2717 3998 imaginem
2742 3926 2834 3981 Dei
2854 3927 3100 3981 intantas
3124 3930 3379 3982 tenebras

1806 4023 2117 4078 deiectam?
2156 4020 2285 4074 Dico
2320 4020 2369 4074 ei
2401 4035 2501 4089 ego
2534 4038 2546 4073 :
2595 4017 2660 4070 Et
2688 4033 2788 4072 cur
2814 4033 2921 4071 non
2953 4017 3214 4072 admones
3250 4033 3375 4073 eum

1807 4115 1997 4185 fugere
2021 4113 2312 4183 caliginem
2349 4111 2513 4166 huius
2558 4110 2811 4180 peccati?
2839 4108 2906 4163 Et
2933 4109 3074 4165 dixit
3104 4110 3237 4163 mihi
3273 4124 3376 4164 an-

1807 4208 2000 4278 gelus:
2041 4206 2309 4272 Quoniam
2350 4220 2457 4258 non
2487 4204 2659 4258 habeo
2692 4204 2870 4257 locum
2900 4201 3375 4272 apprOpinquandi

1810 4300 1913 4353 illi.
1949 4298 2024 4352 Ex
2057 4313 2167 4366 quo
2202 4296 2347 4351 enim
2379 4294 2591 4364 occepit
2628 4293 2810 4349 facere
2840 4302 3146 4363 peccatum,
3185 4308 3378 4348 servus

1809 4396 1895 4445 est
1921 4388 2357 4453 daemoniorum,
2402 4395 2455 4442 et
2494 4386 2700 4440 nullam
2733 4392 3058 4456 potestatem
3111 4386 3287 4441 habeo
3321 4387 3379 4441 in

1810 4496 1956 4535 eum.
2012 4478 2100 4552 [Et
2125 4494 2225 4549 ego
2272 4478 2395 4533 dico
2443 4477 2510 4531 ad
2556 4492 2681 4532 eum
2712 4474 2751 4548 :]
2798 4474 2953 4531 Unde
2992 4476 3186 4545 liquet,
3233 4477 3379 4547 quod

1818 4572 2020 4626 nullam
2049 4578 2371 4641 potestatem
2402 4568 2619 4642 [babes]
2653 4570 2706 4623 in
2736 4585 2883 4634 eum,
2917 4585 3084 4639 quum
3112 4568 3256 4625 Deus
3281 4570 3380 4625 tibi

1816 4678 1939 4716 cum
1976 4662 2314 4716 crediderit?
2346 4660 2411 4714 Et
2446 4660 2739 4731 respondet
2773 4661 2903 4714 mihi
2940 4662 3206 4732 angelus:
3236 4661 3381 4718 Deus

1814 4763 2087 4819 nostrum,
2131 4757 2222 4824 qui
2258 4755 2435 4809 bonus
2465 4762 2631 4809 estet
2676 4756 2953 4810 hominum
2994 4770 3206 4821 amans,
3242 4754 3381 4810 Iibe-

1814 4864 1934 4902 rum
1965 4848 2516 4911 creavitJiominem,
2551 4854 2605 4900 et
2639 4848 2767 4903 sivit
2812 4863 2936 4902 eum
2976 4848 3204 4902 arbitrio
3242 4847 3379 4901 insi-

1813 4947 1958 4993 stere
1992 4938 2162 5001 viam,
2208 4946 2523 4994 monstrans
2556 4940 2605 4993 ei
2650 4938 2789 4994 duas
2826 4942 2961 5005 vias,
3014 4954 3175 4992 unam
3210 4953 3384 5008 angu-

1806 5036 1977 5092 stam,
2050 5030 2277 5084 alteram
2342 5031 2543 5094 latam,
2597 5032 2941 5087 constituens
2996 5031 3045 5086 ei
3094 5031 3382 5099 utriusque

1807 5122 1989 5184 ﬁnem,
2027 5130 2295 5191 angustae
2329 5122 2548 5192 quidem
2584 5130 2640 5178 et
2665 5124 2831 5176 tritae
2854 5122 2973 5176 viae
3007 5128 3219 5175 meatus
3252 5134 3383 5190 par-

1806 5228 1929 5267 vum
1960 5214 2180 5283 quidem
2228 5214 2471 5269 laborem
2512 5216 2779 5271 habentes
2816 5215 2870 5268 in
2902 5227 3187 5283 praesens,
3232 5219 3288 5265 at
3327 5211 3383 5265 in

1408 5343 1663 5398 VABIAE
1692 5348 2096 5409 LECTIONES.

166 5444 182 5474 ¹
210 5442 291 5497 Ex
329 5442 530 5503 coni.,

92 5512 113 5543 ⁸
150 5513 240 5567 Sic
271 5516 406 5570 cod.
499 5514 525 5543 ⁸

623 5454 680 5492 1⁸0
715 5434 941 5504 ξενίζον
996 5455 1102 5510 ’ζον
1147 5435 1287 5510 69d;
1322 5435 1644 5510 ξενίζοντα.
1721 5446 1741 5474 ²
1775 5445 1908 5499 Cod.
1963 5447 2411 5500 zoamwr’rov.‘
2458 5446 2480 5478 ³
2525 5446 2603 5499 Ex
2649 5445 2818 5510 coni.,
2878 5444 3003 5498 cod.
3062 5442 3380 5509 ἑπεθύμον.

616 5510 700 5563 θά-
730 5508 1146 5585 κιέτειτίυλέουσ,
1202 5508 1222 5538 ⁸
1249 5505 1324 5559 Ex
1365 5508 1534 5585 certi,
1566 5509 1712 5585 cod.
1733 5516 2085 5585 κρατοῦντα.
2148 5517 2166 5547 ⁷
2201 5516 2452 5581 Emend.,
2482 5517 2604 5569 cod.
2645 5505 2986 5584 συνεθρήνῃ
3021 5514 3192 5585 (sic)._
3217 5505 3263 5585 ,δ
3292 5512 3384 5565 Sic

97 5582 217 5656 rod.
241 5600 347 5654 pro
375 5580 724 5656 κατήφεια.
779 5576 1598 5656 θ’ωιτηηερὰκκαταγὼἧερν.
1670 5583 1719 5656 1°
1750 5576 1885 5656 Cod.
1927 5585 2264 5655 xaic’bcnap;
2291 5603 2394 5641 vox
2436 5576 2529 5640 καὶ
2558 5576 3381 5656 ευρεῐναοξιηέᾱβὲεονῇςίοῑυν.

100 5653 135 5682 ³¹
165 5649 258 5710 Sié
306 5654 449 5709 cod.
496 5664 620 5721 pro
648 5649 921 5721 ἀσωτίαις.

100 5726 239 5779 coni.
323 5726 371 5757 ³⁸
412 5715 628 5778 Verba
662 5720 814 5775 uncis
846 5718 1057 5797 inclusa
1086 5732 1150 5772 ex
1189 5718 1332 5771 coni.
1366 5715 1570 5771 addidi.

1003 5648 1043 5677 ¹²
1071 5647 1206 5702 Cod.
1237 5646 1587 5727 καταγῳλέῳ.
1667 5653 1709 5685 ¹³
1739 5653 1920 5722 Corn,
1954 5655 2075 5711 cod.
2125 5646 2417 5726 κεῖμενος.

2500 5658 2543 5689 νο
2565 5651 2714 5726 πρὸς
2765 5672 2876 5711 om.
2905 5654 3054 5721 cod.,
3091 5651 3273 5709 addidi
3314 5664 3385 5707 ex
