3950 6592
577 349 688 406 8‘25

1387 350 1486 406 SS.
1527 349 1980 407 MACARIORUM
2018 348 2345 405 AEGYPTII
2395 349 2482 405 ET
2525 348 2990 406 ALEXANDRINI
3680 361 3759 418 ρει

584 463 796 517 intlnita
846 468 1194 520 saeculorum
1242 467 1460 521 saecula
1508 466 1776 535 requiem,
1829 466 1971 520 latae
2021 479 2153 519 vero

2257 465 2427 529 λύσιν,
2471 465 2570 535 τῆς
2615 465 2715 535 μὲν
2755 466 2947 536 στενῆς
2993 463 3086 518 καὶ
3119 463 3482 535 τεθλιμμένης
3511 466 3549 497 ’⁸
3577 469 3676 522 ὀδοῦ
3711 485 3759 528 τά

581 554 921 624 punitionem
945 567 1220 611 aeternam
1256 564 1309 610 et
1333 556 1508 626 ignem
1534 556 1821 626 gehennae
1856 563 1910 610 et
1940 565 2152 609 ceteras

579 661 772 702 omnes
815 663 1040 717 poenas.
1077 648 1358 714 Quaenam
1408 649 1709 704 admonitio
1750 650 1886 703 mihi
1940 649 2153 719 reliqua

579 744 683 798 est,
711 754 819 806 qua
854 747 978 792 utar
1014 739 1070 792 in
1105 740 1250 794 hunc
1284 739 1580 806 hominem,
1621 755 1784 809 quem
1813 740 1944 793 mihi
1985 739 2152 794 tradi-

577 827 661 882 dit
713 831 852 886 Deus
904 831 1366 886 custodiendum?
1412 831 1534 902 ipse
1581 835 1727 886 enim
1790 833 2056 888 Dominus
2100 840 2154 887 et

580 919 725 973 Deus
759 928 946 974 noster
977 919 1138 975 Jesus
1169 922 1440 986 Christus,
1471 921 1644 977 Filius
1676 921 1772 978 Dei
1801 924 1930 988 vivi,
1963 924 2153 977 admo-

579 1018 677 1066 net
694 1019 747 1065 et
774 1012 1099 1066 cohortatur
1125 1019 1178 1065 et
1206 1012 1365 1067 docet
1385 1028 1596 1080 omnes,
1629 1015 1906 1071 abstinere
1931 1016 2154 1071 obscoe-

579 1105 668 1158 nis
699 1104 979 1173 operibus,
1024 1118 1088 1157 ac
1127 1105 1213 1158 vix
1259 1121 1501 1174 unquam
1545 1107 1640 1161 ulli
1692 1109 1985 1164 observant
2031 1109 2155 1162 dili-

576 1205 767 1265 genter
792 1195 975 1250 divina
1001 1197 1167 1249 verba
1194 1197 1337 1251 eius.
1366 1196 1497 1252 Dico
1525 1199 1692 1268 igitur
1712 1199 1762 1252 ei
1788 1218 1802 1254 ε
1828 1199 1939 1253 Cur
1970 1208 2156 1254 exten-

579 1286 709 1340 disti
740 1301 935 1340 manus
952 1295 1075 1340 tuas
1096 1300 1321 1356 gemens
1351 1303 1544 1342 versus
1568 1290 1816 1343 coelum?
1836 1288 1901 1342 Et
1928 1305 2156 1360 respon—

578 1377 670 1432 det
697 1378 828 1432 mihi
875 1379 1104 1449 angelus
1133 1397 1144 1432 :
1187 1378 1480 1449 Conspicio
1519 1379 1814 1436 daemones
1850 1383 1996 1436 circa
2029 1399 2154 1438 eum

580 1469 925 1538 plaudentes,
957 1477 1012 1524 et
1053 1469 1194 1523 alios
1228 1468 1517 1538 tragoedos
1549 1479 1791 1540 agentes,
1825 1473 1964 1527 alios
2004 1472 2153 1526 deri-

579 1560 770 1614 dentes
802 1575 926 1614 eum
966 1560 1245 1625 indecore,
1293 1569 1348 1614 et
1393 1561 1599 1614 idcirco
1643 1561 1958 1616 frendebam
1991 1578 2158 1632 super

582 1651 889 1708 insolentiis
929 1652 1058 1715 illis,
1093 1660 1146 1705 et
1184 1652 1448 1721 precabar
1480 1652 1548 1705 ad
1581 1653 1772 1719 Deum,
1809 1661 1868 1707 ut
1901 1668 2155 1708 servare-

579 1749 670 1794 tur
717 1755 748 1793 a
799 1739 1159 1795 daemonibus
1211 1748 1460 1794 creatura
1506 1742 1658 1808 eius,
1701 1751 1755 1796 et
1808 1743 1976 1798 donet
2022 1743 2152 1797 mihi

2253 555 2562 626 διαδήματα
2588 556 2778 626 μικρὸν
2803 557 2900 626 μὲν
2925 555 3084 610 πόνον
3106 555 3297 625 ἔχοντα
3322 555 3458 626 πρὸς
3476 555 3533 609 τὸ
3551 562 3695 628 παρόν
3713 567 3761 626 ’⁷,

2253 650 2346 702 καὶ
2377 651 2456 711 εἰς
2483 649 2871 718 ἀτελευτήτους
2899 649 3108 702 αίώνων
3135 647 3336 710 αἰῶνας
3363 647 3461 716 τὴν
3494 649 3760 719 ἀνάπαυσιν,

2252 741 2350 810 τῆς
2371 739 2427 792 δὲ
2458 739 2715 802 πλατείας
2737 740 2955 792 κόλασιν
2979 739 3193 792 αἰώνιον
3215 739 3308 792 καὶ
3331 739 3391 791 τὺ
3423 737 3530 808 πῦρ
3547 741 3632 810 τῆς
3647 744 3765 810 γεέν-

2253 846 2350 901 νης
2378 830 2471 884 καὶ
2494 829 2593 892 τὰς
2615 829 2805 892 λοιπὰς
2837 830 3017 892 πάσας
3043 830 3311 893 κολάσεις.
3351 829 3509 882 ποίαν
3536 831 3763 888 νουθεσίαν

2253 919 2362 990 ἔχω
2401 921 2622 990 ποιῆσαι
2655 921 2836 974 λοιπὸν
2870 921 3002 992 πρὸς
3031 922 3122 975 τὸν
3148 922 3278 992 ἐμὸν
3301 921 3599 993 ἄνθρωπον,
3620 924 3669 977 ὃν
3697 946 3766 996 μοι

2255 1011 2581 1082 ἐνεχείρισεν
2612 1013 2654 1043 ¹⁸
2679 1013 2707 1064 6
2751 1013 2882 1077 Θεὸς
2917 1013 3011 1065 τοῦ
3053 1013 3274 1066 σκέπειν
3300 1013 3492 1076 αὑτόν;
3520 1014 3659 1078 aii-.6;
3681 1021 3765 1091 γάρ

2253 1105 2281 1156 6
2319 1104 2507 1174 κύριος
2540 1105 2634 1158 καὶ¹
2670 1105 2799 1169 Θεὸς
2832 1106 2989 1176 ἡμῶν
3030 1106 3236 1176 Ἰησοῦς
3264 1104 3498 1176 Χριστὸς
3527 1105 3554 1156 6
3580 1107 3766 1170 Υἱὸςτοῦ

2253 1193 2387 1246 Θεοῦ
2413 1194 2505 1246 τοῦ
2527 1193 2726 1258 ζῶντος
2749 1195 2984 1249 νουθετεῖ
3011 1197 3105 1250 καὶ
3133 1196 3439 1267 παρακαλεῖ
3460 1195 3551 1248 καὶ
3574 1196 3768 1255 διδάσκει

2252 1285 2463 1348 πάντας
2491 1286 2787 1357 ἀπέχεσθαι
2820 1288 2929 1340 τῶν
2960 1287 3180 1358 σαπρῶν
3219 1287 3500 1358 πράξεων,
3545 1290 3627 1341 καὶ
3651 1292 3770 1358 μόλις

2253 1377 2384 1430 ποτέ
2420 1395 2562 1442 τινες
2605 1379 2925 1432 σκέπτονται
2959 1379 3200 1450 ἀκριϐῶς
3240 1379 3368 1441 τοὺς
3407 1378 3577 1442 Θείους
3619 1378 3771 1447 λόγους

2254 1468 2440 1522 αὑτοῦ.
2465 1469 2607 1537 λέγω
2635 1467 2726 1524 οῦν
2759 1471 2894 1542 πρὸς
2925 1471 3084 1524 αὐτόν
3103 1487 3116 1500 ·
3139 1469 3192 1522 τί
3213 1470 3480 1534 ἐξέτεινας
3502 1469 3592 1532 τὰς
3621 1475 3773 1542 χεῖράς

2256 1575 2349 1610 σου
2379 1560 2648 1623 στενάζων
2677 1561 2811 1630 πρὸς
2839 1561 2930 1614 τὸν
2960 1561 3220 1631 οὐρανόν;
3247 1560 3340 1613 καὶ
3364 1559 3516 1628 λέγει
3544 1577 3625 1630 μοι
3653 1563 3676 1612 6
3699 1564 3773 1632 ἄγ-

2255 1648 2409 1716 γελος
2428 1667 2442 1679 '
2481 1649 2590 1720 ὁρῶ
2621 1651 2745 1712 τοὺς
2774 1649 3032 1719 δαίμονας
3060 1649 3244 1720 κύκλῳ
3274 1649 3436 1703 αὑτοῦ
3471 1650 3773 1719 κροτοῦντας,

2257 1739 2352 1790 καὶ
2393 1739 2606 1808 ἐτέρους
2639 1739 3045 1809 τραγῳδοῦ-ηας
3080 1741 3144 1802 ’⁸,
3175 1739 3428 1811 [ἑτέρους
3450 1739 3522 1810 ¹⁰]
3550 1741 3774 1808 γελῶντας

579 1848 744 1886 unam
777 1831 920 1886 diem
953 1832 1144 1886 laetari
1177 1832 1232 1886 in
1261 1848 1325 1888 eo
1355 1834 1421 1888 de
1446 1835 1784 1903 poenitentia
1819 1836 1938 1890 eius
1971 1844 2028 1890 et
2065 1852 2150 1891 re-

2257 1831 2419 1885 αὑτοῦ
2453 1831 2721 1901 ἁσέμνως,
2748 1833 2841 1884 καὶ
2869 1831 3057 1886 τούτου
3093 1832 3276 1884 ἕνεκεν
3299 1832 3613 1901 διεπριόμην
3643 1834 3678 1862 ¹¹
3707 1836 3778 1886 ἐπὶ

578 1923 699 1976 ditu
741 1923 808 1977 ad
845 1924 1126 1976 meliorem
1153 1924 1322 1977 vitam
1350 1933 1404 1978 et
1444 1927 1812 1994 confessione,
1843 1936 1897 1982 et
1930 1929 2150 1999 dignum

576 2013 767 2066 babcri
799 2028 908 2076 me,
940 2014 1029 2067 cui
1065 2013 1313 2068 tradatur
1344 2017 1527 2072 anima
1559 2019 1680 2073 eius
1715 2019 1768 2072 in
1805 2020 2154 2076 confessione

575 2113 632 2160 et
654 2105 989 2175 poenitentia
1015 2106 1441 2161 iucontaminata
1472 2117 1525 2163 ct
1551 2125 1686 2179 pura
1719 2127 1816 2180 per
1843 2111 2152 2178 Dominum,

580 2196 879 2252 iustificata
928 2197 1265 2266 benignitate
1313 2198 1432 2254 Dei.
1479 2202 1642 2272 287
1687 2203 1832 2258 Haec
1885 2205 1974 2258 ttbi
2017 2205 2155 2258 dixit

577 2290 824 2358 angelus,
847 2287 1115 2356 disparuit
1139 2306 1207 2343 ex
1228 2291 1402 2347 oculis
1427 2296 1584 2347 meis.
1609 2294 1739 2349 Dico
1765 2305 1944 2351 autem
1973 2297 2151 2362 vobis,

578 2379 778 2432 fratres
800 2378 925 2441 mei,
942 2377 1086 2446 quod
1105 2389 1255 2434 certo
1283 2380 1419 2445 scio,
1445 2383 1654 2436 nullum
1673 2400 1796 2440 esse
1819 2385 2155 2441 immundius

579 2477 886 2538 peccaturo,
923 2468 1028 2523 nisi
1056 2472 1412 2536 adulterium,
1449 2481 1502 2526 et
1529 2473 1949 2530 fornicationem
1977 2487 2030 2531 et
2061 2478 2155 2532 So-

579 2559 910 2613 domitarum
945 2560 1128 2614 scelus
1157 2560 1498 2617 detestabile.
1538 2562 1594 2617 Si
1630 2573 1811 2620 autem
1844 2567 1900 2620 in
1929 2567 2014 2622 his
2039 2585 2156 2637 pec-

580 2651 721 2705 catis
757 2667 985 2706 versans
1027 2652 1094 2706 ad
1151 2655 1429 2709 meliorem
1476 2656 1686 2726 frugem
1733 2660 2007 2715 rediturus
2048 2670 2152 2722 est,

580 2743 872 2812 benignius
908 2759 1036 2798 eum
1071 2746 1272 2815 recipit
1306 2745 1448 2802 Deus
1485 2765 1648 2818 supra
1672 2765 1863 2805 omnes
1899 2760 2154 2821 peccato-

580 2849 691 2901 res,
723 2835 852 2903 quia
884 2851 950 2887 ex
984 2835 1235 2891 libertate
1269 2838 1446 2892 oritur
1471 2841 1656 2907 passio
1684 2881 1698 2905 ,
1733 2840 2032 2895 veliﬁcatur
2057 2858 2156 2894 au-

579 2930 686 2976 tem
723 2923 770 2977 ei
803 2923 1056 2978 diabolus
1092 2941 1189 2994 per
1235 2927 1528 2996 pruritutn.
1573 2927 1668 2983 Sin
1714 2939 1895 2984 autem
1925 2939 2156 2986 conetur

576 3011 703 3081 quis
751 3015 1082 3067 tnortilicare
1129 3018 1415 3084 passiones
1460 3021 1626 3074 hasce
1673 3022 1729 3074 in
1771 3021 2052 3092 vigilantia
2102 3031 2156 3077 ct

577 3104 936 3169 continentia,
965 3104 1111 3160 Deus
1144 3110 1447 3179 exstinguit
1476 3126 1591 3166 eas.
2116 3092 2133 3108 ⁸

2251 1921 2321 1973 τὰ
2367 1919 2692 1990 ὲλελίσματα
2720 1922 2763 1952 ¹¹
2793 1923 2976 1973 ἐκεῖνα
3021 1922 3115 1974 καὶ
3155 1921 3405 1992 ηὐχόμην
3437 1919 3518 1989 τῷ
3545 1919 3670 1990 Θεῷ,
3713 1924 3776 1974 ἵνα

2255 2011 2424 2083 ῥυσθῇ
2456 2012 2562 2066 ἀπὸ
2593 2012 2698 2065 τῶν
2732 2012 2998 2082 δαιμόνων
3024 2012 3084 2064 τὸ
3119 2012 3347 2081 πλάσμα
3379 2010 3566 2073 αὑτοῦ,
3592 2013 3676 2065 καὶ
3696 2012 3776 2064 δω-

2255 2103 2485 2174 ρήσηταί
2513 2105 2560 2136 “
2595 2122 2684 2174 μοι
2721 2106 2848 2175 μίαν
2881 2104 3092 2175 ἡμέραν
3136 2105 3370 2174 χαρῆναι
3391 2106 3435 2134 ’⁸
3465 2104 3524 2155 ἐν
3555 2104 3689 2173 αὐτῷ
3713 2107 3782 2156 ἐπὶ

2251 2198 2316 2266 τῇ
2347 2196 2600 2266 μετανοίᾳ
2625 2195 2788 2248 αὐτοῦ
2815 2195 2910 2249 καὶ
2941 2199 3007 2267 τῇ
3039 2196 3341 2268 ἐπιστροφῇ
3380 2193 3490 2247 τῶν
3521 2195 3681 2263 ἔργων
3709 2197 3782 2247 αὺ-

2251 2287 2345 2341 τοῦ
2387 2288 2481 2340 καὶ
2520 2291 2584 2359 τῇ
2619 2287 3035 2359 ἐξομολογήσει,
3067 2288 3161 2340 καὶ
3204 2285 3503 2356 ἀξιωθῆναί
3533 2287 3578 2316 ’⁸
3623 2304 3682 2356 με
3711 2288 3782 2340 τοῦ

2253 2380 2618 2450 παραδοθῆναι
2640 2382 2686 2412 ¹⁶
2724 2381 2822 2450 τὴν
2870 2379 3045 2450 ψυχὴν
3099 2378 3263 2433 αὑτοῦ
3321 2380 3378 2431 ἐν
3429 2377 3784 2447 ἐξομολογήσει

2253 2471 2347 2524 καὶ
2391 2471 2647 2543 μετανοίᾳ
2687 2471 2910 2526 ἄσπιλον
2944 2472 3036 2525 καὶ
3079 2471 3322 2539 καθαράν
3359 2469 3445 2524 διὰ
3478 2469 3572 2522 τοῦ
3612 2470 3786 2538 κυρίου,

2253 2564 2538 2636 ἄμεμπτον
2564 2565 2605 2597 ³⁷
2628 2568 2695 2636 τῇ
2713 2564 3005 2634 ἁγαθότητι
3030 2564 3124 2616 τοῦ
3155 2562 3311 2617 Θεοῦ.
3345 2563 3438 2616 καὶ
3459 2561 3629 2614 ταῦτα
3651 2561 3785 2614 εἰπὼν

2252 2657 2280 2708 6
2308 2656 2534 2724 ἄγγελος
2564 2655 2796 2724 ἄφαντος
2835 2655 3050 2722 ἐγένετο
3081 2654 3188 2707 ἀπὸ
3222 2654 3328 2706 τῶν
3373 2652 3660 2723 ὀφθαλμῶν
3691 2669 3788 2723 μου.

2252 2748 2394 2816 λέγω
2447 2750 2502 2801 δὲ
2541 2749 2688 2818 ὑμῖν,
2740 2748 2955 2816 ἀδελφοί
2997 2765 3120 2816 μου,
3164 2749 3245 2800 ὅτι
3281 2745 3527 2816 ἀκριϐῶς
3561 2742 3688 2804 οἶδα,
3726 2745 3788 2795 ὅτι

2253 2839 2353 2893 οὐκ
2385 2839 2529 2899 ἔστιν
2559 2840 2691 2908 άλλη
2723 2839 3093 2908 δυσωδεστέρα
3130 2837 3410 2907 ἁμαρτία,
3449 2837 3503 2888 εί
3538 2837 3612 2912 μὴ
3642 2837 3671 2904 ἡ
3702 2851 3792 2904 μοι·

2253 2932 2374 3002 χεία
2401 2933 2448 2964 ³⁸
2472 2934 2564 2986 καὶ
2582 2934 2615 3002 ἡ
2640 2932 2865 3002 πορνεία
2899 2932 2991 2983 καὶ
3021 2934 3054 3001 ἡ
3079 2933 3122 2962 ²⁹
3153 2930 3262 2982 τῶν
3285 2930 3541 3000 Σοδόμων
3569 2929 3791 2982 ἐπικατά-

2257 3040 2444 3095 ρατος·
2478 3025 2572 3078 ἐὰν
2600 3025 2656 3078 δὲ
2685 3024 2826 3078 θέλει
2863 3026 2920 3076 ἐν
2948 3023 3156 3085 τούτοις
3193 3026 3302 3085 τοῖς,
3329 3023 3711 3092 ἁμαρτήμασιν
3735 3018 3792 3070 ὼν

2257 3120 2614 3190 μετανοῆσαι,
2662 3118 2988 3190 θερμότερον
3036 3117 3250 3187 δέχεται
3271 3117 3314 3149 ³⁰
3346 3117 3512 3170 αὐτὸν
3540 3117 3581 3147 ³¹
3623 3117 3649 3167 ὁ
3689 3113 3790 3172 956;

579 3197 724 3268 ὑπὲρ
769 3200 978 3262 πάντας
1027 3203 1151 3264 τοὺς
1185 3203 1538 3273 ἁμαρτωλούς
1560 3245 1574 3269 ,
1627 3205 1758 3258 διότι
1801 3206 1864 3258 ἐκ
1897 3206 2272 3278 προαιρέσεώς
2299 3213 2415 3266 ἐστι
2447 3213 2506 3266 τὸ
2536 3213 2726 3276 πάθος,
2760 3212 3016 3283 πληθύνει
3047 3213 3089 3242 ³³
3125 3211 3181 3264 δὲ
3209 3210 3359 3282 αὐτῷ
3391 3214 3420 3264 6
3459 3209 3700 3271 διάϐολος
3728 3207 3795 3259 δια

577 3291 668 3344 τὸν
707 3291 1106 3363 γαργαλισμόν·
1137 3291 1230 3345 ἐὰν
1274 3292 1330 3344 δὲ
1366 3293 1494 3366 θέλῃ
1523 3312 1608 3357 τις
1630 3296 1672 3324 ³³
1699 3296 2014 3348 ἀποκτεῖναι
2051 3296 2119 3349 τά
2152 3298 2298 3368 πάθη
2343 3302 2515 3356 ταῦτα
2543 3305 2598 3356 ἐν
2637 3303 2910 3374 ἀγρυπνίᾳ
2945 3302 3038 3353 καὶ
3102 3301 3432 3372 ἐγκρατείᾳ,
3511 3300 3738 3370 ξηραίνει
3761 3296 3796 3326 ³⁵

579 3381 740 3438 αὑτά.

1348 3491 1404 3544 ‘2.

969 3603 1217 3658 Eiusdem
1253 3605 1393 3657 aliae
1422 3607 1778 3659 narrationes.

653 3697 798 3751 Dixit
819 3713 1011 3751 rursus
1059 3697 1199 3749 idem
1239 3705 1466 3750 sanctus
1513 3696 1822 3751 Macarius:
1876 3698 1973 3752 Die
2020 3712 2157 3768 qua-

581 3791 707 3844 dam
749 3794 1012 3859 precabar
1067 3788 1133 3840 ad
1182 3787 1469 3842 Dominum
1516 3787 1708 3870 Deum.
1751 3789 1885 3843 Dein
1929 3789 2154 3859 suspexi

583 3884 639 3938 in
671 3884 880 3937 coelum
910 3882 1150 3944 intuens,
1179 3890 1231 3935 et
1262 3896 1410 3942 ecce,
1436 3889 1553 3935 erat
1580 3891 1850 3950 apertum,
1883 3891 1935 3935 et
1979 3881 2151 3951 angeli

582 3976 678 4031 Dei
709 3976 800 4029 alii
831 3990 1050 4030 sursum
1084 3975 1340 4028 meabant
1367 3975 1459 4027 alii
1504 3952 1784 4038 deorsTim,
1832 3976 2046 4028 animas
2076 3974 2155 4028 ef-

583 4071 840 4124 ferentes.
874 4069 1095 4137 Aliquot
1134 4079 1314 4123 autem
1347 4067 1489 4137 nigri
1533 4076 1586 4122 ct
1614 4069 1887 4123 tenebrosi
1933 4069 1987 4121 in
2031 4070 2155 4123 aérc

581 4175 830 4230 magnam
861 4160 1132 4213 habebant
1162 4160 1604 4214 colluctationem
1632 4160 1878 4230 rapiendi
1907 4170 1961 4215 et
1981 4160 2156 4214 detra-

583 4253 746 4307 hendi
775 4253 988 4306 animas
1022 4253 1325 4305 hominum.
1361 4252 1556 4321 Angeli
1600 4264 1789 4307 contra
1824 4253 2153 4308 resistebant

585 4346 802 4400 fortiter
827 4355 881 4400 et
914 4346 1115 4408 valide,
1155 4353 1344 4413 utpote
1389 4346 1548 4399 valde
1585 4348 1938 4401 verberantes
1975 4362 2070 4400 cos
2103 4357 2155 4400 et

583 4439 860 4494 salvantcs
883 4438 1116 4492 animas.
1144 4437 1363 4493 Rursus
1393 4438 1657 4507 suspicio,
1689 4446 1742 4490 et
1771 4453 1898 4491 ecce
1929 4438 2038 4491 duo
2059 4453 2155 4490 an-

583 4530 692 4599 geli
735 4530 790 4583 in
830 4529 1044 4582 coelum
1093 4529 1332 4584 hominis
1373 4533 1610 4583 animam
1644 4539 2010 4599 asportantes.
2051 4529 2151 4583 Ubi

585 4621 754 4690 igitur
815 4620 1332 4690 appropinquabant
1392 4621 1596 4676 telonio
1653 4621 2034 4675 fornicationis
2100 4632 2155 4676 et

583 4711 982 4766 moechationis
1012 4720 1065 4767 et
1111 4713 1505 4768 andromaniae
1535 4742 1607 4754 —
1637 4713 1774 4767 haec
1831 4714 1976 4767 enim
2024 4723 2154 4768 sunt

2179 3466 2226 3524 C

3007 3515 3062 3561 2.

2568 3616 2676 3669 Τοῦ
2718 3615 2902 3669 αὐτοῦ
2950 3617 3121 3682 ἕτερα
3153 3614 3507 3684 διηγήματα.

2330 3706 2521 3774 Ἔλεγε
2551 3707 2711 3759 πάλιν
2741 3710 2770 3759 6
2807 3707 2968 3771 αὐτὸς
2998 3707 3151 3775 ἅγιος
3183 3707 3467 3776 Μακάριος
3489 3746 3503 3767 ,
3539 3707 3622 3758 ὅτι
3647 3707 3699 3757 ὲν
3723 3704 3800 3773 μιᾷ

2253 3799 2440 3870 ἡμέρᾳ
2469 3794 2534 3869 ἦν
2562 3802 2696 3868 πρὸς
2716 3799 2918 3868 Κύριον
2940 3798 3032 3850 τὸν
3061 3798 3191 3850 Θεὸν
3223 3798 3680 3868 προσευχόμενος.
3708 3791 3800 3848 εἶτα

2255 3889 2524 3958 ἀνέϐλεψα
2553 3890 2597 3921 ³⁵
2647 3891 2726 3953 είς
2777 3889 2867 3942 τὸν
2920 3889 3146 3960 οὐρανὸν
3193 3888 3342 3952 ἰδών,
3396 3890 3495 3942 καὶ
3539 3889 3647 3941 ἰδοὺ
3676 3887 3716 3918 ³⁸
3749 3881 3801 3955 ἦν

2255 3981 2617 4052 ἀνεῳγμένος,
2636 3981 2730 4033 καὶ
2758 3981 2978 4049 ἄγγελοι
3009 3981 3101 4033 τοῦ
3131 3980 3265 4032 Θεοῦ
3292 3981 3340 4033 oi
3375 3979 3477 4049 μὲν
3505 3981 3610 4048 ἀνή
3622 3995 3802 4049 ρχοντο.

2254 4075 2303 4125 οἱ
2345 4073 2400 4125 δὲ
2435 4074 2786 4143 κατήρχοντο,
2831 4072 2928 4133 τὰς
2955 4072 3133 4141 ψυχὰς
3165 4071 3554 4140 ἀναφέροντες.
3592 4070 3725 4130 τινὲς
3759 4066 3802 4117 δὲ

2258 4163 2482 4235 μέλανες
2519 4164 2614 4215 καὶ
2641 4161 2896 4230 ζοφώδεις
2929 4163 2987 4214 ὲν
3015 4160 3092 4231 τῷ
3119 4161 3241 4228 ἀέρι
3268 4156 3410 4230 εἶχον
3442 4157 3805 4230 περισπασμδν

2254 4257 2421 4310 πολὺν
2452 4256 2494 4288 ³⁷
2523 4255 2615 4308 τοῦ
2643 4255 2908 4326 ἁρπάζειν
2941 4254 3034 4306 καὶ
3061 4253 3344 4322 κατασπᾷν
3375 4251 3475 4315 τὰς
3510 4251 3692 4319 ψυχάς
3717 4247 3806 4300 τῶν

2253 4348 2552 4420 ἀνθρώπων
2576 4389 2590 4414 ,
2638 4349 2687 4400 οἱ
2731 4347 2788 4400 δὲ
2819 4346 3038 4415 ἄγγελοι
3068 4346 3385 4398 ἀνθίσταντο
3423 4343 3707 4414 κραταιῶς
3733 4338 3809 4392 καὶ

2259 4439 2490 4510 ἰσχυρῶς
2517 4439 2592 4501 ὡς
2621 4438 2819 4508 σφόδρα
2847 4437 3195 4508 μαστίζοντες
3221 4437 3414 4496 αὐτοὺς
3440 4436 3541 4487 καὶ
3572 4432 3808 4495 σώζοντες

2253 4531 2351 4594 τὰς
2382 4533 2577 4600 ψυχάς.
2614 4531 2792 4600 βλέπω
2823 4530 2878 4582 δὲ
2911 4530 3091 4594 πάλιν,
3123 4531 3213 4582 καὶ
3250 4529 3357 4581 ἰδοὺ
3388 4527 3435 4558 ³⁸
3475 4526 3579 4580 δύο
3619 4523 3809 4592 ἄγγελοι

2254 4625 2333 4686 εἰς
2378 4623 2468 4675 τὸν
2501 4623 2725 4693 οῦρανὺν
2761 4621 2939 4691 ψυχὴν
2985 4621 3269 4692 ἀνθρώπου
3303 4621 3591 4690 φέροντες.
3632 4619 3706 4678 ὡς
3737 4611 3812 4666 οὖν

2255 4715 2621 4786 προσέγγισαν
2664 4714 2739 4784 τῷ
2786 4714 3022 4784 τελωνίῳ
3054 4714 3098 4744 δ’
3141 4713 3241 4781 τῆς
3278 4712 3546 4783 πορνείας
3599 4710 3691 4762 καὶ⁵
3731 4705 3811 4773 τῆς

583 4804 830 4858 omnium
887 4803 1216 4857 teloniorum
1258 4806 1606 4872 turpissima;
1635 4804 1688 4857 in
1714 4805 1797 4856 via
1825 4813 2005 4858 autem
2039 4822 2153 4860 sur-

2264 4807 2504 4876 μοιχείας
2529 4807 2572 4836 ⁸ο
2625 4807 2718 4858 καὶ
2757 4805 3116 4875 ἀνδρομανίας
3145 4804 3188 4836 ’⁵⁸
3238 4834 3306 4842 —-—
3345 4803 3524 4856 ταῦτα
3570 4803 3680 4870 γάρ
3730 4802 3812 4848 εὶςι

582 4911 708 4953 sum
767 4896 975 4951 ferente
1042 4895 1552 4964 appropinquabant
1612 4895 1847 4947 animam
1906 4902 2150 4949 tenentes

585 4989 763 5058 angeli
809 4988 904 5043 Dei
949 5019 1018 5031 —-
1068 4989 1248 5056 coepit
1289 4988 1550 5058 princeps
1603 4986 1789 5040 telonii
1838 4987 2153 5056 obstrepere

585 5082 925 5137 borribiliter
959 5090 1014 5136 et
1044 5083 1396 5136 vehementer
1422 5078 1734 5150 perturbari
1768 5095 1831 5134 ac
1865 5080 2050 5136 dicere
2087 5083 2153 5136 ad

2257 4899 2474 4952 πάντων
2501 4899 2605 4951 τῶν
2637 4897 2900 4951 τελωνίων
2939 4897 3262 4968 αἰσχρότερα
3283 4913 3296 4926 ⁸
3326 4897 3383 4948 ὲν
3414 4889 3524 4966 6δῷ
3559 4895 3670 4963 γάρ
3704 4891 3814 4959 ποὺς

2257 4989 2324 5042 τά
2355 4988 2466 5042 ἄνω
2489 4991 2711 5060 ἧγγιζον
2738 4989 2787 5040 οἱ
2815 4989 3132 5058 κατέχοντες
3159 4988 3256 5056 τὴν
3281 4987 3458 5057 ψυχὴν
3490 4987 3721 5054 ἄγγελοι
3740 4981 3816 5034 τοῦ

2265 5081 2399 5134 Θεοῦ
2423 5079 2710 5151 -ᾕρξατο
2753 5083 2781 5133 6
2823 5081 3006 5151 ἄρχων
3045 5079 3137 5132 τοῦ
3178 5079 3431 5132 τελωνίου
3463 5073 3819 5149 ταράττεσθαι

1849 5192 2102 5248 VARIAE
2139 5194 2539 5249 LECTIONES.

661 5309 707 5340 "
738 5307 918 5369 Corr.,
952 5307 1075 5362 cod.
1117 5307 1473 5374 τετλιϐἐνης.

590 5448 976 5518 ὃιεπρισάμην.

592 5516 695 5571 τοῦ
718 5516 1036 5586 ἀξιωθῆναι.

587 5589 811 5672 μοιχία.

596 5672 722 5722 της.

887 5592 932 5619 '9
970 5589 1045 5640 Ex
1095 5589 1272 5650 coni.,
1316 5589 1436 5644 cod.
1479 5593 1547 5642 el.

821 5658 863 5688 ”
903 5659 1033 5711 (Sed.
1070 5659 1341 5725 ξηραιίἰι.

1553 5309 1593 5339 ’⁷
1620 5309 1797 5369 Corr.,
1832 5311 1951 5365 cod.
1977 5315 2227 5379 :zavpo’r.

591 5378 966 5449 τσωδιοῦντας.
1042 5379 1088 5408 ’°
1119 5377 1314 5433 Vocem
1358 5381 1576 5449 ἐτέρους
1621 5381 1777 5433 uncis
1819 5377 2185 5434 inclusanrex
2227 5383 2373 5435 coni.
2410 5380 2611 5435 addidi.

1063 5449 1107 5520 ξ’
1152 5450 1244 5502 Sic
1296 5451 1442 5515 cod.,
1499 5453 1636 5520 forte
1685 5450 2046 5520 ἐρεθίσματαῖ
2121 5453 2164 5481 ’³
2203 5452 2337 5504 Cod.
2394 5450 2755 5516 6ope£rrnrar.

1074 5519 1082 5524 ’
1114 5521 1157 5549 ’⁵
1181 5521 1274 5572 Ex.
1307 5521 1474 5581 coui.,
1506 5519 1626 5572 cod.
1659 5519 2024 5586 πίιριῑθοη-ναι
2060 5522 2208 5587 (sic).

1631 5590 1674 5620 ³ο
1713 5590 1846 5643 Cod.
1906 5591 2191 5658 δὲχιιιται.

1421 5662 1464 5691 ³³
1505 5660 1749 5720 Emend”
1789 5660 1908 5712 eod.
1942 5661 2312 5728 ἀντιϐλέψας.

591 5727 734 5791 λήν.
807 5727 852 5759 ⁸³
891 5728 1024 5781 Cod.
1067 5729 1214 5783 ἰδών.
1287 5735 1327 5762 ⁸³
1367 5729 1546 5795 Corr.,
1578 5731 1700 5784 cod.
1737 5730 1811 5799 τῷ
1837 5733 2117 5784 τειῐωνιον
2143 5727 2284 5802 (sic).

2307 5313 2349 5342 ¹⁸
2374 5311 2552 5372 Corr.,
2587 5311 2710 5363 cod.
2743 5311 3169 5378 ἐνειχείρησεν.
3250 5308 3290 5342 ¹⁹
3320 5307 3511 5366 Corr.,
3544 5306 3673 5361 cod.
3714 5318 3825 5370 rra-

2689 5382 2732 5410 ²¹
2764 5379 2896 5433 Coti.
2937 5380 3308 5447 διεπριώμην.
3358 5381 3437 5430 An
3475 5379 3666 5430 mavis
3697 5389 3824 5447 corr.

3473 5452 3526 5478 ’⁵
3567 5447 3706 5500 Cod.
3748 5444 3824 5492 καὶ

3408 5519 3451 5548 ’⁸
3489 5521 3688 5572 Curta.
3721 5513 3827 5565 (Τυρι-

3405 5588 3447 5618 ⁸³
3494 5588 3644 5642 Cod.
3687 5585 3825 5646 ίὶηλ-’ἐ

2832 5453 2877 5482 ³³
2919 5452 3051 5502 Cod.
3104 5450 3394 5518 χίιρεὶναι.

2285 5523 2326 5552 ⁸⁷
2366 5521 2438 5572 lix
2467 5523 2632 5579 coni.,
2661 5521 2782 5574 cod.
2814 5521 2968 5588 ιίμμε
2993 5537 3149 5571 πτωγ
3187 5521 3332 5586 (sic).

2271 5592 2312 5622 ³¹
2357 5591 2489 5644 Cod.
2535 5591 2699 5642 αὑτό.
2780 5591 2821 5621 ³¹
2855 5591 2990 5645 (Iud.
3026 5591 3325 5655 πληθύι-η.

2413 5662 2456 5690 ³⁸
2494 5660 2567 5713 lix
2592 5662 2759 5717 coni..
2795 5662 2923 5715 cod.
2958 5661 3103 5712 ἔδον.
3208 5660 3248 5689 ³⁷
3289 5660 3474 5718 Corr.,
3513 5661 3645 5710 cod.
3696 5656 3827 5707 στολ-

2366 5732 2410 5762 ⁸⁰
2444 5730 2574 5785 Cod.
2600 5732 2858 5800 μοιχίιις.
2939 5732 2979 5762 ¹⁶¹
3017 5730 3149 5785 Cod.
3183 5730 3659 5798 ἀνθρομαι··είας.
3735 5799 3742 5804 ί
