3950 6530
155 333 237 389 ag";
1609 326 1791 421 ΑΟἸΣΛ
1802 368 1815 382 .

3225 338 3332 399 2’26

149 454 298 510 δεινως
329 440 412 497 καὶ
437 439 773 495 ἀλλοιοῦσθαι
803 446 896 497 καὶ
940 445 1118 515 λέγειν
1163 450 1297 519 πρὸς
1330 451 1455 514 τοὺς
1498 450 1634 518 άγγέ

1769 449 1992 519 angelos
2010 448 2104 504 Dei
2128 469 2141 505 :
2173 451 2294 517 Quo
2323 456 2483 521 pacto
2504 466 2602 507 vos
2636 454 2872 507 animam
2891 452 3034 509 hanc
3056 456 3248 525 rapitis
3264 459 3334 511 ad

150 544 247 603 λους
272 533 351 589 τοῦ
376 531 522 584 Θεοῦ·
558 534 692 602 ποίῳ
726 536 910 607 τρόπῳ
943 538 1101 607 ὑμεῖς
1127 540 1228 610 τὴν
1256 540 1432 612 ψυχὴν
1458 540 1664 613 ταύτην

145 635 293 688 ἕλκετε
322 625 577 697 ἡμετέραν
604 628 948 699 ὑπάρχουσαν
971 630 1015 661 δ’
1038 648 1053 693 ;
1088 631 1337 699 λέγουσιν
1370 635 1416 685 οἱ
1443 634 1664 703 ἄγγελοι

145 723 252 784 πρὸς
273 716 442 772 αὐτόν’
475 714 528 767 τί
570 734 650 768 σοι
679 718 740 769 τὸ
770 719 1013 790 σόφισμα
1038 723 1095 774 ἐν
1124 723 1260 794 αὐτῇ
1283 764 1297 788 ,
1330 725 1484 787 sine;
1514 725 1663 794 λέγει

140 814 212 872 οὖν
244 812 429 871 αὐτοῖς·
465 809 546 861 ὅτι
592 809 697 873 ἕως
738 812 840 881 τῆς
881 813 1139 885 τελευτῆς
1179 816 1345 869 αὐτοῦ
1381 818 1660 889 ἐπόρνευε,

140 908 217 963 καὶ
238 906 321 973 τὴν
342 898 618 971 σοδομινὴν
641 903 912 975 ἁμαρτίαν
934 906 1194 971 πολλάκις
1221 908 1325 980 ἰδίᾳ
1350 912 1662 980 προαιρέσει

138 1000 394 1071 εἰργάζετο.
430 994 489 1046 οὐ
527 996 687 1064 μόνον
729 996 785 1049 δέ
831 996 1009 1062 τοῦτο,
1050 999 1185 1053 ἀλλὰ
1230 1001 1322 1054 καὶ
1359 1001 1541 1073 ἔκρινε
1572 1002 1663 1056 τὸν

138 1088 320 1159 πλησίον
343 1082 496 1136 αὑτοῦ
520 1083 794 1154 λοιδόρως,
819 1086 914 1139 καὶ
942 1088 993 1140 τί
1016 1084 1108 1142 οὖν
1133 1089 1432 1162 δεινότερον
1457 1091 1662 1146 τούτων

135 1184 218 1236 τῶν
250 1174 589 1246 ἐγκλημάτων
623 1176 773 1247 ἔχετε
807 1181 987 1251 εὑρεῖν
1020 1182 1078 1233 ἐν
1116 1181 1297 1253 αὐτῷ;
1334 1184 1582 1251 λέγουσιν
1612 1186 1661 1238 οἱ

132 1270 338 1340 ἄγγελοι·
379 1267 423 1318 εί
470 1266 563 1318 καὶ
597 1262 665 1337 ἦν
705 1268 1074 1340 δεδουλωμένη
1113 1272 1146 1338 ἡ
1181 1271 1327 1341 ψυχὴ
1364 1271 1503 1343 αὕτη
1549 1276 1660 1337 τοῖς

132 1364 343 1422 τοιούτοις
371 1357 617 1422 πάθεσιν,
646 1360 757 1412 ἀλλ’
794 1361 1016 1431 ἐξέκοψε
1048 1363 1218 1416 ταῦτα
1250 1365 1307 1430 ἐξ
1336 1365 1503 1436 αὐτῆς
1530 1366 1660 1437 πρὶν

132 1452 225 1522 is
258 1448 392 1509 τέλος
420 1448 590 1518 αὐτῆς
630 1448 823 1501 ἐλθεῖν.
857 1449 1004 1520 λέγει
1046 1451 1102 1504 δὲ
1146 1453 1174 1504 6
1212 1452 1485 1517 διάϐολος·
1516 1455 1657 1526 οὐχί,

132 1546 207 1597 οὐκ
230 1542 349 1605 ἔστι,
381 1538 455 1599 ὡς
488 1539 675 1607 λέγετε
706 1541 774 1605 ⁸³,
805 1542 942 1596 ἀλλὰ
978 1544 1346 1617 άμετανόητος
1377 1546 1659 1618 ἐτελεύτη-

132 1650 197 1685 σεν
229 1631 320 1692 ἕως
366 1628 601 1700 ἐσχάτης
636 1631 942 1702 ἀναπνοῆς,
979 1635 1102 1704 μηδ’
1130 1636 1265 1700 ὅλως
1312 1639 1655 1709 παυσάμενος

128 1723 199 1784 τὰς
221 1720 452 1789 ἀνομίας·
484 1720 723 1791 οὐδαμοῦ
751 1723 946 1794 εὑρέθη
978 1724 1324 1797 ἐξαγόρευσιν
1352 1732 1655 1801 ποιησάμε-

124 1832 191 1876 νος
214 1812 252 1843 ιδ
278 1810 375 1863 ⁶ιῶν
403 1812 690 1883 ἁμαρτιῶν
721 1814 884 1866 αὐτοῦ
926 1816 1115 1869 πασῶν
1146 1817 1213 1879 ιδ,
1246 1820 1279 1889 ἢ
1309 1820 1518 1891 ἀποχὴν
1545 1822 1654 1876 τῶν

128 1903 330 1975 πονηρῶν
350 1903 735 1974 ποιησάμενος,
765 1906 879 1958 ἀλλ’
906 1906 1078 1971 οὕτως
1103 1909 1440 1982 ἐτελεύτησε,
1470 1911 1654 1976 δοῦλος

124 1994 182 2047 ὢν
211 1996 295 2064 τῆς
332 1994 606 2064 ἁμαρτίας
639 1996 733 2047 καὶ
764 1995 896 2066 ἐμὸς
944 1999 1299 2071 συνεργάτης.
1340 2001 1461 2054 τότε
1504 2001 1652 2070 λέγει

120 2082 181 2151 εἷς
230 2086 325 2138 τῶν
376 2086 628 2153 ἀγγέλων
690 2086 783 2140 τοῦ
825 2088 962 2141 Θεοῦ
999 2104 1012 2118 ο
1060 2091 1275 2161 ἀληθῶς
1335 2111 1417 2146 σοι
1477 2095 1522 2126 ιο
1573 2096 1651 2166 τῷ

116 2176 261 2249 ἐχθρῷ
304 2178 360 2230 οὐ
405 2177 773 2248 πιστεύομενο
812 2180 947 2244 ὃλως
993 2182 1100 2253 γὰρ
1130 2183 1323 2252 ψεῦδος
1363 2186 1647 2256 ὑπάρχεις,

117 2269 346 2340 ἀκάθαρτε
366 2286 380 2300 ο
406 2270 547 2323 ἀλλὰ
576 2270 828 2343 κληθήτω
850 2273 895 2304 ⁸⁷
919 2275 948 2326 ὁ
975 2274 1208 2342 ἄγγελος
1232 2278 1260 2329 6
1291 2277 1400 2329 ἀπὸ
1427 2277 1519 2330 τοῦ
1554 2278 1649 2348 βα-

113 2362 373 2431 πτίσματος
409 2361 588 2424 δοθεὶς
631 2362 779 2433 αὐτῷ
822 2366 900 2427 εἰς
936 2367 1362 2437 παραφυλακήν,
1398 2370 1648 2436 κάκεῖνος

114 2453 275 2520 φράσει
302 2450 391 2521 τὴν
415 2451 701 2522 ἀλήθειαν,
731 2454 806 2516 ὡς
836 2454 1002 2507 ἔστιν.
1029 2454 1104 2518 ὡς
1130 2456 1186 2509 δὲ
1217 2456 1416 2529 ἐκλήθη
1445 2461 1643 2526 ἐκεῖσε,

109 2536 163 2609 ἦν
196 2540 288 2611 γὰρ
324 2539 721 2611 ἀσχολούμενος
752 2543 880 2613 περὶ
916 2544 1014 2614 τῆς
1054 2544 1233 2614 ταφῆς
1275 2547 1369 2599 τοῦ
1398 2547 1647 2618 σώματος

110 2630 274 2693 αὑτοῦ,
318 2630 568 2698 λέγουσιν
606 2629 652 2663 ⁸⁸
710 2634 760 2685 οἱ
814 2635 1035 2702 ἄγγελοι
1091 2637 1273 2707 αὐτῷ·
1322 2639 1442 2692 εἰπὲ
1489 2642 1641 2711 ἡμῖν,

108 2720 256 2790 ἑταῖρε
280 2720 320 2750 ⁸³
339 2736 352 2750 ·
383 2721 414 2790 ὴ
459 2720 614 2791 ψυχὴ
642 2721 781 2793 αὕτη
820 2725 1144 2796 μετενόησεν
1183 2726 1278 2779 ἐπὶ⁸
1308 2731 1429 2793 ταῖς
1460 2731 1642 2802 ἀμάρη-

109 2809 225 2871 τίσις
256 2808 409 2879 αὐτῆς
439 2810 474 2880 ἦ
526 2812 894 2865 συναπέθανεν
930 2815 1155 2881 αὑταῖς;
1192 2818 1286 2871 καὶ
1327 2819 1641 2892 ἀποκριθεὶς

113 2899 262 2962 αὐτοῖς
288 2896 430 2954 εἷπεν
458 2903 491 2953 ὁ
542 2900 795 2971 ἄγγελοςυ
840 2904 948 2957 ἀπὸ
991 2907 1089 2977 τῆς
1122 2908 1288 2980 ὧρας,
1331 2912 1389 2965 ἐν
1513 2931 1643 2968 κατ-

110 2994 272 3046 έπεσεν
315 2995 369 3045 ἐν
410 2996 476 3065 τῇ
525 2994 702 3065 νόσῳ,
739 2998 868 3069 πρὶν
911 2998 944 3069 ἢ
989 3000 1150 3054 αὑτὸν
1189 3002 1520 3076 βαρυνθῆναι
1557 3011 1640 3073 εἰς

111 3086 295 3155 μνήμην
319 3088 363 3118 ⁸⁸
402 3086 580 3139 ἐλθὼν
624 3087 717 3140 τοῦ
752 3086 1012 3153 θανάτου,
1056 3091 1258 3161 ἤρξατο
1293 3095 1507 3167 θρηνεῖν
1545 3102 1639 3153 καὶ

100 3172 343 3243 δακρύειν,
377 3177 472 3228 καὶ
510 3178 770 3231 ἐκάλεσεν
809 3179 982 3232 ἐλθεῖν
1020 3182 1111 3235 τὸν
1140 3186 1506 3258 πρεσϐύτερον
1536 3192 1635 3261 τῆς

101 3266 382 3337 ἐκκλησίας,
415 3272 516 3323 καὶ
550 3269 687 3323 κατὰ
720 3270 891 3340 μόνας
925 3271 1127 3343 ἦρξατο
1166 3275 1381 3346 θρηνεῖν
1411 3280 1503 3332 καὶ
1542 3281 1634 3335 δα-

97 3358 250 3425 κρύειν
298 3361 389 3413 καὶ
447 3360 891 3429 ἐξομολογεῖσθαι
947 3363 1127 3426 πάσας
1154 3366 1198 3397 ⁸¹
1250 3365 1327 3436 τῷ
1376 3368 1494 3439 Θεῷ
1535 3370 1632 3434 τὰς

98 3450 332 3520 ἁμαρτίας
375 3453 546 3506 αὐτοῦ
578 3453 808 3507 ἐνώπιον
843 3454 937 3507 τοῦ
977 3456 1199 3528 ἱερέως,
1245 3461 1498 3515 ἐκτείνων
1533 3464 1631 3527 τὰς

93 3544 248 3611 χεῖρας
288 3544 447 3598 αὑτοῦ
502 3545 642 3616 πρὸς
680 3545 770 3597 τὸν
808 3546 1057 3616 οὐρανόν,
1100 3550 1313 3621 πικρῶς
1359 3555 1631 3618 στενάζων

93 3634 169 3685 καὶ
190 3635 516 3706 ὀδυρόμενος.
549 3639 595 3689 εἰ
621 3633 713 3690 οὗν
739 3637 1115 3710 συνεχώρησεν
1144 3642 1172 3694 6
1192 3642 1322 3706 Θεὸς
1358 3645 1561 3716 ταύτην
1584 3648 1628 3680 ⁵²

88 3728 141 3793 τῇ
167 3727 313 3779 αὑτοῦ
356 3728 600 3799 ἐξουσίᾳ,
644 3730 737 3782 καὶ
770 3731 913 3800 μάλα
942 3732 1184 3795 εἰκότως,
1222 3729 1322 3787 εἴτ’
1344 3736 1463 3807 οὐχὶ
1504 3738 1630 3802 δόξα

88 3815 139 3882 τῇ
170 3814 526 3891 δικαιοκρισίᾳ
552 3820 598 3852 ⁸³
626 3821 825 3885 αὐτοῦς
856 3821 1028 3876 ταῦτα
1064 3824 1395 3890 ἀκούσαντες
1435 3831 1481 3881 οῖ
1530 3831 1625 3883 τοῦ

87 3905 234 3969 φωτὸς
261 3908 474 3978 ἄγγελοι
511 3908 893 3980 κατεγέλέλετο
930 3912 1006 3984 τῷ
1041 3914 1271 3987 διαϐόλῳ
1300 3918 1559 3983 ἐάσαντες
1580 3922 1628 3953 ⁸⁸

86 3996 236 4050 αὐτόν.
270 4004 356 4054 καὶ
391 4004 567 4067 ὅντως
606 4005 881 4074 παρῆλθεν
928 4007 962 4075 ὴ
1009 4005 1152 4076 ψυχὴ
1197 4009 1377 4079 ἐκείνη
1426 4012 1489 4064 ἐκ
1528 4012 1626 4083 τῆς

83 4088 275 4156 παγίδος
298 4094 343 4125 ⁸⁵
380 4096 492 4148 τῶν
544 4095 897 4166 θηρευόντων.
940 4097 1031 4149 καὶ
1073 4099 1233 4151 πάλιν
1265 4100 1481 4172 θεωρῶ,
1531 4105 1625 4156 καὶ

82 4179 297 4246 ἐφαίνετο
322 4187 483 4257 ἐτέρα
514 4187 683 4259 ψυχή·
704 4184 771 4259 ἦν
798 4187 853 4240 δὲ
885 4187 1043 4256 φύσει
1072 4192 1342 4262 εὐνοῦχος.
1373 4196 1463 4247 καὶ
1494 4214 1624 4250 κατ-

78 4274 278 4344 ηγόρουν
317 4279 468 4349 αὐτῷ
501 4281 755 4349 μεγάλως
807 4282 855 4334 οἱ
892 4283 1143 4352 δαίμονες
1181 4284 1491 4355 ἐλέγχοντες
1526 4290 1622 4342 αὐ-

78 4362 153 4413 τοῦ
193 4367 310 4434 μιᾶς
344 4368 589 4439 ἑκάστης
624 4372 893 4441 ἁμαρτίας
925 4375 1044 4426 κατ’
1083 4370 1217 4437 εἶδος
1253 4379 1343 4430 καὶ
1374 4378 1464 4430 τὸν
1498 4381 1623 4450 τρό-

1768 554 1871 593 nos
1893 541 2255 609 pertinentem
2276 544 2300 596 ?
2321 542 2675 613 Respondent
2705 547 2878 616 angeli
2898 549 2947 601 ei
2971 566 2983 601 :
3009 547 3129 613 Quo
3150 551 3336 618 sophi-

1765 638 1940 686 smate
1955 634 2129 690 uteris
2146 635 2200 689 in
2217 650 2305 699 ea,
2324 636 2443 691 dic!
2470 637 2782 707 Respondet
2798 638 2865 691 iis
2887 657 2900 692 :
2920 638 3058 704 Quia
3074 655 3245 710 usque
3265 641 3336 695 ad

1762 721 1925 777 tinem
1958 725 2101 780 vitae
2131 725 2510 784 fornicabatur
2547 738 2601 784 ct
2634 730 3014 786 sodomiticum
3050 741 3333 800 peccatum

1763 826 1924 881 saepe
1937 815 2159 884 propria
2178 818 2455 873 voluntate
2469 820 2836 889 perpetrabat.
2854 818 3103 889 Nequeid
3120 822 3329 875 solum:

1762 909 1817 956 et
1842 903 2117 958 iudicabat
2139 906 2447 975 proximum
2473 924 2631 962 suum
2660 910 3035 975 calumnians;
3071 916 3125 962 et
3156 907 3333 977 quod-

1762 1010 1888 1048 nam
1925 998 2147 1066 gravius
2180 999 2330 1054 bisce
2368 1001 2693 1055 criminibus
2731 1002 2961 1070 potestis
2997 1000 3240 1056 invenire
3274 1000 3327 1054 in

1761 1088 1860 1141 eo?
1884 1085 2079 1141 Dicunt
2101 1091 2277 1160 angeli
2301 1105 2316 1142 :
2335 1090 2563 1145 Etiamsi
2585 1091 2718 1145 haec
2738 1091 2904 1161 288
2925 1092 3106 1145 anima
3132 1091 3186 1144 in
3211 1106 3329 1147 ser-

1760 1178 1936 1233 vitute
1957 1187 2075 1235 erat
2095 1181 2285 1234 talium
2320 1181 2634 1247 libidinum,
2676 1191 2859 1237 tamen
2897 1183 3195 1237 eradicavit
3233 1199 3327 1239 eas

1759 1282 1825 1321 ex
1864 1283 1923 1323 se
1962 1277 2255 1336 antequam
2307 1270 2431 1324 linis
2486 1271 2607 1327 eius
2659 1272 2901 1329 advenit.
2954 1272 3100 1327 Dixit
3146 1282 3324 1328 autem

1759 1357 2013 1414 diabolus
2041 1378 2054 1413 :
2089 1358 2336 1425 Minime,
2362 1376 2469 1416 non
2498 1369 2582 1415 est
2614 1370 2673 1415 ut
2706 1362 2908 1428 dicitis,
2934 1363 3028 1417 sed
3056 1364 3173 1416 sine
3192 1378 3327 1416 con-

1759 1451 1982 1505 tritione
2022 1453 2327 1521 permansit
2365 1452 2432 1506 ad
2478 1464 2781 1508 extremum
2830 1469 3006 1523 usque
3047 1453 3320 1522 spiritum,

1760 1558 1863 1597 nec
1907 1559 2131 1613 prorsus
2177 1560 2208 1599 a
2259 1544 2479 1616 ﬂagitiis
2515 1546 2802 1600 abstinuit.
2851 1544 3205 1614 Nequaquam
3238 1545 3323 1598 in—

1758 1634 2080 1688 veniebatur
2134 1637 2536 1692 abrenuntians
2591 1636 2847 1692 omnibus
2897 1638 3135 1706 peccatis
3182 1636 3317 1701 suis,

1757 1734 1849 1778 aut
1883 1727 2166 1783 abstinens
2201 1743 2232 1781 a
2259 1729 2436 1793 malis,
2469 1728 2565 1784 sed
2590 1729 2670 1784 sic
2696 1729 2957 1793 decessit,
2988 1736 3174 1797 utpote
3201 1744 3319 1784 ser-

1681 1803 1729 1863 Β
1754 1833 1858 1873 vus
1895 1819 2107 1889 peccati
2142 1828 2197 1875 et
2233 1836 2387 1877 meus
2422 1830 2763 1891 cooperator.
2793 1821 2931 1876 Tum
2979 1822 3054 1875 ait
3084 1837 3226 1876 unus
3252 1837 3321 1876 ex

1756 1909 1966 1977 angelis
1993 1908 2092 1964 Dei
2127 1928 2141 1964 :
2171 1909 2311 1965 Vere
2351 1912 2447 1966 tibi
2473 1912 2790 1967 adversario
2822 1912 2980 1967 ﬁdem
3015 1928 3122 1967 non
3154 1913 3320 1967 babe-

1753 2014 1897 2053 mus.
1939 1998 2175 2054 Omnino
2202 2001 2349 2056 enim
2389 2002 2730 2057 mendacium
2760 2018 2844 2069 es,
2878 2002 3177 2058 immunde.
3210 2002 3319 2058 Sed

1754 2092 2050 2148 areessitor
2093 2094 2319 2165 angelus
2368 2094 2495 2150 inde
2537 2110 2568 2148 a
2614 2094 2939 2164 baptismate
2974 2095 3134 2150 datus
3168 2096 3218 2150 ei
3261 2096 3319 2149 in

1750 2184 2080 2248 custodiam,
2110 2193 2165 2240 et
2200 2185 2294 2240 ille
2339 2185 2609 2240 indicabit
2642 2187 2949 2253 veritatem,
2992 2189 3173 2258 qualis
3211 2200 3316 2244 est.

1750 2274 1853 2341 Qui
1883 2283 1941 2329 ut
1966 2283 2200 2331 vocatus
2226 2283 2313 2330 est
2342 2275 2493 2338 illuc,
2520 2286 2641 2332 erat
2670 2278 2818 2333 enim
2842 2287 3147 2349 occupatus
3170 2280 3319 2335 circa

1750 2366 2090 2435 sepulturam
2133 2367 2386 2438 corporis
2431 2368 2573 2433 eius,
2628 2369 2817 2425 dicunt
2863 2370 2914 2426 ei
2954 2371 3129 2442 angeli
3172 2390 3185 2426 :
3223 2372 3319 2425 Dic

1749 2458 1934 2522 nobis,
1983 2461 2191 2525 amice;
2225 2460 2434 2516 haecne
2475 2463 2657 2516 anima
2679 2478 2944 2519 conversa
2989 2474 3075 2520 est
3116 2481 3147 2520 a
3192 2483 3319 2538 pec-

1748 2551 1891 2605 catis
1926 2551 2063 2614 suis,
2096 2568 2163 2606 an
2195 2554 2250 2607 in
2291 2554 2359 2607 iis
2389 2555 2561 2608 obiit?
2585 2556 2662 2609 Ac
2701 2557 3037 2626 respondens
3067 2560 3138 2615 iis
3177 2562 3317 2616 dixit

1749 2643 1976 2711 angelus
1994 2660 2009 2696 :
2029 2644 2109 2698 Ab
2123 2644 2279 2709 hora,
2302 2661 2407 2715 qua
2430 2646 2486 2700 in
2513 2648 2763 2702 morbum
2785 2649 2998 2715 incidit,
3024 2662 3315 2725 antequam

1749 2731 2175 2804 ingravesceret,
2223 2740 2618 2794 recordabatur
2662 2743 2878 2807 mortis,
2918 2752 2974 2797 et
3017 2746 3316 2816 incipiebat

1749 2839 1969 2894 gemere
2001 2834 2057 2881 et
2092 2828 2392 2894 Iacrimari,
2433 2841 2487 2885 et
2518 2834 2703 2887 vocari
2738 2835 2899 2891 iussit
2934 2840 3315 2910 presbyterum

1747 2920 2040 2984 ecclesiae,
2083 2929 2137 2976 et
2168 2922 2489 2993 singillatim
2522 2927 2701 2995 coepit
2726 2928 2984 2999 plangere
3021 2939 3075 2986 et
3117 2933 3315 2990 deﬂere

1746 3022 1799 3066 et
1843 3012 2089 3067 conﬁteri
2122 3016 2305 3068 omnia
2334 3028 2563 3085 peccata
2610 3034 2708 3073 sua
2754 3019 2866 3075 Deo
2900 3036 3089 3078 coram
3128 3041 3313 3082 sacer-

1745 3102 1895 3166 dote,
1928 3105 2229 3159 extendens
2256 3121 2454 3163 manus
2476 3124 2605 3164 suas
2639 3125 2835 3169 versus
2866 3116 3102 3182 coelum,
3130 3133 3314 3176 amare

1742 3195 2033 3265 suspirans
2047 3204 2101 3250 et
2116 3198 2548 3267 congemiscens.
2567 3200 2625 3256 Si
2643 3203 3028 3274 igiturremisit
3042 3208 3186 3265 Deus
3208 3211 3313 3267 hoc.

1740 3295 2029 3355 peccatum
2065 3303 2133 3343 ex
2165 3299 2436 3359 potestate
2457 3308 2578 3361 sua,
2607 3303 2662 3348 et
2693 3297 2795 3350 hoc
2831 3298 2985 3353 valde
3014 3312 3309 3358 consenta-

1738 3394 1900 3432 neum
1919 3388 2025 3445 est,
2043 3396 2221 3436 nonne
2242 3391 2356 3437 tum
2376 3385 2549 3453 gloria
2566 3386 2712 3441 iusto
2727 3387 2899 3457 ipsius
2918 3390 3309 3451 iudicio?Haec

1738 3470 2022 3526 audientes
2047 3472 2188 3526 lucis
2219 3476 2397 3544 angeli
2429 3476 2723 3532 irriserunt
2747 3480 3047 3546 diabolum,
3084 3486 3309 3542 mitten-

1738 3566 1820 3613 tes
1850 3574 1999 3615 eum.
2044 3562 2124 3615 Ac
2153 3578 2281 3618 vere
2312 3565 2487 3619 evasit
2525 3567 2708 3623 anima
2748 3569 2840 3623 illa
2870 3586 2900 3625 e
2936 3573 3133 3643 laqueo
3172 3578 3309 3632 insi-

1736 3649 2032 3706 diatorum.
2080 3652 2156 3707 Ac
2189 3655 2317 3708 dum
2349 3671 2545 3712 rursus
2575 3660 2879 3728 conspicio,
2913 3669 3164 3734 apparuit
3199 3671 3307 3725 alia

1735 3741 1936 3797 anima.
1966 3742 2097 3798 Erat
2125 3754 2306 3801 autem
2335 3758 2532 3804 natura
2562 3753 2870 3823 eunuchus,
2898 3768 2950 3810 et
2972 3762 3306 3816 accusabant

1733 3847 1858 3887 eum
1880 3834 2101 3903 copiose
2124 3836 2440 3904 daemones,
2463 3844 2854 3911 exprobrantes
2875 3849 2925 3902 ei
2952 3852 3304 3909 uniuscuius-

1732 3940 1839 3995 que
1856 3928 2071 3994 peccati
2097 3930 2382 3998 speciatim
2399 3942 2453 3987 et
2469 3936 2690 3988 modum
2709 3947 2761 3991 et
2781 3938 2983 4007 locum,
3008 3957 3304 4000 recensen-

1731 4024 1816 4073 tes
1846 4018 1967 4073 eius
1994 4020 2375 4090 improbitates
2394 4032 2448 4078 et
2472 4025 2613 4079 facta
2651 4030 2851 4099 turpia.
2897 4030 2962 4084 Et
3003 4037 3178 4104 angeli
3204 4036 3301 4092 Dei

1731 4111 2207 4180 obloquebantur,
2271 4116 2513 4172 iustitiae
2567 4134 2733 4189 opera
2775 4124 3039 4192 quaedam
3104 4127 3302 4185 habere

1730 4217 1878 4256 eum.
1928 4202 1987 4257 In
2020 4205 2129 4258 vita
2173 4207 2317 4261 enim
2363 4210 2581 4280 saepius
2621 4223 2675 4267 et
2714 4216 3047 4284 pauperibus
3089 4221 3299 4291 aliquid

1729 4295 2020 4363 erogabat;
2042 4298 2245 4352 aclicet
2263 4301 2386 4353 mali
2410 4303 2540 4371 quid
2561 4303 2707 4367 fecit,
2739 4310 2921 4361 statim
2938 4315 3299 4369 converteba-

1727 4392 1819 4438 tur
1837 4386 1889 4439 in
1906 4387 2318 4453 contritionem,
2338 4400 2393 4446 et
2411 4392 2733 4462 obiurgabat
2750 4411 2807 4450 se
2827 4398 3000 4466 ipsum
3023 4411 3075 4455 et
3092 4404 3301 4473 vitupe«

78 4464 158 4499 πον
184 4452 267 4503 καὶ
299 4454 390 4506 τὸν
425 4456 597 4509 τόπον
617 4500 631 4518 ,
663 4459 911 4529 λέγοντες
937 4461 1037 4525 τὰς
1073 4463 1238 4516 αὑτοῦ
1274 4468 1538 4539 πονηρίας
1574 4472 1620 4503 ⁵⁸

78 4539 342 4564 ..-Χ-,Δνκκ
450 4548 461 4564 ν
595 4549 607 4564 I
768 4552 779 4564 ι
844 4552 855 4564 ο
893 4552 914 4564 ιι
1024 4553 1040 4564 ι
1195 4554 1220 4564 ..-
1255 4555 1286 4564 Α
1357 4557 1381 4564 ..
1421 4561 1430 4564 -
1523 4561 1548 4564 __

1743 4478 1890 4531 rabat
1914 4486 1969 4532 et
1999 4479 2397 4549 ingemiscebat
2439 4484 2757 4541 lacrimans.
2790 4452 2861 4541 Etl
2886 4491 3017 4545 haec
3048 4452 3295 4553 dicenies

76 4539 150 4589 καὶ
166 4543 379 4612 πράξεις
406 4548 665 4619 αἰσχράς.
699 4552 789 4603 καὶ
809 4552 859 4603 oi
884 4552 1103 4620 ἄγγελοι
1129 4554 1222 4606 τοῦ
1249 4555 1383 4610 Θεοῦ
1408 4561 1621 4615 ἀντέλε-

76 4643 181 4694 γον,
208 4634 557 4708 δικαιώματά
591 4657 709 4693 τινα
749 4642 891 4713 ἔχειν
927 4646 1089 4699 αὐτόν
1116 4662 1128 4675 ·
1161 4648 1218 4699 ἐν
1254 4651 1319 4719 τῇ
1357 4649 1468 4723 ζωῇ
1510 4654 1618 4726 γὰρ

73 4720 208 4775 αὖτοῦ
243 4727 507 4792 πολλάκις
537 4732 632 4785 καὶ
666 4737 901 4803 πτωχοῖς
928 4752 979 4788 τι
1012 4736 1166 4789 ἐδίδω
1185 4739 1252 4804 ³⁷,
1282 4740 1397 4793 ἀλλ’
1435 4720 1484 4797 εἰ
1521 4720 1616 4800 καλ

74 4816 273 4882 πονηρόν
307 4835 361 4869 τι
404 4820 695 4891 ἐποίησεν,
741 4826 940 4888 εὐθέως
980 4829 1272 4899 ἐστρέφετο
1321 4836 1615 4903 μετανοῶν,

69 4902 143 4952 καὶ
168 4904 427 4973 ὠνείδιζεν
457 4913 650 4965 ἑαυτὸν
676 4914 772 4966 καὶ
803 4916 1080 4987 ἐμέμφετο
1121 4922 1214 4974 καὶ
1247 4924 1498 4991 ἐστέναξε
1523 4902 1616 4983 60t-

70 4994 241 5061 κρὺων.
274 5003 365 5054 καὶ
410 5004 590 5057 ταῦτα
629 5006 873 5073 λέγοντες
907 5013 954 5064 οἱ
984 5012 1200 5081 ἄγγελοι
1223 5016 1316 5068 τοῦ
1344 5018 1479 5072 Θεοῦ
1510 5022 1609 5075 διι-

69 5088 351 5155 σχυρὶζοντο
374 5096 421 5127 ⁵⁸
476 5096 575 5148 καὶ
628 5100 935 5166 κατεγέλων
963 5103 1007 5133 δ’
1057 5104 1130 5174 μὴ
1189 5108 1536 5178 κτερίζοντας
1566 5115 1611 5145 ⁶⁰

66 5176 167 5238 τοὺς
194 5178 448 5252 δαίμονας
476 5186 859 5259 ἁνθιστάμενοι
890 5193 984 5244 καὶ
1024 5195 1304 5261 πείθοντες
1329 5199 1394 5266 ⁶¹,
1422 5200 1538 5274 [ὡς]
1564 5204 1606 5235 ⁸⁸

1725 4570 1904 4639 angeli
1936 4570 2031 4624 Dei
2058 4572 2328 4637 vicerunt,
2376 4574 2542 4644 289
2565 4582 2619 4630 et
2641 4576 2952 4634 deriserunt
2977 4582 3291 4650 daemones,

1724 4663 1816 4732 qui
1866 4678 1977 4717 non
2015 4665 2311 4733 sepelirent
2349 4681 2496 4731 eum,
2541 4669 2901 4739 obloquentes
2951 4682 3114 4744 atque
3144 4677 3292 4731 obti-

1722 4764 1937 4818 nentes,
1960 4754 2129 4811 Deum
2162 4756 2364 4811 habere
2389 4766 2711 4826 potestatem
2746 4763 3041 4819 miserendi
3076 4769 3289 4825 animae

1718 4844 1860 4900 eius.
1890 4841 2108 4898 Rursus
2134 4852 2315 4899 autem
2342 4846 2595 4901 dicebant
2619 4851 2912 4907 daemones
2946 4869 3288 4927 conqueren-

1717 4942 1834 4991 tes:
1864 4934 1910 4988 A
1948 4936 2230 4990 iuventute
2276 4950 2397 5001 sua,
2442 4937 2718 5008 inquiunt,
2760 4946 2930 4999 multa
2962 4945 3088 5001 fecit
3117 4952 3283 5015 mala,

1715 5029 1901 5099 qualia
1944 5027 2279 5082 dedecebant
2302 5030 2500 5098 ipsum,
2540 5034 2632 5102 qui
2673 5034 3019 5094 Christianus
3047 5051 3194 5097 esset
3230 5056 3286 5098 et

1715 5119 2024 5182 eunuchus,
2070 5118 2374 5182 fornicans,
2401 5122 2735 5191 adulterans,
2780 5138 2835 5182 et
2873 5136 3281 5192 commaculans

1715 5225 1775 5264 se
1802 5211 1945 5274 istis,
1974 5210 2065 5279 qui
2106 5210 2489 5266 sodomiticum
2525 5226 2808 5285 peccatum
2851 5224 3280 5293 committerent,

1304 5338 1559 5399 VARIAE
1599 5344 1996 5406 LECTIONES.

116 5431 152 5510 ξ’
186 5433 311 5490 Cod.
340 5438 603 5507 ἡμετέρα
658 5444 1035 5513 ὑπάρχουσα.
1113 5452 1157 5483 ⁸³
1196 5455 1273 5508 Ex
1329 5461 1473 5514 coni.

64 5515 287 5575 παντων,
409 5514 455 5539 ⁵⁸
500 5515 676 5575 Corn,
710 5519 830 5568 Cod.
868 5520 968 5572 σύ.

65 5573 670 5657 coni"coddtxizisic).
721 5585 762 5614 ‘“
804 5586 939 5643 Cod.
972 5573 1218 5657 πάι-τειςή.

68 5648 303 5725 :fgis‘ic):
404 5650 452 5680 ⁸⁵
492 5648 626 5725 (loti.
677 5657 965 5725 παγήδος.

69 5707 743 5803 Ξὶςφά,.διῃσχιρρίζοντο.
771 5707 781 5725 ’
884 5707 1031 5803 .

67 5786 124 5842 ως
150 5786 294 5841 uncis
326 5786 605 5843 inclusam
629 5808 691 5846 ex
725 5797 869 5850 coni.
913 5800 1118 5853 addidi.

387 5885 663 5949 Pa'rnon.
697 5893 811 5953 GR.
849 5895 1141 5960 XXXIV.

1497 5501 1510 5521 9
1534 5532 1550 5536 Α
1564 5464 1687 5520 cod.
1716 5468 1969 5536 λέγεται.

1098 5520 1139 5551 ⁵⁷
1179 5525 1311 5579 God.
1346 5532 1639 5597 κληθεῖτο.

1295 5598 1339 5628 δ’
1380 5604 1599 5677 Scilicet
1622 5607 1914 5677 ἁμαρτίαν.
1992 5612 2037 5641 αδ
2079 5610 2169 5664 Sic
2192 5598 2313 5670 co'd.

1076 5662 1121 5692 ⁵⁸
1160 5666 1289 5741 Cod.
1329 5674 1651 5741 πονειρίας.

1776 5469 1969 5536 ἓγεται.
2050 5469 2094 5501 ⁸⁸
2147 5470 2279 5525 Cod.
2316 5476 2775 5545 ποιουσάμενος.
2844 5477 2889 5510 ⁸³
2936 5482 3113 5546 Corn,
3151 5485 3276 5538 cod.

1776 5540 1819 5568 ³⁸
1858 5538 1994 5586 Cod.
2029 5541 2126 5586 καὶ
2178 5543 2440 5586 λένηιιπωΑ
2569 5550 2611 5577 ⁸9
2650 5549 2762 5586 [Ἃιιῖ
2834 5551 2991 5586 ἇτέηο
3109 5555 3156 5586 30
3199 5555 3271 5586 1ιύ

1881 5538 1991 5581 ἶίὶίίΔ
2029 5541 2123 5581 νη)
2178 5543 2425 5581 λένηιικσυ
2569 5538 2611 5577 ἰν
2650 5538 2762 5581 Γηλ
2835 5551 2991 5581 Ᾱνιζηη
3102 5538 3156 5581 ’80
3199 5555 3233 5581 L‘

1858 5539 1994 5592 Cod.
2028 5541 2126 5592 καὶ
2178 5543 2444 5611 λέγουσιν.
2569 5539 2611 5577 δν
2650 5539 2784 5604 Cod.
2829 5551 3011 5618 ἐτέρε.
3102 5539 3156 5586 ’δθ
3196 5555 3275 5609 Ex

1858 5626 1914 5689 ιν..
1992 5612 2037 5641 ⁵³
2079 5610 2169 5664 Sic
2192 5615 2313 5670 cod.
2394 5617 2439 5648 δ”
2478 5620 2552 5669 lt‘x
2580 5620 2752 5684 cuni.,
2782 5623 2903 5675 cod.
2935 5622 3275 5689 εαπτήσαν-

1773 5680 1816 5709 ⁸⁷
1851 5678 2059 5751 Ανοςειη
2088 5698 2152 5751 ex
2188 5695 2341 5751 parte
2370 5690 2691 5742 exstinctam
2741 5678 2808 5743 ex
2851 5694 2994 5746 coni.
3034 5678 3272 5748 restitui.

1492 5745 1534 5774 ⁶⁰
1557 5744 1737 5813 Corn,
1764 5749 1882 5804 cod.
1909 5744 2303 5818 κτηρίζοντεο.
2370 5758 2409 5787 ⁶¹
2436 5758 2571 5812 Cod.
2597 5744 2907 5826 πήθοντες.
2924 5744 3050 5795 ml"-

2884 5931 2920 5987 8
