3950 6572
620 333 727 389 227

1405 334 1504 389 SS.
1573 328 2032 389 MACARIORUM
2073 326 2391 383 AEGYPTII
2433 326 2521 382 ET
2563 327 3037 384 ALEXANDRINI
3731 339 3809 397 398

620 463 783 522 atque
804 451 857 505 in
882 466 1071 507 omnes
1094 453 1387 517 insultans,
1417 452 1496 505 ira
1519 452 1888 506 exardescens
1915 458 1969 504 et
1990 450 2185 503 imma-

2291 442 2374 499 [να
2398 448 2442 479 ⁸³
2474 449 2502 500 ὁ
2527 447 2660 509 Θεὸς
2698 446 2809 517 ἔχει
2849 447 3066 517 ἐλεῆσαι
3105 444 3203 516 τὴν
3232 444 3410 515 ψυχὴν
3456 443 3636 499 αὐτοῦ.
3672 449 3808 519 ἔλεγον.

619 545 763 597 niter
781 544 1078 598 verberans
1100 544 1269 598 multa
1284 542 1573 598 homicidia
1594 542 1945 613 perpetravit.
1969 539 2126 606 Quod
2140 540 2187 595 si

620 633 749 690 huic
774 635 1004 690 debetur
1030 636 1199 697 salus,
1225 636 1457 705 accipite
1480 642 1534 690 et
1558 634 1823 688 mundum
1848 633 2186 695 universum,

621 733 675 779 et
717 742 909 781 omnes
942 734 1261 796 peccatores
1304 736 1484 780 terrae
1523 725 1764 795 gratuito
1819 724 2047 779 salvate.
2093 722 2189 776 Et-

620 819 766 873 enim
820 835 920 874 nos
975 818 1175 873 frustra
1212 819 1545 873 laboramus.
1578 816 1719 871 Tum
1758 817 1809 872 ei
1855 817 2190 887 respondent

621 910 841 979 angeli:
896 910 1192 974 Attendite,
1233 909 1441 974 miseri,
1474 909 1621 979 quod
1665 909 1851 964 omnia
1886 910 2001 970 illa,
2049 923 2190 979 quae

622 1001 861 1069 peccavit
888 1016 951 1054 ex
986 1000 1263 1055 iuventute
1297 1015 1419 1062 sua,
1455 1001 1778 1064 eradicavit,
1813 1007 1868 1055 et
1907 1001 2185 1055 abrenun-

619 1094 772 1146 tiavit
808 1094 895 1159 iis,
928 1101 981 1148 et
1014 1095 1158 1148 Deus
1194 1094 1243 1147 ei
1285 1096 1419 1148 haec
1450 1094 1687 1149 remisit.
1736 1092 1917 1163 Atque
1952 1093 2191 1147 eleetno-

618 1198 783 1252 synas
818 1189 871 1236 et
907 1182 1217 1237 oblationes
1250 1197 1348 1253 per
1380 1183 1700 1237 sacerdotes
1735 1182 1864 1237 fecit
1896 1182 1963 1236 ad
2002 1183 2188 1237 Domi-

618 1289 749 1328 num
778 1273 945 1328 Deum
976 1290 1073 1343 pro
1102 1275 1277 1329 salute
1304 1274 1521 1329 animae
1549 1290 1701 1329 suae.
1731 1273 1877 1340 Quid
1910 1274 2077 1344 igitur
2099 1288 2191 1327 vo-

618 1367 702 1421 bis
757 1366 990 1428 videtur,
1049 1366 1255 1420 bestiae
1316 1365 1589 1419 foetidae?
1647 1365 1985 1420 Convenitne
2046 1364 2188 1419 hanc

618 1458 857 1511 animam
895 1459 1072 1512 salute
1124 1458 1284 1527 potiri
1336 1473 1438 1511 nec
1485 1457 1597 1512 ne?
1641 1456 1853 1511 Etenim
1903 1455 2186 1523 Dominus,

619 1549 899 1603 hominum
928 1557 1157 1613 amator,
1186 1551 1287 1603 ista
1325 1550 1549 1613 iudicat,
1584 1563 1724 1618 quae
1752 1563 1848 1617 per
1877 1546 2188 1601 confessio-

619 1656 741 1695 nem
776 1640 831 1693 in
880 1642 1055 1694 lucem
1100 1655 1209 1694 non
1240 1641 1485 1694 veniunt.
1535 1639 1709 1694 Omne
1750 1638 1896 1692 enim
1937 1648 2187 1707 apertum

619 1733 712 1785 lux
741 1741 843 1786 est.
888 1730 1020 1784 Nam
1061 1731 1264 1796 omnia,
1305 1746 1445 1800 quae
1479 1730 1889 1785 conﬁtebuntur
1936 1729 2188 1784 homines

2287 540 2344 591 δὲ
2382 540 2542 593 πάλιν
2572 541 2622 591 οἱ
2654 540 2907 609 δαίμονες
2935 538 3396 609 ὲνθρηνησάμενοι
3415 537 3488 567 ⁶¹⁵ο
3525 538 3589 589 ὲκ
3615 540 3811 613 νεότητος

2288 632 2451 684 αὐτοῦ
2493 631 2661 684 πολλά
2700 631 2936 702 ἔπραξεν
2965 630 3133 695 κακὰ,
3172 627 3260 682 οἷα
3296 630 3396 681 οὐκ
3432 627 3657 698 ἔπρεπεν
3690 633 3812 689 αὐτὸν

2288 724 2614 796 Χριστιανὸν
2639 723 2768 777 ὄντα
2793 725 2887 776 καὶ
2914 722 3153 793 εὐνούχῳ
3171 723 3237 789 ⁸⁵,
3267 722 3568 793 πορνεύων,
3597 729 3815 793 μοιχείων

2293 819 2388 871 καὶ
2440 817 2666 887 μιαίνων
2720 814 2897 886 ἑαυτῷ
2948 816 3074 879 τοὺς
3118 815 3216 886 τὴν
3264 810 3548 884 σοδομινὴν
3592 815 3815 888 ἁμαρτίαν

2290 908 2695 979 ἐργαζομένους
2728 909 2795 974 ⁸⁸,
2840 908 3047 970 πάντας
3080 907 3137 959 δὲ
3176 905 3413 977 ὑϐρίζων
3443 911 3537 958 καὶ
3579 906 3819 980 ὀργιζόμε.

2291 1018 2379 1064 νος
2410 1001 2504 1053 καὶ
2532 1000 2751 1053 τύπτων
2772 999 2961 1064 δεινῶς
2987 998 3213 1061 πολλοὺς
3246 998 3441 1066 φόνους
3476 996 3758 1067 εἰργάσατο.
3783 1009 3817 1058 εἰ

2290 1086 2383 1144 οῦν
2417 1090 2619 1162 πρέπει
2663 1089 2838 1161 τούτῳ
2883 1089 3154 1160 σωτηρία,
3188 1088 3382 1142 λάϐετε
3418 1087 3511 1140 καὶ
3544 1087 3632 1139 τὸν
3660 1089 3822 1160 κόσμον

2290 1181 2429 1246 ὅλον,
2478 1181 2575 1234 καὶ
2616 1181 2825 1245 πάντας
2856 1182 2980 1244 τοὺς
3014 1179 3367 1251 ἁμαρτωλοὺς
3392 1179 3489 1249 τῆς
3521 1177 3623 1246 γῆς
3656 1180 3819 1237 acim-.3

2290 1271 2536 1342 δωρεάνο
2599 1272 2758 1342 ἡμεῖς
2787 1272 2830 1302 ⁸⁷
2889 1271 2995 1343 γὰρ
3052 1272 3130 1333 εἰς
3187 1270 3361 1340 μάτην
3420 1267 3706 1338 κοπιῶμεν.
3754 1274 3825 1326 καὶ

2288 1362 2505 1430 λέγουσι
2562 1362 2683 1415 τότε
2734 1361 2867 1433 πρὸς
2919 1361 3080 1414 αὐτὸν
3146 1361 3195 1412 οἱ
3252 1358 3507 1427 ἄγγελοιο
3552 1360 3822 1431 προσέχετε,

2289 1453 2485 1516 ἄθλιοι,
2535 1454 2647 1517 ὅτι,
2685 1452 2828 1522 ἆπερ
2862 1454 3112 1522 ἥμαρτεν
3148 1454 3213 1504 ὲκ
3250 1450 3503 1520 νεότητος
3555 1450 3738 1513 αὐτοῦ,
3780 1458 3827 1508 ἑκ

2292 1546 2509 1600 πάντων
2536 1544 2757 1598 ἐκείνων
2784 1543 3007 1613 ἐξέκοψε
3032 1544 3123 1596 καὶ
3146 1541 3377 1611 ἀπέστη,
3413 1540 3508 1593 καὶ
3539 1540 3568 1592 ὁ
3588 1539 3706 1605 Θεὸς
3732 1560 3826 1595 συν.

2290 1638 2539 1709 εχώρησε
2586 1636 2789 1690 ταῦτα’
2840 1637 2936 1691 καὶ
2982 1634 3351 1705 ἐλεημοσύνας
3398 1634 3491 1687 καὶ
3556 1639 3829 1706 προσεορὰς

2292 1731 2379 1784 διὰ
2429 1731 2535 1783 τῶν
2570 1730 2760 1801 ἱερέων
2793 1729 3016 1797 ἐποίησε
3058 1729 3193 1798 πρὸς
3233 1726 3423 1797 κύριον
3475 1726 3567 1778 τὸν
3599 1727 3721 1781 Θεὸν
3750 1731 3829 1784 ὐπὸ

617 1824 996 1878 sacerdotibus
1038 1824 1093 1877 in
1136 1823 1445 1879 humilitate
1492 1825 1665 1878 multa
1710 1832 1765 1878 et
1810 1838 1937 1877 cum
1976 1822 2186 1877 contri-

2291 1822 2525 1892 ψυχικῆς
2560 1823 2831 1893 σωτηρίας
2860 1822 3045 1876 αὐτοῦ.
3076 1821 3129 1873 τί
3159 1817 3253 1874 οῦν
3282 1821 3411 1890 ὑμῖν
3434 1818 3479 1850 ⁸⁸
3512 1819 3677 1884 δοκεῖ,
3702 1822 3833 1893 θηρία

617 1916 764 1969 tione
794 1930 861 1969 ex
901 1922 1016 1968 toto
1055 1916 1219 1969 corde
1269 1931 1391 1983 suo,
1431 1916 1774 1970 abstinentes
1810 1914 1971 1969 malis
2008 1913 2190 1983 operi-

618 2004 739 2070 bus,
763 2003 1078 2059 misericors
1109 2002 1253 2059 Deus
1278 2020 1386 2059 non
1419 2005 1673 2073 imputat.
1707 2004 1810 2070 Qui
1842 2018 1973 2058 vero
2005 2004 2190 2058 occul-

615 2103 734 2147 tant
762 2104 1002 2163 peccata,
1059 2102 1117 2147 ut
1165 2094 1404 2159 luceant,
1439 2094 1551 2149 Deo
1590 2103 1645 2149 et
1682 2095 1911 2161 homini,
1945 2108 2041 2150 eos
2073 2109 2191 2148 om-

616 2202 715 2240 nes
746 2186 952 2240 iudicat
992 2185 1136 2242 Deus
1168 2194 1223 2241 et
1260 2186 1511 2241 confutat
1544 2196 1600 2241 et
1640 2186 1972 2242 contumelia
2005 2186 2187 2250 allicit,

617 2278 838 2347 ignique
884 2278 1049 2331 tradit
1092 2278 1148 2332 in
1190 2278 1401 2333 inlinita
1437 2279 1675 2334 saecula.
1713 2278 1859 2335 Haec
1896 2295 2062 2349 quum
2094 2294 2191 2332 an-

617 2368 723 2435 geli
757 2369 1046 2433 dixissent,
1082 2370 1403 2438 repulerunt
1434 2369 1611 2424 malos
1653 2370 1904 2438 spiritus,
1932 2380 1981 2425 et
2015 2369 2096 2425 sic
2125 2370 2193 2424 il-

610 2461 728 2515 linc
749 2462 1141 2515 discesserunt.
1178 2460 1241 2512 Et
1273 2461 1508 2531 ingressi
1543 2468 1675 2516 sunt
1706 2461 1760 2514 in
1780 2471 1998 2531 portam
2029 2461 2187 2516 coeli.

606 2551 869 2607 Liberata
908 2563 991 2605 est
1037 2560 1219 2606 autem
1253 2560 1307 2606 et
1343 2552 1475 2607 haec
1508 2551 1693 2605 anima
1728 2566 1758 2605 a
1791 2552 1951 2607 malis
1984 2551 2190 2621 spiriti-

618 2646 718 2697 bus
749 2642 1006 2707 malitiae,
1044 2652 1095 2697 et
1130 2644 1349 2698 inventa
1386 2652 1471 2699 est
1513 2644 1710 2698 salutis
1741 2644 2019 2713 particeps
2047 2643 2190 2713 apud

614 2735 809 2795 Deum,
844 2733 938 2804 qui
968 2735 1142 2789 salvat
1177 2741 1490 2788 creaturam
1526 2748 1703 2788 suam.
1741 2733 1807 2788 Et
1838 2749 1965 2789 ecce
1994 2750 2190 2790 rursus

614 2827 720 2880 alia
752 2826 936 2880 anima
976 2841 1197 2881 sursum
1242 2825 1543 2891 ferebatur,
1572 2840 1713 2895 quae
1743 2833 1862 2880 erat
1900 2826 2189 2881 admodum

603 2918 871 2988 religiosa
919 2934 982 2971 ac
1012 2918 1215 2973 timens
1251 2917 1443 2981 Deum,
1485 2925 1673 2989 utpote
1707 2932 1847 2989 quae
1893 2918 2192 2990 eleemosy-

613 3023 741 3062 nam
779 3008 999 3078 largiter
1028 3010 1084 3061 in
1116 3008 1227 3061 vita
1268 3022 1365 3062 sua
1396 3006 1780 3064 distribuerat.
1810 3006 2054 3064 Habebat
2094 3023 2192 3062 au-

615 3108 722 3154 tem
756 3108 812 3154 et
849 3100 1135 3154 caritatem
1181 3113 1311 3169 erga
1356 3114 1547 3154 omnes
1572 3099 1844 3164 homines,
1887 3110 1942 3154 et
1968 3100 2192 3155 castita-

618 3204 726 3245 tem
764 3198 819 3244 et
859 3191 1233 3246 sanctitatem.
1282 3188 1570 3244 lnhiabant
1611 3206 1742 3245 vero
1779 3191 1830 3245 ei
1881 3190 2191 3251 daemones.

616 3281 1051 3353 290dentibus
1079 3282 1195 3337 suis
1222 3281 1536 3337 frendentes
1552 3281 1607 3336 in
1623 3297 1769 3337 eam.
1789 3283 1985 3336 Anima
2013 3291 2192 3339 autem

2296 1914 2652 1985 σαπριώμενα
2682 1916 2761 1981 ⁶⁹;
2796 1913 3004 1984 πρέπον
3038 1914 3155 1967 ἐστὶ
3186 1916 3249 1984 τῇ
3286 1912 3431 1982 ψυχῇ
3477 1911 3650 1983 ταύτῃ
3690 1931 3831 1983 σωτη-

2297 2006 2417 2078 ρίας
2444 2009 2626 2076 τυχεῖν
2659 2007 2691 2076 ἦ
2724 2005 2783 2058 οὐ
2810 2023 2824 2071 ;
2860 2006 2889 2058 ὁ
2921 2004 3028 2077 γὰρ
3060 2004 3438 2075 φιλάνθρωπος
3467 2003 3656 2075 κύριος
3688 2007 3835 2058 ἐκεῖνα.

2296 2102 2471 2171 κρίνει
2498 2101 2567 2163 το,
2611 2098 2647 2153 ἃ
2693 2099 2758 2151 δι’
2788 2095 3191 2166 ὲξαγορεύσεως
3248 2097 3327 2160 είς
3383 2094 3500 2165 φῶς
3553 2095 3649 2147 οὐκ
3694 2095 3836 2149 ἐλθού-

2299 2209 2401 2245 σιν.
2432 2192 2539 2243 πᾶν
2568 2190 2675 2261 γὰρ
2699 2189 2759 2243 τὸ
2786 2189 3185 2261 φανερούμενον
3209 2188 3321 2257 φῶς
3346 2188 3514 2241 ἐστιν’
3544 2188 3715 2241 πάντα
3732 2189 3835 2259 γὰρ,

2295 2286 2394 2338 ὅσα
2421 2283 2905 2355 ὲξομολογήσονται
2933 2284 2981 2334 οί
3007 2281 3282 2350 ἄνθρωποι
3318 2280 3406 2333 διὰ
3453 2279 3647 2351 ἱερέων
3687 2283 3739 2333 ὲν
3764 2300 3839 2333 τα-

2298 2376 2552 2431 πεινώσει
2584 2376 2750 2447 πολλῇ
2783 2374 2877 2429 καὶ
2923 2372 3211 2443 στεναγμῷ
3240 2371 3301 2437 ἐξ
3338 2372 3465 2441 ὅλης
3512 2372 3734 2441 καρδίας
3763 2375 3837 2425 αὐ·

2295 2469 2404 2522 τῶν
2428 2469 2521 2522 καὶ
2549 2468 2846 2522 παύσονται
2868 2466 2974 2519 τῶν
2999 2465 3250 2536 πονηρῶν
3272 2464 3549 2535 πράξεων,
3575 2466 3604 2516 ὁ
3629 2464 3841 2533 ἐλεήμων

2297 2561 2429 2624 Θεὸς
2478 2561 2538 2615 οὐ
2586 2559 2877 2628 λογίζεται.
2926 2558 3025 2622 τὰς
3073 2558 3346 2628 ἁμαρτίας
3396 2556 3766 2627 κρύψανταςτι
3796 2560 3840 2609 τὸ

2296 2654 2472 2707 δοκεῖν
2506 2652 2614 2705 ἀπὸ
2644 2651 2778 2705 Θεοῦ
2814 2653 2907 2705 καὶ
2938 2651 3247 2722 ἀνθρώπου,
3288 2650 3495 2713 πάντας
3530 2650 3724 2712 αὐτοὺς
3753 2652 3845 2720 x95-

2297 2764 2377 2798 νει
2401 2748 2447 2777 ⁷⁸
2476 2747 2505 2798 ὁ
2532 2744 2665 2808 Θεὸς
2692 2744 2787 2798 καὶ¹
2820 2744 3031 2814 ἐλέγχει
3072 2743 3163 2796 καὶ
3208 2742 3457 2806 ὀνειδίζει
3509 2743 3609 2796 καὶ
3637 2744 3713 2813 τῷ
3736 2746 3843 2812 πυρὶ

2298 2840 2578 2910 δοκιμάζει
2602 2841 2677 2901 εἰς
2708 2837 3095 2906 ἀτελευτήτους
3120 2834 3344 2898 αίῶνας.
3377 2833 3556 2888 ταῦτα
3577 2836 3627 2887 οἱ
3660 2834 3847 2902 ἄγγελοι

2299 2934 2542 2994 εἰπόντες
2592 2930 2923 2999 κατίσχυσαν
2956 2928 3002 2959 ⁷³
3034 2925 3101 2979 τὰ
3145 2926 3357 2997 πονηρά
3406 2924 3731 2995 πνεύματα,
3774 2928 3847 2977 καὶ

2290 3019 2469 3083 οὕτως
2495 3019 2780 3088 διέστησαν
2807 3016 2914 3072 τῶν
2953 3017 3090 3083 ἐκεῖ,
3120 3016 3216 3069 καὶ
3249 3015 3505 3086 εἰσῆλθον
3533 3017 3620 3079 είς
3658 3016 3751 3085 τὴν
3776 3016 3851 3067 tri-

2298 3112 2395 3181 λην
2440 3110 2533 3164 τοῦ
2579 3108 2830 3180 οὐρανοῦ.
2863 3105 3201 3178 ἐλευθερώθη
3242 3106 3299 3158 δὲ
3343 3108 3435 3159 καὶ
3470 3106 3618 3176 αῦτη
3654 3109 3687 3176 ἡ
3731 3106 3847 3175 ψυχὴ

2296 3202 2402 3257 ἀπὸ
2426 3203 2533 3254 τῶν
2568 3200 2819 3271 πονηρῶν
2852 3198 3175 3269 πνευμάτων
3203 3198 3303 3267 τῆς
3332 3199 3640 3269 πονηρίας,
3670 3200 3758 3251 καὶ
3782 3198 3851 3249 5'3-

2292 3294 2427 3365 ps’B-q
2466 3292 2740 3363 σωτηρίας
2769 3291 3008 3362 τυχοῦσα
3042 3290 3191 3360 παρά
3221 3289 3356 3343 Θεοῦ
3384 3289 3481 3343 τοῦ
3522 3290 3785 3354 σώζοντος
3807 3290 3853 3342 τὸ

606 3374 994 3431 ηοοιιιτειηοὸαι
1011 3373 1327 3443 conspicata
1345 3374 1687 3427 atrocitatem
1706 3389 1919 3439 eorum,
1934 3382 1986 3429 et
2006 3374 2186 3429 confu-

2295 3384 2521 3454 πλάσμα
2556 3381 2743 3436 αὐτοῦ.
2777 3382 2872 3435 καὶ
2907 3380 3013 3433 ἰδοὺ
3045 3380 3091 3454 ⁷ξ
3118 3380 3279 3432 πάλιν
3313 3381 3476 3452 ἑτέρα
3504 3381 3665 3452 ψυχὴ
3697 3380 3857 3449 ἀνεφέ-

617 3466 802 3533 giebat
831 3466 886 3519 in
921 3465 1146 3520 brachia
1184 3466 1505 3535 angelorum
1536 3463 1653 3520 Dei.
1682 3464 1788 3531 Qui
1816 3481 1945 3520 vero
1964 3466 2193 3522 descen-

614 3555 820 3608 debant
873 3553 1051 3623 angeli
1100 3562 1326 3623 propter
1366 3554 1504 3608 alias
1545 3556 1778 3619 animas,
1838 3564 2192 3611 occurrentes

612 3661 734 3699 eam
770 3644 1103 3699 salutabant.
1137 3641 1361 3697 Factum
1396 3651 1480 3698 est
1515 3652 1696 3699 autem
1725 3660 1893 3714 quum
1928 3645 2186 3716 ingrede-

613 3744 804 3791 rentur
830 3735 1007 3806 angeli
1046 3735 1268 3789 ianuam
1294 3734 1454 3799 coeli,
1482 3742 1736 3791 tenentes
1765 3745 2014 3792 sanctam
2040 3738 2187 3791 illam

613 3830 873 3891 animam,
901 3829 1116 3893 obviam
1155 3835 1427 3883 venerunt
1466 3842 1655 3883 omnes
1685 3837 1984 3899 potestates
2008 3831 2189 3884 coelo-

612 3939 754 3987 rum,
788 3930 842 3977 et
868 3922 1287 3976 consalutabant
1307 3936 1428 3975 eam
1459 3922 1761 3991 gaudentes
1802 3936 1865 3976 ac
1895 3922 2141 3977 dicentes
2172 3942 2185 3977 :

610 4014 797 4069 Gloria
827 4014 947 4078 tibi,
993 4012 1154 4078 Deus,
1203 4014 1347 4084 quod
1381 4014 1664 4084 redempta
1709 4025 1795 4072 est
1834 4017 1970 4072 haec
2002 4017 2186 4072 anima

611 4108 681 4161 ab
719 4107 827 4160 ima
852 4106 1111 4174 voragine
1132 4112 1186 4160 et
1219 4106 1286 4159 ab
1314 4104 1593 4161 horrendo
1623 4107 1887 4165 dracone.
1916 4108 1981 4164 Et
2011 4126 2186 4180 quan-

611 4208 726 4252 tum
756 4199 1123 4254 ascendebant
1165 4214 1410 4266 sursum,
1444 4207 1596 4255 tanto
1633 4202 1807 4273 magis
1840 4203 2186 4273 congratula-

609 4292 815 4347 bantur
860 4306 977 4345 eam
1012 4306 1200 4346 omnes
1239 4291 1464 4346 ordines
1509 4293 1803 4362 spirituum
1855 4296 2059 4351 laetitia
2096 4311 2187 4367 ge-

613 4384 856 4438 stientes.
883 4382 993 4436 Hoc
1014 4383 1158 4437 enim
1187 4383 1468 4453 proprium
1496 4394 1582 4440 est
1608 4393 1931 4440 sanctarum
1956 4396 2187 4457 potesta-

2298 3492 2438 3546 ρετο,
2469 3476 2589 3545 ἥτις
2618 3476 2662 3505 ⁷⁵
2690 3470 2757 3544 ἦν
2798 3472 2937 3526 πάνυ
2978 3470 3212 3541 εὐλαϐὴς
3242 3472 3334 3525 καὶ
3371 3472 3698 3543 φοϐουμένη
3719 3474 3761 3503 ⁷⁸
3787 3474 3857 3524 τὸν

2292 3568 2446 3632 Θεόν,
2469 3567 2569 3637 τὴν
2596 3566 2963 3637 ἐλεημοσύνην
2992 3566 3225 3637 ἰσχυρῶς
3253 3564 3344 3617 ἐπὶ
3376 3563 3529 3634 ζωῆς
3564 3566 3861 3618 πολιτευσα-

2296 3659 2428 3729 μὲνη
2454 3660 2521 3690 ⁷⁷’
2554 3654 2667 3727 εἶχε
2686 3658 2743 3710 δὲ
2767 3658 2859 3711 καὶ
2883 3658 3102 3727 ἀγάπην
3130 3656 3267 3727 πρὸς
3292 3656 3507 3719 πάντας
3534 3656 3857 3725 ἀνθρώπους,

2292 3748 2513 3816 ἁγνείαν
2551 3764 2609 3799 τε
2645 3748 2739 3800 καὶ
2779 3746 3102 3817 σεμνότητα.
3160 3744 3526 3814 ὲνεϐρύκοντο
3555 3746 3610 3776 ⁷⁸
3651 3746 3709 3797 δὲ
3749 3745 3861 3811 αὐτῇ

2290 3843 2338 3893 oi
2371 3840 2624 3910 δαίμονες
2659 3839 2935 3910 τρίζοντες
2968 3838 3094 3901 τοὺς
3126 3836 3346 3899 ὀδόντας
3385 3837 3583 3890 αὐτῶν
3630 3838 3750 3891 κατ’
3781 3838 3859 3889 αὐ-

2289 3933 2408 4001 τῆς.
2438 3934 2470 4002 ἡ
2501 3931 2555 3983 δὲ
2586 3929 2730 4001 ψυχὴ
2756 3929 2984 4001 ἔτρεμεν
3013 3927 3195 4001 ὁρῶσα
3216 3927 3312 3998 τὴν
3337 3928 3663 3998 ἀγριότητα
3689 3928 3863 3983 αὐτῶν.

2291 4024 2381 4075 καὶ
2426 4035 2758 4074 συνεστασαν
2822 4020 2902 4082 εἰς
2929 4018 3028 4081 τὰς
3062 4017 3310 4086 ἀγκάλας
3340 4017 3449 4069 τῶν
3483 4018 3750 4084 ἀγγέλων
3790 4016 3863 4067 τώ

2288 4113 2446 4167 Θεοῦ.
2477 4116 2525 4166 οἱ
2555 4113 2611 4165 δὲ
2639 4115 3030 4182 κατερχόμενοι
3064 4109 3285 4178 ἄγγελοι
3315 4109 3405 4161 ἐπὶ
3435 4109 3665 4179 ἐτέρων
3705 4106 3865 4177 ψυχῶν

2291 4204 2736 4266 συναπαντῶντες
2777 4202 3086 4270 ἠσπάζοντο
3118 4202 3308 4272 αὐτήν.
3346 4200 3587 4268 ἐγένετο
3620 4200 3681 4253 δὲ
3719 4202 3773 4252 ἐν
3809 4198 3867 4263 τῷ

2288 4296 2544 4350 εἰσελθεῖν
2589 4297 2714 4358 τοὺς
2743 4294 3006 4362 ἀγγέλους
3038 4294 3117 4356 εἰς
3151 4293 3246 4363 τὴν
3292 4291 3472 4362 πύλην
3508 4291 3621 4345 τοῦ
3659 4288 3865 4363 οὐρανοῦ

2288 4389 2613 4458 κατέχοντας
2642 4388 2687 4418 7"
2729 4385 2828 4456 τὴν
2865 4384 3025 4452 ἁγίαν
3063 4385 3278 4455 ἐκείνην
3307 4382 3523 4453 ψυχήν,
3565 4386 3870 4454 ἀπήντησα-ι

612 4485 753 4541 tum,
782 4472 927 4543 quod
951 4474 1217 4529 laetantur
1243 4482 1297 4529 et
1318 4474 1595 4530 exsultant
1625 4476 1693 4532 de
1717 4492 2046 4549 unaquaque
2067 4482 2186 4534 ani.

2291 4482 2461 4533 πᾶσαι
2502 4480 2556 4531 αί
2596 4477 2854 4547 δυνάμεις
2892 4476 3001 4528 τῶν
3035 4475 3300 4547 οὐρανῶν,
3328 4476 3423 4527 καὶ
3458 4474 3870 4546 κατησπάζοντο

611 4581 700 4620 ma
741 4580 881 4635 quae
910 4566 1168 4620 salvatur.
1207 4566 1309 4621 l‘bi
1361 4582 1490 4621 vero
1538 4568 1882 4625 advenerunt
1918 4571 1986 4624 ad
2027 4572 2179 4626 thro-

612 4672 741 4710 num
790 4657 942 4710 illum
974 4658 1276 4711 radiantem
1320 4658 1528 4728 gloriae
1571 4659 1688 4725 Dei,
1721 4669 1775 4715 et
1801 4678 1921 4717 eam
1962 4664 2177 4719 beatam

612 4750 998 4818 praedicarunt
1021 4748 1163 4819 apud
1188 4748 1402 4804 Patrem
1434 4767 1618 4816 suum,
1650 4763 1703 4808 et
1737 4753 1907 4810 ellusa
1936 4766 2019 4811 est
2049 4773 2176 4828 gra-

608 4846 682 4896 tia
710 4843 804 4898 Dei
845 4854 895 4899 et
930 4843 1132 4907 Patris,
1176 4852 1231 4900 et
1262 4846 1379 4915 ipsa
1428 4854 1539 4900 tota
1582 4851 1787 4918 repleta
1828 4858 1912 4905 est
1948 4852 2176 4907 immor-

608 4937 701 4991 tali
734 4937 940 4991 lumine
973 4943 1027 4990 et
1061 4937 1325 4994 odoribus
1359 4947 1413 4993 et
1450 4941 1739 4996 suavitate.
1767 4941 1833 4995 Et
1861 4943 2059 4997 tradita
2090 4954 2177 4999 est

608 5026 859 5081 Michaéli
891 5027 1123 5097 principi
1173 5031 1506 5093 testamenti,
1540 5032 1634 5101 qui
1682 5032 1907 5088 duceret
1956 5050 2075 5089 eam
2120 5035 2174 5088 in

605 5127 884 5173 aeternam
926 5119 1189 5187 requiem.
1225 5120 1289 5173 Et
1322 5136 1449 5176 ecce
1486 5123 1592 5177 alia
1647 5125 1829 5178 anima
1868 5124 2176 5180 ducebatur

606 5225 636 5262 a
658 5210 1016 5265 daemonibus
1039 5224 1229 5279 aspere
1252 5212 1319 5267 ad
1352 5213 1580 5270 inferos.
1612 5213 1740 5268 Erat
1773 5224 1953 5270 autem
1982 5231 2174 5283 Opera-

2289 4571 2454 4642 αύτην
2488 4570 2769 4640 χαίροντες
2808 4570 2900 4621 καὶ
2932 4568 3178 4636 λέγοντες
3197 4585 3211 4599 ο
3241 4567 3365 4633 δόξα
3395 4584 3513 4629 σοι,
3554 4562 3607 4621 ὣ
3633 4568 3784 4629 Θεός,
3810 4566 3873 4616 ὅτε

2287 4664 2563 4735 ἐλυτρώθη
2593 4664 2627 4733 ἡ
2651 4662 2794 4733 ψυχὴ
2818 4661 2953 4731 αῦτη
2979 4661 3085 4714 ἀπὸ
3114 4661 3308 4731 βάθους
3336 4662 3685 4715 κατωτάτου
3714 4660 3801 4711 καὶ
3823 4660 3873 4707 ἐκ

2285 4757 2379 4811 τοῦ
2414 4755 2587 4810 δεινοῦ
2621 4756 2910 4827 δράκοντος
2930 4773 2944 4785 ·
2983 4754 3102 4807 καθ’
3133 4755 3256 4807 ὅσον
3289 4753 3345 4806 δὲ
3377 4753 3699 4807 ἀνέϐαινον
3722 4755 3765 4784 ⁸⁸
3804 4752 3876 4804 ἐπὶ

2284 4851 2353 4906 τὰ
2378 4852 2510 4913 ἄνω,
2540 4849 2789 4903 τοσοῦτον
2815 4846 3326 4917 ὲπικατησπάζοντο
3354 4847 3552 4917 αὐτὴν
3588 4847 3772 4899 πάντα
3802 4846 3876 4895 τά-

2285 4960 2472 5014 γματα
2522 4942 2628 4997 τῶν
2688 4939 2993 5010 ἀσωμάτων
3055 4936 3484 5006 ἀγαλλιώμενα’
3562 4938 3737 4991 τοῦτο
3793 4936 3880 5000 γάρ

2284 5035 2497 5105 ἔχουσιν
2523 5035 2577 5085 αἱ
2601 5030 2755 5100 ἅγιαι
2780 5031 3058 5100 δυνάμεις,
3081 5028 3143 5081 τὸ
3166 5027 3376 5099 χαίρειν
3408 5028 3526 5081 καὶ
3556 5026 3877 5096 ἀγάλλεσθαι

2282 5127 2367 5194 ἐφ’
2399 5125 2604 5194 ἑκάστῃ
2632 5121 2778 5193 ψυχῇ
2813 5120 3116 5193 σωζομένη.
3158 5121 3245 5173 ὅτε
3282 5119 3338 5171 δὲ
3375 5119 3664 5195 ἔφθασαν
3695 5122 3775 5182 είς
3809 5120 3882 5168 τὸν

2284 5216 2470 5288 θρόνον
2492 5215 2698 5267 ἐκεῖνον
2722 5213 2813 5267 τὸν
2834 5214 3090 5282 ἀστραῖον
3108 5211 3150 5243 ⁸¹
3177 5210 3275 5280 τῆς
3292 5209 3460 5280 δόξης
3485 5210 3600 5263 τοῦ
3630 5209 3791 5271 Θεοῦ,
3808 5208 3880 5259 καὶ

1903 5323 2158 5379 VARIAE
2192 5320 2595 5380 LECTIONES.

676 5435 722 5465 ⁸⁸
756 5433 939 5500 Coni.,
981 5433 1103 5490 cod.
1153 5434 1222 5499 ῐς.

604 5506 650 5535 ⁸⁵⁷
688 5504 1032 5578 _Corr.,_c0d.
1068 5506 1246 5578 ᾐμᾷς.
1324 5508 1368 5539 ⁸⁸
1408 5511 1590 5575 Corr.,
1628 5510 1749 5563 cod.
1782 5510 1969 5578 ὑμεῖς.

606 5573 727 5627 md.
766 5575 991 5648 κρεξίνη.
1044 5644 1057 5648 _
1079 5575 1237 5648 “MEx
1268 5579 1442 5640 coni.,
1472 5573 1594 5633 cod.
1625 5573 1862 5648 κρύψᾰς
1891 5573 2099 5648 α’ὐτάς.

605 5658 744 5695 σαν.
847 5643 893 5674 ⁷⁸
947 5644 1082 5699 Cod.
1119 5645 1271 5704 ἴδον,
1375 5650 1421 5679 τ⁵
1462 5648 1537 5702 Ex
1575 5643 1761 5713 coni.,
1808 5643 1931 5705 cod.
1974 5643 2183 5716 εἷ’τις.

604 5714 651 5742 τε
724 5714 831 5742 rm!
898 5714 1322 5742 A..-P.....m:----
1419 5719 1463 5742 ἰο
1500 5720 1639 5742 ιν-..-
1735 5721 1830 5742 --,|
1895 5720 2179 5742 -__-1,U-A_

603 5783 706 5835 ἀστ
744 5792 953 5838 tantum
976 5793 1126 5839 certo
1163 5785 1585 5857 dignoscuntur.

1324 5438 1369 5511 ff
1407 5437 1485 5493 Ex
1529 5439 1699 5504 coni.,
1749 5441 1874 5495 cod.
1904 5441 2429 5511 νένδριμισόμενοι.

2066 5507 2109 5544 θδ
2150 5507 2435 5573 Ει“οοιιὶ.,
2466 5511 2519 5564 in
2547 5510 2740 5563 codice
2781 5526 2883 5563 vox
2924 5509 3067 5563 lectu
3097 5507 3333 5562 dillieilis
3360 5515 3481 5561 est.

2193 5583 2238 5613 ⁷³
2271 5583 2449 5641 Corr...
2490 5580 2612 5634 cod.
2649 5580 2885 5645 κρείνει.

724 5714 854 5767 Cod.
893 5714 1343 5791 ἐνεϐρυκοῇντο,
1419 5719 1463 5749 ⁷³
1499 5720 1683 5785 Corr.,
1730 5721 1853 5775 cod.
1890 5714 2267 5791 κατέχοντες.

2540 5442 2584 5471 ⁸³
2628 5438 2721 5540 §ic
2767 5438 2889 5493 cod.
2926 5509 2939 5540 1
2995 5439 3039 5469 ⁸⁸
3077 5435 3441 5540 Οιοιξςηγεοά·
3491 5434 3878 5540 ἑρτξισζημέτη-

2548 5525 2631 5540 nn:
2659 5511 2739 5540 :nn
2781 5526 2881 5540 νην
2946 5517 3066 5540 nnln
3098 5526 3111 5540 ι
3138 5511 3148 5540 ἰ
3192 5511 3257 5540 In:
3289 5523 3330 5540 ιο
3360 5515 3448 5540 uel
3743 5510 3845 5540 ἠραν

2980 5517 3067 5561 ctu
3097 5512 3333 5562 dillieilis
3360 5515 3481 5561 est.
3620 5512 3672 5540 ⁷ο
3714 5512 3881 5561 Corn.

2980 5580 3025 5609 ⁷³
3067 5581 3141 5633 Ex
3177 5578 3345 5639 coni.,
3381 5576 3538 5630 cod.
3579 5576 3882 5641 κατήσχη-

3034 5650 3080 5680 ⁷⁷
3135 5648 3271 5702 Cod.
3322 5644 3882 5716 πολητευσαμέιιίι.

2290 5653 2334 5683 78
2378 5653 2489 5685 ΓΛίΙ
2576 5653 2874 5685 rank/11.111";-

2378 5651 2511 5705 Cod.
2573 5650 2934 5719 φοϐουμένη.
3034 5650 3080 5680 ⁷⁷
3135 5650 3271 5702 Cod.
3322 5650 3882 5716 nolntevcaﬁém.

2378 5722 2391 5752 '
2432 5720 2568 5776 Cod.
2590 5720 2894 5775 ἀνέϐεϊον.
2972 5720 3014 5752 ⁸³
3050 5720 3127 5775 Ex
3151 5719 3323 5783 coni.,
3351 5717 3413 5770 in
3446 5720 3674 5775 codice
3705 5722 3885 5772 literae

2345 5721 2391 5753 ”
2432 5720 2568 5776 Cod.
2590 5720 2894 5775 ἀνέϐεϊον.
