3950 6578
562 382 659 439 23!

1361 384 1462 439 SS.
1493 382 1959 440 M.\CARIORUM
2014 382 2344 440 AEGYPTII
2382 385 2470 440 ET
2512 386 2980 443 ALEXANDRINI

3689 407 3770 467 23!

567 505 799 552 tractum
847 512 973 552 cum
1015 494 1276 553 stridore.
1328 495 1443 552 lloc
1482 505 1666 553 autem
1709 496 1936 562 faciunt,
1970 498 2143 564 ιιι,ἐὶ

2250 503 2619 573 παρεμφερῆο
2667 502 2790 556 ὅθεν
2839 504 2932 557 καὶ
2977 502 3051 568 ὡς
3090 503 3194 557 ὑπὸ
3227 504 3417 569 σικύας
3461 510 3771 588 αἰσθανόμεθα

564 589 793 644 insitum
816 589 1004 644 calvae
1033 589 1271 643 calorem
1303 590 1369 643 ad
1412 604 1471 643 se
1512 589 1665 658 ipsos
1696 591 1986 651 traxerint,
2035 590 2152 659 pal-

565 682 765 752 pebrae
803 679 1033 734 humore
1094 678 1313 734 demum
1360 690 1414 735 et
1454 681 1656 750 frigore
1705 681 1982 735 relaxatae
2040 680 2149 734 cir-

566 767 869 823 cumlluant
887 769 1111 839 pupillis
1143 769 1445 822 oculorum.
1466 766 1647 833 Quare
1666 768 1955 838 palpebras
1987 783 2151 839 saepe

567 863 617 917 si
672 862 1030 928 contrectavi,
1077 862 1259 916 inveni
1308 862 1484 915 instar
1523 862 1767 933 crystalli
1814 872 2146 933 eompactas,

570 960 851 1021 totamque
876 950 1068 1006 faciem
1096 950 1297 1005 mortui
1324 951 1555 1006 similem
1592 960 1645 1006 et
1664 952 1964 1009 horridam.
2001 954 2150 1010 Atta-

560 1058 690 1098 men
731 1059 957 1098 somnus
996 1043 1263 1097 naturalis
1285 1058 1514 1113 corpora
1545 1042 1820 1107 calefacit,
1853 1059 2147 1100 sanorum-

560 1150 669 1205 que
701 1136 887 1190 vultus
917 1134 1125 1190 nitidos
1154 1135 1353 1202 reddit,
1387 1134 1533 1206 quod
1578 1135 1694 1205 ipsa
1722 1151 1942 1206 quoque
1971 1153 2148 1207 expe—

557 1228 752 1283 rientia
802 1228 1091 1283 discimus.
1144 1226 1252 1282 Sed
1300 1228 1377 1282 illi
1422 1235 1615 1282 contra
1665 1236 1918 1283 naturam
1950 1245 2017 1284 ex
2053 1245 2148 1285 ore

554 1321 784 1375 nimium
819 1321 1060 1376 distento
1092 1321 1474 1375 oscitationem
1506 1320 1766 1384 elliciunt,
1798 1329 2145 1377 attenuantes

554 1427 635 1477 se,
675 1420 731 1467 et
767 1412 1032 1467 interiora
1076 1412 1189 1466 oris
1224 1420 1577 1481 occupantes.
1605 1410 1719 1482 Ego
1755 1412 1971 1481 quidem
2000 1428 2142 1467 non-

554 1504 684 1559 dum
728 1506 833 1561 hoc
873 1504 1139 1571 intellexi,
1199 1504 1302 1559 etsi
1349 1518 1608 1573 persaepe
1650 1519 1850 1574 passus
1898 1505 2037 1572 sim;
2089 1514 2145 1560 at

554 1602 803 1646 sanctum
850 1592 1145 1647 Macarium
1205 1593 1387 1646 audivi
1418 1580 1628 1647 idehoc
1650 1594 2139 1663 niihiloquentem,

551 1682 645 1751 qui
680 1682 745 1735 ad
775 1698 886 1737 rem
916 1680 1252 1752 probandam
1285 1681 1467 1735 attulit
1508 1682 1857 1736 oscitantium
1908 1698 2143 1739 consue-

550 1774 818 1836 tudinem,
846 1789 908 1828 os
925 1774 1080 1843 signo
1099 1774 1282 1827 crucis
1307 1773 1587 1828 muniendi
1621 1790 1687 1828 ex
1727 1774 2019 1829 traditione
2041 1789 2142 1828 an-

547 1868 699 1938 tiqua
748 1865 1144 1920 immemoriali.
1203 1864 1456 1920 Ceterum
1506 1866 1686 1919 omnia
1728 1866 1819 1919 illa
1872 1868 2129 1937 patimur,
2162 1851 2209 1909 Β

547 1961 675 2029 quia
694 1959 916 2013 lectioni
937 1973 1044 2012 non
1067 1958 1401 2013 attendimus
1419 1958 1729 2028 vigilanter,
1750 1975 1927 2030 neque
1943 1968 2131 2015 sancta

546 2052 641 2108 Dei
673 2052 781 2107 vivi
816 2051 1038 2121 eloquia
1063 2066 1164 2106 nos
1196 2053 1375 2120 legere
1414 2051 1575 2106 nobis
1604 2053 1814 2106 conscii
1846 2068 2061 2107 sumus.

2250 591 2351 661 τῆς
2405 592 2647 662 κεφαλῆς
2702 592 3001 665 ἑλκομένης
3059 596 3197 665 μετά
3253 596 3504 667 τρισμοῦ.
3558 604 3692 661 τοῦτο
3729 614 3773 670 δὲ

2251 684 2515 749 ποιοῦσιν,
2534 687 2619 739 ἵνα
2646 686 2742 757 τὴν
2760 688 3182 759 ἐναποκειμένην
3198 687 3276 759 τῷ
3299 690 3503 761 κρανίῳ
3520 691 3569 744 Os
3579 699 3776 773 ρμάτητα

2249 774 2385 844 πρὸς
2412 775 2638 836 ἑαυτοὺς
2679 775 3080 846 ἐπισπώμενοι,
3122 776 3226 830 ὑπὸ
3260 777 3358 848 τῆς
3390 778 3667 853 ὑγρότητος
3690 789 3775 845 λοι-

2250 865 2352 918 πὸν
2381 867 2476 920 καὶ
2504 866 2840 938 ψυχρότητος
2874 868 3209 939 χαλασθέντα
3237 868 3307 923 τὰ
3336 869 3594 942 βλέφαρα,
3623 886 3779 954 περιρ.

2251 960 2355 1028 ῥυῇ
2382 960 2503 1021 ταῖς
2535 959 2725 1029 κόραις
2765 959 2871 1013 τῶν
2916 959 3228 1031 ὀφθαλμῶν.
3262 961 3519 1026 πολλάκις
3550 966 3666 1033 γοῦν
3696 973 3777 1044 ψη-

2247 1047 2515 1119 λαφήσας,
2549 1047 2844 1102 κατέλαϐον
2876 1050 3032 1122 δίκην
3060 1052 3394 1122 κρυστάλλου
3436 1058 3701 1127 πεπηγότα
3727 1064 3780 1117 τὰ

2250 1140 2492 1212 βλέφαρα
2514 1180 2528 1204 ,
2556 1141 2655 1213 τὴν
2691 1141 2747 1194 δὲ
2792 1141 2913 1211 ὄψιν
2941 1145 3349 1215 νενεκρωμένην
3382 1144 3509 1215 ὅλην
3543 1150 3627 1200 καὶ
3652 1153 3779 1222 φρίσ.

2250 1245 2468 1285 σουσαν.
2506 1230 2745 1283 καίτοιὸ
2785 1231 3013 1300 φυσικὸς
3054 1230 3219 1296 ὕπνος
3258 1233 3566 1305 θερμαίνειν
3601 1238 3686 1307 μὲν
3725 1244 3781 1295 τὰ

2247 1322 2474 1391 σώματα
2498 1322 2709 1390 πέφυκε
2726 1363 2740 1388 ,
2778 1323 2871 1375 καὶ
2896 1317 3004 1375 τῶν
3044 1324 3392 1392 ὑγιαινόντων
3421 1328 3519 1389 τὰς
3546 1327 3684 1393 balet;
3706 1334 3781 1385 ἀν-

2246 1409 2420 1482 θηράς
2447 1411 2817 1485 ἀπεργάζεται
2836 1429 2850 1443 ⁸
2874 1413 2948 1476 ὡς
2972 1412 3085 1467 ἔστι
3114 1415 3208 1468 καὶ¹
3244 1415 3340 1469 ἀπ’
3374 1417 3544 1487 αὐτῆς
3572 1420 3661 1489 τῆς
3688 1424 3782 1476 πει.

2246 1519 2346 1571 ρας
2381 1502 2602 1574 μαθεῖν·
2652 1504 2750 1567 τὰς
2803 1504 2860 1557 δὲ
2908 1507 3058 1577 παρὰ
3096 1506 3257 1576 φύσιν
3300 1507 3395 1561 καὶ
3428 1508 3784 1583 διατεταμένας

2242 1596 2429 1667 χάσμα
2460 1596 2699 1661 ποιοῦσι,
2731 1596 3085 1661 λεπτύνοντες
3127 1599 3351 1663 ἑαυτοὺς
3406 1601 3501 1654 καὶ
3532 1602 3634 1656 τῶν
3663 1605 3782 1660 ἕνόον

2240 1688 2334 1741 τοῦ
2362 1689 2624 1759 στόματος
2647 1690 3031 1759 ἐφαπτόμενοι.
3058 1690 3195 1743 ἀλλὰ
3222 1691 3379 1745 τοῦτο
3407 1693 3505 1763 μὲν
3524 1695 3631 1762 ἐγὼ
3648 1697 3784 1768 μέχρι

2240 1778 2342 1847 τῆς
2382 1780 2621 1849 σήμερον
2662 1780 2762 1833 οὐκ
2805 1781 3031 1851 ἐνόησα,
3066 1782 3242 1836 καίτοι
3271 1784 3531 1849 πολλάκις
3566 1789 3688 1841 αὐτὸ
3708 1807 3784 1843 πε-

2239 1867 2478 1932 πονθώς·
2518 1868 2613 1922 τοῦ
2656 1870 2712 1922 δὲ
2769 1870 2924 1938 ἁγίου
2957 1873 3245 1945 Μακαρίου
3285 1876 3496 1947 ηκουσα
3540 1880 3688 1933 τοῦτό
3714 1900 3785 1951 μοι

2238 1959 2590 2031 λελαληκότος
2624 1963 2719 2014 καὶ
2748 1964 2828 2024 είς
2854 1964 3125 2030 ἀπόδειξιν
3151 1966 3427 2038 φέροντος,
3455 1969 3554 2023 τοῦ
3582 1974 3785 2044 σφραγί-

2240 2050 2352 2114 ζειν
2399 2052 2526 2114 τοὺς
2580 2052 2974 2123 χασμωμένους
3016 2054 3075 2107 τὸ
3121 2056 3324 2127 στόμα,
3381 2058 3529 2111 κατὰ
3586 2061 3789 2131 ἀρχαίαν

546 2144 850 2217 παράδοσιν
892 2145 1147 2214 ἄρρητον.
1192 2143 1365 2197 ταῦτα
1401 2144 1458 2197 δὲ
1496 2144 1671 2196 πάντα
1701 2144 1981 2215 πάσχομεν
2024 2144 2111 2197 διὰ
2134 2142 2193 2196 τὸ
2228 2144 2304 2214 μὴ
2339 2143 2624 2215 προσέχειν
2659 2144 2933 2216 νηφόντως
2977 2146 3124 2216 ἡμᾶς
3169 2151 3237 2219 τῇ
3281 2150 3619 2218 ἀναγνώσει,
3674 2153 3788 2224 μηδὲ

549 2236 859 2311 μεμνῆσθαι
887 2237 967 2288 ὅτι
997 2234 1153 2303 λόγια
1183 2235 1312 2303 ἆγια
1343 2234 1476 2287 Θεοῦ
1514 2235 1710 2299 ζῶντος
1735 2235 2211 2303 ἀναγινώσκομεν.

612 2331 668 2385 2.
703 2330 1001 2401 Aegyptius
1030 2344 1197 2383 senex
1228 2327 1524 2393 Macarius,
1561 2343 1659 2384 vas
1699 2329 1834 2382 illud
1865 2330 2121 2391 electum,

544 2422 903 2493 interrogavit
924 2436 1030 2485 me,
1064 2436 1228 2491 quam
1251 2422 1320 2475 ob
1344 2437 1567 2477 causam
1615 2433 1960 2491 acceptarum
2003 2422 2127 2492 qui-

542 2515 667 2570 dem
691 2515 759 2569 ab
791 2515 1111 2569 hominibus
1138 2514 1462 2583 iniuriarum
1492 2512 1896 2569 reminiscendo
1920 2526 2129 2567 memo-

539 2609 657 2663 riae
686 2608 791 2663 vim
824 2622 888 2661 ac
929 2606 1245 2661 facultatem
1288 2606 1343 2659 in
1388 2605 1572 2659 animo
1624 2619 2125 2674 rorrumperemus,

544 2706 794 2767 acceptas
844 2711 975 2752 vero
1026 2708 1056 2751 a
1112 2694 1475 2749 daemonibus
1538 2694 1772 2764 injurias
1828 2696 2128 2751 memoriae

542 2788 986 2844 commendantes
1047 2788 1226 2842 illaesi
1282 2801 1646 2841 maneremus.
1712 2787 1960 2857 Cumque
2009 2802 2111 2856 ego

542 2878 902 2935 baesltassem
934 2879 1155 2948 ignarus
1181 2876 1311 2947 quid
1341 2875 1777 2945 respondendum
1816 2883 1981 2942 esset,
2015 2891 2112 2945 pec

540 2970 861 3040 tiissemque
903 2969 973 3023 ab
1015 2970 1106 3023 illo
1128 3009 1143 3031 ,
1201 2977 1260 3023 ut
1295 2970 1410 3039 ipse
1442 2968 1575 3021 mihi
1605 2968 1724 3023 eius
1773 2968 1852 3022 rei
1888 2982 2111 3022 causam

2300 2328 2354 2382 2.
2401 2329 2680 2401 Ἦρώτησέ
2726 2350 2794 2402 με
2840 2332 2901 2386 τὸ
2947 2333 3136 2399 σκεῦος
3167 2334 3267 2405 τῆς
3299 2335 3536 2405 ὲκλογῆς
3583 2338 3611 2390 ὁ
3649 2337 3790 2407 Αίγύ-

2233 2437 2389 2485 πτιος
2432 2421 2611 2492 γέρων
2641 2425 2953 2496 Μακάριος·
2999 2427 3053 2479 τί
3094 2428 3293 2498 δήποτε
3350 2428 3794 2498 μνησικακοῦντες

2236 2514 2334 2583 μὲν
2360 2516 2471 2577 τοῖς
2498 2514 2805 2587 ἀνθρώποις
2858 2515 2954 2587 τὴν
2982 2520 3418 2590 μνημονευτικὴν
3456 2519 3686 2590 δύναμιν
3712 2522 3792 2589 τῆς

2232 2604 2411 2674 ψυχῆς
2439 2606 2792 2676 ἀφανίζομεν,
2814 2605 3029 2676 δαίμοσι
3054 2608 3109 2660 δὲ
3139 2609 3610 2679 μνησικακοῦντες
3659 2610 3796 2665 6.61a-

2237 2694 2351 2757 ϐεἰς
2379 2694 2708 2765 διαμένομεν
2733 2712 2747 2761 ;
2784 2696 2961 2767 κάμοῦ
2984 2698 3120 2768 πρὸς
3148 2697 3245 2768 τὴν
3277 2699 3579 2770 ἀπόκρισιν
3611 2701 3795 2773 ἀπορήο

2237 2802 2450 2851 σαντος,
2484 2787 2579 2839 καὶ
2618 2788 3061 2860 παρακαλοῦντος
3097 2790 3187 2843 τὸν
3219 2790 3374 2859 λόγον
3412 2792 3634 2863 μαθεῖν·
3660 2794 3796 2857 διότι,

2238 2879 2403 2948 φησὶν
2429 2880 2635 2943 ἐκεῖνος
2656 2919 2670 2946 ,
2701 2880 2763 2934 τὸ
2792 2881 2889 2951 μὲν
2932 2882 3194 2953 πρότερον
3222 2883 3373 2954 παρά
3419 2884 3620 2952 φύσιν,
3667 2885 3721 2938 τὸ
3748 2886 3795 2938 δὲ

2234 2969 2486 3042 δεύτερον
2514 2972 2655 3025 κατὰ
2684 2972 2843 3041 φύσιν
2871 2974 2987 3026 ἐστὶ
3020 2973 3111 3026 τοῦ
3145 2973 3318 3045 θυμοῦ
3352 2976 3451 3045 (α).

541 3072 838 3133 exponeret
873 3061 1075 3130 :Quia,
1120 3062 1320 3131 inquit,
1366 3062 1518 3130 prior
1561 3060 1780 3129 quidem
1837 3057 2051 3112 affectio
2093 3067 2282 3114 contra
2330 3068 2604 3127 naturam,
2638 3062 2909 3131 posterior
2944 3076 3071 3116 vero
3111 3063 3412 3118 secundum
3448 3066 3626 3121 animi
3660 3074 3797 3119 natu-

540 3170 659 3211 ram
680 3164 782 3211 εει.

612 3248 664 3303 3.
695 3246 918 3302 Accessi
951 3246 1071 3317 ipso
1110 3244 1318 3300 fervido
1349 3244 1577 3299 meridie
1619 3243 1689 3297 ad
1730 3250 1981 3299 sanctum
2016 3257 2112 3311 pa.
2147 3274 2149 3291 .

2293 3242 2344 3294 '5.
2388 3238 2703 3311 Παρέδαλον
2749 3241 2871 3295 κατ’
2924 3240 3094 3312 αὐτὴν
3131 3240 3230 3312 τὴν
3276 3242 3559 3314 σταθερὰν
3604 3261 3798 3315 μεσημ-

546 3353 681 3398 trem
704 3337 1028 3405 Macarium,
1050 3345 1104 3392 et
1126 3336 1215 3392 siti
1238 3336 1590 3391 vehementer
1605 3349 1904 3405 oppressus
1921 3349 2123 3404 aquam

541 3430 675 3502 petii
704 3430 770 3484 ad
792 3429 1107 3483 bibendum.
1148 3427 1199 3483 ls
1239 3436 1450 3483 autem:
1489 3425 1713 3491 Umbra,
1756 3425 1956 3496 inquit,
1989 3440 2123 3479 con-

546 3530 725 3576 tentus
755 3528 893 3575 esto.
927 3519 1082 3573 Multi
1121 3519 1289 3581 enim,
1322 3518 1413 3587 qui
1439 3532 1585 3571 nunc
1636 3518 1741 3571 iter
1778 3516 1985 3570 faciunt
2036 3514 2121 3568 vel

542 3616 820 3684 navigant,
842 3612 1003 3665 etiam
1029 3611 1190 3666 huius
1210 3617 1399 3665 carent
1428 3610 1643 3664 solatio.
1668 3607 1801 3663 Dein
1821 3605 2120 3676 disputanti

542 3705 677 3760 mihi
705 3713 759 3760 et
787 3704 855 3759 de
878 3704 1207 3759 abstinentia
1241 3718 1366 3758 cum
1397 3717 1463 3757 eo
1494 3700 1834 3756 conferenti:
1869 3698 2116 3761 Confide,

545 3796 747 3868 inquit,
776 3796 884 3863 ﬁli;
926 3804 1068 3851 totos
1103 3795 1295 3865 viginti
1328 3809 1503 3849 annos
1546 3807 1722 3863 neque
1755 3806 1894 3861 pane
1944 3805 2121 3860 neque

542 3904 683 3959 aqua
701 3904 875 3958 neque
893 3903 1085 3943 somno
1113 3903 1245 3942 usus
1278 3902 1398 3941 sum
1420 3886 1487 3940 ad
1511 3886 1837 3940 satietatem.
1862 3882 1993 3936 Nam
2021 3897 2119 3950 pa-

540 3996 668 4035 nem
696 3996 876 4035 meum
904 3987 1054 4033 certo
1081 3978 1322 4049 pondere
1349 3976 1580 4040 comedi,
1605 3990 1800 4048 aquam
1831 3974 1939 4029 bibi
1973 3982 2121 4027 certa

541 4086 823 4135 mensura,
854 4086 918 4125 ac
946 4070 1123 4125 somni
1144 4071 1393 4141 exiguam
1426 4076 1632 4140 partem
1657 4066 1955 4124 suﬂuratus
1998 4081 2118 4121 sum

542 4163 860 4218 inclinando
892 4178 977 4217 me
1016 4162 1084 4216 ad
1116 4164 1368 4232 parietes.

2232 3332 2391 3403 δρίαν
2419 3332 2497 3402 τῷ
2537 3331 2677 3401 ἁγίῳ
2721 3334 2890 3401 πατρὶ
2928 3334 3230 3404 Μακαρίῳ,
3266 3336 3360 3387 καὶ
3391 3334 3519 3389 λίαν
3567 3335 3673 3388 ὑπὸ
3712 3335 3796 3405 τῆς

2228 3424 2387 3494 δίψης
2440 3424 2771 3493 φλεγόμενος
2815 3424 2975 3494 ᾔτουν
3022 3423 3163 3494 ὕδωρ
3207 3428 3368 3479 πιεῖν.
3418 3428 3448 3478 ὁ
3499 3425 3563 3479 δέ
3614 3442 3797 3496 φησιν’

2228 3515 2525 3588 ἀρκέσοητι
2553 3519 2619 3587 τῇ
2653 3518 2815 3587 σκιᾷ·
2846 3515 3029 3568 πολλοὶ
3063 3518 3171 3587 γὰρ
3195 3515 3290 3569 νῦν
3322 3516 3737 3587 ὁδοιποροῦντες
3767 3515 3796 3587 ἢ

2227 3608 2481 3670 πλέοντες
2543 3610 2636 3661 καὶ
2678 3608 2879 3677 ταύτης
2914 3608 3248 3679 ἐστέρηνται.
3287 3603 3405 3661 εἶτα
3450 3608 3656 3677 λόγους
3710 3624 3797 3675 μου

2226 3700 2364 3769 πρὸς
2406 3700 2567 3753 αὐτὸν
2615 3701 2743 3771 περὶ
2780 3699 3104 3770 ἐγκρατείας
3148 3700 3565 3770 γυμνάζοντοςθ
3601 3699 3796 3768 θάρσει,

2226 3792 2411 3862 φησίν,
2463 3784 2508 3844 ὦ
2534 3792 2752 3857 τέκνον,
2785 3793 2841 3845 ὲν
2870 3791 3010 3855 ὅλοις
3042 3791 3218 3846 ἔτεσιν
3260 3793 3435 3845 εἴκοσι
3488 3790 3624 3844 οὕτε
3654 3793 3802 3860 ἄρτου

2224 3883 2345 3937 οὕτε
2377 3883 2565 3947 ὕδατος
2616 3884 2739 3937 οὕτε
2775 3883 2945 3938 ὕπνου
2976 3885 3135 3956 κόρον
3160 3884 3355 3953 εἴληφα
3380 3901 3391 3914 ·
3431 3884 3536 3936 τὸν
3575 3884 3680 3954 μὲν
3708 3882 3801 3949 γὰρ

2225 3975 2386 4046 ἄρτον
2424 3992 2522 4045 μου
2552 3975 2736 4046 ἤσθιον
2767 3974 3012 4046 σταθμῷ,
3042 3975 3103 4027 τὸ
3127 3974 3183 4027 δὲ
3214 3975 3357 4045 ὕδωρ
3378 3973 3578 4027 ἔπινον
3612 3974 3803 4044 μέτρῳ,

2222 4066 2336 4127 τοῖς
2367 4066 2566 4135 τοίχοις
2598 4064 2655 4117 δὲ
2696 4064 2931 4135 ἐμαυτὸν
2977 4063 3354 4137 παρακλίνων,
3382 4063 3599 4136 μικρόν
3642 4080 3694 4115 τι
3722 4058 3803 4112 τοῦ

2228 4154 2399 4208 ὕπνου
2430 4155 2596 4228 μέρος
2615 4153 2938 4227 ἀφήρπαζον
2964 4153 3057 4225 (b).

2044 4271 2299 4329 NOTAE.

610 4394 690 4463 (α)
733 4394 816 4451 Cf.
867 4395 1026 4450 Socr.
1074 4395 1216 4451 llist.
1268 4394 1415 4448 Eccl.
1466 4393 1561 4447 lib.
1601 4393 1809 4463 lVAcap.
1844 4392 1947 4457 23;
1988 4391 2101 4446 νγ.

544 4461 650 4522 PP.
680 4468 886 4530 hosw.,
937 4467 1029 4520 lib.
1050 4465 1090 4520 ν
1120 4466 1288 4519 libell.
1317 4464 1401 4527 10,
1424 4465 1517 4529 ’54;
1542 4464 1634 4516 lib.
1660 4461 1747 4514 Vll
1766 4478 1885 4531 cap.
1923 4462 2009 4527 '57,
2036 4464 2102 4527 4;

548 4538 863 4591 Sententiae
906 4537 1133 4607 Aegypt.
1179 4533 2006 4607 P13.ﬁl3__A_popbtbegmata_s.
2053 4549 2101 4585 v.

546 4607 816 4661 Macarius
846 4601 1148 4677 Aegypii'us,
1176 4606 1201 4676 §
1240 4601 1723 4670 XXXVI,Coteler.
1742 4602 1887 4655 Eccl.
1912 4601 2105 4655 Graec.

2212 4532 2306 4587 lib.

2212 4392 2357 4447 Mon.
2396 4392 2459 4447 T.
2504 4393 2525 4445 ῐ
2571 4409 2622 4461 p.
2650 4392 2775 4447 546.

2283 4464 2355 4532 (b)
2387 4464 2471 4516 (1f.
2527 4456 2683 4517 Sbcr.
2731 4462 2871 4517 llist.
2906 4458 3057 4516 Eccl.
3088 4460 3128 4518 l.
3174 4458 3254 4527 1.;
3308 4457 3424 4513 VV'.
3473 4458 3592 4514 PP.
3632 4456 3803 4512 Rosw.

2390 4534 2435 4599 1,
2468 4533 2615 4588 libcll
2641 4532 2697 4597 4,
2726 4532 2811 4587 ιτ.
2847 4531 2933 4586 l8.

552 4746 3775 4783 _________________________________________________

2130 4907 2209 4968 ll.

1332 5075 2053 5140 APOPHTHEGMATA
2102 5071 2385 5134 SANCTI
2418 5070 2753 5131 MACARII
2784 5067 3044 5130 MAGNI

1948 5202 2373 5279 [AEGYPTH]

1795 5387 1825 5423 Α
1862 5386 2031 5425 PETRO
2078 5382 2292 5422 POSSINO
2345 5382 2523 5420 EDITA.

1278 5496 1415 5545 Petri
1456 5495 1645 5545 Possint
1667 5496 1947 5545 Thesaurus
1972 5488 2231 5547 asceticus,
2268 5488 2466 5536 Parisiis
2488 5486 2629 5543 168$,
2654 5486 2721 5545 4ο,
2746 5484 2890 5547 ρ.245
2913 5496 3018 5544 sqq.

2147 5604 2216 5615 .——

606 5734 837 5802 Quidam
872 5753 903 5792 e
951 5735 1211 5792 fratribus
1264 5734 1617 5805 interrogavit
1651 5734 1945 5791 Macarium
1984 5752 2100 5788 ma-
2134 5743 2149 5796 1

2279 5730 2435 5800 231
2498 5728 2745 5797 Ἀδελφὸς
2818 5727 3069 5797 ἠρώτησε
3125 5724 3215 5776 τὸν
3267 5721 3449 5774 ἀὸὁᾶν
3522 5722 3829 5790 Μακάρων

539 5843 702 5894 gnum
730 5828 1002 5891 abbatem,
1025 5825 1337 5897 exquirens,
1362 5841 1633 5895 quaenam
1662 5837 1826 5894 esset,
1845 5838 1898 5883 et
1920 5828 1973 5881 in
1996 5843 2103 5897 quo

2245 5825 2300 5877 ὸν
2334 5822 2533 5893 μέγαν,
2566 5821 2739 5888 λέγων
2779 5821 2905 5889 περὶ
2937 5816 3293 5885 τελειότητος·
3334 5814 3433 5865 καὶ
3489 5811 3829 5882 ἀποκριθεὶς
