3950 6550
208 346 295 401 233

191 822 271 877 καὶ
290 820 344 872 τὸ
366 818 436 890 μὴ
461 825 642 892 κρῖναι
667 825 803 892 ὅλως
819 830 941 884 τινὰ
958 834 1006 885 εί
1029 835 1103 905 μὴ
1128 838 1315 894 ἑαυτὸν
1339 818 1524 913 μάνον·
1553 851 1647 903 καὶ
1669 818 1728 906 τὸ

191 912 447 982 ὑποφέρειν
471 910 629 1015 θϐριν
652 934 666 948 ’
692 920 785 972 καὶ
806 921 866 975 τὸ
882 924 1239 999 ἀπορρίπτειν
1256 910 1364 989 ἁπδ
1380 939 1478 1009 τῆς
1503 945 1729 1015 καρδίας

188 1004 340 1055 πᾶσαν
362 1000 550 1055 κακίαν
570 1018 585 1033 ⁸
619 1006 711 1059 καὶ
738 1007 1019 1077 βιάζεσθαι
1057 1018 1248 1075 ἑαυτὸν
1276 1019 1416 1080 εἶναι
1433 1000 1733 1104 ¹μακρόθυζ

188 1110 288 1165 μον,
307 1093 546 1197 χρηστδν,
567 1097 905 1172 φιλάδελφον,
927 1106 1199 1181 σώφρονα.ν
1217 1093 1495 1193 ὲγκρατῆί
1528 1093 1724 1197 γέγρα-

183 1202 294 1240 πται
312 1185 410 1255 γάρ
420 1185 501 1286 St!)
511 1189 812 1286 ,βιαστῶν
821 1197 954 1255 ἐστι
978 1200 997 1231 ί
1004 1202 1293 1268 βασιλεία
1306 1185 1422 1266 τῶν
1433 1185 1722 1286 opperiri)?

179 1275 257 1329 καὶ
280 1274 334 1326 τὸ
354 1274 483 1343 ὀρθὰ
510 1275 729 1345 βλέπειν
759 1288 871 1349 τοῖς
910 1289 1230 1363 ὀφθαλμοῖς,
1265 1304 1358 1354 καὶ
1386 1303 1447 1356 τὸ
1481 1274 1726 1382 (ρυλακὴν

176 1367 297 1437 ἔχειν
321 1367 413 1436 τῆς
438 1368 709 1443 γλώσσης,
742 1378 836 1430 καὶ
859 1379 1206 1457 ἀποστροφὴν
1231 1392 1409 1465 πάσης
1436 1367 1603 1469 diioui;
1627 1367 1726 1471 μά-

172 1458 307 1521 ταίας
327 1458 414 1509 καὶ
443 1459 685 1533 ὸλεθρίὸυ
705 1482 718 1494 ·
766 1471 860 1523 καὶ
893 1472 990 1545 τὴν
1021 1477 1129 1532 τῶν
1162 1458 1722 1565 χειρῶν-δικαιοσύνην

175 1550 250 1603 καὶ
268 1549 322 1602 τὸ
335 1551 430 1621 τῆς
445 1555 671 1624 καρδίας
701 1560 942 1634 καθαρὸν
972 1568 1108 1639 πρὸς
1125 1549 1216 1624 τὸν
1250 1549 1402 1642 Θεὸν,
1434 1581 1605 1636 καὶτὸ
1627 1549 1719 1641 τϐὖ

172 1639 395 1737 σώματος
440 1642 669 1708 ἄσπιλον
689 1658 705 1681 ·⁷
739 1653 832 1706 καὶ
878 1657 1038 1729 232
1084 1662 1146 1715 τὸ
1190 1665 1333 1737 ἔχειν

171 1729 247 1781 τοῦ
277 1729 497 1785 θανάτου
542 1737 648 1807 πρὸ
685 1739 977 1814 ὀφθαλμῶν
1010 1750 1130 1803 καθ’
1166 1729 1346 1827 ἡμέρα

167 1822 315 1892 ταγὴν
335 1824 431 1894 τῆς
458 1828 602 1882 κατὰ
627 1832 842 1903 πνεῦμα
874 1837 1043 1909 ὀργῆς
1073 1846 1165 1898 καὶ
1186 1822 1322 1903 adici

166 1916 314 1984 ταγὴν
340 1916 434 1985 τῆς
463 1916 597 1990 ὕλης
615 1962 629 1985 ,
656 1926 747 1978 καὶ
780 1927 888 1981 τῶν
917 1934 1055 1987 κατὰ
1082 1937 1260 2009 σάρκα
1293 1916 1572 2014 συγγενῶν
1597 1952 1713 2023 ἅμα

1368 1671 1464 1743 τὴν
1500 1677 1720 1750 μνήμην

1286 2220 1567 2293 πράγματι
1617 2230 1711 2283 καὶ⁵

1086 2804 1103 2908 Ξ
1136 2804 1282 2915 λέγεί
1315 2853 1463 2927 αὐτῷ
1489 2804 1698 2933 ᾷέριιῖνο

142 2903 284 2958 τοῦτὸ
322 2925 401 2961 σοι
442 2915 736 2983 συμϐαίνει
769 2922 856 2978 διὰ
886 2928 947 2979 τὸ
994 2933 1382 3009 συνδιατρίϐειν
1422 2903 1703 3025 ἔεδάζτρα-

142 2998 329 3025 κηρὶ-..
408 3006 498 3025 --μὶ
547 3007 571 3025 n
623 3009 658 3025 η
738 3014 759 3025 Α
814 3017 825 3025 .
988 3022 997 3025 -
1046 3023 1055 3025 -

139 2998 360 3116 ,
387 3006 507 3116 ⁹οἷαί.
543 3007 825 3076 βούλεσθαί
868 3036 925 3072 σε
952 3022 1012 3074 τὸ
1037 2998 1246 3099 θέλημά
1286 3050 1376 3087 σου
1410 2998 1696 3116 «podio;

140 3086 269 3192 λέγει
309 3091 337 3141 6
363 3094 613 3207 ἵἁρελςρδς
651 3105 895 3176 γέροντι⁹
941 3115 995 3166 τί
1028 3113 1120 3171 οὖν
1149 3086 1695 3207 θέλειςῖνανζδιίλσυοζ

137 3177 327 3298 Ξῖεῑρς
363 3183 518 3253 λέγει
553 3188 581 3239 6
622 3193 828 3264 γέρων*
859 3177 1699 3298 ἄπελθε,,κολλήθῖητιὴὰνίθρίῦυτζιεέ
1728 3204 1767 3258 C

136 3272 280 3377 2’3?
307 3279 638 3377 φοϐουμένῳ
662 3288 754 3342 τὸν
786 3292 917 3348 Θεὸν
935 3337 949 3360 ,
988 3302 1080 3353 καὶ
1104 3272 1699 3377 ’ταπείνιοσον-σεῑιυτὸν

133 3363 325 3481 acup,‘
338 3371 436 3423 καὶ
467 3372 630 3439 ἕκδος
667 3380 727 3431 τὸ
772 3383 982 3458 θέλημά
1007 3408 1099 3445 σου
1120 3412 1134 3426 ·
1165 3398 1258 3451 καὶ

135 3457 466 3531 παράκλησιν
494 3465 611 3518 ἀπὸ
634 3469 729 3522 τοῦ
761 3471 915 3530 Θεοῦ.

188 3630 239 3741 3::
272 3633 409 3741 Eine
440 3639 667 3741 ἶὲρωνοΔ
687 3648 736 3741 ,ὀ-
761 3650 1137 3726 εἰσερχόμενος
1157 3666 1235 3729 είς
1253 3671 1572 3741 μυρεψικόν,
1599 3679 1699 3734 κᾶν

127 3721 278 3838 μηδὲν
298 3728 585 3835 ἀζίοράσῃ,
617 3736 752 3792 ἀλλὰ
778 3721 991 3810 πάντ-ους
1019 3721 1420 3827 malitiae;

1019 3810 1029 3819 I
1226 3810 1239 3827 .
1278 3810 1419 3817 νν-γν-
1462 3810 1500 3821 vv
1524 3810 1547 3833 ς
1571 3810 1699 3827 ..υυυ-

124 3810 262 3927 Ξίας·
297 3818 446 3873 οὕτω
505 3828 607 3880 καὶ
639 3830 666 3881 6
709 3837 1069 3904 παραϐάλλων
1112 3851 1222 3912 τοῖς
1273 3810 1570 3927 πατράσιν,
1604 3865 1699 3920 ἐὰν

156 3902 308 3927 -14...
347 3910 359 3927 ε
468 3912 481 3927 '
613 3917 635 3927 λ
781 3923 793 3927 ‘
884 3925 895 3927 “

123 3896 309 4002 θελήσῃ
340 3910 721 3984 ἐργάσασθαι,
771 3896 1218 3989 ἀποδεικνύουσιῖ

120 3993 209 4059 τῆς
240 4006 641 4075 ταπεινώσεως
659 4029 672 4041 ·
715 4018 809 4070 καὶ¹
839 4025 954 4093 τεῖχ

118 4082 435 4161 ἐπιδρομαῖς
462 4100 586 4152 τῶν
612 4102 898 4175 δαιμόνων.

178 4179 388 4297 tiliae
426 4190 651 4297 γέρωνι·
676 4198 771 4253 ἐὰν
793 4203 973 4278 φθάσῃ
1002 4226 1081 4263 σοι
1109 4212 1389 4285 ἀρρωστία
1427 4224 1695 4297 σώματος,

116 4270 198 4371 μὴ.
210 4273 494 4385 ἑλιγώξει
518 4300 534 4313 ο
566 4285 680 4385 ἐὰν
708 4291 817 4363 γάρ
856 4270 982 4371 θέλῇ
1015 4318 1075 4355 σε
1105 4270 1581 4385 δ’ὲεσπέςξῆξξξξ

175 4360 198 4371 -
784 4360 794 4363 -
955 4360 982 4371 ..
1298 4360 1435 4385 ί-ηιτ
1477 4360 1567 4371 ""
1603 4360 1697 4376 “*—

113 4364 327 4419 κουσθαι
367 4371 457 4441 τῷ
502 4375 743 4445 σώματι,
790 4384 853 4437 σὺ
896 4387 980 4450 τίς
1018 4387 1071 4444 εἴ
1106 4396 1135 4446 6
1162 4395 1559 4473 δυσχεραίνων;
1600 4412 1697 4467 οὐκ

110 4452 260 4518 a616,;
308 4476 407 4513 σου
445 4468 733 4535 φροντίζει

957 4042 1015 4088 ος
1062 4030 1225 4087 αὐτοῦ
1264 4038 1463 4106 γίνεται
1490 4046 1548 4099 ὲν
1580 4051 1699 4113 ταῖς

772 4475 828 4527 ἐν
857 4480 1019 4546 adiat;
1050 4485 1125 4557 μὴ
1165 4492 1340 4562 παρὲξ
1373 4497 1537 4552 αὐτοῦ
1565 4502 1692 4574 ζῇς;

1006 4542 1063 4553 ,,
1113 4542 1125 4557 ,
1246 4542 1692 4574 ,κτήνη-τευ,

108 4542 419 4607 ἀνεξικάκει
468 4551 576 4609 οὖν
606 4560 697 4611 καὶ
731 4569 1035 4635 παρακάλει
1069 4575 1260 4646 αὑτὸν,
1284 4583 1587 4659 ’παρασχεῖν
1614 4542 1695 4647 ίςοι
1730 4568 1771 4620 D

110 4638 493 4738 wpfpépowa:
519 4647 685 4703 τοῦτο
710 4654 817 4725 γάρ
838 4656 953 4711 ἐστι
979 4662 1038 4713 τὸ
1064 4638 1273 4738 θέλημά
1301 4638 1693 4737 adrogo-(dido;

106 4726 233 4788 μετὰ
263 4734 696 4808 μακροθυμίας,
729 4746 867 4815 φάγε
894 4748 1132 4824 ἀγάπην.

162 4927 327 5026 234
352 4932 412 4988 5.
449 4932 601 4991 Εἶπε
628 4943 656 4994 6
685 4946 890 5015 γέρων·
930 4954 1086 5021 φύσει
1125 4960 1220 5015 ἐάν
1246 4965 1394 5020 ἐστιν
1426 4972 1454 5022 6
1487 4974 1520 5026 ἄ

99 5030 188 5080 ππ
225 5021 598 5100 ἀγωνιστής,
630 5034 853 5093 ἀπαιτεῖ
891 5046 918 5096 ὁ
945 5045 1044 5099 Θεὸ

94 5107 181 5179 ἔχῃ
220 5121 629 5185 προσπάθειαν
678 5127 809 5201 ὕλης
850 5151 1037 5206 σωματ

1524 4973 1693 5046 νθρω-

1047 5067 1075 5112 ς
1096 5055 1239 5124 ’παρ’
1269 5060 1462 5125 αὑτοῦ,
1494 5064 1580 5119 ἵνα
1615 5069 1688 5139 μὴ

136 5143 181 5179 εει
220 5143 629 5185 -ιιρυσπαυειαν
678 5143 809 5201 υλης
850 5143 1163 5213 σωματικῆς
1208 5146 1309 5213 ἕως
1344 5158 1547 5224 μικρᾶς
1592 5162 1689 5228 (θεῖ’

932 5201 941 5206 .
1120 5201 1158 5213 ι-
1289 5201 1306 5213 σ
1344 5201 1402 5220 r'
1429 5201 1543 5224 ’τ’νό
1592 5201 1660 5228 t""

96 5201 228 5266 5:550;
248 5224 261 5236 ·
290 5207 542 5266 δύναται
581 5217 685 5288 γὰρ
716 5222 999 5290 ἐμποδίσαι
1034 5234 1197 5288 αὐτοῦ
1225 5239 1315 5291 τὸν
1342 5243 1595 5318 λογισμὸν
1624 5254 1687 5306 ἐκ

96 5291 179 5318 .3-
211 5297 319 5318 χθές
456 5306 469 5318 ι
648 5308 674 5318 ’ν
707 5312 719 5318 ⁵
784 5313 794 5318 ⁸

88 5291 179 5359 τῆς
203 5297 552 5374 ἀδολεσχίας
585 5308 675 5361 τοῦ
706 5312 894 5385 ἱμέρου
920 5321 1127 5377 καὶτοῦ
1154 5291 1402 5400 πένθουςῖ

1490 366 2119 437 APOPHTHEGMATA.

3303 420 3410 480 εει

1832 783 1890 824 se
1914 771 2091 842 ipsum
2125 781 2446 850 aestimans,
2471 789 2565 843 sed
2593 771 2775 860 potius
2807 793 2861 848 in
2889 794 3196 856 humilitate
3221 820 3318 860 sua
3347 823 3408 863 se

1830 863 1974 921 infra
2022 886 2240 929 omnem
2286 874 2593 936 creaturam
2642 899 2888 955 ponens;
2939 904 3049 945 non
3110 892 3407 954 iudicando

1830 972 2072 1028 unquam
2110 966 2335 1024 omnino
2363 987 2711 1043 quemquam,
2741 979 2848 1034 nisi
2888 996 2947 1037 se
2976 984 3190 1053 solum;
3228 988 3407 1044 suﬂ‘e-

1828 1052 1999 1107 rendo
2024 1061 2434 1125 contumeliam.
2464 1065 2733 1124 eiiciendo
2762 1086 2828 1126 ex
2857 1076 3022 1130 corde
3049 1092 3149 1131 suo
3184 1095 3401 1138 omnem

1826 1144 2127 1216 malitiam;
2169 1150 2275 1205 vim
2306 1153 2409 1209 sibi
2451 1156 2696 1214 faciendo
2729 1161 2796 1216 ad
2837 1164 2960 1229 hoc,
2999 1179 3058 1221 ut
3112 1169 3184 1223 sit
3216 1170 3401 1241 longa-

1826 1233 2012 1303 nimis,
2060 1238 2351 1311 benignus,
2384 1244 2611 1300 fratrum
2652 1259 2883 1317 amator,
2924 1256 3162 1322 sobrius,
3216 1263 3402 1314 conti-

1824 1338 1992 1390 nens;
2029 1328 2294 1399 scriptum
2328 1342 2413 1389 est
2442 1337 2586 1390 enim
2619 1355 2634 1392 :
2676 1338 2792 1393 Vim
2841 1343 2945 1397 sibi
2973 1345 3280 1412 facientium
3320 1359 3400 1404 est

1824 1420 2327 1488 regnumcoelorum,
2347 1434 2495 1480 recta
2525 1435 2734 1483 tantum
2756 1432 3008 1501 videndo,
3038 1438 3273 1508 linguam
3297 1455 3398 1497 Cll-

1822 1506 2130 1576 stodiendo,
2162 1516 2578 1587 avertendisque
2619 1521 2846 1579 auribus
2879 1525 2946 1579 ab
2989 1506 3137 1581 omni
3164 1528 3399 1585 auditio-

1818 1606 1888 1647 ne
1910 1609 2050 1649 vana
2078 1604 2131 1652 et
2180 1601 2343 1656 noxia
2375 1619 2390 1668 ;
2449 1620 2646 1663 manus
2715 1614 2972 1677 tenendo,
3008 1632 3076 1672 ne
3101 1619 3401 1689 quidquam

1819 1683 1926 1740 nisi
1974 1686 2179 1744 iustum
2216 1703 2550 1763 operentur;
2608 1715 2704 1755 cor
2746 1705 3008 1759 mundum
3056 1722 3242 1763 coram
3288 1710 3399 1767 Deo

1350 1778 1407 1826 ν,
1443 1765 1535 1816 καὶ
1581 1768 1718 1821 ἀπο-
1820 1776 2109 1841 servando,
2134 1793 2441 1851 corpusque
2467 1784 2845 1857 impollutum;
2888 1792 3136 1851 habendo
3158 1799 3401 1867 quotidie

1327 1870 1413 1919 ας,
1449 1858 1543 1910 καὶ
1579 1861 1709 1913 ἀπο-

1818 1878 1948 1932 prae
1974 1868 2151 1925 oculis
2181 1873 2374 1928 mortis
2402 1880 2755 1949 memoriam;
2787 1884 3108 1957 abnegando
3141 1889 3289 1947 intus
3335 1892 3394 1947 in

1816 1955 2014 2025 spiritu
2050 1960 2187 2015 iram
2216 1972 2269 2017 et
2296 1967 2579 2036 malitiam,
2611 1975 2852 2031 exterius
2878 1987 3059 2035 autem
3104 1984 3391 2038 materiam

1812 2154 1934 2194 nem
1962 2141 2231 2215 simulque
2254 2148 2594 2221 voluptates;
2630 2158 2993 2216 renuntiando
3016 2161 3144 2217 item
3170 2164 3393 2221 diabolo

1809 2238 1864 2287 et
1910 2236 2125 2293 cunctis
2174 2242 2435 2310 operibus
2489 2246 2643 2315 eius;
2693 2250 2763 2305 ad
2821 2253 2954 2308 haec
3019 2254 3393 2314 indesinenter

1806 2432 1973 2487 opere
2003 2422 2271 2479 adstando
2311 2423 2441 2492 Deo,
2489 2440 2944 2505 praesentemque
2985 2438 3273 2495 sentiendo
3323 2456 3389 2496 ac

1804 2513 2113 2569 venerando
2142 2531 2301 2573 eum:
2332 2520 2438 2574 nisi
2463 2522 2609 2592 quis,
2646 2524 2890 2596 inquam,
2917 2528 3054 2595 haec
3083 2532 3267 2586 omnia
3303 2532 3385 2589 fe-

1805 2602 1969 2668 cerit,
2006 2605 2285 2672 perfectus
2316 2625 2436 2668 esse
2459 2629 2567 2667 non
2599 2623 2797 2685 potest.

1889 2692 1944 2745 2.
1992 2693 2188 2753 Frater
2242 2700 2587 2775 interrogans
2648 2723 2833 2762 senem
2875 2726 2891 2765 :
2949 2711 3142 2777 Abba,
3182 2713 3381 2791 inquit,

1805 2784 1897 2852 qui
1940 2784 2016 2851 lit,
2054 2797 2135 2853 ut,
2170 2806 2294 2846 cum
2326 2810 2426 2865 ego
2475 2796 2530 2850 in
2558 2798 2752 2853 cellula
2789 2816 2907 2855 mea
2946 2801 3140 2855 faciam
3186 2784 3382 2863 cuncta

1803 2891 1943 2944 quae
1983 2880 2195 2949 decent,
2243 2893 2424 2941 tamen
2455 2903 2563 2943 non
2590 2890 2860 2945 inveniam
2892 2894 3319 2952 consolationem
3350 2912 3382 2951 a

1803 2966 1956 3023 Deo?
1987 2970 2075 3026 Ait
2103 2974 2179 3027 illi
2213 2991 2413 3033 senex:
2471 2979 2584 3036 Hoc
2611 2982 2709 3037 tibi
2765 2984 3032 3055 contingit
3082 2996 3176 3050 eo,
3216 2986 3381 3058 quod

1802 3062 1958 3115 vanis
1980 3077 2101 3116 cum
2126 3066 2302 3121 otioso
2324 3071 2856 3129 confabulationibus
2886 3075 3160 3148 indulges;
3180 3087 3232 3134 et
3257 3081 3382 3150 quia

1802 3153 2021 3208 omnino
2046 3156 2129 3212 vis
2160 3159 2320 3228 potiri
2353 3168 2538 3229 optato
2562 3165 2896 3220 voluntatem
2927 3175 3098 3222 tuam.
3132 3168 3382 3241 Respon-

1802 3240 1894 3296 det
1922 3243 2091 3300 frater
2112 3248 2230 3303 seni
2258 3269 2270 3304 :
2298 3250 2438 3317 Quid
2465 3253 2632 3325 igitur
2661 3255 2841 3313 facere
2865 3274 2952 3314 me
2977 3259 3152 3327 iubes,
3182 3240 3382 3333 pater?

1804 3334 2118 3405 Respondet
2164 3356 2369 3399 senex:
2422 3343 2591 3413 Vade,
2642 3348 2717 3404 ini
2777 3349 3201 3408 familiaritatem
3255 3371 3380 3411 cum

1800 3426 1921 3481 viro
1944 3429 2169 3485 timente
2200 3433 2391 3499 Deum,
2432 3445 2487 3493 et
2515 3440 2738 3495 humilia
2768 3451 2820 3497 te
2852 3443 3029 3513 ipsum
3076 3460 3260 3501 coram
3290 3463 3378 3511 eo,

1801 3526 1857 3573 et
1884 3522 2148 3577 renuncia
2185 3525 2453 3581 voluntati
2502 3538 2656 3587 tuae:
2715 3540 2769 3588 et
2802 3541 2934 3591 tunc
2963 3536 3208 3595 invenies
3241 3553 3375 3593 con-

1802 3609 2123 3667 solationem
2156 3629 2185 3667 a
2214 3614 2344 3671 Deo.

1869 3702 1921 3755 3.
1954 3701 2099 3759 Dixit
2148 3722 2354 3762 senex:
2404 3708 2506 3775 Qui
2556 3710 2861 3782 ingreditur
2901 3717 3213 3786 seplasiam,
3265 3720 3369 3774 etsi

1800 3793 1932 3847 nihil
1961 3802 2125 3861 emat,
2174 3799 2398 3854 omnino
2450 3810 2634 3856 tamen
2673 3805 2877 3859 fruitur
2916 3807 3103 3862 odore.
3150 3808 3241 3864 Sic
3280 3812 3374 3880 qui

1800 3894 2161 3940 conversatur
2216 3903 2338 3943 cum
2397 3893 2666 3960 patribus,
2727 3895 2999 3965 siquidem
3053 3899 3180 3952 velit
3227 3911 3376 3958 recte

1800 3991 1980 4046 agere,
2014 3979 2157 4032 viam
2187 3981 2235 4035 ei
2269 3984 2566 4038 ostendunt
2600 3986 3030 4055 humiliationis;
3079 3998 3133 4045 et
3180 4008 3372 4048 eorum

1798 4068 2041 4135 exempla
2070 4069 2344 4139 verbaque
2377 4072 2550 4127 instar
2572 4076 2648 4129 illi
2678 4077 2819 4131 muri
2854 4085 2982 4133 sunt
3011 4079 3077 4134 ad
3099 4083 3367 4139 arcendas

1800 4156 2125 4213 daemonum
2159 4162 2529 4221 incursiones.

1868 4249 1921 4302 4.
1954 4250 2102 4305 Dixit
2156 4270 2364 4311 senex:
2412 4257 2470 4312 Si
2530 4268 2580 4314 te
2632 4260 2923 4319 inﬁrmitas
2970 4277 3201 4336 occupet
3249 4284 3371 4324 cor-

1800 4340 1969 4410 poris,
2001 4358 2070 4397 ne
2112 4345 2366 4402 demittas
2399 4351 2665 4405 animum.
2706 4352 2762 4409 Si
2823 4358 2967 4410 enim
3020 4360 3149 4414 velit
3186 4359 3372 4416 Domi-

1800 4449 1904 4489 nus
1950 4443 2076 4491 tuus
2131 4440 2323 4495 morbo
2384 4451 2435 4496 te
2492 4457 2753 4511 corporeo
2811 4447 3006 4518 amigi,
3040 4458 3097 4504 tu
3128 4452 3251 4520 quis
3284 4468 3367 4518 es,

1802 4527 1894 4594 qui
1926 4542 2085 4599 aegre
2121 4529 2261 4588 ferre
2290 4533 2538 4591 audeas?
2572 4536 2764 4594 Nonne
2801 4540 2915 4609 ipse
2949 4543 3027 4596 tui
3066 4558 3256 4599 curam
3308 4563 3367 4602 in

1800 4619 2054 4676 omnibus
2084 4624 2220 4692 gerit
2246 4626 2269 4678 Ἰ
2304 4624 2385 4680 An
2412 4628 2528 4682 sine
2562 4628 2680 4698 ipso
2708 4632 2789 4686 vel
2828 4642 2979 4703 potes
3008 4635 3221 4692 vivere?
3258 4636 3364 4691 Pa-

1797 4712 1995 4768 tienter
2012 4730 2143 4784 ergo
2167 4718 2359 4783 tolera,
2388 4728 2441 4773 et
2466 4736 2562 4775 ora
2612 4739 2757 4787 eum,
2794 4734 2853 4779 ut
2892 4726 2984 4780 tibi
3025 4744 3163 4796 quae
3199 4745 3364 4798 expe-

1797 4805 1953 4859 diunt
1984 4810 2261 4876 praebeat.
2297 4810 2440 4867 Haec
2468 4814 2613 4868 enim
2658 4824 2742 4870 est
2772 4818 3028 4872 voluntas
3056 4819 3192 4875 eius.
3226 4818 3366 4875 Sede

1798 4910 1918 4949 cum
1947 4897 2380 4968 longanimitate,
2414 4903 2638 4958 comede
2668 4906 3011 4960 charitatem.

1866 4988 1917 5041 5.
1956 4987 2099 5043 Dixit
2125 5006 2287 5047 senex
2313 5012 2325 5046 :
2355 4994 2413 5049 Si
2443 5006 2637 5049 natura
2674 4997 2835 5051 homo
2870 5005 3109 5052 certator
3132 5006 3237 5067 est,
3254 5000 3365 5054 exi-

1793 5078 1869 5145 git
1909 5080 1977 5135 ab
2028 5098 2091 5137 eo
2128 5083 2288 5150 Deus,
2319 5102 2387 5141 ne
2423 5086 2619 5143 aﬂ‘ectu
2660 5088 2831 5143 nimio
2869 5089 3151 5144 inhaereat
3191 5100 3365 5147 mate-

1794 5170 1906 5225 riae
1937 5188 2229 5242 corporeae
2265 5178 2540 5245 cuiquam,
2575 5196 2747 5249 usque
2778 5180 2844 5233 ad
2873 5181 3132 5234 minutam
3156 5195 3311 5235 acum
3341 5200 3356 5243 ;

1792 5278 1850 5314 ea
1875 5264 2015 5317 enim
2041 5275 2215 5333 potest
2242 5269 2504 5338 impedire
2527 5281 2758 5328 mentem
2785 5274 2901 5327 eius
2927 5288 3019 5341 per
3037 5273 3367 5344 praestigias

1793 5352 2046 5409 desiderii
2079 5368 2126 5412 et
2162 5364 2443 5417 :nocroris.

1418 5475 1669 5538 VARIAE
1702 5486 2078 5549 LECTIONES

141 5531 321 5601 Corn,
358 5555 473 5609 pro
509 5544 671 5601 ἐστι.
716 5551 814 5610 Ed.
845 5557 965 5614 ἐπί.

1593 5722 1843 5786 NOTAE.

149 5824 221 5897 (α)
250 5825 460 5887 Matth.
497 5849 585 5898 ιι,
617 5835 695 5894 12.
