3950 6568
545 406 654 463 93.3
1332 404 1431 461 SS.
1468 406 1927 463 MACARIORUM
1969 408 2293 467 AEGYPTH
2331 412 2419 467 ET
2477 412 2941 469 ALEXANDRINI
3676 422 3755 483 255

616 523 669 577 6.
704 521 848 577 Dixit
874 538 1072 579 senex:
1097 521 1285 578 Oratio
1335 534 1388 580 et
1416 542 1611 583 sensus
1639 529 1807 583 sobrii
1850 538 1903 583 et
1928 544 2125 601 corpo-
2152 538 2176 593 Α

2197 585 2199 590 ,
2297 532 2351 586 6.
2397 530 2530 587 Εἷπε
2578 534 2788 603 γέρων*
2826 548 3100 603 προσευχη
3136 530 3228 584 καὶ
3248 532 3497 603 λογισμοὶ
3536 534 3757 609 νήφοντες

548 616 628 670 ris
650 615 888 681 vexatio,
928 616 1123 670 maiori
1154 632 1279 671 cum
1316 618 1595 689 diligentia
1625 618 1736 676 Deo
1789 620 1992 687 oblata,
2041 622 2108 676 in«

2228 623 2324 679 καὶ
2373 623 2620 694 σώματος
2664 623 3043 692 ὑποπιασμὸς,
3077 623 3165 675 διὰ
3197 622 3435 688 πλείονος
3479 625 3760 699 ἐπιμελείας

545 712 770 760 struunt
794 714 1061 776 potestate
1084 706 1140 760 in
1166 706 1473 777 passiones.

2228 714 2673 785 προσφερόμενα,
2732 714 2792 767 τὸ
2846 714 2988 767 κατὰ
3049 713 3158 767 τῶν
3218 714 3406 768 παθῶν
3474 717 3758 778 ἀναδύοντα.

2228 822 2446 860 κοατος.

621 881 674 934 7.
708 880 1074 951 interrogatus
1117 887 1201 935 est
1232 894 1393 935 senex
1426 899 1438 935 :
1473 880 1615 947 Quid
1658 891 1763 947 est,
1801 882 1986 939 vivere
2025 886 2123 941 ho-

2228 823 2681 965 κρζῗοῖιὶρωτήθη
2707 895 2735 947 6
2755 894 2959 965 γέρων⁸
2992 894 3043 947 τί
3065 896 3178 947 ἐστι
3208 894 3476 961 ξενιτείας
3519 894 3763 955 καὶέἶπεο

548 973 751 1027 minem
808 979 1066 1042 tanquam
1105 972 1370 1041 hospitem
1402 979 1455 1025 et
1501 974 1885 1045 peregrinum?
1928 975 1996 1029 Et
2034 992 2108 1031 re-

2228 986 2370 1058 [εἰπὲ
2385 986 2429 1059 ¹]
2482 988 2580 1040 οὐκ
2601 986 2708 1057 ἔχω
2740 989 3002 1058 πρᾶγμαο
3032 988 3123 1041 καὶ
3152 989 3307 1041 τοῦτο
3351 988 3491 1042 ποίει
3534 990 3591 1041 ἐν
3630 997 3762 1047 πωνή

548 1064 808 1134 spondit:
850 1062 947 1117 Dic
990 1063 1111 1125 tibi,
1138 1062 1258 1118 Non
1294 1064 1471 1119 habeo
1509 1064 1599 1120 hic
1633 1067 1928 1137 negotium.
1979 1068 2108 1124 Haet

2223 1080 2398 1150 καιρῷ
2442 1080 2537 1132 καὶ
2572 1079 2724 1150 τόπῳ
2788 1079 2881 1133 καὶ
2942 1080 3251 1151 πράγματι’
3298 1080 3393 1133 καὶ
3432 1080 3571 1151 αὕτη
3611 1082 3762 1155 ἐστὶή

548 1156 686 1208 itera
711 1155 857 1208 omni
891 1163 1133 1223 tempore
1162 1162 1216 1208 et
1249 1153 1303 1207 in
1333 1154 1483 1208 omni
1515 1155 1633 1210 loco
1671 1165 1725 1210 et
1754 1160 2108 1227 toperatione:

1162 1162 1216 1208 et
1249 1153 1303 1207 in
1333 1154 1483 1208 omni
1515 1155 1633 1210 loco
1671 1165 1725 1210 et
1754 1160 2117 1227 toperatione:
2222 1171 2426 1245 ἀληθὴς
2460 1170 2706 1236 ξενιτεία.

547 1253 681 1301 tunc
705 1246 816 1301 eris
845 1261 969 1301 vere
1000 1247 1053 1300 in
1081 1254 1226 1301 statu
1256 1246 1495 1302 advenae
1523 1254 1577 1303 et
1602 1250 1896 1319 peregrini.

618 1338 671 1393 8.
707 1337 853 1392 Dixit
883 1353 1089 1394 senex:
1131 1336 1257 1391 Vita
1300 1348 1489 1394 sancta
1528 1340 1647 1395 sine
1680 1340 1927 1396 doctrina
1967 1344 2123 1412 plura

2291 1340 2344 1395 8.
2384 1336 2517 1395 Εῒπε
2548 1342 2576 1393 6
2606 1341 2781 1412 γέρων
2801 1355 2815 1370 ⁸
2836 1342 2917 1395 ὅτι
2944 1340 3054 1412 βίος
3082 1341 3207 1395 ἄνευ
3232 1339 3389 1409 λόγου
3429 1341 3612 1394 πλεῖον
3638 1341 3765 1415 ἐνερ-

548 1428 695 1482 bona
727 1426 915 1491 efﬁcit,
947 1443 1113 1498 quam
1144 1426 1393 1483 doctrina
1418 1430 1537 1483 sine
1571 1429 1702 1484 vita.
1737 1429 1869 1485 Nam
1892 1443 2108 1487 sanctus

2221 1436 2337 1502 γεῖν
2381 1433 2541 1503 235
2575 1434 2816 1503 πέφυκεν
2861 1434 2893 1505 ἢ
2939 1433 3094 1502 λόγος
3129 1434 3256 1487 ἄνευ
3294 1433 3441 1504 βίου’
3475 1435 3505 1486 6
3545 1433 3642 1503 μὲν
3675 1435 3766 1506 γὰρ

550 1517 810 1573 indoctus
868 1518 955 1573 vel
1025 1525 1215 1572 tacens
1263 1516 1523 1587 prodest;
1574 1518 1765 1575 doctus
1812 1536 1939 1577 vero
2000 1525 2110 1581 sine

2224 1524 2390 1590 σιγῶν
2438 1524 2663 1592 ώερελεῖο
2709 1524 2737 1575 6
2762 1523 2819 1575 δὲ
2846 1524 2939 1576 καὶ
2974 1524 3111 1577 νοῶν
3145 1524 3385 1594 ἐνοχλεῖ·
3416 1525 3464 1576 εἰ
3493 1524 3549 1576 δὲ
3583 1525 3674 1577 καὶ
3694 1525 3766 1577 λόο

548 1612 866 1674 sanctitate,
906 1610 1069 1666 etiam
1118 1611 1294 1666 solum
1354 1611 1624 1682 cogitans,
1679 1614 1953 1670 obturbat.
2009 1618 2108 1673 Do-

2220 1632 2315 1683 γος
2350 1615 2444 1668 καὶ
2477 1613 2589 1684 βίος
2623 1611 3049 1685 συνδραμοῦνται
3076 1615 3153 1678 εἰς
3184 1612 3260 1686 ἓν,
3308 1611 3625 1685 φιλοσοφίας
3647 1613 3767 1667 ἁπά-

548 1705 729 1759 ctrina
763 1710 941 1758 autem
974 1716 1108 1759 sana
1141 1712 1197 1758 et
1226 1702 1335 1756 vita
1372 1713 1560 1760 sancta
1605 1706 1652 1762 si
1687 1707 1742 1761 in
1782 1724 1948 1763 unum
1983 1725 2108 1765 con-

1418 1713 1560 1760 incta
1605 1706 1652 1762 si
1687 1707 1742 1761 in
1782 1724 1948 1763 unum
1983 1725 2116 1765 con-
2222 1724 2322 1778 σης
2347 1707 2699 1761 ἀποτελοῦσιν
2726 1707 2978 1780 ἄγαλμα.ξ

548 1802 798 1862 currant,
832 1794 1210 1865 philosophiae
1242 1795 1411 1853 totius
1452 1812 1633 1853 veram
1663 1806 1717 1857 et
1740 1800 1957 1871 plenam
1991 1819 2116 1874 Spe-

548 1889 687 1944 ciem
714 1889 1022 1944 absolvunt.
2146 1880 2192 1940 B

620 1982 674 2036 9.
715 1979 861 2035 Dixit
887 1996 1055 2038 senex
1081 2000 1094 2037 :
1119 1982 1198 2039 Ne
1226 1985 1454 2051 ambias,
1478 1992 1642 2056 caput
1670 1984 1783 2040 ﬁeri
1818 2001 2114 2059 congrega-

2286 1993 2339 2048 9.
2367 1988 2503 2048 Εἶπε
2550 1994 2759 2067 γέρων·
2805 1994 2880 2066 μὴ
2931 1993 3167 2065 σπεύσῃς
3210 1992 3537 2063 κεφαλεῦσαι
3572 1994 3774 2065 ἀδελφό-

549 2072 718 2128 tionis
756 2073 1011 2139 fratrum,
1038 2090 1108 2131 ne
1145 2078 1285 2133 forte
1321 2078 1568 2149 imponas
1600 2078 1742 2134 collo
1771 2086 1867 2136 tuo
1904 2083 2109 2137 alieno-

2216 2102 2374 2156 τητα·
2406 2085 2493 2139 ἵνα
2524 2086 2597 2158 μὴ
2634 2085 2901 2158 ἐπιθήσῃς
2934 2086 3244 2157 ἀλλοτρίους
3273 2086 3502 2158 φόρτους
3534 2089 3775 2161 ἁμαρτη-

550 2178 674 2219 rum
705 2178 873 2219 onera
911 2176 1279 2236 peccatorum.

2223 2178 2407 2249 μάτων
2434 2178 2527 2231 ἐπὶ
2554 2178 2631 2249 σῷ
2666 2180 2938 2251 τραχήλῳ.

625 2256 710 2311 ιο.
751 2254 897 2311 Dixit
930 2273 1096 2314 senex
1131 2277 1145 2314 :
1181 2260 1302 2315 Vim
1342 2261 1447 2317 sibi
1486 2261 1667 2319 facere
1706 2264 1763 2318 in
1800 2266 2030 2332 orando,
2062 2275 2115 2321 et

2294 2267 2380 2322 10.
2416 2263 2551 2321 Eine
2573 2270 2601 2322 6
2631 2269 2807 2340 γέρων
2829 2285 2841 2298 ⁸
2867 2268 2929 2324 τὸ
2962 2269 3101 2339 μετὰ
3129 2268 3247 2340 βίας
3269 2268 3673 2341 προσεύξασθαι
3699 2267 3780 2321 καὶ

550 2348 609 2403 in
642 2350 889 2406 oratione
917 2352 1230 2421 persistere,
1278 2353 1449 2425 gignit
1486 2368 1643 2410 orare
1676 2370 1799 2411 cum
1838 2358 2036 2428 gaudio
2063 2367 2110 2413 el

2222 2360 2512 2431 ὑπομένειν
2544 2362 2717 2415 τίκτει
2746 2362 2808 2415 τὸ
2862 2361 3001 2433 μετὰ
3032 2364 3205 2433 χαρᾶς
3240 2362 3333 2415 καὶ
3370 2361 3509 2432 μετὰ
3544 2362 3780 2414 ἀναπαύ-

550 2457 676 2496 eum
724 2444 928 2513 quiete.
970 2443 1092 2500 Vim
1126 2447 1272 2501 enim
1316 2446 1419 2501 sibi
1456 2446 1636 2503 facere
1676 2448 1805 2504 boni
1852 2452 2110 2521 propositi

2222 2472 2359 2520 σεως
2385 2454 2803 2528 προσεύξασθαιο
2834 2454 2927 2507 καὶ
2951 2453 3012 2507 τὸ
3047 2454 3144 2525 μὲν
3176 2453 3493 2525 μετὰβίας,
3527 2452 3633 2523 τῆς
3665 2470 3782 2525 προ-

548 2541 634 2589 est
660 2552 672 2586 :
696 2548 855 2591 orare
884 2544 1063 2593 autem
1092 2551 1214 2592 cum
1251 2538 1430 2608 quiete
1444 2554 1665 2596 «munus
1698 2551 1783 2597 est
1815 2543 2041 2615 gratiae.

2220 2545 2501 2617 αιρέσεως,
2528 2547 2590 2600 τὸ
2618 2546 2674 2600 δὲ
2708 2544 2842 2616 μετὰ
2878 2544 3256 2609 ἀναπαύσεως,
3293 2545 3393 2616 τῆς
3418 2544 3661 2613 χάριτος.

1833 2714 2088 2771 VARIAE
2121 2716 2520 2777 LECTIONES.

621 2828 644 2856 ⁸
676 2828 808 2881 εἰπὲ
836 2841 945 2882 om.
973 2826 1095 2893 Ed.,
1124 2826 1306 2883 addidi
1334 2842 1401 2884 ex
1431 2828 1574 2884 coni.

563 3020 3760 3055 Mm

2120 3202 2231 3272 IlI.

1216 3387 1939 3453 APOPHTHEGMATA
2006 3390 2283 3453 SANCTI
2348 3391 2686 3453 MACARII
2743 3391 3120 3452 AEGYPTII

1704 3569 1737 3607 Α
1785 3567 1864 3609 10.
1920 3569 2073 3609 BAPT.
2120 3566 2419 3610 COTELERIO
2456 3569 2618 3610 EDITA

620 3725 644 3762 ι
670 3712 957 3762 Sanctorum
978 3723 1155 3762 senum
1171 3710 1600 3775 Apopbthegmata
1629 3724 1648 3757 ι
1675 3723 1715 3758 s.
1744 3724 1788 3759 v.
2358 3710 2485 3772 apud
2516 3709 2747 3772 Jo.Bapt.
2771 3710 3090 3773 Cotelerium,
3114 3710 3247 3762 Eccl.
3276 3710 3450 3763 Graec.
3462 3712 3610 3763 Men.
3633 3712 3691 3763 Τ.
3712 3708 3757 3769 ι.

878 4092 958 4147 De
996 4090 1241 4146 Macario
1279 4092 1467 4145 abbate
1504 4093 1780 4162 Aegyptio.
2150 4075 2193 4133 (ἶ
2361 4093 2499 4161 Περὶ
2526 4092 2632 4147 τοῦ
2660 4091 2809 4148 ἀόϐιῐ
2836 4093 3141 4160 Μακαρίου
3178 4092 3285 4147 τοῦ
3312 4092 3684 4161 Αἰγυπτίου.

631 4186 685 4241 1.
722 4185 977 4240 Narravit
1010 4182 1078 4239 de
1105 4198 1164 4239 se
1192 4182 1312 4253 ipso
1339 4181 1605 4238 Macarius
1630 4184 1798 4238 abbas
1835 4182 2117 4253 dixitque:
2298 4188 2349 4245 1.
2406 4188 2711 4258 Διηγήσατο
2762 4188 2887 4258 περὶ
2931 4185 3122 4241 ἑαυτοῦ
3163 4188 3192 4241 6
3242 4186 3413 4250 ἀϐὁᾶς
3471 4188 3813 4258 Μακάριος.

556 4279 787 4349 Quando
839 4291 992 4333 eram
1052 4276 1287 4340 iuvenis,
1326 4283 1381 4331 et
1421 4275 1479 4329 in
1525 4276 1718 4331 cellula
1766 4274 2020 4330 sedebam
2066 4276 2121 4329 in
2226 4276 2416 4345 λέγων·
2462 4276 2549 4329 ὅτε
2594 4276 2739 4347 ήμην
2787 4274 3046 4345 νεώτερος
3092 4275 3184 4329 καὶ
3232 4274 3523 4346 ἐκαθήμην
3572 4276 3661 4340 εἰς
3703 4274 3814 4327 κελο

556 4376 838 4441 Aegypto,
867 4367 1346 4439 apprehenderunt
1375 4381 1461 4421 me
1490 4380 1554 4421 ac
1580 4364 1827 4421 fecerunt
1860 4365 2121 4420 clericum
2226 4369 2337 4422 λίον
2402 4370 2479 4432 εἰς
2540 4368 2826 4436 Αἴγυπτον,
2888 4366 3199 4438 ἐκράτησάν
3271 4384 3337 4436 με
3385 4368 3483 4419 καὶ
3553 4368 3819 4438 ἐποίησαν

558 4464 618 4518 in
658 4462 812 4528 vico;
841 4462 934 4517 sed
973 4460 1164 4515 nolens
1211 4458 1562 4529 acquiescere
1594 4458 1707 4529 iugi
1740 4458 1809 4513 ad
1843 4458 2008 4512 alium
2044 4458 2123 4512 lo-
2229 4462 2392 4533 236
2422 4461 2678 4533 κληρικὸν
2709 4462 2788 4524 εἰς
2814 4460 2913 4533 τὴν
2947 4460 3159 4531 κώμην·
3195 4460 3289 4513 καὶ
3325 4460 3399 4531 μὴ
3437 4460 3627 4513 Θέλων
3661 4476 3818 4512 xam-

560 4571 706 4611 cum.
738 4554 803 4609 Et
836 4554 981 4611 venit
1011 4554 1080 4609 ad
1114 4568 1200 4608 me
1232 4550 1529 4608 saecularis
1562 4551 1645 4606 vir
1677 4552 1820 4619 pius,
1854 4549 1946 4620 qui
1980 4549 2124 4604 acci-
2229 4551 2499 4618 δέξασθαι,
2533 4552 2731 4620 ἔφυγον
2760 4552 2838 4615 εἰς
2867 4551 3050 4621 ἕτερον
3073 4551 3255 4613 τόπον.
3287 4552 3381 4605 καὶ
3408 4547 3553 4622 ἦλθε
3591 4553 3737 4624 πρός
3765 4567 3822 4621 με

559 4649 743 4719 piebat
800 4645 943 4717 quod
1003 4644 1256 4699 manibus
1312 4642 1613 4715 operabar,
1665 4652 1718 4698 et
1776 4641 2128 4697 ministrabat
2230 4643 2461 4714 εὐλαϐὴς
2494 4642 2776 4721 κοσμικδς,
2814 4644 2907 4696 καὶ
2932 4642 3202 4713 ἐλάμϐανε
3228 4643 3289 4696 τὸ
3318 4644 3665 4714 ἐργόχειρόν
3705 4659 3820 4713 μου,

560 4740 716 4795 mihi.
745 4738 989 4809 Contigit
1023 4747 1204 4792 autem
1238 4752 1336 4807 per
1367 4736 1745 4799 tentationem,
1771 4741 1831 4788 ut
1859 4734 2126 4805 quaedam
2231 4732 2325 4787 καὶ
2353 4733 2586 4804 διηκόνει
2616 4751 2703 4804 μοι
2722 4750 2738 4763 ⁸
2766 4733 2961 4804 συνέϐη
2986 4732 3043 4786 δὲ
3068 4734 3175 4786 ἀπὸ
3216 4734 3533 4803 πειρασμοῦ
3566 4736 3589 4766 ³
3623 4734 3827 4803 παρθέ-

558 4836 712 4904 virgo
742 4832 890 4901 lapsa
918 4830 989 4884 sit
1024 4829 1077 4883 in
1105 4836 1376 4898 stuprum.
1405 4828 1482 4881 Ea
1503 4843 1627 4883 cum
1651 4834 1865 4882 uterum
1894 4834 2126 4895 gereret,
2231 4842 2319 4879 νον
2353 4826 2473 4879 τινὰ
2498 4828 2575 4889 εἰς
2602 4824 2698 4896 τὴν
2731 4825 2923 4897 κώμην
2956 4828 3226 4878 ἐκπεσεῖν·
3268 4826 3360 4878 καὶ
3384 4825 3653 4878 λαϐοῦσα
3698 4824 3826 4877 κατὰ

558 4924 1016 4994 interrogabatur,
1038 4922 1161 4992 quis
1182 4928 1327 4975 esset
1354 4931 1546 4977 auctor
1575 4918 1855 4974 criminis?
1883 4917 2131 4987 Respon-
2230 4915 2466 4984 γαστρὸς
2513 4916 2761 4985 ὴρωτᾶτο
2803 4916 2886 4979 τίς
2913 4918 2996 4987 εἴη
3044 4919 3073 4969 ὁ
3111 4916 3267 4969 τοῦτο
3299 4917 3679 4987 πεποιηκώς;
3711 4921 3743 4987 ἡ
3778 4916 3827 4967 δὲ

559 5016 640 5071 dit
689 5015 1077 5069 anachoretam
1104 5028 1246 5068 esse.
1277 5010 1431 5067 Unde
1458 5012 1663 5083 egressi
1697 5009 2128 5081 comprehende-
2228 5010 2429 5077 ἔλεγεν*
2453 5011 2481 5063 ὁ
2508 5010 2883 5081 ἀναχωρητής.
2903 5012 2997 5063 καὶ
3026 5009 3329 5074 ἐξελθόντες
3356 5012 3680 5065 συνέλαϐὁν
3721 5028 3785 5080 με
3815 5012 3831 5039 ⁵

560 5113 690 5163 runt
720 5121 807 5161 me
834 5106 1287 5175 adduxeruntque
1320 5102 1387 5157 ad
1418 5104 1630 5169 vicum;
1662 5110 1825 5173 atque
1858 5101 2131 5171 appende-
2230 5101 2308 5162 εἰς
2339 5100 2437 5171 τὴν
2480 5100 2691 5171 κώμην,
2733 5102 2827 5154 καὶ
2858 5101 3171 5176 ἐκρέμασαν
3206 5103 3262 5154 ἐν
3295 5100 3371 5171 τῷ
3418 5105 3710 5175 τραχήλῳ
3742 5122 3834 5174 μου

563 5198 847 5255 runtcollo
866 5197 1091 5269 fuligine
1111 5196 1345 5255 infectas
1368 5195 1505 5251 ollas
1522 5209 1645 5250 cum
1668 5194 1820 5249 ansis
1846 5207 2121 5258 vasorum,
2230 5194 2613 5264 ὴσὸολωμένας
2634 5194 2836 5266 χύτρας
2859 5195 2949 5249 καὶ
2977 5194 3113 5248 ώτία
3142 5194 3355 5264 κούφων
3394 5195 3505 5266 (α),
3548 5199 3655 5250 καὶ
3688 5214 3833 5265 περι-

1852 5334 2107 5389 VARIAE
2143 5335 2549 5393 LECTIONES.

645 5434 665 5463 ³
687 5432 773 5487 Al.
802 5434 963 5489 inser.
999 5433 1323 5487 διαϐολικοῦ.
1405 5432 1425 5463 ’⁸
1464 5432 1548 5487 ΑΙ.
1580 5432 1629 5484 οἱ
1653 5432 1749 5501 τῆς
1798 5429 2013 5500 κώμης.

2044 5535 2292 5599 NOTAE.

621 5677 697 5752 (ᾳ)
727 5679 991 5752 Κορφων,
1014 5694 1117 5732 vox
1139 5677 1910 5752 graeco-barbara,ex_graec_a
1934 5673 2122 5752 κῦφος,
2234 5673 2549 5752 datur“:ng
2586 5673 2818 5752 μεγάλου
2860 5670 3087 5752 λουτροῦ
3110 5672 3245 5752 ⁵τῶν
3280 5668 3550 5752 καμίνευν
3596 5672 3840 5752 κονξφοις.

563 5743 1457 5817 ῐιίΪὰῌυικῐίιηθειοι·ενσὶιιιηαιὶοοε.
1477 5743 1833 5817 Orientalium
1854 5744 2124 5817 Synodjca
2235 5743 2301 5797 In
2316 5743 2549 5817 Dagistei
2582 5746 2756 5814 magni
2783 5743 2954 5799 balnei
2983 5743 3308 5797 caminorum
3336 5743 3499 5809 cupis
3525 5760 3656 5798 sese
3675 5744 3841 5797 inda-

566 5818 635 5892 a_d
684 5814 1509 5892 Theophilum:i‘mperatorem,
1557 5817 1615 5892 in
1662 5814 1975 5892 Originibus
2013 5814 2124 5892 GP:
2230 5816 2326 5872 dit.
2367 5816 2642 5871 (Ιοτειιῖιι.

568 5886 879 5955 Qumbclisii
933 5904 986 5960 Ρ.
1026 5886 1183 5965 151}
1212 5887 1528 5961 περικλείει
1555 5886 1743 5941 ἐαυτὸν
1790 5886 1846 5939 ἐν
1886 5886 1997 5949 τοῖς
2034 5886 2126 5961 τοῦ
