3950 6568
180 377 266 435 957

1411 376 2047 435 APOPHTHEGMATA.

3271 383 3375 436 “£58

178 487 479 566 επόμπευσάν
504 488 649 556 μεεὲν
674 489 739 559 τῇ
763 488 922 559 κώμῃ
952 489 1093 542 κατὰ
1118 492 1354 561 ἄμφοδον
1374 493 1472 565 (a),
1490 494 1708 550 τύπτον-

1812 503 1866 551 et
1899 495 2385 551 circumduxerunt
2416 511 2503 552 me
2535 496 2589 551 in
2620 497 2741 551 vico
2770 512 2867 566 per
2904 498 3157 567 compita,
3187 501 3373 555 verbe-

176 589 251 651 τίς
278 599 334 655 με
359 578 443 633 καὶ
482 577 751 645 λέγοντες·
777 571 930 641 οὗτος
957 580 985 631 6
1014 582 1247 652 μοναχὸς
1274 582 1522 655 ἔφθειρεν
1546 586 1702 657 ἡμῶν

174 681 253 750 τὴν
276 670 541 743 παρθένον,
573 670 765 723 λάϐετε
790 670 973 735 αὑτὸν,
1018 672 1233 733 λάϐετε.
1270 676 1364 728 καὶ
1393 676 1595 746 ἔτυψάν
1634 696 1702 749 με

174 760 505 839 παρὰ-μικρὸν
532 760 626 813 τοῦ
656 761 966 817 ἀποθανεῖν.
997 763 1165 817 ἐλθὼν
1187 765 1244 818 δέ
1273 784 1357 829 τις
1382 767 1486 819 τῶν
1515 769 1702 840 γερόν-

169 876 259 913 των
286 851 455 908 εἶπεν·
484 852 589 915 ἕως
624 852 753 905 πότε
789 851 1021 906 τύπτετε
1047 855 1140 908 τὸν
1186 856 1333 923 ξένον
1366 860 1628 930 μοναχόνς
1672 862 1702 914 6

169 942 469 1004 δὲδιακονῶν
526 959 615 1012 μοι
658 942 944 1012 ἠκολούθει
988 945 1165 999 ὀπίσω
1218 966 1317 1017 μου
1364 948 1698 1021 αἰδούμενος·

166 1039 285 1113 ἦσαν
303 1035 401 1107 γὰρ
429 1032 737 1104 ὑϐρίζοντες
765 1035 927 1089 αὐτὸν
952 1036 1120 1091 πολλὰ
1149 1040 1243 1093 καὶ
1265 1038 1513 1108 λέγοντες
1543 1057 1559 1074 ο
1592 1042 1699 1096 ἰδοὺ

166 1124 562 1197 ὸάναχωρητὴς,
579 1125 637 1178 ὃν
653 1127 673 1158 ⁸
698 1127 761 1179 σὺ
791 1127 1140 1199 ἐμαρτύρεις,
1160 1132 1211 1183 τί
1237 1133 1456 1203 ἐποίησε
1478 1151 1492 1199 ;
1511 1135 1603 1187 καὶ
1614 1133 1701 1187 λέ-

165 1237 323 1293 γουσιν
352 1219 398 1270 οἱ
426 1219 603 1285 γονεῖς
639 1218 808 1290 αὐτῆς
831 1236 846 1250 ·
868 1219 1028 1289 237
1059 1224 1159 1275 οὐκ
1188 1223 1492 1294 ἀπολύομεν
1517 1227 1696 1291 αὐτόν,

161 1316 249 1375 ἕως
278 1311 346 1381 δῷ
375 1311 646 1380 ἐγγυητὴν
677 1310 771 1364 τοῦ
817 1312 1038 1383 τρέφειν
1073 1314 1263 1385 αὐτήν.
1309 1318 1403 1368 xui.
1432 1314 1583 1370 εἷπον
1621 1318 1699 1389 τῷ

161 1403 415 1472 διακονητῇ
463 1418 588 1471 μου·
631 1403 724 1455 xui
758 1403 1133 1473 ἐνηγγυήσατό
1164 1422 1252 1475 με.
1306 1407 1403 1460 καὶ
1448 1409 1700 1463 ἀπελθὼν

159 1496 224 1557 εἰς
245 1491 530 1545 τὸκελλίον
563 1509 689 1562 μου,
725 1492 898 1545 ἔδωκα
941 1493 1087 1564 αὑτῷ
1117 1494 1216 1549 ὅσα
1243 1493 1395 1569 εἶχον
1420 1501 1695 1571 σπυρίδια,

160 1587 338 1653 λέγων’
367 1580 619 1654 πώλησον
650 1586 746 1638 καὶ
786 1586 874 1650 δὸς
894 1591 960 1656 τῇ
992 1590 1210 1658 γυναικὶ
1239 1608 1339 1660 μου
1365 1594 1577 1659 φαγεῖν.
1606 1592 1699 1645 xui.

156 1678 314 1744 ἔλεγον
341 1674 415 1745 τῷ
446 1675 692 1747 λογισμῷ
722 1696 820 1748 μου
842 1698 855 1711 ·
890 1682 1163 1755 Μακάριε,
1198 1684 1306 1737 ἰδοὺ
1333 1679 1491 1756 εὗρες
1522 1684 1699 1755 ἑαυτῷ

156 1770 375 1837 γνναῑκω
404 1767 510 1837 χρὴ
541 1767 868 1838 ἐργάζεσθαι
900 1774 1092 1844 μικρὸν
1114 1774 1370 1845 περισσὸν
1392 1775 1434 1839 ⁸,
1464 1775 1551 1828 ἵνα
1578 1776 1699 1847 τρέ-

1804 599 1997 643 rantes
2031 602 2093 642 ac
2125 588 2411 643 dicentes:
2437 586 2544 644 Iste
2573 588 2875 643 monachus
2902 588 3111 641 vitiavit
3131 597 3374 643 nostram

1800 678 2103 747 virginem;
2135 679 2311 747 capite
2348 692 2495 742 eum,
2524 678 2726 749 capite.
2760 676 2827 730 Et
2864 685 3257 746 percusserunt
3290 693 3377 731 me

1802 781 1971 835 paene
1988 767 2059 821 ad
2076 769 2616 824 mortem.Accedens
2631 769 2977 839 veroaliquis
3001 784 3188 824 senum
3215 769 3374 824 dixit:

1800 856 2094 928 Quousque
2131 859 2359 916 caeditis
2388 861 2727 922 imonachum
2776 864 2936 915 istum
2997 860 3378 931 peregrinum?

1800 949 1906 1015 Qui
1948 959 2128 1004 autem
2170 952 2300 1005 mihi
2337 952 2708 1014 ministrabat,
2742 952 3074 1023 sequebatur
3106 961 3229 1020 post
3266 967 3373 1014 me,

1801 1040 2009 1110 pudore
2052 1040 2318 1098 suffusus.
2370 1041 2556 1098 Multis
2605 1044 2805 1114 quippe
2858 1044 3203 1098 contumeliis
3250 1058 3373 1097 eum

1800 1129 2092 1185 aﬁecerant
2160 1130 2405 1187 dicentes
2457 1150 2472 1186 :
2536 1130 2677 1188 Ecce
2751 1134 3117 1195 anachoreta,
3164 1132 3252 1186 cui
3317 1137 3376 1184 tu

1797 1221 2177 1276 testimonium.
2230 1222 2588 1291 perhibebas,
2642 1223 2774 1293 quid
2848 1222 3013 1278 fecit?
3084 1222 3151 1276 Et
3222 1222 3377 1275 aiunt

1800 1320 2051 1382 parentes
2078 1313 2320 1384 puellae:
2351 1312 2470 1368 Non
2499 1313 2837 1369 dimittemus
2867 1330 3014 1379 eum,
3040 1314 3214 1369 donec
3243 1314 3378 1367 tide-

1800 1404 2063 1460 iussorem
2101 1404 2334 1472 dederit,
2381 1404 2530 1475 quod
2591 1405 2822 1460 aliturus
2879 1406 2950 1460 sit
2992 1421 3133 1462 eam.
3190 1406 3377 1476 Itaque

1798 1496 2098 1567 signiﬁcavi
2126 1497 2382 1553 ministro
2416 1497 2493 1552 illi
2526 1512 2675 1562 meo,
2715 1505 2768 1551 et
2801 1497 3090 1566 spopondit
3127 1512 3226 1566 pro
3256 1511 3359 1550 me.

1799 1587 1936 1641 Tum
1966 1589 2156 1643 abiens
2182 1588 2237 1643 in
2279 1589 2529 1644 cellulam
2565 1604 2761 1653 meam,
2791 1589 2915 1644 dedi
2945 1588 2994 1643 ei
3046 1605 3183 1659 quas
3212 1589 3377 1647 habui

1800 1680 2096 1749 Sportulas,
2124 1680 2342 1737 dicens:
2363 1681 2544 1736 Vende
2575 1688 2629 1736 et
2659 1680 2789 1735 all‘er
2812 1683 2993 1736 cibum
3023 1683 3181 1737 uxori
3204 1698 3376 1738 meae.

1799 1771 1867 1825 Et
1897 1771 2040 1841 apud
2075 1766 2205 1826 me’:
2241 1772 2465 1835 Macari,
2514 1773 2768 1842 inquam,
2811 1787 2939 1826 ecce
2979 1772 3073 1826 tibi
3122 1772 3379 1826 invenisti

154 1877 243 1930 φης
275 1859 457 1929 αύτήνθ
497 1863 590 1913 xui.
622 1860 957 1933 εἰργαζόμην
1004 1863 1173 1917 νύκτα
1212 1868 1307 1920 καὶ
1343 1867 1576 1938 ἡμέραν,
1606 1869 1701 1920 καὶ

1812 1878 2068 1931 uxorem;
2114 1872 2354 1934 oportet,
2400 1871 2461 1918 ut
2501 1864 2664 1934 paulo
2710 1865 2944 1933 amplius
2985 1864 3224 1927 labores,
3271 1878 3380 1933 quo

155 1954 374 2023 ἔπεμπον
406 1953 568 2024 αὐτῇ.
610 1954 703 2008 xui.
731 1956 818 2008 ὅτε
844 1952 1004 2028 ἦλθεν
1043 1961 1070 2012 6
1104 1959 1289 2031 καιρὸς
1315 1962 1381 2031 τῇ
1425 1960 1586 2032 ἀθλία
1617 1979 1704 2015 τε-

151 2050 266 2108 κεῖν,
309 2046 523 2117 ἔμεινεν
553 2047 644 2099 ἐπὶ
673 2048 869 2112 πολλὰς
908 2050 1120 2121 ἡμέρας
1151 2050 1549 2123 βασανιζομένη
1568 2094 1582 2115 ,
1610 2054 1704 2107 xui.

151 2137 236 2188 οὐκ
257 2134 450 2189 ἔτικτε.
496 2136 591 2187 καὶ
638 2135 882 2204 λέγουσιν
913 2139 1082 2211 αὐτῇ·
1108 2139 1161 2192 τί
1201 2140 1316 2193 ἐστι
1363 2139 1554 2206 τοῦτο;
1586 2143 1618 2212 ἡ
1648 2142 1704 2196 δὲ

148 2223 301 2280 εἶπν·
329 2224 439 2293 ἐγὼ
468 2222 587 2279 οἶδα
612 2241 625 2256 ⁸
657 2227 737 2280 ὅτι
758 2227 853 2281 τὸν
878 2229 1234 2301 άναχωρητὴν
1262 2233 1701 2304 ἐσυκοφάντησα,

148 2319 230 2371 καὶ
259 2317 579 2388 ψευσαμένη
616 2320 949 2392 ᾐτιασάμην·
977 2323 1072 2375 καὶ
1098 2317 1254 2387 οὗτος
1294 2325 1394 2379 οὐκ
1422 2325 1533 2397 ἔχει
1566 2329 1705 2399 πρᾶ-

143 2425 265 2477 γμα,
291 2406 403 2459 ἀλλ’
436 2407 467 2458 6
490 2406 640 2461 δεῖνα
677 2410 705 2461 6
744 2410 1023 2482 νεώτερος.
1055 2413 1148 2465 καὶ
1179 2413 1347 2467 ἐλθὼν
1375 2415 1403 2467 6
1445 2416 1719 2470 διακονῶν

146 2514 226 2567 μοι
248 2497 451 2567 χαίρων
486 2499 699 2566 ἔλεγεν,
727 2502 808 2554 ὅτι
835 2503 935 2556 οὐκ
957 2503 1195 2576 ἠδυνήθη
1233 2509 1413 2560 τεκεῖν
1443 2509 1474 2578 ἠ
1505 2509 1706 2579 παρθέ-

142 2607 219 2653 νος
239 2591 440 2661 ἐκείνη,
472 2592 583 2656 ἕως
606 2586 667 2645 οὗ
709 2594 1025 2667 ὡμολόγησε
1073 2596 1327 2666 λέγουσα,
1359 2600 1441 2653 ὅτι
1469 2601 1568 2653 οὐκ
1591 2600 1703 2671 ἔχει

142 2685 355 2752 πρᾶγμα
386 2685 416 2735 6
443 2685 837 2759 ἀναχωρητής,
870 2690 983 2743 ἀλλ’
1013 2691 1328 2763 ἐψευσάμην
1365 2695 1484 2749 κατ’
1509 2696 1671 2749 αὑτοῦ
1689 2713 1701 2725 ·

142 2774 221 2826 καὶ
244 2775 349 2828 ἰδοὺ
386 2778 549 2830 πᾶσα
586 2780 618 2849 ἡ
650 2780 809 2849 κώμη
842 2780 984 2834 θέλει
1018 2783 1191 2836 ἐλθεῖν
1230 2785 1394 2855 238
1437 2780 1537 2840 ὧδε
1570 2788 1709 2859 μετὰ

138 2865 301 2935 δόξης,
326 2869 422 2921 xui.
450 2870 788 2941 μετανοῆσαι
813 2890 914 2927 σοι.
942 2873 1052 2943 ἐγὼ
1074 2875 1130 2927 δὲ
1151 2876 1386 2941 ἀκούσας
1406 2878 1597 2942 ταῦτα,
1625 2880 1711 2934 ἵνα

138 2957 209 3027 μὴ
236 2957 466 3029 θλίψωσί
503 2978 578 3032 με
604 2965 651 3016 οἱ
680 2962 977 3034 ἄνθρωποι,
1012 2965 1241 3038 ἀνέστην
1271 2969 1363 3021 καὶ
1388 2969 1584 3039 ἔφυγον
1606 2964 1709 3025 ὧδε

134 3050 206 3109 εὶς
222 3049 440 3118 Σκῆτιν.
470 3051 617 3122 αὕτη
642 3052 786 3106 ἐστὶν
813 3054 847 3124 ἡ
870 3053 1129 3125 ἀρχὴτῆς
1146 3055 1343 3123 αἰτίας,
1369 3056 1436 3111 δι’
1459 3061 1525 3131 ἢν
1549 3054 1711 3130 ἦλθον

250 3145 343 3219 (ο).

189 3333 239 3386 2.
272 3329 456 3387 Ἦλθέ
475 3350 616 3386 ποτε
640 3333 925 3406 Μακάριος
946 3336 974 3389 6
1002 3333 1295 3404 Αἰγύπτιος
1324 3337 1432 3391 ἀπὸ
1460 3338 1708 3409 Σκήτεως

129 3422 200 3483 εἰς
226 3421 286 3473 τὸ
314 3422 445 3493 ὅρος
474 3422 585 3492 τῆς
612 3422 957 3493 Νιτρίας,είς
982 3423 1079 3494 τὴν
1110 3426 1423 3497 προσφορὰν
1449 3426 1540 3480 τοῦ
1569 3428 1711 3483 ἀϐϐᾶ.

130 3512 331 3584 Παμὸῶ
351 3526 365 3541 °
396 3512 502 3566 xui.
550 3511 803 3581 λέγουσιν
832 3513 979 3585 αὐτῷ
1012 3515 1060 3566 οἱ
1091 3514 1373 3586 γέροντες·
1405 3518 1525 3570 εῑπέ
1562 3520 1710 3591 ῥῆμα

121 3605 225 3664 τοῖς
252 3603 542 3673 ἀδελφοῖς,
587 3603 779 3674 πάτερ.
810 3603 838 3655 6
875 3603 931 3656 δὲ
966 3599 1145 3658 εἷπεψ
1179 3604 1291 3674 ἐγὼ
1324 3606 1477 3661 ούπω
1515 3610 1712 3679 γέγονα

125 3694 375 3765 μοναχός,
398 3694 526 3747 ἀλλ’
560 3690 698 3748 εἶδον
718 3696 999 3765 μοναχούςο
1025 3696 1317 3769 καθημένῳ
1339 3699 1445 3771 γάρ
1473 3700 1560 3771 μοί
1582 3721 1711 3756 ποτε

124 3790 175 3839 ἐν
210 3787 288 3857 τῷ
321 3787 539 3858 κελλίῳ
591 3787 670 3850 εἰς
715 3786 934 3857 Σκῆτιν,
976 3786 1226 3859 ῶχλησάν
1269 3808 1356 3860 μοι
1390 3793 1437 3844 οἱ
1469 3791 1716 3863 λογισμοὶ

124 3878 368 3946 λέγοντες
390 3894 410 3911 ⁸
444 3879 662 3934 ἄπελθε
688 3882 767 3943 εἰς
796 3880 1156 3952 τὴν,ἕρημον,
1186 3883 1280 3934 καὶ
1310 3884 1383 3936 ί.δέ
1422 3884 1471 3936 τί
1504 3885 1716 3955 βλέπεις

120 3970 257 4023 ἐκεῖο
284 3972 493 4042 ἔμεινα.
525 3972 590 4025 δὲ
622 3972 873 4042 πολεμῶν
925 3971 1002 4043 τῷ
1029 3973 1271 4045 λογισμῷ
1304 3976 1459 4029 πέντε
1492 3976 1609 4049 ἔτη,
1629 3978 1719 4031 λέ-

122 4078 247 4129 γων,
284 4065 497 4136 μήπως
546 4064 657 4117 ἀπὸ
679 4064 945 4134 δαιμόνων
974 4064 1137 4119 ἐστίν.
1170 4066 1266 4118 xui.
1289 4066 1363 4129 ὡς
1400 4067 1661 4138 ἐπέμενεν
1690 4072 1719 4123 6

118 4155 412 4224 λογισμὸς,
467 4153 720 4225 ἀπῆλθον
753 4156 832 4218 εἰς
871 4154 971 4226 τὴν
998 4155 1232 4227 ἔρημον·
1271 4156 1363 4210 καὶ
1390 4149 1547 4229 εὗρον
1601 4161 1718 4213 ἐκεῖ

120 4242 309 4313 λίμνην
334 4244 591 4309 ὑδάτων,
612 4243 701 4296 xui.
717 4245 876 4314 νῆσον
893 4247 949 4298 ἐν
983 4244 1131 4316 μέσῳ
1152 4245 1339 4317 αὐτῆς·
1366 4248 1457 4300 καὶ
1472 4243 1634 4319 ἦλθον
1652 4249 1719 4302 τὰ

115 4334 284 4406 κτήνη
306 4337 417 4405 τῆς
455 4335 681 4406 ἐρήμου
716 4338 858 4389 πιεῖν
887 4334 1136 4407 agat-:71;
1155 4355 1168 4367 ·
1196 4338 1288 4390 xui
1324 4334 1458 4391 εἶδον
1478 4341 1535 4392 ἐν
1572 4340 1721 4411 μέσῳ

116 4426 293 4479 αὐτῶν
308 4427 410 4481 δύο
432 4427 547 4481 ἀνθ
556 4426 1052 4499 ρώπους-γυμνούς
1077 4429 1169 4482 xui.
1192 4429 1453 4483 ὲδειλίασε
1475 4431 1535 4484 τὸ
1563 4431 1721 4504 σῶμά

1809 1956 2028 2011 nutrias
2053 1971 2195 2010 eam.
2232 1955 2296 2009 Et
2320 1956 2587 2026 operabar
2611 1963 2862 2010 noctuae
2891 1956 3150 2019 interdiu,
3200 1958 3380 2010 mitte-

1803 2047 2040 2117 bamque
2078 2048 2150 2103 ei.
2181 2046 2353 2102 Porro
2386 2063 2510 2101 cum
2549 2048 2767 2103 advenit
2787 2054 3003 2118 tempus
3035 2048 3289 2111 miserae,
3324 2057 3382 2101 ut

1807 2145 2046 2208 pareret,
2084 2139 2151 2192 ad
2187 2140 2390 2194 multos
2425 2139 2543 2195 dies
2570 2139 2627 2194 in
2675 2140 3013 2195 cruciatibus
3060 2141 3381 2210 permansit,

1805 2246 1909 2286 nec
1953 2231 2219 2301 pariebat.
2263 2230 2687 2296 Percontantur,
2744 2231 2873 2302 quid
2921 2233 3023 2286 hoc
3074 2233 3255 2287 esset?
3290 2233 3383 2286 Illa

1806 2322 2127 2391 respondit:
2179 2322 2288 2393 Ego
2339 2321 2499 2389 scio;
2529 2322 2789 2391 quoniam
2833 2320 3218 2375 anachoretam
3285 2335 3381 2373 ca-

1806 2414 2073 2468 lumniata
2108 2429 2253 2477 sum,
2303 2414 2651 2483 mendaxque
2698 2414 2984 2479 accusavi;
3033 2428 3210 2482 neque
3237 2412 3383 2467 enim

1806 2504 1898 2559 hic
1934 2505 1989 2559 in
2022 2505 2185 2575 culpa
2216 2514 2321 2572 est,
2382 2505 2477 2561 sed
2527 2505 2619 2559 ille
2653 2504 2887 2560 iuvenis.
2922 2504 3075 2560 Tunc
3105 2504 3197 2575 qui
3225 2504 3371 2558 mini-

1808 2596 2016 2652 strabat
2062 2596 2215 2661 mihi,
2270 2597 2446 2652 laetus
2501 2596 2797 2651 adveniens
2851 2595 3134 2649 nunciavit
3174 2594 3387 2665 :Virgo

1810 2688 1901 2742 illa
1934 2703 2042 2742 non
2092 2688 2269 2758 potuit
2323 2703 2536 2757 parere,
2590 2689 2764 2743 donec
2788 2689 2863 2742 ita
2913 2688 3265 2743 conﬁteretur
3307 2689 3389 2743 di-

1810 2795 1941 2836 cens
1976 2796 1989 2831 :
2024 2777 2145 2833 Non
2192 2780 2248 2834 in
2296 2780 2459 2850 culpa
2506 2787 2590 2835 est
2628 2780 2980 2842 anachoreta,
3022 2779 3116 2835 sed
3165 2780 3389 2834 mentita

1811 2889 1932 2930 sum
1975 2873 2238 2929 adversus
2269 2888 2430 2939 eum;
2474 2880 2527 2927 et
2561 2887 2689 2928 ecce
2728 2879 2876 2928 totus
2918 2872 3074 2927 vicus
3103 2872 3210 2926 huc
3236 2886 3391 2926 acce-

1813 2963 1945 3020 dere
1974 2965 2089 3019 vult
2125 2980 2248 3020 cum
2288 2966 2512 3030 honore,
2547 2972 2605 3018 ut
2643 2965 2856 3019 veniam
2889 2980 2918 3018 a
2960 2973 3011 3020 te
3042 2965 3269 3035 supplex
3298 2978 3394 3034 po-

1812 3057 1994 3113 stulet.
2032 3055 2130 3112 llis
2161 3070 2263 3128 ego
2309 3056 2532 3121 auditis,
2588 3072 2657 3111 ne
2691 3056 2828 3110 mihi
2879 3055 3188 3111 molestiam
3238 3070 3395 3125 pare-

1810 3157 1934 3203 rent
1981 3148 2252 3213 homines,
2288 3147 2538 3213 surrexi,
2585 3159 2748 3217 atque
2790 3148 2895 3202 huc
2930 3148 2985 3202 in
3019 3146 3225 3201 Scetim
3258 3145 3390 3216 fugi.

1737 3198 1779 3257 Ο
1814 3238 1892 3293 En
1924 3239 2251 3309 principium
2284 3254 2612 3308 causamque
2641 3238 2747 3294 mei
2776 3239 2884 3293 huc
2908 3238 3199 3294 adventus.

1882 3329 1941 3385 2.
1974 3329 2244 3385 Macarius
2290 3329 2587 3401 Aegyptius
2633 3329 2927 3399 aliquando
2967 3344 2997 3383 e
3046 3327 3195 3382 Sceti
3233 3324 3387 3380 venit

1817 3422 1887 3478 ad
1920 3429 2158 3476 montem
2190 3420 2396 3476 Nitriae
2427 3421 2481 3475 in
2525 3420 2802 3476 oblatione
2830 3418 3036 3474 Pambo
3067 3418 3299 3473 abbatis.
3328 3413 3397 3469 Et

1816 3511 2007 3565 dicunt
2033 3512 2081 3565 ei
2110 3525 2271 3565 senes
2298 3526 2311 3561 2
2349 3509 2667 3565 Sermonem
2691 3509 2876 3579 profer
2898 3509 3191 3575 fratribus,
3216 3514 3392 3578 pater.

1818 3600 1953 3656 Tum
1992 3602 2083 3656 ille
2114 3600 2264 3655 iniit:
2297 3599 2667 3672 Egonondum
2699 3600 2878 3656 factus
2912 3616 3031 3656 sum
3070 3598 3397 3661 monachus,

1819 3694 1912 3748 sed
1932 3692 2036 3746 vidi
2067 3692 2385 3747 monachos.
2418 3690 2642 3746 Sedenti
2670 3691 2814 3747 enim
2843 3691 2974 3745 mihi
3009 3690 3306 3760 aliquando
3339 3688 3401 3744 in

1820 3786 2018 3840 cellula
2057 3785 2199 3856 apud
2254 3784 2457 3840 Scetim
2507 3784 2768 3840 molestae
2798 3793 2955 3840 erant
2999 3784 3397 3854 cogitationes,

1823 3876 2029 3945 quibus
2056 3875 2283 3930 iubebar
2304 3875 2575 3944 proﬁcisci
2612 3876 2668 3929 in
2700 3875 3075 3937 solitudinem,
3107 3882 3159 3929 et
3186 3873 3395 3937 videre,

1822 3966 1952 4037 quid
2004 3966 2118 4022 illic
2168 3966 2344 4022 oculis
2376 3968 2512 4021 meis
2560 3971 2897 4022 occurreret.
2948 3966 3167 4021 Perstiti
3221 3974 3399 4019 autem

1823 4058 2066 4128 quinque
2112 4059 2295 4121 annis,
2338 4074 2586 4130 pugnans
2620 4058 2885 4113 adversus
2915 4058 3301 4128 cogitationem
3339 4070 3404 4109 ac

1823 4137 2015 4204 dicens
2050 4167 2061 4201 :
2091 4151 2169 4207 Ne
2192 4148 2333 4205 forte
2364 4166 2394 4205 a
2442 4150 2805 4206 daemonibus
2833 4150 2924 4206 sit.
2955 4150 3090 4205 Cum
3117 4164 3246 4203 vero
3278 4164 3400 4219 per-

1825 4250 2101 4299 severaret
2122 4243 2521 4312 cogitatio,abii
2542 4243 2595 4297 in
2616 4259 2878 4298 eremum.
2899 4243 3072 4312 Atque
3093 4241 3202 4295 illic
3222 4240 3402 4297 inveni

1826 4345 2077 4406 stagnum
2102 4350 2226 4390 cum
2258 4335 2438 4393 insula
2461 4335 2517 4388 in
2542 4335 2722 4389 medio
2745 4335 2883 4397 eius,
2904 4343 2959 4389 et
2983 4335 3048 4387 ad
3078 4334 3212 4389 illud
3230 4334 3403 4389 venie-

1825 4424 1967 4501 bant
1980 4425 2187 4479 bestiae
2201 4425 2393 4490 eremi,
2421 4432 2481 4479 ut
2498 4424 2769 4480 biberent.
2802 4425 2951 4491 Quas
2980 4425 3124 4480 inter
3145 4421 3405 4495 conspexi

116 4537 237 4588 μου·
275 4521 461 4591 239
499 4497 739 4591 ἐνόμισα
778 4497 886 4593 γὰρ
930 4522 1011 4575 ὃτι
1051 4520 1338 4592 πνεύματά
1377 4524 1534 4577 εἰσιν.
1568 4497 1708 4578 αύτοῚ

1831 4497 2246 4575 ἆιιοείιοιιιιηθε
2279 4519 2481 4587 nudos,
2517 4526 2570 4573 et
2586 4520 2917 4573 contremuit
2950 4533 3155 4589 corpus
3191 4534 3407 4584 meum;

114 4611 167 4663 δέ
205 4631 273 4682 με
294 4614 377 4676 ὡς
402 4611 567 4667 εἶδον
601 4613 898 4677 δειλιῶντα,
934 4613 1200 4685 ἐλάλησαν
1230 4615 1365 4686 πρός
1396 4634 1482 4687 με·
1517 4618 1590 4688 μὴ
1624 4635 1721 4686 φο-

113 4704 225 4757 6οὗο
265 4706 369 4759 xui.
414 4708 606 4776 ἡμεῖς
636 4705 910 4777 ἄνθρωποί
952 4708 1137 4778 ἐσμεν.
1174 4709 1268 4761 xui.
1308 4705 1460 4762 εἷπον
1507 4709 1720 4773 αὐτοῖς·

113 4793 276 4847 πόθεν
298 4794 463 4859 ἐστέ,
503 4795 611 4848 καὶ
637 4794 754 4857 πῶς
783 4794 973 4864 ἤλθετε
1007 4798 1084 4858 εἰς
1125 4795 1221 4867 τὴν
1255 4796 1458 4869 ἔρημον
1483 4798 1724 4869 ταύτην;

1827 4609 2133 4665 existimavi
2149 4611 2292 4665 enim
2315 4625 2436 4666 esse
2454 4609 2703 4679 Spiritus.
2737 4608 2847 4678 ipsi
2866 4624 2997 4664 vero
3014 4618 3305 4679 postquam
3323 4624 3410 4664 me

1830 4701 2089 4756 viderunt
2110 4710 2456 4765 trementem,
2481 4701 2555 4755 ita
2573 4701 2743 4756 locuti
2769 4710 2895 4757 sunt
2916 4701 3044 4755 mihi
3068 4722 3079 4756 :
3110 4702 3228 4756 Noli
3257 4698 3411 4754 timc-

1832 4813 1911 4865 re;
1934 4798 2097 4853 etiam
2118 4814 2218 4854 nos
2244 4798 2496 4854 homines
2514 4813 2725 4854 sumus.
2746 4797 2813 4851 Et
2828 4797 2941 4853 dixi
2964 4798 3063 4851 iis:
3089 4796 3243 4851 Unde
3258 4795 3412 4857 estis,

113 4887 202 4940 καὶ
243 4882 450 4940 εἷπον’
508 4885 629 4938 ἀπὸ
671 4884 933 4938 κοινοϐίου
962 4886 1160 4956 ἐσμέν’
1201 4888 1295 4940 xui.
1334 4888 1555 4956 γέγονεν
1596 4889 1708 4960 ἡμῖε

1831 4898 1886 4945 et
1909 4890 2187 4960 quomodo
2222 4891 2451 4946 venistis
2477 4891 2532 4944 in
2563 4890 2919 4945 solitudinem
2956 4888 3137 4943 hanc?
3167 4886 3416 4957 Respon—

112 4979 442 5048 συμφωνία,
498 4978 607 5031 καὶ
654 4976 952 5048 ἐξήλθομεν
991 4971 1125 5030 ὧδεο
1171 4979 1279 5032 ἰδοὺ
1321 4979 1708 5051 τεσσαράκοντς

1836 4978 2032 5033 derunt
2062 4999 2075 5033 :
2120 4978 2161 5032 E
2193 4979 2465 5035 coenobio
2500 4995 2714 5044 sumus,
2749 4988 2913 5049 atque
2946 4993 3007 5031 ex
3051 4984 3241 5031 mutuo
3288 4991 3415 5030 con-

110 5066 224 5141 ἔτη.
268 5068 369 5122 καὶ
414 5069 448 5120 ὁ
503 5066 616 5137 μὲν
638 5066 657 5097 ⁷
694 5060 772 5128 εἷς
801 5065 1113 5133 Αἰγύπτιος,
1139 5065 1243 5118 ὁδὲ
1278 5065 1461 5137 ἕτερος
1494 5066 1708 5119 Λιϐυκὸ‹

1836 5084 2001 5125 sensu
2034 5072 2244 5141 egressi
2285 5072 2537 5128 venimus
2581 5072 2708 5135 huc,
2748 5087 2875 5127 ecce
2917 5069 3277 5140 quadraginta
3325 5067 3417 5121 ab-

1463 5197 1720 5254 VARIAE
1758 5201 2159 5261 LECTIONES.

176 5345 198 5375 '
239 5344 330 5398 Al.
537 5340 562 5371 ⁸
606 5340 691 5394 Al.
734 5339 1030 5410 περισσῶς.
1106 5338 1127 5369 ⁷
1165 5339 1246 5391 Al.
1283 5338 1521 5407 ἔχομεν.

1640 5501 1887 5557 NOTAE.

175 5652 253 5721 (α)
288 5648 868 5721 Περιεπόμπευσάν
900 5665 975 5716 με
1003 5648 1072 5721 ἐκ
1100 5646 1376 5721 ζῆᾼκὼιέῃλ
1396 5650 1523 5721 κατ’
1545 5649 1733 5721 ἄμφω-

108 5717 515 5777 δυκίιωῑωυ
545 5719 850 5772 mutatione
875 5718 1075 5787 corrigi
1103 5717 1261 5772 debet
1293 5717 1489 5788 Pelagii
1516 5720 1693 5772 versio
1721 5737 1732 5771 :

113 5796 377 5848 miserunt
412 5806 509 5846 me
561 5788 871 5844 circiluram
900 5790 950 5843 in
980 5789 1088 5844 vico
1117 5789 1231 5860 illo,
1267 5789 1554 5846 scribendo
1586 5789 1737 5842 circi-

1845 5654 2039 5700 turum.
2064 5644 2158 5699 Ed.
2192 5643 2650 5714 Lugduicircuire.
2683 5643 2762 5696 An
2828 5640 3424 5714 ἀνεῖται-ετξ(Σοῖειιιςῐ)ἷ

1916 5715 1989 5785 (b)
2032 5715 2117 5770 Cf.
2186 5710 2300 5772 νγῖ
2348 5713 2450 5773 PP.
2500 5716 2678 5771 llosw.
2728 5715 2819 5771 lib.
2858 5731 2915 5769 ιιι
2953 5729 3070 5784 cap.
3112 5712 3209 5779 99;
3252 5712 3346 5767 lib.
3386 5710 3421 5762 ν

1845 5788 2011 5843 libell.
2046 5786 2130 5852 15,
2160 5786 2248 5841 25.
