3950 6588
560 376 670 434 250

1376 375 1476 432 SS.
1512 375 1971 433 MACARIORUM
2011 373 2335 431 AEGYPTI!
2374 374 2461 429 ET
2502 372 2968 429 ALEXANDRINI
3673 377 3750 432 210

562 499 694 554 hinc
724 494 852 549 anni
882 492 1301 565 praeterierunt.
1336 492 1513 563 Atque
1536 509 1681 549 unus
1707 508 1739 549 e
1761 493 1921 548 nobis
1954 491 2129 562 Aegy-

2231 490 2485 561 ὑπάρχει.
2503 490 2598 543 καὶ
2622 488 2986 561 ἐπηρώτησάν
3011 505 3077 559 με
3101 487 3197 542 καὶ
3232 483 3386 541 αὐτοὶ
3404 483 3755 551 λέγοντες-πῶς

560 593 709 662 ptius
730 594 837 650 est,
865 586 1003 640 alter
1018 583 1269 655 Libycus.
1298 583 1404 653 Ipsi
1423 586 2131 655 quoqueinterrogaverunt

559 696 650 737 me
675 689 730 735 et
762 680 1021 734 dixerunt
1049 696 1061 731 :
1095 675 1384 743 Quomodo
1414 692 1473 730 se
1505 676 1671 730 habet
1712 674 1993 729 mundus?
2035 672 2131 727 Ve-

561 772 718 826 nitne
747 784 887 838 aqua
919 768 973 821 in
1007 775 1250 835 tempore
1283 764 1426 818 suo?
1464 763 1697 818 Mundus
1724 764 2004 817 obtinetne
2035 762 2132 815 ab-

563 860 880 915 undantiam
930 857 1187 911 solitam?
1231 853 1508 924 Respondi
1548 870 1564 909 :
1622 853 1818 908 Etiam.
1875 851 2131 906 Vicissim

561 968 662 1025 ego
692 957 1044 1022 percontatus
1067 964 1186 1003 sum
1218 966 1230 1001 :
1268 946 1517 1014 Quanam
1551 947 1764 1002 ratione
1796 946 1909 1001 fieri
1940 954 2131 1016 potero

562 1041 900 1099 monachus?
949 1039 1117 1093 Aiunt
1172 1038 1305 1091 mihi
1343 1057 1356 1092 :
1402 1036 1517 1093 Nisi
1557 1038 1681 1107 quis
1725 1037 2132 1092 t‘enunciaverit

562 1134 821 1188 omnibus
852 1131 1036 1185 mundi
1068 1131 1256 1194 rebus,
1292 1145 1399 1184 non
1443 1139 1616 1200 potest
1656 1131 1771 1185 fieri
1808 1129 2128 1183 monachus.

562 1222 763 1293 Excepi
800 1241 813 1278 :
850 1221 961 1292 Ego
983 1221 1234 1276 inﬁrmus
1264 1237 1407 1285 sum,
1443 1237 1539 1276 nec
1563 1236 1783 1291 possum
1818 1220 1978 1275 sicuti
2012 1235 2128 1273 vos.

561 1314 902 1384 Exceperunt
926 1314 1087 1369 etiam
1106 1312 1183 1366 illi
1212 1331 1225 1366 :
1254 1311 1310 1365 Si
1338 1328 1442 1366 non
1473 1322 1647 1383 potes,
1673 1311 2132 1382 quemadmodum

560 1422 684 1474 nos,
706 1407 834 1461 sede
854 1407 910 1460 in
928 1405 1123 1460 cellula
1142 1413 1259 1470 tua,
1278 1412 1331 1459 et
1354 1414 1576 1475 peccata
1596 1414 1688 1458 tua
1707 1404 1862 1460 deﬂe.
1877 1402 2131 1469 Quaesivi

562 1498 631 1554 ab
659 1499 740 1553 eis
767 1518 780 1552 ε
818 1498 1047 1565 Quando
1087 1498 1264 1553 hiems
1293 1506 1399 1561 est,
1437 1511 1618 1551 nonne
1648 1496 1876 1567 algetis?
1913 1494 2133 1563 quando

564 1598 752 1645 aestus
769 1598 874 1655 est,
902 1606 1081 1645 nonne
1109 1591 1287 1645 uritur
1307 1604 1508 1658 corpus
1530 1599 1767 1643 vestrum
1785 1588 1807 1639 ?
1823 1585 2137 1657 Responde-

565 1690 727 1736 runt:
758 1682 902 1737 Deus
929 1697 1057 1752 erga
1076 1698 1179 1737 nos
1200 1681 1303 1736 hac
1326 1696 1459 1736 usus
1477 1688 1561 1735 est
1581 1680 2017 1749 dispensatione:
2044 1693 2133 1733 ne-

562 1788 670 1843 que
702 1774 877 1828 hieme
900 1774 1157 1843 rigemus,
1184 1787 1360 1843 neque
1381 1778 1589 1827 aestate
1614 1788 1717 1827 nos
1731 1778 1916 1826 aestus
1944 1770 2128 1825 laedit.

561 1861 856 1932 I‘rOpterea
884 1863 997 1916 dixi
1018 1863 1193 1927 vobis,
1230 1877 1315 1917 me
1349 1861 1591 1915 nondum
1627 1876 1751 1916 esse
1778 1859 2128 1927 monachum,

564 1954 657 2008 sed
686 1954 892 2009 vidisse
929 1954 1254 2009 monachos.
1281 1951 1556 2023 Ignoscite
1599 1952 1759 2013 mihi,
1802 1951 2023 2007 fratres.

634 2044 686 2098 5.
723 2042 995 2099 Macarius
1028 2044 1196 2098 abbas
1230 2059 1354 2099 cum
1388 2044 1441 2097 in
1479 2041 1792 2096 omnimoda
1837 2040 2133 2096 solitudine

562 2130 837 2185 habitaret
866 2149 880 2185 :
926 2133 1078 2187 solus
1113 2140 1295 2187 autem
1340 2132 1454 2186 illic
1490 2131 1931 2186 anachoreticam
1966 2132 2131 2186 vitam

564 2222 828 2291 ducebat;
861 2225 1005 2279 infra
1033 2241 1163 2280 vero
1192 2226 1299 2280 alia
1333 2234 1452 2281 erat
1498 2240 1738 2291 ercmus,
1771 2226 1827 2279 in
1858 2240 1966 2295 qua
2011 2226 2134 2296 plu-

562 2328 655 2368 res
685 2313 882 2369 fratres
913 2315 1217 2386 degebant:
1264 2317 1371 2370 ista
1401 2316 1567 2386 igitur
1610 2316 1665 2370 in
1696 2316 1993 2371 solitudine
2033 2319 2134 2372 ali-

566 2406 787 2476 quando
820 2422 919 2477 per
947 2409 1091 2461 viam
1126 2407 1578 2477 circumspiciens
1608 2422 1795 2470 senex,
1819 2406 1956 2462 vidit
1989 2416 2135 2462 sata-

565 2516 693 2555 nam
744 2500 1054 2554 venientem
1102 2500 1158 2554 in
1200 2499 1371 2569 ﬁgura
1412 2498 1671 2562 hominis,
1717 2505 1777 2553 ut
1832 2499 2037 2563 locum,
2078 2500 2135 2553 in

565 2606 676 2661 quo
709 2600 848 2656 erat,
890 2593 1185 2647 transiret:
1236 2590 1532 2660 apparebat
1570 2598 1750 2644 autem
1792 2590 1947 2660 quasi
1989 2590 2137 2643 tuni-

565 2698 687 2738 cam
703 2694 923 2755 gestans
944 2684 1143 2740 lineam
1160 2682 1517 2754 perforatam,
1536 2697 1566 2735 a
1597 2684 1755 2737 cuius
1775 2681 2135 2737 foraminibus

564 2773 878 2844 pendebant
910 2789 1110 2845 parvae
1132 2774 1355 2845 lecythi.
1393 2772 1532 2827 Dicit
1571 2774 1621 2828 ei
1661 2790 1827 2829 senex
1859 2790 2129 2845 magnus:

565 2864 686 2929 Quo
703 2864 896 2918 vadis?
914 2863 1219 2934 Respondit
1244 2882 1256 2917 :
1286 2862 1610 2917 Proficiscor
1633 2862 1701 2917 ad
1729 2864 1945 2932 fratres,
1971 2876 2030 2920 ut
2066 2867 2134 2922 iis

564 2969 873 3035 suggeram.
921 2955 1060 3010 Tum
1108 2971 1272 3012 senex
1312 2972 1325 3008 :
1383 2954 1450 3009 Et
1497 2970 1668 3025 quare
1715 2955 1810 3011 tibi
1865 2957 2137 3027 ampullae

564 3044 711 3101 line?
748 3046 892 3100 llle:
941 3045 1124 3099 Aﬂero
1175 3046 1438 3102 fratribus
1485 3047 1850 3104 condimenta.
1904 3048 2130 3104 Senex:

564 3137 631 3189 Et
659 3138 792 3191 haec
824 3137 1049 3191 omnia?
1093 3130 1314 3207 Excepit
1347 3156 1361 3193 :
1401 3137 1606 3203 Etiam;
1632 3138 1677 3193 si
1706 3139 1793 3193 cui
1822 3155 1991 3193 unum
2023 3155 2133 3194 non

565 3227 852 3298 placuerit,
884 3228 1029 3282 aliud
1058 3228 1276 3299 porrigo
1319 3245 1333 3282 :
1374 3227 1421 3282 si
1456 3242 1629 3296 neque
1666 3228 1789 3292 hoc,
1828 3228 1899 3284 do
1940 3230 2127 3285 aliud:

565 3320 786 3375 omnino
822 3328 1002 3373 autem
1032 3335 1113 3383 ,ει
1166 3319 1274 3376 illis
1313 3320 1506 3375 saltem
1550 3336 1720 3375 unum
1782 3322 2018 3391 placebit
2057 3323 2131 3377 ei.

565 3412 716 3476 Quae
738 3425 863 3464 cum
892 3410 1142 3475 dixisset,
1164 3412 1317 3465 abiit.
1337 3411 1407 3465 At
1436 3427 1605 3467 senex
1636 3413 1917 3476 remansit,
1944 3413 2134 3469 obser-

564 3516 703 3557 vans
732 3501 871 3566 vias,
914 3501 1090 3558 donec
1124 3512 1510 3558 reverteretur.
1534 3503 1714 3573 thue
1753 3505 2039 3575 conspexit
2067 3504 2134 3558 il-

563 3594 676 3647 lum
708 3610 895 3659 senex,
923 3594 999 3647 ait
1038 3612 1051 3646 :
1086 3594 1283 3650 Salvus
1309 3594 1407 3650 sis.
1430 3594 1525 3649 ille
1546 3595 1829 3664 respondit
1853 3615 1866 3651 :
1894 3597 2134 3662 Quomo-

563 3685 637 3738 do
659 3686 976 3756 contingere
1005 3685 1138 3739 mihi
1164 3686 1383 3756 poterit,
1416 3693 1474 3739 ut
1508 3686 1692 3742 salvus
1728 3687 1867 3741 sim?
1904 3687 2076 3743 Senex
2115 3709 2126 3743 :

563 3776 789 3842 Quare?
824 3778 914 3832 llic
950 3776 1145 3844 :Quia,
1176 3778 1374 3849 inquit,
1414 3779 1595 3834 cuncti
1623 3779 1754 3832 mihi
1785 3778 2005 3834 fuerunt
2032 3781 2133 3835 im-

560 3868 744 3931 mites,
782 3884 882 3923 nec
924 3868 1066 3923 ullus
1101 3870 1232 3923 mihi
1256 3871 1418 3925 favet.
1462 3869 1545 3925 Ad
1584 3888 1707 3926 eum
1738 3887 1907 3927 senex
1943 3891 1956 3927 :
1999 3872 2131 3927 Nul-

560 3960 717 4017 lusne
744 3977 873 4032 ergo
911 3962 1023 4017 illic
1056 3963 1155 4017 tibi
1193 3964 1443 4019 amicus?
1494 3963 1588 4018 llle
1626 3965 1909 4035 respondit
1944 3986 1957 4020 :
1999 3966 2129 4035 Nae,

561 4069 729 4108 unum
782 4054 852 4109 ibi
892 4055 1216 4109 monachum
1260 4056 1495 4110 amicum
1534 4056 1728 4122 habeo,
1754 4058 1844 4127 qui
1882 4060 1966 4114 vel
2014 4059 2131 4129 ipse

559 4145 693 4197 mihi
727 4145 1087 4215 obtemperat,
1116 4155 1169 4199 et
1201 4160 1327 4199 cum
1373 4160 1461 4200 me
1508 4146 1798 4215 conspicit,
1846 4160 2011 4201 aurae
2047 4147 2131 4200 in-

562 4248 677 4293 star
698 4240 946 4293 vertitur.
973 4238 1111 4293 Tum
1136 4255 1299 4294 senex
1324 4238 1642 4305 :Quomodo
1672 4249 1897 4294 vocatur
1926 4239 2132 4295 frater?

563 4329 656 4383 lile
685 4329 797 4383 ait:
833 4327 1255 4399 Theopemptus.
1294 4328 1414 4394 Quo
1446 4328 1591 4383 dicto
1634 4330 1909 4385 discessit.
1953 4332 2129 4400 Atque

566 4438 797 4492 surgens
829 4421 1099 4478 Macarius
1128 4422 1298 4477 abbas
1333 4422 1567 4491 perrexit
1596 4420 1662 4475 ad
1687 4421 1996 4477 inferiorem
2018 4438 2130 4478 ere-

2231 584 2261 636 6
2285 584 2521 653 κόσμος;
2555 584 2649 635 καὶ
2674 583 2721 634 εί
2756 582 2972 653 ἔρχεται
3002 580 3062 634 τὸ
3082 581 3224 650 ὕδωρ
3250 579 3391 633 κατὰ
3413 578 3591 647 καιρὸν
3607 580 3755 652 αὑτοῦ,

2170 660 2193 747 ί
2232 675 2326 727 κού⁸
2361 676 2409 726 εἰ
2443 672 2555 743 ἔχει
2582 675 2611 726 6
2649 674 2853 745 κόσμος
2888 673 2988 744 τὴν
3019 671 3270 745 εὐθηνίαν
3301 666 3465 723 αὐτοῦ
3488 705 3504 733 ,
3538 670 3620 724 καὶ
3637 668 3757 729 εἶπον

2231 765 2416 829 αὐτοῖς
2437 782 2451 796 ο
2484 765 2593 818 ναί.
2634 763 2790 833 κάγὼ
2838 765 3034 828 αὐτοὺς
3075 764 3335 835 ἠρώτησα
3358 777 3373 791 ⁸
3402 761 3520 826 πῶς
3565 762 3759 837 δύναμαι

2192 924 2198 929 ι
2236 855 2480 927 γενέσθαι
2530 856 2797 927 μοναχός;
2826 856 2923 909 καὶ
2968 856 3184 925 λέγουσί
3216 871 3305 926 μοι
3326 869 3340 883 ⁸
3365 854 3462 911 ἐὰν
3498 854 3565 926 μὴ
3590 857 3759 915 ἀποτά-

2180 1004 2201 1018 _
2234 948 2389 1019 ξηταί
2416 966 2499 1012 τις
2525 950 2657 1003 πᾶσι
2679 950 2794 1012 τοῖς
2818 948 2913 1002 τοῦ
2940 949 3167 1020 κόσμου,
3196 949 3258 1001 οὐ
3298 947 3517 1002 δύναται
3549 950 3758 1015 γενέσθαι

2236 1039 2486 1110 μοναχός.
2521 1040 2615 1092 καὶ
2639 1036 2792 1093 εἶπον
2811 1039 2994 1103 αὐτοῖς
3016 1055 3031 1071 ο
3060 1038 3171 1107 ἐγὼ
3216 1039 3450 1107 ἀσθενής
3479 1039 3588 1108 εἰμι
3610 1041 3689 1093 καὶ
3710 1043 3759 1096 οὗ

2232 1130 2463 1201 δύναμαι
2490 1131 2565 1194 ὡς
2591 1132 2768 1203 ὑμεῖς’
2815 1133 2910 1186 καὶ
2942 1129 3094 1185 εἶπόν
3123 1147 3212 1200 μοι
3238 1132 3333 1184 καὶ
3369 1128 3541 1183 αὐτοί·
3571 1133 3655 1185 καὶ
3686 1134 3761 1187 ἐὰν

2232 1221 2291 1273 οὐ
2332 1220 2553 1275 δύνασαι
2594 1220 2671 1285 ὡς
2698 1223 2888 1293 ἡμεῖς,
2919 1219 3088 1275 κάθου
3112 1221 3194 1284 εἰς
3221 1220 3283 1273 τὸ
3322 1218 3529 1272 κελλίον
3558 1236 3659 1284 σου,
3688 1224 3761 1276 καὶ

2233 1312 2465 1367 κλαῦσον
2488 1312 2587 1378 τάς
2605 1314 2877 1385 ἁμαρτίας
2907 1330 3022 1367 σοιν
3046 1314 3141 1367 καὶ
3158 1312 3418 1384 ἠρώτησα
3438 1310 3641 1375 αὐτούς’
3660 1313 3761 1366 ὅταν

2232 1405 2445 1476 γίνηται
2473 1404 2697 1477 χειμών,
2746 1405 2806 1458 οὐ
2844 1407 3069 1476 ριγᾶτε;
3105 1406 3199 1458 καὶ
3241 1404 3369 1457 ὅταν
3400 1403 3608 1471 γίνηται
3634 1405 3763 1477 240

2233 1497 2419 1568 καῦμα
2439 1536 2453 1559 ,
2484 1496 2544 1548 οὐ
2570 1495 2784 1549 καίεται
2816 1494 2882 1547 τὰ
2911 1492 3140 1564 σώματα
3177 1494 3330 1563 ὑμῶν
3354 1510 3369 1558 ;
3402 1496 3450 1546 οἱ
3482 1494 3539 1547 δὲ
3566 1488 3715 1548 εἷπον
3741 1500 3764 1549 6

2232 1588 2362 1650 Θεὸς
2393 1586 2646 1658 ἐποίησεν
2673 1588 2802 1657 ἡμῖν
2838 1585 2936 1656 τὴν
2968 1586 3274 1655 οἰκονομίαν
3310 1586 3535 1655 ταύτηνο
3561 1587 3645 1637 καὶ
3666 1587 3763 1640 οὔτε

2230 1680 2308 1751 τῷ
2332 1678 2556 1751 χειμῶνι
2595 1678 2856 1750 ριγῶμεν,
2895 1677 3020 1731 οὕτε
3057 1678 3135 1749 τῷ
3167 1678 3318 1750 θέρει
3355 1679 3417 1731 τὸ
3442 1677 3622 1748 καῦμα
3648 1680 3765 1749 ἡμᾶς

2232 1754 2424 1827 ἀδικεῗ.
2455 1770 2543 1825 διὰ
2568 1769 2725 1824 τοῦτο
2756 1765 2908 1824 εἷπον
2936 1772 3083 1841 ὑμῖν,
3119 1772 3201 1824 ὃτι
3230 1770 3383 1824 οῠπω
3412 1769 3605 1838 γέγονα
3634 1788 3765 1839 μονα-

2233 1862 2358 1932 χός,
2410 1861 2526 1916 ἀλλ’
2568 1859 2704 1915 εἶδον
2747 1861 3031 1931 μοναχούς.
3060 1861 3451 1932 συγχωρήσατε
3487 1877 3612 1931 μοι,
3639 1862 3766 1915 die).-

2235 1953 2457 2023 ψπ(ω.

2302 2046 2355 2099 5.
2402 2044 2465 2100 Ὀ
2490 2044 2666 2107 ἀϐὁᾶς
2700 2042 2981 2114 Μακάριος
3005 2042 3094 2095 ὅτε
3122 2041 3256 2113 ᾤκει
3282 2043 3341 2095 ὲν
3377 2044 3443 2112 τῇ
3473 2046 3766 2115 πανερήμῳ·

2231 2134 2299 2210 ἦν
2332 2136 2390 2190 δὲ
2432 2138 2589 2208 μόνος
2617 2139 2672 2189 ὲν
2708 2136 2844 2207 αὐτῇ
2884 2135 3201 2206 ἀναχωρῶν,
3238 2135 3545 2204 παρακάτω
3576 2134 3629 2187 δὲ
3663 2137 3769 2209 ἄλλη

2234 2230 2438 2300 ἔρημος
2469 2224 2537 2299 ἦν
2576 2226 2836 2281 πλειόνων
2867 2225 3133 2294 ἀδελφῶν.
3164 2226 3463 2296 παρετήρει
3493 2224 3548 2277 δὲ
3576 2226 3603 2276 6
3625 2226 3773 2297 γέρων

2232 2320 2329 2393 τὴν
2353 2320 2490 2383 ὁδόν,
2510 2320 2604 2374 καὶ
2632 2320 2736 2391 ὁρᾷ
2764 2318 2857 2372 τὸν
2897 2318 3156 2381 σατανᾶν,
3189 2315 3554 2387 ἀνερχόμενον
3587 2317 3639 2368 ἐν
3666 2319 3772 2387 σχή-

2239 2430 2366 2483 ματι
2411 2410 2734 2485 ἀνθρώπου,
2777 2410 3071 2480 παρελθεῖν
3109 2407 3174 2463 δι’
3227 2407 3420 2463 αὑτοῦ·
3471 2408 3775 2474 ὲφαίνετοόὲ

2233 2504 2307 2568 ὡς
2353 2505 2627 2575 στιχάριον
2674 2501 2854 2572 φορῶν
2897 2501 3076 2553 λινοῦν
3121 2498 3481 2571 τρωγλωτόν’
3529 2498 3621 2551 καὶ
3660 2498 3774 2550 κατὰ

2233 2595 2535 2667 τρυμαλιάν
2574 2592 2848 2665 ἐκρέματο
2884 2590 3141 2661 ληκύθιον
3194 2591 3233 2643 ⁸.
3282 2590 3375 2641 καὶ
3416 2589 3568 2656 λέγει
3604 2588 3774 2657 αὺῷὁ

2234 2687 2412 2758 γέρων
2435 2686 2463 2737 6
2496 2685 2668 2755 μέγας
2690 2700 2705 2717 ο
2729 2680 2833 2737 ποῦ
2855 2682 3060 2754 πορεύῃ
3082 2698 3095 2747 ;
3124 2682 3217 2734 καὶ
3242 2676 3393 2734 εἶπεν
3426 2678 3600 2750 αὐτῷ’
3635 2680 3777 2748 ἁπέρσ

2233 2794 2398 2847 χομαι
2423 2770 2730 2847 ὑπομνῆσαι
2749 2775 2874 2837 τοὺς
2891 2771 3150 2842 ἀδελφούς
3174 2772 3272 2840 (b).
3302 2774 3329 2824 6
3354 2770 3410 2824 δὲ
3440 2770 3621 2841 γέρων
3650 2766 3772 2822 εἷπε·

2235 2868 2328 2921 καὶ
2351 2866 2437 2923 ἵνα
2458 2866 2512 2920 τί
2537 2883 2618 2918 σοι
2651 2864 2719 2917 τὰ
2744 2863 2975 2935 ληκύθια
2991 2864 3011 2894 ⁹
3034 2861 3236 2928 milita;
3267 2862 3360 2915 καὶ
3377 2856 3505 2913 εἷπε
3525 2878 3537 2890 ⁸
3561 2861 3778 2930 γεύματα

2236 2959 2496 3029 ἀποφέρω
2530 2959 2644 3021 τοῖς
2682 2956 2948 3025 ἀδελφοῖς.
2979 2957 3007 3009 6
3035 2955 3091 3007 δὲ
3120 2954 3297 3026 γέρων
3334 2950 3481 3007 εἶτ-ιε⁸
3519 2951 3777 3006 καὶταῦτα

2235 3050 2365 3116 ὃλα;
2392 3048 2694 3119 ἀπεκρίθη’
2723 3048 2846 3102 ναί·
2881 3046 3037 3119 241
3071 3045 3166 3098 ἐὰν
3195 3046 3269 3116 μὴ
3296 3045 3357 3098 τὸ
3387 3045 3444 3099 ἓν
3472 3044 3644 3115 ἀρέσῃ
3672 3043 3777 3107 τινί,

2160 3172 2202 3231 C
2236 3144 2387 3215 φέρω
2430 3142 2576 3197 ἄλλο·
2623 3142 2718 3194 ὲάν
2752 3141 2808 3194 δὲ
2837 3140 2970 3211 μηδὲ
3002 3137 3351 3231 τοῦτοηδιδῶ
3383 3137 3552 3192 ἄλλο·
3596 3137 3779 3231 πάντως

2232 3235 2289 3288 δὲ
2322 3234 2383 3299 ἐξ
2404 3233 2584 3287 αὐτῶν
2625 3231 2727 3286 κᾶν
2767 3232 2825 3285 ἒν
2855 3233 3043 3303 ἀρέσει
3086 3228 3253 3300 αὐτῷ.
3295 3230 3404 3282 Καὶ
3436 3230 3610 3282 ταῦτα
3637 3226 3781 3280 εἰπὼν

2231 3322 2491 3396 ἀπῆλθεψ
2539 3326 2567 3378 6
2603 3325 2659 3378 δὲ
2698 3326 2876 3396 γέρων
2931 3324 3113 3395 ἔμεινε
3167 3322 3659 3394 παρατηρούμενος
3704 3319 3780 3378 τὰς

2228 3418 2380 3481 ὁδοὺς
2403 3418 2509 3482 ἕως
2540 3417 2700 3472 πάλιν
2728 3420 2933 3480 ἐκεῖνος
2952 3415 3241 3487 ἐπανῆλθε.
3264 3414 3360 3467 καὶ
3381 3412 3459 3476 ὡς
3488 3409 3627 3465 εἶδεν
3649 3410 3783 3463 αὑτὸν

2232 3511 2262 3563 6
2282 3514 2480 3582 γέρων,
2501 3510 2649 3578 λέγει
2678 3510 2847 3581 αὐτῷ·
2877 3509 3128 3578 σωθείης·
3151 3510 3180 3561 6
3200 3508 3256 3562 δὲ
3278 3506 3577 3578 ἀπεκρίθη·
3601 3503 3695 3557 ποῦ
3720 3502 3783 3554 ἔνι

2235 3618 2325 3671 μοι
2344 3600 2615 3671 σωθῆναι;
2640 3600 2787 3668 λέγει
2815 3598 2965 3671 αὐτῷ
2988 3600 3017 3651 6
3046 3598 3247 3669 γέρων·
3271 3597 3359 3650 διὰ
3377 3597 3427 3650 τί
3453 3614 3470 3661 ;
3496 3598 3525 3648 6
3553 3596 3608 3648 δὲ
3639 3594 3782 3661 λέγει’

2232 3693 2310 3743 ὅτι
2349 3692 2547 3753 πάντες
2581 3689 2761 3761 ἅγριοί
2794 3706 2883 3760 μοι
2932 3688 3180 3757 ἐγένοντο
3208 3688 3313 3757 (c),
3354 3686 3450 3739 mi.
3495 3684 3668 3746 οὐδείς
3699 3700 3780 3752 μου

2232 3782 2479 3852 ἀνέχεται
2516 3783 2579 3837 ¹⁰.
2623 3781 2769 3850 λέγει
2812 3780 2957 3852 αὐτῷ
2998 3782 3026 3834 6
3066 3780 3264 3850 γέρων*
3304 3778 3499 3832 οὐδένα
3532 3774 3625 3830 οὖν
3662 3775 3786 3845 φίλαν

2232 3874 2373 3944 ἔχεις
2401 3876 2543 3940 έκεῖ;
2582 3876 2611 3927 6
2651 3874 2707 3926 δὲ
2750 3873 3053 3944 ἀπεκρίθη*
3086 3872 3203 3937 ναὶ,
3237 3871 3332 3923 ’ένα
3371 3869 3611 3941 μοναχὸν
3637 3868 3676 3899 ’ί
3698 3866 3785 3935 ἔχω

2232 3967 2348 4019 ἐκεῖ
2369 3966 2518 4033 φίλον
2545 3967 2609 4030 ¹’,
2634 3964 2728 4018 καὶ
2753 3963 2855 4018 κᾶν
2880 3962 3043 4025 αὐτός
3073 3980 3162 4033 μοι
3191 3961 3458 4015 πείθεται’
3486 3962 3585 4015 καὶ
3605 3961 3686 4013 ὅτε
3706 3957 3787 4026 ὁρᾷ

2236 4077 2325 4130 με,
2348 4059 2639 4130 στρέφεται
2661 4058 2737 4121 ὡς
2766 4056 2943 4128 ἀνέμη
2965 4057 3026 4111 ¹³.
3053 4055 3201 4124 λέγει
3235 4054 3382 4126 αὐτῷ
3410 4056 3439 4108 6
3471 4054 3649 4125 γέρων
3675 4069 3687 4082 ·
3712 4049 3786 4102 καὶ

2231 4152 2314 4217 τίς
2374 4152 2623 4205 καλεῖται
2667 4153 2696 4205 6
2740 4150 2998 4220 ἀδελφός;
3039 4150 3070 4202 6
3106 4149 3163 4202 δὲ
3208 4148 3390 4217 λέγει’
3422 4149 3785 4217 Θεόπεμπτος.

2232 4243 2398 4298 εἰπὼν
2426 4243 2676 4297 δὲταῦτα
2703 4242 2965 4312 ἀπῆλθεν,
2997 4240 3092 4294 καὶ
3131 4240 3369 4303 ἀναστὰς
3415 4241 3446 4293 6
3486 4239 3662 4301 ἀϐὁᾶς
3688 4237 3788 4290 Μα-

2230 4336 2420 4407 κάριος
2468 4335 2767 4406 ἀπέρχεται
2813 4334 2905 4385 ἐπὶ
2951 4333 3050 4401 τὴν
3092 4332 3395 4403 παρακὰτω
3440 4330 3671 4402 ἔρημον,
3712 4324 3789 4379 καὶ

2230 4428 2559 4493 ἀκούσαντες
2602 4433 2649 4483 οἱ
2702 4429 2953 4497 ἀδελφοὶ,
2993 4425 3248 4490 λαϐόντες
3295 4426 3426 4497 βαΐα
3474 4425 3697 4498 ἐξῆλθον
3724 4422 3788 4480 είς

562 4530 728 4569 ιιιιιιιι.
760 4513 914 4581 Quod
938 4531 1060 4569 cum
1099 4516 1497 4585 comperissent
1531 4514 1753 4579 fratres,
1781 4513 2014 4581 sumptis
2040 4531 2125 4569 ra-

2230 4522 2534 4591 ἀπάντησιν
2566 4522 2729 4575 αὐτοῦ
2757 4522 2854 4592 (d).
2880 4522 2970 4573 καὶ
2992 4519 3176 4573 λοιπὸν
3199 4519 3427 4584 ἕκαστος
3448 4516 3792 4590 ηὐτρεπίζετο

1855 4630 2107 4685 VARIAE
2139 4632 2538 4695 LECTIONES.

628 4748 648 4781 ³
687 4749 867 4824 Corn,
907 4746 1555 4824 (ζρις1ενᾏληκύνϐιονκ
1598 4745 1819 4811 'Corr.,
1852 4746 2084 4805 Cotelcr.
2109 4755 2427 4821 ληκύνθια.
2509 4757 2551 4787 ¹⁰
2572 4756 2657 4809 Al.
2683 4773 2783 4824 μοι
2818 4757 3098 4811 πείθεται.

1048 4751 1555 4828 1θνλληξιύνϐιον.-
1598 4751 1819 4811 'Corr.,
1852 4751 2084 4805 Cotelcr.
2109 4755 2427 4821 ληκύνθια.
2509 4757 2551 4787 ¹⁰
2572 4756 2657 4809 Al.
2683 4773 2783 4824 μοι
2818 4757 3098 4811 πείθεται.
3178 4757 3218 4786 ’ί
3246 4756 3331 4811 Al.
3360 4756 3587 4825 μόνον.
3662 4751 3788 4805 "Al.

556 4819 841 4889 ἀδελφόν.
922 4819 965 4849 ’³
1005 4817 1095 4873 Sic
1125 4814 1356 4871 Coteler.
1390 4832 1487 4886 pro
1519 4817 1755 4886 ἄνεμος.

526 5010 529 5015 θ
2049 4934 2302 4992 NOTAE.

517 5062 528 5109 ³
619 5088 700 5159 (α)
731 5089 815 5144 Cf.
850 5088 962 5141 VV.
996 5087 1097 5142 PP.
1129 5087 1310 5142 Rosw.
1340 5087 1434 5159 lib.
1476 5101 1525 5139 vr
1563 5085 1810 5159 ιξδριιςλδ,
1836 5086 1889 5139 4.
1946 5156 1955 5159 _
2066 5157 2077 5159 Α
2228 5080 2413 5159 llosw.
2442 5080 2544 5159 lih._
2566 5094 2814 5159 v1t,‘eap.
2846 5082 2897 5159 1.
2919 5077 2972 5159 θ]
3023 5076 3577 5159 εοχςςᾳγὶῥῇαρίεεεεε
3598 5114 3612 5137 ,
3643 5073 3793 5159 omni:

626 5145 698 5219 ibi
744 5160 1085 5228 Ἀπέρχομαι
1121 5158 1469 5227 ὑπομνῆσαι
1512 5156 1653 5228 τοὺς
1696 5145 2017 5228 ἀδεέῖεοούς.
2064 5157 2121 5212 In
2228 5151 2623 5228 QusLaspgriqr:
2654 5148 2736 5228 _At
2766 5145 3023 5228 Pelagius
3082 5146 3218 5228 [VVB
3252 5145 3356 5228 P'P.
3398 5146 3595 5199 ltosw.
3642 5145 3795 5228 lih._v

557 5214 696 5286 Vitis
722 5214 945 5284 Patrtitii
967 5214 1160 5283 ε’ναάο
1206 5214 1525 5298 commorere
1548 5214 1757 5298 fratres,
1789 5214 1933 5298 facili
1968 5214 2120 5298 lapsu
2227 5214 2409 5298 libe‘il;
2427 5214 2515 5283 18,
2548 5220 2618 5292 9]
2654 5221 2864 5298 legebat
2893 5220 3046 5298 ᾅγιοι
3075 5214 3145 5298 ἑοῖ
3170 5216 3511 5298 ᾀγιώτερρς,
3554 5229 3678 5298 nam
3699 5226 3797 5290 ver-

555 5304 673 5353 vice
696 5316 1039 5359 commonere,
1084 5291 1797 5367 quemadmodum'reetein
1829 5291 2120 5352 Paschasio
2228 5291 2331 5367 fit:
2372 5291 2561 5367 Omnes
2594 5291 2919 5367 sanctiﬁcati
2941 5298 3101 5367 sunt;
3130 5291 3226 5367 10Ῑὶ
3253 5291 3425 5367 εαηςξὲ
3456 5295 3623 5345 sunt;
3655 5298 3796 5335 0mm“

555 5369 691 5438 [νγ.
734 5371 836 5424 PP.
876 5354 1054 5424 Rosvv.
1096 5354 1189 5424 lib.
1232 5385 1305 5422 vlt
1359 5383 1481 5436 cap.
1522 5367 1575 5430 1,
1610 5365 1689 5436 8].
1726 5365 1936 5438 Parque
1971 5382 2119 5438 erra-
2228 5360 2581 5438 bussanctior
2602 5371 2679 5414 est
2709 5354 3141 5438 [actusﬂni‘nus
3179 5354 3671 5438 bene.'CorELsn.,
3727 5418 3775 5438 Α,

554 5424 667 5493 tum
685 5442 925 5495 occurrit
947 5441 1048 5495 sub
1073 5440 1230 5493 linem
1252 5424 1755 5506 Apophtliegmatis.
1787 5424 1923 5490 Cod.
1949 5437 2115 5491 Corb.
2236 5502 2247 5506 _
2289 5424 2844 5506 (ιθζΛαὸόγ-ζεςβαΐα
2858 5429 3117 5497 ἐξῆλθον
3140 5424 3794 5506 «ἱεὶςἀπάντησιναὐιένῆἶ

552 5490 963 5564 ἐξ)ἦὲιῆὀῖιὲὲέὲὶ
984 5490 1602 5563 admonerefﬂorsm‘n.
1746 5490 1753 5491 ί
1966 5490 1973 5491 ί
2221 5490 2305 5555 Ad
2335 5490 2719 5556 illustrandum
2758 5490 2962 5555 morem
2982 5490 3318 5568 praeclarum
3338 5539 3349 5555 .
3380 5495 3611 5568 obviam
3652 5490 3797 5545 eundi

622 5581 692 5650 (cl
720 5580 945 5645 Πάντες
971 5580 1158 5648 (imm!
1174 5598 1273 5649 μοι
1291 5579 1589 5650 ἑγένογτο,
1612 5576 1757 5649 [etin
1788 5574 1916 5650 fine]
1939 5576 2127 5650 ᾇγριοί
2224 5573 2418 5650 alicui__
2444 5573 2903 5650 honoris.causa,
2953 5566 3221 5650 gestando
3263 5582 3448 5646 ramos
3502 5566 3797 5650 palmarum

550 5633 708 5722 nam
746 5651 894 5711 ὅλοι,
923 5633 1229 5722 Ῐρι’ἶιρι”ιιῖιι
1268 5633 1481 5719 ἱηἹίηρ]
1510 5633 1749 5722 adﬁgi:
1783 5633 2129 5722 drpfdit'époc
2227 5654 2321 5722 aut
2351 5642 2580 5722 alia-rum
2617 5633 3051 5722 arboruni,_turia
3094 5635 3516 5722 deprpmpsiJex
3559 5633 3799 5722 advers:

550 5719 809 5788 ἐγένετο,
842 5706 1121 5776 ετίὶιιίίηἱ
1155 5706 1605 5786 interpretatione
1636 5715 1771 5788 [νγ.
1802 5706 1884 5768 PP
1938 5706 2125 5788 Ro'sw'.
2228 5713 2330 5788 riis
2367 5708 2502 5788 meis
2550 5712 2797 5788 insignia
2830 5706 3179 5788 testimonia.
3211 5706 3466 5788 Primum.
3492 5706 3701 5785 petitur
3727 5714 3798 5788 ex

550 5775 643 5845 lib.
677 5808 757 5853 Ill,
785 5775 903 5859 cap.
936 5792 1027 5860 6i]
1070 5775 1320 5843 contrarii
1347 5801 1399 5843 et
1447 5775 1676 5860 agrestes
1705 5787 2129 5860 atquenniuibys
2236 5782 2531 5860 Itinerario
2554 5775 3046 5860 Hierosolymitano
3077 5777 3373 5860 Antonini:
3570 5779 3798 5860 venerunt

553 5842 1195 5931 nnipli’ua'cgperior.ex
1222 5861 1314 5915 illa
1348 5842 1503 5915 vero“
1524 5842 1801 5915 Paschasii
1838 5856 1973 5929 LVV.
2018 5856 2121 5911 l’P.
2238 5854 2481 5909 mulieres
2514 5852 2569 5906 in
2608 5842 2880 5909 occursum
2916 5850 3065 5905 nobis
3099 5865 3213 5903 cum
3252 5845 3576 5915 infantibus,
3613 5842 3795 5918 palmas
