3950 6562
182 335 262 390 ul
1427 339 2054 398 APOPHTHEGMATA.

3277 341 3387 397 ‘24!

182 451 395 526 ⁷κομίζων,
426 447 502 500 ὅτι
523 448 812 520 παράὐτῷ
833 448 1021 520 ἔμελλε
1041 453 1330 508 καταλύειν
1343 457 1577 529 ὁγέρων.
1600 460 1628 512 6
1657 459 1713 512 δὲ

1821 457 1921 512 mis
1949 456 2254 526 palmarum
2270 455 2322 512 ei
2338 455 2557 512 obviam
2583 457 2919 526 prodierunt.
2941 455 3190 511 Ceterum
3215 473 3388 514 unus-

179 537 508 616 242K613.
532 538 617 601 τίς
652 541 735 611 εἴη
763 543 792 594 6
819 541 1152 614 καλούμενος
1171 545 1526 618 Θεὸπεμπτος
1547 553 1604 604 ὲν
1628 551 1707 621 τῷ

175 631 376 708 apsumi
395 628 565 699 εὑρὼν
587 632 800 704 εἰσῆλθε
822 636 901 698 είς
928 635 988 688 τὸ
1006 636 1212 691 κελλίον
1236 640 1422 694 αὐτοῦ.
1450 644 1478 695 6
1499 643 1557 696 δὲ
1579 643 1709 697 Θεό-

177 721 686 797 πμπτοςὺπεδέξατο
701 726 860 779 αὐτὸν
876 727 1098 798 χαίρων.
1113 729 1186 794 ὡς
1199 731 1256 784 δὲ
1274 732 1474 804 ἤρξατο
1490 734 1709 798 ἱδιὰζειν

174 819 327 882 αὐτὸν,
347 817 373 869 ὁ
403 815 576 886 γέρων
598 815 767 887 λέγει·
803 819 922 883 πῶς
954 820 1022 873 τὰ
1050 823 1190 876 κατὰ
1219 824 1300 886 σὲ,
1333 825 1561 892 ἀδελφέ;
1586 829 1614 880 6
1651 827 1709 880 δὲ

173 906 301 964 εἶπεν
317 923 330 936 ·
355 906 531 976 εὐχαῖς
556 924 673 972 σου,
699 908 900 973 καλῶς.
933 905 1054 963 εἷπε
1079 911 1137 965 δὲ
1165 912 1193 963 6
1217 912 1415 983 γέρων
1455 913 1530 984 μὴ
1560 915 1711 968 πολε-

174 1000 310 1074 μοῦσί
335 1015 388 1051 σε
432 1000 480 1051 οἱ
523 999 809 1072 λογισμοί;
840 1003 868 1054 6
905 1003 960 1056 δὲ
993 1001 1138 1057 εἶπες
1177 1005 1314 1070 τέως
1356 1006 1538 1070 καλῶς
1571 1009 1705 1078 εἰμι·

172 1093 323 1165 ᾐδεῖτο
342 1087 441 1161 γὰρ
468 1091 660 1144 εἰπεῖν.
687 1091 836 1161 λέγει
864 1095 1011 1165 αὐτῷ
1038 1098 1065 1149 6
1085 1097 1282 1169 γέρων·
1311 1098 1418 1153 ίδοὺ
1445 1099 1586 1154 πόσα
1613 1100 1708 1172 ἔτη

173 1181 322 1244 ἀσκῶ,
356 1181 444 1234 καὶ
491 1182 737 1254 τιμῶμαι
768 1185 920 1257 παρὰ
949 1188 1186 1252 πάντων,
1216 1189 1310 1243 καὶ
1351 1191 1474 1261 ἐμοὶ
1506 1191 1582 1261 τῷ
1617 1193 1711 1260 γέ-

173 1292 293 1348 ροντι
321 1271 462 1341 ὀχλεῖ
491 1273 553 1326 τὸ
576 1274 791 1346 πνεῦμα
816 1279 913 1349 τῆς
938 1281 1211 1350 πορνείας.
1241 1283 1517 1355 ἀπεκρίθη
1538 1284 1711 1353 λέγων

170 1366 563 1434 ὁΘεὸπεμπτος·
591 1367 834 1434 πίστευε,
864 1369 1039 1436 ἁῦὅᾶ,
1080 1372 1176 1425 καὶ
1200 1373 1343 1443 ἐμοί’
1377 1375 1406 1427 ὁ
1439 1375 1495 1428 δὲ
1532 1375 1711 1447 γέρων

166 1455 533 1527 προεφασέξετο
557 1458 651 1510 καὶ
681 1459 897 1530 ἐτέρους
923 1461 1216 1533 λογισμοὺς
1254 1464 1510 1535 πολεμεῖν
1539 1466 1708 1537 αὐτῷ,

167 1547 254 1608 ἕως
281 1547 484 1616 ποιήσει
513 1547 670 1600 αὐτὸν
696 1550 1024 1621 ὁμολογῆσαι
1043 1568 1056 1582 °
1090 1549 1208 1607 εἶτα
1236 1554 1382 1622 λέγει
1404 1557 1573 1628 αὐτῷ’
1596 1559 1712 1622 πῶς

165 1637 445 1709 νηστεύεις;
486 1641 516 1692 6
545 1640 603 1692 δὲ
631 1639 777 1709 λέγει
811 1642 979 1714 αὐτῷ’
1015 1644 1114 1715 τὴν
1137 1645 1354 1717 ἐνάτην.
1384 1648 1533 1717 λέγει
1563 1649 1712 1718 αὐτῷ

164 1734 188 1785 6
213 1730 394 1800 γέρων⁶
421 1731 648 1800 νήστευε
673 1732 777 1796 ἕως
797 1733 912 1803 ὀψὲ,
938 1734 1032 1787 καὶ
1059 1735 1234 1790 ἄσκει·
1265 1738 1358 1791 καὶ
1383 1737 1711 1810 ἀποστήθιζε

1815 550 2055 618 quisque
2091 563 2279 603 eorum
2307 548 2666 617 praeparabat
2694 563 2772 613 se,
2803 560 3025 618 putans,
3062 548 3209 616 quod
3240 549 3386 620 apud

1811 641 1994 710 ipsum
2032 640 2415 695 diversaturus
2444 646 2590 696 esset
2619 655 2809 695 senex.
2840 641 2909 694 At
2945 639 3036 693 ille
3078 640 3384 708 requisivit,

1810 731 2066 802 quisnam
2098 733 2154 786 in
2184 740 2370 788 tuante
2403 731 2810 802 Theopemptus
2837 731 3226 801 appellaretur.
3262 732 3384 796 Quo

1811 821 2040 876 invento
2105 821 2330 875 intravit
2383 821 2439 875 in
2479 822 2732 876 cellulam
2793 821 2932 884 eius,
2981 819 3388 890 Theopemptus

1809 922 1990 968 autem
2043 915 2286 984 suscepit
2324 930 2449 970 eum
2499 915 2694 970 laetus.
2748 912 2927 984 thue
2973 913 3152 984 coepit
3208 914 3387 967 solum

1812 1018 2001 1059 secum
2051 1003 2254 1058 habere
2307 1018 2455 1064 eum,
2497 1018 2666 1058 senex
2705 1021 2719 1056 :
2753 1001 3058 1066 Quomodo,
3097 999 3293 1066 inquit,
3329 1013 3390 1054 se

1809 1109 1898 1150 res
1919 1103 2046 1148 tuae
2062 1094 2284 1156 habent,
2303 1093 2494 1148 frater?
2511 1093 2705 1148 lsdicit
2731 1110 2742 1143 :
2771 1091 2956 1153 Recte,
2975 1091 3233 1161 precibus
3253 1091 3384 1145 luis.

1811 1188 1878 1241 Et
1952 1202 2118 1244 senex
2178 1184 2380 1241 :Num
2478 1184 2799 1254 impugnant
2875 1191 2927 1238 te
2993 1179 3394 1252 cogitationes?

1809 1277 1942 1334 llle:
1979 1277 2200 1334 Interim
2256 1277 2389 1331 mihi
2441 1277 2580 1332 bene
2621 1285 2725 1331 est.
2783 1274 3027 1330 Pudebat
3083 1274 3226 1328 enim
3263 1287 3390 1328 eum

1810 1369 2044 1424 edicere.
2080 1368 2170 1422 Ait
2219 1368 2295 1422 illi
2331 1383 2494 1422 senex
2530 1385 2544 1421 :
2576 1366 2718 1419 Ecce
2773 1380 2803 1419 a
2842 1372 2974 1434 quot
3006 1365 3168 1417 annis
3221 1362 3389 1415 vitam

1811 1461 2106 1514 asceticam
2139 1459 2305 1523 duco,
2345 1468 2399 1514 et
2429 1459 2634 1513 honore
2664 1457 2867 1512 allicior
2893 1457 2962 1510 ab
2999 1455 3277 1514 omnibus,
3309 1461 3392 1506 at-

1814 1561 1995 1607 tamen
2055 1567 2143 1606 me
2187 1567 2372 1606 senem
2435 1551 2665 1620 spiritus
2719 1547 3100 1603 fornicationis
3151 1546 3389 1600 direxat.

1815 1643 2231 1714 Theopemptus
2265 1643 2478 1713 excepit
2513 1656 2528 1696 :
2558 1641 2751 1704 Crede,
2777 1640 2936 1704 abba,
2969 1639 3131 1694 etiam
3157 1652 3261 1690 me.
3291 1635 3391 1690 Se-

1815 1753 1921 1791 nex
1974 1752 2103 1790 vero
2142 1735 2458 1797 simulabat,
2496 1734 2564 1788 ab
2603 1733 2726 1788 aliis
2755 1734 2918 1787 etiam
2963 1727 3391 1798 cogitationibus

160 1822 238 1875 τοῦ
272 1821 587 1888 εὐαγγελίου
613 1825 706 1876 καὶ
743 1809 851 1876 τῶν
883 1825 1056 1879 ἄλλων
1084 1827 1310 1897 γραφῶν
1333 1843 1346 1858 °
1380 1829 1474 1882 καὶ
1504 1809 1598 1882 ἐάν
1626 1848 1708 1882 σοι

1821 1827 2117 1896 impugnari
2149 1841 2227 1888 se,
2266 1825 2443 1880 donec
2479 1841 2603 1881 eum
2659 1823 2728 1878 ad
2775 1821 3174 1878 confessionem
3221 1818 3393 1872 addu-

161 1911 311 1981 ἀναϐᾖ
336 1910 616 1981 λογισμός,
651 1914 918 1984 μηδέποτε
948 1915 1190 1989 πρόσχῃς
1212 1917 1383 1981 κάτω,
1421 1918 1557 1972 ἀλλὰ
1582 1920 1710 1974 πάν-

157 2019 260 2056 τοτε
292 2000 429 2054 ἄνειν
468 2003 566 2055 καὶ
601 2002 802 2068 εὐθέως
835 2021 915 2057 σοι
941 2006 968 2058 6
1002 2005 1188 2077 κύριος
1237 2007 1440 2078 βοηθεῖ.
1486 2008 1580 2062 καὶ
1616 2027 1710 2063 τυ-

158 2092 328 2156 πώσας
365 2095 393 2146 6
420 2093 602 2164 γέρων
633 2094 725 2149 τὸν
767 2096 995 2165 ἀδελφὸν
1027 2097 1248 2169 ἐξῆλθεν
1289 2100 1448 2172 2ή3
1489 2104 1568 2166 εἰς
1610 2103 1710 2174 τὴν

159 2186 280 2238 ἰδίαν
313 2183 542 2254 ἔρημον.
577 2187 672 2238 καὶ
703 2187 1033 2260 παρατηρῶν
1062 2189 1222 2243 πάλιν
1260 2192 1362 2262 ὁρᾷ
1390 2193 1595 2246 ἐκεῖνον
1621 2193 1712 2246 τὸν

155 2278 383 2346 δαίμονα,
412 2277 510 2329 καὶ
537 2277 685 2345 λέγει
710 2279 876 2350 αὐτῷ’
910 2281 1012 2334 ποῦ
1035 2282 1195 2336 πάλιν
1221 2283 1463 2354 ἁπέρχῃ;
1492 2285 1519 2338 6
1541 2283 1595 2337 δὲ
1622 2284 1711 2337 λέ-

155 2385 265 2438 γει·
298 2368 616 2438 ὑπομνῆσαι
646 2372 773 2434 τοὺς
805 2372 1088 2442 ἀδελφούς,
1120 2375 1212 2428 καὶ¹
1245 2375 1507 2445 ἀπῆλθεν.
1541 2375 1617 2440 ὡς
1655 2375 1711 2429 δὲ

152 2463 296 2516 πάλιν
327 2462 634 2532 ἐπανῆλθε,
669 2462 816 2532 λέγει
846 2465 992 2537 αὑτῷ
1028 2467 1056 2518 6
1095 2466 1250 2536 ἅγιος
1271 2485 1284 2498 ο
1323 2467 1441 2531 πῶς
1471 2469 1521 2522 0i
1561 2468 1713 2522 ἁδελ-

153 2556 254 2624 φοίῖ
286 2559 311 2608 ὁ
339 2555 397 2608 δὲ
435 2554 620 2622 λέγει·
657 2556 859 2620 κακῶς
888 2557 916 2609 ὁ
961 2558 1017 2611 δὲ
1048 2560 1224 2630 γέρων
1247 2560 1423 2628 λέγει’
1465 2561 1552 2615 διὰ
1571 2562 1655 2626 τί;
1684 2565 1713 2617 ὁ

149 2644 197 2697 δὲ
224 2641 396 2697 εἶπενο
429 2645 619 2716 ἄγριοί
649 2647 786 2698 εἰσιν
818 2646 957 2700 ὄλοιο
992 2650 1086 2702 καὶ
1113 2649 1173 2702 τὸ
1205 2649 1388 2720 μεῖζον
1414 2653 1604 2719 κακόν,
1630 2653 1714 2707 ὅτι

151 2737 232 2788 καὶ
257 2735 312 2787 ὃν
328 2728 473 2804 εἶχον
495 2736 651 2804 φίλον
674 2737 1017 2791 ὑπακούοντα
1039 2757 1149 2806 μοι,
1176 2741 1270 2794 καὶ
1289 2742 1447 2806 αὐτὸς
1475 2744 1573 2797 οὐκ
1597 2739 1713 2798 οἶδα

147 2826 295 2878 πόθεν
327 2827 660 2898 διεστράφη,
686 2831 779 2882 καὶ
811 2830 932 2883 οὐδὲ
967 2831 1129 2895 αὐτός
1161 2851 1250 2902 μοι
1283 2833 1548 2900 πείθεται,
1578 2836 1714 2891 ἀλλὰ

149 2918 350 2972 πάντων
401 2918 742 2990 ἀγριώτερος
788 2921 1035 2990 ἐγένετοθ
1065 2924 1160 2977 καὶ
1201 2924 1390 2995 ὤμοσα
1422 2927 1614 2998 μηκέτι
1647 2930 1717 2984 τὰ

1809 1927 1978 1974 ceret.
2014 1917 2220 1974 Deinde
2249 1931 2262 1973 :
2287 1917 2595 1983 Quomodo,
2629 1917 2827 1986 inquit,
2857 1915 3113 1970 ieiunas?
3148 1912 3392 1982 Respon-

1811 2010 1907 2065 det
1936 2029 1950 2065 :
1983 2011 2050 2064 ad
2083 2011 2272 2066 horam
2313 2025 2534 2065 nonam.
2565 2008 2705 2064 Tum
2746 2024 2913 2064 senex
2945 2027 2958 2062 :
3002 2007 3185 2062 leiuna
3217 2021 3394 2075 usque

1811 2099 1880 2154 ad
1927 2116 2208 2170 vesperam
2266 2109 2322 2157 et
2385 2115 2579 2156 exerce
2659 2109 2754 2165 te;
2833 2099 3095 2153 meditare
3172 2112 3236 2152 ac
3308 2113 3394 2151 re-

1811 2191 1918 2244 cita
1985 2195 2298 2248 memoriter
2365 2209 2433 2248 ex
2500 2191 2795 2263 Evangelia
2869 2193 3172 2260 ceterisque
3245 2189 3394 2244 Scri-

1813 2284 2019 2354 pturis;
2081 2300 2319 2356 cumque
2386 2294 2439 2344 te
2499 2285 2730 2340 subierit
2775 2285 3051 2355 cogitatio,
3116 2297 3393 2350 nunquam

1812 2373 2066 2430 deorsum
2141 2386 2375 2446 spectes,
2447 2376 2544 2432 sed
2610 2391 2829 2432 sursum
2878 2391 3126 2444 semper;
3179 2374 3396 2429 statim-

1812 2481 1919 2536 que
1961 2467 2058 2520 tibi
2096 2465 2358 2522 Dominus
2404 2467 2684 2537 praebebit
2727 2467 3014 2521 auxilium.
3077 2464 3143 2519 Et
3205 2479 3392 2527 senex,

1814 2567 2099 2630 postquam
2167 2557 2388 2612 fratrem
2449 2558 2793 2623 informavit,
2853 2573 3107 2612 reversus
3165 2563 3250 2612 est
3324 2555 3396 2610 ad

1813 2649 2163 2706 solitudinem
2226 2666 2402 2706 suam.
2476 2651 2580 2706 Ubi
2635 2651 2935 2706 observans
2981 2651 3182 2704 iterum
3241 2648 3394 2703 videt

1814 2742 1968 2798 illum
2017 2743 2361 2806 daemonem,
2398 2742 2486 2795 cui
2520 2743 2597 2795 ait
2625 2759 2637 2796 :
2673 2742 2793 2808 Quo
2827 2742 3023 2796 iterum
3055 2740 3272 2810 pergis?
3305 2737 3398 2792 Is:

1813 2833 2060 2900 Fratres,
2105 2835 2302 2904 inquit,
2356 2833 2712 2901 insligatum;
2767 2843 2929 2901 atque
2958 2832 3111 2886 abiit.
3144 2831 3217 2886 Ut
3265 2844 3398 2885 vero

1817 2942 2008 2982 rursus
2046 2927 2281 2988 transiit,
2316 2933 2540 2981 sanctus
2575 2925 2887 2980 sciscitatus
2933 2934 3018 2978 est
3048 2939 3113 2978 ex
3150 2937 3234 2985 eo,
3289 2933 3399 2989 quo

146 3011 250 3062 ἐκεῖ
275 3013 529 3080 πατῆσαι
553 3052 568 3075 ,
597 3014 645 3065 εί
693 3012 765 3082 μὴ
800 3011 941 3082 μετὰ
968 3015 1176 3085 χρόνον.
1218 3016 1314 3069 καὶ
1345 3015 1516 3082 οὕτως
1546 3019 1715 3074 εἰπὼν

1821 3018 1978 3072 modo
1998 3033 2056 3073 se
2071 3018 2330 3072 haberent
2351 3017 2572 3072 fratres.
2587 3014 2891 3086 Respondit
2911 3035 2926 3070 :
2946 3014 3100 3069 Male.
3123 3013 3187 3066 Et
3200 3024 3396 3068 senex:

149 3103 378 3174 ἀπῆλθεν
415 3103 594 3168 ἐάσας
616 3105 706 3157 τὸν
734 3105 964 3177 γέροντα
982 3123 994 3136 ο
1030 3107 1122 3160 καὶ
1149 3109 1178 3160 6
1207 3109 1360 3178 ἅγιος
1393 3111 1607 3182 εἰσῆλθε
1637 3114 1717 3176 είς

1821 3108 1968 3163 Cur?
1993 3109 2230 3164 Daemon
2261 3127 2274 3162 :
2299 3108 2521 3173 Cuncti,
2543 3109 2740 3178 inquit,
2762 3107 2975 3163 feroces
3000 3114 3148 3169 sunt,
3176 3115 3230 3160 et
3251 3099 3400 3172 quod

141 3196 196 3248 τό
222 3196 435 3250 κελλίον
462 3195 640 3250 αὐτοῦ
678 3196 776 3268 (α).

1821 3203 1974 3272 peius
2016 3212 2101 3257 est
2132 3241 2148 3266 ,
2191 3203 2284 3257 ille
2334 3218 2498 3272 quem
2550 3201 2818 3256 habebam
2873 3201 3110 3254 amicum
3141 3205 3196 3252 et
3241 3195 3402 3251 obse-

143 3301 382 3359 quentem
429 3290 598 3356 mihi,
629 3291 745 3361 ipse
779 3301 964 3358 etiam,
993 3291 1141 3347 unde
1179 3293 1398 3361 nescio,
1458 3310 1758 3350 conversus
1796 3303 1900 3358 est,
1939 3311 2040 3350 nec
2094 3297 2332 3366 amplius
2377 3311 2406 3349 a
2435 3309 2521 3350 me
2555 3295 2938 3364 persuadetur,
3001 3290 3099 3346 sed
3139 3337 3152 3340 -
3185 3286 3401 3343 cunctis

141 3377 366 3434 ferocior
389 3381 582 3435 evasit
625 3399 639 3435 :
674 3382 818 3437 unde
858 3383 1055 3449 iuravi,
1109 3398 1196 3437 me
1219 3385 1454 3453 amplius
1503 3400 1566 3439 ea
1595 3387 1714 3440 loca
1756 3401 1866 3439 non
1899 3387 2259 3450 calcaturum,
2292 3387 2398 3442 nisi
2443 3393 2566 3456 post
2597 3395 2830 3456 tempus.
2888 3384 3067 3454 Atque
3105 3382 3240 3436 haec
3275 3393 3402 3434 cum

141 3471 380 3537 dixisset,
408 3473 702 3539 discessit,
731 3491 916 3530 senem
973 3477 1308 3546 relinquens.
1344 3475 1501 3532 Tunc
1529 3488 1755 3534 sanctus
1791 3478 2020 3534 intravit
2051 3481 2108 3535 in
2138 3481 2392 3536 cellulam
2430 3494 2611 3535 suam.

200 3567 252 3620 4.
288 3565 624 3638 Παρέὸαλεν
645 3569 673 3619 6
705 3566 876 3629 esse;
901 3569 1184 3638 Μακάριος
1208 3569 1236 3620 6
1267 3569 1437 3639 μέγας
1469 3569 1548 3640 τῷ
1579 3571 1724 3648 ἀὸνϐᾷ

151 3661 414 3729 Ἀντωνίῳ
450 3661 541 3722 είς
567 3659 628 3712 τὸ
647 3659 791 3730 ὅρος,
821 3659 914 3712 καὶ
946 3659 1276 3729 κρούσαντος
1305 3661 1467 3714 αὑτοῦ
1496 3663 1592 3734 τὴν
1631 3662 1725 3716 θύ-

1886 3573 1940 3625 4.
1982 3571 2255 3628 Macarius
2307 3586 2540 3639 magnus
2594 3570 2763 3624 abbas
2806 3567 2957 3622 venit
2999 3565 3066 3621 ad
3107 3562 3402 3618 Antonium

1816 3663 2063 3718 abbatem
2090 3664 2144 3716 in
2171 3673 2409 3716 montem
2437 3680 2451 3728 ;
2485 3677 2721 3730 cumque
2771 3660 3049 3729 pulsasset
3078 3655 3301 3715 ostium,
3353 3653 3402 3708 is

138 3766 229 3817 ραν
257 3750 454 3818 ἐξῆλθε
489 3750 636 3821 πρὸς
661 3749 822 3802 αὐτὸν
849 3750 941 3802 καὶ
966 3743 1116 3800 εἶπεν
1147 3749 1311 3819 αὐτῷ·
1358 3750 1520 3822 244
1549 3754 1612 3805 σὺ
1638 3753 1719 3815 τίς

1821 3769 2068 3826 egressus
2097 3764 2180 3808 est
2204 3755 2499 3824 petiitque:
2529 3753 2610 3806 Tu
2635 3753 2758 3822 quis
2786 3753 2883 3806 es?
2914 3747 3255 3816 Respondit:
3291 3743 3403 3812 Ego

139 3837 211 3902 si;
247 3845 274 3894 6
309 3843 368 3895 δὲ
399 3843 512 3912 ἔφη
536 3858 553 3873 °
591 3840 702 3909 ἐγώ
731 3842 845 3911 εἰμι
885 3843 1201 3911 Μακάριοςο
1238 3843 1332 3895 καὶ
1359 3843 1575 3906 κλείσας
1620 3843 1720 3913 τὴν

137 3932 298 4003 θύραν
325 3932 562 4004 είσῆλθε
592 3934 686 3985 καὶ
719 3935 927 4002 ἀφῆκεν
957 3933 1140 3988 αὐτόν.
1183 3935 1276 3987 καὶ
1314 3935 1438 3988 ἰδὼν
1468 3935 1566 4006 τὴν
1593 3937 1723 3989 67:0-

137 4023 296 4093 μονὴν
321 4023 501 4076 αὐτοῦ
533 4023 746 4092 ἤνοιξεν
774 4022 941 4092 αὐτῷ.
975 4024 1070 4076 uel.
1099 4024 1570 4095 χαριεντιζόμενος
1605 4026 1720 4095 μετ’

132 4113 287 4168 αὐτοῦ
316 4115 519 4183 ἔλεγεν
538 4132 552 4144 ο
584 4115 692 4166 ἀπὸ
716 4114 909 4166 πολλοῦ
940 4115 1129 4184 χρόνου
1154 4115 1458 4185 ἐπεθύμουν
1484 4133 1542 4168 σε
1573 4116 1722 4179 ἰδεῖν,

132 4207 341 4260 ἁκούων
364 4208 441 4260 τὰ
472 4225 550 4260 πε
560 4208 614 4276 ρί
638 4205 755 4260 σοῦ.
787 4207 882 4260 καὶ
909 4205 1263 4277 φιλοξενήσας
1301 4208 1462 4261 αὐτὸν
1492 4210 1726 4261 ἀνέπαυ-

133 4315 237 4352 σεν⁶
258 4296 328 4370 ἦν
357 4301 477 4371 γὰρ
502 4300 619 4351 ἀπὸ
643 4300 888 4368 καμάτου
917 4299 1133 4353 πολλοῦ.
1158 4299 1316 4368 ὀψίας
1341 4300 1398 4352 δὲ
1430 4301 1727 4372 γενομένης

129 4393 346 4463 ἔϐρεξεν
376 4393 582 4447 ἐαυτῶ
619 4395 648 4445 6
679 4392 853 4458 ἀϐὗᾶς
893 4392 1170 4456 Ἀντώνιος
1207 4392 1427 4447 θοιλλία⁹
1455 4395 1549 4448 καὶ
1575 4395 1726 4463 λέγει

1816 3863 1935 3902 sum
1967 3846 2257 3902 Macarius.
2286 3845 2352 3898 Et
2381 3846 2471 3901 ille
2509 3845 2652 3900 ostio
2703 3845 2893 3898 clauso
2939 3841 3184 3904 intravit,
3231 3837 3403 3892 relin-

1814 3937 1986 4008 Queus
2035 3954 2185 3993 eum.
2245 3936 2354 3992 Sed
2423 3943 2716 4006 postquam
2772 3933 3026 4004 cognovit
3082 3928 3402 4001 patientiam

1817 4031 1959 4091 eius,
1992 4030 2222 4099 aperuit.
2251 4031 2430 4097 Atque
2453 4043 2579 4082 cum
2609 4042 2674 4082 eo
2714 4028 2922 4080 urbane
2955 4039 3120 4094 agens
3149 4021 3288 4076 dixit
3315 4039 3328 4075 :
3361 4019 3406 4074 Α

1820 4123 1992 4176 multo
2043 4129 2286 4189 tempore
2329 4119 2707 4174 desiderabam
2764 4125 2817 4172 te
2839 4117 3045 4177 videre,
3095 4111 3278 4168 audita
3323 4111 3404 4166 tui

1821 4214 1984 4268 fama.
2025 4213 2090 4267 Et
2117 4212 2465 4283 hospitaliter
2493 4221 2807 4280 susceptum
2839 4208 3206 4275 refecit;erat
3255 4205 3406 4260 enim

1831 4320 1861 4360 e
1895 4304 2067 4358 multo
2123 4303 2312 4357 labore
2341 4301 2544 4357 fessus.
2573 4300 2816 4370 Vespere
2839 4307 3020 4353 autem
3061 4296 3206 4351 facto
3230 4295 3404 4349 Anto-

1823 4396 1955 4450 nius
1991 4395 2168 4451 abhas
2199 4393 2309 4449 sibi
2340 4392 2630 4450 madefecit
2656 4408 2840 4448 ramos
2875 4392 3209 4461 palmarum.
3236 4387 3304 4440 Et
3329 4385 3407 4440 ait

1646 4551 1908 4609 NOTAE.

124 4693 178 4745 in
202 4691 464 4746 manibus
496 4699 758 4753 tenentes,
794 4697 842 4742 et
877 4687 1140 4756 ampullas
1168 4703 1285 4741 cum
1314 4703 1531 4742 rosaceo
1565 4685 1679 4740 oleo
1704 4704 1722 4743 :
1753 4691 1802 4749 D
1827 4689 2192 4743 excusatorias
2216 4687 2401 4742 literas
2431 4686 2514 4740 illi
2540 4685 2886 4756 exlzibuerunt
2910 4681 3286 4750 praesentiam.
3308 4677 3406 4756 In-

125 4773 170 4816 et
217 4773 550 4832 prostratae
584 4760 796 4832 pedibus
831 4761 1022 4832 nostris
1060 4758 1271 4832 plantas
1319 4768 1525 4832 nostras
1565 4774 1726 4828 unge-

129 4827 246 4885 bant
265 4873 279 4897 ,
311 4827 731 4900 cantabantque
761 4829 942 4896 lingua
967 4828 1284 4900 Aegyptiam
1313 4827 1593 4900 psallentes
1637 4845 1732 4881 an-

124 4903 402 4968 tiphonam
429 4919 452 4956 :
493 4897 774 4955 Benedicti
808 4916 894 4952 vos
939 4916 972 4952 a
1022 4897 1243 4952 Domino
1265 4937 1280 4960 ,
1304 4897 1732 4968 benedictusque

126 4966 382 5027 adventus
420 4982 632 5032 vester,
675 4970 892 5024 Osanna
927 4970 981 5022 in
1007 4968 1250 5023 excelsis.
1297 4966 1609 5021 Secundum
1637 4969 1734 5022 ha-

125 5043 277 5096 betur
317 5045 377 5097 in
413 5044 543 5095 vita
584 5041 641 5096 S.
688 5039 956 5108 Fulgentii
981 5054 1101 5108 cap.
1132 5039 1238 5091 29:
1277 5037 1380 5092 Per
1407 5055 1581 5092 omnes
1614 5053 1737 5107 pro-

124 5111 219 5166 lixi
249 5114 477 5167 itineris
530 5112 647 5164 vias
677 5110 871 5179 gaudia
891 5110 1101 5179 majora
1143 5109 1428 5179 reperiens,
1463 5109 1516 5161 in
1551 5125 1726 5163 occur-

124 5199 235 5234 sum
263 5200 435 5235 suum
475 5178 697 5249 populis
722 5183 948 5250 undique
979 5178 1473 5250 'tendentibusjunt
1505 5179 1734 5234 lucernis

123 5262 169 5304 et
195 5247 572 5322 lampadibus
609 5247 943 5322 et‘arborujn
978 5248 1274 5322 frondibus.
1323 5247 1568 5303 Tertium
1608 5264 1734 5322 con-

121 5319 328 5377 tinetur
363 5326 425 5377 in
463 5323 628 5377 notis
651 5320 834 5376 Jacobi
869 5319 1140 5374 Sirmondi
1173 5320 1241 5375 ad
1267 5329 1472 5372 tomum
1507 5320 1729 5373 tertium

122 5391 522 5447 Conciliorum
575 5390 799 5452 Galliae,
829 5406 893 5444 ex
924 5391 1236 5443 narratione
1262 5389 1591 5442 clericorum
1623 5387 1731 5441 Ile-

117 5464 402 5519 mensium
441 5463 523 5516 de
561 5460 819 5515 Ebhonc:
850 5459 1098 5527 Receptus
1125 5469 1201 5513 est
1234 5458 1298 5512 ab
1323 5459 1576 5526 episcopis
1615 5458 1728 5526 suf-

121 5532 402 5604 [raganeis
455 5533 592 5586 suis
623 5529 861 5585 Rothado
899 5531 1160 5604 episcopo.
1193 5527 1436 5604 Simeone
1458 5530 1724 5604 episcopo,

120 5599 264 5672 Lupo
305 5605 588 5674 episcopg
613 5642 628 5665 ,
668 5618 776 5674 una
818 5617 936 5674 cum
981 5601 1164 5674 legatis
1201 5599 1462 5674 omnium
1496 5599 1727 5674 aliorum

119 5668 518 5742 episcoporum
533 5671 804 5726 Remensis
826 5672 1099 5732 dioecesis,
1123 5669 1213 5738 qui
1234 5669 1397 5742 variis
1429 5668 1623 5722 detenti
1646 5671 1729 5721 in-

122 5740 492 5810 ﬁrmitatibus
533 5741 670 5795 illuc
695 5742 956 5808 corporali
993 5740 1292 5810 praesentia
1331 5755 1601 5792 occurrere
1625 5755 1730 5793 nou

124 5815 388 5882 valentes,
445 5828 625 5870 suam
665 5822 834 5867 tamen
880 5827 971 5880 per
1019 5811 1400 5866 ecclesiasticos
1445 5811 1641 5885 legatos
1668 5819 1731 5883 et.

1827 4775 1982 4825 super
2005 4760 2165 4813 etiam
2196 4775 2228 4811 a
2259 4757 2526 4811 canonicis
2566 4765 2614 4810 et
2644 4753 2914 4807 monachis
2947 4751 3407 4825 atque‘corregiota

1829 4820 2038 4883 na'libus
2064 4827 2374 4896 presbyteris
2399 4828 2560 4880 totius
2585 4826 2836 4878 dioecesis
2858 4820 3022 4891 atque
3040 4821 3252 4896 inﬁnita
3279 4820 3409 4896 mula

1831 4893 2356 4966 titudine'utriu'sque
2377 4912 2555 4950 sexus.
2589 4897 2694 4961 Qui
2721 4910 2898 4966 omnes
2931 4909 3048 4945 cum
3077 4893 3240 4966 ramis
3287 4893 3406 4966 pal-

1832 4986 2040 5022 marum
2069 4978 2119 5022 et
2159 4961 2318 5021 cereis
2361 4967 2664 5021 ardentibus
2685 5005 2698 5022 .
2733 4963 3014 5030 laudesque
3063 4961 3169 5014 Deo
3202 4961 3404 5014 intimis

1833 5039 2080 5096 cordibus
2106 5048 2154 5091 et
2177 5037 2550 5091 excelsissimis
2573 5036 2781 5089 vocibus
2804 5029 3226 5101 proclamantes,
3256 5029 3406 5100 longe

1833 5112 1881 5163 ei
1931 5109 1996 5162 ab
2027 5108 2249 5162 ecclesia
2299 5107 2655 5168 obviaverunt,
2699 5114 2749 5158 et
2803 5099 2962 5172 usque
3001 5100 3091 5172 ad
3117 5099 3399 5172 ecclesiam

1833 5180 2187 5232 indesinenter
2207 5179 2488 5244 psallentes
2510 5193 2625 5231 eum
2646 5169 3018 5244 perduxerunt.
3050 5169 3406 5244 Notissjmum

1832 5259 1918 5304 est
1944 5247 2144 5302 Christi
2179 5239 2391 5300 Domini
2426 5239 2731 5315 exemplum
2755 5242 2890 5315 Joh.
2940 5257 3044 5300 xu,
3097 5241 3196 5315 13.
3213 5239 3319 5293 Sed
3353 5251 3407 5295 et

1831 5321 1896 5372 ad
1931 5319 2218 5388 exsequias
2247 5333 2371 5371 cum
2404 5309 2600 5388 palmis
2639 5313 2983 5388 prodibputh
3011 5320 3070 5365 ut
3097 5309 3294 5388 fidere
3321 5318 3405 5365 est

1831 5389 1973 5456 apud
1995 5380 2341 5441 Animonium
2365 5380 2689 5456 monachum
2711 5384 2788 5456 de.
2815 5381 3070 5456 Patribus
3095 5380 3318 5456 Sin_aiti_s
3350 5390 3406 5434 et

1827 5447 2254 5514 R'haithensibus
2278 5474 2331 5526 p.
2366 5456 2485 5510 106.
2515 5456 2638 5510 128.
2664 5454 2801 5526 199,,
2819 5463 2873 5506 et
2906 5453 2959 5506 in
3002 5451 3242 5526 Historia
3268 5447 3406 5503 Lauo

1826 5531 1974 5584 siaca
2000 5544 2122 5598 cap.
2169 5523 2465 5598 '59.'Mitto
2505 5527 2706 5581 multas
2736 5524 2872 5579 alias
2911 5523 3228 5578 consimiles
3273 5535 3406 5576 con-

1828 5597 2162 5655 suetudines.
2194 5597 2473 5652 Cornea.

1899 5670 1978 5733 (al
2015 5667 2098 5723 cr.
2144 5667 2259 5721 vv.
2301 5667 2406 5720 re.
2441 5665 2622 5721 Rosw.
2655 5663 2750 5718 lib.
2787 5660 2873 5720 ιιι.
2916 5676 3034 5728 cap.
3061 5661 3169 5733 si;
3222 5657 3404 5733 lib.__ll

1828 5728 2116 5805 libell.18,
2159 5740 2213 5806 8,
2248 5739 2340 5794 lib.
2375 5753 2447 5793 νη
2480 5752 2600 5808 cap.
2634 5735 2685 5792 ί,
2717 5735 2771 5789 8.
2814 5731 3072 5789 Dorothei
3099 5728 3364 5791 ευριπ-,5.
