3950 6568
569 365 676 421 ριδ

1379 356 1481 414 SS.
1524 354 1984 413 MACARIORUM
2024 352 2356 410 AEGYPTII
2380 356 2466 411 ET
2501 354 2974 413 ALEXANDRINI
3677 366 3755 421 Eii

569 476 622 532 ei
650 472 921 529 Macarius
950 473 1118 529 abbas
1150 491 1164 527 :
1190 470 1347 535 lube,
1371 481 1431 526 ut
1460 480 1513 529 et
1536 487 1635 543 ego
1656 473 1787 527 mihi
1821 474 2139 544 intinguam.

2245 470 2392 542 αύτῷ
2417 473 2446 525 6
2476 472 2649 537 ἀϐϐἄς
2678 473 2982 543 Μακάριος·
3023 471 3298 538 κέλευσον,
3335 474 3421 529 ἵνα
3450 474 3600 543 κάγὼ
3626 477 3760 550 βρέξω

570 567 664 623 lllc
689 589 701 622 :
734 567 1005 637 lutinguc,
1034 565 1233 635 inquit.
1260 565 1632 636 Confectoque
1651 580 1845 635 magno
1877 562 2140 618 faseiculo

568 660 813 717 intinxit.
845 658 1015 729 Igitur
1046 658 1303 714 sedentes
1331 674 1359 711 a
1378 672 1625 727 vespera,
1648 656 1905 711 collocuti
1932 655 1999 711 de
2022 655 2142 708 ani-

491 778 495 782 ν
571 767 789 811 marum
820 752 1019 817 salute,
1058 752 1405 821 plectebant:
1440 752 1616 821 plecta
1653 759 1831 806 autem
1865 766 1961 820 per
1995 750 2142 805 fene-

568 853 741 898 stram
772 841 1136 897 descendebat
1190 842 1247 896 in
1304 841 1731 911 speluncam.Et
1756 856 1914 895 mane
1959 842 2140 910 ingre-

571 934 729 988 diens
767 934 960 987 beatus
993 933 1283 997 Antonius,
1312 932 1447 986 vidit
1476 934 1685 1003 plectae
1718 932 1941 987 Macarii
1975 933 2141 986 abba-

569 1025 641 1079 tis
666 1024 875 1093 copiam
908 1032 963 1079 et
995 1043 1009 1078 :
1042 1022 1229 1089 Multa,
1257 1024 1455 1095 inquit,
1484 1026 1654 1080 virtus
1680 1042 1709 1081 e
1737 1024 1991 1080 manibus
2018 1025 2139 1080 istis

567 1115 865 1186 egreditur.

635 1208 688 1262 5.
706 1206 976 1263 Macarius
993 1206 1163 1263 abbas
1181 1208 1451 1278 praedixit
1472 1206 1733 1263 fratribus
1751 1208 1817 1263 de
1833 1209 2140 1263 vastatione

568 1293 793 1351 Sceteos
819 1318 830 1351 :
860 1295 1093 1361 Quando
1123 1296 1762 1367 spectaveritiscellulam
1797 1294 2136 1349 aedificatam

510 1424 519 1438 .
566 1387 720 1441 iuxta
754 1387 1032 1457 paludem,
1078 1386 1295 1451 scitote,
1322 1388 1467 1457 quod
1500 1402 1665 1457 prope
1708 1388 2017 1442 sitSceteos
2042 1386 2139 1441 de-

566 1479 764 1534 solatio
819 1498 833 1534 :
871 1480 1092 1550 quando
1139 1480 1385 1535 videritis
1430 1480 1673 1542 arbores,
1718 1479 1782 1531 ad
1834 1479 1980 1534 fores
2010 1489 2136 1534 cst:

565 1583 691 1623 cum
749 1576 931 1625 autem
984 1585 1183 1639 pueros
1232 1568 1650 1638 conspexeritis,
1683 1568 1859 1623 tollite
1915 1567 2141 1623 melotes

566 1670 778 1715 vestras
808 1670 971 1731 atque
996 1660 1280 1714 discedite.
1918 1662 1923 1673 '

635 1752 690 1807 6.
723 1750 869 1805 Dixit
909 1752 1129 1814 iterum,
1175 1751 1360 1805 volens
1391 1748 1590 1805 fratres
1636 1752 1951 1806 consolari:
1979 1752 2141 1807 Venit

566 1842 674 1897 huc
705 1856 828 1895 cum
856 1850 1027 1895 matre
1045 1857 1142 1895 sua
1157 1856 1309 1910 puer,
1332 1841 1423 1909 qui
1450 1855 1479 1893 a
1507 1841 1793 1895 daemonio
1819 1842 2136 1905 vexabatur,
2169 1818 2212 1872 Β

564 1942 619 1987 (ιι
656 1932 871 1987 dicebat
905 1932 1098 1986 matri:
1142 1931 1338 2002 Surge,
1366 1946 1524 1995 anus,
1557 1932 1815 1986 abeamus
1852 1932 1995 1987 hinc.
2046 1932 2140 1985 llla

563 2036 735 2077 vero:
771 2020 890 2076 Non
920 2037 1162 2091 possum,
1189 2021 1386 2090 inquit,
1432 2020 1659 2090 pedibus
1694 2021 1965 2077 incedere.
2002 2020 2141 2076 Tum

564 2128 703 2184 puer
736 2111 804 2166 ad
833 2127 994 2167 eam:
1035 2113 1145 2182 Ego
1191 2120 1243 2166 te
1272 2111 1521 2181 portabo.
1574 2110 1640 2163 Et
1685 2110 1985 2167 admiratus
2019 2127 2139 2166 sum

566 2204 850 2260 daemonis
907 2203 1237 2274 nequitiam,
1295 2202 1572 2274 quomodo
1622 2219 1717 2260 eos
1776 2204 1902 2258 hinc
1952 2203 2142 2274 fugare

569 2296 751 2352 vellet.

641 2387 692 2439 7.
735 2384 922 2441 Sisoes
952 2385 1121 2441 abbas
1150 2386 1369 2440 retulit:
1418 2384 1649 2452 Quando
1693 2400 1843 2441 eram
1896 2386 1954 2440 in
1999 2384 2144 2441 Sceti

567 2493 692 2534 cum
768 2477 1041 2542 Macario,
1104 2478 1452 2534 ascendimus
1519 2488 1724 2548 septem
1785 2479 2024 2544 nomina,
2086 2487 2146 2533 ut

568 2585 693 2625 cum
730 2584 797 2624 eo
828 2576 1176 2626 meteremus.
1221 2567 1287 2622 Et
1310 2583 1457 2635 ecce,
1496 2570 1659 2624 vidua
1698 2570 1961 2639 quaedam
2005 2585 2147 2641 pone

572 2676 675 2716 nos
705 2661 885 2731 spicas
919 2661 1227 2731 colligebat,
1263 2676 1363 2716 nec
1391 2662 1643 2716 cessabat
1690 2663 1926 2731 plorare.
1972 2661 2148 2716 Voca-

566 2751 651 2807 vit
695 2766 824 2821 ergo
876 2765 1041 2806 senex
1092 2750 1372 2805 dominum
1413 2752 1641 2821 praedii,
1676 2753 1804 2807 cui:
1852 2751 2012 2819 Quid,
2061 2754 2147 2807 in-

564 2844 707 2915 quit,
740 2843 903 2897 habet
946 2857 1086 2898 anus
1114 2843 1269 2908 haec,
1311 2843 1457 2913 quod
1497 2860 1713 2914 semper
1760 2846 1978 2916 plorat?
2039 2845 2147 2902 Re-

572 2933 793 3005 spondit
812 2950 825 2989 :
847 2932 985 2999 Quia
1004 2933 1123 3002 ejus
1146 2932 1249 2996 vir,
1273 2933 1504 2989 alicuius
1535 2934 1841 3004 depositum
1874 2937 1999 2990 dum
2027 2951 2146 2991 ser-

564 3032 680 3087 vat,
713 3023 899 3079 subito
925 3032 1175 3079 mortuus
1202 3033 1306 3091 est,
1340 3039 1442 3079 nec
1468 3026 1801 3086 enunciavit,
1825 3027 1918 3080 ubi
1951 3041 2147 3097 posue-

2242 563 2482 634 ἐμαυτῷ.
2504 567 2532 617 6
2559 564 2615 618 δὲ
2640 559 2779 619 εἷπε·
2806 563 3016 635 βρέξον.
3051 565 3145 620 καὶ
3170 568 3401 637 ποιήσας
3426 567 3611 637 δεσμὸν
3629 573 3760 640 μέγαν

2241 654 2427 725 ἔϐρεξε
2447 672 2461 686 ·
2494 656 2589 709 καὶ
2625 655 2925 726 καθήμενοι
2959 657 3067 710 ἀπὸ
3101 656 3197 726 ὀψὲ
3234 657 3519 721 λαλοῦντες
3548 662 3659 730 περὶ
3686 680 3763 717 σω-

2239 746 2431 817 τηρίας
2456 745 2644 817 ψυχῶν
2680 746 2909 800 ἐπλεκον
2930 761 2945 777 ·
2984 748 3078 800 καὶ
3107 750 3139 818 ἡ
3176 747 3328 819 σειρὰ
3360 748 3447 801 διὰ
3473 748 3568 818 τῆς
3596 749 3764 822 supra;

2241 838 2321 899 είς
2344 838 2405 890 τὸ
2432 838 2693 909 σπήλαιον
2724 836 3036 892 κατέϐαινε.
3064 838 3159 892 καὶ
3197 838 3450 893 εἰσελθὼν
3481 839 3614 909 πρωῒ
3641 845 3664 895 6
3689 862 3767 913 μα.

2242 931 2430 999 κάριος
2471 928 2753 993 Ἀντώνιος
2778 926 2885 983 εἶδε
2909 929 2969 982 τὸ
2996 929 3199 1000 πλῆθος
3220 933 3318 1001 τῆς
3347 931 3529 999 σειρᾶς
3552 931 3632 984 τοῦ
3657 935 3768 991 ἀϐϐᾶ

2240 1021 2547 1092 Μακαρίου,
2583 1022 2678 1075 καὶ
2707 1021 2859 1089 ἐλεγε
2882 1034 2898 1051 ⁸
2929 1021 3098 1091 πολλὴ
3136 1019 3366 1091 δύναμις
3394 1022 3459 1072 ἐκ
3483 1019 3586 1073 τῶν
3611 1026 3767 1096 χειρῶν

2238 1114 2443 1167 τούτων
2476 1112 2758 1184 ἐξέρχεται
2786 1112 2884 1182 (a).

2310 1206 2363 1261 5.
2400 1205 2623 1274 Ἔλεγεν
2649 1207 2676 1258 6
2706 1204 2879 1267 ἀϐϐἃς
2906 1203 3189 1273 Μακάριος
3213 1202 3341 1273 περὶ
3366 1202 3463 1273 τῆς
3492 1202 3768 1271 ἐρημώσεως

2238 1298 2337 1368 τῆς
2360 1298 2617 1368 Σκήτεως
2642 1299 2755 1360 τοῖς
2801 1295 3068 1364 ἀδελφοῖς·
3096 1295 3225 1347 ὅταν
3259 1293 3405 1364 ἴδητε
3438 1291 3635 1345 κελλίον
3660 1298 3771 1349 οἰκο-

2240 1387 2401 1458 δομού
2411 1405 2569 1457 μενον
2606 1386 2765 1458 245
2790 1387 2956 1455 ἐγγὺς
2981 1386 3074 1440 τοῦ
3106 1385 3284 1449 ⁹ἐλους,
3317 1384 3516 1454 μάθετε
3542 1384 3615 1435 ὅτι
3640 1387 3771 1453 ἐγγύς

2241 1482 2386 1532 ἐστιν
2413 1481 2445 1549 ἡ
2475 1478 2751 1549 ἐρήμωσις
2783 1477 2972 1547 αὐτῆς·
3006 1476 3134 1528 ὅταν
3166 1476 3311 1547 ἴδητε
3345 1474 3559 1545 δένδρα,
3597 1477 3677 1527 ἐπὶ
3700 1477 3771 1530 θυ-

2243 1570 2350 1640 ρῶν
2378 1570 2551 1623 ἐστιν.
2577 1569 2705 1621 ὅταν
2729 1569 2785 1621 δὲ
2812 1568 2956 1638 ἴδητε
2980 1567 3187 1634 παιδία,
3213 1568 3381 1639 ἄρατε
3405 1566 3475 1619 τὰ
3500 1566 3771 1640 μηλωτὰρια

2242 1661 2416 1733 ὑμῶν,
2440 1661 2533 1715 καλ⁸
2560 1661 2945 1732 ἀναχωρήσατε
2979 1661 3073 1729 (b).

2318 1753 2373 1808 6.
2418 1753 2611 1821 Ἔλεγε
2664 1753 2849 1816 πάλιν,
2886 1752 3270 1823 παρηγορῆσαι
3312 1750 3480 1805 θέλων
3508 1752 3627 1815 τοὺς
3658 1754 3777 1806 665).-

2242 1844 2393 1912 φούς·
2443 1840 2604 1915 ἦλθεν
2639 1837 2743 1897 ὧδε
2785 1842 2999 1896 παιδίον
3048 1842 3493 1913 δαιμονιζόμενον
3541 1842 3666 1909 μετὰ
3705 1848 3778 1913 τῆς

2244 1935 2449 2005 μητρὸς
2489 1933 2686 1998 αὑτοῦ,
2741 1934 2837 1988 καὶ
2878 1932 3030 2001 ἔλεγε
3066 1936 3132 2002 τῇ
3181 1932 3348 2001 μητρὶ⁴
3394 1930 3579 1984 αὐτοῦ·
3609 1931 3776 2001 ἐγειρε,

2242 2030 2409 2096 γραῖα
2440 2026 2504 2089 ⁸⁵,
2537 2025 2758 2096 ἄγωμεν
2791 2024 3018 2094 ἕνθεν.ή
3061 2023 3118 2076 δὲ
3159 2019 3331 2075 εἶπεν·
3367 2023 3428 2074 ού
3455 2022 3677 2092 δύναμαι
3707 2040 3780 2075 πε-

2244 2118 2451 2183 ζεῦσαι.
2481 2118 2576 2171 καὶ
2607 2113 2759 2170 εἶπεν
2785 2118 2918 2187 αὐτῇ
2956 2116 3017 2168 τὸ
3050 2116 3282 2168 παιδίον·
3315 2113 3425 2183 ἐγώ
3456 2131 3519 2167 σε
3546 2115 3777 2184 βαστάζω.

2243 2211 2336 2264 καὶ
2381 2209 2667 2279 ἐθαύμασα
2708 2210 2805 2278 τὴν
2850 2207 3114 2279 πονηρίαν
3150 2207 3195 2239 ¹⁸
3238 2206 3332 2260 τοῦ
3364 2206 3646 2277 δαίμονος,
3691 2208 3782 2271 πῶς

2243 2303 2505 2374 ἠθέλησεν
2532 2302 2729 2364 αὐτοὺς
2761 2298 3091 2369 φυγαδεῦσαι
3128 2296 3226 2370 (ε).

2315 2393 2369 2447 7.
2410 2392 2631 2460 Ἔλεγεν
2660 2393 2688 2444 6
2727 2389 2899 2454 ἀϐϐἄς
2934 2389 3158 2458 Σισόης·
3192 2388 3281 2440 ὅτε
3317 2388 3466 2458 ἥμην
3498 2388 3579 2449 είς
3622 2386 3785 2456 Σκῆτιν

2248 2485 2385 2557 μετὰ
2424 2484 2516 2538 τοῦ
2559 2482 2880 2554 Μακαρίου,
2940 2481 3214 2551 ἁνέϐημεν
3253 2480 3463 2550 θερίσαι
3514 2480 3626 2549 μετ’
3654 2479 3784 2531 αὐτο]

2248 2577 2387 2630 ἐπτὰ
2422 2577 2662 2647 ὀνόματα
2816 2574 2909 2625 καὶ
2931 2572 3038 2626 ίδοὺ
3060 2571 3156 2642 μία
3178 2573 3319 2641 χήρα
3344 2570 3701 2640 καλαμωμένη
3732 2565 3786 2639 ἢν

2244 2670 2417 2723 ὀπίσω
2444 2668 2622 2740 ἡμῶν,
2657 2667 2751 2720 καὶ
2782 2666 2880 2718 οὐκ
2932 2661 3165 2717 ἐπαύετο
3212 2662 3497 2715 κλαίουσα·
3542 2660 3786 2730 ἐφώνησεν

2245 2757 2338 2816 οῦν
2366 2762 2394 2813 6
2421 2760 2597 2831 γέρων
2624 2759 2714 2811 τὸν
2743 2757 2933 2828 κύριον
2981 2754 3074 2808 τοῦ
3103 2754 3300 2825 χωρίου
3331 2754 3422 2807 καὶ
3454 2747 3609 2805 εἶπεν
3648 2751 3782 2819 αὐτῷ·

2244 2853 2298 2906 τί
2325 2851 2489 2923 ἔχειὴ
2517 2849 2691 2921 γραῦς
2709 2848 2867 2918 αὕτη,
2889 2848 2971 2900 ὅτι
2995 2846 3221 2899 πάντοτε
3248 2844 3421 2898 κλαίει
3444 2862 3459 2909 ;
3481 2843 3625 2911 λέγει
3647 2841 3784 2908 αύτῷ·

2245 2947 2327 3000 ὅτι
2355 2946 2385 2997 6
2426 2944 2563 3014 ἀνὴρ
2594 2942 2761 3007 αὐτῆς
2795 2936 2909 3009 εἶχε
2955 2938 3281 3009 παραθήκην
3309 2936 3457 2999 τινός
3483 2976 3498 2999 ,
3538 2934 3629 2987 καὶ
3658 2932 3789 3003 2ή6

2246 3035 2513 3089 ἀπέθανεν
2546 3032 2717 3101 ἄφνω,
2746 3032 2838 3084 καὶ
2866 3032 2967 3085 οὐκ
2996 3025 3115 3083 εἷπε
3140 3030 3242 3083 ποῦ
3271 3029 3468 3097 ἔθηκεν
3500 3028 3695 3097 αὐτήν·
3718 3026 3791 3077 καὶ

565 3116 639 3169 rit
667 3114 823 3180 illud,
858 3114 1081 3184 vultque
1127 3114 1382 3170 dominus
1414 3114 1648 3185 depositi
1701 3130 1819 3170 eam
1850 3124 1903 3172 et
1941 3117 2142 3173 liberos

2248 3127 2389 3181 θέλει
2426 3128 2455 3179 6
2499 3123 2685 3195 κύριος
2722 3123 2819 3192 τῆς
2852 3121 3176 3193 παραθήκης
3205 3119 3390 3172 λαϐεῖν
3424 3118 3597 3188 αὐτὴν
3635 3118 3717 3169 καὶ
3738 3117 3789 3167 τὰ

565 3206 686 3261 eius
715 3204 820 3259 sibi
848 3204 903 3258 in
943 3220 1133 3260 servos
1166 3206 1469 3260 vindicare.
1507 3206 1645 3260 Tum
1672 3223 1879 3262 senex:
1926 3208 2019 3264 Dic
2064 3211 2136 3274 ei,

564 3296 764 3368 inquit,
806 3304 865 3352 ut
892 3298 1073 3352 veniat
1103 3298 1169 3353 ad
1218 3314 1354 3361 nos,
1399 3298 1492 3353 ubi
1526 3299 1595 3353 ob
1643 3310 1850 3355 aestum
1908 3302 2140 3372 conqui-

563 3388 824 3445 escimus.
853 3390 1097 3461 Cumque
1127 3392 1364 3446 venisset
1384 3392 1600 3459 mulier,
1629 3392 1703 3445 ait
1726 3392 1804 3447 illi
1829 3408 1993 3449 senex
2019 3412 2034 3449 :
2065 3393 2139 3449 Ut

568 3481 697 3550 quid
728 3495 943 3551 semper
978 3481 1053 3535 ita
1088 3482 1316 3552 ploras?
1341 3481 1681 3552 Respondit:
1729 3483 1954 3541 Maritus
1986 3501 2139 3541 meus

567 3580 793 3643 accepto
839 3573 1087 3643 deposito
1132 3574 1388 3644 migravit
1418 3589 1449 3629 e
1490 3575 1624 3640 vita,
1672 3591 1773 3631 nec
1816 3577 2145 3647 significavit

567 3665 845 3729 moriens,
894 3665 988 3720 ubi
1030 3664 1164 3719 illud
1208 3666 1471 3734 posuerit.
1530 3666 1685 3722 Tunc
1733 3683 1941 3725 senex:
1982 3668 2140 3734 Veni,

568 3758 768 3827 inquit,
822 3757 1045 3813 ostende
1094 3759 1257 3823 mihi,
1300 3759 1394 3813 ubi
1438 3760 1717 3828 sepelieris
1763 3776 1906 3817 eum.
1959 3760 2145 3833 Itaque

567 3847 749 3902 ductis
765 3862 949 3902 secum
999 3848 1261 3905 fratribus
1291 3864 1415 3904 cum
1440 3864 1505 3905 ea
1525 3864 1781 3921 egressus
1806 3860 1910 3908 est.
1935 3852 2005 3908 Ut
2029 3870 2151 3925 per-

569 3944 834 3991 venerunt
861 3936 929 3991 ad
965 3936 1165 4004 locum,
1204 3939 1343 3992 dixit
1374 3955 1540 3994 senex
1567 3942 1814 3997 mulieri:
1852 3942 2067 4000 Recede
2095 3946 2153 3999 in

568 4028 789 4083 domum
812 4037 981 4084 tuam.
1007 4028 1072 4082 Et
1101 4040 1391 4100 postquam
1424 4034 1633 4103 precati
1680 4033 1936 4098 fuissent,
1978 4050 2140 4091 voca-

2239 3220 2404 3274 τέκνα
2442 3216 2611 3285 αὐτῆς
2638 3216 2717 3278 είς
2741 3214 2979 3277 δούλους.
3024 3212 3172 3281 λέγει
3201 3210 3348 3281 αὐτῷ
3380 3213 3408 3263 6
3446 3210 3629 3280 γέρων
3650 3225 3666 3241 ο
3697 3208 3792 3260 εἰπὲ

2242 3312 2400 3381 αὐτῇ,
2417 3309 2502 3360 ἵνα
2519 3307 2646 3378 ἐλθῃ
2659 3305 2792 3376 πρὸς
2812 3303 3115 3375 ἡμᾶς,ὄπου
3134 3301 3531 3370 ἀναπαυόμεθα
3548 3300 3607 3352 τὺ
3618 3297 3791 3367 καῦμα.

2241 3403 2335 3456 καὶ
2368 3399 2627 3468 ἐλθούσης
2673 3397 2773 3466 τῆς
2797 3398 3052 3464 γυναικὸς
3082 3391 3232 3447 εἶπεν
3271 3394 3405 3463 αύτῇ
3448 3393 3479 3444 6
3520 3391 3693 3461 γέρων
3722 3406 3734 3419 ο
3754 3387 3796 3441 τί

2243 3494 2419 3548 πάντα
2435 3492 2477 3523 ¹⁶
2494 3490 2667 3552 οὕτως
2684 3488 2891 3551 κλαίεις
2909 3506 2922 3549 ;
2947 3487 3040 3540 καὶ
3060 3482 3231 3538 εἶπεν·
3251 3487 3279 3538 6
3300 3484 3441 3554 ἁνήρ
3471 3500 3573 3553 μου
3595 3480 3795 3534 ἀπέθανε

2242 3584 2424 3640 λαϐὼν
2458 3582 2783 3653 παραθήκην
2808 3578 2970 3641 τινός,
3005 3578 3099 3630 καὶ
3125 3577 3225 3629 οὐκ
3260 3572 3411 3628 εἶπεν
3445 3573 3797 3641 ἀποθνήσκων.

2244 3677 2347 3731 ποῦ
2400 3674 2595 3745 ἔθηκεν
2641 3672 2835 3742 αὑτήν.
2870 3671 2965 3723 καὶ
3007 3665 3159 3721 εἶπεν
3187 3669 3217 3720 6
3244 3667 3421 3738 γέρων
3455 3665 3596 3736 πρὸς
3636 3663 3796 3731 αὐτὴν·

2245 3766 2425 3837 δεῦρο,
2450 3761 2620 3827 δεῖξόν
2659 3779 2749 3832 μοι
2775 3758 2878 3813 ποῦ
2912 3759 3114 3829 ἔθηκας
3141 3757 3328 3812 αὐτόν.
3373 3756 3471 3808 καὶ
3502 3751 3679 3806 λαϐὼν
3702 3753 3801 3811 τοὺς

2250 3857 2511 3925 ἀδελφοὺς
2554 3853 2670 3925 μεθ’
2705 3850 2929 3913 ἐαυτοῦ,
2962 3849 3150 3920 ἐξῆλθε
3186 3849 3282 3902 σὺν
3313 3848 3475 3917 αὐτῇ·
3512 3846 3609 3897 καὶ
3652 3842 3801 3896 ἐλθόν-

2252 3964 2358 4001 των
2385 3948 2477 4000 ἐπὶ
2502 3947 2592 3999 τὸν
2629 3946 2814 4010 τόπον,
2846 3940 2997 3998 εἶπεν
3023 3944 3160 4013 αὐτῇ
3192 3944 3220 3994 ὁ
3246 3940 3441 4011 γέρων·
3473 3935 3801 4005 ἀναχώρησον

2244 4039 2324 4101 είς
2353 4040 2444 4091 τὸν
2477 4034 2625 4092 οἶκόν
2667 4055 2785 4091 σου.
2820 4036 2914 4091 καὶ
2960 4031 3416 4106 προσευξαμένων
3458 4028 3663 4091 αὐτῶν,
3694 4025 3805 4094 ἐφώ-

1863 4175 2125 4233 VARIAE
2160 4178 2562 4236 LECTIONES.

663 4265 689 4299 δ
726 4265 900 4335 γραῖα
931 4280 1041 4321 om.
1080 4265 1154 4321 al.
1231 4265 1275 4297 ¹⁸
1313 4263 1402 4319 Al.
1435 4268 1825 4338 πανουργίαν.
1901 4269 1947 4300 ¹⁶
1983 4272 2068 4326 Al.
2103 4270 2380 4327 πάντοτε.

2071 4387 2323 4444 NOTAE.

638 4495 720 4568 (a)
760 4496 844 4568 et.
878 4495 1126 4568 νινε).
1168 4497 1356 4553 Rosw.
1386 4497 1547 4553 tib.v
1595 4498 1768 4553 libell.
1802 4499 1854 4563 7,
1882 4500 1937 4554 9.

642 4566 723 4636 (b)
762 4566 846 4620 Cf.
878 4566 990 4621 νγ.
1014 4567 1121 4621 PP.
1156 4568 1341 4624 Rosw.
1374 4570 1470 4623 lib.
1495 4568 1540 4623 ν
1581 4569 1751 4623 libell.
1787 4571 1873 4631 18,
1910 4570 1996 4623 ll.

639 4638 719 4704 (ε)
749 4637 833 4692 cr.
872 4637 987 4691 vv.
1022 4637 1124 4690 PP.
1166 4639 1349 4695 uosw.
1385 4640 1480 4693 lib.
1518 4640 1558 4694 v
1609 4640 1778 4695 libell.
1822 4641 1910 4703 l8,
1940 4641 2031 4696 to.

639 4706 722 4775 (ά)
767 4708 951 4761 Ἑπτὰ
991 4709 1250 4775 ὀνόματα
1284 4746 1301 4769 ,
1338 4710 1405 4763 ad
1435 4709 1660 4763 verbum
1695 4708 1932 4764 Joannes
1977 4712 2149 4764 inter-

574 4776 869 4851 presivv.
906 4777 1012 4831 PP.
1044 4777 1372 4851 llosw._lib.
1424 4778 1492 4831 v1
1558 4779 1727 4851 libell.
1768 4780 1822 4841 ε,
1854 4778 1927 4851 s]
1959 4790 2149 4849 septem

573 4849 826 4912 hemina;
850 4864 914 4902 ex
937 4863 1100 4903 sensu
1122 4865 1225 4903 ms.
1253 4849 1563 4904 Bodecense
1576 4849 1843 4904 referente
1866 4849 2150 4916 Bollando,

574 4930 629 4974 et
668 4917 791 4973 cod.
830 4918 1179 4973 Corbeiensis
1210 4928 1402 4987 septem
1437 4919 1651 4988 fratres.
1690 4920 1924 4973 Nomina
1967 4930 2147 4974 autent

572 5004 675 5058 pro
699 4989 1010 5042 hominibus
1036 4988 1168 5052 dici,
1194 5006 1224 5042 a
1254 4998 1333 5043 tot
1360 4990 1678 5044 auctoribus
1708 4990 1993 5059 probatum
2022 4991 2151 5055 fuit,

575 5060 818 5113 utmirer
846 5059 1092 5127 potuisse
1120 5059 1172 5113 id
1201 5060 1349 5115 viros
1380 5062 1571 5116 doctos
1602 5061 1876 5128 ignorare.
1904 5060 1961 5114 ln
1988 5062 2154 5115 chro-

575 5130 701 5183 nico
725 5127 1073 5183 Theonhanis
1112 5144 1164 5183 ι).
1198 5129 1302 5183 565
1334 5130 1398 5183 Α.
1426 5148 1440 5183 :
1472 5129 1799 5183 ἀπέκτειναν
1831 5132 1956 5183 τοὺς
2007 5132 2154 5183 κλει-

616 5146 701 5183 ICO
736 5146 1073 5193 tneopnams
1112 5146 1164 5193 p.
1198 5146 1302 5183 ί)οὓ
1334 5146 1398 5183 Α.
1426 5148 1440 5185 ε
1472 5146 1799 5183 απεκτειναν
1831 5146 1956 5193 τους
2007 5146 2156 5183 κλει-

575 5144 701 5183 meo
726 5144 1073 5199 't‘neopnams
1112 5144 1164 5199 p.
1198 5144 1302 5183 oo.)
1334 5144 1398 5183 Α.
1426 5148 1440 5185 :
1472 5144 1799 5183 απεκτειναν
1831 5144 1956 5193 τους
2007 5144 2152 5183 κλει-

574 5198 806 5271 606105
812 5268 821 5271 Δ
840 5199 1100 5266 ὀνόματα
1128 5199 1199 5263 ξ’.
1224 5198 1462 5271 Joannes
1487 5198 1747 5271 Moschus
1771 5201 2152 5271 Λειμωναρίου

575 5268 825 5341 (ξαρ.ᾲὶὅὸ
853 5286 871 5341 :_
895 5273 1254 5341 μοναστὴριον
1277 5270 1575 5341 παρθένων
1603 5270 1686 5323 vel
1710 5268 2155 5341 παρθενευουσῶν

575 5338 657 5405 ὠς
690 5337 1494 5409 ὀνομάτωνντεολο-αράκοὼιτα,
1528 5348 1582 5393 et
1615 5356 1737 5409 cap.
1773 5337 1875 5395 ΜΞ
1900 5359 1912 5393 :
1936 5337 2075 5409 ἦσαν
2098 5339 2156 5393 δὲ

581 5409 806 5481 μοναχοὶ
847 5410 907 5481 ἐν
946 5408 1030 5481 τῷᾴ
1060 5411 1407 5481 μοναστηρίῳ
1443 5410 1576 5481 περὶ
1622 5408 1701 5463 τὰί
1747 5408 2157 5481 ἐϐδομήκοντα

579 5478 857 5550 ὀνόματα.
876 5478 989 5550 Sub
1007 5478 1163 5536 finem
1184 5478 1339 5535 Tomi
1369 5478 1458 5534 itx
1499 5478 1748 5550 Origenis
1772 5483 1823 5535 in
1849 5478 2111 5535 JOannem
2141 5497 2154 5537 :

577 5549 638 5601 οὐ
660 5550 767 5621 γὰρ
781 5549 855 5613 ὼς
877 5549 1063 5621 ἔτυχεν
1084 5552 1374 5604 ἀκουστέον
1391 5551 1486 5604 τοῦ
1504 5549 1614 5621 πρὸ
1632 5552 1935 5621 καταϐολῆς
1948 5552 2155 5620 κόσμου

579 5619 827 5690 ἐπίτηδες
888 5620 1142 5690 τοιαύτην
1188 5621 1430 5675 ἐπίνοιαν
1496 5619 1815 5674 πλασάντων
1850 5619 2145 5690 ὀνομάτων

580 5688 764 5761 ᾴγζων
782 5688 842 5741 τδ
858 5690 959 5761 ῖῆς
990 5688 1308 5761 καταϐολῆς.
1342 5691 1483 5760 Lege
1506 5691 1757 5761 satisﬁat;
1777 5691 1871 5744 διὰ
1900 5688 2155 5761 τοιαύτην

584 5756 845 5832 ἐπίνοιαν.
873 5756 930 5812 In
960 5761 1211 5832 (Alolbert.
1229 5756 1384 5832 codd.
1416 5756 1629 5832 duobus
1653 5756 1667 5815 Ξ
1707 5760 1795 5813 Ἐν
1819 5760 1897 5829 τῷ
1926 5761 2041 5832 όρει
2061 5757 2155 5832 τοῦ

582 5827 729 5884 ἀϐϐᾶ
766 5829 1411 5902 Ἀντωνίουέκαθέζοντο
1449 5830 1597 5886 ἑπτὰ
1631 5827 1923 5902 ὀνόματα,
1958 5827 2049 5884 καὶ
2079 5828 2155 5898 τῷ

2178 4524 2227 4582 υ
2253 4506 2578 4582 καιρῷᾲτῶν
2614 4504 2872 4582 φοινίκων
2894 4502 3207 4582 ,ἐφύλαττεν
3244 4495 3497 4582 ό-εἷςιέξ
3542 4495 3717 4582 αὐτῶν

2254 4565 2541 4632 ἀποσοϐεῖν
2584 4565 2653 4630 τὰ
2693 4565 3047 4646 πετεινά·’ἧν
3085 4571 3141 4646 δέ
3188 4573 3303 4646 ὲμκεῖ
3348 4570 3567 4646 γέρων·
3622 4568 3712 4620 καὶ
3740 4565 3810 4646 ῥτε

2256 4649 2555 4716 ἐφύλαττεν
2592 4648 2691 4717 τὴν
2723 4644 2935 4717 ἡμέραν
2976 4638 3162 4717 αὑτοῦ,
3203 4638 3686 4717 ἔκραζεν-,λέγων’
3733 4638 3811 4715 :31:-

2258 4709 2419 4786 άγετε
2442 4721 2490 4772 oi
2513 4718 2619 4770 ἔσω
2647 4709 3191 4786 ’στονειῖιροιλογισμοί,Δ
3338 4710 3405 4786 τὰ
3439 4709 3555 4786 ἔξω
3600 4709 3810 4786 perstas.

2256 4778 2325 4841 At
2348 4804 2449 4843 ms.
2476 4804 2588 4857 reg.
2618 4785 2753 4840 1787
2778 4778 3043 4857 ἴᾝλεγόν
3066 4778 3147 4857 ότι
3176 4782 3237 4857 ἐν
3257 4779 3332 4849 τῷ
3355 4779 3401 4833 6.
3428 4797 3483 4832 τ.
3510 4780 3569 4857 ἅ..
3708 4778 3811 4827 ἐκα-

2260 4859 2425 4928 θηντο
2463 4848 2605 4911 ἐπὲὰ
2644 4853 2894 4928 μοναχοί,
2918 4848 3024 4928 ,και
3070 4853 3125 4928 ἐν
3159 4850 3237 4928 τίς)
3354 4866 3403 4901 τ.
3424 4866 3504 4928 9.
3540 4848 3814 4928 ἐφύλασσον

2260 4866 2425 4928 θηντο
2463 4866 2605 4911 ἐπτα
2644 4866 2894 4927 μοναχοι,
2930 4866 3024 4905 και
3070 4866 3125 4903 εν
3159 4867 3237 4920 τῳ
3276 4867 3328 4930 κ.
3354 4866 3504 4970 τῖεν.
3540 4866 3814 4924 εφυλασσυν

2256 4928 2348 4981 τοῦ
2405 4928 2581 4999 σοϐεῖν
2608 4927 2696 4999 κτὰ
2726 4922 2963 4999 πετεινὰ·
2998 4923 3062 4975 ἐκ
3095 4921 3370 4999 διαδοχης.
3395 4936 3481 4999 ε.ς
3526 4919 3658 4999 καθ’
3688 4916 3815 4999 fw;-

2260 4936 2348 4981 του
2405 4936 2581 4981 σοϐεῖν
2629 4936 2696 4979 τα
2726 4936 2943 4976 πετεινα
2998 4936 3062 4975 εκ
3095 4936 3243 4973 οιαοο
3282 4936 3347 4988 ης
3395 4936 3481 4981 εις
3532 4936 3655 4970 καθ’
3704 4936 3814 4987 119::-

2260 5015 2378 5069 ραν.
2414 4994 2493 5061 εἷς
2524 4998 2579 5049 δὲ
2603 4994 2661 5062 ἐξ
2691 4994 2870 5048 αὐτῶν
2901 4993 3110 5060 γέρων,
3134 4992 3222 5043 ὅτε
3349 4988 3620 5110 Ἆὴμέρα
3645 4986 3814 5057 αὐτον.

2260 5069 2353 5110 νηὶ
2374 5068 2688 5110 limina-trav-
2706 5063 2905 5110 ἒκοαζε
2920 5063 3093 5110 λέγων
3135 5077 3189 5110 κ.
3211 5077 3261 5110 τ.
3326 5100 3337 5110 .
3411 5074 3482 5110 OC
3506 5068 3598 5110 est
3628 5054 3814 5110 Pelaaw

2259 5054 2353 5121 καὶ
2374 5054 3105 5136 ἐφύλαττεν,ἐκραζελέγων⁷
3135 5077 3195 5136 κ.Δ
3207 5077 3261 5136 τ.
3280 5054 3337 5136 λ.
3363 5054 3482 5136 Hoc
3501 5054 3819 5136 eStfelqgjo

2259 5084 2353 5121 και
2374 5084 2689 5136 ἐφύλαττεν,
2706 5084 2769 5117 εκ
2809 5084 2905 5126 age
2922 5084 3093 5129 Αεγων
3135 5084 3189 5113 κ.
3211 5084 3261 5114 τ.
3289 5084 3337 5111 Α.
3364 5084 3482 5112 nuc
3506 5084 3598 5112 est
3630 5084 3653 5107 ι
3670 5084 3816 5119 ῦιιιδιυ

2259 5139 2556 5207 interprete
2596 5133 2733 5207 [νγ.
2774 5084 2881 5207 ἐξ).
2911 5131 3112 5207 _Rosvv.
3162 5128 3334 5207 lib_._V
3360 5128 3564 5207 ψέξῃ.
3604 5127 3690 5206 ll,
3726 5123 3816 5207 594:

2260 5190 2512 5260 Diceb'ant
2536 5190 2716 5267 senes,
2745 5205 2871 5273 quia
2904 5204 2958 5255 in
2990 5209 3163 5273 monje
3192 5199 3399 5273 abbatis
3438 5190 3821 5273 Antoniisede-

2260 5276 2384 5330 bant
2412 5286 2602 5345 septem
2630 5266 2871 5328 monachi
2894 5272 3049 5395 Scod.
3089 5270 3369 5324 Suession.
3402 5277 3459 5322 et
3495 5266 3716 5343 Fossat.
3747 5275 3822 5311 no-

2260 5348 2435 5395 minnl
2473 5357 2696 5395 temnere
2737 5344 2892 5395 dactu
2919 5358 3090 5395 orum.
3121 5352 3169 5395 et
3199 5356 3332 5392 unus
3372 5353 3437 5390 ea:
3485 5339 3558 5389 iis
3609 5331 3822 5395 abigc‘bai

2256 5348 2435 5415 mina)
2468 5331 2696 5413 tempore
2737 5331 3090 5413 dactyiorum,
3121 5352 3169 5395 et
3199 5356 3332 5392 unus
3372 5353 3437 5390 ea:
3485 5339 3558 5389 iis
3609 5331 3823 5414 abigettat

2260 5416 2324 5468 ab
2356 5417 2421 5469 iis
2452 5416 2685 5470 volucres
2715 5429 2734 5467 :
2780 5424 2895 5467 erat
2940 5421 3115 5465 autem
3155 5411 3226 5462 ibi
3265 5422 3455 5470 senex,
3495 5406 3592 5475 qui
3634 5422 3686 5456 ιη
3723 5401 3821 5475 dte.

2715 5438 2733 5467 ξ
2780 5438 2895 5467 erat
2940 5438 3115 5465 autem
3155 5438 3226 5462 ιυι
3265 5438 3455 5470 Μηίων,
3495 5438 3590 5470 qui
3636 5438 3686 5456 lu
3723 5438 3821 5459 I-vvo

2257 5503 2362 5549 qua
2406 5469 2521 5539 eum
2563 5483 2803 5553 dactylos
2847 5481 3113 5535 custodire
3158 5469 3532 5553 contingebat}
3585 5469 3825 5553 clamabat

2258 5540 2471 5609 dicens:
2506 5540 2767 5608 Discedite
2804 5554 2870 5625 ab
2902 5554 3060 5625 intro,
3087 5552 3258 5625 malae
3288 5540 3674 5625 cogitationes,
3703 5540 3826 5625 eiad;

2262 5606 2429 5692 foris,
2454 5606 2784 5693 at'esaApud
2819 5606 3131 5693 Georgium
3151 5606 3613 5693 Alexandrinum
3644 5629 3697 5666 n.

2256 5676 2443 5765 λαϐὼν
2460 5676 2793 5765 στρατιάῖτας
2823 5692 2932 5765 ἕως
2951 5676 3253 5765 derogaturos“
3269 5687 3718 5740 πεντακοσίων.
3738 5676 3826 5733 ειεά

2265 5766 2389 5836 quis
2422 5760 2545 5822 linis
2586 5765 2785 5821 similia
2812 5761 3117 5833 colligenti?
3141 5760 3410 5815 Comen.
