3950 6562
189 390 272 446 9-ίῦ
1395 376 2033 435 APOPIlTllEGMATA.

3278 386 3384 442 216

188 521 317 578 ,μησεν
341 500 366 552 6
390 496 558 566 γέρων
586 494 676 548 τὸν
718 495 907 567 νεκρὸν
939 495 1114 563 λέγων
1134 509 1149 522 ⁸
1200 497 1227 549 6
1268 497 1415 550 δεῖνα
1440 497 1517 568 (a)
1547 539 1562 563 ,
1590 499 1689 551 ποῦ

1799 499 1876 553 vit
1908 514 2074 555 senex
2103 504 2378 553 mortuum
2423 496 2509 552 his
2561 496 2777 553 verbis:
2832 499 2944 561 Ille,
2995 500 3090 554 ubi
3144 502 3384 571 posuisti

182 599 351 665 ἔθηκας
384 586 473 657 τήν
500 586 785 657 ἀλλοτρίαν
831 587 1190 659 παραθήκην;
1225 588 1253 640 6
1293 589 1349 641 δὲ
1383 589 1704 661 ἀποκριθεὶς

181 687 321 744 εἶπεν
346 682 417 743 είς
445 678 533 731 τὸν
558 675 705 732 οἶκόν
732 697 833 751 μου
865 680 1168 752 κέκρυπται
1199 680 1302 733 ὑπὸ
1332 681 1423 735 τὸν
1448 682 1583 736 πόδα
1604 684 1703 754 τῆς

181 775 350 844 κλίνης.
385 770 472 822 καὶ
513 768 659 837 λέγει
702 769 847 840 αὐτῷ
877 771 905 823 6
948 769 1143 839 γέρων·
1182 770 1358 840 κοιμῶ
1403 771 1564 823 πάλιν
1596 772 1701 834 ἕως

178 870 258 939 τῆς
279 862 469 937 ἡμέρας
502 861 602 930 τῆς
634 861 998 926 ἀναστάσεως.
1050 862 1245 926 ἰδόντες
1279 862 1337 915 δὲ
1368 863 1417 915 οἱ
1446 864 1696 933 ἀδελφοὶ,

178 961 262 1018 ἀπὸ
284 956 363 1011 τοῦ
393 953 550 1024 φόϐου
584 953 776 1008 ἔπεσον
810 958 889 1019 είς
926 958 1053 1020 τοὺς
1085 957 1253 1021 πόδας
1278 957 1463 1014 αὐτοῦ.
1499 959 1592 1012 καὶ
1619 956 1699 1012 εί-

175 1070 255 1108 πεν
267 1050 427 1110 αὐτοῖς
442 1048 468 1099 6
486 1047 548 1115 γέ
556 1063 683 1118 ρων*
700 1049 758 1101 οὐ
774 1048 932 1119 247
944 1048 1010 1100 δι’
1027 1049 1125 1119 ἐμὲ
1146 1049 1334 1117 γέγονε
1356 1049 1528 1103 τοῦτο·
1546 1050 1697 1103 οὐδὲν

174 1144 260 1213 γάρ
286 1143 387 1210 εἰμι
406 1155 419 1167 ·
453 1138 589 1191 ἀλλὰ
618 1138 703 1192 διὰ
732 1140 829 1210 τὴν
865 1141 1038 1211 χήραν
1064 1140 1158 1193 καὶ
1181 1140 1248 1193 τὰ
1267 1141 1475 1212 ὀρφανὰ
1505 1143 1532 1194 6
1564 1142 1696 1206 Θεὸς

171 1234 354 1303 ἐποίησε
379 1231 436 1283 τὸ
468 1232 720 1302 πρᾶγμα·
749 1232 905 1286 τοῦτο
942 1233 999 1286 δέ
1029 1235 1144 1287 ἐστι
1172 1233 1233 1286 τὸ
1278 1235 1440 1303 μέγα,
1474 1218 1556 1287 ὅτι
1597 1235 1693 1288 ἀν-

170 1326 438 1396 αμάρτητον
465 1320 607 1374 θέλει
639 1322 808 1386 όΘεὸς
842 1323 937 1394 τὴν
952 1323 1150 1395 ψυχήνο
1175 1325 1267 1377 καὶ
1285 1324 1339 1377 εἴ
1362 1343 1412 1377 τι
1441 1324 1507 1378 ἂν
1537 1326 1692 1396 αίτή-

170 1434 320 1479 σεται,
364 1413 641 1479 λαμϐάνει.
683 1414 849 1469 ὲλθὼν
885 1416 942 1469 δὲ
974 1416 1262 1487 ἀνήγγειλε
1309 1420 1375 1489 τῇ
1410 1418 1555 1488 χήρᾳ
1587 1415 1691 1470 ποῦ

170 1514 309 1565 κεῖται
335 1508 364 1578 ή
395 1507 689 1579 παραθήκη
714 1525 727 1539 °
761 1513 793 1579 ἡ
841 1510 897 1562 δὲ
924 1509 1164 1565 λαϐοῦσα
1204 1511 1375 1580 αὐτὴν
1416 1510 1584 1563 ἔδωκε
1615 1509 1692 1581 τῷ

168 1602 307 1673 κυρίῳ
344 1599 529 1670 αὐτῆς,
562 1601 654 1653 καὶ
691 1601 1027 1673 ἠλευθέρωσε
1056 1602 1126 1656 τὰ
1158 1602 1323 1656 τέκνα
1365 1603 1555 1673 αὐτῆς.
1599 1603 1691 1656 καὶ

167 1694 334 1754 πάντες
363 1692 406 1743 oi
442 1691 772 1755 ἀκούσαντες
825 1692 1082 1757 ἐδόξασαν
1108 1694 1199 1746 τὸν
1229 1694 1359 1746 Θεόν
1393 1694 1492 1765 (b).

216 1784 260 1837 8.
300 1782 515 1850 Ἔλεγεν
541 1785 570 1835 6
601 1783 775 1847 ἁϐδᾶς
803 1785 1009 1856 Πέτρος
1030 1786 1160 1855 περὶ
1192 1785 1285 1838 τοῦ
1310 1786 1465 1855 ἁγίου
1496 1787 1689 1840 Μακα-

1805 590 2040 644 alienum
2069 589 2376 658 depositum
2402 588 2790 658 ?Rcsponsum
2826 588 2973 644 dedit
3006 591 3170 644 homo
3198 607 3211 642 :
3238 592 3382 647 Abs-

1803 679 2080 735 conditum
2113 689 2195 735 est
2230 679 2286 734 in
2320 680 2483 734 domo
2518 697 2637 736 mea
2675 681 2777 735 sub
2824 680 2961 751 pede
3012 682 3159 735 lecti.
3204 682 3383 739 Senex

1802 772 1870 825 ad
1904 772 2079 841 ipsum
2113 790 2125 825 :
2159 771 2357 827 lterum
2394 772 2569 826 dormi
2615 788 2789 842 usque
2836 774 2903 826 ad
2958 774 3383 830 resurrectionis

1800 862 1963 917 diem.
1997 861 2151 929 Quod
2195 864 2498 933 conspicati
2542 863 2739 918 fratres
2780 879 2909 933 prae
2948 866 3142 919 timore
3169 867 3384 920 cecide-

1798 961 1926 1009 runt
1949 954 2015 1008 ad
2044 955 2207 1024 pedes
2239 956 2377 1009 eius.
2415 954 2553 1009 Tum
2591 956 2658 1010 iis
2694 971 2859 1011 senex
2912 956 3029 1010 ait:
3082 957 3199 1011 Non
3251 974 3381 1027 pro-

1796 1054 1918 1116 pter
1945 1061 2031 1101 me
2068 1046 2121 1100 id
2150 1048 2331 1102 evenit
2358 1064 2371 1111 ;
2404 1048 2537 1101 nihil
2564 1049 2765 1119 quippe
2815 1064 2935 1104 sum
2969 1069 2982 1104 :
3035 1050 3131 1105 sed
3162 1060 3381 1120 pr0pter

1796 1139 2014 1195 viduam
2053 1147 2107 1195 et
2145 1142 2379 1211 pupillos
2407 1139 2550 1195 Deus
2601 1156 2712 1195 rem
2757 1140 2906 1196 fecit.
2950 1141 3065 1196 Hoc
3090 1158 3217 1197 vero
3260 1157 3377 1195 ma-

1795 1244 1960 1299 gnum
2000 1236 2104 1294 est,
2153 1231 2295 1301 quod
2327 1228 2469 1284 Deus
2512 1230 2628 1283 vult
2667 1232 2901 1284 animam
2948 1248 3069 1287 esse
3104 1233 3222 1289 sine
3248 1249 3378 1302 pec-

1795 1329 1942 1387 cato,
1978 1332 2032 1377 et
2058 1322 2317 1394 quicquid
2347 1322 2565 1394 petierit
2594 1324 2843 1393 accipiet.
2880 1323 3166 1382 Profectus
3207 1329 3376 1399 igitur

1794 1416 2063 1469 nuntiavit
2089 1416 2303 1483 viduae,
2334 1418 2425 1471 ubi
2450 1417 2658 1471 iaceret
2691 1417 3021 1486 depositum.
3044 1419 3195 1486 Quae
3228 1424 3374 1477 acci-

1793 1506 1947 1577 piens
1975 1507 2122 1562 dedit
2141 1507 2381 1571 domino,
2402 1509 2857 1565 acinlibertatem
2883 1512 3120 1566 asseruit
3148 1512 3373 1567 liberos.

1792 1597 2121 1667 Omnesque,
2157 1600 2248 1669 qui
2281 1600 2604 1655 miraculum
2643 1600 2987 1668 audiverunt,
3027 1603 3253 1674 gloriam
3287 1605 3377 1659 de-

1792 1688 1990 1743 derunt
2016 1691 2147 1746 Deo.
3240 1756 3247 1777 Ι

1861 1780 1914 1836 8.
1952 1780 2148 1837 Petrus
2188 1784 2357 1839 abbas
2418 1788 2684 1849 narravit,
2760 1785 2982 1840 beatum
3035 1784 3361 1849 Macarium,

166 1864 275 1947 ρίου,
298 1875 372 1927 ὅτι
408 1876 858 1945 παραγενόμενός
897 1893 1027 1928 ποτε
1071 1876 1209 1947 πρός
1238 1893 1361 1930 τινα
1403 1878 1689 1948 ἀναχωρη-

1799 1886 1961 1942 quum
1993 1872 2289 1941 aliquando
2320 1876 2709 1930 anachoretam
2736 1876 3026 1946 quemdam
3058 1876 3364 1930 invenisset

159 1968 257 2036 τήν,
298 1965 385 2019 καὶ
422 1966 603 2038 εὑρὼν
652 1967 814 2020 αὑτὸν
856 1968 1227 2039 κακούμενον,
1273 1967 1603 2022 ἐπυνθάνετο
1638 1970 1692 2022 τί

159 2059 363 2131 βούλοιτο
396 2058 675 2128 τραφῆναι
711 2058 921 2123 οὐδενὸς
962 2058 1111 2123 ὄντος
1141 2060 1199 2111 ἐν
1242 2060 1319 2130 τῷ
1354 2058 1549 2130 κελλίῳ
1590 2059 1691 2112 αὐ-

157 2150 251 2205 τοῦ.
287 2151 372 2204 καὶ
398 2152 675 2221 φήσαντος
704 2151 937 2215 ἐκείνου,
974 2151 1254 2215 πάστιλον,
1292 2151 1371 2214 είς
1409 2150 1505 2222 τὴν
1540 2150 1692 2203 Ἀλε-

155 2242 387 2315 ξανδρέων
410 2242 568 2297 πόλιν
589 2244 688 2295 οὐκ
710 2242 955 2313 ὤκνησεν
977 2243 1004 2296 6
1026 2243 1268 2315 ἀνδρεῖος
1286 2243 1689 2314 παραγενέσθαι

154 2336 229 2388 καὶ
273 2332 441 2386 δοῦναι
486 2334 567 2405 τῷ
606 2334 892 2404 κάμνοντι·
924 2334 1019 2388 καὶ
1065 2333 1126 2387 16
1155 2334 1469 2406 θαυμαστὸν
1501 2334 1691 2406 μηδενὶ

152 2426 411 2497 κατάδηλον
436 2426 733 2497 γενόμενον
769 2427 860 2498 (c).

210 2515 255 2571 9.
288 2514 413 2569 Εἴπε
447 2517 638 2582 πάλιν,
667 2519 749 2571 ὅτι
772 2520 830 2571 ὲν
865 2518 1073 2588 ἀκακία
1102 2515 1196 2571 τοῦ
1228 2517 1372 2572 ἁϐϐἄ
1401 2518 1687 2591 Μακαρίου

149 2608 538 2679 πολιτευομένου
585 2609 721 2680 πρὸς
774 2609 939 2681 248
979 2611 1186 2673 πάντας
1222 2611 1351 2673 τοὺς
1400 2609 1685 2678 ἀδελφοὺς,

149 2696 326 2768 ἔφησαν
351 2698 502 2769 αὐτῷ
532 2715 703 2762 τινες’
739 2698 829 2752 διὰ
850 2701 903 2753 τί
930 2698 1103 2764 οὕτως
1132 2700 1325 2753 ἑαυτὸν
1342 2702 1546 2766 ποιεῖς;
1580 2700 1608 2751 6
1631 2701 1689 2753 δὲ

147 2784 271 2840 εἴπεο
300 2786 504 2842 δώδεκα
532 2788 625 2861 ἐτη
660 2789 953 2844 ἐδούλευσα
988 2789 1068 2861 τῷ
1096 2790 1270 2862 κυρίῳ
1301 2808 1425 2861 μου,
1471 2792 1558 2845 ῖνα
1597 2809 1687 2862 μοι

147 2878 404 2949 χαρίσηται
425 2879 488 2931 τὸ
513 2880 757 2950 χάρισμα
778 2878 957 2945 τοῦτο,
990 2880 1083 2933 καὶ
1111 2881 1311 2944 πάντες
1344 2897 1433 2951 μοι
1453 2880 1688 2952 συμϐου-

144 2970 307 3022 λεύετε
338 2969 641 3024 ἀποθέσθαι
666 2971 797 3024 αὐτό
818 2989 833 3037 ;

202 3062 278 3115 10.
310 3062 538 3130 Ἔλεγον
582 3064 709 3134 περὶ
744 3062 840 3117 τοῦ
876 3062 1022 3116 ἀὸϐἄ
1053 3064 1361 3136 Μακαρίου,
1402 3066 1484 3119 ὅτι
1517 3067 1565 3120 εί
1598 3066 1688 3119 εὐ-

143 3151 344 3222 καίρησε
386 3153 535 3224 μετὰ
579 3154 845 3223 ἀδελφῶν,
879 3156 1048 3208 ὲτίθει
1082 3156 1260 3226 ἐαυτῷ
1288 3156 1445 3227 ὅρον·
1479 3157 1562 3210 δτι
1592 3157 1686 3211 ἐὰν

1800 1971 2193 2034 aegrotantem,
2232 1967 2573 2021 sciscitatum
2603 1983 2723 2023 esse
2753 1984 2816 2022 ex
2859 1984 2944 2032 eo,
2977 1966 3236 2038 quidnam
3262 1968 3369 2021 cibi

1798 2071 2017 2111 sumere
2042 2056 2223 2110 vellet.
2266 2055 2369 2123 Qui
2403 2066 2693 2129 postquam
2751 2059 3022 2129 pastillum
3074 2059 3248 2127 petiit,
3291 2059 3369 2111 vi-

1796 2164 1917 2203 rum
1954 2148 2168 2213 fortem,
2206 2165 2373 2219 quum
2415 2150 2552 2204 nihil
2594 2151 2648 2205 in
2701 2151 2837 2206 cella
2884 2157 3052 2213 esset,
3096 2149 3369 2219 proficisci

1795 2236 2179 2292 Alexandriam
2218 2255 2327 2292 non
2358 2239 2553 2309 piguit,
2603 2248 2845 2310 utaegro
2887 2240 3139 2306 afferret;
3186 2255 3367 2311 neque

1795 2329 1934 2382 mira
1975 2343 2062 2383 res
2096 2329 2384 2385 manifesta
2415 2332 2674 2399 cuiquam
2701 2329 2845 2383 facta
2878 2337 2983 2385 est.

1864 2504 1917 2559 9.
1956 2503 2155 2557 lterum
2185 2504 2509 2559 memoravit
2534 2523 2547 2559 :
2575 2504 2816 2559 Macario
2845 2503 3027 2559 abbati
3056 2517 3187 2573 prae
3216 2517 3359 2556 cun-

1794 2595 1900 2651 ctis
1931 2597 2197 2650 fratribus
2230 2595 2287 2650 in
2322 2596 2672 2666 simplicitate
2695 2594 3042 2651 conversanti
3085 2593 3310 2663 quidam
3339 2611 3353 2648 :

1794 2685 1927 2751 Cur,
1966 2687 2245 2757 inquiunt,
2275 2688 2438 2741 talem
2486 2695 2538 2739 te
2562 2686 2849 2756 praebes?
2895 2683 2988 2738 llle
3028 2682 3312 2753 respondit
3346 2701 3361 2738 :

1791 2778 2091 2835 Duodecim
2120 2780 2280 2834 annis
2309 2779 2507 2835 servivi
2546 2778 2777 2832 Domino
2795 2793 2937 2841 meo,
2972 2785 3030 2830 ut
3059 2776 3191 2830 mihi
3214 2774 3359 2830 hanc

1791 2871 2089 2943 largiretur
2128 2872 2383 2942 gratiam,
2421 2880 2475 2927 et
2517 2887 2616 2928 vos
2655 2884 2847 2926 omnes
2894 2868 3029 2923 mihi
3069 2865 3366 2921 consilium

1791 2959 1955 3029 datis,
1984 2967 2045 3016 ut
2078 2961 2347 3031 deponam
2387 2961 2551 3016 eam?

1862 3054 1950 3110 10.
1992 3054 2256 3109 Dicebant
2283 3055 2351 3110 de
2366 3053 2605 3109 Macario
2633 3053 2849 3119 abbate,
2899 3052 3131 3123 quod,si
3163 3067 3365 3107 vacans

1791 3152 2105 3200 versaretur
2127 3158 2252 3198 cum
2294 3144 2582 3209 fratribus,
2622 3144 2763 3198 hanc
2790 3144 2895 3197 sibi
2942 3145 3115 3214 legem
3156 3146 3365 3198 consti-

143 3244 310 3315 εὑρεθῇ
338 3240 505 3309 οἶνος,
546 3244 633 3298 διὰ
660 3247 788 3311 τοὺς
816 3245 1078 3315 ἀδελφοὺς
1120 3224 1263 3311 πίνε,
1296 3224 1391 3301 καὶ
1417 3247 1536 3301 ἀντὶ
1569 3248 1688 3313 ἑνος

1799 3238 1977 3292 tuebat
2010 3255 2023 3291 :
2061 3235 2119 3291 Si
2151 3237 2341 3292 vinum
2385 3236 2646 3302 adfuerit,
2698 3246 2923 3308 propter
2975 3236 3177 3291 fratres
3217 3237 3363 3303 bibe,

140 3335 367 3405 ποτηρίου
405 3335 555 3388 οἴνου
619 3336 747 3406 μίαν
788 3335 1000 3409 ἡμέραν
1039 3335 1113 3407 μὴ
1148 3337 1277 3409 πίῃς
1308 3335 1451 3406 ὕδωρ
1472 3352 1487 3367 ·
1516 3336 1565 3389 οἱ
1594 3332 1687 3389 οὖν

141 3423 332 3492 ἀδελφοὶ
357 3426 524 3496 χάριν
555 3424 915 3489 ἀναπαύσεως
940 3426 1143 3479 ἐδίδουν
1174 3424 1351 3496 αὐτῷ’
1374 3428 1402 3478 6
1424 3426 1481 3479 δὲ
1509 3425 1686 3497 γέρων

141 3516 257 3586 μετὰ
289 3519 457 3587 χαρᾶς
498 3518 830 3588 ἐλάμϐανεν,
876 3519 965 3572 ἵνα
1008 3518 1199 3571 ἑαυτὸν
1234 3517 1529 3589 βασανίσῃ’
1556 3520 1584 3572 6
1630 3519 1687 3572 δὲ

140 3606 378 3679 μαθητὴς,
410 3608 574 3673 εἰδὼς
604 3609 664 3663 16
692 3611 945 3680 πρᾶγμα,
970 3609 1123 3677 ἔλεγε
1150 3612 1265 3673 τοῖς
1285 3609 1536 3679 ἀδελφοῖς
1556 3626 1568 3639 ⁸
1595 3609 1687 3665 διὰ

134 3697 212 3751 τὸν
234 3699 431 3771 κύριον,
467 3701 703 3773 μὴ-δῶτε
732 3700 899 3772 αὐτῷ·
932 3703 979 3753 εί
1006 3701 1061 3754 δὲ
1090 3702 1250 3772 μήγε,
1273 3703 1353 3765 είς
1380 3701 1441 3754 16
1472 3702 1685 3756 κελλίον

138 3790 294 3863 μέλλει
325 3794 522 3846 ἑαυτὸν
555 3794 840 3864 δαμάζειν.
904 3794 999 3846 καὶ
1050 3793 1315 3864 μαθόντες
1365 3794 1415 3848 οἱ
1466 3794 1685 3865 ἀδελφοὶ

133 3882 309 3935 οὐκέτι
341 3884 493 3955 αὐτῷ
520 3889 779 3955 παρεῖχον
810 3886 912 3956 (d).

191 3977 268 4029 ll.
301 3978 722 4049 Παρερχόμενός
750 3996 877 4032 ποτε
909 3980 1015 4033 ἀπὸ
1057 3980 1149 4033 τοῦ
1180 3978 1335 4043 έλους
1364 3982 1443 4044 είς
1475 3981 1535 4033 16
1556 3979 1684 4034 κελ-

132 4062 227 4119 λίον
270 4068 460 4121 ἑαυτοῦ
497 4070 529 4120 6
566 4069 739 4133 άὸϐἆς
795 4070 1103 4142 Μακάριος,
1146 4069 1412 4134 ὲὸάσταζε
1468 4070 1681 4136 θαλλία,

116 4146 211 4209 ’καὶ
242 4159 344 4213 ἰδοὺ
374 4161 694 4232 ὑπήντησεν
728 4162 876 4234 αὐτῷ
904 4164 933 4216 6
958 4163 1204 4227 διάῦολος
1236 4163 1398 4235 249
1426 4162 1569 4217 κατὰ
1586 4163 1683 4235 τὴν

130 4247 230 4300 666v
258 4251 393 4321 μετὰ
416 4252 710 4323 δρεπάνου.
736 4255 833 4307 καὶ
856 4254 932 4317 ὼς
956 4254 1219 4324 ἠθέλησεν
1241 4256 1404 4307 αὑτὸν
1431 4254 1680 4326 κροῦσαι,

128 4339 213 4390 οὐκ
252 4340 461 4411 ἴσχυσε.
520 4346 615 4397 καὶ
660 4344 809 4413 λέγει
862 4344 1038 4414 αὐτῷ’
1076 4344 1245 4417 πολλὴ
1278 4344 1368 4415 βία
1421 4346 1530 4400 ἀπὸ
1564 4344 1680 4410 σοῦ,

128 4429 382 4503 Μακάριε,
411 4435 499 4488 ὅτι
529 4436 591 4487 οὐ
626 4435 861 4507 δύναμαι
890 4436 1026 4506 πρὸς
1076 4436 1155 4489 σέ·
1205 4437 1313 4490 ίδοὺ
1364 4435 1495 4507 γάρ,
1529 4438 1582 4492 εί
1628 4455 1681 4491 τι

1788 3339 1843 3385 et
1871 3345 1971 3401 pro
2006 3345 2117 3385 uno
2156 3328 2267 3383 vini
2298 3330 2497 3399 poculo
2536 3345 2632 3399 per
2662 3345 2830 3383 unum
2859 3328 3002 3384 diem
3046 3343 3155 3382 non
3206 3328 3367 3384 bibas

1787 3438 2008 3493 aquam.
2030 3421 2200 3490 Igitur
2215 3421 2435 3487 fratres,
2456 3436 2579 3477 eum
2600 3421 2823 3476 reficere
2836 3421 3144 3490 cupientes,
3162 3420 3366 3473 dabant

1785 3512 2047 3571 ei.Senex
2072 3520 2255 3569 autem
2277 3527 2401 3567 cum
2424 3512 2625 3583 gaudio
2644 3511 2986 3575 admittebat,
3012 3520 3069 3564 ut
3102 3526 3161 3565 se
3181 3510 3361 3580 ipsum
3380 3556 3395 3569 ,

1787 3614 2091 3677 torqueret.
2124 3606 2193 3661 At
2227 3606 2533 3676 discipulus
2570 3604 2712 3667 eius,
2775 3603 2865 3657 cui
2912 3617 3001 3657 res
3050 3611 3180 3655 nota
3224 3611 3363 3664 erat,

1785 3698 2005 3753 dicebat
2058 3698 2324 3753 fratribus
2358 3718 2371 3752 :
2400 3698 2505 3753 Per
2554 3696 2871 3760 Dominum,
2924 3710 2993 3749 ne
3056 3694 3366 3763 praebentis

1785 3790 1905 3857 illi;
1938 3790 2143 3859 alioqui
2187 3790 2242 3843 in
2274 3790 2412 3845 cella
2445 3787 2801 3844 conlecturus
2829 3793 2914 3841 est
2946 3802 3025 3841 se.
3053 3785 3173 3851 Quo
3208 3799 3363 3839 com-

1784 3890 1939 3952 perto
1964 3881 2163 3936 fratres
2191 3896 2300 3935 non
2333 3880 2567 3949 amplius
2601 3879 2653 3933 ei
2686 3878 3059 3948 porrigebant.

1856 3974 1945 4027 ll.
1986 3971 2351 4028 Proficiscens
2369 3971 2662 4041 aliquando
2692 3969 2966 4025 Macarius
2996 3970 3166 4025 abbas
3200 3984 3229 4022 a
3258 3984 3356 4039 pa-

1784 4064 1910 4119 lude
1942 4064 1998 4119 in
2030 4064 2285 4119 cellulam
2308 4079 2463 4120 suam
2494 4062 2752 4135 portabat
2786 4062 3091 4132 palmarum
3136 4076 3321 4115 ramos
3341 4101 3358 4127 ,

1783 4164 1839 4212 et
1867 4170 1997 4211 ecce
2027 4156 2272 4210 occurrit
2299 4157 2350 4212 ei
2381 4156 2437 4210 in
2468 4156 2557 4209 via
2592 4154 2848 4210 diabolus
2894 4154 3085 4209 falcem
3130 4169 3349 4224 gerens.

1785 4247 1890 4315 Qui
1951 4256 2010 4303 ut
2062 4248 2234 4302 voluit
2281 4264 2405 4304 eum
2476 4246 2680 4313 ferire,
2739 4263 2849 4302 non
2913 4246 3106 4301 valuit.
3172 4246 3355 4314 Atque

1783 4342 1835 4397 ei
1864 4359 1877 4394 :
1910 4340 2100 4407 Multa,
2140 4340 2343 4410 inquit,
2364 4354 2395 4393 a
2435 4347 2488 4396 te
2517 4340 2623 4404 vis,
2660 4338 2885 4401 Macari,
2910 4339 3057 4409 quod
3086 4338 3356 4393 adversus

1782 4441 1836 4488 te
1876 4434 2010 4487 nihil
2058 4448 2306 4503 possum.
2336 4433 2417 4486 En
2449 4433 2616 4499 enim,
2660 4431 2926 4502 quidquid
2966 4431 3126 4495 facis,
3174 4439 3228 4485 et
3255 4446 3359 4501 ego

126 4526 297 4591 ποιεῖς,
337 4526 499 4597 κάγὼ
551 4528 712 4581 ποιῶ·
749 4530 812 4581 σὺ
861 4528 1175 4599 νηστεύεις·
1219 4528 1375 4598 κάγώ
1414 4530 1477 4562 ¹⁷ο
1507 4530 1681 4601 ἀγρυ-

1799 4524 1949 4578 iacio.
1982 4523 2064 4577 Tu
2091 4523 2344 4593 jejunas;
2392 4531 2447 4579 et
2483 4537 2583 4593 ego
2615 4542 2628 4577 :
2663 4522 2892 4592 vigilas;
2918 4532 2972 4577 et
3000 4538 3102 4592 ego
3136 4523 3357 4591 penitus

128 4618 286 4680 πνεῖς·
318 4620 476 4689 κάγὼ
507 4621 645 4685 ὅλως
677 4623 737 4675 οὐ
772 4622 1069 4693 κοιμῶμαι·
1098 4622 1297 4675 ἔνεστι
1333 4621 1520 4693 μόνον,
1551 4624 1609 4675 ὲν
1638 4617 1683 4690 ᾧ

1799 4632 1895 4669 non
1946 4615 2182 4670 dormio.
2225 4613 2407 4669 Unum
2452 4614 2629 4668 solum
2671 4622 2756 4667 est
2786 4612 2839 4665 in
2862 4628 2971 4682 quo
3016 4614 3191 4667 vincis
3243 4628 3350 4667 me.

126 4711 260 4778 νικᾷς
313 4730 402 4781 με.
458 4714 611 4783 λέγει
661 4713 806 4786 αὑτῷ
856 4717 885 4767 6
936 4714 1111 4778 ἁδὸᾶς
1157 4714 1475 4787 Μακάριος·
1528 4718 1681 4770 ποῖον

1799 4707 2147 4777 interrogavit
2188 4705 2463 4761 Macarius
2499 4705 2669 4759 abbas
2702 4720 2718 4758 :
2751 4703 3023 4769 Quidnam
3061 4713 3146 4758 est
3182 4703 3355 4757 illud?

125 4800 289 4869 10510;
323 4807 351 4857 6
384 4806 445 4859 δὲ
497 4806 601 4877 ἔφη
629 4822 642 4836 ⁸
678 4810 709 4879 ή
753 4807 1081 4870 ταπείνωσίς
1111 4824 1226 4861 σου.
1273 4808 1366 4860 καὶ
1403 4806 1490 4861 διὰ
1521 4806 1680 4861 τοῦτο

1799 4800 2087 4871 Respondit
2119 4816 2131 4854 :
2166 4798 2455 4853 Ilumilitas
2483 4804 2599 4851 tua.
2631 4800 2710 4851 Ac
2742 4804 3033 4868 propterea
3084 4796 3353 4850 adversus

122 4892 173 4943 οὐ
202 4894 431 4967 δύναμαι
466 4900 606 4969 πρὸς
643 4900 724 4954 σέ.

1799 4913 1833 4951 e
1851 4896 1986 4950 nihil
2017 4909 2265 4965 possum.

182 4982 260 5037 12.
296 4986 363 5055 (ε)
410 4989 732 5061 Ἠρώτησάν
763 5008 907 5056 τινες
952 4991 1061 5044 τῶν
1086 4991 1338 5063 πατέρων
1391 4992 1482 5045 τὸν
1502 4991 1676 5046 ἀὸὁᾶν

1852 4986 1939 5039 12.
1982 4983 2457 5052 interrogaverunt
2477 4980 2698 5051 quidam
2727 4996 2756 5034 e
2784 4980 3032 5050 patribus
3052 4978 3346 5032 Macarium

122 5072 389 5146 Μακάριον
420 5082 519 5134 16v
535 5083 850 5151 Αἰγύπτιον,
884 5085 1166 5153 λέγοντες’
1199 5086 1315 5149 πῶς
1338 5086 1427 5139 ὅτε
1474 5084 1674 5146 ἐσθίεις

1799 5076 2104 5147 legyptium
2170 5074 2420 5128 abbatem
2490 5073 2782 5128 dicentes:
2847 5072 2951 5136 Qui
3012 5070 3070 5123 fit
3117 5078 3179 5123 ut
3238 5069 3351 5123 sive

124 5164 203 5217 καὶ
228 5169 312 5222 ὅτε
342 5173 629 5243 νηστεύεις
652 5176 713 5227 16
741 5175 901 5246 σῶμά
927 5194 1020 5230 σου
1045 5177 1205 5250 ξηρόν
1235 5180 1386 5243 ὲστι;
1413 5176 1507 5230 καὶ
1526 5176 1672 5243 λέγει

1799 5166 2055 5231 :omedas,
2107 5166 2222 5220 sive
2264 5164 2497 5230 ieiunes,
2548 5178 2750 5232 corpus
2792 5169 2945 5216 tuum
2981 5164 3191 5217 siccum
3238 5161 3306 5217 sit
3343 5184 3355 5218 :

1388 5309 1645 5365 VARIAE
1676 5300 2081 5361 LECTIONES.

183 5396 224 5430 "
256 5399 341 5457 Al.
373 5403 496 5472 ἐγὼ
537 5405 675 5458 οὐδὲ
709 5406 863 5471 ὅλως
894 5406 1110 5476 τρώγω.

1610 5510 1861 5568 NOTAE.

1860 5649 1937 5718 (d)
1978 5648 2059 5701 Cf.
2102 5647 2212 5721 νγ.
2263 5647 2365 5703 PP.
2408 5648 2592 5702 Rosw.
2620 5649 2711 5702 lib.
2748 5646 2811 5701 ιιι
2873 5665 2997 5721 cap.
3031 5650 3117 5713 55;
3169 5648 3260 5702 lib.
3309 5646 3348 5699 V

1784 5720 1951 5775 libell.
1985 5721 2037 5777 4,
2071 5718 2158 5771 26.

1856 5790 1922 5857 (e)
1966 5788 2047 5860 Cf.
2082 5788 2195 5843 VV.
2220 5788 2322 5842 PP.
2348 5788 2528 5860 Rosw.
2566 5790 2657 5842 lib.
2721 5790 2783 5842 Ill
2822 5806 2942 5860 cap.
3000 5791 3133 5857 1‘21;
3172 5789 3270 5845 lib.
3306 5788 3346 5848 ν

1780 5860 1945 5917 libell.
1984 5859 2072 5927 15,
2114 5863 2220 5929 ‘20;
2251 5862 2341 5916 bl).
2381 5859 2465 5915 \'ll
2524 5876 2637 5931 cap.
2691 5862 2770 5928 15,
2802 5862 2855 5914 ti.

178 5650 522 5739 (a)-Ain:ng
562 5663 589 5714 6
616 5662 781 5726 δεῖνα,
818 5667 870 5720 in
900 5665 1040 5721 Vitis
1073 5665 1329 5721 Patrum:
1362 5666 1538 5722 dicens
1574 5666 1673 5727 illi,

122 5736 210 5795 pro
230 5723 407 5779 dicens
434 5730 548 5783 ille.

183 5796 250 5878 φ)
403 5797 538 5878 _vv_.
569 5801 883 5878 PP._Bosw.
918 5807 1012 5878 in).
1063 5806 1123 5859 vr
1180 5809 1346 5866 libell.
1386 5812 1440 5878 ει,
1478 5810 1529 5865 8.

182 5868 249 5938 (ε)
286 5868 372 5924 Cf.
400 5869 607 5929 Raderi
638 5873 869 5933 Vil'idar.
924 5876 1013 5943 lll,
1046 5880 1100 5943 6,
1143 5880 1224 5936 l‘J.
