3950 6556
545 333 650 391 361

1372 332 1473 388 SS.
1513 330 1970 389 MACARIORUM
2005 332 2326 391 AEGYPTII
2362 337 2450 393 ET
2487 337 2951 396 ALEXANDRINI

3670 348 3775 404 268

547 452 857 521 Respondet
909 451 977 507 iis
1026 468 1192 507 senex
1227 470 1241 508 :
1277 451 1526 523 Lignum,
1568 452 1713 521 quod
1766 459 1949 508 versat
1991 467 2147 513 εον-λ

2234 456 2396 520 ιὺτοῖς
2423 458 2452 510 6
2491 459 2698 531 γέρων·
2736 460 2797 514 τὸ
2835 460 2991 533 ξύλον
3031 460 3093 514 τὸ
3123 460 3353 533 στρέφον
3399 463 3470 517 τά
3514 466 3777 539 καιόμενα

546 550 729 596 menta
762 557 903 610 quae
934 542 1352 606 comburuntur,
1391 543 1615 595 omnino
1652 544 1721 596 ab
1747 543 1870 612 igne
1910 558 2111 597 consu-

547 633 738 687 mitur.
773 632 1035 687 Similiter
1067 635 1113 687 si
1141 634 1484 687 mundaverit
1508 634 1671 688 homo
1695 644 1927 688 mentem
1956 651 2110 690 suam

548 722 607 776 in
651 724 848 778 timore
894 723 1009 789 Dei,
1070 724 1186 793 ipse
1226 724 1386 777 timor
1427 721 1523 778 Dei
1570 739 1771 794 corpus
1818 725 1939 793 ejus
1980 742 2113 781 con-

548 815 737 869 sumit.

624 907 710 960 15.
746 904 1028 959 Profectus
1069 904 1365 974 aliquando
1401 904 1671 960 Macarius
1700 905 1870 961 abbas
1907 921 1938 961 e
1969 904 2115 961 Secti

550 999 607 1052 in
638 997 1014 1058 Terenutliim,
1053 997 1334 1065 ingressus
1372 1006 1457 1051 est
1487 997 1697 1063 fanum,
1742 1008 1801 1053 ut
1833 1000 2114 1055 dormiret.

547 1090 630 1146 lbi
691 1094 847 1141 erant
883 1097 1070 1140 vetera
1106 1087 1464 1141 Ethnicorutn
1504 1089 1807 1158 cadavera;
1845 1106 1875 1145 e
1915 1091 2117 1160 quibus

551 1193 721 1234 unum
766 1184 1049 1249 acceptum
1078 1181 1259 1249 posuit
1292 1182 1395 1235 sub
1418 1184 1595 1252 capite
1619 1198 1720 1238 suo
1744 1184 1892 1238 velut
1917 1183 2119 1237 embri-

550 1271 745 1324 mium.
776 1270 1078 1325 Daemones
1094 1288 1244 1341 ergo,
1276 1273 1460 1328 intuiti
1496 1274 1618 1343 ejus
1644 1275 1953 1342 audaciam,
1976 1275 2119 1329 invi—

552 1360 751 1415 derunt
780 1362 849 1415 ei.
884 1361 963 1415 Ac
998 1362 1246 1417 volentes
1283 1379 1404 1417 eum
1437 1372 1665 1430 terrere,
1706 1366 1852 1419 velut
1884 1364 2121 1420 feminae

553 1467 753 1507 nomen
773 1454 1324 1509 vocabantdicentes:
1344 1454 1487 1510 Heus
1512 1464 1590 1519 tu,
1610 1456 1728 1510 veni
1746 1456 2031 1511 nobiscum
2054 1457 2121 1510 ad

554 1542 1151 1614 balneum.Respondit
1182 1556 1361 1600 autem
1380 1547 1522 1600 alius
1542 1548 1772 1601 daemon
1798 1548 1971 1603 desub
2002 1548 2122 1617 ipso

554 1642 814 1702 tanquam
852 1649 882 1689 e
921 1636 1173 1700 mortuis,
1233 1634 1885 1706 loquens:Peregrinum
1951 1638 2123 1692 habeo

558 1738 722 1792 super
756 1737 862 1787 me,
922 1739 1023 1777 nec
1056 1738 1279 1793 possum
1326 1727 1533 1779 venire.
1586 1725 1655 1778 At
1685 1741 1854 1780 senex
1897 1728 2122 1781 territus

555 1827 665 1867 non
706 1820 807 1878 est,
827 1813 921 1867 sed
946 1812 1204 1867 audacter
1232 1815 1552 1869 verberabat
1578 1825 1869 1885 corpus,et
1890 1836 1903 1870 :
1927 1818 2119 1887 Surge,
2151 1800 2193 1854 Β

554 1901 755 1972 inquit,
789 1904 925 1958 vade
956 1904 1012 1957 in
1045 1904 1321 1967 tenebras,
1353 1905 1400 1960 si
1430 1913 1606 1975 potes.
1648 1905 1767 1971 Quo
1789 1907 1975 1960 audito
1995 1907 2124 1961 dae-

552 2007 747 2047 mones
791 1994 1167 2049 clamaverunt
1203 2011 1335 2049 voce
1384 2011 1580 2066 magna
1624 1997 1900 2052 dicentes:
1930 1996 2123 2053 Vicisti
2182 2028 2187 2031 ι

555 2100 678 2140 nos.
715 2084 778 2139 Et
812 2086 1020 2157 pudore
1051 2086 1247 2143 suﬂusi
1277 2087 1631 2160 aufugerunt.

629 2263 717 2317 M.
762 2262 1025 2319 Dicebant
1052 2264 1121 2319 de
1153 2264 1388 2320 Macario
1417 2267 1683 2339 Aegyptio
1712 2267 1929 2332 abbate,
1977 2268 2125 2339 quod

563 2356 867 2411 ascendens
891 2371 921 2412 e
953 2356 1120 2420 Sceti,
1155 2372 1219 2411 ac
1249 2360 1525 2428 sportulas
1554 2369 1804 2429 portans,
1857 2359 2127 2431 defatiga-

558 2455 651 2502 tus
704 2446 880 2514 sedit;
925 2449 1211 2519 oravitque
1265 2452 1322 2503 in
1380 2451 1526 2504 hunc
1568 2452 1822 2505 modum:
1868 2450 2035 2514 Deus,
2064 2459 2125 2504 tu

560 2539 705 2603 scis,
732 2538 1023 2592 nihilmihi
1064 2539 1261 2594 virium
1298 2556 1606 2611 superesse.
1655 2539 1899 2608 Etjllico
1928 2541 1995 2596 ad
2026 2540 2129 2595 llu-

559 2632 709 2684 vium
742 2630 954 2686 delatus
979 2640 1086 2687 est.

633 2719 722 2773 15.
765 2718 996 2785 Quidam
1037 2721 1093 2774 in
1128 2721 1371 2792 Aegypto
1414 2722 1586 2776 ﬁlium
1635 2722 1828 2777 habuit
1861 2723 2126 2795 paralyti-

560 2826 709 2865 cum.
746 2811 917 2878 Quem
940 2830 1065 2867 cum
1092 2815 1162 2868 ad
1195 2816 1447 2869 cellulam
1485 2815 1706 2869 Macarii
1737 2816 1954 2870 abbatis
1982 2816 2131 2871 tulis-

561 2912 664 2968 set,
692 2912 746 2959 et
778 2906 845 2959 ad
873 2908 1073 2961 ostium
1116 2908 1418 2977 plorantem
1454 2910 1791 2980 reliquisset,
1842 2912 2001 2981 longe
2038 2927 2126 2967 re-

561 3000 750 3054 cessit.
783 2998 955 3070 lgitur
985 3017 1153 3057 senex
1187 3005 1446 3060 deorsum
1477 3006 1791 3078 adspiciens
1828 3008 1964 3062 vidit
1991 3024 2128 3078 pue-

560 3106 685 3143 rum
715 3100 770 3146 et
803 3093 1101 3164 interrogat
1133 3113 1253 3150 eum
1287 3116 1300 3151 :
1334 3098 1468 3165 Quis
1514 3108 1568 3155 te
1611 3100 1718 3155 huc
1766 3102 1983 3155 attulit?
2019 3101 2126 3156 Re-

563 3182 799 3251 spondet
837 3202 850 3237 :
884 3183 1046 3239 Pater
1072 3203 1227 3243 meus
1261 3190 1366 3243 huc
1398 3207 1485 3246 me
1517 3192 1747 3261 projecit
1777 3202 1830 3248 et
1859 3194 2011 3248 abiit.
2038 3195 2130 3248 Ait

562 3274 613 3327 ei
643 3288 843 3330 senex:
876 3276 1117 3348 Surgens
1164 3295 1458 3351 assequere
1490 3300 1636 3337 eum.
1678 3283 1984 3355 Statimque
2039 3301 2131 3341 sa-

564 3372 731 3417 natus
758 3366 1001 3420 surrexit
1032 3376 1085 3422 et
1114 3380 1321 3438 patrem
1342 3381 1677 3429 consecutus
1703 3385 1808 3431 est.
1853 3378 2030 3447 Atque
2056 3379 2130 3432 ita

566 3455 820 3511 abierunt
850 3459 906 3512 in
938 3462 1161 3516 domum
1192 3480 1368 3520 suam.

640 3545 726 3603 16.
772 3548 1043 3607 Macarius
1082 3570 1311 3626 magnus
1342 3559 1513 3615 abbas
1533 3561 1749 3617 dicebat
1778 3561 2043 3618 fratribus
2077 3562 2131 3617 in

568 3637 738 3713 Sceti,
770 3653 1057 3714 postquam
1091 3647 1300 3705 dimisit
1333 3653 1650 3709 ecclesiam:
1676 3655 1884 3724 Fugite,
1913 3657 2129 3713 fratres.

564 3730 753 3787 Aitilli
784 3750 975 3790 senum
1008 3740 1232 3809 quidam
1269 3762 1281 3796 :
1312 3743 1559 3809 Quonam
1594 3744 1781 3817 fugere
1832 3748 2133 3816 poterimus

564 3824 708 3877 ultra
740 3827 1089 3885 solitudinem
1115 3833 1300 3889 hanc?
1342 3834 1463 3906 Ipse
1506 3852 1635 3892 vero
1689 3839 1918 3909 digitum
1971 3855 2131 3894 suum

565 3915 633 3968 ad
655 3932 716 3971 os
748 3921 986 3988 ponebat
1021 3924 1213 4001 dicens
1247 3945 1261 3981 :
1300 3928 1490 3999 Fugite
1527 3928 1650 3983 hoc.
1687 3932 1825 3985 Tum
1862 3931 2134 4001 ingredie-

567 4006 729 4063 batur
760 4010 816 4065 in
840 4014 1089 4069 cellulam
1124 4034 1277 4073 suam
1323 4031 1377 4077 et
1409 4024 1599 4079 clauso
1620 4024 1763 4079 ostio
1796 4026 2043 4082 sedebat.

638 4189 724 4243 17.
765 4191 913 4246 Idem
976 4194 1245 4253 Macarius
1298 4201 1467 4256 abbas
1504 4203 1641 4257 dixit
1673 4224 1685 4259 :
1716 4205 1773 4259 Si
1821 4208 2132 4277 quempiam

566 4279 900 4349 increpando
930 4285 996 4339 ad
1029 4288 1162 4340 iram
1202 4296 1586 4359 commoveris,
1636 4296 1850 4352 all‘ectui
1896 4309 1988 4353 tuo
2046 4314 2133 4355 sa-

566 4371 808 4429 tisfaeis.
854 4373 1043 4447 Neque
1100 4382 1246 4436 enim
1298 4393 1359 4438 ut
1401 4386 1540 4442 alios
1583 4391 1785 4457 salves,
1846 4393 2042 4462 perdes
2078 4401 2134 4448 te

565 4479 769 4533 ipsum.

644 4558 728 4612 18.
774 4559 921 4614 Idem
948 4561 1215 4619 Macarius
1238 4566 1427 4630 abbas,
1452 4583 1577 4622 cum
1608 4579 1754 4624 esset
1784 4572 1837 4625 in
1870 4572 2132 4644 Aegypto,

566 4647 774 4703 invenit
795 4652 1067 4708 hominem
1086 4656 1693 4728 habentemjumentum
1710 4670 1763 4715 et
1781 4664 2130 4731 praedantem

568 4757 709 4811 quae
743 4744 809 4797 ad
844 4761 1002 4799 usum
1032 4764 1189 4801 suum
1211 4752 1545 4818 possidebat:
1573 4751 1689 4823 ipse
1710 4770 1837 4809 vero
1870 4763 2131 4827 tanquam

566 4837 892 4906 peregrinus
919 4840 1147 4895 adstans
1178 4842 1305 4906 furi,
1346 4860 1454 4897 una
1494 4846 1759 4901 onerabat
1793 4847 2126 4917 jumentnm,

564 4944 873 5000 magnaque
905 4947 1029 4985 cum
1078 4935 1259 5003 quiete
1287 4935 1498 4991 dimisit
1539 4954 1664 4992 eum
1704 4939 1891 4995 dicens
1924 4964 1934 4995 ;
1973 4939 2129 4996 Nihil

565 5021 841 5076 intulimus
872 5026 926 5077 in
969 5027 1257 5083 mundum:
1284 5028 1427 5081 haud
1468 5029 1687 5083 dubium
1730 5032 1866 5103 quod
1893 5050 1982 5087 nec
2030 5050 2127 5088 au-

2158 4490 2208 4550 D

2215 548 2467 620 φρύγανα
2504 551 2571 604 δι’
2609 552 2731 605 ὅλου
2763 554 3000 606 ἐσθίεται
3036 554 3100 607 ἐκ
3130 555 3224 607 τοῦ
3251 556 3440 625 πυρός.
3470 556 3645 623 οὕτως
3682 562 3779 616 ἐάν

2215 640 2530 715 καθαρεύσῃ
2574 642 2857 714 ἄνθρωπος
2902 646 2999 699 τὸν
3036 644 3159 699 νοῦν
3208 647 3371 699 αὑτοῦ
3403 650 3461 700 ὲν
3511 650 3591 719 τῷ
3632 653 3780 723 φόϐῳ

2215 728 2311 783 τοῦ
2343 729 2499 794 Θεοῦ,
2525 732 2686 796 αὑτὸς
2716 734 2743 785 ό
2765 734 2925 803 φόϐος
2947 734 3043 788 τοῦ
3071 734 3205 788 Θεοῦ
3235 736 3511 790 κατεσθίει
3538 739 3599 792 τὸ
3624 741 3781 814 σῶμα

2216 819 2377 873 αὑτοῦ
2404 822 2481 890 (a)
2496 862 2509 875 .

2290 913 2376 966 15.
2425 914 2615 985 Ἀνέϐη
2648 916 2779 970 ποτὲ
2814 919 2843 971 ὁ
2872 918 3047 983 ἀϐϐᾶς
3082 921 3369 994 Μακάριος
3391 925 3499 979 άπὸ
3530 927 3786 998 Σκήτεως

2218 1004 2297 1065 είς
2329 1004 2680 1074 Τερενοῦθιν·
2728 1010 2822 1063 καί
2854 1011 3099 1083 εἰσῆλθεν
3129 1014 3209 1077 είς
3238 1014 3300 1067 τὸ
3341 1017 3484 1088 ἱερὸν
3516 1020 3785 1089 κοιμηθῆ-

2218 1109 2345 1145 ναι·
2389 1090 2527 1165 ἧσαν
2576 1097 2632 1149 δὲ
2682 1100 2800 1152 ἐκεῖ
2837 1101 3171 1173 σκηνώματα
3214 1106 3480 1177 Ἐλλήνων
3541 1110 3783 1163 παλαιά’

2221 1184 2383 1255 250
2416 1186 2508 1238 καὶ
2551 1187 2729 1242 λαϐὼν
2752 1190 2831 1257 ἓν,
2864 1193 3105 1266 ὑπέθηκε
3149 1200 3217 1269 τῇ
3247 1200 3441 1253 ἐαυτοῦ
3477 1201 3683 1271 κεφαλῇ
3710 1202 3789 1263 ὡς

2222 1278 2537 1351 ἐμϐρίμιον·
2570 1282 2618 1334 οί
2641 1279 2732 1336 οὖν
2760 1282 3014 1355 δαίμονες
3039 1288 3275 1360 ὁρῶντες
3302 1291 3470 1345 αὑτοῦ
3496 1293 3557 1346 τὸ
3589 1293 3791 1363 Θαρσαο

2220 1368 2361 1434 λέον,
2401 1372 2730 1444 ἐφθόνησαν’
2774 1378 2867 1429 καὶ
2901 1376 3144 1443 θέλοντες
3170 1382 3332 1436 αὑτὸν
3357 1384 3610 1454 ποῆσαι,
3652 1384 3792 1453 ἐφώ-

2222 1476 2348 1514 νουν
2380 1462 2454 1526 ὼς
2488 1464 2744 1531 γυναικὸς
2789 1465 2979 1538 ὄνομα,
3015 1469 3265 1538 λέγοντες
3287 1485 3302 1501 ’
3331 1474 3365 1543 ἡ
3411 1474 3581 1539 δεῖνα,
3624 1475 3791 1547 δεῦρο

2226 1552 2345 1623 μεθ’
2370 1554 2527 1625 ἡμῶν
2557 1558 2637 1620 εἰς
2665 1557 2728 1609 τὸ
2755 1556 3032 1627 βαλανεῖον
3055 1577 3069 1591 ο
3100 1562 3376 1633 ὑπήκουσε
3401 1564 3458 1617 δὲ
3490 1565 3649 1629 ἄλλος
3674 1566 3792 1625 δαί-

2228 1660 2343 1714 μων
2377 1646 2724 1701 ὑποκάτωθεν
2766 1650 2931 1704 αύτοῦ
2969 1652 3044 1717 ὡς
3091 1655 3156 1707 ἐκ
3184 1656 3293 1709 τῶν
3330 1657 3538 1728 νεκρῶν
3582 1658 3791 1726 λέγων·

2230 1734 2377 1800 ξένον
2413 1736 2521 1807 ἔχω
2553 1739 2740 1794 ἐπάνω
2779 1760 2904 1813 μου,
2940 1746 3033 1797 καὶ
3076 1745 3137 1797 οὑ
3172 1746 3409 1818 δύναμαι
3444 1747 3642 1803 ἐλθεῖν.
3673 1752 3701 1801 6
3734 1749 3793 1801 δὲ

2222 1826 2397 1898 γέρων
2418 1829 2518 1882 οὐκ
2546 1832 2961 1904 ἐπτοήθη,ιάλλὰ
2985 1835 3201 1909 θαρρῶν
3225 1839 3419 1893 ἔτυπτε
3440 1840 3503 1893 τὺ
3531 1841 3796 1912 σκήνωμα

2210 1918 2394 1987 λέγων
2414 1938 2426 1948 ⁸
2464 1920 2887 1995 ἕγειραι,ῦπαγε
2919 1930 2999 1993 εἰς
3020 1930 3079 1982 τὸ
3102 1931 3311 1997 σκότος,
3348 1933 3395 1984 εί
3422 1931 3670 1985 δύνασαι.
3697 1933 3797 1985 καὶ

2222 2008 2379 2062 τοῦτο
2400 2011 2734 2078 ἀκούσαντες
2753 2016 2803 2068 οἱ
2827 2016 3074 2088 δαίμονες
3106 2060 3120 2084 ,
3148 2020 3381 2092 ἐϐόησαν
3403 2026 3555 2092 φωνῇ
3577 2022 3796 2093 μεγάλῃ

2222 2099 2509 2170 λέγοντες⁸
2550 2106 2806 2178 ἐνίκησας
2838 2112 2988 2181 ἡμᾶς
3010 2129 3023 2141 ·
3065 2114 3161 2165 καὶ
3203 2114 3403 2184 ἔφυγον
3437 2115 3799 2186 καταισχυνό-

2227 2209 2379 2261 μενοι
2404 2193 2499 2265 (b).
2614 2200 2621 2203 ⁷
2750 2194 2757 2199 ’

2296 2284 2383 2337 14.
2424 2284 2649 2354 Ἔλεγον
2695 2289 2823 2359 περὶ
2864 2287 2956 2343 τοῦ
2999 2290 3145 2345 άϐϐᾶ
3181 2293 3469 2366 Μακαρίου
3510 2293 3604 2347 τοῦ
3637 2295 3802 2363 Δίγυ-

2227 2373 2383 2425 πτίου
2413 2374 2477 2437 ”,
2508 2374 2588 2427 ὅτι
2618 2375 2922 2431 ἀναϐαίνων
2951 2379 3059 2431 ἀπὸ
3093 2381 3365 2451 Σκήτεως,
3392 2379 3484 2433 καὶ
3505 2379 3800 2449 βαστάζων

2228 2467 2508 2540 σπυρίδας,
2535 2469 2805 2535 κοπιάσας
2846 2472 3116 2543 ὲκαθέσθη
3137 2492 3149 2505 ·
3180 2475 3274 2527 καὶ
3302 2473 3497 2538 εὔξατο
3525 2474 3700 2541 λέγων
3722 2491 3737 2502 °
3769 2475 3800 2526 6

2226 2559 2381 2623 Θεὸς,
2414 2561 2478 2613 σὺ
2508 2557 2657 2627 οἶδας
2700 2563 2781 2616 ὅτι
2824 2564 2925 2618 οὑκ
2956 2567 2997 2598 ¹⁹
3046 2566 3246 2637 ἰσχύω⁸
3301 2566 3396 2619 καὶ
3447 2564 3652 2628 εὐθέως
3708 2564 3801 2617 εὑ-

2229 2651 2359 2722 ρέθη
2391 2652 2483 2705 ἐπὶ
2506 2653 2597 2707 τὸν
2628 2656 2871 2726 ποταμόν
2899 2657 2995 2727 (ε).

2300 2745 2387 2799 15.
2419 2740 2527 2798 Ἦν
2551 2764 2636 2811 τις
2668 2747 2806 2817 ἔχων
2840 2748 2955 2801 υἱὸν
2994 2748 3361 2818 παραλυτικὸν
3400 2753 3458 2805 ἐν
3502 2750 3797 2820 Αίγύπτῳο

2228 2836 2323 2888 καὶ
2361 2837 2592 2907 ἤνεγκεν
2632 2840 2793 2893 αὑτὸν
2824 2843 2902 2905 εἰς
2929 2842 2990 2894 τὸ
3032 2842 3241 2895 κελλίον
3286 2839 3378 2895 τοῦ
3423 2841 3569 2895 άϐϐἄ
3607 2844 3801 2895 Max:1-

2232 2928 2348 2998 ρίου
2372 2946 2385 2959 ·
2416 2932 2511 2983 καὶ
2532 2932 2691 3001 ἀφεὶς
2712 2934 2874 2986 αὑτὸν
2898 2934 2989 2986 ἐπὶ
3018 2934 3173 3004 25ι
3196 2935 3295 3006 τὴν
3318 2935 3489 3007 θύραν
3516 2935 3797 2997 κλαίοντα,

2228 3018 2541 3091 ἀνεχώρησε
2570 3022 2810 3093 μακράν.
2854 3025 3187 3095 παρακύψας
3214 3022 3307 3077 οὖν
3336 3027 3364 3077 6
3389 3026 3567 3097 γέρων
3602 3022 3710 3077 εἶδε
3738 3024 3800 3076 τὸ

2230 3112 2440 3164 παιδίον
2484 3113 2549 3179 ὀ,
2588 3114 2681 3166 καὶ
2717 3113 2863 3182 λέγει
2893 3115 3072 3186 αύτῷ·
3099 3116 3184 3179 τίς
3209 3117 3407 3187 ἤνεγκέ
3440 3134 3499 3169 σε
3530 3110 3669 3181 ὧόε;
3704 3118 3799 3169 καὶ

2231 3200 2413 3270 λέγει·
2456 3205 2484 3256 6
2530 3204 2713 3275 πατήρ
2746 3222 2846 3275 μου
2885 3206 3075 3279 ἔρριψέ
3128 3224 3196 3277 με
3248 3201 3369 3273 ὧδε,
3418 3209 3514 3261 καὶ
3558 3207 3795 3277 ἀπῆλθε.

2230 3293 2379 3362 λέγει
2410 3295 2558 3367 αὑτῷ
2589 3299 2617 3349 6
2657 3297 2864 3369 γέρων
2896 3300 3131 3363 ἀναστὰς
3180 3300 3454 3355 κατάλαϐε
3484 3301 3665 3354 αὑτόν.
3704 3301 3799 3352 καὶ

2232 3387 2433 3451 εὑΟέως
2482 3390 2707 3457 ὑγιάνας
2738 3392 2957 3463 ἀνέστη,
3007 3394 3100 3446 καὶ
3132 3393 3398 3447 κατέλαϐε
3444 3392 3538 3447 τὸν
3584 3392 3801 3463 πατέρα

2231 3479 2396 3532 αὑτοῦ
2419 3498 2432 3510 ·
2478 3482 2573 3534 καὶ
2607 3482 2777 3545 οὑτως
2807 3484 3045 3553 ἀπῆλθον
3076 3486 3156 3548 είς
3187 3485 3276 3538 τὸν
3303 3481 3450 3539 οἷκον
3480 3484 3660 3537 αὑτῶν
3692 3484 3796 3554 (d).

2304 3572 2391 3625 16.
2439 3572 2497 3625 'O
2526 3574 2697 3638 άϐϐᾶς
2730 3576 3009 3648 Μακάριος
3037 3578 3064 3629 6
3100 3577 3271 3646 μέγας
3316 3576 3466 3645 ἔλεγε
3497 3579 3613 3640 τοῖς
3641 3576 3797 3629 ἀδελ-

2233 3668 2352 3733 φοῖς
2382 3668 2439 3719 ὲν
2469 3671 2533 3738 τῇ
2566 3670 2783 3741 Σκήτει,
2829 3670 2905 3734 ὡς
2949 3670 3149 3724 ἀπέλυε
3179 3670 3279 3742 τὴν
3312 3670 3641 3740 ἐκκλησίαν·
3669 3668 3799 3739 φεύ-

2232 3772 2379 3823 γετε,
2411 3758 2653 3827 ἀδελφοί.
2684 3761 2780 3812 καὶ
2818 3756 2968 3814 εἶπεν
3016 3761 3162 3832 αὑτῷ
3209 3780 3290 3826 τις
3335 3762 3443 3814 τῶν
3487 3761 3794 3830 γερόντων·

2233 3849 2338 3903 ποῦ
2369 3850 2563 3920 ἔχομεν
2613 3856 2805 3921 φυγεῖν
2830 3854 2994 3905 πλέον
3027 3853 3127 3924 τῆς
3168 3856 3375 3925 ἐρήμου
3414 3852 3653 3923 ταύτης;
3686 3854 3716 3905 6
3742 3854 3795 3906 δὲ

2233 3941 2399 3995 ἐτίθει
2425 3943 2517 3997 τὸν
2544 3934 2805 3997 δάκτυλον
2826 3944 2991 3998 αὑτοῦ
3015 3948 3095 4009 είς
3122 3946 3184 3999 τὸ
3212 3946 3383 4017 στόμα
3402 3945 3580 4013 λέγων
3601 3962 3615 3974 ⁸
3642 3944 3795 3997 τοῦτο

2234 4033 2486 4103 φεύγετε.
2534 4035 2628 4088 καὶ
2675 4037 2958 4107 εἰσήρχετο
2985 4039 3064 4100 εἰς
3104 4038 3164 4090 τὸ
3198 4038 3405 4090 κελλίον
3451 4035 3649 4090 ἐαυτοῦ
3706 4037 3795 4089 καὶ

2232 4124 2408 4177 έκλειε
2440 4126 2537 4195 τὴν
2568 4125 2734 4196 θύραν
2764 4129 2856 4181 καὶ
2885 4128 3121 4197 ἐκάθητο
3142 4127 3232 4199 (e).

2266 4216 2389 4270 -17.
2442 4212 2609 4270 Εἶπεν
2655 4220 2683 4271 6
2725 4219 2885 4282 αὐτὸς
2934 4219 3109 4282 ἀϐϐἄς
3164 4219 3476 4287 Μακάριος’
3542 4218 3637 4271 ἐάν
3692 4233 3791 4268 τινι

2233 4309 2504 4379 ἐπιτιμῶν
2535 4312 2616 4373 εἰς
2658 4311 2826 4381 ὀργὴν
2859 4310 3105 4382 κινηθῇς,
3138 4310 3270 4363 [διον
3311 4309 3481 4373 πάθος
3530 4310 3787 4381 πληροῖς·

2234 4403 2296 4455 οὑ
2323 4402 2431 4473 γὰρ
2457 4402 2544 4456 ἵνα
2571 4403 2761 4466 ἄλλους
2792 4403 2988 4477 σώσῃς,
3013 4403 3234 4458 σεαυτὸν
3255 4402 3540 4465 ἀπολέσεις
3567 4402 3651 4473 (Ι).

2308 4579 2393 4633 18.
2439 4579 2496 4633 Ὀ
2525 4579 2687 4642 αὑτὸς
2732 4580 2903 4643 άϐϐᾶς
2948 4578 3248 4651 Μακάριος,
3294 4582 3351 4631 ἐν
3394 4575 3656 4645 Αἰγύπτῳ
3698 4574 3788 4635 ὧν,

2234 4665 2294 4723 εἷ)
2304 4688 2392 4742 ρεν
2407 4671 2691 4742 ἄνθρωπον
2709 4673 2867 4742 252
2882 4673 3069 4743 ἔχοντα
3093 4675 3285 4742 κτῆνος
3303 4672 3395 4724 καὶ
3414 4668 3677 4722 συλοῦντα
3699 4666 3790 4727 τὰς

2234 4764 2422 4834 χρείας
2456 4762 2619 4815 αὑτοῦ
2643 4778 2654 4791 °
2685 4765 2777 4817 καὶ
2807 4764 2970 4827 αὑτὸς
2998 4765 3072 4827 ὡς
3104 4763 3252 4830 ξένος
3282 4761 3568 4832 παραστὰς
3594 4759 3667 4830 τῷ
3698 4775 3790 4810 συ-

2232 4852 2436 4915 λοῦντι,
2480 4852 2776 4922 συνεγέμου
2806 4853 2864 4906 τὸ
2894 4854 3105 4924 κτῆνος,
3137 4854 3228 4906 καὶ
3261 4851 3398 4923 μετὰ
3423 4851 3627 4920 πολλῆς
3667 4850 3792 4917 ἠσυ-

2235 4945 2357 5016 χίας
2390 4945 2743 5015 προέπεμπεν
2777 4946 2938 4998 αὑτὸν
2965 4944 3157 5014 λέγων,
3189 4946 3270 4998 ὅτι
3305 4942 3489 4999 οὐδὲν
3528 4938 3793 5009 siam-(Er-

2231 5055 2421 5106 καμεν
2450 5039 2536 5103 εἰς
2573 5036 2679 5090 τὸν
2707 5038 2969 5107 κόσμον,
3017 5036 3211 5107 δῆλον
3246 5036 3335 5089 ὅτι
3372 5034 3515 5090 οὐδὲ
3565 5034 3791 5100 ἐξενεγ-

1825 5147 2079 5204 VARIAE
2110 5149 2515 5208 LECTIONES.

635 5270 677 5303 ¹⁸
714 5269 798 5326 ΑΙ.
832 5275 935 5326 τοῦ
960 5275 1248 5344 μεγάλου.
1326 5279 1368 5311 ¹⁹
1407 5278 1492 5333 Al.
1531 5280 1751 5339 οὐκέτι.
1827 5285 1872 5316 ¹⁰
1910 5287 1995 5342 Al.
2030 5289 2152 5344 add.
2186 5292 2273 5344 ὅτι
2319 5290 2577 5342 ἔκλαιεν.

2074 5419 2251 5476 ΝΟΤΑ
2262 5422 2322 5477 Ε.

637 5547 712 5621 (α)
752 5548 845 5621 et.
871 5549 980 5605 vv.
1009 5552 1113 5607 PP.
1146 5555 1328 5612 Rosw.
1361 5557 1457 5611 lib.
1491 5556 1535 5610 v
1566 5561 1731 5614 libell.
1786 5562 1838 5621 5,
1872 5560 1925 5615 8.

640 5620 715 5695 to)
751 5617 868 5695 Π.
904 5621 1007 5695 [’1].
1051 5623 1232 5681 Rosw.
1277 5629 1371 5682 lib.
1406 5626 1447 5681 v
1489 5631 1654 5685 libell.
1700 5632 1750 5695 7,
1790 5617 1872 5683 ιο.

572 5688 712 5815 ηπ.)
738 5687 1008 5821 ἐνάτη).
1046 5696 1228 5752 nosw.
1267 5698 1361 5751 lib.
1397 5698 1457 5751 ιιι
1494 5716 1615 5770 cap.
1655 5687 1791 5767 9.13;
1827 5703 1920 5756 lib.
1956 5702 2132 5767 vtu-

651 5829 728 5899 (α)
770 5830 853 5886 Cf.
887 5831 998 5888 νγ.
1025 5833 1127 5891 PP.
1168 5837 1346 5895 Rosw.
1377 5841 1470 5897 lib.
1522 5839 1588 5896 Vl
1614 5842 1776 5899 libell.
1813 5842 1867 5907 ‘2,
1903 5842 1949 5899 7.
1978 5842 2121 5901 idem

2236 5566 2515 5621 Besarioni
2551 5562 2955 5619 tribuituribid.
2988 5563 3083 5618 lib.
3116 5560 3182 5616 Ill
3214 5576 3332 5631 cap.
3368 5560 3489 5615 122.

2304 5638 2373 5703 (ο)
2413 5636 2496 5691 Cf.
2523 5634 2791 5706 iYYaPP.
2819 5634 3012 5706 iliosw.
3056 5635 3149 5689 lib.
3179 5633 3242 5706 _Y_
3269 5627 3436 5687 libell.
3475 5627 3635 5706 4:273

2232 5688 2379 5832 libita}!
2520 5688 2776 5833 ξέξιδι).
2814 5688 3007 5761 ιιοέπέ
3040 5688 3134 5761 lib.
3176 5702 3265 5767 ιιι,
3302 5716 3423 5773 cap.
3477 5688 3578 5767 87;
3607 5694 3691 5754 lib.
3726 5688 3785 5749 ν
