3950 6578
603 319 706 376 251

1417 318 1518 376 SS.
1561 317 2024 376 MACARIORUM
2063 319 2389 379 AEGYPTII
2427 323 2515 379 ET
2553 323 3021 382 ALEXANDRINI
3696 347 3774 408 233

601 442 712 496 cuti
743 441 906 496 sunt?
937 439 1030 496 llle
1065 459 1078 494 :
1117 439 1442 496 Nihil.’l‘um
1474 457 1644 498 senex
1674 460 1687 495 :
1712 441 1937 507 lterum,
1967 442 2163 512 inquit,

2277 445 2430 516 255
2471 447 2500 498 6
2553 445 2610 499 δὲ
2645 445 2782 518 ἔφη’
2816 446 2956 517 οὐχί.
2988 445 3136 516 λέγει
3168 444 3317 518 αὐτῷ
3347 449 3376 502 6
3409 447 3602 522 γέρων·
3642 457 3778 533 cum

602 531 954 603 proficiscere
983 548 1132 596 cras.
1174 549 1380 604 eosque
1426 534 1681 590 laudibus
1728 533 1879 589 effer.
1934 531 2176 604 Pergens

601 619 787 690 itaque
829 620 1000 676 frater
1050 622 1384 677 collaudavit
1429 638 1544 688 eos,
1591 639 1839 678 vocans:
1905 623 2173 694 Apostoli,

600 713 803 775 sancti,
826 712 990 782 justi.
1012 711 1151 768 Tum
1185 714 1322 768 adiit
1345 729 1532 769 senem
1563 714 1810 785 dixitque
1847 733 1860 768 :
1901 714 2170 771 Laudavi.

600 799 705 866 Qui
735 818 748 854 :
785 801 1027 866 Nihilne,
1079 802 1280 871 inquit,
1324 803 1423 857 tibi
1458 804 1898 874 responderunt?
1933 803 2169 861 Frater:

603 893 772 948 Nihil.
825 893 980 950 Tunc
1015 910 1180 950 senex
1221 895 1339 949 iniit
1368 914 1382 950 :
1414 893 1592 960 Nosti,
1638 897 1858 967 quantis
1895 915 1992 954 eos
2039 915 2174 954 con-

601 986 842 1040 tumeliis
874 985 1144 1050 affeceris,
1163 1001 1264 1041 nec
1294 987 1591 1058 quidquam
1615 989 2016 1060 responderunt
2041 991 2171 1060 tibi;

600 1087 654 1132 ct
689 1077 909 1146 quantis
934 1078 1155 1132 eosdem
1179 1078 1436 1133 laudibus
1465 1082 1776 1145 ornaveris,
1821 1083 2069 1153 nihilque
2101 1081 2171 1137 ad

599 1177 653 1222 te
680 1169 951 1238 prolocuti
987 1179 1140 1225 sunt.
1181 1171 1258 1224 Ita
1291 1179 1345 1225 et
1377 1179 1454 1234 tu,
1491 1171 1536 1224 si
1560 1171 1762 1227 salvari
1807 1173 1987 1244 cupis,
2027 1188 2175 1228 mor-

599 1270 728 1315 tuus
782 1262 903 1324 fias,
956 1277 1057 1317 nec
1095 1263 1329 1332 injurias
1363 1263 1668 1328 hominum,
1719 1279 1822 1319 nec
1858 1265 2050 1321 laudes
2087 1281 2178 1321 eo-

597 1369 720 1406 rum
745 1355 976 1424 cogites,
1012 1355 1188 1411 instar
1231 1369 1576 1410 mortuorum
1615 1374 1630 1412 :
1662 1355 1743 1412 sic
1776 1358 1922 1412 enim
1967 1359 2173 1429 poteris

600 1446 788 1499 salvus
821 1447 958 1502 fieri.

667 1536 758 1588 2L
801 1535 1165 1592 Proliciscens
1202 1535 1498 1606 aliquando
1533 1536 1808 1592 Macarius
1843 1537 2010 1592 abbas
2040 1552 2167 1592 cum

602 1625 859 1684 fratribus
890 1637 990 1692 per
1012 1625 1309 1698 Aegyptum
1343 1643 1570 1696 puerum
1600 1628 1811 1682 audivit
1844 1629 2006 1681 matri
2041 1642 2174 1683 suae

601 1717 677 1770 ita
713 1718 1026 1787 loquentem
1061 1737 1075 1772 :
1103 1718 1298 1782 Mater,
1331 1717 1485 1774 dives
1515 1719 1739 1788 quidam
1774 1718 1954 1790 diligit
1982 1735 2091 1784 me,
2118 1729 2174 1776 et

2283 538 2444 589 πάλιν
2492 535 2702 609 αὔριον,
2744 538 2839 592 καὶ
2879 537 3101 605 δόξασον
3142 539 3359 603 αὐτούς.
3405 542 3630 600 ἀπελθὼν
3667 549 3778 612 οὖνὸ

2279 627 2509 697 ἀδελφὸς
2540 626 2790 693 ἐδόξασεν
2842 629 3038 692 αὐτοὺς
3083 627 3257 696 λέγων
3281 644 3295 660 ο
3327 629 3616 699 ἀπόστολοι,
3655 640 3780 707 ἅγιοι,

2280 723 2378 777 καὶ
2415 724 2645 778 δίκαιον
2669 725 2764 778 καὶ
2791 720 2922 796 ἦλθε
2972 723 3106 794 πρὸς
3149 723 3241 777 τὸν
3287 722 3531 793 γέροντα,
3563 729 3643 779 καὶ
3668 727 3781 787 εἶπεν

2279 813 2428 885 αύτῷ
2448 831 2462 847 ο
2497 815 2742 882 ἐδόξασα.
2767 817 2862 870 καὶ
2886 814 3033 884 λέγει
3063 813 3213 885 αύτῷ
3232 833 3246 846 ο
3270 814 3422 868 οὐδέν
3445 831 3521 867 σοι
3542 817 3784 893 ἀπεκρίθη-

2281 925 2412 972 σαν;
2437 906 2540 977 ἔφη
2563 909 2591 960 6
2617 906 2841 976 ἀδελφός
2859 923 2871 936 ·
2907 906 3046 976 οὐχί.
3077 906 3225 974 λέγει
3253 905 3402 976 αὐτῷ
3422 909 3450 960 6
3469 907 3653 978 γέρων’
3677 907 3785 978 οἶδας

2281 999 2424 1054 πόσα
2457 998 2730 1070 ἠτίμασας
2756 998 2973 1062 αύτούς,
3009 999 3104 1052 καὶ
3135 998 3288 1051 οὐδὲν
3325 998 3691 1068 ἀπεκρίθησαν,
3718 1007 3785 1057 καὶ

2282 1089 2424 1142 πόσα
2454 1088 2711 1153 ἐδόξασας
2749 1088 2968 1156 αύτούς,
3003 1087 3097 1142 καὶ
3128 1087 3279 1142 οὐδέν
3314 1104 3397 1140 σοι
3429 1086 3688 1159 ἐλάλησαν.
3722 1093 3788 1146 οὗ·

2278 1196 2386 1242 τως
2412 1180 2505 1232 καὶ
2535 1182 2624 1244 σύ,
2653 1180 2748 1233 ἐὰν
2774 1180 2931 1251 θέλῃς
2975 1179 3232 1250 σωθῆναι,
3261 1177 3414 1247 γενοῦ
3459 1182 3657 1249 νεκρὸς·
3685 1184 3786 1254 μήτε

2281 1271 2378 1338 τὴν
2410 1269 2624 1322 ἀδικίαν
2657 1269 2766 1323 τῶν
2801 1269 3123 1341 ἀνθρώπων,
3174 1270 3310 1340 μήτε
3350 1267 3450 1338 τὴν
3477 1265 3621 1331 δόξαν
3653 1271 3791 1326 αὐτῶν

2278 1359 2488 1430 λογίσῃ,
2517 1361 2591 1423 ὡς
2619 1362 2668 1413 οἱ
2695 1361 2914 1432 νεκροί·
2945 1361 3038 1414 καὶ
3062 1360 3288 1414 δύνασαι
3320 1358 3556 1428 σωθῆναι
3584 1361 3670 1430 (a).

2347 1537 2437 1591 ει.
2484 1536 2898 1608 Παρερχόμενός
2940 1553 3069 1588 ποτε
3101 1537 3129 1589 6
3161 1535 3335 1598 assa;
3383 1534 3653 1605 Μακάριος
3689 1542 3791 1608 μετὰ

2279 1627 2520 1696 ἀδελφῶν
2562 1627 2649 1680 διὰ
2687 1627 2786 1696 τῆς
2809 1626 3106 1696 Αἰγύπτου,
3136 1627 3333 1698 ἤκουσε
3361 1625 3569 1678 παιδίου
3595 1627 3793 1696 λέγοντος

2277 1723 2343 1792 τῇ
2374 1721 2541 1792 μητρὶ
2573 1719 2737 1772 αὐτοῦ
2759 1736 2773 1749 ·
2805 1721 2988 1790 ἀμμᾶ,
3021 1719 3273 1781 πλούσιός
3295 1736 3376 1781 τις
3412 1720 3599 1789 ἀγαπᾷ
3627 1738 3701 1790 με,
3724 1724 3794 1775 καὶ

598 1809 689 1863 odi
714 1825 869 1878 eum;
901 1826 1107 1880 pauper
1140 1826 1269 1866 vero
1301 1810 1417 1865 odit
1447 1827 1553 1875 me,
1597 1819 1652 1866 et
1675 1811 1846 1882 diligo
1875 1827 2021 1866 eum.
2050 1811 2168 1878 Quo

2283 1812 2426 1883 μισῶ
2451 1812 2642 1864 αὐτόν’
2675 1813 2767 1865 καὶ
2786 1812 3000 1882 πτωχὸς
3035 1813 3180 1882 μισεῖ
3204 1828 3292 1881 με,
3317 1810 3408 1863 καλ⁸
3440 1811 3632 1878 ἀγαπῶ
3653 1812 3793 1866 αὐτόν.

598 1900 787 1955 audito
811 1917 1062 1958 sermone
1084 1902 1352 1957 Macarius
1369 1903 1540 1959 abbas
1573 1903 1880 1958 admiratus
1899 1911 2002 1959 est.
2029 1903 2170 1959 Tum

596 1984 800 2050 fratres
834 2013 847 2050 :
886 1995 1052 2060 Quid,
1084 1996 1364 2066 inquiunt,
1403 1996 1509 2049 hoc
1531 1995 1685 2050 verbi
1701 2003 2002 2066 est,pater,
2024 1995 2172 2066 quod

600 2085 926 2140 admireris?
961 2084 1138 2140 Senex
1174 2084 1456 2155 respondit
1487 2103 1500 2139 :
1528 2083 1736 2140 Revera
1777 2084 2042 2140 Dominus
2074 2100 2173 2138 no-

600 2188 713 2232 ster
739 2175 892 2231 dives
921 2183 1027 2240 est,
1050 2183 1103 2229 et
1137 2174 1315 2246 diligit
1355 2191 1480 2239 nos,
1535 2176 1640 2245 ipsi
1689 2183 1871 2230 autem
1911 2177 2171 2233 nolumus

598 2271 648 2324 ei
691 2269 1105 2339 obtemperare;
1165 2268 1424 2323 inimicus
1463 2276 1655 2322 contra
1696 2276 1885 2324 noster
1921 2269 2171 2325 diabolus

599 2376 809 2432 pauper
851 2369 956 2425 est,
979 2361 1204 2432 oditque
1235 2376 1358 2425 nos,
1383 2369 1438 2416 et
1468 2375 1570 2415 nos
1612 2361 1893 2433 diligimus
1933 2361 2171 2432 impuri-

601 2467 765 2511 tatetn
795 2456 937 2524 ejus.

674 2551 765 2605 25.
808 2548 1034 2620 Rogans
1059 2548 1300 2604 Poemen
1343 2548 1511 2604 abbas
1539 2547 1773 2604 eundem
1817 2546 2007 2601 multis
2044 2559 2169 2600 cum

600 2642 850 2697 lacrimis
885 2659 897 2695 :
939 2641 1036 2696 Dic
1069 2641 1223 2704 tnihi,
1260 2641 1460 2710 inquit,
1508 2640 1784 2711 quomodo
1821 2639 2022 2694 salver.
2069 2636 2168 2690 Cui

599 2748 765 2788 senex
796 2733 1081 2804 respondit
1113 2752 1124 2787 :
1153 2731 1328 2798 Quam
1368 2733 1590 2803 quaeris
1634 2746 1775 2800 rem,
1803 2731 1910 2786 iam
1936 2729 2169 2785 recessit

597 2839 629 2878 a
652 2825 956 2881 monachis.

668 2917 760 2972 26.
805 2917 1078 2973 Macarius
1120 2917 1292 2972 abbas
1337 2915 1638 2987 aliquando
1681 2917 1815 2974 adiit
1870 2919 2166 2974 Antonium

596 3011 870 3066 abbatem.
897 3011 1145 3077 Quocum
1176 3010 1518 3076 collocutus,
1565 3025 1690 3066 cum
1730 3012 1786 3066 in
1826 3010 2030 3068 Soetim
2077 3027 2167 3068 re-

597 3115 924 3173 verteretur,
951 3104 1217 3159 fratribus
1246 3103 1462 3158 obviam
1498 3104 1847 3159 venientibus
1877 3105 2020 3160 inter
2049 3120 2169 3160 ser-

597 3197 987 3251 mocinandum
1028 3212 1042 3249 :
1080 3194 1340 3256 Antonio,
1401 3195 1605 3264 inquit,
1655 3196 1840 3251 abbati
1883 3197 2018 3264 dixi,
2066 3213 2169 3253 nos

597 3303 708 3342 non
748 3287 952 3341 habere
980 3285 1034 3339 in
1063 3285 1185 3340 loco
1219 3291 1411 3339 nostro
1439 3285 1796 3340 oblationem.
1835 3283 1942 3341 Sed
1987 3293 2170 3352 patres

596 3379 726 3432 aliis
759 3377 828 3431 de
875 3376 1038 3431 rebus
1087 3374 1362 3430 disserere
1402 3382 1722 3444 coeperunt,
1770 3391 1872 3432 nec
1920 3377 2173 3448 quaesie-

597 3478 728 3524 runt
757 3468 990 3538 amplius
1025 3466 1240 3523 discere
1273 3483 1600 3538 responsum
1637 3469 1810 3533 senis,
1834 3485 2014 3540 neque
2054 3471 2172 3540 ipse

596 3560 914 3629 prolocutus
966 3565 1071 3612 est.
1130 3557 1244 3613 Hoc
1298 3558 1468 3628 igitur
1512 3559 1736 3628 quidam
1787 3575 1852 3614 ex
1920 3560 2169 3628 patribus

595 3652 734 3705 dixit
770 3670 782 3704 :
824 3650 880 3705 Si
915 3650 1153 3704 viderint
1184 3659 1439 3720 patres,e
1470 3650 1703 3704 fratrum
1728 3651 1992 3706 memoria
2012 3652 2165 3706 exci-

595 3745 747 3808 dere,
804 3751 865 3798 ut
910 3744 976 3798 de
1022 3758 1082 3797 re
1147 3743 1215 3796 iis
1265 3743 1383 3796 utili
1426 3742 1788 3811 interrogent,
1834 3742 2063 3813 adigunt
2111 3758 2169 3799 se

595 3840 768 3907 ipsos,
807 3844 867 3890 ut
895 3837 1228 3908 principium
1264 3836 1537 3891 sermonis
1569 3834 1887 3906 proferant;
1931 3836 2078 3906 quod
2121 3836 2167 3892 si

593 3946 722 3985 vero
742 3945 773 3984 a
807 3929 1066 3984 fratribus
1086 3944 1194 3984 non
1230 3929 1536 4000 adigantur,
1562 3944 1876 3984 sermonem
1914 3945 2026 3984 non
2044 3945 2169 3998 per-

595 4031 924 4092 sequuntur,
957 4030 1017 4076 ut
1051 4038 1124 4078 ne
1147 4021 1628 4092 deprehendantur
1660 4022 1826 4077 locuti
1855 4037 1964 4078 non
1999 4023 2168 4077 inter-

596 4115 793 4187 rogati,
840 4114 1204 4185 videaturque
1236 4115 1453 4186 loquela
1491 4116 1668 4170 otiosa
1704 4130 1848 4170 esse.

659 4313 752 4368 27.
799 4311 987 4366 Esaias
1032 4313 1202 4368 abbas
1253 4312 1601 4383 interrogans
1651 4311 1949 4368 Macarium
1997 4311 2166 4365 abba--

594 4415 702 4460 tein
737 4423 751 4460 :
783 4404 976 4459 Profer
1022 4405 1177 4470 mihi,
1224 4404 1428 4474 inquit,
1466 4407 1813 4460 sententiam.
1857 4404 1957 4459 Cui
1996 4419 2163 4458 senex

593 4495 878 4564 respondit
927 4513 940 4548 :

592 4593 696 4652 est,
732 4585 929 4655 inquit,
957 4584 1145 4656 fugere
1174 4585 1461 4643 homines?
1491 4585 1795 4656 Respondit
1818 4602 1984 4642 senex
2017 4605 2032 4641 :
2059 4583 2160 4642 Se-

591 4677 719 4732 dere
746 4679 799 4731 in
831 4678 966 4732 cella
995 4686 1086 4732 tua
1129 4686 1186 4733 et
1213 4679 1412 4735 deflere
1449 4687 1674 4749 peccata
1709 4688 1824 4733 tua.

661 4787 751 4843 28.
789 4787 1130 4859 Paphnutius
1157 4792 1347 4856 abbas,
1385 4791 1607 4847 Macarii
1657 4792 1873 4847 abbatis
1916 4791 2162 4862 discipu-

590 4881 698 4942 lus,
723 4881 827 4934 boc
848 4882 1069 4936 retulit:
1093 4881 1298 4954 Rogavi
1320 4919 1336 4943 .
1370 4885 1571 4956 inquit,
1610 4891 1821 4954 patrem
1863 4899 2064 4946 meum,
2100 4891 2160 4938 ut

590 4971 723 5025 mihi
747 4971 955 5028 diceret
991 4975 1241 5030 verbum.
1275 4975 1327 5032 Is
1357 4985 1539 5032 autem
1568 4996 1582 5032 :
1609 4975 1916 5037 Neminem,
1955 4975 2158 5046 inquit,

589 5063 838 5127 laeseris,
873 5079 976 5119 nec
1008 5080 1338 5136 quemquam
1369 5067 1851 5123 eondemnaveris.
1887 5065 2034 5123 llaec
2054 5066 2158 5121 ob-

589 5170 746 5208 serva
784 5164 838 5210 et
879 5157 1202 5213 salvaberis.

659 5246 750 5300 29.
790 5246 1059 5302 Macarius
1087 5249 1260 5306 abbas
1290 5250 1466 5304 dixit:
1498 5249 1619 5305 Noli
1659 5249 1899 5305 dormire
1926 5250 1984 5304 in
2016 5249 2152 5305 cella

591 5336 796 5402 fratris,
826 5356 988 5396 ouem
1023 5342 1166 5397 mala
1207 5341 1352 5397 fama
1388 5343 1565 5414 petiit.

2279 1905 2372 1958 καὶ
2399 1903 2638 1966 ἀκούσας
2657 1905 2685 1957 6
2709 1903 2883 1967 ἀ66ᾶς
2904 1903 3190 1971 Μακάριος
3216 1901 3514 1970 ἐθαύμασε.
3541 1902 3627 1955 καὶ
3655 1901 3796 1969 λέγον-

2281 2015 2364 2050 σιν
2397 1997 2544 2068 αύτῷ
2571 1998 2621 2049 οἰ
2653 1995 2904 2064 ἀδελφοί·
2937 1996 2989 2048 τί
3020 1996 3136 2048 ἐστι
3166 1994 3225 2047 τὸ
3264 1994 3415 2065 ῥῆμα
3440 1993 3613 2058 τοῦτο,
3640 1996 3797 2066 πάτερ,

2277 2090 2358 2144 ὅτι
2414 2088 2763 2160 ὲθαύμασας;
2798 2087 2959 2157 256
3005 2087 3098 2140 καὶ
3140 2086 3288 2154 λέγει
3333 2086 3519 2148 αὐτοῖς
3558 2085 3586 2137 6
3629 2086 3795 2156 γέρων·

2277 2180 2492 2252 ἀληθῶς
2525 2183 2553 2234 6
2604 2179 2790 2249 κύριος
2839 2179 2996 2250 ἡμῶν
3048 2178 3301 2241 πλούσιός
3341 2179 3459 2230 ἐστι
3509 2177 3602 2230 καὶ
3651 2178 3800 2247 ἀγαπᾷ

2278 2274 2444 2346 ἡμᾶς,
2485 2273 2580 2326 καὶ
2607 2273 2666 2325 οὐ
2717 2271 2942 2342 θέλομεν
2974 2270 3138 2324 αὐτοῦ
3179 2268 3447 2323 ἀκοῦσαν
3483 2268 3513 2320 6
3556 2267 3609 2320 δὲ
3651 2268 3801 2338 ἐχθρὸς

2275 2364 2432 2436 ἡμῶν
2455 2364 2695 2428 διάϐολος
2723 2362 2934 2433 πτωχός
2962 2364 3080 2414 ἐστι
3110 2362 3205 2414 καὶ
3231 2362 3379 2431 μισεῖ
3401 2361 3570 2431 ἡμᾶς,
3593 2361 3676 2412 καὶ
3695 2360 3799 2427 ἀγα-

2278 2457 2466 2526 πῶμεν
2499 2454 2660 2508 αὑτοῦ
2693 2455 2791 2525 τὴν
2817 2452 3176 2524 ἀκαθαρσίαν.

2345 2548 2436 2604 25.
2489 2548 2867 2620 Παρεκάλεσεν
2913 2549 2941 2600 6
2996 2546 3170 2608 ἀ66ἇς
3218 2543 3429 2616 Ποιμὴν
3488 2543 3645 2598 αὑτὸν
3695 2542 3802 2613 μετὰ

2277 2641 2488 2694 πολλῶν
2521 2639 2770 2713 δακρύων
2794 2639 2968 2708 λέγων
2989 2656 3003 2669 ·
3049 2637 3169 2690 εἰπέ
3213 2654 3302 2708 μοι
3335 2637 3491 2707 ῥῆμα
3523 2635 3634 2695 πῶς
3665 2635 3802 2687 σωθῶ.

2275 2726 2596 2797 ἀποκριθεὶς
2637 2725 2694 2777 δὲ
2724 2727 2752 2778 6
2795 2724 2973 2794 γέρων
3007 2717 3160 2775 εἶπεν
3209 2721 3394 2791 αὐτῷ·
3449 2721 3512 2773 τὸ
3565 2720 3799 2790 πρᾶγμαό

2277 2817 2478 2890 ζητεῖς,
2514 2817 2722 2888 ἀπῆλθε
2753 2816 2848 2871 νῦν
2878 2815 2987 2869 ἀπὸ
3018 2815 3126 2868 τῶν
3152 2811 3421 2884 μοναχῶν.

2345 2909 2434 2964 26.
2480 2907 2766 2980 Παρέϐαλέ
2817 2924 2948 2959 ποτε
2985 2908 3014 2960 ὀ
3061 2905 3235 2968 ἀϐϐἆς
3263 2903 3557 2973 Μακάριος
3581 2899 3656 2970 τῷ
3694 2898 3804 2967 ἀόθᾷ

2287 2999 2586 3070 Ἀντωνίῳο
2624 3000 2719 3052 καὶ
2745 2998 2983 3068 λαλήσας
3011 2995 3160 3066 αὐτῷ
3217 2993 3566 3066 ὑπέστρεψεν
3598 2994 3673 3055 εἰς
3696 2990 3805 3058 Σκῆ-

2273 3109 2358 3146 τιν
2378 3107 2393 3122 °
2436 3091 2529 3144 καὶ
2560 3085 2722 3162 ἦλθον
2761 3089 2810 3142 οἱ
2835 3087 3068 3160 πατέρες
3090 3089 3174 3152 είς
3200 3087 3514 3156 ἀπάντησιν
3535 3083 3690 3138 αὐτοῦ
3707 3101 3718 3114 ·
3737 3083 3805 3134 καὶ

2196 3162 2239 3221 C
2271 3184 2348 3247 ὡς
2392 3183 2634 3246 ἐλάλουν,
2685 3178 2834 3234 εἶπεν
2863 3180 3048 3243 αὐτοῖς
3098 3179 3127 3231 6
3173 3177 3568 3250 yépmv'étpqv
3603 3175 3676 3246 τῷ
3700 3173 3808 3243 ἁὸδᾷ

2283 3274 2571 3345 Ἀντωνίῳ,
2626 3273 2701 3336 ὡς
2733 3273 2834 3325 οὐκ
2871 3271 3064 3342 ἔχομεν
3111 3267 3429 3341 προσφορὰν
3479 3269 3539 3322 ὲν
3588 3266 3661 3337 τῷ
3695 3266 3808 3333 τόπῳ

2271 3367 2452 3438 ἡμῶν.
2489 3366 2583 3419 καὶ
2626 3364 2860 3438 ἤρξαντο
2893 3365 2942 3416 οἱ
2981 3361 3215 3434 πατέρες
3245 3360 3424 3413 λαλεῖν
3474 3360 3606 3430 περὶ
3654 3357 3808 3416 ἀλλων.

2271 3461 2366 3514 καὶ
2397 3461 2498 3512 οὐκ
2541 3457 2832 3530 ἠρώτησαν
2865 3455 2944 3509 ἔτι
2979 3455 3170 3526 μαθεῖν
3215 3454 3315 3524 τὴν
3355 3452 3652 3523 ἀπόκρισιν
3694 3449 3809 3517 παρὰ

2268 3551 2364 3605 τοῦ
2413 3552 2688 3622 γέροντος,
2722 3547 2846 3601 οῦτε
2878 3549 2907 3600 6
2949 3547 3128 3618 γέρων
3162 3547 3345 3608 αὐτοῖς
3372 3542 3524 3598 εἷπε.
3561 3543 3711 3597 τοῦτο
3743 3535 3809 3593 ὠν

2269 3643 2423 3712 ἐλεγέ
2454 3660 2538 3704 τις
2568 3642 2676 3694 τῶν
2708 3640 2979 3709 πατέρων,
3018 3639 3100 3691 ὅτι
3145 3637 3241 3690 ἐὰν
3284 3638 3473 3690 ἴδωσιν
3516 3637 3570 3688 οἱ
3619 3634 3812 3702 πατέρες

2268 3735 2350 3789 ὅτι
2383 3732 2636 3787 λανθάνει
2681 3731 2804 3793 τοὺς
2855 3728 3118 3794 ἀδελφοὺς
3153 3726 3312 3797 257
3378 3726 3445 3780 τὸ
3498 3727 3548 3761 ’⁸
3579 3723 3809 3796 ἐρωτῆσαι

2269 3826 2398 3897 περὶ
2445 3825 2769 3893 πράγματος
2817 3819 3153 3889 ὠφελοῦντος
3186 3817 3404 3881 αὐτούς,
3448 3815 3813 3884 ἀναγκάζουσιν

2269 3917 2495 3979 ἑαυτοὺς
2518 3917 2692 3968 εἰπεῖν
2727 3912 2899 3983 ἀρχὴν
2930 3911 3022 3964 τοῦ
3051 3911 3210 3979 λόγου
3233 3927 3247 3940 ο
3277 3910 3371 3962 ὲάν
3405 3909 3468 3961 δὲ
3508 3906 3588 3978 μὴ
3614 3908 3813 3970 ἀναγκα-

2271 4010 2438 4064 σθῶσι
2460 4007 2613 4079 παρά
2642 4007 2749 4060 τῶν
2772 4003 3034 4073 ἀδελφῶν,
3058 4003 3156 4057 οὐκ
3177 4003 3257 4055 ἔτι
3285 4000 3516 4054 λαλοῦσι
3543 3999 3638 4052 τὸν
3657 3997 3813 4063 λόγον’

2267 4104 2356 4157 ἵνα
2385 4101 2460 4174 μὴ
2489 4099 2788 4172 εὑρεθῶσιν
2819 4097 2894 4160 ὡς
2926 4096 2998 4167 μὴ
3033 4093 3451 4166 ἐπερωτώμενοι
3487 4091 3591 4146 καὶ
3624 4087 3810 4143 λαλοῦν-

2266 4214 2378 4261 τες,
2408 4197 2503 4250 καὶ
2530 4194 2605 4257 ὡς
2635 4191 2931 4263 ἀργολογια
2968 4188 3308 4261 εὑρίσκεται.

2335 4309 2426 4362 27.
2501 4305 2815 4377 Ἥρὼτησεν
2857 4303 2886 4355 6
2912 4299 3085 4363 ἀϐὁᾶς
3131 4297 3355 4360 Ἡσαΐας
3390 4297 3491 4350 τὸν
3532 4294 3704 4350 ἀϐὅᾶν
3729 4291 3816 4344 illa-

2268 4401 2460 4471 κάριον
2493 4398 2684 4466 λέγων·
2715 4394 2837 4448 εἰπέ
2882 4410 2971 4464 μοι
3003 4391 3174 4462 ῥῆμα.
3223 4389 3314 4443 καὶ
3338 4389 3497 4458 λέγει
3533 4387 3684 4456 αὐτῷ
3705 4382 3818 4450 ὁτέ-

993 4492 1252 4550 Homines
1308 4493 1455 4566 fuge.
1513 4494 1702 4550 Esaias
1757 4495 1926 4550 abbas
1970 4513 1983 4548 :
2021 4492 2164 4560 Quid

2277 4507 2409 4566 ρων⁶
2451 4490 2620 4561 φεῦγε
2663 4491 2786 4551 τοὺς
2833 4485 3170 4557 ἀνθρώπους.
3218 4482 3370 4551 ἔλεγε
3416 4480 3583 4550 αὑτῷ
3609 4480 3637 4531 6
3681 4476 3818 4535 6661;

2282 4583 2526 4646 Ἡσαΐας·
2555 4581 2608 4634 τί
2636 4583 2750 4632 ἐστι
2783 4578 2842 4632 τὸ
2889 4576 3109 4647 φεύγειν
3141 4576 3266 4637 τοὺς
3313 4572 3685 4645 ἀνθρώπουςς
3730 4572 3752 4622 6
3781 4567 3821 4618 ἴε

2267 4675 2442 4746 γέρων
2468 4671 2618 4725 εἶπεν
2642 4669 2788 4741 αὐτῷ
2808 4687 2820 4698 ·
2843 4668 2902 4721 τὸ
2925 4667 3145 4721 καθίσαι
3165 4667 3245 4729 εἰς
3265 4665 3325 4718 τὸ
3356 4663 3586 4718 κελλίον
3620 4679 3729 4728 σου,
3751 4657 3821 4709 καὶ

2263 4766 2494 4822 κλαῦσαι
2524 4764 2623 4828 τάς
2654 4762 2932 4834 ἁμαρτίας
2965 4777 3058 4814 σου
3089 4759 3184 4830 (b).

2331 4879 2420 4934 28.
2470 4877 2697 4945 Ἔλεγεν
2736 4877 2764 4928 6
2802 4873 2977 4936 ἀὸὅᾶς
3019 4871 3355 4941 Παιρνούτιος
3389 4871 3417 4922 6
3466 4866 3720 4939 μαθητὴς
3753 4857 3823 4911 τοῦ

2261 4970 2407 5024 assa
2450 4966 2762 5038 Μακαρίου,
2813 4967 2895 5032 ὅτι
2949 4962 3301 5034 παρεκάλεσα
3334 4960 3426 5012 τὸν
3475 4959 3697 5026 πατέρα
3726 4969 3826 5036 μω.

2261 5062 2462 5132 λέγων·
2509 5060 2631 5112 εἰπέ
2662 5075 2750 5128 μοι
2790 5057 2966 5124 λόγον.
3001 5056 3029 5107 ὁ
3057 5055 3112 5107 δὲ
3155 5054 3293 5123 ἔφη·
3342 5053 3416 5122 μὴ
3469 5046 3827 5114 κακοποιήςζρῖ

2259 5155 2404 5216 τινά,
2436 5151 2571 5224 μηδὲ
2617 5149 2952 5221 κατακρίνῃς
2977 5146 3129 5200 τινά·
3161 5145 3331 5198 ταῦτα
3359 5146 3537 5214 τήρει
3565 5143 3663 5195 καὶ
3688 5138 3827 5203 σώζῃ.

2332 5247 2421 5301 29.
2476 5239 2642 5298 Εἶπεν
2672 5245 2700 5296 6
2748 5241 2920 5304 ἀϐΰᾶς
2965 5238 3272 5310 Μακάριος·
3326 5237 3398 5307 μὴ
3441 5233 3731 5307 κοιμηθῇς
3767 5229 3830 5287 είς

2263 5338 2470 5392 κελλίον
2501 5335 2730 5406 ἀδελφοῦ
2758 5335 2969 5406 ἔχοντος
2997 5332 3173 5402 κακὴν
3201 5331 3408 5401 φήμην.

1853 5437 2106 5492 VARIAE
2142 5433 2545 5491 LECTIONES.

657 5524 702 5554 ’⁵
723 5524 807 5577 ΑΙ.
843 5526 944 5593 τῷ.

2095 5631 2351 5690 NOTAE.

655 5728 849 5804 (a)_7(‘.f.
892 5730 1222 5804 llist._l.aus.
1255 5732 1477 5802 antiqua
1507 5733 1685 5788 versio
1735 5746 1856 5804 cap.
1900 5731 1953 5785 9.
1993 5728 2087 5786 νγ

584 5797 689 5854 PP.
730 5802 910 5858 Rosw.
957 5819 1010 5860 υ.
1039 5802 1163 5864 990,
1196 5801 1252 5855 2.

2285 5726 2372 5806 (θ)
2411 5726 2496 5783 Cf.
2531 5724 2649 5782 VV.
2684 5727 2856 5808 PP.R
2881 5745 2999 5785 βπ.
3041 5729 3135 5784 ιίιι.
3174 5724 3238 5782 ΙΙΙ
3269 5741 3388 5796 cap.
3443 5723 3587 5781 189.
