3950 6546
174 327 261 383 255
1470 306 2105 366 APOPHTHEGMATA.

226 436 302 494 50.
338 430 647 502 Παρέόαλόν
696 447 827 484 ποτε
861 429 939 501 τῷ
978 429 1123 501 ἀ66ᾷ
1163 429 1438 501 Μακαρίῳ
1488 430 1708 499 ἀδελφοὶ
1737 437 1786 495 Α

171 535 236 595 εἰς
264 525 416 596 258
446 524 670 594 Σκῆτιν,
696 524 792 576 καὶ
819 524 917 592 οὐχ
947 516 1106 594 εὗρον
1134 522 1192 574 ἐν
1218 521 1295 593 τῷ
1318 522 1514 593 κελλίῳ
1544 519 1711 575 αὑτοῦ

169 621 314 682 οὐδὲν,
332 617 376 669 εἰ
402 615 476 686 μὴ
502 616 647 686 ὕδωρ
673 615 902 686 σαπρόν,
928 616 1023 669 καὶ
1044 614 1295 684 λέγουσιν
1321 614 1490 685 αὐτῷ·
1543 610 1709 679 ἀϐϐἄ,

170 714 304 783 δεῦρο
324 710 434 764 ἄνω
472 711 551 772 εἰς
576 710 673 780 τὴν
705 706 921 778 κώμην,
952 708 1047 760 καὶ
1073 707 1428 778 ἀναπαύομέν
1460 725 1541 760 σε.
1564 706 1712 774 λέγει

168 808 324 867 αὐτοῖς
346 805 374 856 6
400 804 580 873 γέρων
600 817 614 833 °
655 802 853 865 οἴδατε,
898 800 1136 870 ἀδελφοί,
1162 800 1223 853 τὸ
1253 801 1603 872 ἀρτοκοπεῖον
1620 797 1711 853 τοῦ

168 901 314 957 δεῖνος
346 895 425 956 εις
450 892 547 963 τὴν
584 891 806 962 κώμην;
830 892 923 944 καὶ
943 890 1194 958 λέγουσιν
1220 889 1367 960 αὐτῴ
1384 907 1397 919 '
1422 889 1530 943 ναί.
1567 890 1713 959 λέγει

168 989 324 1047 αὐτοῖς
348 987 375 1037 6
414 983 594 1051 γέρων
615 998 626 1010 ·
673 980 829 1050 κάγὼ
862 977 976 1033 οἶδα
1007 981 1159 1035 αὐτό.
1198 980 1373 1033 οἴδατε
1401 980 1495 1033 καὶ
1519 980 1579 1033 τὸ
1604 998 1714 1050 χω-

168 1080 266 1152 ρίον
311 1076 401 1128 τοῦ
436 1075 607 1136 δεῖνος
651 1074 786 1127 ὅπου
827 1075 855 1126 6
905 1073 1150 1144 ποταμὸς
1192 1072 1416 1144 κρούει;
1467 1072 1715 1140 λέγουσιν

167 1169 292 1240 αὐτῷ
314 1186 327 1199 ο
355 1168 464 1220 ναί.
496 1167 642 1235 λέγει
692 1167 874 1230 αὐτοῖς
896 1170 924 1220 6
963 1168 1142 1239 γέρων
1164 1184 1176 1196 ·
1210 1166 1365 1234 κάγὼ
1408 1162 1523 1218 οἶδα
1553 1164 1711 1218 αὑτό·

164 1268 238 1318 ὅτε
278 1256 366 1313 οὖν
414 1259 571 1325 θέλω,
619 1260 682 1311 οὐ
733 1259 923 1330 χρείαν
964 1260 1119 1330 ὑμῶν
1162 1257 1291 1330 ἔχω,
1340 1256 1453 1311 ἀλλ’
1494 1256 1717 1329 ἐμαυτῷ

166 1351 403 1414 ἁναϐάζω
430 1351 498 1405 ’⁸.

221 1464 301 1516 51.
336 1460 562 1528 Ἔλεγον
585 1459 830 1531 περὶτοῦ
857 1460 1001 1513 assa
1014 1460 1328 1533 Μακαρίου,
1358 1459 1442 1513 ὅτι
1476 1458 1524 1511 εἰ
1556 1474 1718 1530 προσ-

168 1560 343 1628 ἠρκετσ
379 1552 529 1623 αὐτῷ
561 1554 787 1622 ἀδελφὸς
828 1553 902 1616 ὼς
926 1554 1068 1623 ἁγίῳ
1115 1553 1329 1624 γέροντι
1375 1551 1469 1605 καὶ
1501 1550 1718 1621 μεγάλῳ

164 1647 280 1720 μετὰ
324 1645 515 1713 φόϐου,
554 1645 708 1698 οὐδὲν
738 1645 916 1702 ἐλάλει
950 1646 1120 1715 αὐτῷ.
1162 1648 1211 1697 εἰ
1252 1644 1309 1697 δὲ
1345 1644 1532 1712 ἔλεγεν
1571 1643 1719 1713 αὑτῴ

3281 310 3389 367 2‘54

1882 430 1973 485 '50.
2016 428 2098 482 Ad
2154 426 2452 483 Macarium
2499 428 2750 484 abbatem
2807 427 2863 481 in
2907 426 3069 481 Scete
3111 426 3387 495 quondam

1815 530 2167 577 accesserunt
2196 519 2419 585 fratres,
2465 535 2569 575 nec
2613 520 2913 590 quidquam
2959 520 3290 573 invenerunt
3333 520 3390 572 in

1815 614 1954 669 cella
1977 613 2096 683 ejus
2134 613 2242 667 nisi
2267 628 2463 683 aquam
2513 612 2808 682 putridam.
2854 609 3043 681 itaque
3073 611 3123 666 ei
3161 629 3175 666 :
3212 611 3388 675 Abba,

1815 707 2098 776 inquiunt,
2128 707 2364 762 ascende
2402 709 2456 761 in
2490 720 2715 776 pagum,
2740 711 2793 759 et
2815 702 3126 758 rcﬂciemus
3156 712 3225 757 te.
3254 701 3391 768 Qui-

1816 798 1922 853 bus
1956 815 2123 854 senex
2164 798 2453 870 respondit
2490 814 2505 854 :
2556 796 2765 863 Nostis,
2820 796 3043 859 fratres,
3094 795 3389 866 pistrinum

1816 889 1967 945 illius
2020 890 2262 945 hominis
2296 891 2348 944 in
2392 889 2577 961 pago?
2629 888 2828 944 Dicunt
2872 887 3126 943 :‘Etiam.
3184 885 3393 941 Deinde

1815 997 1982 1036 senex
2014 1000 2026 1036 :
2067 982 2181 1053 Ego
2210 997 2429 1053 quoque
2462 983 2608 1037 novi.
2640 981 2832 1037 Nostis
2849 988 2904 1037 et
2932 979 3219 1051 praedium
3241 979 3392 1034 illius

1815 1072 2076 1135 hominis,
2115 1074 2207 1128 ubi
2257 1073 2457 1129 fluvius
2490 1073 2662 1128 salit?
2706 1074 2875 1127 Aiunt
2914 1070 3242 1127 :Novimus.
3287 1070 3391 1125 Se-

1817 1178 1967 1218 nex:
2008 1162 2075 1216 Et
2101 1179 2225 1234 ego,
2276 1165 2478 1235 inquit,
2522 1165 2671 1219 novi.
2707 1165 2936 1231 Quando
2983 1164 3148 1233 igitur
3191 1164 3391 1233 placet,

1815 1256 1975 1311 vobis
2010 1256 2145 1311 mihi
2180 1271 2319 1327 opus
2352 1272 2461 1311 non
2488 1265 2597 1321 est,
2645 1256 2741 1311 sed
2768 1258 2888 1327 ipse
2932 1256 3067 1310 tnihi
3107 1256 3358 1325 adporto.

1888 1455 1977 1509 5|.
2020 1454 2256 1509 Aiebant
2291 1455 2358 1509 de
2385 1454 2622 1511 Macario
2653 1456 2871 1519 abbate,
2892 1455 3063 1525 quod,
3099 1456 3145 1509 si
3173 1456 3239 1509 ad
3266 1471 3390 1510 eum

1819 1548 2105 1603 accederet
2129 1547 2297 1603 frater
2317 1564 2445 1603 cum
2481 1549 2698 1612 timore,
2741 1556 3003 1618 tanquam
3035 1546 3100 1601 ad
3138 1554 3391 1601 sanctum

1821 1649 1876 1696 et
1915 1657 2171 1711 maguum
2213 1656 2422 1709 senem,
2467 1641 2606 1695 nihil
2656 1641 2705 1711 ei
2747 1640 3094 1711 loquebatur.
3147 1638 3205 1692 Si
3262 1654 3393 1693 vero

159 1759 228 1803 τις
263 1738 364 1791 τῶν
413 1737 657 1806 ἀδελφῶν
704 1738 780 1800 ὡς
806 1737 1100 1803 ὲξουθενῶν
1150 1737 1344 1789 αὐτόν·
1386 1736 1551 1800 ἁ66ἆ,
1608 1736 1716 1806 ἄρα

1824 1731 2054 1785 fratrum
2077 1732 2352 1802 quispiam
2399 1739 2662 1802 tanquam
2691 1732 2850 1786 nihili
2892 1746 3016 1785 eum
3061 1729 3271 1784 faciens
3310 1729 3395 1782 di—

158 1835 268 1886 ὃταν
292 1826 358 1901 ἧς
386 1830 697 1900 καμηλίτης
738 1831 833 1883 καὶ
861 1829 1120 1891 ἔκλεπτες
1151 1828 1330 1898 νίτρον
1363 1829 1456 1881 καὶ
1490 1828 1717 1892 ἐπώλεις

1824 1830 1967 1880 ceret
1990 1825 2039 1879 ei
2065 1824 2271 1887 :Abba,
2301 1826 2522 1893 quando
2552 1840 2676 1880 eras
2717 1824 3046 1879 camelarius
3088 1831 3143 1878 et
3185 1824 3391 1876 nitrum

158 1923 408 1985 αὐτὸ,οὐκ
432 1921 613 1992 ἔδερόν
641 1938 698 1973 σε
731 1924 777 1974 οἱ
808 1921 1043 1993 τηρηταί
1066 1921 1134 1987 ²⁷;
1159 1922 1207 1973 εἰ
1230 1920 1404 1973 ταῦτά
1424 1938 1508 1983 τις
1535 1920 1719 1988 ἔλεγεν

159 2015 310 2085 αὐτῷ,
340 2014 527 2068 ἐλάλει
546 2012 693 2084 αὐτῷ
715 2014 853 2085 μετὰ
878 2015 1073 2085 χαρᾶς,
1100 2016 1151 2066 εἰ
1176 2030 1229 2066 τι
1257 2011 1715 2083 αὑτὺνὴρώτα(σ).

214 2279 295 2335 3'2.
333 2278 565 2347 Ἔλεγον
610 2279 739 2349 περὶ
766 2278 862 2331 τοῦ
901 2279 1045 2333 ἀὸϐἄ
1069 2279 1357 2351 Μακαρίου
1393 2278 1487 2332 τοῦ
1545 2282 1717 2350 μεγά-

154 2374 257 2434 λου,
283 2372 363 2423 ὅτι
400 2370 616 2438 γέγονε,
646 2369 826 2433 καθώς
844 2372 958 2422 ἐστι
981 2371 1384 2441 γεγραμμένον,
1414 2370 1533 2433 θεὸς
1556 2370 1719 2439 259

152 2464 383 2531 ἐπίγειος
413 2462 514 2534 (11)·
541 2463 623 2514 ὅτι
656 2462 842 2533 ὥσπερ
886 2463 1032 2515 ἐστὶν
1077 2467 1104 2516 6
1135 2462 1266 2526 Θεὸς
1318 2462 1602 2526 σκεπάζων
1626 2463 1717 2514 τὸν

151 2556 338 2625 κόσμον
360 2596 375 2619 ,
398 2552 576 2616 οὕτως
614 2554 835 2621 γέγονεν
858 2555 885 2606 6
914 2554 1087 2618 ἀὸϐἄς
1117 2554 1402 2625 Μακάριος
1430 2552 1717 2616 σκεπάζων

150 2646 210 2697 τὰ
253 2641 638 2713 ἐλαττώματα,
682 2643 717 2696 ἃ
771 2644 997 2697 ἔϐλεπεν
1037 2644 1109 2707 ὡς
1159 2644 1234 2715 μὴ
1269 2644 1499 2714 βλέπων,
1543 2643 1637 2696 καὶ
1680 2643 1717 2697 ἃ

150 2734 331 2803 ἤκουεν
367 2732 452 2795 ὼς
494 2733 570 2803 μὴ
595 2733 807 2786 ἁκούων

210 2828 295 2881 55.
313 2827 629 2896 Διηγήσατο
655 2827 683 2877 6
705 2826 878 2889 ἁόϐᾶς
897 2826 1156 2896 Βιτίμιος,
1178 2826 1259 2879 ὅτι
1286 2826 1468 2894 ἔλεγεν
1493 2828 1520 2879 6
1542 2826 1717 2891 ἁϐὅᾶς

146 2918 450 2989 Μακάριος·
487 2917 801 2988 καθημένου
834 2917 938 2988 μοὺ
958 2935 1088 2971 ποτε
1115 2920 1195 2981 εἰς
1224 2918 1444 2988 Σκῆτιν,
1483 2920 1719 2990 κατέϐη-

147 3028 237 3064 σαν
282 3010 377 3063 δύο
425 3010 682 3081 νεώτεροι
733 3009 933 3075 ξενικοὶ
975 3012 1126 3064 ἐκεῖ·
1160 3012 1257 3063 καὶ
1287 3012 1315 3064 6
1350 3010 1450 3080 μὲν
1477 3005 1558 3073 εἷς
1601 3006 1716 3081 εἶχε

1815 1912 2092 1969 furabaris
2134 1929 2199 1968 ac
2238 1914 2537 1977 vendebas,
2572 1930 2755 1969 nonne
2798 1913 3164 1969 verberabant
3210 1923 3263 1967 te
3292 1930 3393 1967 cu-

1814 2006 2036 2060 stodes?
2077 2005 2137 2060 Si
2181 2006 2311 2059 talia
2350 2008 2474 2076 quis
2516 2014 2660 2061 esset
2703 2006 2753 2061 ei
2800 2006 3039 2072 locutus,
3091 2005 3218 2058 huic
3263 2021 3390 2058 cum

1817 2095 2036 2164 gaudio,
2101 2095 2149 2151 si
2202 2096 2334 2166 quid
2385 2111 2511 2151 eum
2577 2096 2992 2167 interrogasset,
3064 2109 3392 2165 responsum

1816 2185 2000 2240 dabaL

1884 2279 1974 2332 32.
2018 2276 2093 2331 De
2120 2275 2359 2332 Macario
2392 2292 2592 2348 magno
2625 2277 2823 2332 abbate
2878 2275 3219 2342 asserebant,
3244 2277 3390 2345 quod

1815 2368 2107 2432 exstiterit,
2134 2368 2277 2423 sicut
2301 2369 2568 2438 scriptum
2592 2375 2710 2432 est,
2759 2368 2894 2423 deus
2924 2368 3228 2433 terrestris,
3259 2369 3392 2437 quia

1815 2460 2277 2528 quemadmodum
2320 2460 2467 2516 Deus
2512 2460 2773 2514 mundum
2808 2461 2961 2531 tegit,
3000 2461 3075 2514 ita
3112 2459 3395 2515 Macarius

1817 2552 1989 2607 abbas
2013 2552 2213 2608 delicta
2244 2552 2552 2623 obtegebat,
2582 2568 2723 2622 quae
2748 2552 2965 2607 viderat
2989 2553 3151 2623 quasi
3174 2568 3284 2609 non
3311 2555 3395 2609 vi-

1816 2644 2009 2709 disset,
2035 2660 2176 2716 quae
2204 2644 2454 2698 audierat
2485 2643 2646 2714 quasi
2673 2658 2786 2698 non
2825 2642 3155 2700 audivisset.

1886 2821 1975 2876 '53.
2007 2819 2267 2876 Vitimius
2304 2820 2475 2875 abbas
2517 2819 2764 2875 narravit
2802 2819 3099 2876 Macarium
3143 2822 3392 2878 abbatem

1816 2912 1895 2967 ita
1958 2913 2258 2969 retulisse:
2321 2911 2557 2967 Sedente
2610 2928 2699 2967 me
2762 2896 3058 2984 aliquando
3111 2914 3166 2969 in
3211 2915 3395 2981 Sceti,

1819 3009 1951 3063 illuc
1994 3006 2395 3064 descenderunt
2462 3007 2573 3061 duo
2621 3006 2849 3064 iuvenes
2901 3009 3206 3079 peregrini;
3253 3026 3396 3080 quo-

146 3103 366 3170 γένειον,
400 3104 435 3155 6
461 3102 516 3155 δὲ
546 3102 702 3164 ἄλλος
730 3102 904 3171 ἀρχὴν
932 3101 1141 3171 βάλλων
1166 3100 1400 3169 γενείου.
1430 3102 1528 3154 καὶ
1553 3095 1717 3171 ἦλθον

1824 3114 1939 3153 rum
1962 3114 2103 3154 unus
2131 3097 2354 3153 barbam
2381 3099 2623 3169 gerebat,
2658 3097 2796 3153 alter
2819 3113 2948 3153 vero
2968 3099 3202 3168 primam
3234 3101 3395 3153 emit-

143 3194 269 3264 πρός
302 3213 369 3265 με
406 3194 663 3263 λέγοντες
683 3210 697 3224 ο
730 3191 834 3245 ποῦ
868 3194 1015 3245 ἐστιν
1049 3194 1081 3263 ἡ
1123 3193 1286 3245 κέλλα
1309 3191 1402 3245 τοῦ
1428 3192 1572 3246 assa
1595 3194 1716 3247 Ma-

144 3286 327 3355 καρίου
349 3305 364 3350 ;
401 3285 562 3355 κάγὼ
599 3282 773 3338 εἷπον·
801 3284 852 3336 τί
884 3284 1066 3337 θέλετε
1090 3285 1284 3348 αὑτόνς
1311 3284 1406 3338 καὶ
1423 3283 1675 3353 λέγουσιν
1698 3300 1713 3316 ·

138 3377 429 3440 ἀκούοντες
462 3376 529 3429 τὰ
582 3375 712 3446 περὶ
750 3375 915 3427 αὐτοῦ
948 3377 1043 3430 καὶ
1075 3376 1176 3446 τῆς
1207 3376 1457 3446 Σκήτεως
1481 3376 1716 3447 ἤλθομεν

143 3467 264 3519 ἰδεῖν
288 3468 483 3520 αὐτόν.
520 3466 662 3533 λέγω
694 3466 911 3528 αὐτοῖς·
947 3465 1058 3535 ἐγώ
1097 3468 1231 3537 εἰμι.
1271 3466 1367 3519 καὶ
1394 3465 1585 3519 ἔϐαλον
1624 3483 1719 3537 με-

135 3558 376 3619 τάνοιαν,
410 3556 669 3624 λέγοντες
693 3571 706 3583 ·
740 3549 843 3637 ωδε
880 3555 1107 3627 θέλομεν
1135 3559 1336 3627 μεῖναι.
1363 3556 1473 3626 ἐγὼ
1502 3557 1561 3611 δὲ
1593 3557 1718 3629 βλέ-

139 3666 249 3701 πων
282 3649 495 3711 αὐτοὺς
524 3648 829 3718 τρυφεροὺς
867 3650 959 3702 καὶ
1001 3648 1075 3713 ὡς
1105 3648 1214 3702 ἀπὸ
1254 3649 1489 3703 πλούτου
1513 3690 1527 3715 ,
1572 3651 1718 3719 λέγω

134 3741 313 3805 αὐτοῖς
335 3758 348 3769 ·
392 3742 463 3792 οὐ
498 3739 728 3792 δύνασθε
757 3738 980 3792 καθίσαι
1005 3733 1127 3794 ὧδε.
1167 3741 1261 3793 και
1285 3740 1438 3810 λέγει
1471 3743 1499 3794 6
1533 3741 1717 3812 μειζό-

134 3847 284 3901 τερος
302 3849 316 3861 ·
350 3832 462 3885 ἐὰν
494 3830 569 3901 μὴ
598 3828 880 3900 δυνώμεθα
905 3830 1124 3885 καθίσαι
1157 3825 1280 3895 ὦδε,
1306 3832 1591 3903 ὑπάγομεν
1622 3832 1718 3885 ἀλ-

133 3925 318 3995 λαχοῦ.
380 3925 538 3991 λέγω
580 3923 691 3991 ἐγὼ
742 3923 821 3995 τῷ
873 3923 1117 3996 λογισμῷ
1159 3941 1284 3995 μου’
1326 3924 1414 3978 διὰ
1450 3925 1503 3978 τί
1541 3923 1720 3978 διώκω

134 4020 326 4081 αὐτοὺς
368 4019 474 4071 καλ¹
501 4016 940 4081 σκανδαλίζονται
964 4034 978 4082 ;
1007 4018 1035 4069 6
1063 4018 1229 4081 κόπος
1260 4021 1404 4070 ποιεῖ
1433 4018 1628 4079 αὐτοὺς
1649 4016 1718 4069 δι’

131 4109 291 4180 260
344 4110 571 4163 ἑαυτῶν
634 4112 845 4179 φυγεῖν.
898 4110 994 4163 καὶ
1043 4109 1185 4177 λέγω
1250 4109 1465 4172 αὐτοῖς·
1531 4108 1717 4173 δεῦτε,

132 4202 403 4269 ποιήσατε
440 4202 653 4263 ἑαυτοῖς
694 4201 904 4254 κελλίον
942 4202 991 4253 εἰ
1037 4199 1287 4254 δύνασθε.
1324 4201 1416 4253 καὶ
1458 4200 1716 4269 λέγουσι’

1816 3192 1967 3246 tebat
2004 3191 2337 3261 lanuginem.
2371 3190 2473 3257 Qui
2516 3200 2785 3245 venerunt
2844 3190 2911 3245 ad
2960 3206 3048 3246 me
3091 3199 3393 3261 rogantes:

1816 3284 1921 3340 Ubi
1954 3294 2039 3341 est
2062 3285 2199 3341 cella
2227 3283 2453 3338 Macarii
2495 3283 2748 3339 abbatis?
2777 3282 2889 3356 Ego
2921 3302 2935 3338 :
2965 3283 3104 3338 Num
3134 3285 3286 3356 quid,
3316 3286 3401 3339 in-

1816 3392 2003 3447 quam,
2033 3393 2157 3432 eum
2189 3377 2395 3433 vultis?
2419 3376 2586 3431 Aiunt
2612 3395 2625 3431 :
2656 3376 2855 3431 Audita
2887 3377 3005 3432 eius
3052 3393 3116 3433 ac
3172 3376 3397 3434 Sceteos

1817 3466 1960 3521 fama
1984 3467 2248 3531 venimus,
2284 3476 2341 3521 ut
2362 3466 2642 3522 videamus
2662 3481 2807 3520 curn.
2826 3465 2958 3522 Dico
2976 3467 3045 3523 iis
3072 3485 3087 3522 :
3110 3466 3220 3538 Ego
3250 3483 3396 3524 sunt.

1816 3558 2090 3629 Factaque
2119 3561 2364 3629 corporis
2419 3558 2903 3615 inclinationezllic
2924 3602 2940 3625 ,
2974 3561 3263 3631 inquiunt,
3302 3578 3398 3616 cu-

1818 3650 2000 3720 pimus
2040 3666 2281 3705 manere.
2339 3649 2451 3721 Ego
2492 3666 2620 3705 vero
2668 3649 2859 3705 videns
2898 3667 2992 3706 eos
3031 3653 3294 3708 delicatos
3343 3663 3399 3709 et

1818 3741 1966 3796 velut
1998 3741 2051 3795 in
2075 3741 2284 3797 divitiis
2314 3742 2575 3796 educatos
2614 3741 2701 3796 aio
2724 3740 2872 3796 :Non
2901 3744 3130 3812 potestis
3158 3744 3398 3800 residere

1819 3834 1928 3890 hic.
1968 3834 2137 3888 Maior
2166 3833 2499 3904 respondet:
2540 3832 2601 3888 Si
2641 3849 2749 3888 non
2778 3849 3069 3903 possumus
3113 3851 3397 3892 remanere

1819 3928 1931 3992 hic,
1961 3928 2026 3981 ad
2055 3928 2219 3980 alium
2244 3941 2533 3996 pergemus
2565 3926 2765 3979 locum.
2789 3924 2924 3979 Tum
2951 3942 3072 3996 ego,
3102 3929 3244 3997 apud
3270 3945 3355 3985 me
3379 3949 3392 3983 :

1819 4018 1953 4083 Cur,
1989 4019 2241 4088 inquam,
2281 4017 2422 4087 pello
2447 4032 2572 4081 eos,
2615 4025 2669 4071 et
2714 4017 3034 4071 scandalum
3083 4021 3397 4087 patientur?

1820 4106 1998 4160 Labor
2033 4105 2248 4170 efﬁciet,
2284 4114 2344 4159 ut
2387 4115 2578 4175 sponte
2612 4104 2841 4174 fugiant.
2884 4105 3070 4177 Itaque
3115 4108 3242 4165 dico
3282 4111 3391 4166 iis:

1821 4198 2032 4265 Venite,
2065 4199 2370 4255 construite
2409 4199 2564 4254 vobis
2598 4200 2871 4265 cellulam,
2902 4199 2949 4255 si
2988 4202 3240 4271 polestis.
3274 4204 3392 4259 illi:

129 4291 302 4356 δεῖξον
340 4294 488 4362 ἡμῖν
522 4294 705 4354 τόπον,
743 4291 837 4346 καὶ
887 4290 1170 4360 ποιοῦμεν.
1213 4290 1383 4343 ἔδωκε
1433 4290 1491 4343 δὲ
1538 4291 1718 4354 αὐτοῖς

1824 4289 2058 4347 Ostende
2090 4290 2247 4345 nobis
2274 4290 2452 4344 locum
2487 4299 2540 4345 et
2573 4294 2978 4347 construemus.
3024 4291 3183 4348 Dedit
3213 4305 3393 4350 autem

130 4386 157 4435 6
183 4384 370 4454 γέρων
404 4384 648 4436 πέλεκυν
677 4385 721 4415 ’⁸
739 4383 833 4436 καὶ
865 4382 1172 4436 ἀναϐολίδιν
1196 4384 1241 4415 ’⁸
1274 4382 1469 4453 μεστὸν
1496 4381 1718 4452 ψωμίων

1824 4384 1892 4439 iis
1940 4398 2107 4438 senex
2153 4383 2412 4447 securim,
2454 4398 2749 4453 peramque
2791 4383 3005 4454 plenam
3050 4386 3301 4454 panibus,
3343 4397 3398 4443 et

130 4476 220 4527 καὶ
244 4476 415 4539 ἃλας.
452 4475 620 4541 ἔδειξε
644 4474 699 4527 δὲ
737 4476 917 4536 αὐτοῖς
945 4476 973 4526 6
996 4474 1173 4545 γέρων
1202 4476 1297 4528 καὶ
1330 4474 1534 4546 πέτραν
1559 4475 1718 4546 σκλη-

1827 4476 1927 4531 sal.
1969 4475 2331 4544 Ostenditque
2368 4484 2575 4546 petram
2618 4476 2810 4531 duram
2856 4492 3121 4534 monens:
3164 4479 3396 4551 Lapides

132 4568 229 4635 ραν
249 4567 444 4634 λέγων
466 4582 477 4595 ο
508 4565 850 4634 λατομὴσατε
881 4560 1003 4628 ὧδε,
1034 4564 1129 4617 καὶ
1161 4564 1355 4635 φέρετε
1382 4566 1566 4629 αὐτοῖς
1592 4564 1718 4629 ξύλα

1829 4566 1920 4621 hic
1961 4565 2200 4630 incidite,
2237 4574 2399 4636 atque
2438 4574 2654 4636 portate
2694 4567 2850 4621 vobis
2897 4567 3041 4638 ligna
3080 4585 3147 4624 ex
3177 4571 3395 4640 palude,

129 4658 191 4708 ἐκ
218 4658 318 4710 τοῦ
368 4656 535 4719 ἕλους
563 4696 577 4720 ,
607 4656 701 4709 καὶ
749 4655 1112 4724 στεγάσαντες
1149 4656 1428 4711 καθίσατε.
1474 4658 1718 4730 ἐνόμιζον

1826 4666 2082 4729 tectoque
2127 4658 2383 4728 imposito
2425 4658 2680 4714 residete.
2734 4658 3003 4715 Putabam
3052 4670 3264 4725 autem,
3313 4664 3401 4717 in-
3441 4719 3448 4733 ,

128 4748 181 4799 δὲ
197 4748 336 4815 ἐγώ,
355 4748 554 4819 φησίν,
573 4747 655 4800 ὅτι
677 4747 929 4817 μέλλουσι
948 4747 1035 4801 διὰ
1051 4748 1142 4801 τὸν
1155 4748 1323 4801 κόπον
1339 4748 1638 4820 ἀναχωρεῖν
1655 4751 1719 4804 ³ο.

127 4841 437 4912 ἠρώτησαν
474 4840 532 4893 δέ
577 4857 644 4911 με
664 4878 679 4903 ,
710 4840 761 4891 τί
794 4838 1135 4910 ἐργάζωνται
1173 4833 1294 4894 ὧδε.
1323 4840 1468 4909 λέγω
1500 4843 1682 4907 αὐτοῖς
1705 4857 1720 4872 ⁶

123 4934 219 5001 τὴν
259 4933 506 5003 σειράνο
549 4933 645 4984 καὶ
690 4931 951 5002 λαμϐάνω
985 4932 1111 5002 βαΐα
1163 4934 1229 4985 ἐκ
1272 4933 1365 4985 τοῦ
1402 4933 1576 4998 ἕλους,
1621 4935 1718 4989 καὶ

124 5019 361 5073 δεικνύω
391 5021 587 5083 αὐτοῖς
622 5021 720 5090 τὴν
753 5020 925 5092 ἀρχὴν
956 5021 1057 5090 τῆς
1097 5022 1307 5092 σειρᾶς,
1356 5024 1449 5076 καὶ
1478 5023 1594 5088 πῶς
1622 5024 1719 5094 ῥά-

122 5129 281 5165 πτειν
315 5113 434 5175 δεῖ,
490 5113 584 5163 καὶ
621 5108 775 5164 εἷπον
798 5128 810 5141 ·
859 5115 1061 5165 ποιεῖτε
1099 5112 1396 5184 σπυρίδας,
1432 5116 1527 5168 καὶ
1575 5133 1713 5187 παρ-

1829 4752 1969 4823 quit,
2000 4766 2096 4807 eos
2129 4759 2350 4821 pr0pter
2395 4751 2636 4806 laborem
2679 4766 2997 4808 recessuros
3025 4768 3167 4809 esse.
3224 4753 3399 4807 Porro

1830 4844 2103 4914 petierunt
2134 4858 2161 4895 a
2186 4858 2294 4905 me,
2318 4841 2448 4911 quid
2473 4856 2538 4896 eo
2577 4841 2681 4895 loci
2708 4843 2984 4912 Operaturi
3018 4851 3226 4899 essent.
3288 4842 3398 4900 Re-
3447 4870 3461 4901 ι

1823 4939 2096 5009 Spondeo:
2134 4935 2367 4989 Plectam
2416 4932 2596 4987 facite.
2629 4932 2975 5004 Sumptisque
3006 4934 3153 4989 foliis
3195 4937 3403 5005 palma.

1824 5044 1946 5083 rum
1989 5043 2018 5082 e
2045 5026 2273 5097 palude,
2318 5024 2553 5079 ostendo
2588 5025 2654 5079 iis
2702 5024 2914 5094 plectae
2959 5026 3315 5096 principium,
3346 5040 3401 5083 et

1825 5120 2101 5191 quomodo
2141 5132 2408 5172 consuere
2452 5124 2723 5187 oporteat,
2754 5123 2844 5171 et:
2898 5117 3117 5182 Facite,
3155 5120 3397 5189 inquam,

124 5201 278 5273 ἔχετε
302 5206 432 5265 τοῖς
465 5202 696 5270 φύλαξι,
728 5204 821 5256 καὶ
848 5203 1105 5274 φέρουσιν
1137 5205 1269 5274 ὑμῖν
1295 5205 1504 5275 ψωμία.
1535 5206 1718 5261 λοιπὸν

1829 5221 2067 5283 sportas,
2109 5226 2246 5280 quas
2282 5209 2509 5263 tradetis
2543 5208 2885 5273 custodibus,
2932 5210 2968 5263 ii
3007 5226 3135 5265 vero
3174 5212 3402 5267 afferent

120 5290 213 5345 οὖν
244 5293 368 5363 ἐγὼ
415 5293 767 5365 ἀνεχώρησα.
810 5294 963 5348 αὐτοὶ
1003 5294 1053 5347 δὲ
1090 5295 1208 5366 μεθ’
1241 5296 1522 5369 ὑπομονῆς
1548 5301 1718 5355 πάντα

1831 5304 1987 5357 vobis
2022 5316 2210 5371 panes.
2240 5300 2444 5356 Deinde
2464 5301 2726 5355 abscessi.
2747 5301 2814 5356 At
2839 5301 2916 5355 illi
2942 5303 3210 5373 patienter
3239 5320 3402 5377 quae-

616 5489 629 5503 ,
1422 5436 1675 5491 γΑιιιΑΕ
1727 5436 2141 5495 LECTIONES.

188 5526 240 5560 “
280 5527 385 5583 Sic
422 5542 533 5599 pro
554 5526 889 5588 ἁναϐιόάζω.
976 5530 1020 5561 ’⁷
1058 5528 1141 5584 Al.
1175 5531 1389 5600 κριταί.
1466 5533 1878 5592 “Al.:zé.2vxa.
1954 5537 1998 5568 ²⁹
2038 5536 2120 5589 Al.
2157 5534 2559 5588 ἀναϐολίδιον.
2636 5533 2680 5565 ³ο
2716 5534 2802 5588 Al.
2843 5534 3104 5605 φεύγειν.

1646 5647 1897 5704 NOTAE.

1832 5744 2032 5814 Apost.
2060 5742 2215 5797 Tom.
2241 5743 2260 5796 l
2290 5760 2342 5814 p.
2380 5746 2505 5801 259.

217 5733 273 5810 ᾳ)
302 5731 404 5810 (ξιτΖ
448 5730 569 5810 vAv.
604 5733 709 5810 P_P.
739 5734 921 5810 ttosw.
959 5738 1056 5810 ut).
1087 5738 1173 5792 vu
1213 5756 1330 5810 cap.
1377 5739 1549 5802 12,2.

1905 5816 1972 5884 (c)
2002 5812 2086 5869 Cf.
2125 5812 2438 5873 Sententiae
2468 5817 2696 5888 Aegypt.
2733 5812 2838 5870 PP.
2872 5814 2995 5872 107.

218 5799 275 5873 la)
318 5802 421 5859 Cf.
475 5801 708 5861 Constit.
757 5807 945 5877 Apost.
983 5808 1057 5877 ll,
1123 5811 1193 5864 26
1237 5799 1472 5867 Cotclcr.
1534 5810 1722 5868 Patres
