3950 6570
563 355 678 414 εεε
1385 351 1484 408 ss.
1524 349 1988 409 MACARIORUM
2019 349 2348 408 suavem
2391 348 2476 404 ετ
2513 345 2985 403 ALEXANDRINI
3670 366 3754 424 255

564 484 781 541 cunque
813 466 1199 523 mandaveram
1241 468 1490 522 exsecuti
1543 475 1694 533 sunt,
1743 483 1844 522 nec
1883 474 2151 522 venerunt

2254 465 2538 536 ἐποίησαν,
2572 465 2674 518 ὅσα
2719 459 2873 517 εἷπον
2899 463 3083 526 αὐτοῖς
3108 479 3123 492 ·
3153 463 3246 516 καὶ
3286 463 3348 516 οὐ
3393 466 3665 536 παρέϐαλον
3692 497 3760 550 μοι

568 563 636 618 ad
665 577 751 616 me
780 560 958 615 tribus
993 560 1175 614 annis.
1217 557 1332 629 Ego
1377 574 1504 613 vero
1541 561 1760 614 assidue
1796 574 1919 613 cum
1965 560 2150 613 animo

2254 558 2348 609 ἐπὶ
2380 557 2507 626 τρία
2548 555 2665 627 ἐτη.
2705 555 2800 609 καὶ
2837 555 3026 626 ἔμεινα
3069 553 3322 624 πολεμῶν
3364 559 3475 619 τοῖς
3515 559 3758 638 λογισμοῖς.

569 670 692 709 meo
713 653 1073 715 colluctabar,
1106 659 1396 722 reputans:
1429 651 1646 720 Ecquae
1680 661 1763 705 est
1796 667 1983 705 eorum
2017 667 2150 721 ope-

2254 649 2425 717 λέγων
2449 664 2463 677 ·
2497 647 2582 711 τίς
2612 649 2719 720 ἄρα
2747 647 2893 702 ἐστὶν
2924 650 2957 717 ἡ
2987 645 3218 717 ἐργασία
3250 647 3448 710 αὐτῶν,
3475 649 3553 704 ὅτι
3579 657 3663 708 οὐκ
3691 655 3764 731 ἦλ.

570 745 732 809 ratio,
768 743 911 813 quod
950 758 1060 796 non
1094 742 1425 796 accesserint
1470 741 1856 809 iuterrogaturi
1892 739 1959 794 de
1989 741 2146 810 cogi-

2254 742 2344 795 θον
2374 740 2650 812 ἐρωτῆσαι
2680 741 2977 811 λογισμόν;
3016 741 3065 793 οἱ
3092 739 3200 793 ἀπὸ
3241 739 3473 811 μήκοθεν
3499 744 3536 774 ³¹
3562 745 3764 818 ἔρχονται

571 836 818 891 talione?
863 834 962 900 Qui
1013 834 1204 904 procul
1249 833 1514 894 habitant,
1561 834 1785 886 veniunt
1810 831 1875 885 ad
1921 848 2006 887 me
2041 851 2054 886 :
2095 838 2150 886 et

2254 834 2389 904 πρός
2425 851 2492 904 με
2513 851 2526 864 ·
2560 834 2654 886 καὶ
2682 827 2830 886 οὗτοι
2866 834 2915 885 οἱ
2946 835 3110 902 ἐγγὺς
3145 834 3244 886 ούκ
3287 829 3469 904 ἦλθον,
3499 835 3639 906 261
3670 843 3766 898 οὒτε

571 929 664 983 isti
714 945 834 982 cum
891 926 1181 997 propinqui
1235 926 1364 987 sint,
1405 940 1512 977 non
1548 931 1918 989 accesserunt,
1951 938 2050 977 nec
2083 922 2151 977 ad

2254 924 2307 978 δὲ
2334 925 2470 996 πρὸς
2498 924 2689 988 ἄλλους
2717 925 2926 994 ὑπῆγον
2950 940 2964 952 ·
2997 926 3044 976 εἰ
3089 923 3162 995 μὴ
3197 925 3356 994 μόνον
3381 927 3456 987 είς
3489 927 3578 996 τὴν
3611 933 3768 1003 ἐκκλη.

571 1021 708 1072 alios
730 1019 960 1088 profecti
993 1026 1154 1071 sunt:
1180 1014 1464 1068 dumtaxat
1494 1023 1727 1084 pergunt
1757 1013 1823 1067 ad
1860 1015 2148 1068 ecclesiam

2255 1011 2374 1064 σίαν
2405 1012 2736 1076 σιωπῶντες,
2759 1012 2942 1066 λαϐεῖν
2968 1013 3067 1083 τὴν
3091 1013 3428 1084 προσφοράν.
3453 1016 3543 1065 καὶ
3562 1019 3768 1092 ηὐξάμην

568 1111 746 1173 taciti,
771 1120 830 1163 ut
863 1110 1136 1178 accipiant
1165 1108 1515 1185 oblationem.
1559 1109 1738 1180 Atque
1771 1109 1922 1162 oravi
1968 1108 2152 1162 Domi-

2254 1103 2331 1175 τῷ
2360 1104 2478 1174 Θεῷ
2511 1105 2813 1176 νηστεύσας
2854 1105 2953 1175 τὴν
2985 1101 3274 1175 ἑϐδομάδα,
3312 1105 3400 1160 ἵνα
3425 1107 3566 1180 δείξῃ
3595 1128 3670 1178 μοι
3692 1117 3768 1183 τὴν

569 1219 722 1264 num,
764 1203 1017 1256 ieiunans
1053 1218 1162 1255 una
1196 1201 1554 1264 hebdomade,
1585 1209 1644 1255 ut
1677 1202 1998 1271 dignaretur
2043 1203 2148 1255 mi-

2254 1197 2520 1268 ἐργασίαν
2564 1198 2766 1251 αὐτῶν.
2811 1197 3049 1260 ἀναστὰς
3094 1197 3151 1250 δέ
3200 1197 3338 1266 μετὰ
3373 1196 3472 1266 τὴν
3509 1198 3768 1269 ἑϐδομάδα,

567 1294 625 1348 lii
671 1294 962 1348 ostendere
1003 1294 1375 1362 operationem
1427 1308 1636 1346 eorum.
1679 1291 1808 1346 Post
1857 1293 2152 1348 hebdoma-

2254 1289 2495 1360 ἀπῆλθον
2525 1291 2662 1359 πρὸς
2690 1290 2887 1354 αὐτοὺς
2912 1291 3059 1353 ἰδεῖν,
3090 1289 3208 1352 πῶς
3236 1288 3519 1359 κάθηνται·
3544 1293 3625 1343 καὶ
3645 1297 3772 1364 κρού.

569 1388 693 1442 dem
740 1403 871 1442 vero
907 1403 1139 1457 surgens
1191 1387 1257 1440 ad
1290 1402 1386 1440 eos
1437 1387 1567 1449 abii,
1607 1394 1666 1440 ut
1709 1387 1974 1450 intuerer,
2017 1403 2153 1456 quo-

2255 1382 2447 1444 σαντός
2481 1398 2579 1451 μου
2615 1381 2873 1451 ἀνέῳξαν,
2904 1381 2999 1434 καὶ
3025 1380 3340 1449 ἠσπάσαντο
3378 1397 3444 1449 με
3475 1383 3768 1449 σιωπῶντες·

570 1478 734 1532 modo
753 1484 994 1546 agerent.
1017 1477 1082 1530 Et
1110 1492 1232 1530 cum
1255 1476 1558 1545 pulsassem
1587 1484 1935 1544 aperuerunt,
1961 1491 2153 1545 meque

2254 1473 2348 1524 καὶ
2375 1473 2608 1542 ποιήσας
2655 1473 2819 1542 εύχὴν
2852 1472 3103 1525 ἐκάθισα.
3135 1472 3332 1535 νεύσας
3359 1473 3416 1524 δὲ
3443 1475 3471 1524 ὁ
3514 1473 3689 1541 μείζων
3714 1481 3774 1547 τῷ

573 1571 890 1624 salutarunt
921 1585 1042 1623 cum
1081 1569 1320 1623 silentio.
1359 1567 1481 1622 Feci
1521 1567 1849 1631 orationem,
1906 1576 1960 1622 et
2012 1568 2148 1624 sedi.

2257 1564 2567 1636 μικροτέρῳ
2600 1565 2858 1630 ἐξελθεῖν,
2906 1565 3127 1617 ἐκάθισε
3177 1563 3395 1616 πλέκειν
3423 1564 3468 1594 δ’
3512 1564 3600 1633 τὴν
3625 1569 3772 1637 σειρὰν

573 1661 748 1716 Maior
780 1662 956 1714 innuit
997 1660 1215 1723 minori,
1251 1666 1312 1712 ut
1341 1659 1708 1728 egrederetur,
1761 1660 1983 1728 ipseque
2012 1661 2153 1714 sedit

2254 1657 2490 1728 λαλήσας
2518 1659 2704 1729 μηδέν.
2736 1660 2830 1711 καὶ
2856 1661 2920 1728 τῇ
2955 1657 3074 1728 ὥρᾳ
3099 1657 3198 1725 τῆς
3227 1656 3420 1726 ἐνάτης
3453 1656 3683 1727 ἔκρουσε.
3703 1662 3775 1713 καί

572 1753 642 1806 ad
669 1751 1061 1806 conﬁciendam
1086 1751 1338 1820 plectam.
1365 1765 1462 1804 nec
1482 1751 1777 1822 quidquam
1803 1750 2147 1818 loquebatur.

2254 1745 2414 1820 ἦλθεν
2443 1751 2471 1802 ὁ
2497 1750 2759 1821 νεώτερος
2788 1751 2854 1812 ³³,
2891 1752 2986 1803 καὶ
3015 1749 3236 1820 ἐποίησε
3267 1749 3459 1820 μικρὸν
3490 1751 3677 1820 ἐψημα,
3705 1755 3776 1806 καὶ

572 1842 657 1896 Ad
697 1843 886 1896 horam
912 1857 1043 1896 vero
1076 1856 1275 1895 nonam
1309 1842 1594 1911 strepitum
1628 1841 1818 1897 edidit.
1871 1839 2031 1894 Venit
2067 1841 2144 1894 iu-

2254 1841 2534 1913 παρέθηκε
2558 1842 2855 1911 τράπεζαν,
2882 1840 3169 1903 νεύσαντος
3193 1840 3341 1910 αὐτῷ
3358 1839 3451 1892 τού
3474 1841 3773 1913 μειζοτέρου·

571 1934 717 1996 nior,
734 1933 859 1988 fecit
881 1933 1102 2002 paulum
1120 1932 1459 2002 polentae,ac
1478 1932 1682 1986 maiore
1701 1933 1960 1986 inuuente
1979 1932 2148 2001 adpo-

2254 1935 2348 1986 καὶ
2374 1933 2567 2004 έθηκεν
2595 1936 2674 1998 εἰς
2699 1935 2867 2006 αὐτὴν
2888 1937 3036 2006 τρεῖς
3062 1934 3400 2000 παξαμάδας,
3425 1935 3519 1986 καὶ
3543 1935 3658 2004 ἔστη
3683 1952 3779 1988 σιω-

570 2025 682 2078 suit
715 2037 979 2085 mensam,
1020 2037 1254 2091 cumque
1295 2037 1460 2092 super
1503 2037 1621 2076 eam
1681 2032 1794 2076 tres
1847 2022 2148 2090 paximates

2255 2025 2391 2077 πῶν.
2424 2025 2534 2093 ἐγὼ
2561 2027 2617 2079 δὲ
2653 2022 2806 2080 εἷπον
2831 2041 2845 2056 ο
2895 2026 3198 2097 ἐγείρεσθε,
3248 2025 3530 2096 φάγωμεν.
3570 2026 3656 2078 καὶ
3679 2028 3781 2080 ἀνα-

573 2115 870 2186 posuisset,
895 2114 1044 2168 stetit
1072 2122 1280 2168 tacens.
1303 2113 1415 2184 Ego
1440 2128 1568 2168 vero
1608 2113 1750 2167 dixi:
1784 2113 2024 2184 Surgite,
2055 2129 2149 2166 co-

2255 2117 2477 2181 στάντες
2518 2119 2811 2188 ἐφάγομεν.
2870 2119 2966 2171 καὶ
3012 2120 3208 2188 ἤνεγκε
3255 2118 3318 2170 τὺ
3370 2117 3667 2186 βαυκάλιον,
3706 2119 3781 2172 καὶ

573 2207 876 2262 medamus.
896 2205 961 2259 Et
978 2215 1372 2274 consurgentes
1407 2205 1586 2258 cibum
1612 2207 1966 2274 sumpsimus.
2000 2205 2150 2257 Attu-

2255 2209 2499 2278 ἐπίομεν.
2533 2209 2607 2272 ὠς
2637 2209 2695 2260 δὲ
2743 2209 2961 2276 ἐγένετο
2996 2207 3226 2278 ἑσπέρα,
3279 2205 3497 2275 λέγουσί
3539 2223 3654 2276 μοι·
3699 2208 3781 2261 ὑπ-

584 2300 651 2354 lit
691 2299 939 2363 baucale,
969 2313 1032 2351 ac
1054 2299 1309 2352 bibimus.
1345 2297 1414 2352 Ut
1438 2306 1616 2352 autem
1649 2297 1864 2352 advenit
1898 2312 2146 2368 vespera,

2255 2301 2442 2370 άγεις;
2469 2299 2580 2368 ἐγὼ
2605 2301 2663 2353 δὲ
2700 2296 2880 2353 εἶπον·
2925 2301 3066 2369 οὐχί,
3104 2300 3218 2353 ἀλλ’
3246 2292 3346 2351 ὧδε
3379 2299 3669 2369 κοιμῶμαι.
3710 2302 3781 2353 καὶ

581 2390 773 2445 dicunt
807 2391 938 2444 mihi
970 2388 1343 2446 :Recedisne?
1387 2390 1659 2459 Respondi
1695 2409 1707 2444 :
1736 2389 1887 2453 Non,
1923 2390 2016 2444 sed
2062 2390 2150 2444 hic

2254 2392 2455 2464 ἐθηκάν
2489 2411 2577 2462 μοι
2607 2391 2825 2461 ψιάθιον
2855 2391 3006 2463 παρὰ
3039 2391 3206 2462 μέρος
3227 2431 3242 2455 ,
3267 2392 3360 2444 καὶ
3385 2393 3600 2454 ἐαυτοῖς
3618 2395 3688 2454 εἰς
3708 2393 3784 2461 τὴν

580 2483 815 2537 dormio.
855 2481 1011 2537 Unde
1038 2489 1340 2552 posuerunt
1357 2482 1487 2535 mihi
1522 2489 1755 2536 stoream
1783 2498 1848 2535 ex
1891 2489 2065 2551 parte.
2096 2488 2151 2535 et

2254 2487 2456 2555 γωνίαν
2491 2486 2536 2517 ³·
2577 2485 2728 2556 παρὰ
2772 2485 2952 2555 μέρος.
3000 2485 3094 2537 καὶ
3145 2479 3286 2554 ἦραν
3315 2485 3480 2553 262
3518 2485 3612 2546 τὰς
3646 2484 3784 2548 ζώνας

577 2574 683 2630 sibi
718 2573 787 2627 ad
826 2574 1083 2643 angulum
1131 2589 1196 2627 ex
1230 2581 1406 2643 parte,
1458 2581 1513 2626 et
1560 2572 1938 2641 deposuerunt
1983 2587 2150 2626 zonas

2254 2577 2434 2631 αὐτῶν
2482 2577 2577 2630 καὶ
2629 2578 2756 2640 τοὺς
2799 2577 3136 2641 ἀναλάϐους,
3187 2576 3282 2628 καὶ
3335 2576 3542 2647 ἔθηκαν
3592 2577 3781 2640 ἑαυτοὺς

575 2681 710 2722 suas
738 2672 791 2719 et
823 2665 1212 2727 succinctoria,
1255 2664 1526 2732 simulque
1558 2663 1960 2717 collocaverunt
1995 2678 2054 2717 se
2094 2663 2148 2716 in

2254 2669 2389 2740 ὁμοῦ
2418 2672 2494 2732 είς
2524 2669 2584 2721 τὸ
2625 2668 2841 2738 ψιάθιον
2879 2667 3187 2740 ἔμπροσθέν
3227 2686 3349 2738 μου.
3401 2669 3480 2731 ὡς
3523 2668 3580 2720 δέ
3621 2668 3785 2738 ἔθηκαν

576 2767 744 2810 matta
783 2765 907 2810 ante
954 2771 1060 2809 me.
1105 2755 1356 2809 Ceterum
1399 2762 1684 2823 postquam
1727 2763 2150 2823 composuerunt

2256 2758 2500 2821 ἑαυτούς,
2532 2758 2784 2828 ηὐξάμην
2830 2757 2908 2828 τῷ
2943 2757 3080 2827 Θεῷ,
3110 2758 3197 2810 ἵνα
3230 2775 3319 2827 μοι
3357 2756 3677 2828 ἀποκαλύψῃ
3711 2755 3787 2824 τὴν

575 2864 656 2911 se,
685 2849 835 2902 oravi
869 2846 1056 2908 Deum,
1088 2854 1148 2899 ut
1180 2847 1308 2900 mihi
1347 2847 1714 2916 operationem
1757 2861 1946 2900 eorum
1995 2863 2148 2902 reve-

2254 2850 2514 2922 ὲργασίαν
2548 2850 2748 2903 αὐτῶν.
2789 2851 2884 2902 καὶ
2913 2849 3160 2920 ἡνεῲχθη
3193 2852 3224 2918 ἡ
3257 2850 3446 2919 στέγη,
3497 2850 3590 2902 καὶ
3611 2849 3787 2917 ἐγένετο

575 2941 733 2995 laret.
772 2939 927 2994 Tunc
974 2947 1221 3009 apertum
1263 2947 1347 2991 est
1391 2946 1617 3000 tectum,
1665 2945 1893 3008 ortaque
1932 2946 2016 2992 est
2056 2939 2150 2992 lux

2256 2941 2373 3012 φῶς
2393 2942 2469 3004 ὼς
2496 2944 2679 3012 ἡμέρα
2706 2942 2773 2973 ⁸⁵·
2802 2942 2953 2994 αὐτοὶ
2979 2941 3032 2992 δέ
3062 2942 3159 2994 οὐκ
3188 2941 3456 3010 ἐθεώρουν
3485 2942 3546 2994 τὸ
3580 2942 3700 3008 φώς.
3718 2942 3788 2993 καὶ

574 3030 725 3084 velut
756 3044 851 3100 per
878 3028 1056 3083 diem:
1093 3028 1196 3095 ipsi
1237 3035 1418 3081 autem
1468 3041 1576 3080 non
1614 3027 1910 3081 cernebant
1951 3027 2146 3080 lucem.

2254 3033 2330 3096 ὡς
2356 3033 2602 3103 ἐνόμιζον
2641 3034 2724 3085 ὅτι
2771 3032 3076 3102 κοιμῶμαι,
3121 3034 3308 3084 νύσσει
3335 3036 3363 3086 ὁ
3392 3033 3597 3102 μείζων
3619 3033 3700 3084 τὸν
3725 3051 3788 3101 μι-

577 3121 714 3176 Cum
751 3136 878 3174 vero
920 3120 1299 3173 existimarent
1351 3118 1595 3172 dormire
1652 3133 1758 3181 me,
1798 3119 1993 3172 maiori
2017 3119 2151 3172 fodit

2254 3124 2509 3194 κρότερον
2537 3126 2615 3187 εἰς
2651 3126 2750 3196 τὴν
2783 3125 3052 3196 πλευράν,
3088 3125 3182 3178 καὶ
3209 3125 3540 3195 ἐγείρονται,
3568 3124 3664 3200 ,καὶ
3687 3125 3789 3187 ζων-

576 3209 808 3262 tninoris
838 3209 1000 3262 latus.
1026 3206 1393 3275 Consurgunt,
1426 3206 1654 3274 cingunt
1682 3221 1740 3260 se
1768 3213 1822 3258 et
1840 3207 2153 3276 expandunt

2255 3218 2315 3268 νῦ
2329 3234 2411 3268 σιν
2441 3217 2485 3246 ³⁸
2520 3216 2747 3279 ἑαυτούς
2772 3257 2786 3279 ,
2831 3219 2924 3269 καὶ
2953 3217 3251 3270 ἐκτείνουσι
3279 3217 3379 3280 τὰς
3410 3221 3607 3288 χεῖρας
3630 3219 3700 3280 εἰς
3722 3217 3789 3268 τὸν

576 3314 776 3354 manus
818 3299 882 3352 ad
917 3299 1152 3352 coelum.
1195 3295 1362 3350 Porro
1405 3312 1506 3366 ego
1546 3297 1831 3350 cernebam
1871 3312 2004 3364 eos;
2050 3298 2152 3368 ipsi

578 3406 692 3447 non
713 3391 980 3445 videbant
1004 3405 1108 3443 me.
1140 3388 1317 3456 Atque
1346 3386 1452 3439 vidi
1487 3386 1783 3441 daemones
1814 3387 1988 3442 instar
2013 3403 2158 3444 mus-

579 3499 793 3543 carum,
818 3481 1098 3536 venientes
1127 3495 1291 3549 super
1322 3481 1585 3532 minorem
1609 3496 1624 3544 ;
1672 3495 1905 3549 quorum
1940 3480 2031 3535 alii
2059 3496 2154 3536 ac-

579 3575 871 3636 cedebant,
905 3582 966 3625 ut
999 3572 1254 3626 sederent
1315 3571 1371 3624 in
1405 3585 1499 3624 ore
1539 3570 1686 3635 eius,
1733 3572 1821 3624 alii
1867 3573 1919 3625 in
1959 3573 2154 3628 oculis.

580 3665 756 3721 Simul
796 3664 1059 3734 conspexi
1089 3663 1340 3732 angelum
1367 3662 1579 3716 Domini
1617 3671 1882 3717 tenentem
1916 3665 2153 3734 gladium

581 3759 748 3828 ignis,
799 3756 1300 3810 circumvallaniem
1348 3771 1496 3819 eum,
1529 3755 1928 3826 daemonesque
1965 3759 2034 3812 ab
2091 3774 2156 3813 eo

579 3851 996 3921 propellentem.
1046 3851 1114 3900 At
1158 3847 1349 3900 maiori
1401 3862 1508 3900 non
1567 3855 1817 3917 poterant
1863 3851 2154 3919 appropin-

2254 3306 2502 3378 οὐρανόν.
2529 3306 2623 3359 καὶ
2652 3305 2920 3378 ἐθεώρουν
2942 3307 3156 3370 αὐτούς·
3187 3309 3340 3360 αὐτοὶ
3360 3308 3415 3360 δὲ
3439 3309 3543 3360 οὐκ
3564 3306 3790 3377 ἐθεώρουν

2258 3399 2455 3468 μεοκαὶ
2483 3395 2619 3450 εἶδον
2650 3399 2774 3460 τοὺς
2803 3398 3061 3468 δαίμονας
3092 3401 3416 3470 ἐρχομένους
3453 3399 3642 3470 ὥσπερ
3664 3400 3791 3467 μυίας

2255 3489 2347 3540 ἐπὶ
2381 3487 2472 3540 τὸν
2505 3487 2824 3558 μικρότερον
2846 3504 2857 3516 ·
2890 3489 2985 3542 καὶ
3023 3490 3071 3540 οἱ
3104 3490 3201 3560 μὲν
3227 3489 3462 3560 ἤρχοντο
3497 3489 3708 3542 καθίσαι
3731 3489 3790 3549 εἰς

2253 3581 2314 3633 τὸ
2340 3579 2510 3650 στόμα
2540 3579 2725 3644 αὑτοῦ,
2753 3582 2802 3632 οἱ
2837 3580 2893 3633 δὲ
2922 3584 3001 3644 είς
3020 3583 3144 3642 τοὺς
3166 3582 3484 3652 ὀφθαλμοὺς
3513 3583 3690 3637 αὐτοῦ.
3721 3584 3792 3635 καὶ

2255 3669 2392 3726 εἶδον
2425 3673 2652 3742 ἄγγελον
2676 3673 2864 3742 κυρίου
2893 3674 3188 3743 κατέχοντα
3212 3673 3490 3744 ῥομφαίαν
3518 3675 3700 3746 πυρός,
3720 3675 3792 3725 καὶ

2257 3766 2728 3837 περιχαρακοῦντα
2766 3766 2925 3819 αὑτὸν
2967 3766 3060 3818 καὶ
3099 3764 3364 3817 διώκοντα
3395 3767 3532 3829 τοὺς
3572 3766 3796 3835 δαίμονας

579 3957 774 4013 quare.
815 3941 970 3995 Circa
1005 3939 1331 3993 matutinum
1355 3954 1485 3993 vero
1523 3949 1735 4009 tempus
1757 3943 2151 3996 recubuerunt:

582 4042 745 4102 atque
765 4047 864 4103 ego
878 4031 1170 4084 assimilavi
1197 4045 1282 4084 me
1312 4045 1434 4084 mox
1457 4031 1925 4099 expergefactum;
1944 4034 2155 4103 ipsique

582 4125 857 4182 similiter.
916 4121 1029 4176 lloc
1071 4132 1250 4175 autem
1285 4120 1567 4174 dumtaxat
1614 4123 1743 4175 mihi
1775 4125 2020 4180 elocutus
2073 4134 2154 4180 est

583 4216 812 4268 verbum
843 4213 1057 4281 major:
1106 4211 1198 4266 Vis
1239 4213 1533 4268 recitemus
1560 4212 1843 4268 duodecim
1882 4218 2156 4284 psalmos?

586 4309 725 4361 Aio:
766 4305 959 4359 Etiam.
982 4305 1119 4358 Tum
1151 4306 1335 4375 psallit
1367 4307 1543 4358 minor
1571 4307 1809 4375 quinque
1839 4309 2098 4376 psalmos,
2125 4326 2154 4364 a

587 4416 681 4455 sex
704 4398 975 4461 versibus,
995 4405 1048 4450 et
1073 4413 1241 4450 unum
1266 4396 1674 4466 alleluia,atque
1695 4398 1760 4450 ad
1792 4415 2156 4469 unumquem-

2255 3853 2349 3905 ἀπ’
2376 3853 2558 3906 αὐτοῦ.
2592 3854 2671 3923 τῷ
2700 3853 2757 3905 δὲ
2787 3854 3083 3924 μειζοτέρῳ
3109 3855 3206 3907 οὐκ
3236 3854 3493 3909 ἐδύναντο
3538 3855 3794 3925 προσεγγί-

2257 3960 2367 3999 σαι.
2398 3944 2490 3996 καὶ
2521 3945 2596 4006 ὡς
2629 3945 2755 4015 περὶ
2783 3944 2880 4014 τὴν
2905 3944 3115 4014 πρωῖαν
3147 3944 3348 4014 ἔθηκαν
3379 3946 3612 4007 ἑαυτούς
3631 3962 3644 3973 ·
3675 3943 3797 4010 κάγὼ

2257 4036 2487 4105 ἐποίησα
2520 4037 2754 4106 ἐμαυτὸν
2783 4037 2864 4090 ὅτι
2887 4035 3225 4106 διυπνίσθην,
3245 4038 3339 4090 καὶ
3364 4039 3526 4090 αὐτοὶ
3547 4021 3792 4097 ὡσαύτως.

2255 4122 2373 4178 εἷπε
2398 4126 2454 4179 δέ
2487 4145 2576 4196 μοι
2605 4130 2632 4180 ὁ
2661 4127 2861 4198 μείζων
2895 4129 2984 4180 τὸν
3014 4129 3170 4197 λόγον
3202 4129 3389 4181 τοῦτον
3418 4132 3587 4199 μόνον
3611 4149 3625 4161 ·
3657 4128 3798 4188 θέλεις

2257 4218 2505 4288 βάλωμεν
2539 4221 2662 4282 τοὺς
2688 4219 2892 4273 δώδεκα
2912 4221 3069 4290 263
3091 4220 3337 4290 ψαλμούς
3358 4239 3372 4286 ;
3407 4223 3580 4289 λέγω·
3606 4219 3705 4274 ναί·
3726 4220 3796 4271 καὶ

2253 4308 2502 4377 ψάλλειὸ
2545 4310 2865 4379 μικρότερος
2911 4312 3068 4362 πέντε
3097 4311 3345 4381 ψαλμοὺς
3385 4313 3499 4364 ἀπὸ
3540 4312 3600 4377 ἐξ
3639 4312 3798 4379 στίχων

2256 4399 2350 4452 καὶ
2383 4398 2440 4452 ἓν
2469 4398 2781 4469 ἀλληλούια.
2823 4400 2914 4452 καὶ
2941 4403 3080 4452 κατὰ
3107 4401 3286 4471 στίχον
3311 4402 3582 4471 ἐξήρχετο
3610 4401 3798 4470 λαμπὲς

586 4507 692 4560 que
718 4505 934 4544 versum
977 4490 1160 4542 exibat
1199 4490 1342 4559 ignis
1387 4489 1594 4557 lampas
1635 4504 1700 4542 ex
1740 4505 1834 4542 ore
1871 4489 2010 4560 ejus,
2056 4491 2153 4544 ad-

2257 4489 2425 4559 πυρὸς
2452 4491 2515 4543 ἐκ
2542 4490 2634 4542 τοῦ
2663 4491 2926 4560 στόματος
2957 4492 3142 4558 αὑτοῦ,
3177 4493 3269 4546 καὶ
3299 4493 3590 4546 ἀνέϐαινεν
3624 4493 3697 4553 εἰς
3733 4489 3800 4542 τὸν

586 4582 991 4650 scendebatque
1039 4583 1094 4635 in
1142 4582 1373 4635 coelum.
1418 4579 1542 4632 Pari
1573 4580 1735 4634 modo
1768 4581 1932 4636 etiam
1983 4584 2156 4651 major

585 4675 806 4745 quando
835 4674 1114 4743 aperiebat
1141 4689 1204 4729 os
1234 4689 1390 4728 suum
1419 4673 1718 4743 psallendo,
1743 4681 1996 4744 tanquam
2019 4676 2158 4730 funi-

585 4766 746 4821 culus
777 4765 918 4834 iguis
967 4764 1365 4832 egrediebatur,
1402 4773 1454 4816 et
1504 4761 1847 4831 pertingebat
1893 4779 2066 4832 usque
2098 4766 2153 4819 in

585 4860 819 4914 coelum.
858 4858 1031 4912 Etiam
1069 4871 1169 4924 ego
1207 4871 1494 4924 parumper
1527 4871 1589 4908 ex
1639 4862 1858 4924 pectore
1909 4858 2153 4912 recitavi.

588 4953 716 5007 Dein
738 4950 928 5004 exiens
947 4949 1091 5002 dixi:
1119 4947 1281 5002 Orate
1310 4962 1406 5016 pro
1443 4961 1544 5000 me.
1584 4944 1688 5016 lpsi
1720 4954 1897 5002 autem
1923 4949 2149 5002 inclina-

589 5051 780 5098 verunt
807 5058 866 5097 se
900 5050 954 5096 et
988 5049 1295 5095 tacuerunt.
1323 5038 1574 5108 Comperi
1617 5054 1767 5108 ergo,
1795 5039 1938 5107 quod
1974 5040 2148 5109 major

588 5135 858 5206 perfectus
896 5140 1061 5194 esset,
1106 5131 1369 5184 minorem
1410 5144 1540 5182 vero
1584 5128 1762 5182 adhuc
1795 5114 2148 5198 impugnaret

586 5227 860 5282 inimicus.
907 5224 1160 5279 Ceterum
1210 5231 1333 5291 post
1395 5235 1598 5290 paucos
1650 5221 1768 5274 dies
1817 5221 2148 5274 obdormivit

2254 4580 2497 4648 οὐρανόν.
2523 4579 2782 4644 ὡσαύτως
2805 4583 2898 4634 καὶ
2930 4582 2958 4633 ὁ
2998 4583 3199 4651 μείζων
3228 4583 3314 4635 ὅτε
3342 4585 3532 4654 ἤνοιγε
3567 4584 3630 4636 τὸ
3657 4582 3798 4649 στόμα

2254 4668 2418 4723 αὐτοῦ
2456 4669 2695 4737 ψάλλων,
2723 4671 2797 4733 ὡς
2836 4671 3065 4740 σχοινίον
3097 4672 3268 4741 πυρὸς
3305 4674 3380 4740 (a)
3416 4672 3701 4742 ἐξήρχετο,
3727 4668 3801 4722 καὶ

2253 4762 2481 4830 ἔφθανεν
2519 4762 2626 4824 ἕως
2657 4763 2750 4814 τοῦ
2793 4762 3036 4832 ούρανοῦ.
3091 4763 3243 4831 κάγὼ
3271 4759 3424 4816 εἷπον
3480 4764 3681 4834 μικρὸν
3718 4760 3802 4813 ἀπὸ

2256 4855 2505 4924 στήθους.
2543 4854 2637 4906 καὶ
2667 4853 2896 4916 ἐξελθὼν
2931 4855 3071 4921 λέγω
3098 4872 3112 4885 ·
3166 4854 3392 4918 εὔξασθε
3425 4857 3566 4925 περὶ
3593 4855 3636 4885 ³⁷
3671 4849 3798 4921 ἐμοῦ.

2253 4947 2406 5000 αὐτοὶ
2440 4946 2495 4999 δέ
2535 4945 2724 4998 ἔθαλον
2777 4947 3060 5014 μετάνοιαν
3109 4947 3440 5010 σιωπῶντες.
3495 4945 3698 5015 ἔμαθον
3731 4938 3804 4993 οἷν

2252 5041 2330 5093 ὅτι
2370 5042 2398 5093 ὁ
2447 5038 2645 5109 μείζων
2672 5039 2872 5101 τέλειός
2908 5042 3040 5104 ἐστι,
3073 5039 3150 5109 τῷ
3181 5040 3237 5092 δὲ
3285 5039 3604 5110 μικροτέρῳ
3649 5035 3803 5104 ἀκμὴν

2253 5130 2508 5200 ἐπολέμει
2556 5133 2584 5184 ὁ
2625 5130 2837 5202 ἐχθρός.
2874 5131 3008 5200 μετὰ
3049 5131 3107 5183 δὲ
3164 5131 3366 5201 μικρὰς
3399 5131 3628 5200 ἡμέρας
3689 5131 3806 5179 ἐκοι-

2257 5221 2398 5291 μήθη
2438 5223 2466 5274 ὁ
2503 5219 2703 5291 μείζων
2727 5221 2983 5288 ἀδελφός,
3013 5221 3107 5273 καὶ
3141 5221 3206 5291 τῇ
3247 5223 3405 5293 τρίτῃ
3433 5223 3631 5292 ἡμέρᾳ
3666 5219 3694 5270 ὁ
3737 5235 3796 5286 μι-

1839 5329 2095 5385 VARIAE
2130 5329 2529 5386 LECTIONES.

655 5445 694 5476 ³⁸
737 5443 822 5498 Al.
851 5446 1165 5513 μακρόθεν.
1281 5445 1322 5475 ³³
1357 5444 1440 5496 Al.
1484 5444 1741 5498 πλέκων.

609 5514 631 5543 ⁸
669 5513 845 5580 Corr.,
871 5515 1103 5570 Coteler.
1129 5515 1446 5578 ζώ·νουσιν;
1475 5517 1538 5568 al.
1580 5513 1921 5576 ζωννύουσι.

1854 5445 1899 5476 ³³
1936 5445 2018 5498 Al.
2054 5448 2418 5514 μικρότερος.

2000 5515 2040 5545 ετ
2081 5517 2164 5570 Al.
2214 5517 2384 5583 ὑπέρ.

2534 5447 2579 5478 at
2616 5446 2702 5501 Al.
2741 5446 2908 5502 inser.
2939 5446 3158 5515 ἀλλην.
3264 5447 3308 5479 ³ο
3359 5447 3442 5500 AI.
3512 5445 3588 5497 ὲν
3616 5443 3801 5513 ἠμέρα-

2060 5629 2241 5685 ΝΟΤΑ
2251 5631 2311 5685 Ε.

657 5718 732 5786 (a)
761 5721 1034 5790 ἔκρωζον
1066 5721 1271 5790 πυρός,
1304 5720 1566 5786 funirulus
1590 5722 1725 5790 ignis
1764 5720 1958 5774 Ruﬁno
1987 5721 2152 5775 inter~

588 5798 739 5861 prete
767 5786 907 5860 [VV'.
950 5789 1051 5843 PP.
1085 5789 1266 5846 llosw.
1301 5793 1393 5844 lib.
1436 5791 1503 5844 Ill
1537 5786 1652 5862 cap.
1692 5791 1831 5862 195].
1878 5790 2046 5848 Porro
2079 5793 2147 5846 ad

2255 5723 2481 5796 Joannis
2526 5725 2827 5780 versionem
2880 5726 2931 5778 in
2980 5725 3169 5781 iisdem
3194 5728 3332 5781 Vitis
3363 5726 3596 5782 Patrum
3649 5729 3802 5796 furnus

2257 5794 2496 5863 irrepsit,
2527 5810 2592 5850 ex
2621 5796 3002 5851 abbreviatura
3031 5796 3181 5853 vocis
3213 5798 3507 5868 (articulus.
3545 5794 3801 5854 Cornu.
