3950 6584
124 373 204 431 257

1392 349 2031 413 APDPllTHEGMATA.

3250 352 3359 418 958

122 488 364 562 κρότερος.
388 483 483 536 καὶ
503 483 590 535 ὅτε
618 480 928 552 παρέδαλόν
949 494 1091 543 τινες
1115 478 1222 531 τῶν
1249 479 1503 550 πατέρων
1531 474 1671 548 πρὸς

1794 477 1950 532 naior
1973 478 2161 541 frater,
2204 494 2271 535 ac
2314 479 2473 534 tertia
2502 480 2590 534 die
2614 480 2811 535 minor.
2848 480 3095 551 Cumque
3122 496 3152 537 e
3182 481 3360 539 Patri-

122 582 191 635 τὸν
210 576 377 630 ἀὸϐᾶν
405 574 715 645 Μακάριον,
744 572 1049 643 ἐλάμϐανεν
1072 571 1272 632 αὐτοὺς
1297 571 1379 633 εἰς
1410 570 1509 639 τὴν
1538 568 1669 621 κέλ-

1775 572 1881 630 bus
1918 568 2169 627 nonnulli
2214 570 2431 628 adirent
2468 571 2764 627 Macarium
2794 573 3077 637 abbatem,
3129 575 3363 632 ducebat

120 675 197 726 λαν
230 667 403 722 αὐτῶν
451 666 659 735 λέγων’
710 665 888 729 δεῦτε,
924 664 1063 719 ῐδετε
1111 666 1173 717 τὸ
1215 660 1518 735 μαρτύριον
1562 659 1673 713 τῶν

1794 680 1870 722 ξοε
1902 666 1959 721 in
1982 664 2175 719 cellam
2209 676 2397 720 eorum
2434 664 2624 719 dicens
2663 683 2676 720 :
2727 662 2953 729 Venite,
2993 666 3178 722 videte
3215 683 3363 722 mar-

121 762 301 839 μικρῶν
331 762 499 828 ξένων
518 762 617 831 (a).

173 854 250 909 55.
308 850 667 906 ’Δπέστειλάν
708 866 839 903 ποτε
878 844 1016 920 πρὸς
1047 839 1143 900 τὸν
1184 845 1359 900 ἁϐὅᾶν
1388 844 1674 915 Μακάρων

116 953 163 1003 ὲν
188 944 344 1017 264
364 948 433 1016 τῇ
474 945 673 1014 Σκήτει
706 943 756 995 oi
780 942 1041 1013 γέροντες
1074 938 1170 993 τοῦ
1206 939 1389 1011 ὅρους,
1418 955 1675 1010 παρακα-

113 1041 309 1101 λοῦντες
334 1037 495 1090 αὐτόν
520 1053 534 1067 ’
567 1035 661 1089 καί
688 1051 823 1103 φασι
854 1032 993 1104 πρὸς
1026 1031 1190 1086 αὐτόν
1212 1046 1227 1061 °
1265 1030 1353 1086 ἵνα
1384 1031 1459 1102 μὴ
1504 1031 1675 1102 σκυλῇ

115 1133 247 1194 πᾶςὸ
275 1130 400 1192 λαὸς
422 1129 559 1200 πρὸς
589 1127 674 1190 σέ,
699 1125 961 1197 ἀξιοῦμέν
989 1142 1046 1179 σε
1092 1124 1504 1197 παραγενέσθαι
1540 1124 1677 1194 πρὸς

114 1224 237 1294 ἡμᾶς
260 1261 277 1287 ,
305 1223 453 1283 ὃπως
492 1217 820 1289 θεασώμεθα
850 1217 958 1287 πρὸ
980 1215 1075 1271 τοῦ
1107 1234 1165 1270 σε
1194 1217 1508 1288 ἐκδημῆσαι
1540 1216 1679 1286 πρὸς

112 1316 299 1386 κύριον.
344 1310 794 1383 παραγενομένου
840 1308 1007 1364 αὐτοῦ
1042 1309 1101 1362 ὲν
1139 1309 1218 1379 τῷ
1256 1309 1393 1380 ὄρει,
1436 1306 1676 1379 συνήχθη

113 1410 201 1471 πᾶς
232 1407 261 1457 ὁ
306 1404 433 1468 λαὸς
472 1404 609 1474 πρὸς
653 1403 843 1455 αὐτόν’
891 1402 986 1457 καὶ
1036 1400 1383 1475 παρεκάλουν
1424 1400 1590 1456 αὐτὸν
1629 1401 1678 1454 οἱ

114 1502 355 1573 γέροντες
400 1499 574 1550 εἰπεῖν
605 1494 762 1563 λόγον
805 1497 920 1557 τοῖς
956 1493 1301 1563 ἁδελφοῖς.,ὁ
1338 1493 1398 1546 δὲ
1438 1491 1681 1556 ἀκούσας

119 1596 236 1664 ἔφη·
284 1588 633 1660 κλαύσωμεν,
674 1587 918 1658 ἀδελφοί,
970 1588 1065 1641 καὶ
1112 1585 1579 1655 καταγαγέτωσαν
1629 1587 1681 1639 οἱ

110 1683 362 1754 ὀφθαλμοὶ
402 1680 564 1751 ήμῶν
622 1679 862 1750 δάκρυα,
902 1677 1009 1749 πρὸ
1045 1674 1141 1730 τοῦ
1190 1678 1337 1748 ἡμᾶς
1386 1676 1676 1730 ἀπελθεῖν,

109 1780 219 1831 ὅπου
236 1774 309 1828 τὰ
338 1776 370 1845 ή
381 1773 497 1844 μῶν
523 1771 736 1843 δάκρυα
767 1767 1108 1824 κατακαύσει
1135 1767 1206 1821 τὰ
1232 1766 1464 1838 σώματα
1488 1766 1677 1838 ἡμῶν.

1774 756 1977 826 tyrium
2005 755 2279 809 minorum
2302 756 2739 826 peregrinorum.

1846 848 1940 903 54.
1988 847 2257 903 Miserunt
2301 847 2597 918 aliquando
2640 848 2709 903 ad
2764 847 3062 904 Macarium
3109 850 3361 905 abbatem

1779 940 1835 997 in
1865 941 2013 994 Sceti
2050 955 2212 997 senes
2254 943 2480 1006 montis,
2512 952 2799 1011 precantes
2821 955 2945 997 eum
2988 956 3054 997 ac
3077 943 3361 999 dicentes:

1778 1029 1857 1087 Ne
1889 1032 2147 1086 universa
2195 1032 2488 1086 multitudo
2530 1031 2599 1085 ad
2650 1040 2706 1087 te
2741 1032 3011 1087 veniendo
3056 1033 3363 1104 fatigetur...

1778 1137 2090 1192 precamur,
2118 1130 2178 1175 ut
2218 1122 2450 1177 accedas
2474 1122 2538 1175 ad
2563 1134 2687 1185 nos,
2730 1131 2893 1191 teque
2928 1123 3229 1184 videamus.
3267 1136 3368 1175 an-

1783 1222 2003 1282 tequam
2027 1212 2267 1282 emigres
2297 1211 2366 1265 ad
2400 1212 2715 1266 Dominum.
2741 1213 2847 1279 Qui
2875 1230 3000 1267 cum
3024 1213 3292 1271 adfuisset
3312 1216 3367 1270 in

1780 1312 1987 1370 monte,
2019 1311 2350 1375 congregata
2401 1312 2486 1359 est
2534 1306 2715 1359 omnis
2766 1306 3060 1361 multitudo
3110 1308 3175 1362 ad
3218 1325 3365 1365 eum.

1781 1393 1957 1451 Senes
1980 1410 2112 1451 vero
2134 1404 2489 1467 rogaverunt,
2525 1406 2584 1451 ut
2632 1398 2699 1452 ad
2741 1398 2942 1455 fratres
2985 1400 3211 1456 haberet
3254 1419 3370 1458 ser-

1780 1500 2022 1541 monem.
2074 1484 2167 1542 Ille
2199 1486 2407 1556 igitur:
2444 1486 2749 1555 Ploremus,
2794 1491 2991 1559 inquit,
3052 1491 3272 1558 fratres,
3315 1501 3371 1548 et

1781 1578 1927 1633 oculi
1977 1580 2155 1633 nostri
2215 1579 2552 1649 profundant
2599 1581 2894 1647 lacrimas,
2956 1592 3248 1653 antequam
3304 1602 3371 1641 eo

1782 1673 2080 1736 abeamus,
2118 1672 2211 1727 ubi
2252 1674 2515 1729 lacrimae
2554 1684 2777 1731 nostrae
2812 1676 3199 1731 combusturae
3241 1686 3374 1733 sunt

1783 1779 2015 1835 corpora
2054 1772 2264 1820 nostra.
2303 1762 2366 1818 Et
2400 1765 2752 1835 ploraverunt
2790 1767 2997 1831 cuncti,
3028 1768 3374 1824 ceciderunt-

106 1871 187 1925 καὶ
219 1868 494 1921 ἔκλαυσαν
531 1866 763 1929 πάντες,
800 1863 895 1916 καὶ
916 1862 1112 1915 ἔπεσον
1137 1861 1230 1915 ἐπὶ
1261 1861 1552 1933 πρόσωπον
1581 1860 1679 1915 αὑ-

1794 1872 1889 1927 que
1918 1871 2085 1927 super
2116 1856 2318 1911 faciem
2351 1871 2506 1912 suam
2537 1864 2591 1913 et
2614 1857 2907 1913 dixerunt:
2941 1858 3123 1925 Pater,
3153 1877 3247 1916 ora
3273 1877 3372 1932 pro

106 1965 196 2019 τῶν
221 1961 322 2015 καὶ
354 1956 538 2013 aiat-0v:
569 1958 767 2027 πάτερ,
798 1952 952 2023 εὖξαι
982 1955 1124 2027 ὑπὲρ
1152 1954 1427 2025 ἡμῶνψ).

162 2056 247 2111 55.
292 2052 527 2106 Ἀλλοτε
571 2049 736 2105 πάλιν
785 2048 995 2119 δαίμων
1035 2048 1240 2118 ἐπέστη
1278 2046 1355 2117 τῷ
1386 2044 1532 2117 ἀόϐᾷ
1558 2046 1682 2101 Μαι

102 2142 261 2213 καρίῳ
285 2140 433 2211 μετὰ
465 2138 783 2210 μαχαιρίου,
810 2136 986 2191 θέλων
1005 2137 1095 2190 τὸν
1127 2136 1264 2189 πόδα
1294 2136 1460 2189 αὐτοῦ
1487 2136 1677 2206 κόψαι·

96 2235 181 2291 καί
230 2234 325 2287 διὰ
369 2233 467 2302 τὴν
512 2228 1017 2300 ταπεινοφροσύνην
1062 2228 1231 2281 αὐτοῦ
1297 2228 1371 2298 μὴ
1420 2227 1678 2297 δυνηθεὶς

96 2329 237 2395 λέγει
277 2325 434 2396 αὐτῷ
457 2340 469 2353 ·
500 2326 599 2378 ὅσα
645 2324 820 2393 ἔχετε,
857 2322 952 2375 καὶ
977 2323 1138 2392 ἡμεῖς
1167 2320 1393 2391 ἔχομεν·
1436 2319 1572 2392 μόνῃ
1614 2322 1680 2391 τῇ

91 2416 565 2489 ταπεινοφροσύνῃ
612 2414 900 2485 διαφέρετε
947 2413 1129 2485 ἡμῶν,
1165 2413 1260 2467 καὶ
1303 2415 1558 2482 κρατεῖτε
1588 2410 1679 2482 (ε).

155 2592 321 2665 265
361 2593 449 2646 56.
486 2587 654 2645 Εἶπεν
690 2592 719 2644 ὁ
747 2589 920 2653 ἁὸϐἄς
955 2588 1272 2660 Μακάριος’
1304 2587 1400 2642 ἐὰν
1432 2586 1684 2659 μνησθῶο

94 2706 188 2756 μεν
230 2686 352 2738 τῶν
399 2684 507 2737 ὑπὸ
544 2684 655 2736 τῶν
682 2681 988 2754 ἀνθρώπων
1027 2680 1379 2751 ἐπαγομένων
1422 2681 1555 2752 ἡμῖν
1586 2697 1686 2734 κα-

91 2779 218 2845 κῶν,
252 2775 601 2847 ἁναιροῦμεν
627 2776 725 2846 τὴν
749 2774 982 2845 δύναμιν
1011 2773 1113 2843 τῆς
1144 2772 1239 2826 τοῦ
1270 2772 1407 2825 θεοῦ
1440 2774 1684 2845 μνήμης’

87 2872 179 2924 ἐὰν
201 2871 259 2924 δὲ
281 2869 628 2941 μνησθῶμεν
648 2867 757 2921 τῶν
786 2866 971 2921 κακῶν
997 2867 1104 2919 τῶν
1132 2866 1423 2936 δαιμόνων,
1447 2864 1686 2935 ἐσόμεθα

85 2964 324 3034 ἄτρωτοι
371 2962 472 3031 (d).

150 3057 243 3111 37.
280 3052 466 3109 Εἶπεν
490 3055 520 3108 ὁ
549 3053 720 3118 ἁὸϐἇς
748 3051 1127 3121 Παφνούτιοςὸ
1156 3050 1402 3122 μαθητὴς
1426 3049 1521 3105 τοῦ
1543 3050 1690 3105 ἀὸϐἄ

84 3148 409 3220 Μακαρίου,
446 3149 531 3201 ὅτι
549 3147 735 3215 ἔλεγεν
773 3147 802 3199 ὁ
832 3146 1032 3217 γέρων,
1051 3145 1133 3197 ὅτι
1158 3145 1246 3198 ὅτε
1272 3146 1422 3215 ἤμην
1451 3143 1684 3207 παιδίον,

82 3244 225 3314 μετὰ
247 3243 368 3296 τῶν
407 3240 588 3294 ἄλλων
620 3238 848 3293 παιδίων
878 3238 1103 3291 ἔϐοσκον
1134 3236 1307 3307 βοΐδια
1328 3254 1340 3266 ·
1374 3236 1470 3288 καὶ
1513 3234 1689 3306 ἀπῆλ-

1781 1949 1961 2004 nobis.

1851 2041 1940 2097 35.
1975 2042 2096 2096 Alia
2125 2041 2325 2097 iterlim
2348 2042 2469 2098 vice
2506 2042 2739 2098 daemon
2772 2043 3037 2100 adversus
3071 2044 3371 2101 Macarium

1783 2132 2033 2187 abbatem
2076 2132 2375 2188 insurrexit
2410 2147 2533 2187 cum
2574 2130 2830 2203 gladiolo,
2864 2136 2986 2189 eius
3020 2136 3213 2205 pedem
3264 2154 3374 2192 am-

1782 2235 2098 2295 putaturus.
2133 2224 2289 2291 Quod
2314 2240 2438 2280 cum
2471 2234 2695 2297 prepter
2726 2226 3088 2282 humilitatem
3118 2229 3240 2284 eius
3261 2245 3374 2285 non

1782 2317 2073 2387 potuisset,
2120 2318 2208 2372 ei:
2257 2315 2630 2387 Quaecunque
2680 2319 2915 2381 habetis,
2962 2320 3162 2391 inquit,
3202 2323 3375 2378 habe-

1784 2423 1907 2463 mus
1946 2415 2000 2462 et
2028 2423 2171 2474 nos;
2225 2407 2343 2463 sola
2386 2407 2698 2462 humilitate
2743 2421 2775 2461 a
2810 2408 3286 2483 nobis|dilfertis,
3319 2419 3376 2466 et

1786 2499 2132 2569 praevaletis.

1854 2588 1945 2644 56.
1982 2588 2126 2644 Dixit
2158 2588 2433 2647 Macarius
2472 2591 2680 2647 abbas:
2734 2590 2792 2646 Si
2831 2594 3226 2650 retinuerimus
3263 2612 3377 2651 me-

1784 2680 2016 2735 moriam
2049 2683 2321 2737 malorum
2362 2684 2432 2738 ab
2462 2684 2782 2741 hominibus
2823 2687 2985 2741 nobis
3021 2687 3373 2753 inflictorum,

1787 2776 2072 2831 aboiemus
2103 2777 2213 2830 vim
2239 2777 2642 2831 recordationis
2672 2777 2803 2833 Dei:
2835 2779 2883 2834 si
2926 2795 3056 2835 vero
3089 2780 3369 2837 recordati

1788 2869 2060 2925 fuerimus
2088 2869 2382 2934 malorum,
2405 2884 2547 2941 quae
2569 2886 2668 2941 per
2690 2870 2988 2927 daemOnes
3028 2873 3375 2945 contingunt,

1786 2964 1996 3019 erimus
2031 2962 2390 3018 invulnerati.

1858 3055 1949 3110 57.
1989 3054 2333 3126 Paphnutius
2360 3055 2551 3119 abbas,
2600 3055 2825 3111 Macarii
2874 3057 3087 3113 abbatis
3133 3058 3379 3129 discipu‘
3418 3046 3427 3049 “

1790 3147 1898 3213 lus,
1931 3149 2139 3214 retulit,
2166 3163 2352 3204 senem
2378 3148 2620 3204 dixisse:
2656 3148 2889 3215 Quando
2919 3165 3056 3220 puer
3086 3166 3256 3213 eram.
3286 3152 3382 3207 bu-

1791 3242 1947 3296 cuias
1985 3252 2111 3294 cum
2150 3239 2273 3295 aliis
2314 3240 2501 3309 pueris
2535 3242 2849 3310 pascebam,
2888 3242 2981 3310 qui
3021 3250 3383 3313 perrexerunt

82 3335 171 3387 θον
198 3333 418 3403 κλέψαι
462 3332 677 3386 συκίδια
698 3349 711 3362 ·
746 3332 840 3385 καὶ
868 3333 943 3394 ὼς
966 3330 1279 3401 τρέχουσιν,
1322 3328 1518 3381 ἔπεσεν
1540 3327 1599 3381 ἓν
1629 3328 1679 3393 ἐξ

1794 3335 2035 3389 furatum
2065 3335 2224 3390 ﬁcus.
2259 3333 2509 3406 Dumque
2543 3343 2798 3396 currunt.
2829 3350 2937 3390 una
2964 3351 3029 3391 ex
3052 3337 3121 3391 iis
3153 3335 3382 3401 cecidit,

76 3428 287 3492 αὐτῶν,
324 3427 431 3480 καὶ
475 3424 655 3479 λαὸὼν
681 3425 883 3494 ἔφαγον
916 3422 1077 3477 αὐτόο
1114 3423 1211 3475 καὶ
1242 3423 1332 3475 ὅτε
1365 3417 1679 3491 μνημονεύα

1794 3442 1956 3497 quam
1990 3427 2189 3482 tollens
2216 3426 2456 3482 comedi.
2485 3425 2711 3493 Quoties
2736 3427 2906 3500 igitur
2931 3429 3010 3483 rei
3038 3428 3159 3484 eius
3177 3443 3384 3483 memo-

75 3520 272 3585 αὑτοῦ,
311 3520 579 3590 κάθημαι
609 3519 833 3572 κλαίων.

1794 3520 1877 3573 ria
1915 3519 2071 3584 redit,
2104 3520 2329 3590 plorans
2358 3519 2543 3575 sedeo.

140 3615 241 3669 38.
287 3610 482 3667 Εἶπεν
511 3613 539 3664 ὁ
562 3611 735 3674 esse;
758 3609 1044 3680 Μακάριος
1065 3647 1079 3672 ,
1108 3608 1190 3661 ὅτι
1217 3603 1536 3676 περιπατῶν
1563 3620 1679 3657 ποτε

1864 3612 1955 3666 58.
2015 3610 2268 3667 Narravit
2316 3611 2611 3673 Macarius,
2644 3612 2852 3669 abbas:
2908 3612 3014 3668 lter
3068 3628 3235 3685 agens
3287 3615 3387 3669 ali-

71 3712 152 3772 είς
182 3710 293 3780 τὴν
327 3708 575 3779 ἔρημον,
614 3700 772 3777 εὗρον
801 3704 1025 3774 κρανίον
1054 3704 1135 3765 είς
1170 3701 1230 3756 τὸ
1268 3700 1466 3767 ἔδαφος
1497 3696 1679 3769 νεκροί

1797 3704 2019 3776 quando
2070 3721 2169 3776 per
2217 3721 2482 3771 eremum,
2526 3707 2710 3763 inveni
2751 3708 3047 3761 calvariam
3082 3710 3279 3763 mortui
3319 3704 3385 3764 ad

66 3802 445 3873 ἐρριμμένον
473 3817 490 3830 θ
540 3798 636 3852 καὶ
685 3796 954 3857 σαλεύοας
998 3794 1130 3847 αὐτὸ
1171 3795 1237 3864 τῇ
1286 3791 1442 3863 βαίνῃ
1492 3791 1679 3862 ῥάϐδῳ

1800 3798 1976 3852 solum
2006 3799 2273 3853 iacentem
2300 3816 2315 3865 ;
2357 3814 2522 3870 quam
2544 3814 2668 3854 cum
2696 3799 2891 3854 baculo
2931 3801 3144 3870 palmeo
3182 3802 3389 3856 movis—

68 3894 320 3965 ἐλάλησέ
368 3909 470 3962 μοι
502 3890 563 3943 τὸ
596 3888 847 3960 κρανίονο
886 3888 981 3941 καὶ
1002 3886 1145 3955 λέγω
1174 3886 1354 3956 αὐτῷ·
1398 3887 1463 3939 σὺ
1491 3884 1575 3947 τίς
1605 3879 1655 3936 εἶ

1802 3905 1938 3951 sem.
1984 3890 2167 3945 locuta
2220 3898 2305 3946 est
2350 3891 2484 3946 mihi
2542 3891 2802 3946 calvaria.
2848 3891 2980 3945 Dico
3011 3891 3058 3946 ei
3086 3909 3100 3946 :
3129 3885 3211 3945 Tu
3263 3893 3390 3962 quis

61 3986 372 4057 ἀπεκρίθη
416 4000 513 4054 μοι
552 3984 612 4035 τὸ
647 3981 902 4052 κρανίον⁸
934 3978 1046 4049 ἐγὼ
1084 3980 1233 4049 ήμην
1267 3979 1557 4048 ἀρχιερεὺς
1589 3976 1679 4028 τῶς

1802 3984 1903 4038 cs?
1949 3981 2252 4055 Respondit
2286 3984 2418 4037 mihi
2467 3984 2749 4038 calvaria:
2784 3982 2898 4054 Ego
2935 3999 3085 4038 eram
3140 3983 3389 4054 pontifex

63 4079 347 4143 εἰδώλων,
387 4077 495 4130 καὶ
514 4074 621 4128 τῶν
653 4074 954 4146 μεινάντων
990 4072 1259 4143 Ἐλλήνων
1287 4071 1333 4102 ³⁸
1361 4072 1419 4123 ὲν
1445 4069 1523 4141 τῷ
1549 4070 1679 4140 τόπιε

1804 4077 2097 4140 idolorum,
2139 4090 2442 4147 eorumque
2488 4076 2805 4148 gentilium,
2855 4077 2947 4145 qui
3004 4076 3058 4130 in
3112 4075 3218 4131 huc
3267 4078 3390 4132 loco

55 4173 251 4243 τούτῳ
276 4191 291 4202 ·
329 4172 415 4223 σὺ
446 4169 509 4222 δὲ
545 4164 597 4221 εἴ
633 4168 922 4238 Μακάριος
968 4168 997 4218 ὁ
1036 4163 1512 4234 πνευματοφόρος·
1579 4162 1679 4216 οἴαε

1805 4168 2079 4239 degebant
2110 4186 2124 4222 ε
2173 4176 2231 4222 ιιι
2264 4184 2394 4224 vero
2431 4183 2492 4224 es
2524 4167 2799 4222 Macarius
2834 4165 3044 4237 Spiritu
3084 4166 3270 4221 divino
3301 4182 3391 4222 re-

58 4267 222 4336 ὧραν
258 4264 465 4335 266
506 4258 913 4330 σπλαγχνισθῇς
962 4256 1089 4319 τοὺς
1123 4257 1180 4308 ὲν
1212 4257 1277 4326 τῇ
1324 4254 1578 4319 κολάσει,
1608 4272 1679 4307 κα

1806 4259 2020 4329 pletus;
2082 4275 2416 4331 quacunque
2455 4260 2591 4315 hora
2635 4268 2944 4315 commotus
2972 4258 3143 4314 fueris
3177 4258 3394 4315 miseri-

55 4362 199 4430 εὖχῃ
238 4358 401 4428 περὶ
431 4354 640 4414 αὐτῶν,
682 4348 1135 4423 παραμυθοῦνται
1155 4348 1352 4417 ὀλίγον.
1379 4347 1527 4416 λέγει
1555 4345 1679 4415 αὐτρ

1808 4354 1995 4410 cordia
2026 4370 2155 4426 erga
2187 4370 2303 4420 eos,
2344 4354 2437 4425 qui
2473 4354 2528 4408 in
2559 4353 2849 4423 tormentis
2882 4361 3030 4419 sunt,
3060 4360 3116 4407 et
3144 4350 3391 4406 oraveris

56 4456 83 4503 ὁ
103 4455 337 4523 γέρων·
369 4448 522 4500 ποία
548 4444 695 4499 ἐστὶν
722 4446 754 4514 ἡ
784 4441 1126 4514 παραμυθία,
1158 4441 1252 4494 καὶ
1271 4439 1357 4503 τίς
1383 4441 1416 4509 ἡ
1441 4438 1665 4501 κόλασις

1809 4462 1910 4518 pro
1951 4447 2041 4513 iis,
2070 4446 2348 4517 paululum
2371 4447 2615 4503 sentiunt
2647 4446 2849 4500 solatii.
2871 4445 2961 4499 Ait
2985 4460 3150 4500 senex
3173 4463 3186 4498 :
3207 4444 3395 4510 Quod-

54 4546 212 4611 λέγει
248 4540 444 4611 αὐτῷ
465 4558 480 4570 ο
516 4540 640 4591 ὅσον
663 4539 857 4607 ἀπέχει
885 4538 913 4587 ὁ
947 4534 1174 4606 οὐρανὸς
1200 4533 1309 4586 ἀπὸ
1333 4533 1434 4604 τῆς
1459 4532 1583 4602 γῆς,
1616 4548 1678 4584 το

1810 4549 1935 4588 nam
1971 4541 2056 4588 est
2097 4535 2386 4597 solatium,
2422 4542 2477 4589 et
2516 4534 2792 4605 quodnam
2840 4534 3222 4589 tormentum?
3265 4533 3391 4588 illa:

57 4639 268 4691 σοῦτόν
311 4639 501 4688 ἐστιν
532 4631 644 4701 πῦρ
676 4627 1030 4682 ὑποκάτωθεν
1058 4625 1239 4697 ήμῶν,
1264 4625 1373 4678 ἀπὸ
1406 4623 1579 4678 ποδῶν
1602 4623 1676 4675 ἓω

1814 4625 2111 4693 Quantum,
2136 4628 2335 4697 inQuit,
2371 4643 2399 4679 a
2425 4638 2571 4682 terra
2599 4628 2769 4683 distat
2800 4627 3037 4693 coelum,
3066 4634 3278 4680 tantum
3309 4633 3396 4681 est

51 4729 332 4800 κεφαλῆς
367 4722 709 4793 ἑστηκότων
738 4720 898 4792 ἡμῶν
930 4719 1092 4792 μέσον
1124 4718 1218 4771 τοῦ
1252 4717 1421 4788 πυρός
1442 4733 1455 4746 °
1490 4715 1581 4769 καὶ
1609 4715 1679 4768 of):

1816 4718 1959 4789 ignis
1978 4717 2120 4772 infra
2154 4735 2275 4783 nos,
2313 4735 2345 4773 a
2369 4719 2598 4790 pedibus
2627 4735 2801 4788 usque
2838 4719 2903 4773 ad
2927 4728 3093 4789 caput
3122 4719 3397 4773 stantibus

52 4826 173 4877 ἔστι
206 4822 566 4893 πρόσωπον
595 4814 730 4886 πρὸς
760 4814 1051 4884 πρόσωπον
1077 4809 1371 4864 θεάσασθαί
1401 4827 1542 4870 τινα,
1574 4808 1679 4862 ἀλλς

1818 4809 1978 4865 nobis
2006 4811 2063 4864 in
2092 4810 2272 4865 medio
2298 4810 2464 4881 ignis,
2511 4826 2612 4865 nec
2641 4810 2769 4865 licet
2818 4810 2959 4863 facie
2997 4810 3061 4863 ad
3092 4808 3285 4863 faciem
3319 4808 3399 4860 vi-

48 4916 108 4970 τὸ
144 4914 511 4987 πρόσωπον
545 4906 778 4960 ἑκάστου
811 4906 855 4936 ³⁸
887 4904 1025 4974 πρὸς
1058 4902 1149 4954 τὸν
1191 4901 1377 4971 ἐτέρου
1412 4900 1581 4952 νῶτον
1617 4916 1679 4952 κε

1819 4902 1949 4956 dere
1973 4916 2326 4971 quemquam,
2362 4901 2458 4956 sed
2483 4900 2751 4971 cujusque
2781 4900 2949 4956 facies
2982 4900 3150 4955 dorso
3174 4899 3401 4953 alterius

46 5010 379 5079 κόλληται.
442 5002 535 5065 ὡς
578 4995 671 5054 οὖν
715 4996 853 5069 εὔχῃ
900 4994 1040 5066 ὑπὲρ
1070 4993 1259 5065 ἡμῶν,
1292 4994 1357 5044 ἐκ
1389 4992 1590 5062 μέρους
1626 5005 1679 5042 τι

1820 4996 2101 5049 adhaeret.
2148 4992 2380 5060 Quando
2427 4994 2593 5066 igitur
2625 5010 2754 5049 oras
2797 5008 2898 5063 pro
2935 4992 3125 5055 nobis,
3158 5006 3302 5045 unus
3332 5006 3398 5045 ex

42 5102 267 5171 θεωρεῖ
304 5094 387 5152 τὸ
446 5092 756 5162 πρόσωπον
794 5087 888 5141 τοῦ
922 5086 1111 5157 ἑτέρου
1133 5102 1144 5114 ·
1190 5084 1330 5157 αὕτη
1358 5085 1505 5137 ἐστὶν
1536 5085 1570 5154 ὴ
1603 5100 1679 5135 πα

1822 5099 1978 5158 parte
2001 5096 2212 5158 spectat
2245 5086 2439 5142 faciem
2484 5087 2732 5141 alterius.
2762 5085 2873 5140 lloc
2901 5091 2984 5140 est
3024 5084 3304 5138 solatium.
3338 5082 3404 5136 Et

1407 5239 1664 5295 VARHE
1703 5241 2102 5300 LECTIONES.

116 5376 167 5406 ³⁸
214 5373 321 5427 ΑΙ,
374 5362 605 5433 ἱερεὺς
643 5359 761 5414 τῶν
794 5355 1104 5423 Ἑλλήνων
1135 5354 1250 5409 τῶν
1268 5353 1619 5424 μεινάντων.
1699 5356 1743 5389 ³¹
1776 5356 1858 5410 Al.
1893 5355 2029 5410 ἀλλὰ
2060 5355 2249 5424 νῶτος
2276 5354 2527 5409 ἑκάστου.

1626 5469 1857 5526 NOTAE
1868 5511 1881 5524 .

119 5620 206 5690 (α)
254 5614 366 5690 (ξι.
392 5606 563 5690 ινιτ.
598 5606 701 5663 ΡΡ.
751 5606 935 5663 Rosw.
977 5606 1074 5662 lib.
1112 5601 1177 5658 Ill
1209 5618 1330 5672 cap.
1372 5600 1493 5664 195;
1530 5601 1623 5656 lib.
1655 5598 1725 5655 Vl

46 5688 363 5833 ιὼξῗξέἵῖ
386 5686 557 5807 2\fv.
584 5742 1119 5833 PP.‘R_osw‘."l’ib;"Y
1146 5743 1311 5833 llibell.
1344 5741 1490 5833 sua.

125 5810 205 5901 ἰὲἱ
238 5810 350 5886 6f.
384 5813 1337 5901 suetas“?!1:.VY:.P‘1;.!‘°§W-
1369 5810 1553 5901 [Lb-1"
1590 5827 1712 5883 οεψ·

55 5882 347 5971 ηἷςίᾗιιζ
384 5896 436 5951 v
486 5882 667 5946 l'ibell.
700 5889 786 5955 is,
819 5889 922 5953 es;
960 5886 1053 5941 lib.
1086 5884 1176 5937 vn
1212 5899 1333 5955 cap.
1368 5885 1451 5949 ιδ,
1484 5882 1538 5938 6.

438 5991 744 6050 ΡΑτιιοι.
804 5983 921 6044 Gn.
952 5979 1253 6042 XXXIV.
3049 5969 3089 6028 9

1905 5606 1994 5693 ἐς).
2016 5605 2104 5693 Ct:
2126 5605 2336 5693 Evasi;
2359 5602 3258 5693 (Pavitareaicg'ﬁdMater“?!
3275 5616 3405 5693 Fu?-

1835 5672 2036 5742 XCIII;
2072 5674 2228 5731 Socr.
2248 5672 2414 5730 'llist.
2441 5672 2619 5729 'Eccl.
2656 5673 2746 5736 IV,
2776 5675 2879 5742 25;
2924 5672 3037 5727 νγ.
3073 5672 3177 5726 PP.
3220 5672 3405 5727 linsw.

1823 5747 1919 5800 lih.
1948 5746 1990 5798 V
2020 5747 2186 5817 libell.
2222 5747 2305 5817 l0,
2337 5744 2443 5813 54;
2477 5747 2571 5801 lib.
2611 5744 2696 5801 Vll
2729 5761 2851 5817 cap.
2884 5745 2978 5814 57,
3005 5746 3076 5812 4;
3106 5744 3407 5800 sententiae

1825 5820 2051 5890 Aegypt.
2078 5816 2181 5872 PP.
2217 5815 2302 5871 15.
