3950 6578
569 367 676 427 259

1417 365 1516 421 SS.
1558 363 2372 422 MACARIORUM’AEGYPTII
2414 364 2502 420 ET
2543 361 3009 418 ALEXANDRINI
3687 372 3769 431 250

573 483 868 535 lacrimans
903 493 1068 541 senex
1101 479 1273 535 dixit:
1318 477 1429 534 Vae
1474 479 1583 535 diei
1627 480 1682 533 in
1713 495 1822 550 qua
1870 486 2034 535 natus
2069 490 2153 535 est

2273 481 2517 550 ›αμυθία.
2556 481 2652 534 καὶ
2674 479 2916 543 κλαύσας
2935 480 2963 532 6
2985 479 3164 550 γέρων
3188 476 3340 533 εἷπεν
3355 495 3370 511 ·
3399 476 3523 532 ούαὶ
3547 482 3606 552 τῇ
3628 483 3772 559 ἡμέρᾳ

573 574 765 629 homo!
788 575 964 643 Atque
982 573 1058 627 ait
1081 573 1131 628 ei
1151 589 1316 628 senex
1343 591 1356 627 :
1394 573 1562 627 Estne
1594 572 1742 626 aliud
1772 574 1992 643 gravius
2019 587 2150 642 sup-

573 667 844 738 plicium?
881 665 1200 737 Respondet
1259 667 1549 720 cranium:
1603 666 1776 735 Major
1834 682 2008 736 poena
2068 673 2153 720 est

576 757 765 813 subter
793 771 914 812 nos.
945 755 1036 809 Ait
1079 757 1127 811 ei
1167 770 1366 811 senex:
1409 754 1471 808 Et
1501 755 1722 824 quinam
1770 754 1883 808 illic
1912 753 2154 823 degunt?

498 907 505 916 ,
578 850 891 922 Respondet
923 849 974 904 ei
1000 848 1282 902 cranium:
1331 847 1464 910 Nos,
1521 855 1709 916 utpote
1747 847 1838 917 qui
1877 847 2154 916 ignoravi-

577 960 702 998 mus
752 946 943 1005 Deum,
985 941 1198 996 modice
1239 939 1676 994 misericordiam
1721 937 2153 1008 consequimur;

581 1035 673 1104 qui
712 1049 840 1088 vero
886 1039 1256 1102 cognoverunt
1295 1029 1467 1085 Deum
1528 1036 1580 1084 et
1616 1036 1956 1100 negaverunt
2007 1042 2152 1090 eum,

582 1127 770 1182 subter
813 1123 972 1179 nobis
1021 1129 1170 1178 sunt.
1208 1121 1361 1177 Tunc
1408 1136 1576 1177 senex
1599 1120 1894 1176 calvariam
1935 1134 2157 1174 sumens

580 1219 749 1273 humo
784 1215 1082 1270 mandavit.

652 1312 740 1367 '69.
795 1307 1102 1363 Narrarunt
1164 1305 1462 1361 Macarium
1515 1307 1835 1378 Aegyptium
1906 1299 2158 1358 abbatem

585 1400 882 1474 aliquando
933 1416 964 1456 e
989 1397 1133 1456 Sceti
1172 1399 1491 1454 ascendisse
1549 1398 1606 1452 in
1641 1405 1880 1452 montem
1923 1395 2151 1450 Nitriae.

585 1496 690 1562 Qui
727 1509 895 1567 quum
930 1491 1412 1566 appropinquaret,
1441 1490 1517 1544 ait
1547 1488 1819 1560 discipulo
1843 1501 1944 1542 suo
1965 1504 1978 1540 :
1997 1485 2157 1540 Prae-

587 1590 720 1644 cede
747 1586 1045 1657 paululum.
1104 1584 1208 1649 Qui
1239 1582 1458 1652 quidem
1492 1596 1618 1636 cum
1650 1579 1908 1650 praeiret,
1939 1578 2158 1633 obviam

588 1682 784 1736 habuit
809 1677 1081 1749 quendam
1111 1675 1396 1747 gentilium
1427 1673 1792 1729 sacerdotem.
1839 1670 2018 1741 Atque
2044 1671 2161 1724 cla-

588 1789 746 1829 mans
781 1771 951 1826 frater
977 1783 1099 1824 eum
1129 1767 1346 1822 vocavit
1377 1785 1390 1820 :
1425 1765 1559 1829 l-leu,
1589 1765 1716 1832 heu,
1751 1764 2028 1833 inquiens,
2057 1777 2165 1830 quo

589 1863 794 1926 curris,
829 1860 1111 1916 daemon?
1143 1860 1239 1914 llle
1269 1850 1397 1914 vero
1433 1873 1737 1913 conversus
1772 1859 1962 1928 plagas
1999 1857 2049 1909 ei
2082 1857 2164 1908 in-

588 1951 1088 2021 flixit,reliquitque
1104 1949 1542 2004 semimortuum.
1567 1950 1644 2000 Ac
1666 1946 1863 2001 tollens
1885 1943 2030 2016 quod
2048 1958 2168 2014 por-

589 2047 741 2101 tabat
766 2045 995 2115 lignum,
1026 2043 1291 2099 cucurrit.
1315 2040 1603 2096 Paululum
1630 2053 1924 2110 progresso
1952 2037 2168 2090 obviam

593 2138 654 2194 fit
688 2141 832 2194 inter
874 2151 1099 2192 cursum
1152 2134 1423 2190 Macarius
1461 2133 1664 2196 abbas,
1695 2132 1787 2202 qui
1830 2131 1922 2185 ei:
1973 2127 2170 2184 Salvus

593 2233 691 2299 sis,
721 2230 934 2301 inquit,
971 2229 1154 2284 salvus
1190 2227 1291 2294 sis,
1337 2227 1522 2280 labore
1551 2222 1820 2281 confecte.
1870 2221 1963 2276 Ille
1995 2219 2171 2275 admi-

595 2331 751 2381 ratus
781 2322 929 2378 venit
962 2319 1030 2375 ad
1059 2335 1183 2376 eum
1206 2327 1259 2374 ct
1284 2319 1396 2373 ait:
1435 2316 1575 2383 Quid
1601 2317 1728 2372 boni
1754 2314 1940 2370 vidisti
1964 2314 2017 2368 in
2051 2328 2167 2377 me,

596 2420 743 2491 quod
774 2433 860 2473 me
889 2413 1251 2473 salutaveris?
1280 2412 1370 2468 Ait
1397 2413 1448 2468 ei
1475 2426 1642 2468 senex
1683 2430 1698 2466 :
1735 2408 2002 2476 Quoniam
2036 2423 2170 2462 con-

599 2513 751 2583 spexi
775 2521 826 2565 te
856 2511 1040 2564 labore
1069 2507 1299 2571 fessum,
1327 2521 1391 2561 ac
1417 2505 1600 2561 nescis
1627 2511 1682 2560 te
1707 2504 1762 2558 in
1791 2518 1989 2556 vanum
2019 2499 2172 2556 defa-

599 2603 781 2675 tigari.
811 2600 1124 2672 Respondet
1149 2601 1274 2654 ille:
1305 2597 1368 2653 Et
1401 2612 1504 2669 ego
1528 2595 1858 2653 salutatione
1901 2603 1993 2648 tua
2020 2608 2172 2648 com-

587 2705 832 2766 punctus
861 2709 1006 2757 sum,
1041 2699 1095 2748 et
1119 2689 1349 2761 cognovi
1380 2705 1445 2745 ex
1477 2696 1627 2760 parte
1645 2685 1740 2742 Dei
1767 2697 1820 2741 te
1839 2700 1984 2742 esse.
2015 2684 2172 2738 Alius

601 2803 732 2843 vero
765 2787 944 2841 malus
984 2785 1288 2840 monachus
1336 2781 1466 2836 mihi
1513 2780 1729 2836 obviam
1762 2779 1941 2834 factus
1974 2784 2172 2832 contu-

602 2878 767 2934 melia
792 2893 880 2934 me
895 2875 1096 2941 aﬂ'ecit,
1119 2889 1290 2945 quare
1307 2887 1409 2944 ego
1425 2871 1548 2928 dedi
1565 2871 1613 2927 ei
1633 2872 1820 2942 plagas
1835 2868 1901 2924 ad
1918 2875 2170 2923 mortem.

605 2970 674 3025 Et
722 2967 977 3042 cognovit
1010 2983 1176 3023 senex
1201 3006 1215 3031 ,
1267 2981 1389 3022 eum
1427 2965 1495 3020 de
1536 2964 1810 3034 discipulo
1853 2977 1955 3018 suo
2001 2961 2173 3031 loqui.

605 3063 748 3119 Tum
772 3062 1128 3134 apprehensis
1155 3060 1277 3115 eius
1315 3057 1546 3129 pedibus
1576 3056 1834 3113 sacerdos
1860 3056 1934 3110 ita
1961 3054 2177 3108 locutus

607 3166 694 3214 est
719 3175 734 3212 :
783 3156 903 3210 Non
932 3153 1203 3209 dimittam
1235 3160 1307 3215 te,
1333 3152 1440 3206 nisi
1483 3165 1570 3206 me
1601 3149 1798 3205 feceris
1823 3146 2174 3202 monachum.

609 3249 678 3304 Et
710 3255 979 3303 venerunt
1007 3261 1250 3310 sursum,
1280 3243 1374 3299 ubi
1407 3249 1523 3298 erat
1554 3241 1879 3304 monachus,
1913 3246 1969 3294 et
1994 3243 2180 3292 sustu-

609 3343 797 3398 lerunt
844 3354 968 3395 eum
1014 3344 1481 3409 portaveruntque
1528 3335 1584 3388 in
1624 3332 1913 3388 ecclesiam
1953 3327 2178 3385 montis.

610 3433 718 3491 Sed
743 3441 1030 3490 cernentes
1060 3428 1398 3486 sacerdotem
1432 3441 1557 3482 cum
1597 3441 1663 3480 eo
1695 3422 1985 3494 stupefacti
2032 3426 2178 3476 sunt.

610 3527 680 3583 Et
706 3527 956 3583 fecerunt
985 3540 1113 3580 eum
1172 3522 1523 3578 monachum.
1568 3517 1836 3588 Multique
1895 3515 2183 3587 gentilium

608 3631 832 3695 propter
845 3635 968 3676 eum
992 3617 1121 3674 facti
1143 3627 1269 3672 sunt
1285 3613 1602 3671 Christiani.
1624 3611 1918 3667 Asserebat
1932 3625 2062 3679 ergo
2082 3606 2185 3661 Ma-

607 3717 791 3774 carius
813 3715 1002 3779 abbas,
1021 3711 1167 3784 quod
1191 3725 1371 3767 sermo
1412 3708 1591 3764 malus
1620 3707 1786 3762 etiam
1817 3705 1990 3758 bonos
2010 3703 2184 3758 malos

608 3811 793 3873 faciat,
821 3817 875 3862 ct
916 3821 1098 3862 sermo
1136 3805 1312 3859 bonus
1354 3802 1516 3857 etiam
1549 3799 1722 3854 malos
1754 3797 1946 3852 reddat
1985 3797 2180 3852 bonos.

677 3904 769 3960 40.
802 3899 1109 3956 Narrabant
1140 3897 1196 3952 in
1231 3894 1480 3950 absentia
1508 3890 1734 3946 Macarii
1768 3889 1986 3944 abbatis
2015 3889 2183 3943 latro-

603 4011 732 4053 nem
759 3996 1068 4066 ingressum
1089 4005 1211 4046 esse
1229 3987 1482 4043 cellulam
1509 3985 1650 4040 eius.
1683 3983 1804 4054 Ipse
1830 3981 1994 4052 igitur
2015 3997 2186 4051 quum

600 4089 679 4144 ad
725 4086 980 4143 cellulam
1019 4083 1304 4147 rediisset,
1355 4077 1562 4133 invenit
1610 4077 1877 4130 latronem
1914 4074 2182 4129 camelum

610 4180 947 4252 supellectile
983 4192 1084 4233 sua
1113 4183 1452 4229 onerantem.
1482 4170 1663 4236 Quare
1696 4168 1963 4224 introiens
1996 4167 2051 4221 in
2075 4167 2186 4222 cel-

606 4273 776 4326 lulam
806 4282 859 4326 et
894 4266 1169 4323 Macarius
1201 4263 1271 4318 de
1294 4262 1438 4318 vasis
1463 4259 1788 4332 accipiebat,
1831 4266 1884 4313 et
1916 4273 2024 4312 una
2057 4274 2184 4312 cum

609 4379 676 4419 eo
706 4363 968 4418 onerabat
1013 4357 1303 4413 camelum.
1347 4352 1578 4407 Sarcina
1611 4353 1777 4423 igitur
1807 4351 2064 4422 imposita
2100 4351 2187 4404 fur

610 4455 794 4526 coepit
813 4453 1104 4509 verberare
1119 4448 1409 4509 camelum,
1432 4452 1491 4499 ut
1510 4451 1776 4513 surgeret.
1796 4441 1982 4513 Neque
2003 4450 2186 4498 tamen

2252 576 2308 627 ὲν
2377 573 2637 644 ἐγεννήθη
2651 575 2679 626 6
2697 572 2792 627 ἄνθ
2801 589 2981 644 ρωπος
2997 574 3061 605 ⁵⁸·
3079 572 3226 640 λέγει
3247 569 3396 642 αύτῷ
3409 573 3439 624 6
3457 571 3639 642 γέρων·
3661 577 3773 633 ἐστιν

2252 665 2384 736 ἄλλη
2415 666 2614 736 χείρων
2645 664 2899 736 βάσανος;
2945 665 3093 733 λέγει
3134 663 3285 735 αὐτῷ
3311 663 3373 716 τὸ
3401 664 3642 734 κρανίον·
3683 687 3776 739 μει-

2253 759 2448 831 ζοτέρα
2479 759 2707 828 βάσανός
2735 759 2883 811 ἐστιν
2905 757 3258 812 ὑποκάτωθεν
3289 755 3467 826 ἡμῶν.
3503 757 3639 827 λέγει
3661 765 3779 835 αὐτῷ

2254 854 2282 904 6
2309 853 2484 924 γέρων
2511 867 2525 881 ·
2560 849 2653 904 καὶ
2683 852 2830 914 τίνες
2865 852 3003 904 εἰσὶν
3045 853 3201 917 ὲκεί;
3230 851 3381 916 λέγει
3421 850 3566 920 αὐτῷ
3594 852 3650 906 τδ
3674 873 3782 926 κρα.

2254 946 2364 998 νίον
2383 963 2396 972 ·
2421 945 2579 1015 ἡμεῖς
2604 944 2680 1007 ὼς
2710 943 2784 1014 μὴ
2811 944 3009 1008 εἰδότες
3025 943 3117 997 τὸν
3145 943 3299 1006 Θεόν,
3322 942 3425 996 κᾶν
3447 940 3618 1009 ὀλίγον
3640 943 3783 1001 ἐλεού-

2259 1035 2429 1105 μεθα·
2469 1038 2517 1088 οἱ
2546 1035 2602 1088 δὲ
2645 1035 2956 1104 ἐπιγνόντες
3001 1035 3092 1088 τὸν
3139 1034 3295 1095 Θεόν,
3326 1034 3420 1086 καὶ
3465 1033 3787 1106 ἀρνησάμενοι

2257 1127 2418 1180 αὐτόν
2444 1128 2510 1189 δί,
2537 1127 2886 1180 ὑποκάτωθεν
2913 1128 3068 1197 ἡμῶν
3105 1128 3230 1180 εἰσι.
3258 1126 3351 1179 καί⁸
3371 1124 3550 1178 λαϐὼν
3585 1127 3612 1179 6
3644 1130 3786 1200 γέρων

2256 1221 2317 1272 τὸ
2349 1219 2590 1289 κρανίον,
2623 1218 2824 1288 ἔχωσεν
2848 1217 3094 1286 αύτό(α).

2329 1312 2489 1382 267
2520 1311 2610 1365 59.
2660 1311 2885 1378 Ἔλεγον
2923 1311 3053 1382 περὶ
3094 1307 3188 1362 τοῦ
3229 1308 3376 1361 assa
3411 1309 3684 1379 Μακαρίου
3715 1313 3788 1365 τοῦ

2261 1404 2580 1472 Αἰγυπτίου,
2612 1403 2694 1456 ὅτι
2729 1402 2981 1454 ἀνέϐαινέ
3011 1418 3140 1454 ποτε
3163 1403 3227 1453 ἐκ
3259 1401 3359 1470 τῆς
3391 1401 3636 1468 Σκήτεως
3661 1403 3726 1458 είς
3743 1403 3792 1454 τὸ

2261 1497 2384 1568 ὅρος
2411 1497 2509 1566 τῆς
2534 1496 2761 1566 Νιτρίας
2783 1511 2796 1526 ·
2825 1495 2919 1548 καὶ
2940 1494 3014 1558 ὡς
3037 1495 3266 1564 ἤγγισεν
3293 1495 3374 1555 είς
3397 1491 3486 1543 τὸν
3509 1490 3679 1556 τόπον,
3700 1488 3794 1545 εἷπε

2261 1589 2339 1658 τῷ
2373 1587 2586 1657 μαθητῇ
2617 1585 2813 1640 αὑτοῦ·
2845 1585 3086 1656 πρόλαϐε
3115 1583 3333 1655 μικρόν.
3362 1582 3458 1634 καὶ
3489 1582 3546 1634 ὲν
3586 1581 3658 1652 τῷ
3692 1595 3794 1652 προ-

2264 1678 2416 1747 άγειν
2467 1678 2629 1731 αὑτὸν
2678 1678 2917 1748 συναντᾷ
2941 1694 3049 1730 τινι
3085 1677 3223 1747 ἱερεῖ
3259 1673 3370 1728 τῶν
3416 1672 3700 1742 Ἑλλήνων·
3726 1675 3799 1729 καὶ

2264 1771 2472 1843 κράξας
2500 1770 2648 1841 αὐτῷ
2666 1771 2695 1822 6
2722 1769 2948 1840 ἀδελφὸς
2977 1767 3173 1838 ἐφώνει
3199 1769 3392 1837 λέγων·
3421 1762 3500 1831 αἶ,
3527 1761 3604 1831 αἶ,
3623 1767 3795 1838 δαῖμον,

2269 1863 2372 1917 ποῦ
2400 1862 2611 1935 τρέχεις
2635 1879 2652 1929 ;
2677 1864 2938 1934 στραφεὶς
2962 1862 3018 1915 δὲ
3044 1864 3251 1927 ἐκεῖνος
3278 1861 3414 1916 διδοῖ
3434 1860 3588 1931 αύτῷ
3626 1860 3802 1932 πληγάς

2269 1956 2366 2008 καὶ
2387 1955 2536 2026 ἀφίει
2562 1955 2723 2008 αὐτὸν
2754 1954 3015 2027 ἡμιθανῆ.
3049 1955 3144 2010 καὶ
3165 1956 3302 2026 ἄρας
3333 1953 3396 2006 τὸ
3431 1951 3586 2018 ξύλον
3629 1953 3797 2024 ἔτρεχε·

2271 2048 2364 2101 καὶ
2389 2047 2653 2119 προϐάντι
2693 2047 2872 2116 ὀλίγον
2908 2048 3144 2119 συναντᾷ
3174 2046 3323 2117 αὐτῷ
3350 2046 3530 2109 άϐϐᾶς
3563 2046 3806 2116 Μακάριος

2273 2139 2545 2211 τρέχοντι·
2582 2140 2676 2193 καὶ
2705 2138 2853 2208 λέγει
2881 2138 3030 2210 αύτῷ
3051 2156 3065 2169 ·
3100 2138 3353 2210 σωθείης,
3387 2137 3639 2208 σωθείης,
3659 2155 3805 2208 καμα·

2273 2231 2427 2303 τηρέ.
2471 2232 2568 2286 καὶ
2617 2232 2906 2303 θαυμάσας
2942 2228 3074 2304 ἦλθε
3124 2231 3262 2302 πρὸς
3321 2231 3488 2284 αὐτὸν
3523 2232 3618 2284 καὶ
3656 2226 3807 2284 εἶπεν·

2273 2327 2326 2378 τί
2358 2326 2520 2379 καλὸν
2547 2322 2685 2390 εἶδες
2711 2329 2770 2380 ὲν
2801 2326 2944 2398 ἐμοί,
2973 2327 3053 2380 ὅτι
3078 2323 3534 2398 προσηγόρευσάς
3569 2339 3664 2393 με;
3691 2321 3809 2391 λέγει

2276 2419 2424 2490 αὐτῷ
2459 2420 2488 2471 6
2516 2419 2724 2491 γέρων·
2758 2419 2837 2472 ὅτι
2869 2415 3009 2472 εἶδόν
3051 2435 3110 2471 σε
3149 2416 3455 2471 κοπιῶντα·
3509 2417 3606 2470 καὶ
3644 2416 3731 2468 οὐκ
3755 2411 3813 2468 οἷο

2275 2509 2403 2576 δας,
2445 2512 2528 2566 ὅτι
2575 2514 2656 2574 εἰς
2705 2512 2860 2566 κενὸν
2904 2514 3122 2582 κοπιᾷς.
3155 2511 3303 2580 λέγει
3345 2509 3500 2582 αὐτῷ
3528 2510 3622 2564 καὶ
3646 2509 3811 2572 αὐτός·

2276 2605 2430 2675 κάγὼ
2462 2607 2552 2659 ἐπὶ
2578 2607 2656 2676 τῷ
2684 2606 2961 2678 ἀσπασμῷ
3001 2624 3094 2660 σου
3128 2605 3463 2676 κατενύγην·
3500 2605 3598 2657 καὶ
3630 2604 3814 2676 ἔμαθον,

2275 2700 2356 2752 ὅτι
2392 2699 2487 2752 τοῦ
2523 2698 2721 2770 μέρους
2747 2700 2842 2754 τοῦ
2875 2697 3011 2753 Θεοῦ
3044 2695 3113 2752 εἷ·
3142 2697 3300 2762 ἄλλος
3328 2698 3384 2751 δὲ
3421 2696 3597 2760 κακὸς
3626 2696 3816 2767 μοναχδς

2277 2790 2596 2863 ἀπαντήσας
2632 2810 2743 2863 μοι,
2775 2791 2965 2863 ὓϐρισέ
3001 2809 3097 2862 με·
3132 2790 3288 2860 κάγὼ
3321 2790 3505 2844 ἔδωκα
3541 2788 3686 2853 αὐτῷ
3715 2787 3821 2856 πλη-

2280 2885 2384 2953 γάς
2421 2887 2499 2949 είς
2529 2885 2779 2941 θάνατον.
2824 2887 2917 2940 καὶ
2956 2887 3098 2956 ἔγνω
3141 2887 3167 2938 6
3193 2885 3394 2956 γέρων,
3431 2884 3518 2936 ὅτι
3551 2885 3580 2936 6
3615 2881 3820 2952 μαθητὴς

2281 2978 2447 3050 268
2481 2979 2642 3032 αὑτοῦ
2673 2979 2809 3033 ἐστι.
2849 2979 2944 3032 καὶ
2973 2980 3251 3051 κρατήσας
3286 2978 3413 3040 τοὺς
3440 2976 3614 3039 πόδας
3642 2973 3822 3028 αύτοῦὁ

2284 3073 2464 3144 ἱερεὺς
2497 3072 2682 3140 ἔλεγεν
2705 3089 2721 3105 ·
2749 3072 2849 3126 οὐκ
2877 3071 2999 3141 ἀφῶ
3029 3089 3111 3134 σε,
3143 3071 3238 3123 ἐὰν
3274 3069 3348 3140 μὴ
3377 3068 3621 3138 ποιήσῃς
3654 3082 3713 3136 με
3749 3082 3822 3133 μοι

2206 3184 2250 3242 C
2282 3166 2466 3236 ναχόν.
2494 3165 2584 3218 καὶ
2620 3161 2782 3235 ἦλθον
2805 3165 2990 3219 ἐπάνω
3016 3164 3148 3217 ὅπου
3168 3158 3236 3233 ἦν
3263 3163 3292 3215 6
3321 3161 3584 3233 μοναχός,
3616 3158 3708 3213 καὶ
3730 3157 3824 3211 tbi-

2287 3256 2487 3323 σταξαν
2537 3257 2699 3310 αὑτὸν
2763 3257 2854 3310 καὶ
2894 3255 3132 3326 ἤνεγκαν
3172 3256 3251 3317 είς
3279 3254 3380 3324 τὴν
3427 3251 3724 3320 ἐκκλησίαν
3755 3246 3824 3300 τοῦ

2282 3347 2471 3417 ὅρους·
2513 3348 2608 3399 καὶ
2645 3346 2843 3408 ἰδόντες
2865 3344 2956 3397 τὸν
2985 3343 3133 3414 ἱερέα
3160 3343 3278 3414 μετ’
3302 3340 3498 3407 αὐτοῦ,
3536 3339 3825 3408 ἐξέστησαν·

2285 3437 2652 3508 καὶὲποίησαν
2670 3435 2831 3489 αὐτὸν
2855 3437 3104 3506 μοναχόν·
3128 3436 3223 3488 καὶ⁸
3241 3433 3427 3486 πολλοὶ
3453 3433 3572 3486 τῶν
3601 3431 3830 3499 Ἐλλήνων

2283 3531 2528 3599 ἐγένοντο
2566 3530 2634 3582 δι’
2671 3528 2832 3582 αὐτὸν
2860 3526 3197 3599 Χριστιανοί.
3248 3525 3438 3594 ἔλεγεν
3473 3521 3575 3578 οὖν
3617 3539 3647 3576 ο
3690 3521 3830 3580 άόῦᾶς

2284 3622 2588 3693 Μακάριος,
2618 3621 2700 3674 ὅτι
2727 3622 2755 3674 6
2783 3620 2940 3689 λόγος
2971 3622 3000 3673 6
3038 3619 3208 3681 κακὸς
3237 3618 3312 3688 (b)
3350 3619 3448 3672 καὶ
3500 3618 3635 3679 τοὺς
3671 3613 3833 3673 καλοὺς

2285 3715 2432 3765 ποιεῖ
2467 3712 2704 3774 κακούς·
2748 3712 2843 3764 καὶ
2877 3714 2904 3765 6
2947 3709 3110 3773 καλὸς
3153 3708 3312 3778 λόγος
3365 3709 3466 3762 καὶ
3498 3708 3632 3771 τοὺς
3668 3703 3833 3764 κακῶς

2286 3809 2430 3860 ποιεῖ
2462 3805 2658 3869 καλούς
2686 3806 2780 3877 (ε).

2356 3898 2446 3953 41).
2485 3897 2710 3964 Ἔλεγον
2744 3897 2872 3968 περὶ
2894 3896 2987 3950 τοῦ
3010 3896 3156 3950 άϐϐᾶ
3182 3894 3497 3966 Μακαρίου,
3530 3894 3617 3948 ὅτι
3644 3891 3834 3950 άπόντῦς

2287 3986 2452 4042 αὑτοῦ
2488 3987 2703 4059 εἰσῆλθε
2745 3987 2947 4061 λῃστὴς
2993 3991 3073 4052 εἰς
3116 3988 3175 4042 τὸ
3215 3987 3427 4042 κελλίον
3460 3986 3659 4041 αὑτοῦ.
3703 4000 3839 4053 παρι-

2286 4079 2578 4151 γενομένου
2611 4080 2670 4134 δὲ
2699 4077 2864 4132 αὐτοῦ
2905 4080 2986 4141 εὶς
3013 4079 3075 4131 τὸ
3104 4078 3335 4143 κελλίον,
3366 4071 3502 4150 εὗρε
3536 4078 3632 4131 τὸν
3675 4075 3838 4148 λῃστὴν

2288 4173 2583 4244 γεμίζοντα
2628 4172 2726 4243 τὴν
2760 4171 3007 4243 κάμηλον
3052 4173 3121 4226 τά
3161 4171 3330 4242 σκεύη
3365 4171 3570 4225 αὐτοῦ·
3623 4171 3772 4230 αὐτὸς
3799 4168 3840 4219 δὲ

2289 4263 2542 4318 εἰσελθὼν
2571 4265 2650 4327 είς
2683 4263 2744 4317 τὸ
2778 4262 2985 4317 κελλίον
3014 4262 3318 4334 ἐλάμϐανεν
3356 4262 3472 4316 ἀπὸ
3499 4261 3619 4315 τῶν
3647 4257 3837 4317 σκευῶν.

2288 4357 2383 4410 καὶ
2405 4354 2723 4426 συνεγέμιζε
2756 4355 2871 4424 μετ’
2895 4354 3058 4408 αὑτοῦ
3088 4356 3187 4424 τὴν
3215 4355 3491 4426 κάμηλον.
3529 4354 3612 4417 ὡς
3638 4350 3728 4407 οὖν
3754 4351 3844 4418 ὲγέυ

2293 4466 2475 4520 μισαν,
2521 4446 2722 4519 ἤρξατο
2764 4451 2793 4501 ὁ
2824 4447 3026 4520 λῃστὴς
3068 4447 3290 4500 τύπτειν
3337 4447 3436 4518 τὴν
3488 4446 3757 4516 κάμηλον,
3781 4445 3843 4494 ἵνα

611 4545 891 4618 surgebat.
923 4541 1077 4610 Quod
1112 4540 1202 4595 ubi
1232 4537 1369 4592 vidit
1397 4535 1666 4590 Macarius
1695 4534 1891 4598 abbas,
1926 4534 2172 4589 cellulam

2289 4543 2493 4612 ἀναστῇ
2517 4557 2532 4574 ·
2564 4542 2659 4595 καὶ
2685 4542 2785 4594 οὐκ
2821 4541 3092 4611 ἠγείρετο.
3124 4541 3246 4594 ἰδὼν
3277 4541 3334 4593 δὲ
3371 4543 3400 4593 6
3452 4540 3645 4602 άεϐἄς
3690 4536 3846 4593 Μακά-

611 4642 897 4712 ingressus
919 4649 1142 4708 parvum
1174 4631 1452 4687 sarculum
1489 4625 1884 4696 invenit,quod
1917 4626 2185 4681 emissum

598 4731 875 4804 imposuit
907 4727 1118 4784 camelo
1164 4725 1392 4778 dicens:
1427 4719 1639 4784 Frater,
1684 4719 1788 4772 hoc
1837 4717 2052 4787 quaerit
2097 4732 2191 4771 ca-

611 4826 810 4882 melus.
855 4824 934 4876 Ac
974 4818 1111 4891 pede
1147 4817 1376 4886 pulsans
1419 4829 1542 4868 eum
1599 4826 1768 4868 senex
1809 4812 1922 4864 ait:
1987 4809 2186 4881 Surge.

601 4916 1029 4984 Confestimque
1061 4910 1324 4972 surrexit,
1366 4916 1422 4961 et
1465 4919 1758 4976 parumper
1792 4903 2007 4958 itineris
2053 4917 2187 4956 con-

608 5013 743 5070 fecit
783 5018 1009 5082 propter
1047 5007 1168 5062 eius
1206 5016 1535 5060 sermonem.
1565 4997 1687 5070 .Sed
1730 4999 1925 5054 iterum
1957 4997 2182 5061 resedit,

2287 4651 2422 4705 ριος,
2455 4635 2537 4687 ὅτι
2565 4634 2664 4686 οὐκ
2691 4631 2856 4704 269
2880 4633 3171 4705 ἐγείρεται,
3201 4631 3463 4686 εἰσελθὼν
3494 4636 3559 4686 ὲν
3583 4632 3663 4701 τῷ
3690 4629 3845 4692 κελλέφ

2285 4717 2410 4795 εὗρε
2444 4723 2638 4795 μικρὸν
2667 4723 2908 4777 σκαλίδιν
2926 4723 2972 4755 δ’
2996 4741 3008 4755 ·
3046 4725 3139 4778 καὶ
3165 4722 3412 4777 ἐκϐαλὼν
3434 4723 3486 4755 ⁵³
3525 4723 3764 4792 ἐπέθηκε
3799 4721 3846 4784 τῆ

2286 4817 2516 4888 καμήλῳ
2543 4817 2716 4885 λέγων
2734 4833 2749 4850 ·
2781 4817 2978 4886 ἀδελφέ
2997 4857 3012 4881 ,
3044 4815 3204 4870 τοῦτο
3230 4816 3384 4886 ζητεῖ
3409 4818 3446 4888 ἡ
3485 4816 3759 4888 κάμηλος.
3779 4812 3849 4865 καὶ

2285 4908 2522 4979 κρούσας
2549 4908 2717 4980 αὐτὴν
2755 4911 2784 4962 6
2815 4909 2992 4981 γέρων
3017 4908 3097 4977 τῷ
3137 4908 3258 4962 ποδὶ
3288 4907 3442 4976 λέγει
3465 4925 3480 4939 ·
3519 4909 3762 4963 ἀνάστα·
3784 4904 3854 4958 καὶ

2293 5001 2497 5064 εὐθέως
2535 5000 2735 5071 ἀνέστη
2762 5041 2776 5065 ,
2823 5002 2916 5054 καὶ
2956 5001 3168 5072 ἀπῆλθε
3217 5000 3413 5072 μικρὸν
3469 5000 3571 5055 διὰ
3608 5001 3699 5053 τὸν
3731 4999 3854 5064 λόγον

1885 5136 2147 5194 VARIAE
2183 5137 2585 5193 LECTIONES.

680 5303 728 5335 “
763 5301 848 5354 Al.
898 5294 1026 5352 add.
1068 5294 1120 5346 ει
1147 5287 1298 5355 αὐτή
1336 5288 1506 5341 ἐστιν
1536 5285 1575 5354 ἠ

608 5349 860 5440 omnia.
901 5349 980 5398 ἰι
1018 5364 1107 5420 Al.
1138 5349 1474 5415 σκαλίδιον.
1551 5349 1598 5387 ει
1633 5349 1720 5408 Al.
1756 5349 1974 5406 λαϐὼν.

1617 5281 1956 5351 παραμυθία
1983 5278 2094 5347 τῆς
2127 5278 2452 5347 κολάσεως.

2563 5282 2607 5312 ⁸¹
2646 5282 2730 5336 AI.
2765 5281 2890 5337 add.
2924 5281 3130 5351 καὶμὴ
3161 5282 3545 5348 ποιήσαντες
3580 5277 3765 5336 αὑτοῦ
3813 5274 3862 5327 τὸ

2143 5477 2401 5536 NOTAE.

684 5669 768 5740 (ai
791 5665 878 5722 cr.
910 5664 1030 5720 vv.
1061 5663 1245 5720 nosw.
1275 5664 1371 5718 lib.
1397 5661 1463 5715 ιιι
1485 5675 1609 5730 cap.
1646 5657 1770 5726 na;
1793 5655 1887 5711 lib.
1916 5653 1984 5708 Vl
2013 5655 2178 5708 libell.

609 5739 861 5877 δ’(ἷξλο
909 5809 1092 5875 λόγος
1131 5809 1163 5860 ὁ
1206 5807 1413 5877 κακός.
1459 5799 1868 5877 In(_10lber_tin_o
1909 5796 2049 5877 libro
2078 5795 2184 5877 hoc

613 5866 793 5952 reperi
821 5866 1231 5950 Apoplithegma
1265 5895 1278 5931 :
1311 5866 1478 5928 Εἶπεν
1509 5871 1712 5943 γέρων·
1731 5871 1759 5922 ὁ
1780 5869 1937 5936 λόγος
1967 5867 1995 5918 ὁ
2027 5866 2191 5937 σκλη-

882 6041 916 6064 κ

2295 5657 2388 5728 ρὸς
2417 5657 2655 5728 καὶτοὺς
2685 5656 2883 5720 καλοὺς
2911 5645 3054 5709 πόιεῖ
3075 5651 3278 5714 κακούς
3297 5667 3312 5680 ·
3350 5653 3378 5705 6
3395 5652 3465 5708 δὲ
3497 5651 3678 5716 καλὸς
3699 5643 3868 5720 ὠφελεῖ

2294 5728 2522 5789 πάντας.
2557 5727 2785 5782 Coteler.

2365 5800 2438 5870 (τ)
2473 5798 2556 5854 Cf.
2596 5797 2685 5850 VV
2743 5797 2846 5854 pP.
2885 5795 3068 5853 llosw.
3101 5796 3198 5851 lib.
3233 5795 3306 5848 Ill
3336 5808 3468 5865 cap.
3510 5791 3648 5847 127.
