3950 6560
181 360 265 417 264
1458 354 2091 416 APOPHTHEGMATA.

3279 361 3388 418 262

178 476 329 536 αὐτοῦ·
356 471 441 527 καὶ
472 472 632 528 πάλιν
662 473 901 539 ἐκάθισε.
923 475 1142 552 καὶούκ
1176 478 1397 550 ἀνέστη,
1441 479 1550 545 ἓως
1596 481 1702 537 ἀπ-

1816 501 1982 556 neque
2014 484 2348 555 exsurrexit,
2380 484 2555 539 donec
2584 483 2971 554 deposuissent
3005 490 3264 540 cunctam
3290 498 3386 539 su-

177 572 399 643 εγέμισαν
428 566 524 620 ὅλα
546 567 614 622 τὰ
640 558 833 640 σκεύη·
872 572 966 624 καὶ
985 570 1158 635 οὕτως
1192 572 1432 643 ἀπῆλθεν
1459 574 1558 647 (a).

228 664 305 719 H.
362 662 414 711 ’0
450 656 623 724 ἁϐϐἄς
674 659 802 714 Ἀῖὼ
834 662 1083 735 ἠρώτησε
1127 664 1219 717 τὸν
1276 663 1450 719 ἀὸϐᾶν
1504 668 1700 723 Μακά-

176 774 267 831 ριον
303 752 495 821 λέγων·
544 753 664 806 εἰπέ
714 772 803 825 μοι
850 756 1019 825 ῥῆμα.
1067 755 1215 824 λέγει
1258 755 1407 827 αὐτῷ
1453 759 1482 811 6
1528 759 1703 825 ὰϐϐἄς

171 846 448 918 Μακάριοςο
485 844 652 915 φεῦγε
688 846 817 909 τοὺς
853 847 1178 920 ἀνθρώπους
1200 866 1214 882 ο
1261 850 1487 906 κάθισον
1529 855 1610 917 εἰς
1641 854 1703 907 τὸ

172 939 348 996 κελλίον
377 954 487 1002 σου,
520 937 614 991 καὶ
650 938 881 992 κλαῦσον
907 939 1007 1004 τὰς
1038 941 1312 1012 ἁμαρτίας
1343 962 1459 1010 σου,
1496 946 1589 999 καὶ
1626 944 1702 1016 μὴ

168 1032 426 1103 ἀγαπήσῃς
448 1028 638 1085 λαλιὰν
662 1031 961 1104 ἀνθρώπων
980 1049 995 1064 ο
1027 1034 1121 1087 καὶ
1153 1034 1298 1107 σώζῃ
1330 1035 1426 1107 (b).

1808 564 2154 647 pellectilem.
2180 576 2334 632 Tunc
2347 577 2567 632 demum
2593 576 2749 632 abiit.

1878 669 1970 725 41.
2020 670 2123 724 Aio
2160 670 2329 725 abbas
2368 654 2727 739 interrogavit
2773 654 3070 746 Macarium
3131 654 3383 745 abbatem
3434 699 3447 708 ι

1808 770 1899 817 et:
1942 762 2136 818 Profer
2179 762 2338 826 mihi,
2387 762 2586 832 inquit,
2620 762 2971 819 sententiam.
2998 760 3311 832 Respondet
3332 763 3383 819 ei

1810 853 2082 927 Macarius
2109 855 2313 909 abbas:
2346 853 2495 924 Fuge
2526 854 2805 924 homines,
2832 854 2961 912 sede
2989 855 3045 909 in
3076 854 3270 909 cellula
3292 846 3388 931 tua

1807 934 1862 1000 et
1886 945 2025 1001 delle
2046 955 2269 1016 peccata
2297 953 2412 1025 tua,
2432 942 2609 1017 neque
2629 945 2887 1025 dilexeris
2912 946 3184 1019 loquelam
3212 944 3389 1002 homi-

1810 1053 1964 1105 num,
2005 1036 2266 1108 salusque
2297 1022 2391 1093 tibi
2419 1022 2685 1110 obtinget.

1627 1181 1877 1249 NOTAE.

231 1345 603 1424 (a)_Cf;'§-upra
626 1347 732 1424 sub
751 1348 841 1424 ιδ,
867 1348 980 1405 VV.
1012 1350 1119 1408 PP.
1142 1349 1327 1407 Rosw.
1356 1351 1453 1408 lib.
1482 1353 1554 1407 Ill
1579 1367 1699 1424 cap.

167 1414 245 1485 73,
267 1414 352 1473 lib.
384 1414 476 1471 Vll
504 1414 624 1489 cap.
650 1420 704 1485 5,
743 1420 795 1473 l.

1887 1356 1966 1428 (ὁ)
2006 1356 2093 1413 Cf.
2128 1354 2243 1410 νγ.
2277 1356 2383 1411 PP.
2422 1356 2606 1413 Rosw.
2631 1355 2725 1413 lib.
2762 1356 2834 1410 IlI
2869 1369 2993 1427 cap.
3026 1348 3148 1411 189.

162 1619 1706 1642 W

1816 1602 3370 1644 _.________._'______...‘_.__.___——-—'L
3394 1619 3399 1637 ι

1712 1773 1822 1834 IV.

920 1938 1107 1999 ALIA
1152 1932 1437 2002 SANCTI
1479 1926 1821 2004 MACARII
1863 1920 2589 2005 APOPHTHEGMATA

1286 2121 1317 2158 Δ
1351 2118 1433 2159 JO.
1493 2121 1644 2160 BAPT.
1685 2117 1986 2162 COTELERIO
2038 2120 2216 2164 EDITA.

154 2250 469 2306 (Sanctorum
496 2266 673 2305 senum
696 2254 1119 2321 Apophthegmata
1147 2275 1165 2308 ι
1193 2273 1240 2325 s_.
1258 2271 1337 2325 vv.
1378 2259 1623 2325 ᾼςαιιιοη,Δ
1641 2259 1928 2325 Ζαεζιανὶαε,
1966 2258 2289 2325 J'Ifzeqdprus,
2310 2254 2616 2313 Phermensis
2659 2262 2788 2325 apud
2812 2263 2882 2313 Io.
2911 2261 3050 2325 Bapt.
3084 2242 3389 2313 Coteleriutﬁ

1203 2320 1336 2373 Eccl.
1383 2320 1553 2373 Graec.
1580 2323 1707 2374 Mon.
1733 2324 1792 2374 Τ.
1829 2326 1867 2386 1,
1890 2337 1939 2386 p.
1962 2323 2073 2373 572.
2097 2322 2208 2373 445.
2233 2324 2341 2373 451.

205 2588 251 2643 1.
278 2585 445 2641 Εἶπεν
470 2591 504 2643 6
540 2589 713 2656 ἀὸὁᾶς
739 2592 945 2666 Πέτρος
985 2596 1015 2649 6
1045 2594 1140 2650 τοῦ
1171 2597 1317 2655 ἀϐϐἄ
1351 2600 1509 2668 Λώτ,
1535 2604 1616 2657 ὅτι
1646 2605 1704 2657 ὲν

1881 2606 1931 2658 1.
1966 2599 2162 2658 Petrus
2190 2600 2382 2665 abbas,
2414 2597 2722 2668 discipulus
2764 2587 2867 2650 Lot
2909 2596 3167 2652 abbatis:
3200 2591 3388 2659 Eram,

143 2678 211 2749 τῷ
238 2678 428 2751 κελλίῳ
452 2679 554 2733 τοῦ
582 2682 726 2736 ἀὸδᾶ
763 2684 1066 2753 ’Δγάθωνος
1092 2687 1241 2760 ἤμην
1271 2690 1424 2755 ποτέ,
1454 2693 1548 2746 καὶ
1571 2689 1704 2765 ἦλθε

142 2771 263 2843 πρὸς
314 2774 483 2827 αὑτὸν
548 2776 776 2846 ἀδελφὸς
826 2777 1031 2847 λέγων’
1090 2779 1227 2835 θέλω
1294 2784 1513 2854 οἰκῆσαι
1569 2787 1707 2856 μετὰ

141 2866 396 2935 ἀδελφῶνσ
430 2864 591 2922 εἶπόν
633 2888 721 2940 μοι
761 2872 877 2937 πῶς
919 2877 1037 2945 μετ’
1068 2875 1247 2930 αὐτῶν
1278 2879 1503 2950 οἰκήσω.
1556 2881 1705 2949 λέγει

137 2957 271 3028 αὐτῷ
301 2959 329 3011 6
366 2959 588 3031 yépmv;
625 2962 700 3026 ὼς
726 2966 784 3017 ἐν
814 2967 878 3036 τῇ
920 2964 1115 3038 πρώτῃ
1147 2967 1334 3041 ἡμέρᾳ
1360 2970 1449 3023 ὅτε
1482 2972 1704 3043 εἰσέρχῃ

138 3050 260 3119 πρὸς
283 3051 510 3117 αὐτούς,
547 3052 718 3118 οὕτως
749 3055 982 3124 φύλαξον
1010 3058 1109 3129 τὴν
1154 3058 1418 3124 ξενιτείαν
1460 3079 1551 3115 σου
1598 3064 1705 3116 πά-

138 3159 227 3206 σας
247 3145 347 3207 τὰς
372 3146 597 3218 ἡμέρας
623 3148 722 3218 τῆς
743 3148 886 3220 ζωῆς
916 3167 1034 3214 σου,
1068 3151 1156 3205 ἵνα
1182 3152 1255 3223 μὴ
1284 3155 1705 3226 παρῤησιασθῇς

139 3236 243 3305 μετ’
272 3238 474 3295 αὐτῶν.
512 3240 663 3309 λέγει
704 3241 853 3313 αὐτῷ
884 3244 912 3297 6
951 3243 1125 3307 assa;
1156 3244 1439 3316 Μακάριος
1463 3265 1476 3277 ·
1504 3246 1557 3300 τί
1596 3247 1706 3318 γὰρ

134 3331 265 3383 ποιεῖ
307 3331 338 3401 ἡ
386 3334 710 3404 παρῤησία;
759 3332 907 3403 λέγει
953 3334 1101 3403 αὐτῷ
1131 3335 1159 3387 ὁ
1203 3335 1414 3407 γέρωνο
1460 3336 1636 3391 ἔοικεν
1671 3340 1705 3410 ἡ

132 3421 401 3492 παρρησία
430 3422 681 3477 καύσωνι
713 3425 932 3496 μεγάλῳ
957 3442 970 3455 ο
1005 3425 1063 3489 ὃς
1086 3426 1213 3480 ὅταν
1238 3426 1476 3498 γίνηται,
1505 3430 1707 3493 πάντες

132 3512 415 3581 φεύγουσιν
470 3515 587 3568 ἀπὸ
622 3515 914 3587 προσώπου
948 3518 1113 3571 αὐτοῦ
1135 3556 1149 3580 ,
1198 3521 1292 3572 καὶ
1335 3519 1444 3573 τῶν
1475 3520 1708 3593 δένδρων

129 3605 211 3656 τὸν
244 3608 461 3677 καρπὸν
503 3607 826 3681 διαφθείρει.
860 3609 1008 3678 λέγει
1041 3609 1188 3680 αὐτῷ
1224 3610 1253 3662 6
1289 3611 1462 3675 ἀϐδᾶς
1506 3614 1705 3667 Μακά-

130 3712 270 3767 ριος’
301 3698 485 3762 οὕτως
516 3701 730 3773 χαλεπή
768 3703 913 3755 ἐστιν
948 3704 980 3773 ἡ
1018 3704 1335 3775 παρρησίας
1368 3705 1461 3759 κα)⁸
1492 3700 1645 3759 εἶπεν
1678 3705 1707 3758 6

126 3787 289 3851 ἀὸΰᾶς
326 3791 615 3859 Ἀγάθων·
648 3792 747 3845 οὐκ
779 3792 925 3846 ἔστιν
963 3793 1150 3865 ἕτερον
1193 3794 1363 3857 πάθος
1400 3795 1707 3866 χαλεπώτε-

129 3895 211 3946 ρον
239 3881 337 3950 τῆς
362 3882 714 3953 παρρησίας
740 3883 1031 3954 γεννήτρια
1056 3883 1165 3955 γάρ
1206 3886 1321 3937 ἐστι
1352 3886 1568 3941 πάντων
1597 3886 1706 3939 τῶν

122 3971 331 4025 παθῶν
367 3974 585 4043 πρέπει
622 3974 678 4027 δὲ
715 3974 792 4046 τῷ
841 3976 1044 4049 ἐργάτῃ
1096 3976 1170 4048 μὴ
1208 3977 1705 4049 παρρησιάζεσθαι,

123 4062 219 4114 κᾶν
259 4064 428 4133 μόνος
563 4066 621 4119 ὲν
664 4065 743 4137 τῷ
788 4068 1001 4139 κελλίῳ.
1046 4065 1162 4122 οἶδα
1205 4070 1312 4142 γὰρ
1355 4071 1438 4123 ὅτι
1483 4070 1708 4140 ἁδελφὸς

117 4163 346 4231 ποιήσας
376 4163 584 4233 χρόνον
608 4162 667 4213 ὲν
689 4160 767 4232 τῷ
793 4162 986 4235 κελλίῳ
1013 4162 1197 4230 οἰκῶν,
1217 4164 1353 4233 ἔχων
1371 4182 1422 4218 τι
1449 4166 1709 4219 κοιτωνά-

122 4269 248 4321 ριον,
291 4251 491 4321 εἶπεν,
543 4256 627 4308 ὅτι
663 4255 895 4327 μετέϐην
929 4257 993 4309 ἐκ
1023 4256 1118 4309 τοῦ
1148 4256 1382 4321 κελλίου,
1435 4257 1510 4329 μὴ
1548 4259 1710 4327 γνοὺς

116 4346 240 4397 αὐτὸ
264 4345 330 4399 τὸ
352 4347 747 4417 κοιτωνάριον,
776 4350 824 4401 εἰ
854 4347 927 4420 μὴ
956 4347 1142 4418 ἕτερός
1173 4367 1262 4419 μοι
1290 4344 1462 4403 εἶπεν.
1486 4353 1514 4403 6
1535 4350 1710 4403 τοιοῦ-

116 4452 198 4499 τος
230 4438 485 4511 ἐργάτης
523 4441 642 4493 ἐστὶ
667 4441 758 4493 καὶ
788 4440 1121 4512 πολεμιστής
1152 4443 1249 4508 (a).

176 4530 229 4581 2.
277 4528 461 4584 Εἶπεν
506 4532 539 4583 6
579 4530 752 4592 ἀϐὅᾶς
796 4533 1081 4601 Μακάριος
1129 4533 1207 4603 τῷ
1247 4532 1390 4604 ἁϐὗᾷ
1429 4534 1706 4604 Ζαχαρὶᾳο

114 4623 228 4675 εἰπέ
248 4642 343 4694 μοι
372 4625 442 4677 τὸ
474 4624 643 4695 ἔργον
672 4624 764 4677 τοῦ
796 4626 1049 4696 μοναχοῠ.
1087 4626 1232 4694 λέγει
1256 4626 1422 4696 αὐτῷ*
1453 4628 1552 4696 ἐμὲ
1569 4629 1707 4697 ἐρω-

111 4715 221 4783 τᾷς,
259 4717 486 4787 πάτερ;
538 4717 632 4769 καὶ
674 4715 823 4784 λέγει
867 4717 896 4768 6
928 4717 1103 4780 ἁδὸἄς
1150 4717 1464 4789 Μακάριος·
1511 4717 1712 4789 πληρο-

112 4808 386 4878 φοροῦμαι
422 4810 512 4873 εἰς
549 4810 629 4870 σὲ,
648 4808 835 4862 τέκνον
865 4810 1129 4881 Ζαχαρία·
1164 4810 1279 4864 ἔστι
1311 4810 1420 4881 γὰρ
1444 4812 1473 4863 ὁ
1499 4810 1711 4865 νύσσων

111 4919 173 4968 με
198 4902 295 4955 τοῦ
322 4902 627 4973 ἐρωτῆσαί
655 4918 735 4955 σε.
760 4902 905 4971 λέγει
929 4902 1079 4973 αὐτῷ
1103 4905 1131 4956 6
1160 4902 1440 4973 Ζαχαρίας
1459 4919 1475 4935 σ
1500 4903 1560 4956 τὸ
1589 4904 1709 4957 κατ’

108 4991 221 5059 ἐμὲ,
258 4992 475 5063 πάτερ.
519 4992 585 5045 τὸ
631 4992 823 5045 ἑαυτὸν
873 4990 1151 5063 βιάζεσθαι
1191 4990 1269 5056 εἰς
1304 4994 1516 5059 πάντα,
1558 4988 1712 5057 οὗτός

104 5084 243 5137 ἐστιν
269 5087 299 5138 6
335 5083 598 5154 μοναχὸς
627 5083 722 5155 (b).

169 5179 221 5231 5.
280 5180 343 5232 Ὀ
393 5178 591 5241 ἀὸϐᾱς
638 5176 911 5247 Θεόδωρος
962 5179 990 5230 6
1034 5176 1135 5247 τῆς
1173 5177 1390 5250 Φέρμης
1448 5178 1713 5247 ἐκτήσατο

1809 2697 2007 2767 inquit,
2040 2691 2339 2763 aliquando
2389 2689 2443 2744 in
2483 2689 2681 2745 cellula
2717 2686 3021 2759 Agathonis
3052 2686 3287 2749 abbatis,
3320 2678 3391 2740 ad

1808 2803 1968 2858 quem
2001 2785 2149 2841 venit
2175 2782 2346 2838 frater
2372 2780 2561 2836 dicens
2585 2798 2599 2835 :
2627 2778 2766 2834 Volo
2791 2779 3040 2834 habitare
3056 2793 3181 2833 cum
3206 2776 3394 2831 fratri-

1807 2880 1944 2946 bus;
1969 2878 2104 2933 doce
2131 2891 2216 2930 me
2245 2888 2353 2944 quo
2377 2884 2535 2944 pacto
2556 2887 2680 2925 cum
2714 2871 2781 2927 iis
2803 2885 3077 2925 maneam.
3099 2869 3197 2924 Cui
3221 2866 3393 2924 senet

1807 2969 2087 3041 respondit
2136 2986 2148 3022 :
2229 2964 2698 3032 Quemadmodum
2759 2962 2936 3032 primo
2984 2961 3072 3015 die
3112 2962 3394 3030 ingressus

1807 3065 1908 3131 tui,
1959 3062 2042 3119 sic
2090 3059 2369 3116 custodito
2421 3056 2721 3128 hospitium
2782 3062 2937 3108 tuum
2992 3051 3392 3123 peregrinatio-

1808 3170 2040 3225 nemque
2067 3151 2281 3208 cunctis
2304 3150 2501 3205 diebus
2529 3148 2677 3203 vitae
2707 3147 2856 3210 tuae,
2910 3145 2983 3199 ita
3022 3151 3082 3197 ut
3116 3157 3244 3214 erga
3268 3141 3395 3196 illos

1808 3261 1917 3300 non
1948 3244 2122 3299 utaris
2152 3242 2371 3297 ﬁducia.
2426 3240 2517 3294 Ait
2563 3240 2613 3294 ei
2660 3237 2935 3293 Macarius
2979 3235 3153 3290 abbas
3193 3251 3207 3288 :
3249 3230 3395 3297 Quid

1806 3335 1951 3389 enim
1974 3333 2143 3389 efﬁcit
2174 3331 2409 3385 ﬁducia?
2440 3329 2542 3384 Cui
2575 3338 2743 3385 senex
2769 3347 2782 3383 :
2811 3326 3022 3383 Similis
3052 3333 3158 3389 est,
3192 3323 3391 3393 inquit;

1809 3426 2006 3482 ﬁducia
2029 3426 2204 3481 aestui
2231 3439 2445 3495 magno,
2469 3424 2563 3494 qui
2590 3421 2814 3493 quando
2843 3419 3159 3489 contigerit,
3175 3415 3397 3487 fugiunt

1807 3536 1999 3576 omnes
2038 3535 2068 3574 a
2108 3518 2247 3573 facie
2278 3518 2650 3588 eius,quiQue
2705 3516 2962 3570 arborum
3004 3512 3219 3565 fructus
3268 3522 3395 3563 eor-

1809 3611 2033 3681 rumpit.
2096 3608 2242 3662 Dicit
2308 3608 2581 3663 Macarius
2626 3607 2856 3662 abbas:
2927 3603 3151 3660 AdeOne
3221 3599 3396 3655 saevit

1810 3705 2048 3759 ﬁducia?
2079 3704 2291 3775 Agatho
2318 3703 2489 3758 abbas
2515 3721 2528 3757 :
2566 3700 2761 3756 Nullus
2795 3706 2902 3763 est,
2939 3695 3138 3766 inquit,
3163 3691 3393 3748 all'e'ctus

1808 3797 2021 3851 saevior
2071 3796 2292 3852 ﬁducia.
2352 3794 2610 3850 Omnium
2665 3792 2871 3863 quippe
2914 3785 3393 3860 perturbationum

1809 3896 1984 3943 mater
2018 3896 2121 3943 est.
2176 3887 2342 3942 Decet
2384 3894 2563 3941 autem
2606 3885 2869 3940 cultorem
2927 3881 3014 3937 sui
3061 3878 3260 3933 ﬁducia
3296 3891 3393 3931 caa-

1810 3998 1954 4048 rere,
1984 3981 2201 4037 etiamsi
2251 3980 2403 4036 solus
2436 3980 2491 4033 in
2540 3979 2678 4035 cella
2705 3983 2973 4033 versetur.
3020 3972 3156 4028 Novi
3188 3969 3394 4027 etenim

1810 4074 2056 4139 fratrem,
2094 4074 2189 4143 qui
2233 4073 2327 4127 diu
2359 4073 2415 4127 in
2456 4071 2659 4126 cellula
2699 4062 3394 4139 perseveraverat'habens

1809 4169 2088 4231 lectulum,
2139 4168 2343 4222 dixisse
2376 4180 2391 4218 :
2421 4163 2465 4217 E
2503 4163 2643 4219 cella
2675 4160 3059 4230 emigr‘assem.
3108 4159 3220 4210 non
3268 4166 3394 4222 per-

1810 4267 1967 4330 cepto
2005 4260 2098 4314 illo
2131 4259 2353 4323 lectulo,
2400 4256 2506 4311 nisi
2553 4255 2693 4309 alius
2740 4251 3047 4307 monuisset
3087 4263 3196 4303 me.
3243 4243 3392 4299 Talis

1812 4362 1992 4408 autem
2021 4366 2149 4408 vere
2175 4358 2259 4407 est
2287 4349 2575 4421 operarius
2605 4354 2659 4403 et
2698 4346 2949 4403 bellator.

1879 4538 1934 4591 2.
1971 4535 2247 4590 Macarius
2275 4534 2446 4589 abbas
2477 4524 2780 4587 Zachariae
2817 4529 2999 4584 abbati
3038 4547 3049 4581 :
3094 4526 3190 4580 Dic
3235 4523 3392 4587 mihi,

1813 4628 2009 4700 inquit,
2036 4644 2177 4699 opus
2209 4627 2484 4682 monachi.
2508 4626 2599 4679 Ait
2620 4624 2669 4680 ei
2711 4641 2724 4677 :
2762 4622 2918 4677 Tune
2947 4636 3032 4675 me
3066 4620 3394 4689 interrogas,

1812 4720 2003 4794 pater?
2041 4723 2180 4775 Tum
2214 4720 2488 4775 Macarius
2528 4719 2700 4774 abbas
2738 4736 2753 4773 :
2798 4716 2872 4771 De
2902 4723 2976 4775 te,
3024 4712 3224 4783 inquit,
3260 4709 3394 4763 mihi

1811 4830 2133 4884 persuasum
2156 4823 2260 4879 est,
2288 4813 2362 4868 ﬁli
2383 4812 2668 4867 Zacharia.
2694 4810 2789 4866 Est
2808 4810 2951 4865 enim
2971 4807 3063 4877 qui
3090 4822 3177 4861 me
3194 4804 3392 4875 pulsat,

1812 4913 1874 4959 ut
1922 4904 2250 4976 interrogem
2284 4913 2359 4960 te.
2403 4902 2708 4959 Zacharius
2728 4903 2873 4957 hanc
2908 4898 3136 4971 protulit
3173 4904 3397 4951 senten-

1813 4998 1944 5051 tiam
1978 5016 1992 5051 :
2027 4995 2303 5063 Quantum
2328 5006 2429 5067 ego
2475 4997 2695 5068 quidem
2742 4993 3032 5055 existimo,
3064 4998 3252 5061 pater,
3296 4986 3391 5057 qui

1816 5105 1874 5144 se
1898 5090 2076 5159 ipsum
2109 5090 2255 5158 cogit
2294 5090 2359 5144 ad
2385 5090 2591 5153 omnia,
2630 5090 2677 5144 is
2706 5096 2790 5143 est
2823 5084 3127 5141 monachus
3153 5080 3250 5153 (b).

1888 5182 1939 5233 3.
1974 5178 2302 5235 Theodorus
2343 5181 2512 5236 abbas
2538 5180 2804 5234 Phermae
2851 5185 2962 5231 tres
3002 5177 3177 5230 bonos
3223 5171 3393 5225 libros

102 5270 219 5339 τρία
251 5270 452 5340 βιὸλία
485 5269 669 5323 καλά·
702 5270 796 5323 καὶ
828 5270 1100 5341 παρέϐαλε
1131 5270 1209 5340 τῷ
1242 5270 1383 5340 ἁϐϐᾷ
1413 5271 1704 5342 Μακαρὶῳ,

1816 5272 2101 5342 possidens
2136 5272 2202 5326 ad
2241 5273 2546 5328 Macarium
2591 5272 2841 5326 abbatem
2874 5269 3045 5331 venit,
3086 5274 3141 5323 et
3174 5286 3187 5321 :
3232 5266 3389 5325 Tres.

103 5363 189 5413 καὶ
216 5363 376 5431 λέγει
410 5361 601 5431 αὐτῷ,
633 5363 713 5416 ὅτι
741 5362 848 5432 ἔχω
878 5362 1003 5433 τρία
1039 5362 1215 5432 βιῧλξα
1251 5363 1411 5424 καλά.
1443 5365 1536 5417 καὶ
1564 5364 1707 5431 ὡφε-

98 5448 291 5525 λοῦμαι
336 5454 404 5522 ἐξ
436 5452 664 5521 αὐτῶν,
702 5455 797 5507 καὶ
842 5456 889 5508 οἱ
945 5454 1163 5523 ἀδελφοὶ
1226 5454 1520 5527 κιχρῶνται
1570 5454 1709 5507 αὐτὰ

1814 5366 2015 5434 inquit,
2064 5366 2198 5419 mihi
2246 5374 2374 5420 sunt
2422 5365 2548 5419 tibri
2593 5362 2882 5433 praeclari,
2930 5378 2996 5416 ex
3042 5375 3274 5432 quorum
3314 5359 3393 5413 le-

1819 5459 2001 5513 ctione
2021 5458 2256 5513 fructum
2281 5458 2474 5528 capio;
2500 5456 2699 5513 fratres
2730 5470 2947 5526 quoque
2977 5453 3047 5509 iis
3069 5459 3319 5517 utuntur,
3339 5458 3391 5506 et

1655 5616 1905 5675 NOTAE.

122 5773 242 5847 “(al
275 5774 366 5829 cr.
396 5771 534 5830 vv.
573 5771 900 5847 PPtRosw.
932 5778 1029 5833 lib.
1062 5773 1124 5829 ιιι
1166 5790 1285 5846 cap.
1314 5775 1474 5847 Διοδς
1507 5779 1601 5836 lib.
1658 5783 1698 5837 ν

101 5838 259 5904 “bell.
292 5848 393 5917 lt),
432 5848 470 5902 8
502 5864 519 5915 ;
552 5845 646 5901 lib.
675 5846 760 5903 VII
789 5864 909 5919 cap.
938 5849 1023 5903 42.
1055 5838 1277 5904 Βοιόιίι.
1312 5838 1494 5902 Doctr.
1528 5851 1581 5906 4.

1884 5781 1957 5853 (b)
1993 5779 2076 5837 cr.
2114 5776 2225 5835 vv.
2262 5778 2366 5833 PP.
2402 5777 2584 5836 Rosw.
2615 5777 2710 5833 lib.
2740 5775 2781 5831 v
2813 5776 2865 5843 ι,
2888 5777 2920 5833 6
