3950 6580
539 414 646 471 263
1795 411 1888 468 JO.
1926 409 2070 465 SAL.

2171 410 2475 469 EMLERUS
3648 419 3731 479 263

542 530 750 601 pariter
769 526 1082 598 proﬁciunt.
1124 524 1301 581 Eﬂ'are
1332 527 1497 597 igitur
1526 525 1683 595 milii,
1713 526 1846 597 quid
1879 527 2102 583 debeam

2171 529 2301 601 ⁵καὶ
2338 525 2691 597 ὠφελοῦνται.
2725 525 2847 581 εἰπὲ
2883 524 2976 583 οὖν
3020 545 3131 598 μοι,
3162 526 3215 580 τί
3256 526 3481 595 ὤφειλον
3508 532 3731 604 ποιῆσαιο;

544 622 759 686 facere;
806 634 935 673 num
975 619 1041 673 ad
1071 634 1246 673 meam
1301 617 1643 687 fratrumque
1675 620 1967 675 utilitatem
2015 635 2104 675 eos

2208 619 2466 689 κατάσχω
2500 619 2639 672 αὐτὰ
2689 620 2769 683 είς
2810 618 2908 690 τὴν
2957 618 3095 690 ἐμὴν
3136 620 3230 671 καὶ
3259 620 3358 689 τὴν
3394 619 3498 672 τῶν
3526 624 3731 695 ἀδελφῶν

545 710 835 773 retineam,
875 723 943 762 an
976 708 1203 763 vendam
1248 707 1481 777 demque
1523 710 1890 779 pauperibus?
1933 708 2105 765 Senex

2212 710 2500 780 ὠφέλειαν,
2538 710 2572 782 ἢ
2622 710 2862 783 πωλήσω
2906 711 3046 765 αὐτὰ
3088 712 3182 766 καὶ
3210 710 3366 764 δώσω
3395 718 3639 783 πτωχοίςς
3663 726 3736 777 καὶ

546 803 830 873 respondit
886 821 899 856 :
944 801 1215 855 Pulchrae
1265 803 1483 869 quidem
1526 803 1771 858 actiones
1815 812 1967 867 sunt,
2019 803 2106 858 sed

2215 803 2533 875 ἀποκριθεὶς
2559 806 2587 856 6
2606 803 2781 876 γέρων
2810 800 2951 857 εἶπε·
2978 803 3140 857 καλαὶ
3177 803 3277 875 μὲν
3296 804 3352 855 αἱ
3382 804 3612 875 πράξεις,
3632 813 3740 870 ἀλλὰ

546 895 737 948 melior
759 894 1015 948 omnibus
1046 904 1131 948 est
1153 902 1463 963 paupertas.
1497 893 1617 960 Quo
1634 895 1819 950 audito
1839 894 2106 960 discessit,

2222 895 2422 966 μείζων
2452 897 2667 950 πάντων
2694 898 2729 967 ἡ
2757 896 3109 969 ἀκτημοσύνη
3141 896 3277 951 ἐστί.
3310 897 3401 950 καὶ
3445 897 3589 952 τοῦτο
3613 902 3741 958 ἀκού-

544 1000 752 1056 eosque
782 985 1052 1047 vendidit,
1106 992 1163 1041 et
1216 987 1509 1056 pecuniam
1555 987 1706 1041 dedit
1759 988 2104 1058 pauperibus.

2222 1003 2341 1051 σας,
2375 984 2625 1040 ἀπελθὼν
2658 986 2936 1059 ἐπώλησεν
2964 988 3122 1053 αὐτὰ,
3165 988 3259 1043 καὶ
3287 988 3503 1042 διέδωκε
3527 999 3738 1065 πτωχοῖς.

560 1141 884 1162 —

2124 1250 2198 1311 V.

1223 1376 1898 1437 APOPHTHEGMATA
1939 1374 2207 1435 SANCTI
2248 1372 2565 1433 MACARII
2606 1371 3130 1432 ALEXANDRINI

1740 1515 1771 1552 Δ
1806 1512 1883 1552 10.
1923 1513 2071 1550 ΒΑΡΤ.
2112 1510 2402 1551 COTELERIO
2440 1511 2611 1549 EDITA.

554 1622 576 1656 ι
603 1608 890 1660 Sanctorum
934 1620 1109 1657 senum
1152 1608 1577 1671 Apophtbegmata
1608 1622 1627 1656 ι
1670 1621 1712 1657 s.
1754 1622 1803 1658 v.
1826 1604 2075 1658 Macarius
2114 1604 2309 1656 urbicus
2353 1606 2483 1669 apud
2516 1607 2594 1656 Jo.
2636 1607 2775 1669 Bapt.
2813 1604 3117 1657 Cotelerium
3156 1606 3289 1657 Eccl.
3311 1605 3483 1657 Graec.
3527 1606 3753 1676 llon.t.l,

2030 1706 2077 1757 p.
2109 1694 2203 1743 572
2226 1706 2299 1755 sq.

964 1917 1042 1972 De
1062 1918 1247 1973 abbate
1268 1916 1500 1972 Macario
1529 1917 1725 1971 urbico.
2173 1922 2217 1976 Β
2370 1914 2510 1984 Περὶ

2173 1922 2217 1976 Β
2370 1914 2510 1984 Περὶ
2535 1914 2640 1969 τοῦ
2668 1911 2817 1971 ἀϐὅᾶ
2842 1912 3150 1982 Μακαρίου
3187 1913 3295 1967 τοῦ
3324 1915 3648 1969 πολιτικοῦ.

622 2027 674 2080 1.
701 2026 967 2082 Macarius
988 2029 1258 2093 πολιτικός
1290 2030 1381 2084 ille
1415 2029 1585 2084 abbas
1613 2028 1907 2099 aliquando
1932 2030 1998 2084 ad
2028 2044 2118 2084 se-

2292 2032 2345 2085 ‘l.
2398 2026 2633 2097 ἈπῆλΟὲ
2673 2043 2803 2079 ποτε
2839 2027 2868 2079 6
2904 2026 3078 2090 ἀὸὁᾶς
3109 2025 3395 2096 Μακάριος
3438 2027 3470 2079 6
3525 2029 3763 2095 πολιτικὸς

550 2118 754 2173 candos
775 2119 1078 2188 palmarum
1098 2136 1281 2175 ramos
1313 2121 1466 2186 exiit,
1513 2121 1774 2175 fratribus
1806 2120 1986 2191 ipsum
2030 2136 2110 2176 co-

2220 2125 2385 2195 κόψαι
2409 2122 2599 2177 Θαλλία
2627 2119 2721 2173 ml
2747 2120 2796 2172 οἱ
2826 2117 3045 2186 ἀδελφοὶ
3070 2118 3185 2187 μετ’
3205 2116 3394 2173 αὐτοῦ.
3425 2118 3522 2172 καὶ
3552 2119 3764 2188 λέγουσιν

547 2210 891 2264 νιηίιθηιὶῦιιε.
919 2209 1022 2277 Qui
1046 2211 1225 2281 primo
1250 2212 1338 2266 die
1362 2212 1414 2265 ei
1438 2230 1450 2265 :
1477 2212 1634 2277 Veni,
1656 2213 1929 2282 inquiunt,
1944 2222 2107 2284 pater.

2223 2217 2374 2287 αὐτῷ
2401 2214 2498 2286 τὴν
2531 2210 2755 2283 πρώτην
2799 2210 3031 2280 ἡμέραν·
3067 2208 3256 2279 δεῦρο,
3294 2208 3437 2279 φάγε
3483 2210 3597 2281 μεθ’
3620 2213 3766 2281 ἡμῶν,

551 2300 841 2354 nobiscum
867 2301 1093 2355 comede
1120 2303 1133 2355 l
1163 2301 1403 2356 Accessit
1427 2302 1592 2374 igitur
1629 2304 1718 2358 ille
1761 2311 1817 2357 et
1864 2305 2111 2359 comedit.

2224 2307 2417 2375 πάτερ.
2450 2304 2477 2356 6
2523 2302 2581 2355 δὲ
2624 2298 2833 2370 ἀπῆλθε
2868 2300 2963 2351 καὶ
3011 2297 3202 2366 ἔφαγε.
3233 2298 3327 2351 κοιλ⁵
3367 2297 3530 2351 πάλιν
3561 2302 3621 2369 τῇ
3660 2300 3767 2371 ἄλλῃ

549 2391 740 2447 Altero
765 2407 891 2446 eum
915 2392 1003 2446 die
1028 2393 1228 2447 iterum
1251 2402 1462 2464 rogant,
1492 2404 1553 2449 ut
1576 2395 1845 2450 comedat.
1870 2397 1940 2451 At
1970 2397 2018 2451 is
2043 2411 2109 2451 re

2225 2397 2473 2467 λέγουσιν
2511 2391 2658 2462 αὑτῷ
2690 2392 2902 2460 φαγεῖν.
2941 2391 2970 2442 6
3005 2390 3061 2443 δὲ
3087 2390 3186 2443 οὐκ
3224 2389 3439 2460 ἢθελεν,
3475 2390 3586 2443 ἀλλ’
3616 2390 3771 2459 ἔλεγεν

554 2501 761 2539 nuens:
808 2486 936 2551 Vos,
982 2486 1181 2556 inquit,
1231 2486 1348 2551 lilii,
1396 2487 1581 2542 cibum
1633 2488 1863 2543 sumatis
1905 2504 2114 2545 necesse

2227 2491 2426 2552 αὐτοῖς’
2451 2487 2608 2558 ὑμεῖς
2628 2484 2815 2556 χρείαν
2854 2483 3005 2553 ἔχετε
3031 2486 3244 2552 φαγεῖν,
3270 2484 3459 2537 τέκνω
3489 2483 3665 2556 ἀκμὴν
3688 2487 3774 2558 γὰρ

554 2584 672 2643 est;
699 2577 877 2631 adhuc
913 2577 1060 2633 enim
1102 2594 1232 2634 caro
1272 2580 1442 2647 estis;
1489 2596 1591 2651 ego
1640 2597 1773 2637 vero
1814 2598 1962 2638 nunc
2002 2584 2114 2640 nolc

1829 2598 1962 2638 nunc
2002 2584 2131 2640 nolo
2232 2581 2369 2654 σάρξ
2392 2582 2535 2634 ἔπε’
2568 2576 2678 2646 ἐγὼ
2707 2576 2765 2629 δὲ
2791 2574 2885 2629 νῦν
2910 2576 2972 2629 οὐ
3003 2574 3141 2629 Θέλω
3172 2577 3389 2644 φαγεῖν.

556 2670 913 2725 manducare.

626 2761 679 2816 2.
718 2762 986 2816 Macarius
1008 2763 1179 2818 abbas
1202 2765 1458 2819 convenit
1497 2766 1853 2821 Pachomium
1878 2766 2132 2822 abbatem

2302 2778 2358 2832 2.
2401 2774 2715 2849 Παρέόαλεν
2751 2773 2781 2825 6
2818 2772 2993 2835 ἀὸὀᾶς
3019 2772 3303 2841 Μακάριος
3352 2771 3497 2842 πρὸς
3525 2770 3615 2824 τὸν
3638 2770 3780 2825 ἀεὸἆν

556 2850 1106 2907 Tabennesiotarum.
1152 2855 1326 2919 Quem
1374 2855 1701 2912 Pachomius
1749 2856 2116 2929 interrogans

2234 2868 2525 2940 Παχώμιον
2550 2865 2658 2920 τῶν
2680 2860 3153 2933 Ταϐεννησιωτῶν·
3180 2863 3208 2914 6
3228 2862 3283 2915 δὲ
3306 2862 3603 2930 Παχώμιος
3628 2861 3782 2930 ἠρώτα

567 2940 648 3009 Si,
677 2944 876 3014 inquit,
903 2944 1105 3000 fratres
1130 2945 1451 3017 disciplinae
1476 2948 1727 3003 ordinem
1754 2965 1864 3004 non
1889 2961 2127 3015 servant,

2236 2962 2396 3017 αὐτὸν
2444 2960 2637 3028 λέγων·
2671 2958 2760 3010 ὅτε
2789 2956 2928 3009 εἰσὶν
2959 2954 3179 3022 ἀδελφοὶ
3209 2955 3440 3009 ἄτακτοι
3458 2993 3476 3019 ,
3508 2953 3664 3007 καλόν
3692 2956 3783 3006 ἐστι

561 3038 840 3093 b'onumne
865 3047 950 3093 est
972 3039 1253 3109 corripere
1278 3042 1412 3095 eos?
1434 3042 1736 3112 Respondit
1758 3043 2027 3098 Macarius
2042 3044 2121 3098 ab-

2238 3052 2526 3109 παιδεῦσαι
2560 3050 2795 3115 αὐτούςς
2835 3048 2984 3117 λέγει
3022 3047 3171 3117 αὐτῷ
3210 3048 3239 3099 6
3277 3046 3457 3109 6665.;
3510 3045 3782 3113 Μακάριος·

564 3130 695 3185 bas:
727 3130 944 3201 Castiga
965 3138 1021 3185 et
1044 3130 1185 3185 iuste
1215 3146 1311 3186 eos
1333 3131 1535 3198 iudica,
1557 3134 1653 3203 qui
1693 3135 1793 3189 tibi
1839 3135 2124 3190 subiiciun-

2240 3142 2549 3203 παίδευσον,
2591 3138 2687 3192 καὶ
2726 3140 2910 3210 κρῖνον
2948 3135 3171 3197 δικαίως
3196 3135 3323 3199 τοὺς
3354 3134 3466 3187 ὑπὸ
3506 3134 3584 3186 σέ·
3615 3133 3709 3199 ἔξω
3743 3132 3786 3185 ἃ

562 3230 697 3287 tur;
732 3231 889 3276 extra
924 3238 1057 3277 vero
1105 3222 1438 3278 iudicaveris
1474 3227 1784 3291 neminem;
1830 3242 1958 3281 nam
2006 3227 2122 3282 scri-

2245 3236 2321 3307 μὴ
2356 3234 2546 3306 κρίνῃς
2593 3233 2765 3294 τινάς.
2818 3229 3121 3300 γέγραπται
3154 3227 3294 3297 γάρ·
3344 3225 3489 3295 οὐχὶ
3535 3225 3672 3291 τοὺς
3692 3225 3787 3278 ἔσω

565 3323 725 3387 ptum
748 3324 864 3369 est:
893 3315 1079 3369 Nonne
1100 3316 1162 3369 de
1175 3315 1260 3381 iis,
1285 3317 1375 3387 qui
1397 3316 1539 3371 intus
1552 3326 1696 3383 sunt,
1720 3335 1809 3373 vos
1851 3320 2125 3375 iudicatis!

2042 3321 2139 3375 ris?
2165 3306 2206 3363 (ἶ
2238 3306 2407 3399 ὑμεῖς
2439 3327 2708 3396 κρίνετε;
2742 3323 2884 3390 τοὺς
2913 3322 2981 3375 δὲ
3005 3322 3121 3386 ἔξω
3151 3322 3184 3374 ὁ
3216 3318 3361 3384 Θεὸς
3387 3316 3602 3387 κρινεῖ.

567 3404 709 3462 Nam
737 3422 842 3470 eos,
863 3406 952 3476 qui
985 3406 1110 3475 {oris
1132 3414 1279 3470 sunt,
1302 3405 1438 3461 Deus
1461 3407 1711 3462 iudicabit
1748 3407 1847 3479 (a).

641 3497 694 3550 5.
734 3497 1002 3551 Macarius
1023 3496 1193 3551 abbas
1210 3497 1505 3567 aliquando
1528 3514 1626 3569 per
1648 3508 1883 3570 quatuor
1899 3500 2142 3571 integros

2308 3506 2363 3560 5.
2405 3500 2658 3571 Ἐποίησέ
2690 3517 2818 3554 ποτε
2851 3501 2879 3553 6
2909 3497 3083 3562 ὰϐὅᾶς
3114 3495 3399 3568 Μακάριος
3452 3495 3789 3567 τετράμηνον,

570 3605 812 3644 menses
872 3590 1117 3660 quotidie
1190 3591 1448 3646 visitabat
1512 3591 1738 3646 fratrem
1815 3592 2130 3665 quendam,

2239 3592 2605 3666 παραϐάλλων
2636 3592 2745 3645 τινὶ
2776 3589 2991 3659 ἀδελφῷ
3017 3586 3368 3661 ήμερούσιονο
3401 3587 3505 3641 καὶ
3540 3586 3639 3655 οὐχ
3667 3579 3794 3657 εὗρεν

572 3694 750 3748 neque
802 3695 1065 3748 unquam,
1109 3694 1179 3733 ne
1228 3680 1396 3736 semel
1442 3680 1688 3751 quidem,
1748 3679 1958 3735 invenit
2014 3696 2132 3735 eum

2239 3684 2403 3738 αὑτὸν
2435 3682 2796 3756 εὐκαιροῦντα
2811 3681 2877 3753 ι⁵)
2909 3682 3017 3736 ἀπὸ
3039 3682 3136 3751 τῆς
3167 3680 3485 3751 προσευχῆς
3512 3677 3636 3731 οὐδὲ
3656 3674 3791 3740 ἅπαξ.

570 3779 853 3826 vacantem
902 3770 970 3825 ab
1017 3771 1287 3827 oratione.
1358 3772 1674 3830 Admiratus
1736 3771 1903 3844 igitur
1958 3771 2130 3828 dixit:

2057 3773 2135 3828 il:
2247 3778 2341 3832 καὶ
2369 3777 2656 3847 Θαυμάσας
2694 3776 2898 3845 ἔλεγενο
2935 3774 3043 3828 ἰδοὺ
3072 3772 3314 3840 ἐπίγειος
3344 3771 3610 3842 ἄγγελος.

570 3862 711 3917 Ecce
736 3864 1013 3918 terrestris
1035 3863 1295 3935 angelus!

1853 3960 2110 4017 VARIAE
2147 3958 2552 4017 LECTIONES.

2075 4101 2329 4161 NOTAE.

640 4025 689 4056 “
718 4025 805 4080 Al.
846 4026 1170 4099 ἀμελοῦντα.

642 4162 726 4237 (a)
755 4165 927 4222 ICor.
961 4184 1016 4234 γ,
1047 4167 1137 4234 12,
1167 4169 1254 4223 15.

603 4352 3798 4394 W

1356 4528 1641 4643 σο.
1746 4528 2143 4639 SAL.
2262 4527 3058 4642 SEMLERI

1054 4724 1700 4787 DISSERTATIONES
1739 4724 1940 4784 DUAE
1981 4724 2080 4785 DE
2120 4722 2461 4783 SCRIPTIS
2499 4723 2563 4785 S.
2608 4723 2922 4784 MACARII
2962 4718 3336 4781 AEGYPTII.

1541 4945 2339 5039 DISSEBTATIO
2444 4945 2863 5039 PRIOR.

575 5097 1128 5186 Specimennexaminis
1160 5105 1325 5186 critici
1355 5103 1584 5186 Operam
1606 5121 1748 5186 quae
1777 5104 1855 5159 ita
1888 5103 2398 5186 feruntnr_Macarii,
2425 5106 3141 5186 alia.laetissimosfgstosqne
3165 5109 3527 5186 dics__Chr_is_to
3558 5109 3626 5186 ab
3670 5105 3825 5186 inferri:

644 5172 1188 5256 magniﬁcefetdeunti
1214 5172 1411 5256 sacros,
1442 5175 1561 5256 boni
1586 5172 2177 5256 ρὶηὶιιίε-εαιὶδξιιᾎςείιξίίξε
2192 5174 2247 5256 .
2431 5175 2547 5233 Sal.
2573 5179 2731 5235 Timr.
2761 5178 2819 5235 S.
2851 5172 2954 5237 EL.
2984 5172 3243 5239 S.'Halae
3258 5172 3733 5254 Magdeburgicac,
3758 5185 3820 5242 ty-

640 5242 723 5308 pis
749 5242 971 5298 Joannis
996 5242 1283 5300 Christiani
1307 5245 1545 5300 Hendelii
1567 5246 1732 5302 Acad.
1758 5248 1885 5318 Typ.
1910 5245 2233 5302 MDCCXLV
2267 5247 2368 5318 (a).

646 5418 797 5490 [Pag.
833 5419 890 5492 '5]
922 5420 1040 5475 Viro
1056 5439 1257 5477 summe
1278 5423 1577 5490 reverenda,
1612 5426 1958 5497 amplissimo,
1991 5428 2293 5483 doctissimo
2321 5429 2388 5483 D.
2416 5429 2591 5485 Gotth.
2636 5429 2873 5500 Augusto
2900 5387 3179 5495 Franckio,
3210 5428 3335 5484 Fac.
3366 5430 3564 5485 Theol.
3596 5427 3721 5484 Hal.
3752 5421 3823 5481 Se-

575 5511 733 5576 niori,
761 5519 985 5582 patrono
1021 5530 1115 5567 suo
1148 5530 1473 5586 summapere
1502 5518 1821 5572 venerando.
1858 5516 2010 5590 [Pag.
2037 5517 2244 5591 4.]νὶτο
2274 5537 2477 5575 summe
2502 5520 2808 5587 reverenda,
2836 5520 3183 5593 amplissimo,
3212 5521 3529 5576 doctissimo
3552 5522 3623 5575 D.
3643 5518 3827 5587 Sigism.

2089 5635 2343 5692 NOTAE.

650 5718 729 5791 (ιι)
767 5720 990 5778 Constat
1010 5724 1221 5795 paginis
1252 5726 1322 5779 24
1354 5726 1496 5781 in-4.
1520 5728 1595 5783 De
1626 5729 1860 5786 Macario
1886 5748 2059 5802 usque
2091 5733 2158 5789 ad
2196 5750 2317 5805 pag.
2358 5734 2421 5788 21
2449 5734 2651 5806 agitur,
2675 5734 2801 5790 dein
2840 5750 2963 5806 pag.
2994 5735 3159 5790 21-24
3196 5734 3265 5790 de
3319 5731 3670 5790 Tertulliani
3708 5734 3833 5800 Apo—
