3950 6584
195 390 289 449 285
1227 388 1317 442 DE
1355 387 1665 444 SCRIPTIS
1700 387 1757 443 S.
1802 386 2083 445 MACARII
2124 387 2468 443 AEGYPTll.
3337 391 3444 449 266

194 528 373 587 Iacobo
399 527 783 599 Baumgarten,
813 525 953 581 Sem.
998 523 1175 579 Theol.
1214 523 1478 587 directori,
1511 531 1737 593 patrono
1764 539 1859 577 suo
1895 537 2226 592 summopere
2265 522 2582 577 venerando.
2618 521 2748 577 Leve
2771 523 2865 577 hoc
2901 533 2949 577 et
2995 532 3145 578 tenue
3184 526 3439 597 scriptum

196 620 502 676 reverentiae
521 636 650 673 suae
676 620 1042 673 documentum
1069 614 1249 669 multis
1277 615 1566 685 faustisque
1602 614 1658 667 in
1694 612 1849 681 festos
1872 613 1961 666 hos
1988 612 2095 666 dies
2128 612 2385 666 ominibus
2423 619 2474 665 et
2503 611 2887 683 precationibus
2909 613 3055 683 offert
3077 621 3285 667 auctor.

255 715 403 787 [Pag.
430 713 487 785 5]
511 714 659 769 Bella
686 721 815 769 sunt
834 712 1024 776 verba,
1049 711 1154 766 viri
1176 725 1387 765 summe
1412 709 1722 775 reverendi,
1751 724 1892 779 quae
1924 708 2198 764 habentur
2225 708 2283 763 in
2304 707 2542 763 Homilia
2581 712 2725 763 inter
2767 708 2989 763 Macarii
3018 708 3181 779 vulgo
3204 709 3446 767 creditas

196 808 289 861 για
320 804 395 876 (a)
426 804 453 876 §
475 804 528 869 9,
550 804 806 858 omnibus
828 802 975 857 veris
999 800 1328 857 Christianis
1374 798 1709 855 Xanthicum
1737 814 2005 864 mensem,
2030 800 2147 854 sive
2161 799 2424 869 Aprilem,
2444 815 2555 855 non
2580 799 2784 855 iniuria
2808 800 2985 854 fausta
3006 817 3255 871 quaeque
3281 801 3442 871 polli-

193 896 318 948 ceri.
350 896 447 950 llic
486 896 655 960 enim,
680 894 1145 965 quemadmodum
1187 900 1416 948 renovat
1451 892 1609 962 quasi
1634 891 1824 963 frigidi
1849 900 1907 946 ct
1934 891 2145 947 inimici
2169 893 2304 947 olim
2325 894 2463 948 caeli
2490 902 2764 959 naturam,
2791 903 2847 948 et
2872 894 3191 949 calidiorem
3220 896 3327 949 iam
3353 894 3439 948 iu—

192 990 529 1058 cundamque
554 988 756 1054 reddit,
772 988 849 1043 ita
870 987 1026 1042 beata
1052 985 1363 1041 recordatio
1386 1000 1600 1050 eorum,
1629 1000 1769 1055 quae
1794 985 1899 1040 sub
1925 985 2029 1039 hoc
2053 984 2169 1040 fere
2193 985 2339 1041 idem
2364 993 2581 1056 tempus
2600 988 2660 1040 ‘m
2684 1002 2786 1041 nos
2810 1003 3001 1042 omnes
3023 1004 3120 1057 per
3146 984 3444 1045 Salvatoris

188 1103 379 1143 novam
405 1089 561 1157 quasi
584 1088 754 1143 vitam
781 1086 1181 1151 redundarunt,
1214 1100 1326 1139 non
1347 1091 1532 1154 potest
1553 1099 1665 1138 non
1688 1083 1857 1138 animi
1892 1084 2205 1154 opprimere
2237 1083 2541 1149 tristitiam,
2586 1093 2935 1155 mentemque
2982 1086 3167 1141 divina
3207 1088 3441 1157 quadam

190 1179 514 1248 perfundere
555 1180 787 1235 laetitia.
829 1180 985 1236 Unde
1024 1195 1123 1235 oro
1153 1187 1319 1248 atque
1341 1178 1593 1241 obsecro,
1618 1176 1727 1232 viri
1753 1190 1964 1231 summe
1991 1176 2299 1242 reverendi,
2326 1193 2428 1247 pro
2452 1177 2653 1233 eximia
2681 1187 2865 1234 vestra
2908 1180 3287 1236 benevolentia
3330 1182 3440 1237 cle-

187 1282 397 1329 menter
434 1273 894 1343 interpretamini,
918 1272 1067 1342 quod
1091 1269 1354 1327 sollemne
1377 1271 1485 1327 hoc
1506 1270 1822 1326 Christiano
1851 1270 1973 1325 orbi
2001 1278 2215 1340 tempus
2238 1271 2396 1325 vobis
2420 1286 2488 1325 ex
2510 1270 2679 1325 animi
2706 1273 2979 1327 sententia
2995 1275 3255 1344 gratulari
3274 1277 3442 1331 sustia

186 1384 309 1432 neo,
328 1369 493 1437 inque
508 1382 629 1422 eam
648 1383 766 1422 rem
784 1368 904 1422 leve
924 1368 1029 1422 hoc
1043 1366 1202 1421 vobis
1215 1366 1386 1422 oﬂ‘ero
1404 1367 1691 1437 scriptum.
1715 1366 1870 1433 Quod
1887 1367 2108 1436 quidem
2130 1366 2246 1436 ipse
2274 1367 2406 1421 satis
2426 1367 2667 1437 intelligo
2691 1366 2765 1422 ita
2784 1383 2903 1423 esse
2927 1378 3322 1438 comparatum,
3350 1388 3447 1425 ve-

185 1460 524 1517 nerabilibus
544 1468 603 1514 ut
624 1461 879 1531 personis
901 1461 1101 1515 vestris
1120 1458 1345 1530 dignum
1368 1459 1546 1514 videri
1569 1458 1662 1513 vix
1684 1460 1877 1529 possit.
1904 1458 2082 1525 Quare
2108 1467 2164 1513 et
2188 1459 2305 1529 ipse
2327 1475 2435 1513 non
2459 1459 2811 1514 mediocriter
2837 1460 3177 1527 dubitabam,
3205 1478 3273 1516 an
3299 1479 3447 1519 sum-

185 1557 288 1611 mis
316 1557 634 1611 nominibus
656 1555 857 1611 vestris
883 1555 1186 1610 inscribere
1210 1552 1345 1607 illud
1369 1552 1655 1609 commode
1681 1554 1907 1625 possim.
1930 1553 2000 1607 At
2021 1551 2250 1606 videbar
2283 1551 2421 1606 mihi
2466 1553 2600 1608 satis
2642 1552 2961 1623 cognovisse
3006 1553 3064 1606 in
3117 1554 3292 1619 vobis,
3338 1556 3447 1611 viri

184 1667 399 1706 summe
430 1650 738 1715 reverendi,
758 1649 907 1722 [Pag.
931 1648 986 1722 6]
1009 1665 1129 1705 eam
1152 1649 1435 1712 virtutem,
1454 1664 1584 1718 qua,
1610 1655 1674 1702 ut
1696 1647 1927 1718 potestis
1949 1646 2204 1710 maxime,
2231 1646 2415 1700 omnia
2438 1645 2953 1701 benevolentissime
2975 1645 3031 1700 in
3058 1662 3176 1701 eam
3197 1648 3446 1718 accipere

182 1744 376 1799 soletis
397 1752 611 1814 partem
636 1758 777 1813 quae
808 1750 893 1797 est
912 1742 1108 1797 lenior.
1132 1739 1336 1808 Quidni
1362 1755 1494 1810 ergo
1516 1739 1710 1794 eodem
1736 1754 1825 1793 me
1849 1736 2116 1793 beneﬁcio
2143 1736 2440 1791 fruiturum
2470 1751 2709 1807 sperem,
2737 1736 2870 1790 dum
2896 1752 3140 1792 meorum
3178 1738 3447 1793 rationem

181 1842 343 1897 vobis
365 1841 674 1896 studiorum
702 1840 789 1895 his
815 1839 1048 1895 reddere
1074 1838 1239 1893 volo?
1260 1837 1399 1891 Tum
1419 1852 1490 1891 ne
1516 1836 1652 1890 mihi
1680 1836 1782 1906 ipsi
1804 1835 2026 1906 quidem
2054 1832 2315 1898 satisfeci,
2343 1832 2438 1888 sed
2478 1834 2649 1888 multa
2695 1832 2875 1888 adhuc
2919 1834 3283 1904 reprehendo.
3333 1835 3449 1890 Hoc

181 1940 391 1997 tamen,
419 1932 547 1987 licet
568 1931 711 1986 forte
738 1931 985 1995 unicum,
1014 1945 1127 1984 non
1157 1929 1384 1984 omnino
1409 1943 1601 1984 carere
1624 1943 1723 1982 sua
1749 1941 2075 1997 quacunque
2104 1925 2339 1980 utilitate
2364 1925 2500 1979 mihi
2539 1925 2854 1991 videbatur,
2878 1926 3025 1996 quod
3061 1927 3174 1997 jam
3213 1927 3447 2001 intelligi

178 2033 384 2096 potest,
410 2040 479 2080 ex
500 2040 558 2080 se
589 2025 708 2094 ipso
732 2024 1049 2087 Macarium,
1077 2023 1124 2077 si
1149 2023 1443 2093 diligenter
1467 2022 1741 2085 volvatur,
1772 2036 1934 2090 posse
1957 2021 2014 2074 in
2051 2019 2241 2074 multis
2271 2018 2495 2088 corrigi,
2523 2017 2671 2087 quod
2696 2018 2880 2072 omnia
2901 2018 2989 2074 bis
3014 2029 3111 2073 aut
3134 2028 3217 2074 ter
3249 2036 3448 2075 occur-

178 2126 332 2182 runt,
365 2125 422 2173 et
447 2117 799 2171 librariorum
827 2116 955 2171 inde
999 2131 1221 2170 errores
1269 2114 1513 2186 abstergi
1538 2113 1744 2183 optime
1768 2122 2021 2184 possunt.
2063 2111 2221 2179 Quod
2257 2111 2387 2167 licet
2428 2127 2660 2181 parvum
2700 2111 2954 2167 utilitatis
2998 2123 3335 2169 momentum
3402 2114 3450 2169 si

177 2210 343 2266 vobis
372 2226 483 2265 non
512 2211 735 2281 penitus
756 2209 1057 2281 improbari
1088 2210 1435 2275 intellexero,
1461 2207 1567 2262 viri
1594 2223 1807 2262 summe
1838 2206 2148 2272 reverendi,
2178 2205 2410 2261 videbor
2441 2205 2578 2261 mihi
2610 2220 2719 2260 non
2748 2206 3021 2261 inutiliter
3054 2207 3195 2263 hanc
3224 2223 3449 2279 parvam

175 2322 408 2378 operam
432 2308 820 2364 consumsisse.
850 2308 1040 2363 Valete
1068 2315 1128 2363 et
1148 2306 1534 2362 benevolentia
1551 2312 1756 2371 vestra,
1782 2304 1890 2361 nisi
1914 2302 2171 2374 ind'anus
2192 2304 2443 2370 videbor,
2478 2318 2645 2375 porro
2683 2318 2773 2358 me
2803 2302 3217 2374 amplectimini.
3244 2304 3450 2361 Dabam

171 2404 347 2460 Halae
366 2404 470 2460 sub
499 2404 649 2475 ipsos
668 2402 838 2459 festos
865 2403 1005 2459 dies.

826 2582 975 2655 [Pag.
1009 2581 1065 2654 7]
1096 2581 1124 2654 ᾗ
1163 2582 1205 2637 ῐ.
1672 2594 1685 2601 ’λ
1794 2599 1838 2653 Α
1868 2583 2120 2639 codicum
2142 2580 2292 2636 MSS.
2325 2588 2429 2645 est,
2468 2582 2702 2636 alterum
2742 2597 2811 2636 ex
2850 2580 2984 2652 ipsis
3018 2589 3270 2637 veterum
3310 2583 3448 2639 scri-

236 2676 401 2743 Quae
425 2675 652 2730 Macarii
680 2674 1148 2729 circumferuntur
1193 2672 1487 2744 Opuscula,
1532 2682 1591 2728 ut
1633 2674 1761 2729 dili-

165 2769 319 2839 genti
361 2767 597 2821 lectione
643 2782 751 2821 non
798 2766 1021 2821 omnino
1060 2765 1283 2835 indigna
1338 2773 1489 2829 sunt,
1540 2764 1616 2819 ita
1662 2778 1766 2818 nec

162 2865 311 2917 forte
342 2863 456 2915 hoc
484 2860 754 2925 examine,
786 2859 1011 2914 Macarii
1044 2874 1114 2913 an
1138 2874 1340 2913 nomen
1370 2857 1494 2928 jure
1540 2874 1670 2928 prae
1708 2873 1768 2912 se

164 2956 363 3009 ferant.
395 2962 453 3008 et
480 2967 670 3008 revera
698 2952 766 3005 ab
802 2966 869 3005 eo
906 2950 1038 3005 sint.
1078 2950 1256 3019 Atque
1291 2949 1383 3005 hic
1429 2965 1538 3003 non
1577 2949 1769 3003 dubito

158 3047 284 3101 fore
318 3047 628 3117 plerosque
658 3043 754 3114 qui
779 3044 1074 3107 mirentur,
1101 3042 1233 3112 quid
1267 3043 1338 3096 sit
1362 3041 1507 3111 quod
1538 3057 1637 3112 ego
1667 3056 1769 3110 po-

160 3141 461 3195 tissimum
485 3139 732 3194 dubitem
757 3138 825 3193 de
873 3154 956 3201 re,
1006 3136 1075 3191 de
1124 3151 1231 3205 qua
1274 3134 1481 3188 nemini
1526 3147 1769 3202 unquam

1868 2676 1979 2747 ptis
1997 2673 2230 2745 petitum
2251 2680 2307 2728 et
2342 2674 2688 2729 testimoniis.
2721 2674 2878 2741 Quod
2926 2674 2971 2729 si
3018 2674 3149 2745 ergo
3190 2683 3450 2730 neutrum

1870 2768 2065 2823 stabile
2117 2775 2175 2821 et
2213 2765 2434 2821 ﬁrmum
2480 2766 2572 2830 sit,
2616 2783 2727 2821 non
2772 2774 2978 2822 temere
3038 2766 3296 2824 dubitare
3349 2784 3452 2840 ego

1870 2859 2121 2914 videbor.
2148 2857 2326 2927 Atque
2353 2856 2409 2911 id
2430 2857 2609 2928 ipsum
2631 2873 2732 2929 ego
2754 2872 2959 2913 assero.

1940 2961 2184 3015 Primum
2208 2960 2359 3015 enim
2385 2961 2532 3030 quod
2559 2961 2757 3019 attinet
2784 2961 2851 3017 ad
2885 2960 3059 3027 MSS,
3097 2963 3167 3017 ad
3211 2979 3350 3036 quae
3394 2966 3453 3020 in

1872 3048 1960 3104 his
1984 3050 2151 3104 rebus
2173 3064 2475 3119 provocare
2500 3064 2614 3103 non
2637 3050 2894 3120 exiguum
2933 3060 3020 3106 est
3052 3053 3449 3119 testimonium,

1873 3141 2045 3194 multa
2069 3148 2235 3193 erunt
2268 3140 2789 3211 circumspicienda.
2834 3141 3007 3208 Quam
3050 3145 3263 3214 antiqui
3316 3146 3455 3203 tales

158 3233 278 3288 fere
310 3232 382 3285 in
408 3238 652 3285 mentem
686 3230 857 3284 venit.
879 3228 1023 3295 Quin
1053 3237 1109 3283 et
1144 3229 1259 3298 ipse
1302 3227 1641 3296 aliquantum
1697 3228 1770 3280 ti-

158 3325 394 3380 midum
432 3338 523 3376 me
555 3336 675 3377 esse
710 3337 821 3375 non
850 3336 1010 3391 nego.
1045 3319 1336 3388 Utcunque
1360 3333 1491 3372 vero
1542 3333 1630 3372 res
1678 3333 1770 3373 ce-

156 3419 400 3482 ciderit,
436 3415 652 3488 juvabit
677 3422 859 3469 tamen
879 3413 1077 3477 errori,
1108 3427 1271 3482 quem
1307 3426 1427 3465 esse
1464 3410 1773 3484 suspicatus

159 3527 319 3577 sum,
355 3524 455 3564 me
478 3509 655 3579 ipsum
677 3521 779 3577 pro
811 3506 959 3561 virili
985 3512 1139 3576 parte
1167 3502 1470 3559 obstitisse.

921 3639 948 3711 §
978 3638 1045 3693 ιι.

225 3748 411 3815 Quod
445 3756 609 3802 antea
633 3745 746 3816 jam
778 3743 953 3815 tetigi,
982 3758 1144 3812 posse
1175 3740 1311 3795 mihi
1356 3740 1497 3795 forte
1543 3739 1775 3795 aliorum

147 3842 406 3898 obstare
431 3839 836 3901 auctoritatem,
865 3836 961 3906 qui
986 3836 1123 3890 nihil
1158 3836 1265 3890 tale
1305 3834 1569 3905 suspicati
1625 3841 1773 3897 sunt,

146 3936 207 3991 id
269 3935 487 3989 adhuc
529 3930 801 3986 contendo
843 3928 979 3983 vitio
1025 3927 1162 3981 mihi
1210 3926 1353 3981 verti
1413 3926 1568 3980 nullo
1613 3924 1776 3979 modo

144 4027 320 4100 [933.
360 4024 429 4097 8]
497 4038 676 4093 posse.
726 4022 805 4076 Ita
848 4020 997 4076 enim
1050 4019 1104 4072 in
1148 4018 1236 4073 his
1269 4016 1468 4071 studiis
1499 4015 1634 4070 mihi
1663 4016 1776 4085 jam

142 4121 248 4175 diu
280 4118 615 4173 multorum
646 4111 1068 4168 auctoritatibus
1093 4108 1239 4163 suasi
1276 4122 1398 4163 esse
1421 4105 1775 4170 versandum,

139 4220 212 4266 ut
242 4221 494 4265 temere
522 4205 680 4268 nihil,
712 4219 814 4258 nec
860 4203 981 4257 sine
1028 4199 1338 4255 rationibus
1380 4196 1540 4253 facile
1585 4196 1778 4250 crede-

139 4319 304 4358 rem.
343 4302 559 4371 Neque
586 4299 691 4353 hoc
714 4312 898 4352 meum
931 4308 1162 4349 examen
1206 4291 1318 4345 ulla
1360 4290 1418 4345 in
1464 4306 1522 4344 re
1570 4286 1779 4343 nomini

134 4405 524 4464 magnorum
547 4389 793 4443 virorum
814 4385 1079 4455 derogare
1120 4380 1327 4451 aliquid
1368 4387 1568 4450 potest.
1597 4376 1782 4433 Mirari

136 4489 311 4541 enim
344 4499 539 4539 nemo
566 4482 675 4537 erit
693 4480 787 4550 qui
810 4484 978 4543 vetet,
1008 4492 1107 4532 cur
1128 4475 1271 4529 hanc
1306 4487 1470 4527 nemo
1510 4471 1785 4541 quaestio—

129 4595 282 4634 nem
317 4575 611 4631 moverit.
636 4573 751 4629 Nisi
777 4570 901 4642 quis
943 4585 1009 4623 eo
1053 4567 1195 4621 forte
1238 4566 1440 4621 referat
1478 4564 1781 4626 Possinum,

134 4673 244 4742 qui
293 4672 367 4725 in
402 4668 706 4729 Thesauro
734 4681 835 4721 suo
856 4661 1091 4718 ascetico
1120 4658 1188 4714 de
1219 4658 1381 4712 tertio
1408 4656 1641 4711 Macario
1662 4653 1787 4707 ideo

128 4768 413 4838 cogitat,
452 4761 607 4831 quod
640 4760 837 4814 horum
862 4758 1097 4813 duorum
1127 4751 1313 4808 neutri
1336 4758 1583 4807 veterum
1629 4748 1786 4803 testi-

130 4861 447 4916 monium
496 4861 694 4909 exstet.
736 4852 909 4918 Quam
967 4848 1192 4919 quidem
1240 4846 1394 4899 litem
1442 4842 1603 4898 simul
1652 4856 1785 4895 con-

126 4959 383 5017 fecero,
420 4948 484 5004 si
510 4948 653 5001 hanc
669 4954 921 5016 potuero,
948 4956 1111 5013 quam
1138 4940 1255 5010 ipse
1284 4936 1505 5006 incipio.

929 5073 956 5147 §
990 5075 1082 5130 ιιι.

1874 3231 2094 3286 codices
2117 3231 2248 3296 sint,
2279 3231 2373 3301 qui
2396 3231 2695 3287 Macarium
2731 3241 3014 3289 auctorem
3046 3235 3309 3305 produnt,
3340 3245 3452 3293 sta-

1875 3331 2033 3377 tuere
2059 3322 2151 3376 vix
2170 3338 2417 3393 possum,
2445 3323 2575 3392 quia
2596 3339 2791 3379 eorum
2814 3324 2870 3379 in
2902 3326 2990 3382 his
3035 3327 3216 3394 terris,
3262 3334 3326 3383 ut
3370 3329 3451 3396 ﬁt,

1873 3413 2025 3468 nulla
2051 3423 2146 3468 aut
2165 3415 2362 3485 exigua
2390 3421 2475 3469 est
2496 3414 2713 3470 notitia.
2741 3417 2812 3469 At
2850 3417 3185 3474 contendere
3222 3418 3316 3474 vix
3353 3437 3451 3477 ve-

1874 3521 2021 3570 reor,
2045 3521 2155 3560 non
2178 3506 2322 3561 ultra
2360 3506 2639 3561 saeculum
2685 3524 2757 3562 xu
2812 3516 2907 3563 aut
2960 3525 3053 3564 χιιι
3102 3525 3223 3566 esse
3268 3527 3451 3582 posse.

1876 3597 2024 3666 quia,
2053 3606 2112 3651 ut
2161 3597 2515 3653 ostendemus
2556 3606 2767 3669 postea,
2812 3614 2975 3655 nemo
3016 3601 3130 3656 fere
3175 3612 3302 3658 ante
3351 3604 3455 3660 ista

1878 3698 2125 3759 tempora
2154 3690 2384 3743 istorum
2413 3704 2643 3760 operum
2661 3691 2887 3744 Macarii
2908 3692 3011 3746 sub
3036 3695 3258 3751 nomine
3295 3712 3454 3751 men-

1880 3782 2085 3837 tionem
2112 3782 2259 3837 facit.
2285 3784 2400 3838 Hoc
2438 3799 2572 3855 ergo
2619 3800 2750 3840 sane
2802 3799 2915 3838 non
2957 3786 3191 3839 multum
3240 3788 3458 3844 roboris

1880 3874 2107 3929 habebit
2150 3884 2557 3945 argumentum.
2606 3875 2756 3947 [Pag.
2782 3875 2839 3948 9]
2878 3876 3124 3942 Accedit,
3176 3878 3286 3933 sint
3328 3879 3459 3934 licet

1810 3966 1851 4020 Β
1876 3964 2025 4020 MSS.
2050 3966 2228 4031 multi,
2257 3974 2488 4036 possunt
2530 3966 2600 4021 ab
2642 3981 2755 4019 uno
2798 3981 2993 4022 omnes
3034 3966 3266 4037 profecti
3312 3983 3454 4035 esse,

1878 4066 2041 4127 atque
2063 4073 2194 4129 ergo
2216 4058 2561 4113 auctoritatis
2587 4058 2769 4113 adhuc
2789 4058 3043 4113 minoris.
3071 4059 3233 4125 Tum,
3276 4060 3324 4115 si
3369 4063 3461 4118 vel

1879 4148 2113 4203 maxime
2137 4148 2205 4203 de
2228 4148 2556 4203 auctoritate
2576 4147 2728 4203 MSS.
2755 4156 3054 4215 constaret,
3081 4150 3148 4205 iis
3171 4159 3350 4207 tamen
3389 4169 3460 4208 ex

1879 4254 1946 4293 eo
1965 4247 2175 4294 tantum
2193 4240 2371 4309 capite
2397 4239 2601 4309 aliquid
2621 4239 2861 4295 dandum
2877 4249 3046 4305 esset,
3067 4242 3215 4311 quod
3233 4244 3460 4298 rationi-

1880 4332 1983 4387 bus
1997 4331 2272 4386 contraria
2287 4348 2396 4386 non
2415 4332 2624 4387 dicunt.
2646 4331 2763 4386 Jam
2782 4348 2917 4387 vero
2933 4333 3052 4388 ﬁeri
3070 4336 3161 4389 vix
3179 4345 3378 4406 potest,
3399 4345 3460 4392 ut

1882 4432 2072 4478 auctor
2094 4424 2383 4488 asceticus,
2413 4423 2593 4494 qualis
2620 4432 2706 4479 est
2726 4422 3012 4487 Macarius,
3037 4434 3144 4481 tam
3193 4427 3288 4482 diu
3336 4443 3457 4483 mo-

1883 4515 2074 4571 nachis
2102 4516 2384 4587 ignoratus
2403 4515 2475 4570 sit
2500 4530 2599 4586 per
2626 4532 2662 4569 x
2684 4524 2740 4571 et
2760 4516 2916 4586 plura
2935 4518 3174 4583 saecula,
3209 4528 3273 4573 ut
3295 4536 3458 4575 nemo

1881 4607 2000 4677 ejus
2026 4606 2360 4661 meminerit.
2390 4606 2566 4671 Adde,
2597 4607 2744 4677 quod
2790 4608 2950 4663 multi
2996 4608 3126 4663 talia
3167 4618 3456 4678 praecepta

1882 4698 2227 4769 scripserint,
2258 4708 2320 4753 ut
2347 4699 2454 4754 hoc
2476 4700 2720 4755 studium
2744 4699 3039 4771 ἀσκητικὸν
3079 4700 3193 4755 fere
3243 4717 3461 4772 semper

1887 4790 2144 4860 viguerit.
2172 4790 2251 4845 lta
2270 4790 2376 4846 hoc
2397 4791 2732 4863 eodemjure
2755 4791 2981 4856 Caveas,
3008 4794 3148 4849 Hist.
3175 4794 3280 4849 Lit.
3320 4796 3379 4850 l’.
3418 4812 3458 4859 ι,

1885 4883 2111 4938 Macarii
2131 4892 2293 4953 negat
2342 4899 2465 4939 esse
2514 4885 2840 4954 opusculum
2883 4887 3104 4957 aliquod
3152 4887 3219 4941 de
3260 4886 3460 4941 exodio

1887 4976 2103 5029 animae
2148 4974 2419 5045 iustorum
2470 4984 2527 5030 et
2576 4975 2894 5046 impiorum,
2940 4978 3119 5046 quod,
3176 4978 3305 5032 licet
3345 4977 3458 5031 MS.

1887 5065 2160 5135 praeferat
2194 5064 2414 5119 Macarii
2446 5081 2669 5132 nomen,
2713 5074 2895 5121 tamen
2936 5067 3076 5120 ratio
3120 5066 3462 5121 tractationis

205 5182 441 5248 Atque
480 5172 769 5226 videamus
817 5170 946 5239 jam,
993 5167 1195 5237 quibus
1242 5161 1577 5235 argumentis
1625 5159 1786 5214 fidem
1887 5157 2095 5211 absona
2116 5164 2307 5211 etnon
2333 5157 2667 5213 conveniens
2698 5158 2786 5211 sit.
2816 5158 2883 5212 Et
2914 5158 3178 5227 profecto,
3227 5157 3273 5211 si
3332 5158 3464 5213 licet

122 5270 365 5328 haberi
420 5265 617 5319 velint
652 5270 748 5317 aut
782 5261 920 5314 velle
952 5259 1182 5329 possint,
1215 5255 1307 5326 qui
1356 5254 1613 5316 Macario,
1663 5250 1788 5322 qui-
1822 5319 1859 5329 _
1889 5248 2546 5320 conjecturisindulgere,
2572 5265 2684 5303 non
2709 5248 2920 5313 dubito,
2940 5256 3126 5302 nostra
3148 5249 3460 5304 omniaMa—

120 5378 400 5435 cunque
439 5360 506 5413 is
536 5357 626 5420 sit,
665 5356 767 5409 ista
802 5352 1142 5407 adscribunt.
1192 5348 1349 5403 Nulla
1398 5354 1545 5401 certe
1584 5345 1787 5400 habere
1814 5319 1862 5380 ο
1893 5341 2113 5394 cariana
2138 5338 2411 5410 Opuscula
2433 5350 2677 5412 tempore
2699 5342 2891 5397 eodem
2924 5355 3046 5395 cum
3082 5341 3187 5395 hoc
3210 5342 3314 5396 isto
3334 5351 3460 5397 nata

120 5457 249 5511 alia
279 5432 597 5527 possunt,
627 5461 788 5516 quam
818 5444 1042 5498 omnino
1078 5441 1208 5495 duo.
1256 5439 1499 5507 Quorum
1553 5437 1786 5492 alterum
1896 5441 1951 5488 et
1977 5432 2352 5489 consarcinata
2386 5432 2571 5488 fuisse.

1734 5611 1983 5668 NOTAE.

120 5760 428 5834 logetico
465 5750 783 5834 disputatio
828 5749 1050 5834 additur
1076 5748 1394 5834 borev'ins‘hoc
1422 5748 1603 5834 ind'ice
1634 5765 1646 5800 :
1676 5748 1787 5831 Ea:-

1896 5744 2227 5817 adversiones
2250 5746 2303 5800 in
2326 5745 2643 5817 Tertulliani
2660 5747 3053 5817 Apologeticum
3088 5748 3272 5816 prodo.
3301 5747 3455 5805 Eutr.

119 5818 805 5916 ρίῖηιίἱρςριλιὶἴααιιδδαε
834 5821 966 5893 quod
989 5836 1070 5876 me
1096 5819 1303 5897 fefellit,
1327 5818 1591 5891 pauculas
1614 5821 1786 5899 anim-

1896 5862 1933 5891 ι
1972 5814 2278 5906 (ὠροςικ,
2315 5816 2593 5905 Se‘mlerus
2622 5814 2760 5876 falso
2792 5814 3011 5890 scripsit
3033 5814 3181 5874 Χίηε.
3206 5818 3282 5874 lu.
