3950 6556
558 380 666 447 ῧθτ
1852 386 1945 442 JO.
1982 385 2129 441 SAL.

1264 502 1290 573 §
1317 502 1428 557 ιιιι.

635 591 791 647 Μδὸι
810 594 857 633 ίι
882 608 1034 665 ergo,
1062 603 1123 648 ut
1146 594 1405 659 vidimus,
1454 593 1560 648 nisi
1588 592 1809 648 aliunde
1840 592 2134 647 auctoritas

566 682 798 754 accedit,
825 682 973 737 nulla
1004 690 1107 737 est.
1130 683 1551 753 Videamusjam
1584 690 1965 754 argumentum
1996 683 2133 736 alte-

569 789 725 854 rum,
746 782 932 828 utrum
966 776 1073 829 tale
1100 774 1305 843 aliquid
1328 782 1503 831 exstet
1527 775 1584 829 in
1609 783 1858 829 veterum
1896 773 2133 843 scriptis.

569 866 675 939 Ubi
701 866 922 935 quidem
955 866 1186 936 cogitate
1210 867 1451 921 scribere
1484 883 1571 921 me
1602 866 1767 921 credo
1796 866 2135 937 etjudicare,

570 960 777 1039 nemini
809 967 1055 1013 veterum
1090 968 1277 1014 notum
1310 959 1499 1026 fuisse,
1527 959 1674 1030 quod
1716 959 1983 1014 Macarius
2037 958 2139 1012 ista

572 1051 879 1119 reliquerit.

643 1142 720 1197 Ita
752 1158 961 1209 omnes,
989 1144 1082 1213 qui
1118 1142 1185 1199 de
1215 1143 1578 1213 scriptoribus
1601 1139 1984 1198 ecclesiasticis
2030 1147 2142 1193 tra-

571 1229 847 1304 diderunt,
874 1242 1026 1288 certo
1056 1250 1122 1289 ex
1153 1233 1380 1287 consilio
1412 1232 1478 1287 de
1503 1231 1737 1288 Macario
1790 1238 1846 1285 et
1888 1229 1975 1285 his
2027 1229 2146 1299 ejus

571 1320 860 1393 Opusculis
904 1332 1106 1378 tacent.
1165 1323 1341 1393 Atque
1392 1323 1494 1377 hos
1553 1336 1653 1392 ego
1718 1329 1990 1384 auctores,
2037 1333 2147 1388 quo

572 1416 838 1486 cujusque
873 1414 1023 1487 [Pag.
1064 1413 1154 1488 lO]
1199 1416 1373 1485 major
1408 1428 1528 1469 esse
1568 1411 1866 1467 auctoritas
1906 1409 2146 1473 videtur,

572 1507 817 1578 singulos
859 1508 1053 1564 ordine
1098 1507 1395 1563 collocabo.
1442 1504 1651 1576 Agmen
1705 1502 1949 1557 omnium
1998 1501 2151 1556 ducit

573 1596 944 1668 Hieronymus.
979 1597 1100 1661 Hic,
1135 1595 1282 1667 quod
1315 1601 1505 1648 notum
1529 1594 1673 1647 inter
1704 1608 1894 1648 omnes
1919 1599 2020 1655 est,
2040 1607 2152 1645 non

573 1689 787 1759 vulgari
821 1689 1103 1759 diligentia
1136 1690 1192 1743 in
1238 1688 1345 1743 isto
1378 1695 1698 1757 argumento
1746 1692 1996 1740 versatus
2046 1692 2150 1749 est,

573 1788 934 1851 veterumque
960 1779 1295 1849 reipublicae
1319 1777 1664 1832 Christianae
1691 1776 1987 1846 insignium
2010 1775 2155 1829 viro-

576 1886 700 1925 rum
721 1846 884 1935 vitas,
915 1879 973 1926 et
998 1846 1321 1940 praesertim
1357 1870 1559 1939 scripta
1584 1883 1775 1923 eorum
1810 1867 2051 1936 reliquit.
2084 1866 2155 1920 At
2189 1846 2227 1901 Β

576 1961 723 2017 idem
748 1962 840 2017 hic
864 1961 1229 2032 Hieronymus
1250 1961 1444 2022 nescit,
1472 1960 1766 2013 Macarium
1789 1956 1995 2026 aliquid
2019 1970 2152 2010 con-

576 2054 883 2124 scripsisse,
913 2062 969 2108 et
1000 2053 1125 2108 ideo
1160 2068 1228 2117 ex
1260 2052 1365 2106 isto
1404 2052 1529 2105 albo
1573 2050 1794 2105 omittit.
1848 2048 2026 2118 Atque
2050 2047 2155 2101 hoc

576 2155 959 2217 argumentum
985 2160 1051 2201 eo
1082 2155 1167 2201 est
1195 2145 1434 2216 gravius,
1461 2144 1606 2215 quod
1646 2143 1961 2214 Hieronymi
2006 2150 2156 2197 aetas

577 2252 691 2293 non
716 2238 891 2292 solum
933 2235 1155 2290 Macarii
1213 2242 1460 2305 tempora
1510 2249 1623 2287 non
1669 2233 1841 2286 multo
1893 2238 2016 2301 post
2071 2236 2157 2284 est

578 2337 896 2392 consecuta,
932 2326 1029 2382 sed
1054 2334 1110 2381 et
1142 2326 1259 2395 ipse
1297 2323 1672 2378 habitaculum
1718 2322 1937 2376 Macarii
1984 2320 2159 2375 oculis

578 2419 698 2493 suis
746 2420 918 2485 vidit,
958 2427 1020 2474 ut
1062 2426 1293 2474 testatur
1321 2418 1389 2473 dc
1450 2432 1509 2471 se
1557 2416 1673 2485 ipse
1724 2415 1866 2468 inter
1899 2412 2161 2483 opuscula

581 2510 652 2567 de
681 2511 824 2567 Vitis
852 2519 1089 2581 patrum.
1118 2509 1317 2564 Mortui
1338 2510 1450 2581 jam
1477 2515 1636 2563 erant
1666 2506 1905 2569 Macarii,
1952 2514 2009 2559 et
2062 2503 2157 2573 qui

582 2603 653 2660 iis
686 2603 1123 2673 supervixerant,
1176 2602 1347 2655 multa
1400 2601 1788 2671 Hieronymum
1845 2598 1912 2651 de
1969 2610 2159 2651 eorum

580 2695 695 2750 vita
727 2702 785 2749 et
807 2694 975 2748 rebus
1014 2692 1181 2763 gestis
1217 2692 1547 2755 docuerunt,
1584 2698 1639 2745 at
1687 2690 1754 2744 de
1810 2689 2030 2758 scriptis
2077 2696 2159 2743 ta-

582 2795 727 2853 cent.
762 2785 919 2853 Quod
944 2784 990 2840 si
1013 2800 1143 2855 ergo
1174 2784 1253 2849 hi,
1287 2784 1383 2853 qui
1414 2782 1617 2847 omnia,
1646 2797 1787 2852 quae
1824 2782 1891 2835 ad
1943 2782 2161 2837 laudem

582 2879 946 2935 Hacariorum
1024 2876 1301 2947 pertinere
1367 2875 1719 2939 videbantur,
1786 2874 2159 2940 contulerunt,

582 2971 735 3032 nulla
765 2972 885 3041 ejus
918 2969 1121 3038 scripta
1144 2968 1347 3031 sciunt,
1379 2967 1521 3022 scire
1555 2966 1730 3021 multo
1756 2966 1942 3022 minus
1967 2966 2005 3019 ii
2038 2982 2163 3036 pos-

586 3070 738 3129 sunt,
767 3062 863 3132 qui
889 3062 1123 3116 multum
1157 3068 1346 3130 postea
1368 3060 1646 3114 vixerunt.
1675 3058 1781 3113 Sed
1806 3068 1862 3113 et
1888 3066 2039 3113 certo
2062 3073 2162 3112 ne-

587 3154 791 3219 sciunt,
818 3154 949 3223 quia
972 3153 1163 3206 itidem
1195 3158 1396 3205 tacent.
1427 3150 1821 3222 Hieronymum
1856 3151 2005 3205 enim
2049 3151 2161 3222 jam

584 3246 790 3315 excipit
812 3244 1133 3309 Gennadius,
1168 3241 1545 3297 testimonium
1572 3241 1970 3313 perhibiturus,
1996 3256 2054 3296 se
2096 3241 2164 3297 de

588 3336 678 3397 his
697 3336 923 3391 Macarii
953 3335 1091 3390 nihil
1123 3334 1347 3390 omnino
1386 3349 1485 3388 suo
1540 3342 1783 3404 tempore
1826 3333 2162 3405 cognovisse.

587 3428 703 3487 Nec
726 3428 950 3500 objiciat
973 3428 1118 3498 quis,
1150 3426 1297 3498 quod
1328 3425 1624 3482 Macarium
1672 3425 1816 3481 inter
1874 3426 2167 3496 scriptores

588 3519 994 3587 ecclesiasticos
1036 3528 1222 3589 ponat.
1258 3517 1399 3572 lllud
1455 3517 1603 3571 enim
1652 3516 1791 3571 nihil
1843 3516 1953 3570 huc
1990 3516 2164 3587 juvat.

588 3613 887 3670 Videamus
911 3610 1028 3682 ipsa
1059 3609 1329 3667 Gennadii
1354 3609 1424 3665 de
1455 3609 1694 3664 Macario
1716 3608 1904 3687 verba.

1314 3701 1442 3773 5v.

658 3798 951 3863 Macarius,
980 3798 1264 3853 monachus
1296 3794 1390 3849 ille
1408 3794 1716 3867 Aegyptius,
1746 3795 1909 3865 signis
1932 3799 1983 3846 et
2007 3794 2170 3846 virtu-

592 3891 729 3947 tibus
760 3891 963 3955 clarus,
999 3907 1164 3945 unam
1200 3896 1411 3947 tantum
1440 3890 1651 3960 scripsit
1687 3887 1756 3941 ad
1780 3887 2020 3957 juniores
2049 3902 2171 3956 pro-

592 3984 828 4054 fessionis
846 3999 975 4037 suae
999 3982 1300 4054 epistolam,
1317 3983 1373 4035 in
1396 3999 1501 4049 qua
1526 3981 1692 4045 docet,
1722 3978 1872 4051 [Pag.
1904 3976 1994 4050 ll]
2016 3976 2171 4031 illum

589 4078 818 4148 perfecte
843 4092 990 4149 posse
1004 4077 1202 4131 seruire
1228 4074 1358 4141 Deo,
1392 4076 1483 4147 qui
1512 4075 1859 4129 conditionem
1889 4073 2170 4127 creationis

589 4181 716 4227 suae
758 4181 1066 4237 cognoscens
1114 4164 1183 4218 ad
1224 4180 1402 4219 omnes
1453 4165 1786 4235 semetipsum
1836 4162 2171 4217 inclinaverit

593 4255 819 4324 labores,
851 4265 901 4310 et
942 4256 1187 4310 luctando
1234 4263 1390 4326 atque
1436 4254 1532 4309 Dei
1582 4254 1844 4310 auxilium
1891 4254 2172 4310 adversum

593 4364 768 4413 omne,
803 4348 942 4419 quod
970 4349 1026 4402 in
1070 4349 1169 4402 hac
1204 4350 1315 4403 vita
1363 4364 1525 4403 suave
1563 4356 1659 4411 est,
1709 4332 2060 4418 explorando,
2103 4346 2173 4401 ad

595 4441 899 4497 naturalem
960 4459 1163 4513 quoque
1212 4444 1515 4513 perveniens
1556 4443 1863 4512 puritatem,
1908 4442 2173 4495 continen-

597 4536 730 4589 tiam
747 4534 887 4588 velut
917 4542 1145 4587 naturae
1178 4534 1630 4595 debitum,munus
1653 4534 1951 4587 obtinuerit.

668 4626 792 4691 Hic,
828 4634 891 4683 ut
914 4624 1189 4689 videmus,
1225 4624 1475 4679 meminit
1507 4625 1700 4694 scripti
1735 4624 1968 4695 alicujus
1993 4640 2023 4679 a
2052 4624 2171 4678 Ma-

596 4715 763 4776 cario,
796 4713 894 4767 sed
917 4712 1231 4783 epistolam,
1252 4720 1308 4767 et
1333 4712 1554 4782 quidem
1576 4730 1739 4767 unam
1762 4721 1970 4767 tantum
1990 4712 2174 4783 appel-

593 4805 689 4868 lat.
715 4804 978 4874 Adeoque
1004 4818 1107 4858 nec
1136 4803 1420 4867 Homilias,
1452 4818 1556 4859 nec
1582 4804 1689 4859 alia
1719 4802 1992 4873 Opuscula
2014 4803 2172 4857 audi-

594 4906 751 4953 verat
801 4905 898 4951 aut
939 4897 1172 4952 viderat.
1209 4897 1370 4952 Venit
1416 4898 1473 4951 in
1516 4892 1977 4962 mentem'illius,
2024 4898 2174 4967 quod

595 4988 793 5047 Caveas
823 4990 961 5046 Hist.
987 4989 1095 5044 Lit.
1124 4990 1185 5045 P.
1218 5006 1254 5044 ιι
1298 4989 1365 5045 de
1396 4990 1631 5045 Macario
1660 4998 1849 5067 contra
1880 4991 2169 5046 Possinum

596 5081 811 5146 scribit,
858 5081 952 5151 qui
1012 5080 1205 5136 eadem
1257 5080 1325 5135 de
1374 5097 1537 5136 causa
1595 5082 1819 5137 tertium
1872 5083 2168 5138 Macarium

595 5173 989 5242 exsculpserat,
1027 5172 1173 5241 quod
1203 5172 1519 5227 Gennadius
1542 5173 1608 5228 de
1639 5174 1905 5244 Aegyptio
1933 5183 2161 5229 taceret.

597 5262 930 5335 Respondet,
947 5264 1192 5335 inquam,
1210 5265 1420 5321 Caveus
1445 5266 1518 5320 ita
1546 5284 1557 5319 :
1593 5287 1609 5317 ι
1634 5267 1774 5333 Quid
1793 5270 1835 5322 si
1855 5267 2171 5324 Gennadius

598 5355 668 5411 de
700 5355 833 5411 solis
868 5355 1088 5409 Macarii
1142 5356 1391 5427 epistolis
1439 5358 1718 5427 loquitur?
1767 5357 1907 5424 Quid
1964 5357 2011 5412 si
2064 5359 2171 5413 alia

600 5448 885 5518 scripserit
906 5449 1192 5513 Macarius,
1228 5466 1367 5520 quae
1398 5450 1667 5505 Gcnnadii
1702 5450 2040 5521 diligentiam
2082 5450 2171 5505 fu-

598 5540 797 5627 gerint,
843 5556 969 5595 cum
1007 5558 1116 5595 non
1156 5558 1327 5611 pauca
1367 5552 1477 5597 sunt
1523 5544 1747 5613 scripta,
1799 5560 1939 5615 quae
1967 5544 2170 5600 frustra

2166 386 2527 445 SEMLERUS
3659 393 3743 456 968

2160 508 2206 563 A
2233 502 2377 573 apud
2422 500 2761 556 Gennadium
2809 500 2997 570 quaeri
3043 499 3284 569 possint?
3319 517 3337 549 ι
3386 498 3522 553 Haec
3556 501 3746 565 Caveas.

2234 595 2383 662 Quae
2411 604 2465 649 et
2495 603 2686 649 contra
2702 609 2789 649 me
2816 594 2944 658 sint,
2978 593 3084 647 nisi
3116 601 3440 646 averterem.
3465 590 3605 657 Quod
3625 596 3749 656 facile

2236 700 2477 756 possum.
2508 685 2675 739 Miror
2701 684 2871 749 enim,
2900 685 3080 736 virum
3115 682 3173 736 in
3201 682 3309 737 hoc
3331 698 3524 752 genere
3546 683 3754 742 doctissi-

2237 793 2387 832 mum
2423 776 2526 831 ista
2564 776 2870 845 scripsisse.
2918 775 3081 829 Putat
3108 773 3177 827 de
3218 773 3352 827 solis
3378 773 3612 843 epistolis
3634 778 3755 849 loqui

2238 868 2599 924 Gennadium.
2629 865 2699 921 At
2718 866 2774 920 id
2806 882 2915 920 non
2943 864 3209 923 credibile
3232 872 3338 930 est,
3372 865 3498 934 quia
3524 867 3759 926 confectu-

2242 977 2338 1016 rus
2359 969 2480 1016 erat
2508 960 2744 1015 indicem
2757 959 3031 1029 potiorum
3055 964 3345 1013 auctorum
3366 966 3424 1012 et
3452 958 3757 1029 scriptorum.

2242 1052 2510 1107 Macarius
2552 1051 2657 1105 isto
2692 1059 2937 1120 tempore
2965 1049 3320 1115 notissimus;
3363 1048 3486 1103 ideo
3527 1050 3664 1116 dicit,
3695 1056 3764 1111 ille

2242 1142 2563 1214 Aegyptius.
2606 1141 2829 1197 Etcum
2871 1141 2991 1211 ejus
3026 1140 3364 1195 mentionem
3400 1139 3578 1205 faciat,
3610 1144 3765 1214 utique

2244 1250 2356 1289 non
2380 1234 2650 1288 minorem
2671 1244 2882 1303 partem
2915 1232 2983 1287 ab
3004 1248 3072 1288 eo
3100 1231 3432 1302 scriptorum
3457 1231 3767 1301 nominasset,

2246 1327 2345 1383 sed
2374 1326 2634 1396 majorem
2674 1334 2730 1380 et
2758 1326 3050 1396 potiorem.
3083 1324 3153 1379 Et
3178 1322 3227 1378 si
3260 1321 3495 1377 fuissent
3526 1332 3688 1377 nostra
3717 1341 3769 1380 eo

2250 1426 2518 1488 tempore,
2549 1415 2795 1486 jfuissent
2840 1415 3147 1480 tritissima,
3190 1413 3320 1483 quia
3351 1413 3633 1483 ἀπητικά.
3662 1413 3769 1469 Cum

2250 1510 2401 1581 jPag.
2452 1506 2542 1579 12]
2576 1522 2706 1578 ergo
2757 1515 2936 1563 taceat
2961 1505 3300 1570 Gennadius,
3348 1504 3496 1559 idem
3538 1512 3615 1559 est
3650 1522 3702 1561 ac
3736 1508 3773 1563 si

2252 1601 2416 1667 dicat,
2448 1600 2743 1655 Macarium
2773 1600 2910 1655 haec
2932 1614 3042 1653 non
3066 1597 3369 1668 scripsisse.
3396 1596 3597 1651 Deinde
3624 1608 3776 1667 aperte

2252 1695 2569 1753 Gennadius
2604 1694 2760 1760 dicit,
2796 1692 3022 1763 scripsit
3064 1708 3229 1746 unam
3273 1698 3483 1745 tantum
3510 1690 3775 1760 epistolam,

2257 1789 2293 1843 i.
2331 1804 2381 1843 e.
2410 1787 2550 1842 nihil
2587 1786 2736 1841 aliud
2766 1785 2929 1840 ultra.
2960 1783 3074 1839 Nec
3100 1783 3307 1853 fugisse
3338 1781 3531 1837 eadem
3555 1782 3619 1837 de
3646 1798 3778 1839 causa

2256 1880 2360 1934 ista
2393 1886 2622 1949 possunt
2661 1879 2780 1948 ejus
2819 1876 3009 1930 oculos
3054 1882 3150 1929 aut
3192 1872 3553 1943 diligentiam,
3594 1874 3707 1943 quia
3735 1882 3779 1929 et

2255 1973 2432 2043 majus
2459 1986 2616 2040 opus,
2644 1984 2807 2039 quam
2835 1967 3085 2038 epistola,
3114 1964 3435 2029 conﬁciunt,
3460 1971 3519 2018 et
3544 1964 3781 2019 notafuis-

2255 2071 2378 2119 sent
2415 2062 2659 2117 omnium
2691 2060 2947 2115 maxime.
2980 2057 3125 2125 Quin
3157 2065 3213 2111 et
3239 2057 3376 2112 haec
3394 2054 3781 2125 epistola,quam

2255 2156 2492 2213 Macario
2532 2154 2624 2207 dat
2653 2151 2988 2216 Gennadius,
3012 2150 3103 2204 vix
3132 2148 3270 2204 mihi
3302 2163 3499 2203 revera
3532 2147 3595 2201 ab
3616 2162 3675 2201 co
3690 2161 3785 2201 esse

2255 2246 2496 2309 videtur,
2524 2241 2671 2313 quod
2721 2242 3087 2311 Hieronymus
3130 2254 3242 2293 non
3284 2237 3619 2293 mentionem
3656 2235 3783 2299 facit;

2258 2335 2375 2406 qui,
2410 2333 2458 2389 si
2502 2331 2825 2396 exstitisset,
2872 2346 2995 2385 eam
3036 2329 3093 2383 in
3131 2328 3352 2383 deserto
3394 2326 3502 2381 isto
3552 2324 3787 2379 domicilio

2258 2422 2678 2485 monachorum,
2712 2421 2915 2491 quibus
2929 2418 3168 2490 praefuit
3200 2416 3491 2481 Macarius,
3520 2415 3630 2469 sine
3654 2414 3789 2468 dubio

2257 2516 2507 2571 vidisset.
2554 2514 2651 2570 His
2694 2514 2835 2569 addo
2897 2513 3078 2568 adhuc
3127 2510 3401 2580 Ruﬁnum,
3445 2508 3544 2577 qui
3590 2506 3715 2559 libro
3749 2522 3787 2560 ιι

2260 2624 2379 2679 cap.
2409 2608 2443 2662 4
2471 2606 2546 2679 (a)
2578 2605 2682 2661 et8
2704 2606 2770 2661 de
2793 2604 3044 2659 Macariis
3067 2604 3197 2674 agit,
3226 2610 3281 2655 at
3307 2602 3374 2655 de
3406 2598 3625 2669 scriptis
3650 2606 3788 2661 tacet;

2260 2700 2551 2755 Honorium
2598 2698 3137 2769 Augustodunensem,
3172 2692 3265 2764 qui
3314 2693 3573 2763 pleraque
3609 2688 3789 2759 quidem

2260 2809 2329 2848 ex
2362 2792 2645 2848 Gennadio
2681 2799 2737 2846 et
2770 2790 2894 2844 aliis
2932 2788 3190 2859 sublegit,
3225 2794 3279 2840 at
3313 2785 3443 2855 quia
3489 2790 3645 2845 tacet,
3683 2779 3791 2835 nihil

2262 2885 2405 2939 ultra
2422 2882 2741 2954 cognovisse
2764 2880 3072 2937 credendus
3089 2887 3189 2934 est.
3207 2877 3315 2932 Sed
3331 2875 3493 2931 omisi
3506 2872 3789 2933 Palladium,

2262 2978 2358 3050 qui
2388 2977 2567 3048 primo
2588 2983 2711 3045 post
2738 2973 3132 3043 Hieronymum
3159 2970 3281 3024 loco
3321 2962 3793 3022 commcmorandus

2263 3070 2478 3133 fuisset,
2509 3066 2617 3121 nisi
2641 3065 2732 3119 isti
2754 3064 2892 3119 mihi
2914 3060 3281 3133 conjungendi
3311 3074 3429 3114 esse
3459 3057 3563 3112 visi
3583 3056 3791 3109 fuissent.

2190 3186 2233 3245 ο
2265 3162 2366 3221 Hic
2387 3173 2530 3214 anno
2562 3164 2687 3229 post
2714 3155 2927 3209 obitum
2952 3152 3172 3209 Macarii
3202 3150 3437 3205 eundem
3458 3149 3517 3203 in
3537 3148 3701 3201 locum
3724 3160 3792 3199 so-

2266 3251 2519 3308 litudinis
2542 3248 2795 3313 accessit,
2817 3254 2874 3301 et
2896 3254 3079 3301 tamen
3102 3243 3240 3309 nihil
3268 3242 3469 3298 horum
3508 3240 3793 3309 scriptorum

2266 3338 2519 3396 meminit
2546 3337 2601 3391 in
2630 3335 2874 3392 Historia
2902 3333 3191 3398 Lausiaca,
3215 3330 3346 3387 licet
3370 3329 3593 3387 Macarii
3617 3326 3796 3397 egregia

2266 3418 2409 3488 facta
2440 3428 2735 3487 collaudet.
2775 3425 2950 3483 Omisi
2976 3433 3033 3481 et
3069 3424 3333 3479 Joannem
3369 3420 3697 3482 Cassianum,
3725 3416 3795 3486 qui

2268 3524 2337 3580 de
2381 3520 2647 3578 institutis
2697 3516 3016 3573 monasticis
3068 3513 3316 3570 scribens
3375 3512 3551 3566 multa
3600 3505 3797 3565 celebria

2267 3613 2489 3670 Macarii
2512 3612 2660 3668 dicta
2680 3611 2860 3675 all‘ert,
2892 3616 2949 3664 at
2982 3608 3119 3663 haec
3141 3606 3261 3677 ejus
3294 3603 3571 3675 Opuscula
3605 3602 3797 3672 ignorat,

2269 3722 2410 3778 quae
2433 3713 2614 3761 tamen
2645 3702 2870 3775 proprie
2896 3700 2965 3755 ad
3003 3714 3162 3754 suum
3203 3696 3483 3753 scribendi
3515 3709 3677 3766 genus
3700 3704 3798 3761 per-

2269 3799 2590 3861 tinuissent,
2614 3796 2661 3850 si
2681 3793 3044 3855 exstitissent.
3075 3790 3242 3857 Quin,
3269 3786 3417 3859 quod
3452 3786 3630 3841 adhuc
3670 3780 3799 3841 addo,

2272 3898 2418 3946 tacet
2449 3897 2506 3945 et
2523 3887 2735 3945 Suidas.
2758 3886 2947 3956 Neque
2970 3882 3121 3939 enim
3151 3882 3209 3936 in
3242 3880 3355 3935 vita
3380 3878 3606 3933 Macarii
3634 3874 3802 3942 scripta

2270 3982 2389 4052 ejus
2421 3979 2530 4036 ulla
2558 3984 2847 4041 memorat,
2884 3974 2980 4029 sed
3006 3972 3272 4043 quaedam
3305 3970 3548 4041 Evagrii,
3589 3962 3802 4034 discipuli

2274 4073 2441 4136 illius.
2471 4070 2678 4128 Unicus
2701 4076 2891 4131 restat,
2928 4065 3024 4121 sed
3063 4065 3111 4119 is
3134 4080 3201 4119 ex
3222 4062 3647 4124 recentioribus,
3672 4057 3804 4112 Joan-

2273 4181 2362 4218 nes
2418 4162 2768 4225 Trithemius,
2842 4158 2936 4228 qui
2983 4156 3278 4216 Macarium
3346 4155 3495 4209 inter
3550 4152 3805 4221 scriptorcs

2273 4253 2424 4328 [Pag.
2473 4251 2563 4325 l5]
2597 4252 2771 4322 ponit,
2804 4251 2955 4305 nulla
3004 4258 3185 4304 tamen
3218 4248 3338 4318 ejus
3368 4244 3576 4315 scripta
3602 4254 3803 4297 comme-

2273 4354 2469 4403 morat.
2494 4344 2653 4412 Quod
2673 4344 2742 4399 ad
2766 4342 3061 4401 Simeonem
3079 4340 3419 4411 Logothetam
3441 4336 3655 4400 attinet,
3677 4345 3805 4403 quem

2273 4439 2484 4495 Caveus
2511 4446 2699 4493 monet
2735 4435 2978 4507 capitula
3008 4432 3200 4491 CLXX
3242 4430 3480 4488 ascetica
3514 4421 3806 4500 metaphrasi

2198 4524 2243 4580 Ῑ)
2272 4533 2594 4597 illustrasse,
2624 4532 2731 4586 hoc
2762 4529 3016 4596 sufﬁciat,
3056 4544 3208 4592 eum,
3242 4526 3373 4597 quia
3398 4533 3495 4579 aut
3522 4522 3711 4578 incerti
3737 4519 3806 4578 sit,

2269 4634 2364 4681 aut
2401 4632 2550 4681 certe
2598 4641 2672 4681 xu
2721 4623 2943 4679 demum
2992 4621 3219 4686 saeculi,
3296 4636 3489 4689 parum
3536 4632 3690 4688 posse
3729 4614 3808 4667 ista

2273 4718 2476 4788 scripta
2512 4717 2677 4773 tueri.
2712 4716 2769 4771 Si
2806 4716 2875 4772 ad
2920 4731 3145 4770 manum
3192 4712 3486 4783 aliquando
3524 4711 3638 4781 ipse
3676 4707 3809 4763 fuerit

2274 4809 2321 4864 is
2339 4810 2499 4874 liber,
2550 4809 2709 4879 plura
2753 4806 2896 4863 forte
2938 4806 3271 4860 notabimus.
3303 4804 3529 4860 Certum
3577 4816 3701 4871 ergo
3725 4806 3805 4858 est,

2274 4910 2398 4957 ante
2421 4901 2699 4977 saeculum
2740 4918 2813 4956 xu
2850 4915 2962 4955 non
3000 4906 3131 4953 nota
3159 4897 3328 4953 fuisse
3350 4895 3675 4951 Macariana.

2975 4990 3002 5062 ς
3039 4992 3127 5046 v1.

2348 5084 2490 5139 Satis
2518 5100 2649 5158 ergo
2682 5082 2795 5138 suis
2841 5082 3154 5137 rationibus
3189 5081 3534 5144 destituitur,
3570 5087 3633 5132 ut
3652 5072 3809 5133 credo,

2276 5178 2464 5248 Opinio
2496 5178 2807 5247 pervulgata
2835 5176 2903 5230 de
2936 5175 3159 5230 Macarii
3202 5175 3443 5244 scriptis.
3474 5172 3584 5227 Sed
3622 5188 3715 5224 nec
3747 5166 3814 5219 his

2277 5271 2613 5341 argumentis
2655 5271 2784 5325 solis
2815 5270 3043 5332 ianitor,
3075 5284 3242 5338 quum
3289 5269 3356 5322 de
3393 5265 3686 5336 Opusculis
3720 5259 3816 5314 istis

2273 5362 2487 5415 dubito.
2520 5361 2729 5415 Addam
2767 5361 2915 5415 aliud
2946 5360 3145 5425 adhuc,
3181 5359 3325 5429 quod
3361 5369 3575 5412 tantum
3606 5356 3747 5408 abest
3771 5354 3817 5401 ut

2272 5453 2393 5507 istis
2419 5453 2597 5518 ccdat,
2634 5464 2695 5508 ut
2722 5452 2962 5523 pondere
2986 5467 3086 5506 suo
3118 5460 3396 5522 praestare
3419 5449 3604 5520 potius
3635 5444 3813 5514 opiner.

2273 5545 2495 5601 Scilicet
2520 5555 2684 5601 totam
2714 5544 2988 5601 scribendi
3026 5544 3314 5609 rationem,
3351 5558 3458 5612 qua
3483 5536 3712 5595 confecti
3738 5530 3816 5588 isti

2100 5700 2348 5769 NOTAE.

674 5814 753 5889 (a)
793 5812 972 5881 Corn,
1004 5815 1276 5887 Scmlcrus
1308 5816 1470 5873 habet
1504 5815 1554 5869 ὅ.
1592 5815 1737 5870 Eutr.
