3950 6564
175 327 266 387 ἳῦθ

1196 337 1280 392 DE
1320 337 1628 394 SCRIPTIS
1665 336 1722 393 S.
1765 335 2050 392 MACARII
2085 335 2425 392 AEGYPTII.

3303 335 3426 394 270‘

174 460 289 512 sunt
310 453 503 519 libelli,
536 453 768 509 alienam
806 470 925 513 esse
947 472 1058 512 non
1084 457 1260 511 solum
1285 473 1315 511 a
1345 458 1605 522 Macario,
1641 455 1739 512 sed
1767 459 1812 516 Δ
1844 455 1988 509 idem
2025 453 2305 520 traditur;
2343 462 2405 508 ut
2433 452 2559 508 inde
2601 451 2775 508 ferme
2819 461 3095 523 appareat,
3131 451 3410 509 consarci-

173 561 202 600 ι
231 544 424 616 quovis
449 544 559 602 alio
591 555 817 601 auctore
858 546 1150 601 contendo.
1192 546 1362 601 Eccui
1412 547 1562 601 enim
1593 545 1730 601 illud

174 636 448 711 probabile
492 637 737 701 videtur,
793 638 862 692 ab
904 639 1089 708 aliquo
1133 647 1358 693 auctore
1409 640 1496 694 bis
1547 647 1606 694 et
1648 646 1734 693 ter

171 728 348 786 eadem
371 735 428 783 et
457 729 620 783 verba
649 727 974 798 easdemque
994 728 1292 783 sententias
1346 727 1564 783 diversa
1606 743 1732 781 συν-

171 819 351 890 αφείᾳ,
385 820 442 873 in
464 835 630 890 parva
655 819 983 890 scriptorum
1002 820 1163 884 mole,
1181 835 1282 890 pro
1298 817 1525 889 integris
1543 826 1599 873 ει
1614 817 1736 873 aliis

171 910 440 981 opusculis
486 909 658 979 repeti
693 918 750 964 et
787 911 1053 965 obtrudi?
1079 911 1150 966 At
1179 911 1235 966 id
1267 911 1620 965 ostendemus
1658 909 1734 965 ita

172 1005 219 1058 in
250 1002 338 1056 his
370 1001 592 1058 Macarii
639 1017 784 1068 esse,
832 1003 910 1057 ita
941 1012 1146 1068 tamen,
1185 1011 1248 1058 ut
1285 1003 1447 1058 simul
1473 1018 1732 1059 nonnun-

169 1109 324 1165 quam
351 1095 457 1148 alia
487 1110 726 1165 quoque,
773 1110 947 1164 pauca
990 1103 1171 1149 tamen
1213 1109 1551 1159 moneamus,
1592 1108 1733 1164 quae

168 1186 227 1242 ad
251 1185 526 1241 diversam
553 1185 886 1257 scripturam
923 1195 980 1241 et
1008 1186 1302 1242 lectionem
1338 1187 1616 1258 pertinere
1652 1186 1734 1240 vi-

167 1276 458 1334 dabuntur.

833 1367 860 1436 ι
902 1367 1016 1423 vn.

226 1459 478 1530 Exempli
513 1460 636 1516 loco
679 1476 1014 1530 apponemus
1055 1475 1142 1524 ea,
1188 1475 1330 1530 quae
1371 1461 1439 1515 de
1486 1476 1607 1530 cap.
1666 1461 1733 1516 15

164 1550 420 1620 Opusculi
453 1550 516 1603 de
553 1548 803 1605 Custodia
846 1551 1015 1603 cordis
1055 1566 1110 1619 p.
1173 1549 1242 1602 22
1286 1549 1422 1603 edit.
1459 1550 1733 1604 Pritianae

164 1642 312 1714 [Pag.
346 1640 436 1712 14]
469 1641 803 1696 notavimus.
836 1641 914 1694 Ex
941 1641 1046 1695 isto
1077 1642 1286 1712 integra
1323 1640 1558 1694 Homilia
1597 1656 1732 1695 con-

161 1732 295 1786 fecta
319 1740 421 1796 est,
450 1731 642 1786 iisdem
680 1731 862 1786 verbis
921 1743 977 1786 et
1021 1732 1328 1796 sententiis,
1355 1744 1476 1786 xxxa
1523 1731 1734 1786 scilicet

161 1841 208 1894 p.
237 1823 368 1878 287.
395 1823 514 1890 Quo
533 1823 726 1877 addam
755 1823 992 1893 denique
1015 1824 1348 1894 Opusculum
1378 1824 1441 1876 de
1467 1823 1730 1877 Libertate

162 1917 346 1969 mentis
398 1931 518 1985 cap.
570 1914 658 1980 18,
695 1923 752 1969 ει
796 1915 1190 1987 Apophthegma
1235 1916 1471 1986 primum
1519 1915 1726 1985 p.231.

221 2005 282 2060 In
317 2006 593 2076 Opusculo
611 2007 674 2060 de
697 2005 946 2061 Custodia
967 2007 1137 2060 cordis
1161 2023 1214 2076 p.
1233 2007 1301 2060 22
1320 2007 1396 2060 ita
1423 2006 1690 2059 habemus
1713 2024 1727 2060 :

160 2101 191 2154 δ
230 2099 616 2167 ,ϐουλόμενος
657 2097 1020 2166 προσελθεῖν
1062 2099 1143 2163 τῷ
1188 2099 1400 2166 Κυρίῳ,
1442 2098 1540 2151 καὶ
1583 2096 1728 2164 ζωῆς

157 2190 399 2243 αίωνιου
432 2189 891 2258 καταξιωθῆναι,
939 2191 1037 2244 καὶ
1087 2189 1541 2258 κατοικητήριον
1584 2189 1729 2244 Θεοῦ

157 2277 470 2350 γενέσθαι,
513 2279 615 2333 καὶ
657 2282 1000 2350 πνεύματος
1049 2282 1221 2350 ἁγίου
1270 2281 1726 2350 καταξιωθῆναι,

157 2369 250 2421 ἵνα
273 2369 421 2434 τοὺς
467 2371 736 2438 καρποὺς
759 2371 947 2425 αὑτοῦ
994 2373 1142 2426 κατὰ
1172 2372 1277 2438 τὰς
1319 2374 1575 2440 ἐντολὰς
1621 2373 1729 2428 τοῦ

155 2462 380 2529 Κυρίου
405 2461 640 2531 δυνηθῇ
677 2461 929 2532 ἀμώμως
956 2464 1056 2516 καὶ
1091 2466 1360 2534 καθαρῶς
1392 2467 1606 2531 ποιεῖν,
1631 2467 1730 2520 οὗ-

156 2570 262 2618 τως
314 2553 546 2622 ὀφείλει
597 2555 987 2622 ἐνάρξασθαι.
1036 2555 1183 2612 Haec
1237 2558 1499 2628 periodus
1554 2559 1729 2628 prima

154 2644 314 2714 primi
369 2644 629 2714 Opusculi
662 2647 762 2718 (α).
806 2647 874 2702 Ει
905 2648 1162 2704 similiter
1208 2651 1399 2705 eadem
1449 2652 1617 2706 verba
1673 2652 1730 2706 in

155 2734 425 2790 Homiliae
457 2737 690 2806 periodo
726 2737 925 2808 prima,
951 2740 1058 2796 nisi
1077 2741 1223 2811 quod
1250 2757 1352 2812 pro
1368 2742 1502 2796 Θεοῦ
1530 2743 1730 2814 legitur

152 2827 242 2880 τοῦ
291 2828 536 2897 Χριστοῦ
564 2828 659 2900 (b),
707 2846 808 2900 pro
856 2832 1301 2902 καταξιωθῆναι,
1357 2835 1728 2906 πληρωθῆναι,

151 2917 292 2988 quod
348 2917 493 2974 forte
541 2919 769 2988 factum,
823 2939 893 2979 ne
941 2925 1086 2978 idem
1127 2925 1358 2980 verbum
1411 2926 1595 2981 statim
1643 2927 1732 2982 bis

150 3021 504 3079 occurreret;
531 3028 633 3083 pro
663 3017 912 3086 καρποὺς
942 3015 1108 3070 αὑτοῦ
1139 3017 1342 3088 legitur
1365 3020 1612 3088 καρποὺς
1635 3018 1729 3072 τοῦ

149 3099 488 3172 πνεύματος,
511 3102 630 3166 ubi,
658 3104 784 3174 quis
800 3105 961 3168 αὐτὸς
981 3106 1072 3171 sit,
1095 3105 1454 3175 exprimitur;
1469 3123 1568 3177 pro
1588 3109 1730 3162 κατὰ

147 3193 243 3257 τὰς
264 3193 495 3256 ἐντολὰς
533 3194 628 3246 τοῦ
661 3195 868 3266 Κυρίου
899 3196 1100 3267 legitur
1131 3199 1225 3250 καὶ
1261 3198 1362 3262 τὰς
1394 3198 1612 3262 ἐντολὰς
1637 3198 1731 3252 τοῦ

152 3283 414 3354 Χριστοῦ.
455 3285 564 3338 Καὶ
586 3287 1044 3356 ειιηεςρεινριιιεεις
1074 3288 1326 3344 Christus
1349 3305 1450 3360 pro
1476 3290 1728 3355 Domino,

152 3376 278 3445 quia
312 3376 373 3430 in
405 3377 633 3430 Patrum
682 3379 902 3449 scriptis
947 3379 1211 3434 Dominus
1243 3387 1300 3434 ct
1337 3380 1590 3437 Christus
1631 3398 1733 3452 pro

151 3468 344 3524 eodem
377 3477 487 3524 est.
522 3469 661 3524 Tum
687 3485 789 3540 pro
824 3469 1069 3542 ἁμὼμως
1098 3472 1190 3524 καὶ
1220 3471 1475 3543 καθαρῶς
1503 3474 1733 3545 legimus

151 3560 412 3631 καθαρῶς
437 3561 532 3614 καὶ
548 3561 816 3633 ἀμώμως,
835 3562 942 3617 levi
969 3562 1306 3631 mutatione;
1337 3574 1392 3619 et
1415 3581 1514 3635 pro
1537 3569 1728 3632 ποιεῖν,

152 3655 404 3726 ποιῆσαι,
432 3671 542 3710 non
565 3657 728 3721 male,
752 3655 882 3726 quia
897 3656 1003 3712 hoc
1019 3666 1235 3728 tempus
1257 3673 1418 3728 saepe
1445 3659 1726 3730 sequitur;

148 3762 244 3816 pro
274 3747 481 3814 οὕτως,
503 3743 679 3812 οὗτος,
712 3748 876 3812 male,
907 3763 1035 3803 nam
1061 3749 1352 3821 legendum
1396 3749 1601 3818 οὓτως;
1629 3768 1730 3822 pro

147 3838 504 3910 ἐνάρξασθαι,
545 3838 826 3910 ἄρξεσθαι,
873 3840 1021 3910 quod
1067 3841 1263 3900 melius
1303 3840 1588 3913 ἄρξασθαι.
1625 3843 1728 3899 Ρε-

147 3929 338 3986 riodus
373 3931 555 3984 altera
594 3931 702 3985 levi
734 3931 1040 3986 mutatione
1071 3931 1276 3986 differt.

212 4022 274 4076 In
311 4021 598 4093 Opusculo
632 4024 696 4076 de
738 4023 990 4079 Custodia
1019 4025 1272 4094 sequitur
1306 4044 1319 4080 :
1357 4027 1455 4080 καὶ
1485 4029 1566 4093 εἰς
1616 4029 1730 4097 τὴν

143 4112 338 4182 εὐχὴν
384 4113 649 4169 πάντοτε
709 4116 1180 4184 προσκαρτερεῖν
1224 4120 1446 4172 αὐτόν·
1491 4119 1590 4172 καὶ
1641 4119 1726 4189 μὴ

141 4203 590 4273 ἀπογινώσκειν
647 4205 1130 4274 προσδεχόμενος
1189 4207 1296 4262 τοῦ
1347 4208 1567 4276 Κυρίου
1616 4208 1730 4277 τὴν

139 4294 480 4365 ἐπίσκεψιν
516 4295 616 4349 καὶ
661 4294 777 4362 τὴν
795 4296 1088 4364 βοήθειαν
1129 4296 1409 4365 πάντοτε,
1442 4300 1550 4352 τὸν
1581 4313 1727 4352 σκο-

138 4386 258 4438 πὸν
297 4385 416 4441 τοῦ
448 4385 588 4453 νοὸς
626 4387 812 4441 αὑτοῦ
841 4390 927 4458 εις
955 4389 1132 4442 τοῦτο
1157 4389 1313 4459 ἔχων
1343 4391 1724 4457 διαπαντός.

1836 556 1964 601 nata
2006 547 2230 601 aliunde
2261 546 2398 601 haec
2441 561 2583 600 esse.
2621 544 2777 611 Quod
2810 560 2942 600 vero
2990 545 3056 599 ad
3091 545 3411 600 varietatem

1835 639 2143 710 scripturae
2174 638 2462 693 allatorum
2501 637 2797 692 verborum
2840 652 3010 708 porro
3041 637 3257 704 attinet,
3286 652 3413 708 pos--

1835 731 1948 785 sint
1989 730 2092 787 ista
2127 731 2420 802 conjuncta
2457 730 2628 786 fuisse
2663 729 2880 786 videri:
2907 729 3100 800 καὶμὴ
3136 729 3409 798 ἀπογινώ-

1835 840 2006 885 σκειν,
2055 823 2172 876 ἀλλ’
2214 825 2272 876 ὲν
2302 823 2482 877 πίστει
2510 831 2644 888 εει.,
2674 832 2769 878 aut
2793 821 2954 877 facile
2991 821 3060 876 ab
3095 821 3279 891 aliquo
3309 820 3408 875 ad-

1834 916 1951 971 dita
1981 923 2129 971 sunt.
2156 916 2345 986 Neque
2365 915 2513 970 enim
2547 914 2761 980 dubito,
2787 913 2935 984 quod
2956 927 3026 968 ex
3051 912 3412 982 sequentibus

1833 1005 2120 1078 apparebit
2144 1005 2364 1070 melius,
2391 1005 2641 1060 diversos
2664 1004 2857 1069 fuisse,
2877 1005 2972 1074 qui
2997 1004 3101 1059 ista
3131 1018 3199 1058 ex
3221 1003 3410 1062 diver-

1835 1099 1912 1154 sis
1950 1096 2072 1151 aliis
2097 1095 2493 1166 congesserint.
2512 1095 2620 1152 Sed
2647 1096 2738 1151 vix
2769 1097 3006 1166 placent,
3039 1111 3179 1166 quae
3205 1095 3410 1150 ibidem

1835 1194 1968 1242 sunt
2002 1204 2016 1241 :
2048 1185 2142 1240 τὸν
2174 1186 2382 1241 σκοπὸν
2420 1186 2514 1240 τοῦ
2551 1187 2673 1251 νοὸς
2703 1187 2870 1241 αὑτοῦ
2901 1188 2982 1251 εἰς
3021 1187 3180 1241 τοῦτο
3221 1188 3413 1258 ἔχοντα.

1832 1277 1920 1332 διὰ
1948 1277 2172 1342 παντός.
2208 1277 2398 1348 Neque
2440 1279 2588 1332 enim
2619 1278 2761 1333 scire
2798 1277 2959 1334 facile
2991 1285 3098 1343 est,
3136 1278 3271 1348 quid
3307 1278 3416 1337 ista.

1836 1369 2170 1442 signiﬁcent.
2211 1369 2281 1425 Et
2318 1385 2443 1424 cum
2479 1385 2591 1424 non
2624 1370 2700 1425 ita
2740 1371 2914 1425 multo
2949 1378 3074 1440 post
3099 1379 3360 1442 sequatur
3391 1389 3405 1425 :

1839 1464 1998 1535 μόνον
2033 1464 2123 1518 τὸν
2166 1462 2371 1535 Κύριον
2406 1463 2494 1516 ἀεὶ
2526 1463 2632 1532 πρὸ
2664 1463 2956 1534 ὀφθαλμῶν
2995 1463 3140 1534 ἔχειν
3178 1463 3271 1516 καὶ
3310 1461 3422 1526 τὰς.

1841 1553 2062 1617 ἐντολὰς
2089 1553 2273 1614 αὑτοῦ,
2298 1567 2493 1624 parum
2520 1553 2676 1607 abest
2695 1552 2830 1622 quin
2866 1553 3070 1622 legam:
3098 1553 3187 1606 τόν
3208 1569 3264 1605 τε
3287 1571 3412 1612 σκοτ

1837 1645 1937 1697 πὸν
1956 1644 2051 1698 τοῦ
2077 1644 2196 1707 νοὸς
2227 1643 2392 1696 αὑτοῦ
2416 1645 2495 1706 εἰς
2523 1643 2710 1696 τοῦτον
2741 1642 2852 1715 [τὸν
2889 1641 3115 1712 Κύριον]
3150 1642 3292 1712 ἔχειν
3321 1643 3410 1698 διὰ

1836 1734 2056 1798 παντός.
2091 1733 2248 1789 Licet
2274 1733 2422 1788 enim
2447 1734 2658 1804 liquido
2690 1735 3018 1805 intelligere,
3055 1735 3238 1789 omnia
3263 1735 3411 1792 inter

1832 1843 1912 1891 se,
1941 1826 1988 1882 si
2019 1826 2305 1882 materiam
2347 1825 2522 1895 ipsam
2552 1835 2786 1896 spectes,
2823 1827 3050 1882 confusa
3069 1842 3206 1881 esse.
3231 1825 3408 1896 Atque

1834 1918 1940 1974 hoc
1994 1918 2197 1988 ipsum,
2252 1925 2313 1971 ut
2357 1916 2641 1972 Christum
2696 1917 2820 1987 quis
2873 1917 3171 1983 intueatur,
3223 1926 3410 1976 monet

1834 2007 2170 2078 Opusculum
2207 2005 2270 2060 de
2316 2007 2580 2061 Libertate
2634 2023 2753 2078 cap.
2787 2008 2853 2063 16
2889 2017 2948 2063 ει
2992 2009 3079 2073 17,
3127 2008 3270 2063 unde
3316 2009 3409 2064 vix

1831 2099 2025 2154 dubito
2047 2100 2186 2154 haec
2218 2113 2340 2154 esse
2379 2107 2660 2168 excerpta.
2697 2099 2808 2153 Nec
2837 2106 2922 2152 est
2952 2099 3096 2169 quod
3131 2099 3254 2168 quis
3283 2098 3407 2153 ideo

1831 2191 2047 2248 dubitet
2094 2192 2163 2247 de
2217 2192 2322 2245 hac
2367 2191 2703 2261 conjectura,
2751 2190 2900 2260 quod
2953 2191 3225 2259 scriptura
3273 2189 3408 2244 haec

1829 2284 2022 2338 eadem
2051 2283 2122 2339 sit
2160 2284 2215 2338 in
2246 2282 2503 2338 llomilia.
2537 2282 2859 2337 Videbimus
2891 2283 3038 2336 enim
3085 2283 3405 2338 alterutrum

1829 2383 2017 2430 natum
2045 2385 2101 2429 et
2129 2375 2329 2430 factum
2359 2390 2482 2430 esse
2513 2373 2810 2444 posterius,
2861 2373 3010 2445 [Pag.
3051 2372 3142 2444 16]
3176 2382 3231 2428 ει
3269 2373 3406 2427 adeo

1830 2471 2144 2534 corruptam
2195 2473 2291 2519 aut
2341 2464 2541 2519 bonam
2584 2463 2814 2517 alterius
2863 2465 3190 2533 scripturam
3247 2477 3404 2517 acce-

1829 2556 1998 2626 pisse.

1902 2646 2162 2717 Sequitur
2195 2662 2360 2717 porro
2391 2647 2449 2700 in
2478 2646 2540 2700 de
2581 2645 2831 2701 Custodia
2876 2661 2895 2700 :
2931 2642 3057 2700 εἶτα
3094 2644 3403 2711 ,βιάζεσθαι

1830 2740 1947 2810 χρὴ
1977 2738 2066 2793 ἀεὶ
2087 2741 2173 2805 εὶς
2199 2737 2323 2793 πᾶν
2346 2739 2594 2808 ἀγαθὸν,
2637 2739 2735 2792 καὶ
2765 2740 2852 2804 εἰς
2876 2736 3078 2803 πάσας
3102 2738 3208 2803 τὰς
3239 2737 3405 2790 ἐντοσ-

1829 2828 1944 2894 λὰς
1981 2828 2086 2882 τοῦ
2125 2828 2364 2895 Κυρίου,
2401 2827 2519 2880 κᾶν
2552 2826 2639 2896 μὴ
2685 2828 2983 2894 θελούσης
3007 2825 3118 2893 τῆς
3157 2825 3407 2895 καρδίας

1830 2917 1926 2972 διὰ
1971 2918 2087 2987 τὴν
2143 2920 2462 2974 συνοῦσαν
2505 2919 2658 2988 αὐτῇ
2711 2920 3023 2989 ἁμαρτίαν.
3065 2919 3125 2973 In
3173 2919 3406 2973 Homilia

1830 3010 2102 3065 omittitur
2145 3011 2254 3074 ἀεὶ,
2303 3026 2407 3066 nec
2445 3010 2500 3064 id
2548 3012 2723 3077 male;
2778 3011 3003 3065 additur
3047 3025 3182 3066 vero
3229 3012 3407 3078 ἔργον

1833 3097 2055 3170 ἀγαθόν,
2081 3103 2213 3156 item
2256 3117 2370 3159 non
2396 3103 2573 3168 male;
2605 3103 2880 3157 omittitur
2909 3102 3038 3157 item
3073 3101 3174 3154 κᾶν
3209 3101 3284 3173 μὴ
3314 3101 3403 3153 οε-

1834 3192 2030 3263 λούσης
2075 3194 2175 3264 τῆς
2203 3192 2451 3264 καρδίας,
2488 3208 2598 3247 non
2653 3192 2813 3248 bene.
2857 3193 2916 3248 In
2944 3191 3220 3263 Opusculo
3259 3191 3405 3245 enim

1833 3285 1896 3338 de
1929 3285 2192 3339 Libertate
2222 3286 2410 3340 mentis
2458 3300 2577 3357 cap.
2617 3285 2683 3340 15
2714 3285 2770 3341 id
2815 3285 3056 3351 additur,
3090 3283 3238 3355 quod
3279 3297 3404 3338 mox

1831 3377 2084 3446 pluribus
2110 3375 2442 3432 videbimus.

1901 3467 1961 3521 ln
1989 3467 2264 3537 Opusculo
2303 3467 2482 3539 primo
2515 3467 2589 3523 ita
2618 3467 2868 3538 procedit
2902 3483 2916 3520 :
2949 3461 3079 3520 οἷον
3097 3463 3403 3529 ,βιάζεσθαι

1830 3558 2050 3616 ἑαυτὸν
2090 3562 2178 3626 είς
2214 3559 2281 3613 τὸ
2335 3558 2826 3629 ταπεινοφρονεῖν
2864 3556 3120 3615 ἐνώπιον
3165 3554 3406 3609 πάντων

1830 3650 2175 3718 ἀνθρώπων,
2213 3650 2313 3705 καὶ
2348 3651 2572 3708 ἑαυτὸν
2618 3651 2860 3705 πάντων
2909 3649 3134 3704 ἐλάττω
3160 3647 3257 3702 καὶ
3283 3648 3403 3718 χεί-

1822 3759 1978 3811 ρονα
2017 3742 2309 3812 ἡγεῖσθαι,
2333 3743 2418 3814 μὴ
2451 3741 2635 3812 ζητῶν
2669 3741 2850 3812 τιμὴν
2875 3740 2914 3810 ἢ
2943 3741 3192 3795 ἔπαινον
3223 3739 3262 3809 ἣ
3304 3739 3404 3799 ὀτό-

1830 3834 1945 3900 ξαν
1971 3835 2130 3903 παρά
2160 3851 2344 3898 τινος,
2389 3833 2582 3900 καθὼς
2612 3833 2682 3886 ἐν
2711 3831 2790 3897 τῷ
2814 3831 3155 3902 Εὐαγγελίῳ
3200 3829 3406 3900 req-pa.

1829 3940 1990 3982 πται.
2029 3927 2086 3981 In
2125 3926 2362 3981 Homilia
2394 3942 2494 3996 pro
2536 3925 2818 3996 βιάζεσθαι
2847 3932 2930 3980 εει
2976 3922 3266 3994 βιαζέσθω,
3292 3938 3405 3978 non

1829 4020 1991 4084 male,
2035 4018 2180 4088 quod
2217 4017 2577 4088 imperativus
2607 4033 2769 4088 saepe
2803 4017 3075 4088 sequitur,
3103 4024 3162 4070 et
3199 4014 3405 4085 ubique

1827 4109 1968 4164 forte
1997 4096 2342 4179 reponendus
2372 4107 2463 4162 sit.
2498 4108 2634 4164 Nam
2667 4107 2917 4178 sequitur
2945 4123 2958 4158 :
2995 4106 3069 4176 μὴ
3111 4104 3290 4174 ζητῶν
3320 4121 3405 4157 τι-

1832 4199 1938 4271 μὴν
1991 4207 2123 4264 cet.,
2172 4199 2318 4269 quod
2369 4215 2481 4253 non
2528 4207 2676 4254 stare
2725 4205 2907 4268 potest
2951 4212 3076 4251 cum
3124 4195 3405 4266 βιάζεσθαι

1830 4287 2004 4363 [χρήι.
2053 4288 2148 4344 sed
2188 4303 2346 4343 casus
2384 4297 2616 4359 quartus
2660 4303 2781 4346 esse
2841 4287 3096 4342 debebat.
3151 4284 3401 4349 Omissis,

1828 4397 1966 4451 quae
1996 4397 2106 4435 non
2142 4382 2376 4435 multum
2407 4381 2693 4445 differunt,
2716 4396 2816 4451 pro
2845 4381 2996 4450 παρά
3038 4395 3182 4440 τινος
3210 4386 3296 4431 εει
3316 4377 3403 4431 δό-

139 4475 199 4531 In
229 4477 480 4532 Homilia
499 4478 837 4547 aliquantum
861 4479 1021 4534 aliter
1050 4497 1063 4533 :
1092 4482 1186 4533 καὶ
1206 4483 1284 4544 εἰς
1315 4481 1410 4552 τὴν
1438 4483 1600 4554 εὐχὴν
1619 4483 1724 4553 χρὴ

1836 4475 1926 4541 ξαν
1948 4472 2274 4542 ἀνθρώπων
2292 4475 2444 4545 παρά
2464 4490 2626 4537 τινος,
2641 4471 2787 4542 quod
2812 4479 2999 4541 putem
3020 4467 3403 4523 invertendum

138 4570 302 4623 αὑτὸν
336 4568 496 4640 [Pag.
533 4569 622 4640 15]
649 4568 882 4622 πάντοτε
930 4575 1380 4643 προσκαρτερεῖν,
1408 4581 1464 4628 ει
1495 4574 1569 4629 ita
1603 4575 1727 4644 qui-

140 4661 262 4714 dem
304 4669 499 4727 recte;
528 4676 655 4714 nam
688 4663 793 4734 χρὴ
817 4671 913 4718 aut
943 4663 1382 4733 exprimendum,
1423 4665 1570 4735 quod
1611 4681 1729 4720 ma-

136 4751 253 4818 lim,
283 4760 390 4808 aut
431 4753 976 4824 subintelligendum.
1012 4756 1118 4810 Sed
1157 4770 1323 4826 porro
1353 4757 1427 4812 ita
1458 4757 1591 4828 legit
1628 4775 1641 4811 :
1673 4759 1730 4812 ὲν

137 4843 325 4897 πίστει
349 4844 687 4915 προσδοκίας
705 4845 796 4899 τοῦ
820 4847 1026 4918 Κυρίου
1050 4848 1150 4919 τὴν
1171 4849 1457 4919 ἐπίσκεψιν
1480 4851 1572 4903 καὶ
1599 4849 1728 4920 βοή-

135 4937 293 4988 ῡιιαν
347 4934 524 4988 αὐτοῦ
561 4935 793 4988 πάντοτε
839 4937 1213 5009 ἐκδεχόμενον,
1256 4940 1349 4994 τὸν
1392 4941 1591 4994 σκοπὸν
1633 4941 1727 4994 τοῦ

136 5027 257 5089 νοὸς
287 5026 471 5079 αὐτοῦ
493 5029 574 5090 εἰς
585 5028 742 5081 τοῦτο
763 5029 956 5100 ἔχοντα
984 5031 1072 5084 διὰ
1095 5032 1312 5093 παντός.
1333 5032 1483 5099 Quae
1502 5033 1724 5097 docent,

133 5132 444 5188 perperam
487 5121 546 5172 in
598 5119 834 5190 vulgatis
879 5121 1038 5176 istius
1083 5121 1342 5192 Opusculi
1391 5124 1729 5180 editionibus

133 5224 258 5264 esse
299 5210 748 5280 προσδεχόμενος
777 5221 835 5266 ει
882 5212 1040 5282 ἔχων,
1071 5229 1194 5267 cum
1235 5215 1506 5270 sermonis
1555 5217 1726 5271 series

131 5300 448 5356 manifesto
481 5301 728 5371 requirat
759 5319 946 5357 casum
991 5313 1268 5373 quartum.
1320 5307 1448 5372 ista,
1499 5307 1567 5362 de
1613 5324 1723 5361 non

133 5390 521 5460 desperando,
549 5409 660 5447 non
684 5394 970 5448 commode
1001 5395 1092 5450 hic
1121 5405 1268 5461 sunt,
1287 5407 1343 5452 et
1366 5398 1423 5452 in
1451 5397 1727 5468 Opusculo

132 5483 196 5536 de
224 5483 509 5538 Libertate
548 5488 734 5540 mentis
767 5502 884 5556 cap.
925 5487 991 5541 16
1021 5495 1076 5541 ει
1107 5489 1170 5542 17
1210 5489 1428 5544 meliori
1465 5491 1728 5561 συναφείᾳ

1823 4566 1978 4632 δόξαν
2000 4566 2152 4639 παρά
2179 4584 2322 4630 τινος
2357 4563 2684 4637 ἀνθρώπων.

1895 4659 1956 4713 In
1986 4657 2262 4730 Opusculo
2296 4672 2459 4728 porro
2487 4665 2571 4711 est
2597 4674 2610 4709 :
2653 4655 2812 4709 ἀλλὰ
2834 4655 3028 4724 μόνον
3057 4651 3162 4706 τὸν
3189 4649 3406 4718 Κύριον

1824 4750 1914 4804 ἀεὶ
1943 4751 2056 4819 πρὸ
2088 4751 2410 4820 ὀφθαλμῶν
2433 4750 2616 4819 ἔχειν,
2641 4747 2740 4800 καὶ
2768 4748 2874 4813 τὰς
2903 4745 3156 4809 ἐντολὰς
3193 4738 3403 4808 αὑτοῦ,

1825 4841 1988 4908 αὐτῷ
2025 4845 2193 4912 μόνῳ
2217 4843 2596 4911 ,βουλόμενος
2638 4837 2870 4908 ἀρέσαι.
2913 4839 2972 4893 1η
3021 4833 3254 4891 Ilomilia
3304 4847 3404 4901 pro

1826 4931 1970 5002 ἔχειν
2028 4942 2111 4987 εει
2161 4932 2321 5002 ἔχων,
2383 4931 2547 5000 idque
2600 4938 2771 4985 recte.
2824 4925 3200 5002 Supplcndum
3254 4920 3405 4977 enim

1829 5026 2096 5096 βιαζέσοω
2120 5038 2222 5080 cet.
2251 5025 2408 5096 ἔχων.
2443 5025 2646 5080 Cetera
2676 5037 2870 5093 parum
2897 5021 3118 5073 distant.

1900 5119 1974 5171 De
2017 5116 2266 5172 Custodia
2317 5131 2482 5186 porro
2525 5117 2655 5180 :eiq
2704 5113 2818 5180 τὴν
2855 5111 3157 5179 πραότητα
3190 5106 3404 5176 ὁμοίως

1824 5211 2043 5265 ἑαυτὸν
2077 5209 2354 5277 βιαζέτω,
2401 5209 2500 5262 καὶ
2527 5208 2611 5278 μὴ
2648 5207 2945 5271 θελούσης
2981 5201 3092 5271 τῆς
3130 5197 3399 5267 καρδίας.

1825 5302 1907 5368 ὦς
1934 5319 2125 5371 φησιν
2156 5306 2187 5355 ὁ
2215 5303 2428 5369 Κύριος
2448 5318 2462 5331 ο
2489 5300 2705 5370 μάθετε
2731 5298 2831 5351 ἀπ’
2855 5295 3000 5364 ἐμοῦ
3026 5301 3130 5349 cel.
3168 5290 3401 5346 Ilomilia

1823 5398 1975 5452 addit
2021 5399 2102 5460 εις
2167 5397 2266 5466 τὴν
2307 5397 2588 5468 πραότητα
2628 5393 2739 5460 τῆς
2785 5391 3050 5460 καρδίας,
3093 5396 3148 5442 ει
3199 5385 3403 5440 omittit

1829 5487 2082 5560 βιαζέτω,
2128 5488 2273 5559 quod
2314 5505 2344 5542 ει
2396 5487 2690 5556 glossatorc
2744 5493 2876 5553 puto
2913 5498 2980 5537 ex
3025 5478 3402 5551 superioribus

1649 5623 1899 5680 NOTAE.

200 5710 295 5787 (ei
344 5709 447 5787 Sig
484 5710 789 5787 semierus;
843 5712 1004 5787 lege“:
1049 5714 1188 5769 llaec
1242 5716 1497 5787 periodus
1538 5718 1707 5787 prima

128 5784 324 5852 capitis
367 5781 439 5835 1'5
468 5783 625 5851 primi
663 5780 928 5853 Opusculi.
956 5783 1101 5838 Ευιῑ.

1831 5791 1870 5840 Χ,
1893 5718 1964 5786 (b)
1996 5719 2176 5842 (torri,
2202 5718 2480 5774 Scmlcrus
2510 5719 2679 5772 habet
2716 5735 2726 5767 2
2761 5732 2858 5785 pro
2896 5715 2997 5769 τοῦ
3035 5711 3168 5766 Θεοῦ
3198 5708 3400 5780 legitur

1831 5827 1840 5842 ι
1873 5807 2098 5842 (ὀιστειν.
2160 5807 2207 5841 ι).

1822 5807 2098 5857 ,ιριστινικ
2136 5807 2207 5842 ιι).
