3950 6576
493 324 596 383 ίτι

1768 317 1860 374 ΙΟ.
1901 316 2047 373 SAL.
2090 316 2453 373 SEMLERUS
3590 324 3667 384 272

485 443 782 514 repetitum
804 457 942 512 esse,
967 440 1102 497 Nam
1123 438 1363 496 abfuisse
1383 438 1546 493 docet
1580 436 1654 500 id,
1678 435 1824 505 quod
1846 449 1953 489 non
1979 434 2060 487 in-

2177 436 2407 505 :jusdem
2457 433 2717 504 Opusculi
2755 449 2767 484 :
2810 428 3241 498 προσδοκῶντα
3286 428 3384 482 διὰ
3413 435 3599 502 παντὸς
3621 442 3671 495 έν

487 534 720 591 tercedit
742 535 955 605 signum
978 532 1357 594 connexionis,
1381 530 1476 585 sed
1494 538 1769 600 tamquam
1794 534 2064 598 perpetuo

489 626 638 700 [Pag.
666 624 754 697 l7]
780 640 1032 680 sermone
1058 625 1307 695 junctum
1338 630 1441 677 est.

557 716 617 771 In
649 715 895 771 Custodia
917 730 1081 785 porro
1106 733 1119 768 :
1146 714 1358 783 ὁμοίως
1383 714 1469 777 εις
1485 710 1549 763 τὸ
1572 704 1726 763 εἶναι
1744 708 2065 777 ἐλεήμονα,

488 806 778 874 χρηστὸν,
822 806 1271 874 εὔσπλαγχνον,
1322 802 1567 872 ἀγαθὸν,
1617 802 1732 869 ὅση
1780 800 2063 869 δύναμις,

490 896 707 957 ἑαυτὸν
739 894 947 955 ἐθίζειν
991 895 1141 964 μετὰ
1175 894 1343 960 βίας,
1396 892 1475 958 ὥς
1509 907 1700 960 φησιν
1749 892 1781 943 ὀ
1816 890 2061 957 Κύριος⁸

490 990 731 1058 γίνεσθε
762 988 870 1043 cet'.
912 988 972 1043 In
1006 986 1243 1043 Humilia
1273 1001 1375 1057 pro
1411 984 1682 1039 inﬁnitive
1713 982 1911 1036 melius
1952 980 2063 1034 ἐθι-

492 1080 654 1144 ζέτω,
684 1080 886 1134 omisso
921 1079 1058 1150 μετὰ
1094 1080 1234 1149 βίας,
1271 1077 1414 1149 quod
1446 1077 1667 1131 nollem.

562 1170 712 1237 Quae
743 1187 909 1241 porro
953 1179 1283 1241 sequuntur,
1330 1185 1441 1223 non
1501 1168 1734 1221 multum
1782 1164 2065 1229 ditl‘erunt,

490 1263 596 1317 nisi
625 1262 770 1332 quod
822 1262 878 1317 in
922 1262 1157 1317 Homilia
1195 1277 1295 1331 pro
1327 1261 1547 1330 vulgato
1594 1259 1774 1329 legere
1823 1256 2063 1311 vellem:

490 1352 679 1423 ῶσπερ
720 1354 1085 1423 ὑπογραμμὸν
1122 1352 1235 1420 πρὸ
1265 1349 1586 1421 ὀφθαλμῶν
1612 1348 1794 1418 ἐχέτω
1824 1348 1881 1401 ὲν
1918 1348 2069 1416 πάσῃ

496 1443 686 1512 μνήμῃ
731 1442 915 1495 αὑτοῦ
962 1440 1346 1511 ἀληθαργήτῳ,
1379 1439 1505 1508 quia
1548 1438 1707 1491 aliter
1738 1436 1839 1489 ista
1878 1434 2068 1488 ultima

491 1546 605 1584 non
652 1530 793 1586 bene
844 1532 1220 1596 cohaererent,
1278 1538 1336 1584 et
1378 1544 1433 1599 p.
1476 1528 1546 1581 25
1612 1528 1667 1581 in
1696 1526 1971 1597 Opusculo
2007 1525 2070 1578 de

493 1618 743 1676 Custodia
779 1621 915 1676 haec
952 1620 1067 1676 fere
1105 1626 1431 1690 repetuntur
1465 1636 1476 1671 :
1510 1618 1630 1671 τότε
1665 1616 1885 1689 θεωρῶν
1906 1616 1933 1667 ὁ
1958 1617 2070 1669 Κύ-

494 1728 627 1784 ριος.
657 1754 669 1765 .
702 1753 716 1766 .
753 1754 766 1767 .
795 1712 912 1775 πῶς
939 1710 1110 1781 βιάζει
1144 1711 1333 1765 ἑαυτὸν
1357 1710 1584 1763 πάντοτε
1614 1709 1692 1771 εἰς
1725 1708 1824 1779 τὴν
1850 1708 2069 1778 μνήμην

2166 525 2364 577 πίστει
2397 522 2734 587 ἁδιστάκτῳ
2762 520 2829 574 ti)
2858 521 3029 587 ἔλεος
3059 519 3267 583 αὐτοῦ,
3305 519 3401 572 καὶ
3427 520 3673 587 βιάζεσθαι

2165 614 2381 667 ἑαυτὸν·
2411 614 2499 679 εἰς
2544 613 2609 665 τὸ
2650 610 2960 676 οἰκτείρειν
2997 617 3129 675 cet.,
3159 624 3260 679 pro
3288 624 3398 679 quo
3430 615 3610 672 auctius
3633 621 3677 679 in

2168 703 2431 769 llomilia,
2460 701 2842 774 προσδοκῶντα
2869 700 2958 754 διὰ
2987 699 3189 763 παντὸς
3218 702 3275 752 ὲν
3306 700 3481 754 πίστει
3505 705 3677 765 ἀδισιξά-

2168 814 2281 867 κτῳ
2322 796 2381 849 τὸ
2412 796 2556 858 ἔλεος
2589 794 2778 858 αὐτοῦ,
2829 794 2925 847 καὶ
2978 791 3258 863 βιάζεσθαι
3298 792 3480 846 ἑαυτὸν
3519 799 3585 861 εἰς
3607 802 3681 874 τὴν

2167 888 2407 959 ἀγάπην,
2451 887 2525 957 μὴ
2580 887 2771 957 ἔχοντα
2825 886 3078 962 ἀγάπηνο
3140 884 3418 955 βιάζεσθαι
3479 900 3595 956 cet.;
3642 907 3685 954 et

2168 980 2374 1035 rectius
2401 979 2624 1050 quidem
2664 979 2758 1043 ita,
2797 977 2943 1049 quod
2988 977 3150 1034 docet
3194 977 3519 1048 Opusculum
3547 984 3596 1038 de
3620 987 3686 1043 Li.

2167 1069 2368 1125 bertate
2412 1086 2460 1126 c.
2522 1070 2632 1125 18:
2678 1071 2813 1141 πρὸς
2854 1071 3093 1140 ἀγάπην,
3139 1070 3214 1141 μὴ
3248 1070 3468 1139 ἔχοντας
3493 1065 3686 1149 ἀγάπην.

2166 1163 2285 1218 Jam
2316 1166 2586 1232 scriptura
2616 1163 2672 1216 in
2703 1162 2934 1216 llomilia
2958 1169 3013 1216 et
3045 1159 3322 1231 Opusculo
3361 1161 3454 1215 ιωο
3485 1165 3687 1236 aliqum.

2168 1256 2345 1309 tulum
2375 1254 2579 1317 ditl'ert,
2613 1254 2757 1308 unde
2810 1253 2942 1322 quid
2972 1260 3298 1316 statuamus,
3352 1269 3419 1307 ex
3462 1258 3690 1327 scriptura

2168 1345 2429 1415 Opusculi
2468 1345 2531 1398 de
2570 1344 2834 1399 Libertate
2879 1359 3234 1413 exponemus.
3268 1343 3416 1410 Quae
3446 1346 3558 1401 talis
3587 1361 3690 1407 est:

2171 1437 2504 1509 [συνωθεῖν]
2550 1437 2685 1508 πρὸς
2727 1436 2789 1489 τὸ
2843 1435 3134 1506 ἀνέχεσθαι
3182 1426 3405 1506 ἀτιμίέις
3460 1441 3547 1491 καὶ
3585 1459 3696 1513 παρ.

2169 1528 2410 1599 οράσεως
2454 1528 2550 1580 καὶ⁵
2585 1529 2696 1587 τοῖς
2729 1525 3198 1596 ὲξουθενονμὲνοις
3228 1528 3591 1597 ἐγκαρτερεῖν,
3622 1548 3699 1600 pro

2170 1636 2280 1691 quo
2324 1621 2442 1691 lege
2496 1634 2626 1675 casu
2679 1626 2878 1690 quarto
2927 1620 3052 1683 τοὺς
3104 1618 3572 1689 ὲξουθενουμένους
3606 1628 3699 1682 scil.

2169 1711 2337 1781 ἡμᾶς,
2370 1709 2407 1762 i.
2450 1724 2500 1763 e.
2543 1717 2604 1763 ut
2649 1707 2705 1762 in
2751 1707 2987 1763 Homilia
3018 1716 3196 1763 exstat
3223 1725 3236 1760 :
3262 1709 3342 1772 εἰς
3374 1709 3455 1763 τὸ.
3492 1752 3503 1762 .
3541 1750 3554 1764 .
3582 1712 3703 1777 ἐξου.

490 1801 655 1856 αὑτοῦ
687 1810 831 1869 cet.;
872 1802 1002 1857 hinc
1047 1802 1292 1857 additum
1335 1801 1531 1856 vellem
1577 1798 1764 1864 αὑτοῦ,
1795 1798 1913 1853 scil.
1972 1798 2066 1851 τοῦ

2177 1798 2542 1869 θενούμενονῆ
2586 1798 2990 1869 ἀτιμαζόμενον
3023 1798 3099 1869 μὴ
3154 1798 3484 1867 ἀγανακτεῖν
3509 1810 3606 1854 cet.

489 1896 750 1949 Χριστοῦ.

582 1914 750 1949 ιστου.

547 1914 621 2040 plu
653 1986 716 2039 de
738 1984 987 2040 Custodia
1015 2002 1068 2057 p.
1098 1986 1167 2039 24
1214 1986 1466 2056 sequitur
1502 2003 1514 2039 ;
1545 1984 1645 2039 καὶ
1669 1985 1784 2053 ὅση
1814 1986 2069 2056 δύναμις

2239 1891 2499 1961 Sequitur
2536 1905 2703 1961 porro
2752 1890 2809 1944 in
2838 1889 2901 1943 de
2952 1887 3204 1945 Custodia
3252 1906 3269 1944 :
3320 1890 3618 1954 ,ϐιάζεσθαὶ
3658 1913 3708 1950 τε

2167 1986 2384 2040 ἑαυτὸν
2411 1988 2497 2049 εὶς
2522 1983 2637 2051 τὴν
2656 1982 2871 2051 εὐχὴν,
2895 1981 3075 2051 μήπω
3101 1982 3321 2049 ἔχοντα
3347 1984 3538 2050 εὐχὴν
3562 1988 3711 2039 πνεῖν.

486 2076 780 2153 βιαζέσθω
816 2078 944 2144 ταῖς
972 2078 1179 2148 εὐχαῖς
1205 2077 1690 2148 προσκαρτερεῖν,
1716 2078 1813 2132 διὰ
1842 2078 2069 2144 παντὸς

2177 2091 2370 2139 ματος.
2407 2072 2647 2127 Homilia
2684 2086 2880 2141 parum
2917 2070 3123 2135 differt,
3163 2078 3221 2125 et
3251 2072 3584 2142 corrigemus
3608 2076 3713 2133 hinc

491 2168 773 2238 δεόμενος
797 2168 894 2221 καὶ
927 2170 1248 2224 πιστεύων.
1282 2169 1339 2223 In
1382 2168 1618 2225 Homilia
1645 2169 1915 2224 omittitur
1946 2170 2066 2241 βια-

493 2261 670 2327 ζέσθω
691 2270 748 2317 et
775 2262 1038 2318 scribitur
1078 2261 1577 2333 προσκαρτερείτω.

565 2351 829 2423 Sequitur
874 2368 1041 2425 porro
1084 2353 1307 2418 ibidem,
1338 2354 1558 2408 omissis
1600 2369 1740 2423 quae
1782 2354 1917 2408 nihil
1955 2353 2071 2411 fere

492 2452 709 2513 mutant
742 2462 755 2497 :
789 2444 884 2498 καὶ
916 2445 1103 2510 οὕτως
1133 2444 1173 2499 ἁ
1216 2444 1332 2498 νῦν
1352 2445 1503 2514 μετὰ
1535 2445 1680 2510 βίας
1722 2446 1821 2499 καὶ
1866 2445 1950 2515 μὴ
1982 2449 2074 2500 θε-

493 2538 731 2604 λούσης
778 2534 891 2603 τῆς
927 2534 1178 2603 καρδίας
1227 2534 1403 2598 ποιεῖ,
1456 2534 1665 2594 ἐθίζειν
1707 2534 1926 2589 ἑαυτὸν
1976 2535 2073 2591 διὰ

493 2628 723 2694 παντὸς
762 2630 848 2692 εἰς
880 2627 943 2681 τὸ
972 2626 1215 2696 ἀγαθὸν,
1268 2625 1368 2679 καὶ
1396 2626 1502 2680 τοῦ
1540 2626 1762 2693 Κυρίου
1804 2627 1896 2681 ἀεὶ
1922 2645 2074 2697 μνη-

488 2720 794 2795 μονεύειν,
833 2718 931 2773 καὶ
987 2715 1338 2786 προσδοκᾷν
1374 2717 1562 2771 αὑτὸν
1602 2716 1700 2771 διὰ
1740 2718 1967 2787 παντὸς
2004 2721 2075 2773 ἐν

494 2809 702 2878 πολλῇ
726 2810 1046 2879 ἀγαθότητι
1088 2809 1188 2864 καὶ
1220 2808 1446 2879 ἀγάπῃ.
1482 2809 1543 2864 ln
1582 2808 1816 2866 Homilia
1849 2827 1950 2881 pro
1998 2812 2075 2882 μὴ

496 2900 756 2972 θελούσης
789 2908 896 2956 cet.
927 2910 1013 2955 est
1040 2901 1279 2971 ἀκούσης
1314 2901 1414 2971 τῆς
1452 2901 1679 2973 καρδίας
1719 2906 1885 2967 ποιεῖ,
1921 2904 2076 2957 ἑκον-

498 2994 628 3056 σίως
654 2990 732 3064 (α)
755 2992 949 3063 πράξει
970 2991 1117 3057 ποτέ,
1141 2990 1367 3055 Ἐθίζων
1388 3000 1517 3059 cet.,
1540 2992 1731 3056 ἐθίζων
1750 3009 1968 3063 quoque
1994 2994 2074 3049 le-

495 3082 733 3161 gendum
776 3090 861 3137 est
897 3082 953 3136 in
984 3080 1277 3151 Opusculo.
1317 3082 1454 3137 Nam
1486 3081 1685 3147 ἐθίζειν
1719 3098 1830 3137 non
1870 3084 2066 3153 placet,

496 3173 645 3244 quod
673 3174 887 3228 librarii
911 3174 986 3227 ita
1007 3173 1276 3239 fecerunt,
1306 3181 1369 3227 ut
1396 3174 1680 3229 videretur
1709 3175 2069 3239 constructio,

497 3282 639 3336 quae
666 3273 849 3321 tamen
870 3266 1019 3320 nulla
1041 3273 1143 3319 est.
1168 3265 1383 3321 Mallem
1410 3274 1593 3322 tamen
1621 3275 1867 3322 ceterum
1891 3267 2073 3338 legere

497 3358 775 3421 ἀκουσίως
817 3359 911 3411 καὶ
941 3357 1017 3427 μὴ
1060 3355 1321 3428 θελούσης
1342 3357 1440 3428 τῆς
1463 3357 1710 3429 καρδίας,
1742 3359 1869 3433 quia
1896 3358 2077 3428 sequi-

499 3456 592 3507 tur
614 3448 877 3511 ἑκουσίως
902 3465 915 3502 :
942 3456 1000 3502 et
1024 3454 1173 3501 certe
1206 3447 1281 3501 ita
1311 3447 1476 3503 credo
1503 3447 1695 3504 fuisse.

571 3539 745 3595 Porro
793 3538 850 3591 in
881 3536 1157 3608 Opusculo
1184 3536 1379 3591 eodem
1405 3568 1477 3578 -—
1508 3538 1701 3593 omitto
1737 3555 1845 3593 non
1880 3556 2074 3610 pauca,

500 3630 632 3702 quia
692 3630 798 3685 hoc
846 3630 1124 3699 specimen
1179 3629 1347 3684 breve
1381 3644 1500 3684 esse
1551 3629 1717 3687 debet
1746 3660 1815 3670 —
1853 3648 1907 3701 p.
1966 3632 2073 3687 26:

500 3721 601 3778 ὅτε
660 3721 1025 3790 καρποφορεῖ
1062 3720 1362 3790 καθαρῶς,
1425 3738 1525 3794 pro
1559 3737 1668 3791 quo
1723 3737 1792 3779 ex
1843 3723 2077 3779 Homilia

499 3828 556 3884 p.
585 3812 689 3867 290
721 3812 1074 3866 scribendum
1104 3814 1235 3866 τότε
1266 3815 1610 3882 καρποφορεῖ
1656 3811 1934 3884 καθαρῶς.
1965 3814 2076 3875 lbi-

501 3905 627 3959 dem
662 3922 676 3957 :
701 3904 818 3973 χρὴ
851 3904 919 3957 δὲ
941 3906 1247 3972 πρότερον.
1288 3944 1302 3957 .
1335 3946 1346 3961 .
1381 3905 1567 3969 οὕτως
1588 3902 1817 3969 ,βιάζειν
1843 3906 1940 3959 καὶ
1968 3908 2077 3959 αὐ-

499 3998 628 4061 τόν,
651 4013 752 4068 pro
772 4013 882 4067 quo
910 3997 967 4063 in
996 3998 1232 4053 Homilia
1258 3996 1338 4069 §5
1362 3997 1641 4066 βιάζεσθαι
1663 3999 1854 4052 ἑαυτὸν
1877 4008 2074 4056 exstat.

500 4087 571 4142 Et
608 4086 757 4159 [Pag.
801 4084 893 4158 18]
942 4086 996 4140 id
1034 4088 1233 4157 placet,
1292 4088 1421 4157 quia
1465 4086 1740 4142 divulsum
1795 4088 2080 4158 βιάζεσθαι

499 4180 779 4250 peperisse
814 4178 1033 4233 videtur
1064 4178 1458 4235 diversitatem.
1493 4179 1611 4233 Jam
1644 4196 1777 4235 vero
1809 4182 1946 4236 haec
1972 4181 2079 4253 χρὴ

501 4274 768 4341 πρότερον
821 4279 929 4324 cet.
972 4271 1195 4324 tertium
1239 4278 1538 4324 occurrunt
1588 4270 1645 4324 in
1702 4270 1978 4340 Opusculo
2016 4270 2081 4325 de

502 4362 767 4421 Libertate
793 4363 978 4425 mentis
1003 4378 1122 4432 cap.
1154 4362 1240 4416 18.
1272 4362 1353 4416 lbi
1401 4362 1548 4417 enim
1587 4362 1770 4417 omnia
1817 4364 1886 4418 ab
1919 4364 2079 4420 initio

502 4455 841 4513 conveniunt
862 4469 988 4509 cum
1018 4454 1285 4521 Homiliae
1318 4455 1611 4525 scriptura,
1639 4456 1744 4510 nisi
1762 4457 1909 4525 quod
1943 4457 2079 4513 haec
2110 4477 2155 4531 ι)

503 4547 705 4613 melius
764 4547 930 4601 habet
992 4545 1380 4618 προσελθόντα.
1447 4545 1597 4612 Quae
1652 4554 1957 4615 sequuntur
2023 4547 2078 4601 in

504 4636 698 4692 eodem
728 4636 791 4689 de
821 4636 1083 4698 Libertate
1098 4636 1373 4706 Opusculo
1406 4654 1419 4697 ξ
1458 4636 1651 4707 βιαστὴ
1682 4637 1815 4706 γὰρ,
1856 4638 2023 4707 φησὶν
2052 4640 2079 4690 ὁ

504 4735 635 4791 cct.,
667 4735 816 4782 recte
846 4726 993 4781 hunc
1021 4726 1204 4780 locum
1238 4732 1541 4794 occupant;
1593 4724 1651 4778 in
1682 4724 1918 4785 Homilia
1948 4740 2080 4779 vero

502 4828 560 4877 et
592 4819 869 4889 Opusculo
915 4818 937 4873 l
973 4833 1082 4872 non
1112 4817 1319 4886 optimo
1343 4812 1468 4871 loco
1522 4823 1758 4871 exstant.
1807 4814 2079 4887 Corrupta

502 4926 635 4964 vero
674 4918 827 4973 sunt,
860 4923 999 4977 quae
1035 4924 1161 4962 mox
1195 4907 1249 4960 in
1280 4904 1565 4976 Opusculo
1598 4906 1661 4959 de
1687 4905 1949 4960 Libertate
1996 4922 2082 4961 se-

503 5011 767 5072 quuntur.
817 5001 989 5072 Vulgo
1021 5000 1167 5055 enim
1211 4998 1286 5054 ita
1315 5008 1480 5054 sunt:
1523 4998 1884 5067 ἀγωνίζεσθαι
1919 4999 2080 5053 πάλιν

446 5102 453 5122 ¹
503 5096 665 5148 αὑτὸν
693 5094 953 5147 εἰσελθεῖν
995 5093 1085 5147 διὰ
1116 5093 1214 5164 τῆς
1245 5094 1438 5163 στενῆς
1467 5093 1658 5164 θύρας,
1694 5107 1833 5161 quae
1867 5098 1923 5145 et
1952 5092 2078 5147 lati-

503 5202 638 5240 num
669 5187 1026 5255 interpretem
1070 5185 1430 5257 deceperunt.
1460 5186 1627 5241 Certo
1678 5193 1862 5239 autem
1893 5185 2079 5255 legen-

505 5276 639 5331 dum
662 5284 777 5331 est:
804 5277 897 5330 και⁵
929 5277 1092 5332 πάλιν
1116 5276 1495 5349 [γέγραπται]
1523 5295 1536 5308 ·
1562 5278 1924 5346 ἀγωνίζεσθαι
1947 5285 2078 5343 cet.,

507 5376 568 5422 ut
604 5369 717 5423 fere
744 5378 922 5423 exstat
954 5370 1011 5424 in
1038 5370 1101 5424 de
1129 5370 1378 5426 Custodia
1410 5387 1463 5440 p.
1494 5370 1583 5423 ‘25.

573 5457 779 5513 Omitto
804 5460 1053 5529 judicare
1091 5461 1157 5516 de
1189 5463 1275 5525 iis,
1307 5478 1447 5532 quae
1472 5461 1528 5515 in
1563 5461 1796 5515 llomilia
1828 5469 1881 5514 et
1910 5461 2085 5533 Opus-

507 5548 631 5606 culo
666 5550 687 5604 ι
726 5551 1013 5622 intcrjecta
1074 5562 1222 5617 sunt,
1276 5562 1331 5608 et
1378 5568 1546 5623 pergo
1594 5552 1661 5607 ad
1706 5570 1761 5623 p.
1816 5554 1885 5609 9.6
1922 5554 2084 5625 hujus

2170 2165 2319 2237 [Pag.
2349 2163 2439 2235 l9]
2466 2164 2647 2219 locum
2702 2164 2761 2218 in
2806 2163 2869 2216 de
2916 2162 3197 2228 Libertate,
3251 2164 3347 2218 ubi
3399 2164 3476 2220 ita
3521 2178 3713 2224 exstat:

2169 2258 2322 2311 οὔπω
2356 2257 2561 2327 ταύτην
2584 2257 2884 2327 ἐσχηκότας
2911 2255 3009 2324 τὴν
3034 2255 3146 2320 ἕξιν
3178 2256 3315 2327 πρὸς
3350 2258 3536 2329 εὐχὴν,
3578 2261 3719 2329 μήπω

2171 2349 2481 2419 πνεύματος
2525 2348 2689 2420 εὐχὴν
2734 2349 3128 2419 κεκτημένους,
3178 2364 3280 2418 pro
3310 2347 3514 2417 quibus
3556 2350 3719 2421 legen-

2171 2442 2303 2496 dum
2345 2442 2483 2513 πρὸς
2530 2441 2695 2512 εὐχὴν
2740 2440 2893 2512 (scil.
2941 2440 3253 2509 συνωθεῖν),
3311 2442 3483 2513 μήπω
3545 2444 3722 2514 ταύτης

2172 2533 2472 2603 ἐσχηκότας
2502 2532 2600 2602 τὴν
2628 2532 2763 2598 ἕξιν,
2789 2533 2882 2585 καὶ
2911 2533 3075 2602 μήπω
3112 2542 3217 2586 cet.

2860 2622 2887 2692 §
2924 2622 3062 2677 vni.

2245 2714 2352 2770 Sed
2397 2722 2458 2768 ut
2486 2716 2597 2785 jam
2648 2713 2967 2785 perveniam
3013 2713 3084 2767 ad
3130 2713 3206 2777 id,
3258 2714 3419 2784 cujus
3472 2715 3551 2769 rei
3587 2730 3729 2771 causa

2176 2806 2313 2860 haec
2344 2805 2562 2876 scripsi,
2594 2805 2843 2859 omittam
2871 2803 3137 2859 orationis
3184 2804 3237 2858 in
3262 2804 3504 2859 Macario
3536 2807 3731 2869 seriem,

2173 2906 2230 2953 et
2255 2897 2558 2962 ostendam,
2588 2895 2875 2967 probabile
2904 2910 3046 2961 esse,
3081 2895 3216 2950 haec
3244 2897 3429 2951 omnia
3460 2913 3491 2951 a
3521 2897 3732 2951 Macario

2175 3006 2287 3046 non
2316 2990 2518 3061 scripta
2558 3005 2700 3055 esse,
2747 2990 2845 3044 sed
2885 2989 3161 3045 celebrata
3210 2997 3424 3043 tantum
3480 3005 3734 3053 sermone,

2178 3083 2246 3137 ab
2288 3082 2411 3137 aliis
2448 3080 2649 3136 deinde
2682 3082 2814 3136 talia
2859 3081 3321 3153 apophthegmata
3370 3082 3607 3137 subinde
3638 3083 3736 3137 col-

2177 3173 2315 3229 lecta
2348 3180 2404 3228 et
2453 3181 2634 3237 aucta,
2683 3180 2739 3227 et
2794 3172 3014 3228 tandem
3052 3174 3108 3228 in
3146 3174 3282 3228 haec
3329 3189 3504 3245 Opera
3552 3174 3742 3244 digesta

2175 3280 2317 3320 esse.
2355 3264 2601 3335 Subjccit
2631 3264 2837 3319 Pritius
2868 3264 3099 3319 editioni
3125 3280 3256 3320 suae
3284 3264 3743 3335 ApOphthegmata

2176 3358 2444 3428 quaedam
2494 3358 2738 3422 Macarii,
2772 3373 3005 3426 quorum
3037 3357 3274 3428 primum
3313 3366 3498 3413 exstat
3541 3374 3596 3428 p.
3633 3356 3745 3420 231,

2177 3449 2323 3520 quod
2368 3449 2415 3509 si
2446 3450 2570 3520 quis
2611 3450 2765 3520 legit,
2803 3458 2861 3505 et
2895 3450 3042 3521 leget
3078 3458 3271 3521 postea
3314 3465 3400 3514 ea,
3456 3449 3529 3505 de
3563 3449 3748 3519 quibus

2177 3540 2518 3611 scripsimus,
2549 3538 2795 3595 oﬂ‘endet
2830 3540 3020 3595 eadem
3076 3556 3136 3595 re
3172 3540 3288 3609 ipsa
3324 3539 3554 3595 diversa
3581 3539 3751 3593 verbis

2176 3645 2299 3685 esse
2328 3639 2383 3685 et
2410 3628 2716 3685 sententiis.
2745 3630 2806 3685 In
2830 3630 2945 3700 ipsa
2965 3639 3144 3685 tamen
3161 3629 3253 3684 illa
3282 3632 3561 3700 scriptura
3582 3630 3751 3684 malim

2178 3738 2279 3792 pro
2314 3723 2410 3776 καὶ
2442 3724 2515 3794 μὴ
2548 3725 2788 3794 μετρεῖν,
2814 3722 2920 3776 τοῦ
2956 3721 3031 3792 μὴ
3064 3730 3195 3787 cet.,
3246 3723 3509 3777 similiter
3547 3737 3651 3793 pro
3675 3722 3758 3774 καὶ

2178 3815 2243 3867 τὸ
2294 3813 2369 3885 μὴ
2411 3817 2614 3884 κρῖναι,
2660 3815 2755 3867 καὶ
2783 3814 2889 3867 τοῦ
2921 3815 2995 3885 μὴ
3031 3824 3165 3879 cet.,
3213 3823 3270 3869 et
3295 3816 3392 3869 xui.
3421 3814 3537 3868 τοῦ
3572 3813 3758 3882 ὑποφι

2182 3923 2316 3976 ρειν,
2346 3915 2405 3960 et
2430 3908 2523 3959 κα)⁸
2547 3906 2653 3960 τοῦ
2682 3907 3063 3978 ἀπορρίπτειν,
3091 3914 3147 3962 et
3178 3906 3413 3977 βιαστῶν
3436 3909 3581 3961 ἐστι
3622 3906 3761 3977 βασιρ

2180 3994 2297 4046 λεία
2327 4010 2427 4065 pro
2452 3996 2571 4049 ἐπί.
2604 3996 2760 4063 Quod
2794 4012 2924 4067 ergo
2953 3996 3158 4053 diversi
3208 3998 3448 4053 diversis
3482 3998 3627 4053 locis
3667 3997 3761 4052 ista

2180 4087 2396 4157 egregia
2426 4086 2667 4142 hominis
2719 4088 2864 4141 dicta
2905 4090 3277 4159 collegerunt,
3302 4099 3361 4144 at
3388 4089 3507 4145 alio
3543 4089 3642 4145 alii
3680 4105 3761 4143 or-

2180 4176 2309 4231 dine
2341 4177 2706 4248 digesserunt,
2747 4178 2874 4233 inde
2908 4181 3080 4245 venit,
3115 4181 3262 4251 quod
3309 4182 3452 4237 haec
3493 4181 3766 4251 Opuscula

2181 4277 2308 4323 nata
2335 4279 2484 4335 sunt,
2534 4279 2591 4325 et
2634 4271 2803 4331 multa
2830 4280 2924 4326 aut
2952 4272 3214 4342 pleraque
3244 4273 3431 4328 omnia
3459 4273 3555 4327 bis
3592 4282 3653 4327 et
3691 4280 3766 4327 ter

2182 4368 2497 4413 occurrunt.

2882 4454 2908 4525 ς
2945 4454 3035 4509 1x.

2256 4544 2361 4599 Sed
2392 4544 2527 4598 mihi
2556 4546 2781 4600 omnino
2806 4546 3127 4611 videndum,
3156 4563 3224 4603 ne
3253 4547 3480 4604 desinat
3512 4549 3628 4602 hoc
3662 4561 3773 4601 esse

2182 4636 2482 4705 specimen.
2540 4636 2784 4692 SutIiciat
2860 4639 3168 4695 ostendisse
3232 4640 3413 4695 omnia
3469 4640 3656 4694 verba
3708 4639 3777 4691 ita

2180 4738 2301 4779 esse
2324 4725 2576 4794 repetita,
2619 4735 2683 4780 ut
2724 4727 2817 4780 vix
2863 4727 3120 4782 differant
3159 4729 3266 4785 levi
3304 4730 3654 4784 traiectione
3690 4736 3775 4782 aut

2180 4816 2391 4887 aliquot
2441 4816 2639 4872 literis.
2674 4816 2932 4873 Ceterum
2963 4819 3235 4888 spondere
3290 4820 3506 4882 ausim,
3550 4835 3647 4873 me
3677 4818 3779 4872 alio

2180 4906 2322 4963 forte
2365 4914 2611 4978 tempore
2662 4918 3035 4974 ostensurum,
3085 4912 3175 4965 vix
3214 4910 3513 4965 minimam
3570 4920 3783 4981 partem

2181 4999 2349 5053 semel
2369 4999 2499 5064 dici,
2527 5000 2623 5055 sed
2647 5001 2829 5055 omnia
2857 5002 2971 5057 fere
2996 5002 3103 5066 bis,
3132 5003 3302 5057 multa
3333 5011 3416 5057 ter
3446 5016 3780 5058 occurrere.

2182 5092 2331 5165 [Pag.
2389 5091 2480 5164 20]
2524 5093 2720 5149 Paucis
2770 5093 2953 5149 adhuc
3003 5095 3286 5165 attingam,
3338 5110 3492 5165 quae
3554 5094 3787 5149 uberius

2182 5186 2313 5239 olim
2372 5187 2696 5255 exponenda
2745 5189 2875 5243 sint.
2915 5189 3182 5253 Primum,
3219 5189 3361 5243 male
3411 5188 3627 5242 omnia
3689 5188 3785 5239 ista

2177 5291 2299 5330 esse
2348 5279 2670 5346 composita,
2711 5289 2792 5343 ut,
2845 5296 2970 5335 cum
3024 5281 3097 5335 sit
3143 5279 3363 5349 aliquod
3424 5277 3789 5349 Opusculum

2181 5369 2243 5421 de
2274 5368 2545 5434 Oratione,
2578 5372 2750 5427 multa
2781 5373 2836 5427 in
2868 5390 2934 5428 eo
2964 5374 3093 5438 sint,
3122 5389 3263 5442 quae
3296 5372 3426 5435 alio,
3471 5379 3537 5425 et
3576 5372 3635 5425 in
3670 5369 3791 5423 aliis

2180 5460 2362 5530 plura,
2408 5478 2548 5531 quae
2594 5479 2661 5517 eo
2693 5465 3060 5534 pertinebant.
3116 5464 3323 5519 Deinde
3362 5465 3691 5535 praecipue
3739 5461 3795 5514 in

2184 5551 2436 5609 llomiliis
2481 5554 2660 5609 oratio
2708 5571 2817 5611 non
2855 5556 3161 5635 interrupta
3214 5554 3391 5611 solum
3440 5553 3791 5624 quaestiun-

2024 5661 2275 5717 NOTAE.

584 5750 659 5827 (a)
700 5751 881 5817 Corr.,
913 5751 1195 5809 Semlcrus
1220 5752 1468 5819 ἑκούσης.
1505 5751 1651 5829 Eon.
