3950 6576
159 346 245 406 επ,
1137 335 1226 391 DE
1261 333 1569 391 SCRIPTIS
1607 335 1664 391 S.
1703 333 1987 390 MACARI!
2016 333 2352 390 AEGYPTII.
3258 332 3366 390 274

163 458 289 518 culis.
313 451 406 507 sed
455 458 511 504 et
558 449 661 504 hae
692 449 840 519 ipsae
868 448 1001 504 satis
1031 448 1425 519 incompositae
1463 458 1611 515 sunt,
1639 458 1696 504 et
1716 442 1773 513 λ
2525 448 2553 517 §
2588 447 2656 501 Χ.

162 542 502 617 responsiones
542 540 686 595 haud
727 556 851 594 raro
885 540 1124 610 ineptae,
1156 549 1218 594 ut
1259 550 1519 610 appareat
1577 555 1689 595 non
1863 539 2066 597 Ultimo
2086 539 2208 595 loco
2240 539 2380 594 addo
2408 538 2545 594 illud
2572 539 2771 602 adhuc,
2796 553 2897 607 pro
2922 554 3041 592 mea
3070 539 3365 606 sententia,

163 654 255 695 esse
288 631 683 702 responsiones,
732 639 788 687 et
822 647 934 685 non
977 647 1136 701 posse
1173 648 1203 685 a
1240 633 1420 700 primo
1466 639 1691 688 auctore
1791 633 2005 688 nescire
2020 647 2126 698 me,
2152 632 2285 702 quid
2308 631 2414 687 sibi
2433 631 2566 686 velit
2590 630 2720 683 illud
2750 629 2896 698 quod
2922 644 3084 698 saepe
3128 630 3371 685 occurrit

160 740 285 787 natas
302 740 435 779 esse.
458 724 597 778 Nolo
626 724 813 778 multis
834 724 921 777 his
943 724 1244 778 immorari.
1278 724 1466 795 Legat,
1490 724 1537 779 si
1567 725 1693 793 quis
1791 726 2004 795 φησίν.
2045 725 2175 779 Tale
2215 739 2315 795 ego
2349 740 2567 793 semper
2600 722 2764 777 credo
2800 736 2921 776 esse
2964 723 3236 777 narrantis
3273 724 3370 776 ali-

162 823 295 880 volet,
316 830 449 885 quae
475 824 601 869 sunt
631 815 690 868 in
725 815 959 869 Homilia
984 832 1075 868 vm
1105 816 1160 869 in
1187 817 1292 869 line
1321 814 1347 886 §
1377 816 1429 880 4,
1454 825 1509 872 et
1530 815 1695 870 addat
1795 816 1929 886 quid
1958 816 2027 871 de
2068 817 2261 881 altero,
2292 830 2404 870 non
2433 830 2565 871 vero
2594 814 2887 869 scribentis
2928 830 3044 868 sua.
3078 815 3148 867 At
3192 823 3371 869 exstat

159 907 455 983 Opusculum
495 906 557 959 de
602 905 872 960 Charitate
897 920 1014 974 cap.
1067 904 1132 957 10
1182 913 1446 960 extremo.
1496 906 1697 975 Jungat
1798 921 1917 977 cap.
1966 906 2051 971 10,
2097 922 2217 976 cap.
2263 907 2317 970 9,
2360 922 2481 976 cap.
2530 905 2562 959 8
2592 905 2654 958 de
2701 904 2992 960 Charitate.
3026 904 3103 958 lta
3151 920 3371 973 quoque

162 1016 296 1076 porro
316 998 468 1052 istius
496 998 763 1051 Homiliae
784 996 811 1067 §
836 998 868 1051 5
895 1006 949 1051 et
972 998 1119 1052 illius
1148 998 1407 1067 Opusculi
1458 1013 1577 1067 cap.
1605 996 1694 1062 12,
1798 1015 1916 1069 cap.
1944 998 1977 1052 9
2010 998 2085 1053 ita
2104 998 2365 1053 scribitur
2389 1015 2402 1052 :
2430 998 2513 1052 Ad
2536 1000 2968 1068 interrogantem,
2996 1016 3066 1051 an
3097 998 3247 1070 [Pag.
3278 998 3372 1072 21]

159 1094 234 1151 ubi
272 1094 531 1159 integrum
588 1100 754 1159 caput
816 1089 1098 1153 inseritur,
1151 1089 1298 1159 quod
1348 1106 1416 1143 ex
1462 1088 1697 1143 Homilia
1799 1094 1957 1163 possit
1994 1094 2144 1145 homo
2176 1092 2232 1144 in
2281 1107 2337 1144 eo
2370 1107 2573 1161 semper
2594 1099 2741 1145 statu
2802 1093 3015 1155 durare,
3050 1094 3124 1145 sic
3162 1109 3378 1163 respon-

158 1187 301 1241 abest.
334 1181 470 1235 Tum
519 1196 651 1234 vero
699 1182 943 1235 omnium
971 1182 1205 1236 maxime
1232 1197 1289 1235 se
1328 1181 1479 1236 fraus
1514 1180 1700 1252 prodit
1800 1184 2026 1238 dendnm
2058 1193 2132 1237 est
2178 1190 2283 1237 cet.
2314 1183 2374 1236 ln
2405 1182 2638 1237 Homilia
2663 1170 2795 1237 vero
2824 1192 3013 1237 octava
3038 1182 3065 1252 §
3088 1184 3123 1236 2
3142 1183 3379 1239 habetur
3414 1206 3415 1223 ι

158 1274 393 1332 llomiliae
420 1272 664 1343 ejusdem
698 1272 725 1343 §
761 1273 793 1327 6
822 1290 919 1342 per
955 1273 1228 1343 egregiam
1262 1272 1696 1343 responsionem.
1801 1286 1857 1331 et
1898 1275 2148 1345 quaestio
2179 1283 2235 1329 et
2283 1274 2586 1343 responsio,
2621 1274 2839 1328 omissis
2878 1274 2997 1328 istis
3036 1276 3115 1328 ita
3159 1292 3377 1345 respon-

157 1366 445 1436 Quaesitum
472 1373 610 1429 erat,
635 1365 692 1419 in
733 1365 934 1435 quibus
963 1365 1225 1435 gradibus
1261 1364 1615 1434 perfectionis
1640 1372 1701 1418 tu
1803 1367 2031 1422 dandum
2059 1375 2152 1419 est.
2187 1365 2367 1420 Facile
2407 1372 2632 1434 apparet
2679 1364 2887 1418 dictum
2917 1364 3139 1433 aliquod
3172 1375 3228 1419 et
3259 1381 3377 1419 me-

155 1461 235 1517 es?
253 1468 301 1513 et
326 1458 687 1529 respondetur
719 1477 731 1511 :
761 1458 896 1529 μετὰ
915 1458 973 1510 τὸ
992 1460 1216 1530 σημεῖον
1236 1458 1328 1510 τοῦ
1350 1455 1585 1527 σταυροῦ
1604 1456 1700 1510 νῦν

1818 1465 2074 1514 moratum
2115 1466 2305 1527 postea
2344 1471 2664 1526 responsum
2718 1456 2936 1510 Macarii
2992 1456 3059 1510 ad
3104 1456 3209 1509 tale
3246 1456 3378 1524 quid

156 1552 338 1623 ἠχάρις
368 1551 540 1612 οὕτως
565 1552 793 1620 ἐνεργεῖ,
825 1551 919 1602 καὶ
946 1548 1214 1621 εἰρηνεύει
1238 1548 1334 1601 ὅλα
1362 1548 1426 1601 τὰ
1455 1548 1589 1618 μέλη
1608 1547 1704 1600 καὶ

1819 1559 2087 1620 rogantem
2114 1549 2170 1602 in
2194 1549 2335 1602 hanc
2358 1548 2599 1618 regulam
2635 1562 2957 1602 conversum
2986 1562 3127 1601 esse.
3155 1548 3379 1601 Possem

154 1648 235 1717 τὴν
272 1642 517 1713 καρδίαν,
554 1641 693 1695 ὥστε
728 1643 824 1713 τὴν
853 1643 1028 1714 ψυχὴν
1063 1645 1129 1696 ἐκ
1158 1645 1256 1713 τῇς
1301 1640 1499 1710 πολλῆς
1531 1642 1705 1710 χαρᾶς

1821 1642 1985 1711 plura.
2021 1640 2128 1695 Sed
2147 1641 2215 1694 de
2243 1640 2330 1695 bis
2350 1647 2404 1693 et
2432 1639 2574 1703 aliis,
2605 1639 2749 1694 unde
2768 1649 2824 1694 et
2846 1639 3063 1708 quando
3089 1638 3191 1692 ista
3214 1654 3381 1708 opera

154 1740 213 1802 ὡς
238 1735 439 1791 παιδίον
462 1734 667 1788 ἄκακον
701 1734 1009 1803 φαίνεσθαι,
1043 1734 1139 1788 καὶ
1164 1734 1261 1786 οὐκ
1283 1732 1362 1785 ἔτι
1385 1731 1704 1802 κατακρίνει

1818 1729 2028 1783 Macarii
2066 1728 2444 1783 consarcinata
2484 1727 2797 1793 videantur,
2849 1729 2893 1783 si
2935 1729 3079 1783 Deus
3122 1728 3378 1793 voluerit,

152 1832 175 1883 ὁ
196 1799 471 1897 ἀνθρωπος
488 1799 724 1895 Ἕλληνα
746 1825 779 1894 ἢ
808 1825 1078 1878 Ἰουδαῖον.
1104 1822 1252 1889 Quae
1280 1837 1442 1891 quam
1468 1799 1702 1874 absurde

1821 1830 1862 1876 at
1899 1823 2035 1877 haec
2056 1837 2167 1876 non
2189 1821 2610 1892 displicuerunt,
2635 1820 2927 1891 aliquando
2957 1820 3185 1875 uberius
3210 1835 3381 1891 expo-

152 1920 478 1979 cohaereant,
528 1916 709 1970 dicere
746 1912 855 1971 nOn
896 1916 1110 1971 attinet.
1141 1915 1409 1985 Jungatur
1452 1912 1701 1983 Opuscu-
1808 1930 2023 1970 nemus.

148 2012 245 2065 lum
269 2008 326 2061 de
349 2004 626 2060 Charitate
654 2022 773 2076 cap.
810 2006 894 2060 19..

180 2197 3364 2223 W

1055 2376 1849 2474 DISSERTATIO
1949 2381 2453 2469 ALTERA.

139 2606 403 2680 Specimen
441 2602 1044 2680 animadversiomtnthin
1072 2602 1274 2680 aliquot
1295 2600 1559 2680 qusertta
1605 2600 1807 2659 Graeca
1829 2602 2074 2680 Macarii,
2108 2609 2163 2661 in
2178 2608 2423 2680 natalem
2461 2611 2595 2664 diem
2630 2610 2729 2680 viri
2754 2624 2954 2680 suntme
2988 2613 3269 2675 reverendi,
3294 2626 3391 2665 em-

204 2676 590 2749 cellerttissimi,
618 2674 900 2749 doctissimi
934 2672 1255 2749 Sigismn’ndi
1283 2672 2203 2749 Jacobiliqumgarten,_SS.AVTheol.
2238 2678 2386 2732 Doct.
2421 2687 2468 2732 et
2510 2680 2654 2749 Prof.
2692 2678 2845 2733 Pnbl.
2888 2680 3093 2745 0rdin.,
3124 2672 3386 2736 Seminar.

205 2746 370 2817 Theol.
397 2746 717 2817 Directoris,
743 2746 1396 2817 patroni_et_praeceptoris
1418 2744 1795 2817 ofﬁciosissime
1824 2743 2047 2817 colendi,
2082 2748 2206 2801 bene
2242 2743 2627 2805 ominabundus
2651 2750 2810 2804 edidit
2841 2751 2924 2805 Jo.
2952 2750 3067 2807 Sal.
3084 2743 3088 2745 ’
3105 2752 3388 2817 Semlerus,

199 2816 437 2888 Salfelda
464 2816 719 2885 Tlmring.
743 2810 920 2868 'Ilalae
943 2810 1151 2869 Salicae
1193 2810 1375 2868 Litoris
1402 2810 1624 2868 Joannis
1654 2810 1937 2870 Christiani
1967 2816 2226 2873 Hendelii.
2266 2820 2420 2874 1746.
2450 2820 2527 2891 (a)

196 3052 345 3124 [Pag.
372 3048 432 3120 5]
462 3048 559 3103 Vir
575 3064 776 3102 summe
804 3047 1098 3112 reverende,
1123 3044 1568 3108 excellentissime,
1602 3046 1914 3111 doctissime,
1940 3043 2142 3099 Fautor
2169 3054 2218 3100 et
2250 3054 2472 3117 patrone
2502 3047 3002 3104 benevolentissime.

196 3147 254 3199 ln
274 3144 565 3200 communi
598 3142 923 3196 Academiae
950 3142 1115 3196 huius
1141 3141 1371 3205 laetitia,
1400 3155 1507 3209 qua
1539 3140 1769 3211 insignis
1795 3140 1887 3194 hic
1923 3139 2044 3194 dies
2076 3156 2269 3195 omnes
2308 3140 2584 3196 Musarum
2620 3143 2900 3211 perfundit
2925 3142 3175 3209 ordines,
3205 3153 3394 3215 patere

128 3248 181 3291 et
214 3252 298 3291 me
322 3235 589 3290 sollemni
617 3235 745 3289 huic
780 3234 889 3288 luci
930 3233 1188 3305 gaudium
1228 3240 1284 3287 et
1313 3242 1440 3288 vota
1466 3248 1565 3303 per
1602 3248 1869 3287 summam
1916 3233 2179 3302 pietatem
2213 3234 2531 3289 decernere.
2575 3234 2658 3289 Ad
2703 3251 2791 3290 me
2827 3237 2972 3290 enim
3016 3236 3121 3291 hoc
3156 3238 3394 3293 oﬁicium

133 3344 294 3381 unum
319 3328 581 3382 omnium
606 3326 839 3380 maxime
868 3326 1088 3381 videtur
1113 3326 1410 3395 pertinere,
1446 3326 1503 3379 in
1528 3342 1692 3396 quem
1725 3334 1805 3381 tot
1833 3343 1963 3382 sane
1993 3336 2051 3381 et
2081 3335 2233 3382 tanta
2261 3336 2480 3383 exstant
2515 3328 2631 3383 Tua
2664 3329 2925 3384 beneﬁcia
2956 3337 3013 3385 et
3041 3332 3269 3387 eximiae
3297 3332 3396 3389 be-

124 3418 473 3474 nevolentiae
500 3416 853 3479 documenta,
880 3424 959 3481 ut,
994 3432 1156 3486 quem
1196 3416 1575 3486 Praeceptoris
1607 3417 1786 3471 Tuum
1821 3433 2027 3472 numen
2057 3419 2513 3474 venerabundum
2540 3420 2817 3487 etIecerat,
2841 3423 2952 3493 jam
2990 3420 3138 3493 [Pag.
3161 3423 3217 3496 4]
3252 3426 3397 3481 Fau-

130 3512 257 3565 toris
288 3508 669 3565 beneﬁcentia
698 3518 809 3563 tam
832 3508 1136 3562 reddiderit
1158 3521 1339 3572 suum,
1371 3517 1434 3562 ut
1456 3506 1747 3577 diligenter
1770 3523 1966 3579 negem
1994 3509 2128 3562 mihi
2162 3525 2493 3579 quemquam
2519 3510 2573 3564 in
2600 3510 2788 3566 oﬁiciis
2816 3527 2944 3583 erga
2982 3512 3058 3567 Te
3084 3529 3202 3569 esse
3233 3531 3397 3586 supe-

123 3608 346 3662 riorem.
382 3606 590 3676 Neque
619 3621 771 3670 vero,
798 3605 927 3659 licet
960 3605 1253 3675 praecipua
1281 3606 1400 3676 ejus
1424 3621 1550 3675 pars
1575 3621 1698 3660 mea
1738 3606 1830 3670 sit,
1863 3622 1985 3660 mea
2031 3607 2197 3660 unius
2223 3615 2308 3661 est
2336 3607 2473 3662 haec
2508 3607 2721 3676 pietas;
2754 3623 2944 3663 omnes
2970 3607 3120 3674 boni,
3154 3616 3215 3663 ut
3250 3610 3400 3665 hunc

122 3702 264 3757 diem
291 3703 486 3756 Tuum
527 3701 788 3771 gaudent,
816 3702 889 3755 ita
919 3701 1133 3756 felicem
1157 3703 1277 3772 ejus
1316 3701 1554 3756 reditum
1580 3702 1723 3757 votis
1754 3702 2141 3771 ominibusque
2175 3701 2396 3772 optimis
2430 3710 2747 3772 precantur.
2784 3701 2994 3768 Quibus
3032 3703 3253 3772 quidem
3292 3704 3399 3759 rite.

119 3799 393 3868 susceptis
424 3798 584 3852 votis
626 3804 735 3851 tam
768 3796 1095 3851 conﬁdimus
1130 3798 1303 3852 Deum
1348 3813 1760 3867 responsurum,
1808 3813 1972 3867 quam
2018 3809 2172 3851 certo
2203 3797 2440 3861 scimus,
2479 3797 2575 3852 Dei
2614 3796 2691 3850 Te
2735 3796 2997 3866 singulari
3039 3797 3306 3852 beneﬁcio
3342 3798 3399 3852 in

121 3892 476 3945 uberrimum
521 3890 825 3944 multorum
858 3892 1290 3946 emolumentum
1316 3891 1457 3947 hanc
1496 3892 1674 3946 lucem
1712 3891 2047 3961 adspexisse.
2083 3890 2340 3946 Ceterum
2381 3890 2706 3945 clementem
2736 3890 2832 3956 Te,
2867 3891 2953 3945 vir
2989 3906 3199 3945 summe
3239 3905 3398 3946 reve-

117 3986 305 4049 rende,
342 3985 492 4039 huic
533 3984 643 4038 levi
668 3986 873 4055 scripto
909 3994 1037 4055 opto
1073 3986 1454 4056 interpretem,
1487 3988 1633 4056 quod
1665 3996 1722 4042 et
1751 3986 2140 4041 brevissimum
2170 3996 2290 4051 est,
2312 3986 2439 4055 quia
2466 3986 2580 4040 scio
2608 3985 2781 4040 otium
2816 3984 2985 4041 ferme
3008 3986 3138 4041 Tuis
3170 3988 3403 4058 negotiis

117 4077 329 4142 deesse,
362 4080 588 4135 nedum
619 4079 706 4135 bis
745 4081 1076 4136 iuvenilibus
1105 4083 1304 4147 rebus,
1334 4091 1391 4137 et
1422 4083 1780 4147 levissimum,
1816 4082 1963 4152 quod
1997 4082 2160 4153 hujus
2187 4082 2295 4136 diei
2324 4082 2530 4136 laetitia
2570 4082 2900 4137 severiorem
2931 4083 3251 4152 gravitatem
3286 4083 3402 4156 pati

113 4187 220 4225 non
266 4173 612 4229 videbatur.
646 4173 727 4227 Tu
756 4189 910 4239 vero,
933 4175 1018 4228 vir
1054 4191 1265 4229 summe
1296 4175 1619 4241 reverende,
1646 4190 1803 4229 serva
1834 4175 1909 4230 sis
1941 4175 2075 4229 mihi
2116 4175 2359 4229 favorem
2391 4182 2448 4227 et
2482 4173 2940 4229 benevolentiam.
2972 4175 3121 4231 Vale.

180 4265 310 4320 Dies
333 4265 497 4321 Xllll
535 4265 717 4321 Martii
740 4266 1003 4333 feliciter.
1038 4266 1411 4323 MDCCXLV].

177 4508 334 4580 [Pag.
375 4513 441 4585 5]
481 4506 632 4562 Cum
660 4522 691 4559 a
720 4506 960 4571 nomine,
1018 4506 1165 4577 quod
1208 4508 1399 4573 sciam,
1428 4510 1726 4579 peculiaris
1751 4519 1795 4577 α
1896 4511 1979 4567 Ad
2004 4511 2323 4568 Opuscuwu
2359 4528 2577 4577 PRIMUM,
2613 4512 2761 4583 quod
2801 4521 2886 4567 est
2931 4512 3072 4581 Περὶ
3118 4513 3402 4589 φυλακῆς

111 4616 241 4653 cura
272 4602 334 4654 in
378 4599 632 4653 Macarii
660 4597 841 4669 Opera
867 4600 1048 4655 adhuc
1085 4608 1341 4669 suscepta
1382 4601 1473 4665 sit,
1501 4600 1593 4656 hic
1622 4617 1724 4656 au-
1831 4604 2102 4674 καρδίας,
2141 4606 2279 4661 haec
2299 4605 2415 4661 fere
2445 4613 2689 4661 annoto:

113 4701 216 4745 tem
256 4693 421 4747 idem
467 4691 657 4745 fatum
698 4692 1027 4746 sustinuerit
1071 4708 1136 4747 ac
1183 4692 1275 4745 alii
1310 4694 1608 4763 scriptores
1633 4710 1728 4749 ve-

107 4798 273 4851 teres,
305 4788 383 4841 ad
418 4801 583 4856 quos
622 4793 679 4839 et
709 4785 978 4839 lectorum
1018 4784 1295 4855 imperitia
1326 4792 1383 4840 et
1420 4794 1666 4855 temporu

1894 4781 2019 4838 CAP.
2052 4783 2075 4838 Ι
2100 4801 2111 4836 :
2140 4782 2201 4836 οὐ
2233 4782 2341 4855 γὰρ
2374 4784 2408 4854 ἡ
2439 4784 2616 4856 ἀποχὴ
2633 4783 2739 4836 τῶν
2772 4781 2957 4836 κακῶν
2987 4783 3178 4853 ἐστινὴ
3198 4783 3404 4855 κάθαρη

110 4878 311 4948 injuria
352 4879 621 4932 multum
654 4876 966 4940 valuerunt,
1005 4875 1332 4929 brevissime
1370 4884 1583 4930 tantum
1628 4892 1670 4945 μ

1850 4890 1932 4937 πις,
1968 4871 2082 4926 ἀλλ’
2123 4873 2156 4944 ἡ
2192 4873 2332 4926 κατὰ
2362 4872 2664 4944 συνείδησιν
2693 4871 2871 4924 τελεία
2913 4870 3207 4943 κάθαρσις,
3238 4887 3410 4941 neque

106 4971 318 5040 aliquot
362 4968 675 5041 Opuscula
717 4966 1021 5021 Macariana
1066 4966 1373 5031 ostendam,
1427 4983 1491 5021 ea
1534 4982 1728 5037 exspe-
1826 4966 1963 5018 enim
2016 4964 2333 5017 abstinentia
2377 4982 2409 5018 a
2462 4964 2831 5035 grandioribus
2876 4964 3012 5017 vitiis
3063 4970 3138 5016 est
3173 4963 3398 5032 paritas,

107 5072 253 5116 ctare
284 5063 497 5117 adhuc
533 5060 825 5114 meliorem
842 5059 1147 5130 scripturae
1170 5059 1526 5124 curam.Ubi,
1555 5060 1725 5115 omis-
1829 5057 1919 5111 sed
1962 5057 2187 5127 perfecta
2236 5059 2579 5111 conscientiae
2610 5057 2938 5126 expurgatio.
3000 5054 3202 5112 Sensus
3244 5056 3404 5126 paula

104 5153 175 5206 sis
224 5163 353 5207 tum
392 5149 831 5223 typographicis
860 5157 975 5203 tum
996 5148 1262 5204 versionis
1309 5149 1479 5214 vitiis,
1511 5149 1726 5218 potiora
1832 5147 1946 5201 lum
1997 5146 2394 5203 incommodus.
2444 5147 2505 5201 In
2552 5146 2828 5216 Opusculo
2875 5145 3021 5199 enim
3077 5146 3205 5213 γιο,
3268 5146 3405 5207 Περὶ

105 5245 387 5312 quaedam
458 5242 785 5311 scripturae
847 5240 1043 5294 menda
1097 5240 1373 5294 sublatum
1424 5239 1537 5304 ibo,
1586 5254 1665 5309 qu

1847 5240 2093 5308 ὄψώσεως
2128 5238 2277 5312 [Pag.
2304 5239 2359 5311 6]
2391 5238 2485 5292 τοῦ
2534 5239 2672 5304 νοός,
2702 5253 2823 5309 cap.
2852 5236 2922 5291 20
2950 5245 3196 5295 extremo
3244 5235 3407 5297 aliter

103 5339 246 5393 inter
281 5336 622 5409 legendum
662 5333 939 5388 annotavi.
991 5333 1135 5390 Usus
1181 5349 1303 5387 sum
1333 5332 1576 5389 editione
1605 5332 1663 5387 Pr

1854 5333 2111 5389 labetur:
2153 5335 2248 5386 καὶ
2303 5332 2413 5404 γὰρ
2458 5332 2558 5403 οὐχ
2600 5332 2633 5401 ἡ
2676 5329 2784 5383 τῶν
2832 5328 3169 5401 φαινομένων
3218 5333 3414 5397 κακῶιδ

106 5431 183 5485 lii.
220 5432 350 5485 λειω

1663 5596 1914 5654 NOTAE.

173 5777 255 5847 ιο)
285 5775 557 5831 Constat
583 5776 793 5847 paginis
816 5774 884 5833 20
913 5772 1078 5831 iri-4°.
1104 5771 1259 5831 Eot'r.
