3950 6546
607 324 716 381 275

1898 316 1993 376 10.
2035 317 2184 374 SAL.
2226 317 2594 379 SEMLERUS

3717 327 3799 389 ετι

607 434 789 507 ἀποχὴ
817 433 1093 498 τελείωσίς
1123 435 1295 501 ἐστιν,
1329 433 1444 488 ἀλλ’
1478 435 1513 505 ἡ
1542 433 1682 488 κατά
1703 431 1946 488 διάνοιαν
1975 433 2187 506 κάθαρ-

2308 440 2439 494 mim
2467 438 2742 510 dependet
2769 435 3133 495 constructio.
3179 433 3373 489 Latina
3401 431 3579 488 versio
3599 436 3800 500 similiter

609 545 714 594 σις,
749 526 888 599 αὕτη
917 527 1116 582 τελεία.
1159 527 1228 583 Et
1257 527 1312 582 in
1333 525 1569 582 Homilia
1605 542 1712 580 xvu
1739 524 1766 597 §
1799 526 1896 581 i5:
1927 525 1987 579 οὐ
2017 525 2126 596 γὰρ
2152 528 2187 596 ἡ

546 635 548 638 ·
607 619 790 690 ἀποχὴ
805 619 916 673 τῶν
941 619 1148 683 κακῶν,
1173 617 1312 690 αὕτη
1335 619 1481 671 ἐστὶν
1519 621 1552 689 ή
1580 618 1884 683 τελείωσις,
1910 619 2026 672 ἀλλ’
2053 626 2185 684 cet.,

612 707 707 762 ubi
746 709 972 778 paulum
1000 709 1194 763 variat.
1227 709 1480 764 Planiora
1511 709 1584 764 ita
1617 718 1803 764 essent
1817 710 1874 764 in
1907 708 2106 780 Opusc.
2143 711 2186 776 l,

611 799 658 854 si
682 815 782 870 pro
812 801 992 869 primo
1046 799 1310 871 κάθαρσις
1363 811 1511 856 esset
1557 801 1852 865 τελείωσις,
1882 811 1945 857 ut
1979 804 2035 856 in
2067 803 2190 858 aliis

539 935 542 938 .
610 890 768 955 locis,
804 890 935 945 licet
960 890 1251 960 inscriptis
1278 890 1614 946 Graecorum
1667 891 1922 948 asceticis
1973 894 2191 948 τελείω-

612 999 699 1047 σις
728 990 785 1037 et
821 983 1089 1054 κάθαρσις
1147 983 1293 1038 idem
1329 983 1445 1038 fere
1485 984 1578 1038 sit.
1648 985 1852 1042 Ultima
1886 987 2056 1042 verba
2091 1003 2186 1042 ca-

611 1075 742 1146 pitis
768 1075 933 1146 hujus
969 1075 1060 1130 lIni
1113 1075 1252 1130 haec
1277 1076 1444 1146 vulgo
1468 1086 1628 1132 sunt:
1660 1080 1708 1131 εἰ
1750 1078 1808 1132 δὲ
1855 1078 1950 1150 μὴ,
2003 1095 2194 1133 ταπει-

612 1166 804 1230 νωθεὶς
836 1166 914 1230 ὼς
951 1166 1138 1236 ἐνδεὴς
1165 1168 1259 1220 καὶ
1277 1168 1599 1239 ἁμαρτωλὸς
1628 1169 1770 1241 ὑπὲρ
1797 1170 1906 1223 τῶν
1935 1171 2183 1242 κρυφίων

613 1276 707 1314 σου
729 1259 982 1330 δεόμενος
1009 1259 1103 1313 τοῦ
1131 1260 1288 1316 Θεοῦ.
1324 1261 1428 1317 Ubi
1464 1260 1622 1317 deest
1678 1263 1912 1318 verbum
1938 1263 2007 1318 ad
2041 1264 2189 1334 quod

613 1351 719 1406 ista
751 1351 1041 1422 participia
1080 1351 1376 1422 pertinent.
1413 1352 1569 1419 Quod
1617 1355 1982 1425 supplendum
2017 1365 2100 1410 est
2124 1371 2192 1411 ex

613 1444 817 1515 Opusc.
835 1445 878 1499 ν
896 1445 1131 1515 cap.2l:
1172 1446 1474 1514 πρόσελθε
1515 1446 1656 1518 ὑπὲρ
1684 1448 1792 1500 τῶν
1821 1448 2187 1518 κρυφίωνοοῑ.

684 1536 770 1592 Ad
799 1553 914 1592 cae.
947 1537 994 1592 ll
1030 1537 1098 1592 de
1126 1537 1313 1592 verbis
1370 1537 1579 1593 ultimis
1626 1539 2050 1594 monemus:8tb
2097 1541 2193 1594 καὶ

615 1625 782 1680 ὕπνον
811 1626 1042 1696 λέγομεν
1084 1627 1183 1697 τὴν
1214 1627 1470 1698 κοίμησιν
1517 1628 1626 1681 τῶν
1655 1628 1844 1696 ἁγίων.
1894 1631 2088 1686 Melius
2121 1647 2190 1686 ex

615 1716 854 1773 llomilia
881 1717 984 1772 ista
1016 1716 1134 1788 xv§
1164 1718 1231 1772 39
1281 1719 1388 1789 legi
1417 1737 1430 1772 :
1469 1718 1636 1772 ὕπνον
1669 1717 1760 1774 οὖν
1803 1721 2035 1792 λέγομεν
2099 1723 2192 1776 καὶ

2289 540 2460 596 errat,
2497 547 2638 600 quae
2668 533 2809 587 solet
2834 544 3232 600 nonnunquam
3260 527 3393 583 satis
3413 527 3551 581 mala
3577 541 3696 586 esse.

2358 623 2483 679 Car.
2517 623 2590 679 IX
2617 632 2742 694 post
2773 623 3050 679 medium:
3105 621 3269 675 καλόν
3298 621 3446 672 ἐστιν
3476 619 3509 688 ἡ
3547 625 3802 700 νηστεία.ἡ

2288 718 2584 789 ἀγρυπνία,
2626 719 2661 789 ή
2694 715 2951 781 ξενιτεία·
2985 713 3120 768 ἀλλὰ
3168 711 3341 766 ταῦτα
3393 710 3542 780 ἀκμὴ
3586 713 3804 784 πολιτείας

2289 811 2436 863 ἐστὶν
2462 809 2692 880 ἀγαθῆς·
2733 807 2872 880 πλὴν
2906 809 2940 877 ἡ
2985 803 3139 871 τάξις
3167 804 3275 857 τῶν
3331 803 3653 874 Χριστιανῶν
3685 805 3801 881 [Ρη

2289 894 2344 966 8]
2383 897 2627 966 ἐσωτέρα
2664 895 2781 948 ἐστὶ
2805 891 3014 948 τούτων
3040 902 3148 950 cet.
3182 892 3375 946 Latina
3395 890 3570 944 versio
3603 894 3705 949 talis
3727 908 3802 952 est:

2289 986 2393 1043 Sed
2415 989 2542 1042 haec
2562 991 2659 1059 ﬂos
2692 989 2804 1058 ipse
2829 1005 2892 1042 ac
2926 989 3074 1058 vigor
3101 995 3224 1040 sunt
3244 983 3640 1040 conversationis
3662 986 3802 1043 bonae.

2291 1078 2536 1135 Ceterum
2559 1078 2686 1131 ordo
2714 1076 3138 1132 Christianorum
3163 1075 3384 1128 interior
3406 1080 3480 1124 est
3505 1071 3580 1124 his
3623 1083 3710 1127 eet.
3736 1075 3808 1131 ilic

2291 1171 2471 1241 qualis
2503 1170 2732 1225 sensus?
2759 1169 2815 1224 Si
2854 1167 3064 1238 aliquid
3093 1174 3179 1222 est
3215 1164 3572 1236 praecipuum
3590 1163 3639 1216 in
3672 1166 3809 1236 aliqua

2293 1259 2635 1324 re,curillud
2668 1269 2776 1315 tam
2797 1259 2952 1329 parvi
2982 1258 3248 1313 ducatur?
3274 1257 3334 1311 ln
3360 1253 3628 1325 Opusculo
3643 1255 3701 1310 γι
3721 1274 3808 1330 cap.

2291 1353 2359 1408 50
2394 1355 2529 1408 haec
2557 1353 2632 1408 ita
2662 1353 2968 1407 habentur:
3007 1349 3175 1404 καλὸν
3196 1351 3230 1421 η
3261 1348 3574 1420 νηστεία,...
3604 1348 3684 1400 καὶ
3708 1366 3808 1422 προ-

2291 1447 2443 1517 οίμια
2469 1445 2643 1499 ταῦτα
2681 1445 2956 1508 πολιτείας
2983 1441 3282 1510 θεοφιλοῦς
3313 1439 3595 1508 ἀλόγιστον
3626 1440 3676 1493 δὲ
3728 1444 3810 1494 ἀτε-

2293 1537 2434 1609 χνῶς
2482 1537 2542 1590 τὸ
2566 1537 2750 1600 ἀπλῶς
2790 1538 2903 1599 τοῖς
2958 1534 3218 1597 τοιούτοις
3261 1532 3591 1604 ἐπιθαρῤεἶν.
3632 1532 3810 1588 Reddita

2293 1640 2422 1685 sunt
2444 1649 2457 1684 :
2490 1631 2617 1685 haec
2642 1630 2910 1701 prooemia
2926 1637 3048 1682 sunt
3071 1625 3481 1680 conversationis
3502 1623 3658 1677 Deum
3673 1641 3810 1677 aman-

2297 1724 2447 1787 tium,
2505 1738 2669 1777 sensu
2721 1737 2833 1776 non
2878 1718 3247 1782 incommodo,
3297 1718 3392 1772 sed
3443 1717 3553 1770 huc
3601 1733 3696 1770 non
3719 1734 3810 1786 per-

617 1811 874 1882 κοίμησιν
917 1809 1029 1863 τῶν
1067 1811 1240 1878 ἁγίων
1291 1813 1383 1867 τὸν
1435 1811 1687 1867 θάνατον.
1735 1815 1870 1869 Nam
1916 1815 2080 1880 ὕπνος
2137 1823 2195 1870 et

2308 1814 2539 1869 tinente.
2564 1813 2707 1884 Lege
2735 1831 2748 1866 :
2787 1812 2884 1865 καὶ
2914 1812 3193 1883 παρόμοια
3217 1808 3388 1864 ταῦτα
3439 1807 3696 1870 πολιτείας
3737 1809 3816 1861 θεο-

616 1901 874 1970 κοίμησις
902 1900 1050 1954 idem
1075 1901 1368 1972 signiﬁcat.

699 1990 936 2047 Omissis
964 1993 1181 2063 aliquot
1202 1995 1477 2064 capitibus
1510 1995 1818 2065 leviterque
1845 1998 2193 2055 variantibus

618 2082 911 2153 scripturis
932 2083 1001 2138 ad
1033 2101 1148 2140 car.
1191 2086 1259 2140 Vl
1291 2087 1562 2141 venimus.
1589 2087 1667 2140 lbi
1695 2088 1768 2142 ita
1804 2097 1983 2143 exstat
2010 2108 2021 2142 ε
2055 2089 2198 2144 οὕτω

619 2177 717 2231 καὶ
747 2177 1194 2248 ὁπροδλεπτικδς
1228 2179 1352 2244 νοῦς
1409 2181 1707 2252 προϐλέπει
1757 2185 1925 2251 ταχὺς
1973 2183 2049 2237 ὢν
2095 2184 2196 2254 τῆς

619 2269 1005 2343 ἀντικειμένης
1031 2271 1312 2342 δυνάμεως
1343 2272 1442 2337 τάς
1474 2273 1666 2344 τέχνας
1691 2272 2065 2330 Ορῐ.ῗίἰοωὶιίει
2103 2291 2199 2330 au-

621 2373 734 2419 tem
763 2381 837 2418 vu
868 2363 896 2435 §
935 2363 1007 2419 8:
1044 2363 1187 2418 οὕτω
1210 2365 1304 2419 καὶ
1335 2366 1364 2419 ὁ
1415 2365 1538 2430 νοῦς
1585 2365 1881 2436 προϐλέπει
1927 2367 2190 2440 γοργόρος

619 2456 700 2512 ῶν
736 2465 842 2512 cet.
868 2455 1413 2528 Legendumyopydc,
1471 2473 1580 2511 non
1643 2459 1941 2530 γοργόροςε
2011 2469 2069 2515 et
2096 2460 2200 2516 ista

619 2563 731 2603 vox
751 2564 914 2618 saepe
939 2549 1182 2603 occurrit
1210 2549 1265 2602 in
1292 2548 1528 2603 Homilia
1565 2565 1664 2603 nu.
1697 2550 1997 2622 Hesychius
2021 2569 2033 2604 :
2065 2569 2202 2621 γορ·-

621 2644 751 2712 τός,
795 2641 1112 2712 εὐκίνητος,
1162 2640 1352 2712 ταχύς,
1388 2642 1645 2714 σκληρός,
1700 2643 1952 2714 λιπαρός,
2005 2644 2201 2716 εὐτρα-

623 2733 752 2804 φής.
789 2731 940 2788 Adeo
971 2734 1141 2803 ταχὺς
1178 2732 1236 2787 in
1263 2733 1465 2804 Opusc.
1499 2735 1521 2791 Ι
1552 2751 1672 2806 cap.
1705 2735 1738 2791 6
1759 2743 1845 2791 est
1881 2737 2061 2808 glossa
2103 2739 2200 2791 τοῦ

623 2825 858 2896 τυργόςο

694 2915 820 2972 CAP.
849 2916 940 2972 VII
969 2931 1071 2988 pro
1099 2915 1194 2970 τοῦ
1241 2914 1336 2971 νοῦ
1357 2919 1388 2988 ἡ
1399 2917 1516 2988 μῶν
1541 2918 2020 2991 προσκαλουμένου
2053 2918 2200 2992 μετά

622 3007 720 3064 τοῦ
747 3008 956 3080 Κυρίου
981 3010 1210 3064 πάντοτε
1238 3010 1357 3081 lege
1382 3028 1395 3063 :
1423 3012 1904 3082 προσκολλωμένου
1961 3012 2040 3084 τῷ
2089 3014 2202 3066 Κυ-

627 3099 733 3174 ρίῳ
782 3110 915 3167 cet.;
975 3101 1051 3206 ita
1083 3109 1260 3158 exstat
1318 3103 1378 3156 in
1425 3102 1626 3173 Opusc.
1658 3103 1703 3158 ll
1727 3120 1848 3175 cap.
1905 3105 2012 3158 i5:
2043 3103 2203 3177 ὁγὰρ
2230 3149 2272 3206 C

625 3193 754 3257 νοῦς
785 3193 942 3265 ἡμῶν
975 3191 1116 3247 οῦτω
1148 3193 1439 3260 διαπαντὸς
1461 3196 1540 3267 τῷ
1559 3195 1678 3268 Θεῷ
1713 3195 2200 3267 προσκολλώμενος

627 3295 738 3341 cet.
763 3287 1053 3341 Praeterea
1083 3297 1416 3356 provocatur
1439 3287 1508 3342 ad
1538 3289 1559 3343 l
1584 3288 1712 3344 Cor.
1738 3305 1812 3354 vi,
1850 3289 1936 3353 17,
1979 3289 2074 3343 ubi
2100 3287 2207 3345 hoc

629 3377 784 3451 [Pag.
818 3378 872 3450 7]
909 3379 1140 3434 verbum
1171 3380 1302 3434 item
1353 3388 1548 3435 exstat.
1603 3381 1831 3451 Vulgata
1867 3381 2029 3436 lectio
2087 3381 2206 3436 sine

628 3487 820 3535 sensu,
852 3479 915 3527 ut
938 3471 1100 3527 docet
1132 3473 1318 3528 versio
1347 3473 1541 3528 latina.
1578 3472 1843 3543 Sequitur
1871 3474 1946 3528 ibi
1983 3474 2203 3529 statim:

628 3560 899 3615 τοῦτονδέ
949 3560 1042 3615 τὸν
1086 3561 1330 3632 κρυπτὸν
1363 3561 1551 3630 ἀγῶνα
1595 3563 1692 3615 καὶ
1733 3562 1963 3634 μελέτην
1999 3562 2206 3634 Κυρίου

631 3654 730 3708 καὶ
754 3652 918 3707 πόνον
958 3653 1152 3717 νυκτὸς
1187 3653 1282 3707 καὶ
1335 3653 1552 3726 ἡμέρας
1599 3653 1744 3725 ἐχειν
1773 3655 1920 3725 ἡμᾶς
1967 3654 2074 3727 χρὴ
2128 3656 2210 3719 είς

631 3746 815 3799 πᾶσαν
844 3745 1193 3815 ἐπιτήδευσιν
1247 3745 1491 3816 ἐντολῆς,
1559 3745 1671 3798 εἴτε
1715 3745 2044 3817 εὐχομένων,
2099 3747 2209 3800 εἴτε

631 3836 1002 3908 ἐσθιόντων,ῆ
1047 3836 1461 3902 διακονούντων,
1494 3837 1841 3910 ἢπινόντων,
1875 3838 1908 3909 ἢ
1948 3837 2134 3910 ἕτερόν
2156 3855 2210 3892 τι

631 3927 950 3982 ποιούντων.
972 3927 1076 3984 Ubi
1107 3929 1449 3983 constructio
1483 3945 1676 4000 graeca
1709 3929 1982 3984 claudicat
2002 3945 2033 3984 a
2081 3944 2208 3984 ver-

632 4019 706 4076 bo
761 4019 868 4091 χρὴ
923 4019 1189 4088 pendens.
1254 4019 1574 4092 Legendum
1627 4036 1697 4076 ex
1754 4020 1949 4076 eodem
2001 4019 2204 4092 Opusc.

631 4109 681 4167 Π
711 4110 915 4180 ubique
935 4127 1066 4166 casu
1083 4119 1280 4181 quarto
1306 4129 1318 4164 :
1355 4112 1465 4164 εἴτε
1492 4111 1843 4182 εὐχομένους,
1881 4113 1995 4165 εῐτε
2036 4111 2214 4166 διακο-

633 4201 877 4266 νοῦντας,
902 4202 935 4274 ἦ
962 4201 1263 4268 ἐσθίοντας,
1295 4202 1329 4270 ἢ
1347 4203 1620 4266 πίνοντας,
1650 4203 1684 4274 ἢ
1710 4202 1896 4274 ἐτερόν
1921 4221 1974 4256 τι
1995 4201 2212 4256 ποιοῦν-

633 4311 756 4360 τας,
804 4301 1015 4349 mutato
1042 4295 1207 4349 simul
1241 4294 1441 4349 ordine
1475 4295 1704 4350 secundi
1745 4303 1802 4350 et
1842 4295 1993 4350 tertii
2029 4295 2208 4350 verbi.

707 4404 836 4462 CAP.
864 4407 981 4461 Vill
1008 4407 1257 4462 occurrit
1273 4407 1520 4478 phrasis:
1557 4408 1613 4461 τί
1636 4409 1680 4461 δ’
1713 4409 1843 4464 ἀλλο
1871 4409 1961 4463 διά
1995 4409 2204 4464 τούτων

2300 1905 2508 1976 φιλοῦς,
2540 1914 2589 1959 et
2613 1903 2812 1959 similia
2837 1902 2972 1957 talia
3025 1902 3298 1957 exercitia.
3359 1899 3450 1954 Sic
3477 1906 3534 1953 et
3583 1899 3631 1952 in
3661 1898 3813 1969 Opusc.

2301 1997 2323 2052 Ι
2348 1998 2454 2069 legi
2484 1997 2647 2052 velim
2678 1997 2803 2050 ικαὶ
2832 1995 2964 2050 ἄλλα
2991 1995 3161 2048 ταῦτα
3200 1995 3293 2046 καὶ
3321 1993 3505 2063 ὃμοια,
3537 1989 3571 2044 ἃ
3592 1991 3815 2057 πολιτείας

2306 2091 2452 2143 ἐστὶν
2509 2089 2736 2160 ἀγαθῆς·
2793 2087 2933 2158 πλὴν
2970 2084 3157 2157 ήὰξία
3205 2084 3315 2138 τῶν
3373 2083 3696 2156 Χριστιανῶν
3720 2093 3816 2148 cet,

2299 2183 2536 2253 dignitas
2554 2197 2735 2234 eorum
2776 2179 2939 2234 altior
2965 2189 3059 2234 est.
3097 2178 3261 2242 Τάξις
3282 2186 3464 2232 tamen
3498 2185 3666 2246 potest
3703 2176 3819 2242 ferri,

2299 2272 2606 2344 signiﬁcatu
2651 2271 2874 2326 rariori.

2373 2364 2499 2421 CAP.
2539 2363 2590 2420 X
2622 2383 2634 2419 :
2676 2364 2751 2436 μὴ
2781 2365 2978 2436 νομίσῃ
3009 2363 3202 2418 ἐαυτὸν
3234 2359 3619 2432 κατειληφέναι
3646 2376 3711 2424 τι,
3751 2361 3822 2412 κει

2304 2459 2463 2529 οίηθῇ
2495 2451 2636 2512 εἷναί
2681 2476 2784 2522 τις,
2811 2457 2905 2511 καὶ
2929 2459 3162 2528 ἄρξηται
3207 2456 3499 2510 διδάσκειν.
3558 2452 3684 2518 Quid
3719 2453 3823 2505 διδά-

2303 2568 2453 2605 σκειν
2470 2551 2562 2606 hic
2587 2550 2744 2616 velit,
2779 2567 2890 2605 non
2913 2550 3156 2613 invenio,
3187 2564 3314 2603 cum
3339 2547 3393 2601 in
3420 2545 3747 2615 sequentibus
3762 2544 3822 2597 di-

2301 2651 2458 2696 catur
2493 2641 2561 2697 de
2590 2641 2683 2697 siti
2712 2642 2975 2696 ulteriore
3014 2641 3243 2712 gratiae.
3281 2637 3532 2702 Accedit,
3570 2636 3620 2690 in
3668 2636 3821 2705 Opusc.

2301 2738 2369 2793 Vl
2403 2753 2523 2807 cap.
2552 2736 2621 2791 50
2648 2736 2754 2791 ﬁne
2788 2750 2889 2806 pro
2915 2735 3002 2790 his
3039 2718 3243 2806 iegitur
3278 2751 3292 2786 :
3345 2731 3418 2803 μὴ
3454 2731 3664 2801 νομίσαι
3687 2746 3823 2782 κατει-

2301 2833 2550 2905 ληφέναι,
2614 2829 2748 2902 μηδέ
2793 2828 3112 2899 κατακόρως
3174 2825 3338 2896 ἔχειν.
3381 2824 3538 2880 Unde
3584 2822 3708 2877 forte
3754 2837 3824 2890 pro

2307 2923 2576 2978 διδάσκειν
2603 2918 2894 2990 legendum
2914 2918 3176 2989 διαρκεῖν,
3207 2917 3353 2987 quod
3384 2914 3734 2970 celerantibus
3767 2913 3825 2966 ni-

2302 3015 2410 3070 mis
2473 3012 2650 3069 oculis
2704 3026 2806 3082 pro
2864 3010 3138 3064 διδάσκειν
3200 3017 3489 3079 acceptum
3553 3017 3650 3062 est.
3701 3006 3825 3060 Paulo

2313 3112 2476 3175 post:
2517 3103 2608 3157 ἴνα
2645 3100 2741 3172 ἔχῃ
2763 3100 2855 3154 τὸν
2903 3099 3084 3163 πόνον,
3140 3099 3242 3169 τὴν
3285 3097 3468 3167 δίψαν,
3522 3111 3621 3167 pro
3659 3111 3750 3165 quo
3787 3094 3824 3146 in

2313 3194 2514 3265 Opusc.
2551 3192 2659 3249 Vl:
2690 3191 2826 3246 ἀλλά
2859 3192 3048 3262 πεινᾷν
3071 3189 3192 3243 τότε
3223 3189 3319 3242 καὶ
3335 3189 3520 3260 διψᾷν.
3552 3187 3694 3244 Unde
3712 3185 3827 3237 τοίνυν

2314 3287 2407 3341 vix
2440 3293 2591 3340 recte
2632 3283 2819 3338 habet.
2852 3282 3116 3352 Legercm
3154 3279 3252 3351 τὴν
3302 3283 3519 3345 πεῖναν,
3563 3277 3663 3332 nisi
3709 3275 3826 3346 paulo

2317 3375 2648 3431 insolentior
2673 3389 2781 3429 vox
2807 3381 2973 3428 esset.
3004 3372 3170 3427 Forte
3203 3371 3308 3425 fuit
3335 3388 3348 3422 :
3387 3365 3530 3441 ἵναῇ
3591 3368 3699 3420 τότε
3741 3381 3828 3416 πει-

2314 3469 2422 3524 νῶν
2455 3470 2551 3522 καὶ
2571 3466 2742 3538 διψῶν
2771 3474 2878 3522 cet.
2915 3465 3126 3520 Ibidem
3158 3463 3411 3534 sequitur
3441 3481 3454 3515 :
3505 3461 3599 3514 καὶ
3629 3459 3713 3532 ἔχῃ
3749 3456 3828 3509 υἱὸν

2318 3559 2584 3633 μονογενῆ
2644 3559 2742 3614 καὶ
2772 3558 3052 3613 παιδεύσει
3080 3556 3241 3610 αὐτόν
3271 3564 3378 3610 cet.
3399 3554 3508 3611 Ubi
3538 3553 3710 3609 nescio
3736 3549 3829 3620 quid

2316 3648 2384 3703 ad
2415 3663 2658 3704 amorem
2694 3656 2752 3703 et
2784 3647 2854 3702 ad
2914 3654 3272 3717 augmentum
3318 3645 3504 3700 luctus
3547 3643 3756 3704 intersit,
3799 3637 3828 3692 si

2316 3739 2491 3794 filium
2539 3738 2825 3809 castigavit
2873 3746 3068 3793 mater.
3110 3737 3303 3792 Potius
3358 3751 3487 3790 cum
3549 3734 3604 3788 in
3650 3729 3831 3787 Homilia

2318 3831 2471 3904 [Pag.
2499 3829 2556 3902 9]
2576 3829 2709 3901 αγις
2744 3829 2804 3883 ii
2836 3829 2972 3884 haec
3004 3828 3196 3884 eadem
3241 3834 3557 3890 occurrant,
3586 3834 3640 3880 et
3665 3838 3748 3894 pro
3773 3821 3831 3874 his

2317 3923 2544 3978 vocibus
2593 3922 2805 3992 legatur
2849 3921 2926 3976 ibi
2991 3919 3399 3983 εὐειδέστατον,
3460 3917 3721 3972 rescribo:
3769 3911 3833 3964 xz".

2317 4015 2483 4068 παῖδα
2513 4014 2902 4079 εὐειδέστατον,
2936 4021 2984 4068 et
3025 4029 3142 4066 eum
3171 4011 3321 4066 vultu
3371 4010 3721 4066 honestissimo
3746 4003 3830 4075 psi-

2319 4108 2702 4178 cherrimoque.
2768 4107 2870 4162 llic
2932 4105 3081 4160 enim
3120 4105 3169 4160 si
3232 4104 3512 4168 moritur,
3570 4101 3637 4157 ad
3677 4101 3833 4156 luctum

2326 4199 2563 4253 multum
2616 4197 2770 4264 facit,
2811 4197 2941 4272 quia
2983 4196 3160 4252 forma
3191 4204 3302 4252 tam
3337 4193 3654 4259 excellenti,
3678 4201 3726 4247 et
3759 4203 3835 4242 non

2321 4289 2499 4345 solum
2527 4289 2724 4344 unicus
2756 4288 2882 4344 fuit.

2391 4404 2519 4460 CAP.
2559 4403 2631 4458 XI
2659 4421 2673 4457 :
2708 4402 2784 4474 μὴ
2814 4401 3132 4474 νομίσωσιν,
3155 4405 3238 4458 ὅτι
3268 4402 3520 4475 είσῆλθον
3551 4402 3630 4466 είς
3659 4398 3745 4469 τὴν
3765 4413 3833 4449 κσ-

636 4496 938 4551 αίνίττεται
966 4495 1028 4549 τὸ
1071 4495 1325 4567 πνεῦμα,
1361 4497 1475 4550 ἀλλ’
1525 4498 1557 4567 ἢ
1599 4497 1938 4568 ὑψηλοτέραν
1985 4496 2215 4568 θεωρίαν
2249 4511 2296 4569 ῃ
2327 4497 2621 4559 τάπαυσιν,
2643 4495 2718 4558 ὡς
2747 4495 2807 4548 δέ
2835 4496 3020 4566 ἀκμὴν
3045 4497 3127 4560 είς
3174 4495 3244 4550 τὰ
3276 4497 3529 4568 πρόθυρα
3564 4496 3655 4548 καὶ
3683 4495 3750 4554 εἰς
3771 4489 3836 4549 τᾶς

638 4585 918 4657 ἐμφαίνων
949 4592 1056 4640 cet.
1077 4585 1228 4650 Quae
1267 4585 1459 4640 ultima
1503 4587 1676 4641 verba
1716 4587 1898 4640 lucem
1937 4586 2215 4655 quandam

637 4674 919 4746 accipiunt
943 4691 1012 4730 ex
1047 4675 1298 4732 Andreae
1322 4675 1695 4732 Caesariensis
1728 4678 1959 4748 Prologo
1981 4678 2036 4731 in
2065 4692 2218 4732 com-

640 4769 971 4825 mentarium
1036 4784 1199 4823 suum
1238 4770 1294 4824 in
1333 4769 1716 4841 Apocalypsin.
1777 4769 1879 4836 Qui
1931 4779 2218 4840 postquam

639 4869 933 4914 monuerat
951 4859 1019 4914 de
1041 4858 1241 4928 triplici
1267 4875 1432 4914 sensu
1465 4867 1559 4913 aut
1581 4860 1853 4915 divisione
1879 4859 2218 4930 Scripturae,

642 4960 708 5006 ut
738 4951 794 5005 in
819 4967 927 5021 qua
957 4951 1114 5021 quasi
1151 4966 1354 5021 corpus
1384 4951 1496 5015 sit,
1530 4961 1586 5006 ct
1623 4951 1842 5022 πνεῦμα
1875 4960 1934 5006 et
1975 4951 2121 5022 ψυχή
2151 4953 2219 5008 de

643 5044 821 5100 altero
871 5044 946 5100 ita
978 5045 1190 5115 pergit:
1243 5043 1496 5117 καθάπερ
1530 5045 1587 5096 δὲ
1622 5044 1892 5116 πνεῦμαή
1937 5044 2047 5098 τῶν
2093 5045 2224 5116 μελ-

641 5137 844 5191 λόντων
899 5138 996 5191 καὶ
1046 5136 1397 5208 ὑψηλοτέρων
1457 5137 1722 5208 ἁγαγωγὴ
1750 5138 1843 5191 καὶ
1884 5137 2088 5209 θεωρία
2127 5138 2222 5191 πέο

644 5247 831 5302 φηνεν.
857 5229 959 5286 Ubi
994 5229 1140 5284 idem
1169 5237 1255 5284 est
1300 5228 1504 5300 θεωρία
1532 5229 1877 5301 ὑψηλοτέρων
1905 5245 1970 5284 ac
2019 5229 2240 5306 ὑψηλοτ

648 5324 804 5393 τέρα.
834 5322 950 5378 Nisi
986 5323 1127 5376 forte
1151 5322 1208 5376 in
1248 5322 1486 5376 Macario
1532 5338 1632 5393 pro
1664 5322 2001 5394 ὑψηλοτέραν
2032 5324 2221 5395 legen-

645 5412 776 5467 ‘dum
813 5422 898 5467 est
922 5411 1287 5483 ﬁwlorépwv.
1331 5411 1611 5467 Ibidem...
1649 5413 1896 5484 κομίζειν
1945 5415 2058 5467 δεῖν
2089 5415 2223 5468 πάν-

643 5517 770 5553 τοτε
796 5501 895 5570 τὴν
929 5501 1029 5570 τῆς
1075 5499 1304 5573 καρδίας
1345 5501 1495 5572 ἱεράν
1556 5501 1766 5556 θυσίανι
1792 5503 1861 5556 τά
1908 5504 2218 5575 ἀκροθίνια,

647 5591 744 5644 καὶ
764 5590 831 5643 τά
853 5589 1000 5661 ἄκρα
1029 5590 1138 5644 τῶν
1153 5590 1374 5658 ἀγαθῶν
1402 5591 1746 5662 λογισμῶν...
1764 5593 2222 5664 ἀπασχολοῦντος.

647 5683 727 5739 ιω
753 5684 932 5739 adhuc
952 5684 1072 5740 sine
1094 5700 1258 5739 sensu
1299 5685 1516 5754 legitur.
1559 5687 1664 5738 Pro
1697 5701 1828 5754 quo.
1858 5701 1986 5739 casu
2021 5698 2218 5756 quarto

647 5773 998 5830 scribendum
1031 5773 1493 5856 ἀπασχολοῦντας,
1521 5775 1639 5830 scil.
1669 5775 1748 5828 δεῖ
1771 5775 2018 5859 κομίζειν
2052 5794 2064 5830 :
2092 5776 2219 5833 inde

2322 4586 2491 4649 αὐλάς
2521 4587 2882 4658 εἰσέρχονται.
2917 4587 2977 4641 ln
3003 4586 3279 4658 Opusculo
3301 4588 3370 4642 Vl
3398 4604 3518 4658 cap.
3551 4587 3610 4640 51
3643 4605 3654 4639 ;
3692 4585 3752 4655 μὴ
3778 4599 3835 4633 νο-

2326 4678 2632 4749 μιζέτωσαν
2666 4679 2769 4750 ἤδη
2817 4678 2913 4732 τοῦ
2941 4678 3130 4744 τέλους
3186 4682 3281 4733 καὶ
3343 4681 3442 4750 τῆς
3501 4677 3836 4734 καταπαύσεως

2327 4772 2612 4842 ἐπιϐῆναι·
2639 4771 2842 4838 πόθεν;
2875 4771 2955 4825 ἔτι
2990 4771 3099 4843 γὰρ
3152 4772 3336 4835 αὐτοῖς
3385 4773 3516 4842 περὶ
3549 4772 3618 4824 τά
3646 4769 3838 4840 πρόθυρα

2321 4861 2417 4915 καὶ
2436 4861 2534 4925 τὰς
2562 4861 2788 4932 αὑλάςή
2829 4862 3165 4933 ἀναστροφή.
3217 4863 3373 4918 Unde
3430 4863 3575 4918 forte
3621 4861 3674 4915 in
3707 4858 3838 4928 Opus-

2321 4957 2447 5011 culo
2494 4957 2517 5012 I
2567 4957 2900 5028 legendum:
2943 4957 3060 5021 πῶς
3083 4974 3183 5026 γες
3243 4958 3428 5029 ἀκμὴν
3494 4956 3606 5026 γὰρ
3656 4956 3725 5015 εἰς
3746 4959 3838 5004 cet.;

2321 5049 2480 5103 aliter
2503 5064 2694 5119 graeca
2733 5049 3011 5119 languent.
3063 5048 3324 5118 Sequitur
3366 5049 3421 5102 in
3460 5047 3642 5119 Opusc
3679 5040 3841 5099 1εεὶ

2322 5139 2416 5191 καὶ
2441 5139 2664 5210 χάριτος
2717 5138 2943 5209 μέτοχος
2996 5139 3245 5210 γένηται,
3285 5137 3540 5208 οἰηθῆναι
3603 5138 3674 5199 ὡς
3715 5149 3842 5185 καττ-

2322 5230 2526 5296 λαδών,
2565 5231 2620 5285 in
2650 5230 2854 5301 Opusc.
2883 5231 2950 5284 Vl
2983 5249 2994 5284 :
3030 5233 3133 5284 κᾶν
3166 5233 3386 5303 χάριτός
3413 5249 3561 5294 τινος
3603 5239 3845 5296 πνευματι-

2323 5326 2425 5393 κῆς
2450 5322 2783 5394 ἠξιώθησαν·
2820 5324 2955 5394 μηδὲ
2995 5322 3156 5377 τοῦτο
3212 5324 3374 5378 πάλιν
3404 5323 3603 5384 αὐτοὺς
3634 5318 3844 5374 ἀπατάτω

2322 5421 2428 5469 cet.
2471 5414 2798 5468 Addendum
2825 5431 2955 5486 ergo
2983 5415 3038 5470 in
3075 5414 3276 5485 Opusc.
3315 5415 3335 5469 1
3367 5415 3488 5482 Μὴ,
3514 5413 3600 5484 μὴ
3627 5409 3844 5481 οἰηθῆναι.

2319 5504 2467 5575 quod
2498 5513 2676 5559 exstat
2723 5505 2947 5575 quidem
3008 5507 3064 5560 in
3108 5507 3382 5570 versione,
3427 5506 3524 5560 sed
3561 5506 3630 5560 ob
3674 5512 3845 5556 sensum

2320 5605 2532 5650 tantum
2560 5613 2574 5662 ;
2603 5613 2857 5667 graecum
2898 5598 3093 5652 vitium
3126 5599 3345 5653 mansit.
3380 5599 3557 5654 Porro
3594 5596 3773 5668 Opusc.
3801 5589 3843 5644 l:

2320 5687 2422 5740 οὐκ
2479 5687 2684 5757 ὀφείλει
2718 5691 2947 5762 ἐρευνᾷν
2981 5691 3234 5755 ἕκαστον,
3280 5693 3328 5744 εἰ
3373 5684 3534 5760 εὗρεν
3589 5691 3644 5742 ἐν
3672 5687 3739 5754 τῷ
3782 5684 3845 5732 '33-

2325 5781 2564 5863 τρακένῳ
2591 5783 2772 5865 σκεύει
2797 5784 2887 5838 τὸν
2909 5783 3184 5856 θησαυρόν
3219 5795 3325 5841 cet.
3352 5784 3544 5840 Latina
3569 5779 3759 5838 versit):
3784 5791 3846 5828 πίε
