3950 6556
148 336 251 399 τη

1170 342 1256 398 DE
1288 341 1596 399 SCRIPTIS
1629 341 1688 399 S.
1728 341 2013 402 MACARII
2050 347 2389 405 AEGYPTII.

3286 358 3392 415 278

145 462 377 512 conuenit
416 457 651 511 scrutari
676 473 1119 530 unumquemque,
1143 477 1272 514 num
1297 461 1432 530 forte
1454 461 1708 523 inveniat,
1740 464 1787 520 Α
1815 477 1924 517 non
1975 464 2135 534 plane
2169 467 2355 521 nullus
2387 468 2460 521 sit
2496 482 2709 533 sensus,
2744 474 2927 524 tamen
2960 484 3029 524 ex
3061 470 3297 527 Homilia
3335 482 3394 530 et

144 558 271 615 eet.;
312 548 482 618 impio
514 564 711 616 sensu;
746 551 891 621 quod
920 552 1140 609 mireris
1167 562 1445 609 servatum
1471 568 1631 608 esse.-
1652 552 1713 607 In

141 639 337 710 Opusc.
364 639 463 696 Vt:
492 642 584 712 ὲρε
596 644 727 713 υνᾷν
742 637 835 696 οὖν
866 644 1168 714 προσῆκεν,
1200 657 1350 700 recte
1380 659 1534 699 vero.
1569 644 1713 714 Lege

140 745 266 801 ergo
291 747 305 783 :
326 730 533 798 ὀφείλει
562 727 656 785 οὖν
682 734 929 803 ὲρευνᾷν.
948 733 1159 788 Ibidem
1184 751 1197 787 :
1222 733 1339 787 ἐστι
1368 732 1527 804 γὰρὴ
1550 732 1712 803 χάρις

137 823 395 887 πολλάκις
460 824 757 897 ἑνεργοῦσα
810 825 1198 894 ἀδιαλείπτως,
1249 826 1307 881 in
1350 824 1550 896 Opusc.
1592 824 1708 879 Vl:

136 916 254 971 ἐνὸν
296 917 429 990 γὰρ,
470 918 545 982 ὡς
597 918 856 984 πολλάκις
881 919 1197 991 δεδήλωται,
1249 920 1343 975 καὶ
1389 920 1488 991 τὴν
1540 918 1704 990 χάριν

133 1009 489 1074 ἀδιαλείπτως
526 1011 791 1081 ἐνεργεῖν,
848 1026 1015 1067 sensu
1058 1013 1236 1068 multo
1276 1012 1527 1068 meliore.
1560 1012 1705 1082 Lege

130 1116 295 1172 ergo:
333 1101 574 1174 ἔστιγὰρ
594 1106 627 1174 ἡ
656 1105 837 1175 χάρις,
866 1105 942 1167 ὡς
972 1104 1236 1167 πολλάκις
1273 1105 1510 1176 εἴρηται,
1547 1106 1703 1174 ἐνερ-

128 1193 301 1261 γοῦσα
329 1194 707 1259 ἀδιαλείπτως.
742 1196 1039 1266 Corruptio
1077 1205 1173 1251 aut
1208 1197 1404 1251 lacuna
1444 1196 1551 1252 ista
1602 1211 1704 1250 ne-

127 1288 241 1343 scio
291 1288 441 1344 unde
498 1290 739 1357 accidit;
794 1291 1061 1346 accidisse
1099 1306 1167 1345 ex
1198 1289 1401 1361 Opusc.
1442 1289 1512 1345 VI
1579 1304 1703 1345 eer-

130 1388 246 1433 tum
276 1388 385 1435 85L

189 1471 321 1527 CAP.
364 1471 459 1526 XII
506 1480 631 1542 post
678 1472 963 1528 medium:
1000 1472 1187 1545 ἐπειδὴ
1221 1468 1317 1528 οὖν
1355 1472 1508 1546 [Pag.
1546 1472 1635 1545 10]
1669 1475 1702 1545 ἡ

129 1563 348 1618 ἐναντία
383 1563 610 1634 δύναμις
658 1567 1030 1637 προτρεπτική
1073 1566 1255 1629 ἐστιν,
1316 1567 1416 1620 οὐκ
1463 1567 1704 1635 ἀναγκα-

129 1654 309 1726 στικὴ,
356 1656 452 1710 καὶ
502 1657 622 1711 θεία
656 1658 817 1727 χάρις
867 1658 1242 1729 προτρεπτική
1277 1657 1417 1710 ἐστι.
1449 1656 1597 1727 Lego
1630 1656 1701 1710 ob

126 1747 415 1804 meliorem
450 1750 852 1804 connexionem
891 1767 905 1802 :
941 1749 1126 1820 ἐπειδὴ
1153 1744 1267 1814 οὖν,
1300 1749 1375 1813 ὡς
1404 1750 1437 1819 ἡ
1481 1749 1702 1803 ἐναντία

124 1836 373 1907 δύναμις,
408 1840 500 1891 καὶ
533 1840 566 1909 ή
600 1837 719 1891 θεία
744 1839 900 1909 χάρις
944 1840 1315 1911 προτρεπτική
1361 1840 1499 1902 ἐστι,
1536 1838 1707 1892 διὰτὸ
1740 1825 1781 1881 Β

122 1930 466 1997 αὐτεξούσιον
499 1932 591 1985 καὶ
623 1930 768 1983 λιτὸν
798 1931 897 2001 τῆς
938 1930 1174 2000 φύσεως,
1208 1932 1396 1985 λοιπον
1448 1933 1543 1986 ὲάν
1578 1939 1687 1987 cet.

121 2025 191 2079 Ita
240 2025 427 2079 omnia
477 2025 794 2079 cohaerent.
856 2026 965 2080 Pro
1009 2025 1152 2077 λιτὸν
1183 2026 1369 2079 malim
1409 2025 1704 2090 αὑταίτιον,

119 2117 267 2187 quod
308 2117 455 2172 idem
489 2116 604 2171 fere
630 2126 715 2171 est
765 2132 830 2171 ac
862 2116 1226 2183 αὐτεξούσιον,
1263 2127 1462 2172 notans
1486 2118 1708 2173 Iiberta-

118 2218 231 2263 tem
263 2208 569 2263 arbitrandi
595 2215 651 2262 et
674 2208 1026 2263 decernendi.
1051 2209 1158 2263 Pro
1193 2226 1303 2278 quo
1328 2211 1382 2263 in
1405 2208 1605 2279 Opusc.
1632 2226 1705 2264 vn

115 2317 239 2371 cap.
302 2301 339 2355 3
386 2309 472 2356 est
511 2300 794 2372 ἐλεύθερον
838 2302 930 2354 καὶ
954 2302 1314 2366 αὐτεξούσιον.
1345 2302 1545 2358 Allines
1578 2310 1705 2357 sunt

113 2394 311 2449 literae
343 2394 386 2445 Α
410 2402 466 2447 et
492 2393 535 2445 Λ
562 2408 821 2463 graecae;
857 2393 981 2448 inde
1008 2410 1181 2459 error,
1205 2410 1302 2464 per
1320 2396 1704 2466 compendium

112 2483 400 2539 scribendi
449 2483 689 2553 adjutus.
733 2483 801 2537 Et
830 2484 1085 2539 similiter
1122 2494 1367 2540 erratum
1396 2502 1516 2541 esse
1545 2486 1706 2541 vide-

113 2583 199 2629 tur
244 2577 413 2645 paulo
462 2582 585 2645 post
617 2575 673 2629 in
706 2575 900 2631 eodem
957 2575 1157 2646 Opusc.
1196 2576 1219 2631 Ι
1262 2596 1275 2630 :
1312 2578 1497 2649 ἐπειδὴ
1529 2576 1706 2648 ἑαυτῷ

112 2668 330 2738 ἐγίνετο
373 2670 402 2721 ὁ
432 2666 717 2738 ἅνθρωπος
754 2668 925 2731 αἴτιος
968 2668 1063 2721 τοῦ
1102 2668 1307 2737 ἀγαθοῦ
1333 2686 1345 2701 ’
1376 2669 1552 2739 αὐτῆς
1596 2669 1704 2741 γάρ

111 2757 226 2810 ἐστι
272 2759 381 2829 τῆς
409 2757 623 2827 φύσεως
652 2751 824 2821 οὗτος.
848 2759 954 2813 Pro
989 2759 1190 2829 quibus
1217 2760 1506 2831 legendum
1531 2768 1664 2829 puto
1687 2778 1701 2813 :

112 2847 471 2913 αύτεξουσίου
511 2849 619 2921 γάρ
675 2851 795 2902 ἐστι
860 2849 958 2920 τῆς
1010 2850 1243 2918 φύσεως.
1303 2852 1438 2906 Nam
1486 2853 1705 2922 vulgata

109 2942 392 3011 scriptura
435 2941 674 2996 obscuro
725 2956 909 2996 sensu.
944 2943 1011 2997 Et
1047 2943 1230 3013 priora
1277 2943 1499 3013 quidem
1536 2945 1705 2999 verba

108 3048 217 3088 non
247 3043 465 3089 temere
496 3032 813 3104 accipienda
871 3042 1019 3100 sunt,
1067 3050 1138 3089 ne
1178 3034 1361 3090 minus
1394 3036 1703 3107 pelagizare

108 3123 434 3179 videantur.

174 3237 307 3293 CAP.
359 3238 477 3293 XIII
526 3257 540 3293 :
589 3240 682 3292 καὶ
730 3237 902 3303 οὕτως
961 3237 997 3292 ἃ
1035 3236 1131 3291 νῦν
1179 3237 1318 3308 μετὰ
1351 3237 1471 3308 βίας
1498 3238 1593 3293 καὶ
1627 3237 1702 3310 μὴ

110 3330 383 3402 θελούσης
438 3332 534 3402 τῆς
575 3332 803 3402 καρδίας
870 3333 1052 3394 ποιεῖ,
1105 3329 1304 3394 ἐθίζειν
1355 3330 1548 3383 ἑαυτὸν
1609 3328 1700 3384 διὰ

107 3421 320 3485 παντὸς
375 3423 454 3485 είς
500 3421 561 3475 τὸ
612 3421 812 3491 ἀγαθὸν
844 3423 938 3475 καὶ
986 3421 1078 3475 τοῦ
1123 3421 1329 3493 Κυρίου
1368 3423 1455 3475 ἀεὶ
1496 3438 1707 3492 μνημο-

108 3513 313 3577 νεύειν,
350 3516 444 3567 καὶ
466 3514 768 3586 προσδοκᾷν
786 3514 950 3568 αὐτὸν
968 3514 1056 3567 διὰ
1079 3515 1280 3577 παντὸς
1305 3515 1362 3566 ὲν
1383 3514 1550 3585 πολλῇ
1576 3510 1708 3582 ἁγα-

104 3604 294 3672 θὸτητι
338 3606 435 3658 καὶ
459 3606 665 3677 ἀγάπῃ.
688 3606 879 3662 Versio
903 3626 915 3661 :
948 3606 1018 3661 Et
1047 3607 1120 3659 sic
1142 3623 1278 3677 quae
1305 3624 1444 3659 nunc
1478 3623 1570 3677 per
1596 3608 1702 3660 vim

105 3704 154 3748 et
205 3697 376 3750 corde
408 3698 572 3751 invito
622 3698 770 3768 facit,
825 3698 1181 3768 adsuefacient
1234 3699 1405 3769 ipsum
1460 3700 1515 3751 in
1555 3714 1707 3752 omne

105 3796 318 3858 tempus
368 3788 437 3841 ad
478 3788 690 3853 bonum,
730 3799 778 3843 et
814 3789 884 3843 ad
928 3805 1131 3859 semper
1171 3789 1343 3842 vivam
1372 3787 1468 3841 Dei
1506 3803 1706 3855 memo-

103 3882 244 3935 riam
296 3881 640 3947 habendam,
686 3889 734 3935 et
771 3883 1176 3953 exspectandum
1225 3898 1344 3936 eum
1396 3898 1600 3952 semper
1648 3882 1705 3936 in

101 3971 279 4026 multa
326 3972 561 4027 bonitate
604 3980 653 4026 et
685 3975 930 4027 caritate.
982 3972 1086 4028 Ubi
1134 3989 1326 4028 sensus
1363 3980 1447 4027 sat
1498 3974 1700 4039 bonus,

102 4065 273 4119 modo
306 4080 442 4119 eum
474 4081 665 4135 graeca
702 4074 1044 4135 paterentur.
1068 4064 1203 4120 Nam
1234 4064 1445 4135 integra
1473 4073 1701 4119 senten-

101 4157 178 4210 tia
211 4156 431 4211 omissa
456 4164 541 4211 est
571 4172 638 4211 ex
660 4156 1199 4221 oscitantialibrarii,
1230 4171 1298 4211 ex
1327 4156 1561 4211 Ilomilia
1588 4174 1698 4221 ΠΧ,

100 4243 199 4296 ubi
240 4244 436 4299 omnia
486 4244 679 4299 eadem
727 4244 1002 4299 habentur
1053 4244 1155 4313 §2,
1188 4244 1484 4314 repetenda
1519 4255 1574 4300 et
1612 4263 1701 4301 re-

98 4334 417 4409 stituenda.
459 4334 683 4404 Legitur
721 4335 869 4389 enim
908 4334 984 4389 ibi
1038 4335 1111 4389 ita
1161 4352 1175 4388 :
1216 4336 1310 4388 καὶ
1337 4335 1509 4400 οὕτως
1538 4334 1573 4391 ἃ
1606 4336 1701 4391 νῦν

104 4427 249 4499 μετά
299 4427 433 4499 βίας
479 4427 719 4498 ἀκούσης
774 4428 875 4496 τῆς
936 4427 1163 4497 καρδίας
1212 4431 1391 4493 ποιεῖ,
1437 4429 1699 4493 ἑκουσίως

98 4519 314 4588 πράξει
363 4519 513 4587 ποτὲ,
547 4518 737 4582 ἐθίζων
767 4518 916 4590 [Pag.
946 4518 1037 4591 ll]
1058 4519 1249 4572 ἑαυτὸν
1281 4520 1366 4573 διὰ
1400 4521 1599 4584 παντὸς
1619 4523 1697 4583 είς
1730 4549 1771 4602 D

98 4610 160 4663 τὸ
190 4609 436 4678 ἀγαθὸν,
478 4611 570 4661 καὶ
620 4609 712 4662 τοῦ
748 4611 949 4681 Κυρίου
1008 4610 1360 4682 μνημονεύων
1409 4620 1515 4666 cet.
1555 4612 1693 4667 IIinc

99 4702 155 4755 in
189 4701 411 4773 Opusc.
444 4701 465 4755 Ι
501 4703 792 4773 legendum
827 4720 838 4755 :
984 4704 1082 4773 τῆς
1109 4704 1334 4774 καρδίας
1360 4708 1520 4769 ποιεῖ,
1544 4707 1699 4758 ἑκου-

102 4792 238 4854 σίως
274 4790 484 4862 πράξει
518 4792 669 4857 ποτὲ,
694 4791 975 4855 ἑθίξων....
1023 4795 1375 4864 μνημονεύων
1405 4796 1499 4847 καὶ
1530 4813 1697 4864 προσ-

96 4880 283 4936 δοκῶν
344 4889 454 4935 cet.
511 4881 590 4940 Ita
651 4890 801 4935 recte
853 4884 965 4953 jam
1018 4884 1240 4938 habent.
1289 4885 1456 4939 Paulo
1511 4895 1634 4955 post
1682 4903 1695 4939 :

107 4978 327 5053 μᾶλλον
369 4977 424 5032 δὲ
468 4979 497 5031 ὁ
532 4976 738 5047 Κύριος
781 4982 928 5031 ποιεῖ
954 4981 1012 5033 ἐν
1051 4979 1199 5049 αύτῷ
1237 4980 1334 5042 τὰς
1366 4980 1502 5043 ἰδίας
1534 4979 1699 5034 αὐτοῦ

100 5068 348 5131 ἐντολὰς
378 5108 392 5131 ,
460 5067 555 5120 καὶ
601 5069 729 5131 τοὺς
785 5070 1031 5139 καρποὺς
1077 5070 1170 5121 τοῦ
1214 5068 1559 5139 πνεύματος,
1613 5072 1701 5123 ὅτε

98 5164 471 5234 καρποφορεῖ
513 5159 788 5230 καθαρῶς.
824 5160 1140 5231 Legendum
1179 5163 1311 5215 τότε
1336 5166 1699 5235 καρποφορεῖ,

100 5268 317 5323 nempe
358 5252 482 5305 talis
512 5252 685 5304 homo.
728 5251 803 5304 Ita
835 5268 945 5305 non
985 5254 1161 5307 solum
1204 5253 1256 5306 in
1292 5253 1525 5307 Ilomilia
1557 5254 1702 5307 exci-

99 5355 215 5403 tata
258 5346 493 5414 legitur,
545 5343 643 5397 sed
687 5350 743 5397 et
777 5343 893 5412 ipsa
944 5343 1213 5398 connexio
1238 5346 1412 5415 jubet.
1465 5346 1636 5400 Porro
1681 5364 1693 5398 :

100 5438 199 5490 καὶ
239 5435 597 5500 ἁπαξαπλῶς
635 5440 794 5507 τηρεῖ
845 5436 994 5505 αὐτῷ
1033 5436 1122 5488 τὸν
1155 5436 1363 5505 καρπὸν
1388 5436 1481 5489 τοῦ
1534 5436 1698 5490 πνεύ-

102 5546 307 5598 ματος.
375 5527 693 5597 Legendum
746 5544 812 5582 ex
880 5527 1112 5582 Ilomilia
1174 5536 1231 5581 et
1301 5526 1577 5596 Opusculo
1610 5529 1702 5583 VII

99 5634 231 5689 cap.
285 5618 365 5671 18
403 5637 415 5671 :
468 5619 667 5688 πληροί
700 5619 861 5673 αὐτὸν
890 5620 997 5672 τῶν
1032 5618 1277 5689 καρπῶν.
1310 5619 1513 5672 Vitium
1541 5636 1571 5673 a
1619 5620 1675 5673 di
1704 5657 1707 5659 -

100 5720 303 5766 etanta
345 5710 518 5764 venit.
580 5710 708 5765 Post
742 5728 841 5780 pro
880 5730 892 5762 :
931 5711 1035 5780 χρὴ
1072 5710 1178 5781 γὰρ
1223 5710 1472 5771 ἕκαστον,
1521 5711 1707 5783 ὥσπερ

104 5804 185 5871 είς
207 5802 322 5873 τὴν
380 5800 542 5871 εὐχὴν
585 5801 827 5871 βιάζεται
873 5802 1060 5857 ἑαυτὸν
1091 5804 1180 5859 καὶ
1220 5802 1375 5873 ἄγχει
1410 5813 1513 5861 cet.
1526 5845 1539 5871 ,
1577 5804 1704 5861 licet

1826 553 2106 624 Opusculo
2136 556 2227 611 VII
2259 556 2633 613 restituendus
2664 565 2750 612 est
2777 557 3084 614 inﬁnitivus
3110 559 3394 629 βιάζεσθαι

1819 648 1913 700 καὶ
1951 647 2158 717 ἄγχειν.
2205 648 2414 703 Ibidem
2471 664 2570 719 pro
2629 667 2642 703 :
2692 650 2835 703 κατὰ
2875 650 2936 702 τὸ
2980 653 3395 723 γεγραμμένον,

1819 739 1967 808 quod
2012 739 2181 795 etiam
2213 741 2271 795 in
2310 741 2544 795 Ilomilia
2598 741 2675 795 ita
2727 741 2952 812 legitur,
2987 744 3393 799 restituendum

1816 832 2035 887 videtur
2086 833 2227 887 κατὰ
2264 834 2324 886 τὸ
2355 834 2663 905 εἰρημένον,
2690 835 2833 904 quia
2855 834 2913 889 in
2950 843 3064 890 toto
3098 836 3163 890 N.
3197 836 3262 890 T.
3288 839 3398 892 tale

1815 922 1950 993 quid
2005 939 2115 978 non
2145 932 2342 990 exstat,
2374 933 2432 980 et
2469 925 2525 978 in
2574 924 2775 996 Opusc.
2814 926 2906 981 VII
2928 927 3129 998 legitur
3163 928 3300 1000 πρὸς
3326 928 3397 983 τὰ

1815 1016 2104 1088 εἰρημένα,
2145 1018 2290 1072 unde
2345 1017 2531 1083 ﬁdem,
2570 1019 2758 1084 credo,
2789 1018 3021 1075 fecimus
3048 1022 3398 1091 conjecturae

1814 1119 2054 1165 nostrae.
2112 1111 2360 1180 Denique
2396 1128 2409 1164 :
2447 1111 2507 1164 τὺ
2532 1112 2718 1166 λοιπὸν
2742 1111 2852 1183 γὰρ
2893 1112 3062 1165 ἐλθὼν
3094 1116 3122 1166 ὁ
3164 1113 3393 1184 Κύριος,

1812 1200 1982 1255 ἐλθὼν
2037 1203 2133 1256 καὶ
2165 1202 2459 1273 γενόμενος
2488 1203 2547 1256 ὲν
2579 1203 2749 1275 αὐτῷ.
2800 1203 2913 1259 Aut
2951 1205 3184 1259 alterum
3222 1203 3396 1258 ἐλθὼν

1813 1292 2167 1358 eiiciendum,
2197 1302 2292 1348 aut
2319 1294 2611 1363 legendum
2652 1296 2680 1347 ὁ
2712 1293 2917 1364 Κύριος
2936 1294 3077 1348 κατὰ
3104 1295 3203 1365 τὴν
3230 1297 3400 1365 ἑπαγ-

1810 1384 2017 1454 γελίαν,
2057 1386 2154 1439 καὶ⁹
2181 1386 2471 1455 γενόμενος
2501 1393 2631 1448 cet.,
2660 1393 2722 1439 ut
2746 1393 2923 1441 exstat
2956 1386 3012 1439 in
3045 1385 3245 1456 Opusc.
3277 1388 3392 1454 VII;

1808 1488 1865 1534 et
1908 1479 2191 1548 corruptio
2220 1479 2439 1548 quidem
2472 1478 2665 1533 facilis.

1878 1568 2153 1625 CAPXIIII
2169 1570 2334 1640 paulo
2366 1578 2491 1640 post
2510 1569 2726 1624 initium
2745 1585 2843 1641 pro
2856 1570 2888 1642 ἢ
2902 1569 3201 1640 ἀπόλειτὴν
3213 1571 3395 1642 χάριν,

1807 1658 2127 1730 ἢλαμὸἁνει
2142 1660 2236 1713 καὶ
2247 1659 2432 1713 πίπτει
2452 1660 2662 1731 legezijv
2684 1659 2861 1723 ἔλαϐε,
2888 1660 2983 1712 καὶ
3002 1660 3211 1712 πίπτει·
3230 1659 3391 1729 ἢζοοί.

1807 1749 1876 1804 Et
1898 1750 2063 1819 paulo
2078 1759 2231 1819 post:
2252 1748 2554 1818 ὀφείλουσιν
2573 1747 2665 1803 οὖν
2701 1750 3010 1821 βουλόμενοι
3043 1750 3102 1815 ἐξ
3127 1750 3395 1820 ἀληθείας

1811 1840 2169 1912 εὐαρεστῆσαι
2198 1840 2277 1911 τῷ
2304 1840 2477 1911 θεῷ...
2500 1843 2593 1895 καὶ
2611 1842 2888 1912 βιάζεσθαι
2923 1842 3137 1912 πρῶτον
3159 1843 3350 1895 ἑαυτόν
3375 1861 3390 1896 :

1812 1931 1935 1986 dele
1982 1932 2076 1984 καὶ
2122 1938 2249 1985 ante
2281 1931 2601 2000 βιάζεσθαι,
2638 1942 2693 1986 et
2720 1949 2859 2002 pone
2890 1949 2991 2002 pro
3022 1948 3089 1987 eo
3116 1934 3298 1997 colon,
3334 1940 3392 1987 et

1810 2037 1913 2091 pro
1951 2019 2141 2073 ἑαυτὸν
2179 2019 2329 2091 [Pag.
2360 2020 2449 2091 12]
2481 2023 2600 2091 lege
2628 2022 2883 2085 ἑαυτούςς
2914 2040 3038 2076 nam
3064 2025 3304 2093 pertinet
3322 2024 3393 2079 ad

1815 2114 2149 2184 βουλόμενοι.
2185 2114 2447 2183 Sequitur
2481 2121 2669 2184 postea
2701 2132 2714 2167 :
2746 2114 2952 2184 μεγάλη
2990 2114 3195 2184 ὕψωσις
3232 2118 3263 2187 ἡ
3300 2135 3396 2173 τα-

1811 2205 2101 2268 πείνωσιςσ
2142 2204 2237 2258 καὶ⁹
2267 2203 2517 2275 τιμιότης
2567 2204 2660 2256 καὶ
2695 2204 2912 2273 ἀξίωμα
2957 2206 2990 2275 ἡ
3035 2222 3395 2276 ταπεινοφρο-

1812 2297 1967 2367 σύνη.
1994 2296 2101 2350 Pro
2128 2311 2239 2365 quo
2267 2295 2323 2349 in
2354 2294 2590 2349 Ilomilia
2622 2294 2785 2348 citata
2810 2295 2991 2367 [lion].
3029 2312 3117 2349 χιχ
3157 2296 3182 2367 §
3225 2296 3279 2368 8]
3309 2297 3395 2351 le-

1811 2390 1956 2459 gitur
2001 2406 2013 2441 :
2061 2386 2273 2458 μεγάλη
2319 2385 2647 2450 ταπείνωσις
2701 2388 2735 2457 ἡ
2790 2387 3241 2457 ὑψηλοφροσύνηο
3297 2387 3394 2441 καὶ

1814 2482 2025 2554 μεγάλη
2063 2480 2271 2550 ὖψωσις
2311 2482 2407 2533 καὶ
2461 2481 2711 2552 τιμιότης
2755 2466 2851 2533 καὶ
2900 2479 3115 2549 ἀξίωμα
3148 2482 3396 2552 ἡταπει-

1810 2573 2153 2645 νοιρροσύνηε
2200 2573 2455 2627 similiter
2499 2581 2675 2629 exstat
2702 2574 2758 2626 in
2794 2571 2996 2641 Opusc.
3026 2573 3118 2626 VII
3153 2588 3271 2642 cap.
3302 2572 3390 2627 19.

1810 2666 1988 2735 Atque
2023 2666 2129 2720 hoc
2157 2666 2359 2720 melius
2399 2681 2522 2720 esse
2550 2666 2791 2720 videtur.
2832 2666 2901 2718 Et
2935 2664 3001 2718 ad
3028 2664 3191 2718 ﬁnem
3227 2679 3394 2733 porro

1810 2757 2011 2827 legitur
2040 2756 2173 2809 ικαὶ
2210 2755 2384 2819 οὕτως
2410 2755 2517 2808 τῶν
2550 2755 2783 2808 ἐντολῶν
2812 2754 2904 2806 τοῦ
2938 2754 3143 2823 Κυρίου
3175 2753 3392 2825 πληρω-

1812 2847 2006 2902 θεισῶν
2053 2848 2137 2916 ἐφ’
2175 2848 2328 2917 ἡμῖν.
2376 2847 2486 2902 Pro
2524 2862 2634 2915 quo
2675 2845 2969 2916 legendum
2999 2844 3087 2912 ὑφ’
3120 2844 3296 2914 ήμῶν,
3332 2852 3392 2898 ut

1809 2938 1973 2994 etiam
2019 2937 2076 2991 in
2123 2936 2360 2991 Ilomilia
2409 2944 2603 2992 exstat.
2649 2936 2796 2991 Haec
2841 2934 3082 2989 breviter
3140 2933 3209 2987 ad
3253 2934 3391 2988 Ιωιιω

1810 3028 2170 3100 Opuseulum.

1881 3118 1959 3173 An
2017 3133 2289 3173 secessum
2337 3115 2689 3181 Oruscuwu,
2743 3115 2883 3184 Περὶ
2915 3116 3284 3181 τελειότητος
3322 3113 3394 3167 ἐν

1809 3210 2122 3279 πνεύματι,
2159 3224 2332 3280 pauca
2368 3217 2426 3263 et
2454 3208 2601 3264 levia
2646 3208 2778 3263 item
2819 3208 2996 3262 habeo
3030 3221 3170 3276 quae
3204 3204 3390 3275 profe-

1809 3320 1947 3360 ram.

1877 3414 2003 3470 CAP.
2059 3415 2102 3471 V
2154 3414 2358 3485 legitur
2400 3412 2563 3482 vulgo
2599 3420 2655 3467 et
2689 3411 3052 3482 distinguitur
3080 3426 3093 3462 :
3119 3404 3227 3463 οἶδε
3257 3407 3388 3480 γὰρ,

1808 3508 1971 3578 φησιν
2004 3508 2038 3579 ὴ
2079 3506 2284 3577 γραφὴ,
2318 3505 2388 3558 τὰ
2424 3503 2634 3576 κρύφια
2683 3502 2855 3555 ταῦτα
2878 3503 2977 3573 τῆς
3012 3500 3191 3571 ψυχῆς
3208 3501 3390 3571 ἀμαρ-

1804 3600 2022 3670 τήματα
2077 3600 2135 3652 ὲν
2183 3599 2285 3668 ἴσῳ
2332 3599 2443 3659 τοῖς
2502 3596 2658 3659 ἐκτὸς
2711 3594 2980 3659 τίθεσθαι,
3024 3609 3093 3648 ex
3132 3593 3390 3647 versione

1804 3688 2015 3759 vulgari
2068 3688 2143 3743 ita
2189 3688 2320 3742 item
2363 3687 2621 3741 distincta
2663 3685 2866 3739 :Novit
2918 3685 3077 3748 enim,
3112 3684 3187 3737 ait
3241 3681 3390 3736 Scri-

1806 3790 1985 3852 ptura,
2016 3779 2220 3833 occulta
2253 3781 2380 3833 haec
2421 3780 2634 3832 animae
2679 3786 2893 3848 peccata
2941 3777 3062 3847 pari
3117 3775 3228 3829 loco
3268 3791 3389 3828 cum

1806 3873 2034 3924 externis
2074 3870 2329 3923 Dominus
2362 3885 2590 3924 censere.
2624 3868 2728 3923 Ubi
2778 3867 2917 3921 adeo
2946 3865 3151 3936 Κύριος
3177 3866 3318 3919 male
3348 3879 3381 3919 a

1817 3961 2186 4032 sequentibus
2208 3961 2502 4031 abruptum
2528 3969 2585 4014 et
2612 3960 2722 4013 huc
2745 3965 2980 4012 tractum
2997 3966 3100 4022 est,
3128 3957 3256 4026 quia
3288 3955 3391 4011 ali-

1807 4061 1893 4108 ter
1937 4053 2127 4108 deerat
2183 4053 2492 4122 subjectum
2548 4050 2606 4104 in
2657 4049 2892 4104 ratione.
2927 4047 3035 4103 Sed
3074 4061 3384 4116 perperam.

1803 4148 1922 4203 Vox
1954 4147 2087 4217 φησὶ
2133 4146 2361 4201 minime
2404 4144 2473 4199 ad
2519 4144 2707 4215 γραφὴ
2741 4142 3014 4213 pertinet,
3048 4139 3145 4194 sed
3172 4147 3257 4193 est
3290 4138 3387 4194 illa

1804 4239 2084 4295 sollemnis
2142 4238 2200 4292 in
2254 4238 2341 4292 his
2392 4236 2683 4307 Opusculis
2739 4235 2993 4298 formula,
3046 4248 3154 4302 qua
3200 4230 3383 4285 scriba

1802 4341 1898 4386 aut
1928 4330 2191 4385 collector
2224 4330 2423 4383 horum
2459 4329 2889 4382 Maearianorum
2938 4326 3149 4389 innuit,
3200 4324 3381 4378 Maca-

1803 4425 1945 4477 rium
1988 4423 2092 4476 hoc
2122 4421 2256 4476 illud
2287 4436 2538 4476 sermone
2568 4419 2895 4475 celebrasse.
2938 4417 3220 4486 Distingue
3250 4430 3383 4487 ergo

1802 4516 1875 4569 ita
1910 4532 1921 4566 :
1958 4510 2064 4567 οἶδε
2091 4513 2222 4584 γὰρ,
2259 4513 2422 4581 φησὶν
2458 4510 2806 4583 [Μακάριος],
2849 4511 2882 4577 ἡ
2912 4510 3098 4580 γραφὴ
3136 4508 3206 4562 τὰ
3243 4508 3380 4574 κρύ-

1802 4624 1966 4675 φια...
2000 4603 2266 4665 τίθεσθαι,
2333 4604 2473 4656 novit
2518 4603 2659 4655 enim
2693 4600 2969 4671 Scriptura
3010 4601 3136 4654 haec
3172 4598 3379 4654 occulta

1800 4700 2009 4752 animae
2054 4699 2182 4751 vitia
2212 4699 2331 4769 pari
2362 4702 2415 4750 in
2454 4697 2643 4766 pretio,
2681 4713 2743 4747 ac
2774 4694 2873 4747 illa
2915 4702 3132 4747 externa
3164 4709 3376 4763 ponere.

1803 4789 2101 4859 Sequentia
2151 4789 2371 4853 docent,
2410 4788 2559 4841 hunc
2596 4802 2717 4841 esse
2750 4801 2944 4840 verum
2983 4801 3241 4847 sensum,
3277 4782 3373 4837 ubi

1805 4878 2097 4947 alligantur
2137 4878 2346 4946 aliquot
2384 4877 2627 4929 carmina
2667 4875 2983 4945 Seripturae
3020 4874 3089 4927 de
3143 4872 3377 4927 occultis

1804 4970 2005 5023 talibus
2042 4968 2192 5022 vitiis
2230 4968 2379 5039 [Pag
2429 4966 2519 5037 15]
2551 4965 2984 5036 pronuntiantia.
3023 4964 3217 5018 Statim
3252 4970 3377 5033 post

1803 5063 1908 5117 ista
1967 5063 2215 5133 sequitur
2270 5069 2565 5131 corruptus
2619 5061 2748 5114 item
2788 5060 2943 5114 locus
2977 5074 2991 5110 :
3025 5056 3250 5110 καὶτῶν
3280 5057 3377 5109 λαο

1803 5156 2038 5209 λούντων
2062 5156 2282 5226 εἰρήνην
2336 5155 2472 5225 μετὰ
2510 5154 2619 5207 τῶν
2672 5152 2900 5221 πλησίον
2946 5150 3145 5213 αὐτῶν,
3185 5150 3377 5203 καὶτὰ

1804 5249 1929 5317 ἑξῆς
1949 5267 1961 5279 ·
1994 5248 2087 5300 καὶ
2117 5248 2280 5300 πάλιν
2306 5265 2320 5279 ο
2366 5247 2457 5299 καὶ
2489 5246 2597 5316 γὰρ
2636 5247 2693 5297 ὲν
2722 5243 2919 5313 καρδίᾳ
2951 5241 3179 5311 ἀνομίας
3208 5240 3376 5311 ἐργά-

1807 5341 1992 5406 ζεσθαι
2029 5342 2085 5393 ὲν
2114 5342 2180 5410 τῇ
2210 5342 2300 5410 γῇ.
2342 5338 2445 5393 Ubi
2470 5338 2708 5407 primum
2741 5351 2934 5389 sensus
2972 5350 3082 5387 non
3111 5331 3377 5402 exprimi—

1807 5443 1917 5498 tur,
1963 5433 2056 5503 qui
2108 5432 2163 5485 in
2200 5432 2413 5485 Psalmo
2461 5437 2565 5495 est,
2601 5429 2809 5483 scilicet
2857 5443 2973 5492 eos,
3014 5428 3107 5497 qui
3138 5425 3284 5479 aliud
3327 5430 3382 5483 in

1805 5536 2047 5597 pectore,
2081 5539 2242 5593 quam
2278 5523 2333 5577 in
2366 5523 2549 5593 lingua
2590 5523 2846 5588 habeant,
2882 5537 2911 5575 a
2943 5520 3056 5574 Deo
3090 5518 3378 5589 insigniter

1808 5619 2012 5690 puniri,
2047 5627 2106 5671 ut
2144 5618 2281 5671 alios
2312 5624 2499 5685 aperte
2534 5625 2872 5685 peccatores.
2904 5606 3110 5668 Deinde
3140 5611 3377 5667 efﬁcitur

1809 5710 1963 5781 quasi
2010 5709 2150 5763 alius
2183 5709 2336 5762 locus
2378 5725 2389 5759 :
2428 5709 2486 5761 ἐν
2539 5706 2735 5777 καρδίᾳ
2777 5704 3005 5772 ἀνομίας
3046 5701 3376 5775 ἐργάζεσθαι

1812 5807 1869 5860 ὲν
1902 5806 1968 5875 τῇ
2005 5806 2096 5875 γῇ,
2132 5818 2294 5874 quem
2330 5809 2383 5856 et
2414 5800 2593 5857 versio
2637 5798 2805 5854 latina
2834 5797 2909 5854 ita
2938 5795 3215 5867 exprimit,
3251 5809 3377 5849 cum
