3950 6544
643 207 670 223 α

682 325 749 379 79
1936 328 2031 385 ιο.
2058 328 2222 413 ,SAL.

2265 326 2628 387 SEMLERUS
3726 341 3806 401 ἓν)

645 436 750 490 tale
780 435 986 491 dictum
1027 453 1138 491 non
1191 438 1525 505 inveniatur,
1553 442 1688 495 etsi
1739 442 2097 509 inveniretur,
2132 452 2213 498 ta-
2240 443 2545 513 Aipsorum
2600 451 2648 497 et
2708 441 3049 496 cadaveribus
3110 442 3167 495 in
3219 440 3439 495 deserto.
3487 442 3575 508 Ita,
3620 446 3807 522 inquam,

640 544 769 582 men
789 530 858 583 ad
890 546 1003 585 rem
1034 540 1316 586 tractatam
1346 550 1455 587 non
1493 535 1782 603 pertineat.
1813 535 1951 590 Iline
1977 543 2103 591 ante
2124 536 2217 588 λα-

646 623 880 676 λούντων
906 624 1221 693 reponenda
1250 635 1396 689 sunt,
1420 642 1558 695 quae
1583 636 1802 681 exstant
1826 628 1879 681 in
1907 629 1995 682 Ps.
2026 645 2213 693 xxvnl,

644 713 710 767 ὃς
743 714 833 783 Μὴ
864 714 1196 787 συνελκύσης
1226 715 1367 785 μετὰ
1400 719 1735 788 ἁμαρτωλῶν
1763 720 1860 790 τὴν
1885 722 2063 791 ψυχήν
2092 740 2216 792 μου,

646 807 742 858 καὶ
778 806 912 876 μετὰ
944 807 1326 875 ἐργαζομένων
1361 809 1576 861 ἀδικίαν
1610 809 1683 880 μὴ
1724 812 2096 883 συναπολέσης
2126 831 2216 883 με,

646 898 756 951 ⁸τῶν
784 896 1083 949 λαλούντων
1136 905 1269 961 cet.,
1304 897 1537 953 delenda
1562 916 1691 955 vero
1711 911 1839 956 sunt
1864 905 1920 955 ὲν
1950 904 2216 974 καρδίᾳ...

645 991 711 1057 τῇ
742 990 833 1057 γῇ.
863 987 997 1041 Nam
1021 988 1248 1057 ἀνομίας
1282 990 1367 1043 vel
1402 990 1634 1061 ἀνομίαν
1671 1000 1790 1046 erat
1813 994 2031 1049 varians
2055 996 2219 1051 lectio

646 1076 738 1129 τοῦ
768 1076 1006 1130 ἀδικίαν
1039 1077 1095 1130 in
1126 1078 1362 1144 Psalmo,
1401 1088 1457 1135 et
1491 1091 1674 1136 cetera
1709 1094 1965 1153 corrupta
1998 1085 2219 1139 aliunde

646 1178 794 1232 sunt,
828 1170 1125 1223 memoriae
1176 1171 1311 1225 vitio
1358 1173 1649 1226 maximam
1689 1184 1922 1243 partem,
1956 1176 2051 1230 ubi
2080 1178 2221 1232 alius

540 1275 559 1297 ο
646 1261 812 1315 citata
850 1262 1009 1315 aliter
1040 1263 1295 1332 explevit.
1330 1265 1465 1318 Nam
1519 1282 1628 1319 non
1676 1267 1890 1337 integer
1927 1270 2082 1324 locus
2115 1286 2215 1339 ap-

645 1353 862 1421 positus
900 1352 1035 1416 fuit,
1069 1354 1164 1408 sed
1201 1364 1411 1409 tantum
1455 1356 1629 1425 prima
1671 1359 1869 1422 verba,
1906 1366 1961 1413 et
2007 1360 2220 1429 signum

646 1444 916 1498 orationis
948 1445 1213 1514 abruptae
1274 1464 1328 1499 κ.
1380 1464 1431 1499 τ.
1488 1465 1532 1500 ε.
1587 1448 1711 1502 Mox
1766 1450 2064 1519 sequitur:
2101 1453 2223 1503 ἐπεὶ

647 1534 767 1598 πῶς
823 1535 1047 1589 δυνατὸν
1093 1537 1564 1607 ἁγαθοεργοῦντας
1609 1539 1819 1593 ἐσάπαν
1866 1540 2084 1605 λαθεῖν,
2121 1559 2222 1612 pro

648 1640 760 1694 quo
820 1626 1021 1679 melius
1070 1628 1175 1697 legi
1214 1627 1432 1682 videtur
1478 1644 1640 1699 posse
1679 1648 1692 1683 :
1730 1631 1903 1693 εἴποις
1942 1632 2057 1694 πῶς
2086 1641 2219 1698 cet.,

648 1717 807 1770 dices.
864 1716 998 1770 Nam
1048 1718 1172 1769 ἐπεὶ
1229 1727 1380 1774 caret
1429 1720 1809 1786 connexione,
1845 1738 2009 1791 quam
2042 1732 2223 1779 tamen

650 1807 937 1861 mentitur.

718 1895 844 1950 CAP.
902 1896 971 1951 XI
1002 1915 1014 1949 :
1044 1897 1166 1966 ἥτις
1198 1896 1428 1969 [ὲντολὴ,
1479 1914 1589 1953 non
1622 1900 1833 1970 ἀγάπη,
1894 1911 1956 1956 ut
2004 1902 2221 1973 supplet

647 1986 947 2059 interpres]
978 1989 1083 2040 ἀπὸ
1111 1989 1205 2057 τῆς
1240 1990 1385 2041 ἔνδον
1432 1990 1590 2060 ἡμῶν
1640 1992 1933 2056 διαθέσεως
1976 1995 2222 2066 συνειδή-

652 2078 789 2142 σεώς
819 2096 879 2132 τε
912 2080 1140 2149 ἀγαθῆς,
1173 2082 1267 2133 καὶ
1300 2082 1495 2150 ὑγειῶν
1521 2082 1630 2136 τῶν
1664 2084 1800 2156 πρὸς
1827 2084 1958 2138 Θεὸν
1983 2085 2219 2151 ἐννοιῶν,

652 2172 867 2241 συνάμα
921 2173 1014 2223 καὶ
1075 2171 1321 2242 βοηθείας
1373 2176 1853 2247 συνεφαπτομένης
1908 2179 2223 2232 συνίσταται

651 2272 758 2317 cet.
813 2263 956 2333 Lege
1002 2263 1250 2335 βοηθείας
1306 2266 1474 2330 θείας,
1516 2284 1643 2322 nam
1695 2269 1831 2324 haec
1881 2286 1987 2325 vox
2025 2286 2057 2325 a
2096 2271 2225 2343 βοη-

652 2353 801 2417 θείας
840 2355 1065 2425 syllabis
1099 2358 1392 2425 postremis
1428 2359 1686 2430 absorpta
1722 2369 1824 2415 est.

722 2446 800 2500 An
837 2446 1078 2502 Teanum
1123 2448 1458 2517 Opuscuwu,
1490 2452 1631 2520 Περὶ
1662 2453 2029 2525 προσευχῆς,
2052 2470 2224 2526 pauca

652 2535 789 2591 haec
816 2537 1086 2606 praefero.

723 2626 847 2681 CAP.
881 2627 924 2682 V
955 2645 966 2680 :
1001 2630 1047 2680 εἰ
1084 2628 1216 2699 μὴὴ
1250 2631 1710 2702 ταπεινοφροσύνῃ
1735 2633 1830 2686 καὶ
1871 2634 1902 2703 ἡ
1940 2634 2150 2705 ἀγάπη,
2186 2636 2220 2705 ἡ

654 2717 892 2787 ἁπλότης
934 2736 992 2770 τε
1045 2721 1137 2772 καὶ
1179 2721 1453 2792 ἀγαθότης
1497 2723 1898 2777 κατακολλῶσιν
1945 2724 2099 2797 [Pag.
2138 2726 2226 2800 14]

653 2809 786 2875 ἡμῖν
818 2810 916 2879 τὴν
950 2810 1110 2880 εὐχὴν
1144 2821 1272 2877 cet.,
1308 2813 1511 2867 Nisi....
1536 2815 1895 2885 conglutinent
1928 2817 2071 2871 nobis
2104 2835 2228 2872 ora-

654 2901 887 2965 tionem;
922 2917 1085 2955 sensu
1134 2919 1243 2957 non
1290 2905 1518 2974 Optimo.
1578 2906 1892 2977 Legendum
1949 2911 2225 2964 κατακαλ-

653 2992 861 3055 λιῶσιν,
891 3005 1098 3059 ornent,
1136 3004 1195 3049 ut
1223 2996 1297 3069 (a)
1324 3000 1380 3053 in
1406 3000 1605 3069 Opusc.
1642 3002 1660 3054 I
1692 3018 1810 3072 cap.
1839 3002 1871 3057 9
1907 3021 1919 3057 :
1951 3004 2045 3057 ἐὰν
2078 3006 2153 3075 μὴ
2180 3006 2213 3076 ἡ

654 3085 1120 3158 ταπεινοφροσύνη
1149 3090 1243 3141 καὶ
1273 3092 1305 3157 ἡ
1337 3091 1577 3160 ἁπλότης
1620 3094 1714 3145 καὶ
1740 3095 1773 3164 ἡ
1819 3094 2091 3165 ἀγαθότης
2124 3114 2226 3149 κα-

656 3178 984 3249 τακοσμήσῃ
1029 3181 1198 3248 ἡμᾶς.
1248 3179 1352 3236 Ubi
1406 3198 1509 3252 pro
1568 3185 1714 3254 ἡμᾶς
1767 3186 1905 3241 adde
1944 3189 2078 3257 ἡμῖν
2123 3190 2221 3259 τὴν

658 3265 843 3337 εὐχήν,
873 3281 933 3325 ut
953 3273 1262 3327 necessario
1287 3288 1480 3329 sensus
1507 3278 1747 3345 postulat
1777 3287 1833 3332 et
1858 3280 2078 3334 collatio
2105 3296 2229 3335 cum

655 3357 933 3428 Opusculo
963 3362 1067 3417 isto
1102 3363 1192 3417 Ill.
1246 3366 1484 3434 Κοσμέω
1508 3376 1565 3421 et
1591 3367 1821 3421 καλλιόω
1846 3369 2038 3423 eodem
2065 3386 2230 3426 sensu

657 3459 805 3506 sunt.
851 3452 919 3506 Et
957 3454 1010 3507 in
1051 3454 1155 3509 line
1188 3456 1381 3525 capitis
1423 3457 1653 3527 hujusV
1690 3475 1833 3528 pone
1880 3462 2095 3533 signum
2142 3465 2230 3519 in-

662 3544 1018 3613 terrogandi:
1070 3546 1143 3616 μὴ
1179 3547 1385 3615 ἀγνοῶν
1415 3549 1662 3617 φαίνεται
1705 3550 2051 3621 ψυχαγωγεῖν
2106 3556 2231 3607 ἐαυ-

656 3633 751 3684 τὸν
800 3636 1300 3706 παρακρουόμενος,
1343 3639 1438 3692 καὶ
1472 3639 1722 3709 μεγάλων
1779 3640 1948 3705 ὅντως
2001 3646 2229 3717 καρπῶν

659 3722 755 3775 τοῦ
795 3726 1124 3796 πνεύματος,
1172 3726 1260 3781 διὰ
1300 3729 1360 3781 τὸ
1398 3729 1569 3793 οὕτως
1597 3729 1762 3800 ἔχειν,
1792 3732 2141 3805 ἀποστερῶν;
2170 3737 2231 3791 In

655 3815 893 3885 vulgatis
935 3828 1018 3872 est
1046 3818 1229 3872 τελεία
1275 3823 1497 3892 στιγμή,
1546 3822 1692 3892 quod
1724 3838 1941 3878 sensum
1982 3826 2229 3897 impedit.

730 3906 855 3962 CAP.
893 3907 965 3962 IX
1022 3917 1268 3965 extremo
1318 3926 1419 3982 pro
1463 3912 1538 3978 ὡς
1588 3913 1649 3965 τὸ
1699 3915 1833 3969 πολὺ
1855 3916 1956 3969 οὐκ
2004 3918 2231 3972 ἐκπλεό-

656 4015 806 4058 νασε,
841 4000 936 4053 καὶ
967 3999 1044 4062 ὡς
1085 4000 1147 4053 τὸ
1195 4002 1374 4069 ὀλίγον
1411 4003 1510 4056 οὐκ
1548 4004 1911 4077 ἠλαττόνησεν
1935 4009 2054 4080 lege
2077 4025 2142 4063 ex
2185 4011 2230 4066 II

660 4090 789 4146 Cor.
836 4108 929 4145 vm
954 4100 1011 4147 et
1042 4092 1212 4147 Exod.
1250 4110 1370 4147 ινιτ
1402 4097 1431 4148 ό
1457 4095 1518 4148 τὸ
1536 4096 1690 4162 πολὺ,
1714 4106 1769 4152 et
1795 4101 1823 4153 ὁ
1854 4100 1913 4154 τὸ
1940 4100 2118 4171 ὀλίγον
2145 4104 2230 4159 vel

659 4178 899 4234 ἔλαττον.

727 4269 852 4324 CAP.
874 4270 923 4323 Χ
968 4279 1091 4341 post
1120 4271 1336 4326 initium
1363 4290 1375 4325 :
1411 4275 1504 4327 καὶ
1536 4276 1600 4347 τῇ
1632 4278 1764 4349 εὐχῇ
1816 4280 2046 4354 ὀκνηρὸς
2083 4292 2227 4353 cet.;

657 4360 776 4431 lege
806 4362 876 4416 ob
908 4364 1189 4419 meliorem
1215 4364 1608 4428 connexionem
1634 4370 1725 4422 καί
1765 4386 1851 4438 γε,
1872 4374 1959 4428 vel
1993 4375 2088 4428 καὶ
2115 4376 2223 4447 γὰρ

661 4462 769 4507 cet.

732 4545 904 4614 Pergo
941 4546 1007 4599 ad
1046 4563 1160 4601 CAP.
1214 4548 1355 4611 XIII,
1396 4549 1614 4604 omissis
1642 4552 1830 4609 multis
1877 4556 2092 4612 mendis
2148 4566 2230 4630 ty-

659 4636 1049 4711 pographicis:
1081 4638 1204 4700 τοὺς
1242 4638 1502 4695 ἀδύνατον
1550 4644 1972 4713 ἡγουμένους....
2022 4648 2051 4701 ό
2095 4649 2231 4702 ἀπόσ-

664 4725 850 4788 στολος
880 4727 1176 4797 διαρρήδην
1198 4731 1443 4793 ἐοικότας
1494 4733 1688 4797 αὐτοὺς
1715 4736 1949 4789 δείκνυσι
1997 4741 2108 4803 τοῖς
2160 4740 2229 4793 δι’

659 4817 918 4871 ἀπιστίαν
951 4819 1050 4888 τὴν
1078 4819 1181 4889 γῆν
1214 4820 1312 4891 τῆς
1334 4823 1662 4891 ἐπαγγελίας
1694 4826 1950 4881 εἰσελθεῖν
1973 4828 2048 4899 μὴ
2073 4828 2231 4899 ὴξιω-

661 4908 865 4978 μένοις,
919 4911 1011 4961 καὶ
1037 4909 1123 4962 διὰ
1153 4911 1308 4964 τοῦτο
1347 4917 1711 4970 πεπτωκότων
1752 4920 1935 4983 αὐτοῖς
1959 4920 2066 4974 τῶν
2115 4922 2226 4976 κώ-

657 5000 764 5051 λων
795 5002 852 5051 ὲν
889 5003 954 5071 τῇ
1003 5002 1215 5073 ἐρήμῳ.
1272 5003 1375 5059 Ubi
1424 5021 1616 5075 graeca
1675 5009 1850 5062 oratio
1902 5011 2223 5083 σολοικίζει;

660 5092 851 5146 saltem
878 5092 952 5146 ita
978 5093 1220 5159 videtur,
1239 5095 1345 5149 nisi
1363 5103 1649 5153 commode
1678 5100 2003 5169 explicetur.
2028 5101 2224 5159 Latina

657 5184 841 5238 versio
863 5184 999 5239 haec
1018 5202 1212 5256 graeca
1231 5188 1473 5258 neglexit
1500 5199 1725 5259 prapter
1740 5193 1911 5246 solam
1932 5194 2073 5249 banc
2091 5211 2222 5250 cau-

658 5288 796 5339 sam,
829 5284 885 5330 et
913 5278 1096 5346 posuit
1120 5279 1431 5333 versionem
1462 5282 1666 5352 vulgati
1695 5283 2026 5354 interpretis.
2053 5286 2132 5339 Tu
2150 5287 2226 5343 ita

654 5374 848 5421 verte:
897 5384 1138 5438 expresse
1198 5370 1395 5425 similes
1437 5372 1560 5427 dicit
1597 5375 1743 5440 istis,
1776 5377 1865 5446 qui
1896 5394 1929 5430 a
1966 5380 2225 5449 promissa

660 5465 805 5515 terra
846 5469 1058 5530 propter
1085 5462 1344 5515 ἀπιστίαν
1379 5466 1624 5535 prohibiti
1649 5476 1796 5532 sunt,
1828 5472 2108 5539 prostratis
2144 5471 2227 5524 vel

660 5556 876 5625 propter
917 5551 1037 5616 hoc,
1076 5551 1114 5606 i.
1160 5567 1211 5607 e.
1263 5553 1392 5622 quia
1444 5571 1555 5610 non
1613 5558 1931 5626 credebant,
1984 5560 2227 5615 membris

2318 550 2514 605 graeca
2548 533 2829 590 reddenda
2886 542 3036 589 sunt.
3068 533 3316 591 Clariora
3362 535 3539 589 omnia
3582 553 3747 609 essent,
3777 565 3808 605 ει

2318 627 2534 681 abesset
2577 627 2690 689 καὶ,
2728 634 2785 681 et
2822 627 3101 696 legeretur
3121 632 3335 680 tantum
3357 625 3444 678 διὰ
3473 626 3631 683 τοῦτο.
3656 631 3811 695 Eodem

2318 718 2494 787 capite
2524 718 2686 787 paulo
2715 726 2839 786 post
2881 718 2985 771 ista
3015 734 3028 770 :
3061 718 3122 769 τὸ
3153 717 3209 769 δὲ
3237 716 3533 785 ἀποστῆναι
3551 719 3638 773 οὐκ
3653 723 3728 775 ἐπὶ
3746 730 3812 782 τοῦ

2320 808 2675 877 ἀρνήσασθαι,
2705 807 2855 878 [Pag.
2885 806 2973 879 l5]
3003 806 3115 861 ἀλλ’
3148 809 3240 860 ἐπὶ
3262 806 3356 860 τοῦ
3386 809 3505 870 ταῖς
3533 808 3816 883 ἐπαγγελίαις

2319 896 2483 951 αὐτοῦ
2532 898 2869 968 ἀπιστῆσαι,
2902 899 3177 952 τέθεικεν·
3211 899 3401 969 ἀμέλει
3439 900 3528 952 καὶ
3568 902 3628 955 τὰ
3664 912 3817 965 τυπικὰ

2318 990 2426 1043 τῶν
2474 989 2739 1043 Ἰουδαίων
2761 991 3095 1063 ἀλληγορῶν.
3137 992 3239 1047 Ubi
3275 992 3409 1061 quid
3446 992 3515 1045 sit
3536 993 3717 1063 ἀμέλει,
3741 1017 3819 1057 non

2322 1080 2675 1149 interpretari
2705 1096 2949 1150 possum.
2982 1081 3297 1152 Legendum
3337 1090 3471 1151 puto
3494 1098 3587 1151 pro
3616 1100 3672 1139 eo
3698 1090 3823 1142 τέθει-

2321 1188 2435 1236 κεν,
2464 1172 2792 1239 ἐπαγγελίας
2821 1173 2915 1224 κα).
2939 1173 3009 1225 τὰ
3031 1172 3236 1226 τυπικά
3256 1173 3364 1226 τῶν
3407 1173 3674 1241 Ἰουδαίων,
3699 1179 3821 1252 άλλη-

2321 1265 2499 1334 γορῶν
2536 1272 2643 1319 cet.

2391 1374 2707 1429 Opuscawu
2736 1374 2850 1437 IIII,
2883 1374 2959 1427 De
2984 1374 3250 1428 Patientia
3281 1381 3331 1426 et
3361 1373 3686 1433 Discretione.

2390 1464 2520 1535 Cap.
2552 1466 2621 1520 IlI
2650 1466 2848 1535 legitur
2872 1484 2885 1519 :
2911 1466 2984 1527 ὼς
3011 1467 3062 1517 oi.
3093 1465 3220 1536 περὶ
3250 1467 3423 1534 Ἰαννῆ
3447 1484 3583 1537 φημι
3604 1473 3683 1523 καὶ
3705 1474 3824 1546 Μιμ.

2323 1556 2478 1627 ὁρῆν,
2507 1566 2565 1611 ut
2593 1558 2793 1613 Jannes
2824 1569 2873 1612 et
2904 1558 3185 1612 Mambres.
3212 1559 3316 1613 Ubi
3340 1559 3470 1613 licet
3506 1560 3825 1634 Ἰαμὸρῆςῐι-ε·

2322 1648 2581 1717 quentius
2603 1650 2692 1713 sit,
2714 1665 2877 1718 quam
2900 1665 2997 1719 per
3014 1649 3071 1703 Μ
3092 1650 3383 1714 Mambres,
3411 1650 3517 1704 hoc
3544 1659 3704 1708 tamen
3731 1657 3825 1713 ferri

2324 1741 2509 1804 debet,
2539 1742 2666 1810 quia
2689 1740 2747 1794 in
2774 1742 3058 1811 evangelio
3085 1742 3395 1812 apocrypha
3416 1741 3681 1797 Nicodcmi
3702 1745 3827 1801 llam-

2253 1804 2291 1859 B
2322 1831 2438 1884 bres
2468 1804 2603 1884 item
2647 1829 2868 1899 legitur,
2899 1804 3061 1899 quam
3114 1804 3443 1898 scripturam
3505 1830 3656 1884 etiam
3699 1846 3830 1889 servat

2324 1920 2436 1976 DS.
2461 1921 2633 1976 codex
2663 1922 2719 1975 in
2742 1922 3077 1977 bibliotheca
3104 1919 3587 1990 Orphanotrophii.
3633 1920 3829 1979 Ceterum

2324 2011 2578 2066 videatur
2620 2011 2906 2067 Fabricius
2936 2012 2992 2065 in
3025 2010 3226 2067 Codice
3269 2011 3594 2080 Apocrypho
3631 2012 3689 2065 N.
3720 2014 3769 2066 Τ.
3787 2016 3833 2069 de

2325 2103 2429 2158 hac
2465 2120 2619 2159 voce.
2667 2104 2815 2159 Idem
2863 2104 2973 2158 MS.
3027 2102 3199 2157 codex
3248 2102 3473 2157 exhibet
3520 2102 3713 2157 lamnas
3764 2122 3833 2174 pro

2323 2194 2524 2248 Jannes
2546 2211 2564 2259 ;
2584 2209 2687 2248 nec
2718 2194 2867 2265 piget
2898 2194 3169 2263 integrum
3196 2193 3378 2246 locum
3409 2193 3722 2257 exscribere,
3746 2197 3835 2264 quia

2327 2286 2515 2340 dill‘ert
2541 2302 2569 2339 a
2599 2286 2818 2356 vulgata
2841 2284 3081 2340 lectione
3108 2284 3252 2354 apud
3276 2283 3591 2337 Fabricium
3623 2301 3634 2335 :
3662 2293 3703 2337 et
3725 2296 3834 2337 erant

2323 2377 2395 2430 ibi
2428 2385 2672 2430 curantes
2715 2375 2900 2429 medici
2942 2376 3151 2427 nomine
3192 2373 3412 2426 Jamnes
3446 2380 3496 2424 et
3528 2371 3775 2435 Mambres,
3804 2381 3837 2426 et

2328 2468 2562 2537 fecerunt
2610 2469 2786 2538 signa,
2818 2483 2953 2537 quae
2996 2466 3113 2535 fecit
3147 2465 3370 2535 Moyses,
3408 2463 3501 2519 sed
3548 2479 3645 2516 non
3687 2465 3833 2517 omnia.

2333 2559 2525 2615 Lectio
2556 2560 2775 2630 vulgata
2812 2560 2978 2613 habet
3018 2575 3033 2611 :
3089 2558 3264 2612 Erant
3316 2557 3389 2610 ibi
3438 2556 3579 2624 magi
3608 2554 3776 2608 Jannes
3803 2564 3836 2607 et

2327 2652 2610 2717 Mambres,
2654 2653 2983 2722 feceruntque
3014 2660 3063 2703 et
3098 2650 3198 2720 ipsi
3231 2666 3324 2720 per
3355 2649 3720 2702 incantationes
3749 2662 3837 2700 ms

2325 2748 2501 2817 signa,
2527 2761 2663 2817 quae
2697 2745 2890 2814 fecerat
2922 2743 3121 2812 Moyses
3142 2782 3156 2805 ,
3181 2740 3271 2795 sed
3301 2757 3405 2794 non
3451 2755 3547 2809 per
3591 2739 3764 2791 omnia.
3798 2735 3839 2791 In

2330 2836 2439 2891 MS.
2494 2836 2590 2890 illo
2622 2834 2811 2889 codice
2852 2833 3111 2889 mendum
3142 2840 3246 2894 est,
3281 2830 3357 2883 ita
3386 2829 3527 2884 forte
3557 2827 3836 2883 tollendum:

2331 2927 2401 2983 Et
2433 2934 2585 2981 erant
2607 2927 2677 2980 ibi
2701 2927 3060 2980 incantatores
3101 2923 3292 2993 magici
3335 2930 3441 2976 cet.
3482 2921 3651 2990 Hujus
3682 2918 3837 2973 codicis

2333 3021 2443 3077 MS.
2488 3021 2613 3075 ideo
2655 3021 2747 3075 hic
2786 3019 2891 3074 feci
2945 3018 3302 3080 mentionem,
3352 3016 3485 3085 quia
3557 3013 3734 3084 dignus
3782 3020 3839 3065 est

2256 3135 2296 3191 ε
2332 3112 2425 3181 qui
2459 3128 2583 3166 cum
2620 3111 2770 3166 edito
2816 3117 2967 3164 textu
3011 3108 3245 3162 Fabricii
3286 3105 3623 3168 conferatur,
3645 3102 3768 3172 quod
3801 3110 3839 3155 et

2332 3203 2642 3258 accuratior
2666 3211 2723 3257 et
2763 3202 2977 3272 plenior
3010 3200 3302 3269 scriptura,
3331 3206 3387 3252 et
3416 3197 3610 3252 multis
3652 3194 3840 3250 historiis

2332 3293 2815 3348 etnarrationibus
2838 3292 3051 3346 auctior
3077 3299 3160 3345 est
3179 3290 3418 3343 libellus.
3440 3286 3743 3356 Exemplum
3757 3285 3839 3355 ejus

2333 3385 2412 3439 rei
2440 3384 2717 3454 proferam
2751 3381 3016 3453 quaedam
3062 3395 3129 3434 ex
3172 3376 3572 3449 posterioribus
3619 3374 3748 3446 [Pag
3780 3372 3839 3441 l6]

2331 3476 2497 3540 foliis,
2533 3474 2696 3545 paulo
2742 3480 2867 3527 ante
2907 3470 3069 3526 ﬁnem
3098 3468 3366 3539 evangelii
3399 3467 3587 3537 hujus,
3628 3465 3714 3525 ibi,
3743 3476 3841 3531 quae

2333 3573 2655 3627 occurrunt,
2689 3563 2874 3619 omnia
2905 3579 2936 3617 a
2979 3562 3216 3632 vulgatis
3257 3560 3477 3614 absunt.
3522 3558 3664 3611 Inter
3696 3555 3779 3609 alia
3807 3560 3844 3607 et

2334 3658 2472 3713 haec
2502 3656 2569 3711 de
2612 3656 2831 3711 Simone
2876 3654 3047 3725 Mago,
3085 3653 3243 3722 cujus
3276 3651 3332 3705 in
3361 3650 3559 3704 eodem
3596 3648 3693 3701 hoc
3714 3645 3843 3713 capite

2333 3750 2551 3805 Macarii
2581 3748 2641 3803 ﬁt
2669 3747 2876 3803 mentio
2915 3764 2927 3800 :
2963 3746 3133 3800 Antea
3167 3745 3380 3815 quidam
3406 3742 3763 3797 Samaritanus
3785 3750 3844 3787 re-

2334 3848 2485 3894 nerat
2516 3839 2723 3892 nomine
2749 3835 2965 3907 Symon,
2985 3837 3040 3888 in
3074 3843 3189 3887 arte
3206 3834 3409 3904 magica
3445 3831 3603 3884 nimis
3628 3827 3834 3885 eruditus,

2332 3932 2387 3984 in
2426 3946 2525 4001 quo
2557 3934 2604 3982 et
2638 3929 2880 3982 demonia
2917 3926 3085 3981 multa
3119 3924 3506 3979 inhabitabant.
3544 3920 3641 3986 Qui
3676 3916 3844 4015 dicebat,

2333 4023 2469 4090 quod
2496 4020 2606 4090 ipse
2636 4035 2818 4090 passus
2840 4017 3040 4088 fuisset,
3059 4026 3294 4070 mortuus
3311 4025 3359 4067 et
3382 4011 3643 4085 sepultus,
3664 4017 3708 4062 et
3732 4011 3845 4059 tertia

2332 4112 2417 4165 die
2448 4112 2711 4166 asserebat
2740 4127 2795 4166 se
2815 4110 3185 4164 resurrexisse.
3212 4106 3361 4173 Quae
3394 4108 3523 4159 dum
3545 4101 3729 4159 Neroni
3752 4097 3846 4153 Cat-

2330 4203 2442 4257 sari
2474 4203 2724 4257 nunciata
2754 4203 2968 4272 fuissent
2992 4200 3055 4254 de
3076 4200 3194 4256 Iesu
3218 4199 3445 4264 Christo,
3477 4196 3616 4251 Filio
3645 4194 3731 4247 Dei
3761 4189 3844 4249 risi,

2332 4302 2382 4346 et
2410 4295 2608 4359 omnia,
2640 4309 2774 4364 quae
2813 4293 2875 4346 de
2917 4309 2976 4346 eo
3005 4302 3157 4346 erant
3215 4298 3335 4345 acta
3393 4290 3539 4360 apud
3591 4286 3844 4345 Iudaeam,

2334 4386 2641 4439 nunciatum
2670 4394 2746 4438 est
2772 4383 2931 4438 simul
2972 4385 3019 4437 ei
3044 4383 3108 4436 de
3128 4382 3340 4453 Pylato.
3373 4379 3476 4445 Qui
3502 4381 3682 4435 statim
3706 4374 3846 4429 diruit

2258 4466 2302 4521 Ι)
2329 4490 2451 4527 suos
2481 4470 2669 4527 milites
2695 4474 2749 4525 in
2784 4471 3119 4543 Cymerinam
3157 4472 3439 4531 civitatem,
3468 4480 3519 4523 et
3556 4467 3783 4540 Pylatum
3802 4460 3848 4517 ιδ

2328 4579 2382 4617 se
2410 4562 2655 4616 accersiri
2686 4562 2968 4632 praecepit.
2987 4560 3055 4613 Et
3086 4577 3204 4613 cum
3226 4561 3273 4613 ei
3294 4566 3662 4629 praesentatus
3694 4556 3847 4625 fuisset,

2329 4654 2570 4708 narravit
2601 4651 2797 4706 Neroni
2829 4654 3007 4705 omnia
3040 4668 3175 4723 quae
3208 4652 3273 4705 de
3296 4649 3501 4704 Christ-0
3525 4648 3782 4703 Nazarene
3796 4642 3849 4693 di-

2328 4753 2414 4799 cta
2459 4750 2601 4805 sunt,
2644 4742 3101 4812 pracsentavitque
3135 4740 3182 4792 ei
3214 4735 3495 4807 discipulos
3536 4736 3649 4806 ejus
3681 4732 3848 4786 Petrum

2325 4844 2374 4891 et
2400 4834 2650 4889 Paulum.
2682 4832 2788 4905 Ipsi
2808 4842 2985 4886 autem
3031 4829 3276 4902 apostoli,
3302 4829 3594 4898 refutantes
3623 4823 3850 4895 Symonen

2334 4943 2444 4981 esse
2469 4926 2754 4991 Christum,
2786 4925 3028 4979 dixerunt
3060 4923 3258 4977 Neroni
3285 4921 3505 4975 Caesari
3529 4937 3548 4974 :
3576 4918 3711 4972 Bone
3732 4916 3853 4980 impe-

2332 5028 2500 5083 rator,
2542 5019 2586 5071 si
2622 5018 2697 5071 vis
2733 5018 2885 5081 scire,
2908 5031 3042 5087 quae
3070 5023 3217 5085 gesta
3254 5022 3378 5066 sunt
3412 5012 3491 5064 de.
3518 5010 3749 5067 Iudaea,
3790 5016 3852 5053 ac-

2332 5112 2444 5181 cipe
2472 5110 2653 5163 literas
2687 5109 2842 5176 hujus
2878 5105 3257 5177 PontiiPylati
3279 5104 3347 5159 ad
3380 5101 3665 5157 Claudium
3688 5099 3851 5151 missas.

2329 5212 2379 5255 et
2404 5210 2529 5255 tunc
2564 5204 2741 5256 omnia
2773 5216 3083 5270 cognoscere
3108 5198 3321 5268 poteris.
3354 5195 3455 5250 Ille
3489 5202 3668 5249 autem
3689 5190 3853 5241 mittent

2327 5294 2398 5346 ad
2428 5293 2791 5347 bibliothecam
2833 5290 3102 5362 Capitolii,
3144 5290 3199 5343 in
3235 5304 3335 5358 quo
3360 5290 3477 5358 ipsa
3508 5287 3705 5354 scripta
3726 5276 3853 5331 conti-

2325 5384 2604 5437 nebantur.
2627 5386 2935 5454 Accepitquc
2956 5384 3165 5436 easdem
3203 5380 3411 5444 literas,
3438 5386 3490 5431 et
3528 5377 3654 5446 legit
3688 5378 3791 5431 eas;
3820 5372 3854 5416 τι

2325 5477 2487 5530 series
2511 5479 2585 5530 ita
2615 5486 2729 5531 erat
2755 5495 2771 5532 :
2800 5477 3021 5531 Pontius
3044 5476 3262 5545 Pylatus
3285 5476 3393 5544 regi
3410 5471 3637 5528 Claudio
3649 5464 3853 5521 salutent.

2326 5562 2600 5635 Νηρεῖ-..μ
2634 5567 2706 5622 Et
2738 5575 2973 5622 mortuus
2996 5576 3073 5621 est
3093 5562 3304 5638 [Nero],
3334 5573 3385 5619 et
3429 5581 3463 5616 α
3496 5560 3637 5632 lupis
3677 5556 3856 5609 devora-

2153 5673 2405 5732 NOTAE.

736 5749 814 5823 (a)
850 5752 940 5810 Sic
959 5771 1045 5826 ap.
1075 5756 1340 5825 Semlcr.;
1371 5757 1473 5830 leg.
1506 5769 1571 5814 et.
1598 5760 1695 5816 Ευ.
