3950 6560
132 362 225 419 281

1146 357 1236 412 DE
1273 354 1581 413 SCRIPTIS
1617 356 1674 413 S.
1706 355 1989 412 MACARII
2027 355 2369 412 AEGYPTII.

3254 358 3363 413 98?.

134 483 229 534 tas,
260 468 692 541 quemadmodum
740 485 835 539 per
865 466 1075 538 dyaboli
1110 475 1281 521 artem
1312 466 1689 539 interpretatus
1717 474 1765 530 Α
1791 467 1894 533 Qui
1936 466 2273 537 signiﬁcatus
2313 467 2476 536 hujus
2510 466 2663 521 verbi
2706 467 2931 523 Graecis
2970 483 3080 523 non
3125 468 3367 525 insolens

134 564 300 633 fuerat
325 565 372 617 ei
391 561 605 633 Symon.
636 563 738 617 llic
776 563 884 632 jam
913 561 1040 616 ﬁnis
1073 562 1341 631 evangelii
1378 571 1501 631 post
1530 562 1689 616 addi-

134 666 234 712 tam
259 655 618 726 doxologiam.
652 655 801 721 Quae
825 654 1008 707 omnia
1034 661 1091 708 et
1118 654 1298 707 multa.
1320 661 1447 707 ante
1469 653 1605 708 haec
1634 655 1691 708 in

130 749 341 819 vulgato
366 747 648 817 evangelio
673 746 815 815 apud
843 746 1151 800 Fabricium
1181 746 1401 800 absunt.
1438 745 1495 800 Si
1520 763 1691 816 quan-

133 837 198 890 do
221 836 391 891 otium
413 834 747 904 suppeditat,
782 834 1050 903 polliceor
1088 834 1219 888 huic
1249 834 1359 889 MS.
1393 850 1517 889 cum
1540 835 1691 889 edito

132 926 276 998 [Pag.
317 924 404 996 I7]
433 925 765 980 conferendo
788 941 962 979 meam
992 926 1424 996 qualemcunque
1445 940 1688 995 operam.

130 1019 241 1072 Iam
269 1017 337 1072 ad
368 1018 659 1073 Macarium
702 1018 888 1073 redeo.

195 1106 318 1162 CAP.
340 1108 449 1162 IIII.
472 1102 786 1180 Καθαπερεὶ
806 1108 1224 1180 τεκμηράμενον
1253 1106 1349 1179 τὴν
1377 1107 1476 1175 τῆς
1497 1106 1692 1163 ἑαυτοῦ

133 1198 404 1267 βασιλείας
440 1199 779 1271 καθαίρεσιν.
825 1216 926 1270 pro
988 1216 1099 1269 quo
1143 1199 1363 1253 videtur
1400 1199 1691 1270 legendum

128 1304 245 1344 esse
273 1290 704 1361 τεκμαιρόμενον
716 1291 804 1345 vel
828 1290 1315 1360 τεκμηριούμενον,
1343 1306 1374 1344 a
1397 1290 1691 1361 τεκμαίρο-

132 1398 227 1449 μαι
267 1390 364 1457 aut
394 1382 729 1452 τεκμηριόω.
770 1381 924 1436 Istud
959 1382 1238 1452 vulgatum
1267 1380 1572 1451 cujusmodi
1598 1380 1689 1445 sit,

133 1488 235 1526 non
283 1473 635 1543 interpretor.
687 1472 748 1527 In
790 1472 982 1527 eodem
1032 1472 1211 1526 adhuc
1250 1471 1429 1542 capite
1461 1487 1474 1523 :
1508 1472 1599 1524 ἐπὶ
1637 1473 1694 1525 δὲ

131 1562 220 1614 τοῦ
260 1563 465 1633 Κυρίου
501 1564 636 1633 πρὸς
674 1562 933 1633 ἀλήθειαν
970 1562 1130 1615 τοῦτο
1158 1560 1371 1626 παθεῖν,
1403 1562 1583 1617 reddit
1605 1563 1693 1617 in-

134 1665 341 1724 terpres
377 1673 411 1708 a
444 1654 704 1719 Domino,
748 1654 897 1725 quod
935 1654 1136 1709 melius
1178 1652 1509 1709 reddidisset
1534 1655 1693 1707 adve-

132 1748 297 1800 niente
326 1746 571 1801 Domino.
616 1745 972 1801 Notissimum
1025 1747 1174 1802 enim
1227 1754 1341 1812 est,
1380 1744 1475 1799 ἐπὶ
1518 1745 1573 1799 ἰιι
1607 1746 1692 1801 his

130 1845 345 1905 tempus
376 1844 588 1889 notare.

192 1925 316 1982 CAP.
347 1926 481 1981 VIII.
512 1925 646 1981 Item
684 1934 835 1980 errat
868 1926 1053 1982 versio
1084 1944 1097 1980 :
1126 1928 1353 1999 καὶγὰρ
1376 1930 1405 1983 ό
1428 1929 1689 1994 τοιοῦτος,

126 2021 181 2072 ἒν
210 2019 498 2089 λεπτότητι
542 2018 629 2072 διὰ
673 2018 771 2089 τῆς
807 2017 1039 2083 πίστεώς
1083 2037 1246 2091 φημι,
1283 2020 1378 2074 καὶ
1419 2021 1519 2090 τῆς
1561 2038 1694 2091 προ-

129 2107 345 2176 θυμίας,
374 2108 473 2178 ἤδη
508 2109 753 2160 κοινωνεῖ
791 2106 868 2177 τῷ
891 2105 1028 2177 Θεῷ.
1066 2106 1259 2163 Latina
1300 2108 1504 2164 habent
1533 2122 1549 2160 :
1590 2106 1692 2161 Et-

124 2202 260 2253 enim
287 2199 411 2254 talis
456 2200 537 2269 (in
576 2201 829 2253 tenuitate
876 2217 991 2254 mea
1020 2217 1112 2271 per
1144 2200 1303 2269 ﬁdem
1343 2210 1390 2255 et
1429 2200 1696 2269 conﬁden-

124 2294 251 2346 tiam
282 2291 396 2362 aio)
419 2291 543 2345 talis
583 2293 802 2363 inquam
831 2295 952 2364 jam
977 2294 1087 2349 Deo
1114 2296 1502 2360 communicat;
1535 2294 1692 2364 quasi

122 2394 306 2440 essent
333 2386 503 2440 verba
531 2385 773 2440 auctoris
796 2386 863 2441 de
888 2402 944 2440 se
974 2387 1268 2455 loquentis.
1306 2386 1483 2439 Minus
1508 2394 1693 2439 autem

118 2488 286 2532 recte.
305 2477 639 2533 Vertendum
661 2487 775 2532 est:
805 2480 859 2531 in
892 2479 1099 2548 exiguo,
1128 2477 1163 2531 i.
1188 2494 1238 2533 e.
1261 2477 1689 2547 quodammodo,

122 2568 246 2623 talis
265 2570 392 2639 jam
427 2568 699 2622 κοινωνεῖ
732 2568 811 2632 τῷ
856 2568 975 2633 Θεῷ
1015 2577 1227 2640 propter
1259 2569 1417 2637 ﬁdem
1468 2578 1515 2621 et
1560 2570 1695 2622 desi-

118 2663 327 2715 derium
358 2677 449 2715 seu
496 2668 795 2733 promptum
841 2664 1096 2716 animum.
1150 2662 1356 2716 Auctor
1386 2663 1521 2727 vult,
1552 2662 1695 2716 hanc

120 2752 287 2805 animi
326 2751 605 2806 credentis
638 2751 1197 2821 dispositionem,qua
1226 2760 1447 2821 exoptat
1472 2752 1695 2822 conjun-

114 2843 361 2896 ctionem
390 2859 516 2897 cum
566 2844 697 2907 Deo,
734 2845 846 2914 jam
885 2859 1005 2898 esse
1034 2843 1316 2896 κοινωνίαν
1375 2843 1688 2913 aliqualem,

111 2950 236 2997 seu,
272 2943 336 2987 ut
363 2934 546 2988 statim
593 2933 823 2988 inferius
870 2934 1041 2999 dicit,
1095 2935 1259 2988 talem
1306 2936 1554 3003 καθάπερ
1592 2935 1694 3005 ἤδη

112 3028 373 3078 κοινωνεῖ
395 3026 471 3095 τῷ
493 3025 627 3095 Θεῷ.
660 3025 814 3092 Quod
845 3026 1085 3080 ostendit
1115 3027 1184 3080 ab
1221 3026 1471 3095 exemplo
1503 3026 1691 3080 Matth.

109 3134 163 3179 τ’,
216 3116 325 3179 28,
382 3117 475 3171 ubi
512 3118 711 3187 cupido
762 3118 1017 3171 adulterii
1069 3134 1097 3171 a
1136 3119 1247 3173 Deo
1280 3128 1564 3187 reputetur
1594 3135 1693 3188 pro

1787 564 1890 612 est.
1937 557 2144 611 Ibidem
2175 558 2338 626 paulo
2364 566 2490 611 ante
2522 556 2686 609 ﬁnem
2714 574 2726 610 :
2760 556 2919 617 εὐθὺς
2948 556 3023 619 ὡς
3052 553 3163 626 εἶχε
3188 558 3365 610 ποδῶν

1788 653 2067 720 ἐκφυγεῖν,
2102 652 2177 721 μὴ
2225 650 2464 720 μελῆσαν
2504 647 2652 717 αὐτῷ
2678 647 2786 700 τῶν
2820 648 3063 718 μηδενός,
3116 664 3216 717 pro
3257 664 3368 717 quo

1788 743 1931 797 forte
1965 741 2321 795 scribendum
2358 758 2370 793 :
2405 740 2479 810 μὴ
2527 739 2859 809 μελήσαντος
2888 739 3036 809 αὐτῷ
3066 741 3171 791 τῶν
3202 740 3379 793 αὐτοῦ’

1793 834 2036 904 μηδενός.
2056 833 2193 900 Quia
2215 832 2459 888 breviter
2494 840 2705 886 tantum
2728 831 2970 886 delibare
2983 832 3075 887 hic
3094 832 3168 887 ibi
3195 848 3364 902 quae-

1790 925 1914 979 dam
1946 926 2233 990 constitui,
2257 936 2411 979 verto
2443 941 2530 979 me
2552 926 2662 995 jam
2692 924 2781 980 ad.

1860 1016 2174 1071 OPUSCL'LUI
2202 1018 2268 1082 γ,
2303 1016 2381 1069 De
2412 1016 2720 1070 Elevatione
2754 1018 2960 1071 utentis.

1864 1112 1990 1167 CAP.
2016 1112 2058 1165 Ι.
2088 1112 2189 1165 Hic
2222 1111 2405 1165 statim
2436 1110 2614 1180 primo
2652 1111 2708 1165 in
2745 1112 2921 1180 capite
2945 1110 3079 1165 levis
3109 1127 3266 1165 error
3308 1110 3365 1165 in

1791 1204 2001 1277 graecis
2045 1202 2114 1257 ab
2148 1203 2450 1272 interprete
2485 1218 2594 1255 non
2636 1211 2829 1256 cautus
2871 1210 2995 1256 est:
3034 1204 3190 1271 ὑμεῖς
3232 1203 3363 1273 γὰρ,

1793 1297 1977 1368 φησὶν,
2003 1334 2017 1346 .
2049 1334 2064 1347 .
2096 1332 2112 1346 .
2140 1292 2617 1363 κατοπτριζόμεθα
2638 1302 2744 1347 cet.
2773 1293 2913 1347 Sunt
2938 1294 3170 1347 excitata
3199 1296 3367 1348 verba

1792 1401 1859 1439 ex
1886 1382 2129 1452 Epistola
2166 1382 2315 1452 [Pag.
2346 1380 2435 1452 I9]
2467 1381 2620 1436 Pauli
2657 1383 2897 1436 secunda
2929 1383 2994 1435 ad
3023 1383 3271 1438 Corinth.
3313 1399 3364 1438 c.

1792 1492 1869 1540 ιιι,
1901 1476 1987 1529 18.
2028 1474 2133 1529 Ubi
2154 1473 2425 1544 interpres
2448 1489 2548 1543 per
2570 1474 2915 1528 oscitantiam
2945 1475 3037 1529 vix
3063 1476 3368 1529 condonan-

1791 1567 1916 1621 dam
1943 1563 2217 1618 reddidit:
2251 1562 2412 1617 Vos...
2446 1564 2810 1632 speculantes,
2841 1580 2964 1617 cum
2992 1571 3101 1617 tam
3143 1580 3209 1618 ex
3243 1582 3368 1617 συν-

1794 1656 1958 1727 αφείᾳ
1977 1656 2272 1719 luculenta,
2296 1671 2461 1725 quam
2486 1670 2553 1709 ex
2577 1655 2697 1709 loco
2717 1656 2880 1711 allato
2900 1656 3042 1711 scire
3085 1657 3367 1712 debuisset

1792 1746 2085 1817 legendum
2104 1760 2225 1800 esse
2258 1746 2437 1815 ἡμεῖς,
2479 1761 2596 1798 nos.

1727 1831 1770 1887 Β
1864 1839 2071 1896 Omitto
2099 1840 2387 1910 quaedam,
2417 1846 2475 1893 et
2502 1838 2559 1892 in
2588 1855 2700 1893 CAP.
2742 1840 2859 1894 VIII
2892 1856 2906 1893 :
2942 1839 3084 1893 οὕτω
3112 1840 3246 1910 φησι
3274 1839 3371 1893 καὶ

1796 1932 2013 2001 ἑκάστῳ
2042 1930 2149 1984 τῶν
2196 1931 2386 2003 ἱερέων
2431 1929 2527 1984 καὶ
2568 1930 2738 1998 ἁγίων
2760 1930 2789 1982 ὁ
2814 1928 2943 1993 Θεὸς
2973 1928 3130 1997 ὤφθη
3186 1929 3370 1984 scribo

1793 2023 1902 2077 τῶν
1941 2022 2210 2091 πατέρων
2242 2022 2336 2075 καὶ
2364 2022 2554 2089 ἁγίων.
2583 2022 2719 2075 Nam
2742 2020 2809 2074 de
2830 2020 3209 2075 sacerdotibus
3233 2021 3370 2076 nihil

1795 2117 1902 2170 tale
1937 2116 2187 2187 legimus,
2214 2122 2271 2168 et
2286 2114 2379 2184 qui
2408 2120 2712 2183 sequuntur
2735 2128 2845 2165 non
2874 2119 3003 2165 sunt
3035 2112 3369 2167 sacerdotes.

1794 2208 1874 2263 Ne
1900 2208 2025 2277 quis
2074 2206 2311 2271 dubitet,
2346 2206 2479 2276 legit
2516 2205 2681 2259 etiam
2724 2203 2961 2258 Homilia
3006 2208 3111 2271 Iv§
3157 2203 3224 2257 15
3263 2203 3372 2258 τῶν

1794 2300 1966 2368 ἁγίων
2007 2299 2279 2369 πατέρων.
2345 2297 2553 2351 Ibidem
2605 2303 2929 2350 recensetur
2985 2294 3176 2349 Daniel
3228 2294 3373 2349 inter

1794 2390 1966 2445 Noam
1996 2399 2051 2444 et
2083 2390 2290 2452 Mosen,
2327 2404 2428 2458 pro
2456 2403 2564 2457 quo
2599 2387 2889 2458 legendum
2923 2385 3205 2456 Σαμουήλ;
3244 2402 3372 2440 nam

1796 2480 1984 2535 Daniel
2003 2479 2242 2549 pertinet
2263 2478 2327 2532 ad
2352 2478 2669 2548 prophetas,
2691 2477 2759 2531 de
2781 2475 2982 2546 quibus
2996 2475 3179 2529 statim
3200 2474 3369 2531 dicit:

1797 2572 1893 2625 καὶ
1923 2572 2139 2641 ἑκάστῳ
2172 2570 2280 2623 τῶν
2316 2569 2629 2639 προφητῶν.

1869 2662 1928 2717 In
1963 2661 2070 2715 ﬁne
2101 2676 2296 2715 CAPms
2328 2659 2399 2713 IX
2436 2660 2565 2713 item
2598 2658 2793 2712 vitium
2843 2667 2926 2713 est
2959 2675 2972 2710 :
3024 2657 3185 2727 σχολῇ
3226 2658 3275 2724 γ’
3306 2655 3371 2708 ἂν

1796 2754 1847 2807 οἱ
1883 2754 2075 2823 ἐκείνῳ
2114 2752 2189 2823 τῷ
2227 2752 2424 2805 ἀπαθεῖ
2451 2750 2755 2821 βληθέντες,
2799 2749 2960 2818 ἔρωτί
3012 2766 3113 2800 τινι
3140 2748 3246 2799 τῶν
3276 2746 3369 2799 τοῦ

1798 2847 2005 2917 κόσμου
2041 2845 2295 2899 καθεκτοὶ
2326 2844 2584 2913 γένοιντο.
2616 2841 2720 2897 Ubi
2751 2857 2807 2896 se
2840 2842 2980 2895 male
3028 2846 3247 2909 torquet
3289 2839 3373 2892 in-

1800 2946 2012 3009 terpres
2047 2940 2161 2994 :An
2184 2954 2337 3007 segne
2365 2938 2531 2989 otium
2563 2935 2659 2987 erit
2690 2934 2942 2988 desiderio
2964 2932 3371 3003 perturbationis

1799 3032 1967 3084 omnis
1996 3030 2219 3083 immuni
2241 3027 2503 3099 permissis
2535 3042 2769 3080 amorem
2798 3023 3026 3093 aliquem
3057 3023 3238 3077 mundi
3268 3039 3373 3075 non

1800 3121 2107 3176 cohibendi?
2153 3120 2299 3190 Lego
2342 3138 2355 3172 :
2403 3120 2512 3188 ὅσῳ
2545 3117 2743 3187 μᾶλλον
2782 3117 2828 3167 oi
2874 3115 3065 3184 ἐκείνῳ
3098 3115 3178 3184 τῷ
3222 3113 3373 3184 πόθῳ

110 3207 236 3278 ipso
290 3207 584 3262 adulterio.
644 3208 712 3262 Et
766 3217 849 3262 est
892 3209 997 3263 hoc
1046 3209 1265 3279 elegans
1319 3210 1692 3265 testimonium

1805 3214 2091 3286 βληθέντες
2126 3213 2286 3284 ἕρωτί
2314 3229 2395 3275 τε,
2435 3211 2545 3264 τῶν
2588 3209 2681 3263 τοῦ
2726 3217 2833 3263 cet.
2886 3208 2965 3261 Ita
3017 3207 3208 3261 suadet
3241 3223 3375 3261 con-

108 3300 468 3369 antiquitatis
498 3300 566 3355 de
595 3302 808 3355 ratione
846 3300 992 3354 ﬁdei.

171 3391 340 3445 Falsa
377 3391 576 3462 legitur
604 3393 874 3447 sententia
904 3408 1015 3447 CAP.
1049 3392 1120 3446 XI
1147 3410 1161 3446 :
1209 3393 1304 3447 καὶ
1342 3392 1449 3466 γὰρ
1476 3434 1490 3448 .
1523 3436 1538 3451 .
1567 3435 1581 3449 .
1613 3434 1628 3449 .
1660 3394 1695 3466 ή

107 3483 199 3536 διὰ
234 3483 334 3536 τοῦ
367 3484 674 3555 πνεύματος
696 3486 852 3551 ἁγίου
883 3484 1131 3551 γέννησις
1158 3484 1339 3537 εἰκόνα
1362 3485 1697 3556 τελειότητος

106 3575 227 3643 ἔχει
282 3575 342 3628 ἐν
389 3592 447 3627 τε
503 3578 568 3646 τῇ
610 3578 790 3646 μορφῇ
820 3576 912 3627 καὶ
942 3579 1053 3640 τοῖς
1107 3576 1355 3647 μὲλεσιν’
1390 3577 1449 3629 ού
1515 3576 1697 3648 μέντοι

102 3665 369 3735 δυνάμει,
415 3666 449 3736 ἢ
483 3666 577 3736 νῷ,
611 3666 645 3736 ἢ
679 3666 900 3737 ἀνδρείᾳ
927 3707 941 3731 ,
974 3684 1079 3720 ηοη
1121 3674 1299 3721 tamen
1343 3668 1554 3734 virtute,
1604 3675 1698 3723 aut

104 3765 314 3821 mente,
332 3766 427 3810 aut
452 3758 776 3827 fortitudine.
803 3758 1118 3830 Legendum
1144 3777 1158 3813 :
1193 3800 1205 3812 .
1231 3801 1243 3813 .
1276 3800 1291 3813 .
1318 3759 1554 3830 μέλεσιν,
1581 3759 1613 3831 ἢ
1640 3762 1697 3813 ὲν

102 3851 168 3918 τῇ
201 3848 446 3919 δυνάμει
476 3858 581 3903 eet.

174 3956 406 4018 Vitium
435 3963 689 4019 similiter
717 3979 839 4020 esse
876 3965 1099 4021 videtur
1131 3982 1245 4022 CAP.
1284 3966 1456 4024 XXIII
1491 3966 1547 4021 in
1578 3982 1701 4022 ver-

101 4054 192 4108 bis
240 4072 259 4107 :
291 4054 362 4106 δι’
398 4054 516 4117 ἐνὸς
540 4054 597 4107 δὲ
641 4055 1041 4126 ὑποδείγματος
1084 4056 1374 4128 γνώρισμα
1417 4056 1566 4129 [Pag.
1606 4053 1696 4128 18]

99 4144 272 4197 ἔσται
317 4144 402 4214 τῷ
432 4145 571 4215 μετὰ
603 4149 811 4218 χεῖρας,
857 4148 953 4203 ubi
986 4164 1179 4219 graeca
1219 4150 1496 4220 languent.
1532 4149 1701 4220 Lege-

99 4252 251 4292 rem.
289 4278 302 4291 .
334 4278 350 4291 .
375 4278 390 4290 .
418 4238 756 4309 γνωρίσομεν
786 4239 976 4306 ταῦτα,
1006 4243 1034 4294 ὅ
1062 4244 1176 4294 ἐστι
1210 4241 1349 4313 μετὰ
1373 4244 1579 4313 χεῖρας.

171 4330 241 4384 In
291 4344 411 4383 CAP.
456 4328 602 4384 XXV
636 4330 767 4384 item
810 4332 1072 4387 mendosa
1109 4341 1193 4388 est
1226 4333 1389 4388 lectio
1443 4334 1548 4387 ετὸ
1592 4332 1701 4404 γὰρ

99 4422 335 4476 ἔκδοτον
367 4423 560 4475 ἑαυτὸν
603 4428 904 4495 παρασχεῖν
928 4426 1005 4497 τῷ
1033 4427 1203 4495 φίλων
1242 4426 1389 4497 αὐτῷ
1427 4426 1698 4497 φαίνεται,

1797 3320 1982 3361 ΠΕΧΙΟ.

1860 3396 2053 3453 Statim
2078 3395 2146 3449 ab
2168 3394 2323 3448 initio
2351 3410 2463 3448 CAP.
2494 3391 2614 3445 XIII
2640 3399 2723 3445 est
2749 3390 2946 3444 vitium
2988 3389 3220 3443 duarum
3248 3388 3375 3443 lite-

1796 3506 2022 3545 rarum:
2058 3488 2192 3540 εἰτὸ
2217 3486 2470 3540 σύνθετον
2513 3486 2688 3537 ἐκεῖνο
2730 3483 2908 3535 ἔλαιον
2951 3482 3222 3552 τοσαύτην
3260 3480 3375 3556 ἔχει

1795 3584 1894 3655 τὴν
1913 3582 2161 3651 δύναμιν,
2182 3580 2256 3642 ὡς
2277 3580 2400 3641 τοὺς
2430 3577 2811 3648 χρησαμένους
2845 3573 3017 3645 αὐτῷ.
3054 3575 3194 3645 Lege
3222 3590 3375 3645 χριο-

1796 3673 1991 3743 μένούς
2014 3687 2082 3725 ex
2102 3670 2336 3724 Homilia
2357 3684 2482 3731 xvn,
2509 3668 2604 3721 ubi
2662 3667 2797 3721 haec
2833 3664 3019 3720 omnia
3051 3674 3373 3720 occurrunt.

1797 3763 1860 3819 In
1899 3762 2093 3817 eodem
2138 3761 2315 3830 capite
2358 3759 2601 3815 occurrit
2629 3774 2735 3813 vox
2768 3758 2944 3812 rarior
2981 3758 3177 3827 τρανός
3204 3778 3216 3811 :
3245 3775 3376 3829 τρα-

1798 3858 1908 3920 νοῖς
1936 3856 2027 3908 καὶ
2051 3852 2478 3914 ἀνεπικωλύτως
2498 3851 2820 3922 ὀφθαλμοῖς.
2851 3852 2956 3906 Pro
2976 3866 3081 3920 qua
3106 3850 3159 3904 in
3188 3850 3377 3905 llomi-

1799 3949 1873 4003 lia
1906 3956 1991 4004 est
2032 3949 2175 4003 bona
2204 3949 2383 4019 glossa
2414 3946 2697 4017 καθαροῖς,
2722 3960 2862 4015 quae
2908 3946 3232 4016 signiﬁcatio
3274 3963 3377 4001 nec

1800 4038 1946 4109 apud
1990 4046 2207 4093 veteres
2248 4044 2333 4092 est
2366 4035 2824 4107 Lexicographos.
2882 4036 3183 4107 Hesychius
3227 4036 3376 4090 enim

1800 4128 2037 4195 τρανός,
2092 4128 2288 4197 σαφής,
2325 4127 2551 4197 ἀληθής.
2587 4126 2777 4197 Cyrilli
2812 4124 3198 4181 Onomasticon
3239 4144 3376 4196 rpa-

1798 4219 1940 4284 νῶς,
1970 4233 2247 4289 expresse.
2272 4217 2419 4272 Haec
2451 4216 2587 4271 adeo
2616 4231 2725 4271 vox
2755 4217 3036 4287 eleganter
3064 4215 3377 4271 declaratur

1799 4325 1898 4380 per
1934 4309 2170 4380 καθαρός
2196 4318 2255 4363 et
2277 4305 2695 4370 ἀνεπικώλυτος.

1871 4424 2190 4480 OPUSCULUI
2215 4423 2305 4488 Vl,
2334 4422 2412 4476 De
2448 4420 2740 4477 Charitate.

98 4517 300 4587 ἕτερος
329 4516 554 4586 ὁμιλίας
582 4519 641 4581 ὲς
667 4518 819 4571 οὐδὲν
839 4519 973 4572 δέον.
998 4519 1147 4586 Quae
1189 4518 1460 4591 interpres
1493 4521 1565 4576 ita
1603 4537 1695 4576 ex-

1872 4512 2116 4567 Primum
2144 4528 2307 4568 CAPUT
2334 4510 2577 4565 ostendit
2604 4510 2875 4574 lacunam,
2903 4509 3052 4565 unde
3079 4518 3136 4565 et
3169 4508 3377 4564 Pritius

97 4609 278 4677 plevit
316 4626 331 4661 :
376 4625 506 4662 nam
538 4610 837 4679 impendere
867 4627 922 4665 se
949 4613 1122 4681 ipsum
1155 4614 1335 4667 amicis
1375 4614 1698 4667 vindicandis

1799 4613 1895 4660 aut
1921 4605 2191 4675 interpres
2220 4605 2276 4658 in
2311 4603 2555 4674 margine
2586 4611 2739 4657 notat
2778 4622 2796 4654 ι
2826 4611 3121 4673 corruptus
3154 4601 3377 4656 videtur

101 4698 225 4753 laus
264 4700 378 4770 ipsi
406 4699 642 4765 videtur;
673 4700 767 4754 alii
793 4702 1065 4772 jucundae
1093 4711 1215 4757 sunt
1253 4703 1695 4773 confabulationes

1805 4699 1970 4753 locus.
2000 4717 2017 4749 ι
2055 4697 2228 4752 Habet
2261 4698 2335 4751 ita
2359 4716 2371 4750 :
2395 4697 2510 4749 ἀλλ’
2540 4698 2598 4747 ἐν
2625 4698 2690 4767 τῇ
2724 4694 2817 4748 τοῦ
2843 4694 3075 4765 σταυροῦ
3110 4694 3368 4763 δυνάμειο

100 4791 322 4860 facetae
369 4791 437 4844 de
476 4795 629 4862 nugis
702 4793 1030 4848 scurrilibus.
1077 4794 1251 4862 Quem
1302 4810 1521 4850 sensum
1568 4794 1695 4850 haec

1805 4789 2009 4854 τούτοις
2043 4789 2431 4861 ὲνεργούμενος
2462 4790 2518 4841 ὲν
2549 4787 2829 4858 ὑποστάσῃ
2854 4789 2961 4850 τοῖς
2990 4786 3368 4852 καταξιωθεῖσι

97 4902 308 4956 graeca
357 4887 476 4958 pati
515 4905 622 4943 non
657 4900 905 4960 possunt.
954 4891 1247 4947 Tentarem
1294 4892 1584 4946 restituere
1626 4891 1695 4944 τό

1805 4882 2006 4953 ταύτην
2067 4882 2391 4953 κτήσασθαι.
2440 4881 2680 4936 Videbar
2750 4880 2885 4934 mihi
2950 4881 3133 4949 itaque
3217 4880 3405 4935 testi;

94 4980 299 5049 ἕτερος
338 4979 561 5032 ἔκδοτον
603 4981 794 5033 ἑαυτὸν
842 4981 1136 5052 παρασχὼν
1173 4981 1281 5034 τῶν
1329 4981 1497 5051 φίλων
1532 4979 1701 5049 αὐτῷ,

94 5073 373 5139 φαίνεται
411 5072 603 5143 ἐτέρας
633 5074 846 5142 ὁμιλίας
862 5077 919 5138 ὲς
941 5076 1092 5128 οὐδὲν
1121 5074 1393 5145 δεόμενος,
1426 5082 1487 5129 ut
1513 5081 1705 5128 auctor

96 5164 315 5233 ἑτέραν
344 5165 573 5233 ὁμιλίαν
608 5165 875 5237 intelligat
911 5166 1368 5221 consuetudinem
1406 5181 1531 5220 cum
1569 5166 1700 5230 Deo,

95 5254 265 5323 cujus
302 5254 420 5308 ista
462 5269 588 5308 cum
617 5255 740 5311 aliis
772 5257 1036 5327 improbis
1072 5256 1311 5310 amicitia
1346 5254 1704 5324 impedimen-

94 5355 219 5398 tum
242 5346 349 5400 sit.

166 5436 299 5492 Nec
335 5438 543 5493 desunt
567 5439 701 5494 nodi
728 5441 1031 5511 scripturae
1055 5443 1111 5496 in
1143 5458 1255 5496 CAP.
1272 5441 1442 5496 XXVI
1478 5459 1490 5494 :
1518 5441 1592 5503 ὡς
1610 5438 1703 5492 τοῦ

96 5526 465 5597 ἐμπρησμοῦ
495 5528 716 5597 ᾔσθετο,
741 5531 944 5601 γυμνὸς
968 5531 1299 5600 ἐκπέφευγε,
1323 5532 1537 5585 πάντων
1566 5532 1703 5599 ἁιμε⁶

97 5610 315 5680 λήσας,
365 5615 461 5666 καὶ
492 5615 596 5685 τῆς
623 5618 815 5671 ἑαυτοῦ
857 5620 1025 5689 μόνης
1054 5620 1233 5689 ψυχῆς
1272 5620 1581 5690 γενόμενος.
1602 5619 1705 5675 Ubi

1803 4982 1978 5030 tuere.
2001 5013 2015 5028 .
2038 5014 2052 5027 .
2074 5014 2089 5029 .
2108 4973 2334 5044 δυνάμει
2349 4990 2365 5004 ο
2406 4972 2578 5035 οὕτως
2600 4972 2990 5043 ὲνεργούμενός
3010 4973 3158 5023 ἐστιν
3196 4973 3223 5024 ὁ
3248 4972 3378 5042 περὶ⁵

1805 5062 2038 5136 σταυροῦ
2089 5064 2249 5133 λόγος
2302 5066 2413 5125 τοῖς
2459 5061 2845 5124 καταξιωθεῖσι
2887 5061 3093 5131 ταύτην
3134 5059 3377 5133 [σοφίαν]

1803 5156 2129 5229 κτήσασθαι,
2176 5156 2264 5210 vel
2295 5156 2353 5209 ἐν
2385 5157 2497 5217 τοῖς
2542 5153 2946 5219 καταξιωθεῖσι,
2994 5152 3078 5205 vel
3123 5151 3373 5222 δύναμιν.

1803 5247 2097 5318 Corruptio
2117 5262 2185 5301 ex
2210 5243 2545 5314 compendiis
2568 5241 2845 5297 scribendi
2866 5240 3036 5294 venit.

1882 5340 2009 5395 CAP.
2037 5339 2104 5393 Ill
2138 5338 2206 5392 ab
2236 5337 2428 5390 initio:
2458 5333 2607 5386 οὔπω
2639 5332 2895 5403 διακορὴς
2921 5332 3148 5400 γίνεται,
3176 5330 3374 5401 μᾶλλον

1803 5432 1905 5503 τῆς
1932 5430 2243 5500 ἐπιθυμίας.
2281 5428 2510 5483 Videtur
2536 5425 2803 5480 excidisse
2825 5424 3029 5493 γίνεται
3058 5423 3115 5476 δὲ
3152 5422 3372 5493 μᾶλλον,

1807 5536 1867 5580 ιιι
1888 5525 2097 5593 γίνεται
2128 5522 2212 5577 bis
2233 5529 2507 5576 occurrat.

1875 5615 2001 5669 CAP.
2029 5614 2072 5669 ν
2094 5611 2334 5668 occurrit
2354 5627 2458 5666 vox
2479 5610 2659 5682 μυχοί,
2691 5609 2745 5663 in
2764 5624 2873 5678 qua
2897 5608 3196 5680 Hesychius
3215 5608 3375 5663 vitio-

96 5705 424 5775 γενόμενος
455 5707 576 5762 sine
610 5724 772 5764 sensu
802 5720 904 5765 est.
934 5713 1048 5767 Nisi
1076 5712 1282 5782 aliquid
1307 5711 1594 5775 exciderit,
1624 5712 1695 5766 le-

1809 5724 1904 5764 sus
1936 5715 2039 5772 est,
2065 5702 2270 5774 μυχοὶ,
2292 5705 2347 5757 αἱ
2376 5702 2716 5764 καταδύσεις,
2756 5704 2804 5754 οἱ
2833 5701 3099 5755 ὲνδότατοι
3124 5703 3217 5756 καὶ
3242 5702 3376 5755 ἁπό-

102 5809 309 5863 gerem
346 5799 680 5871 ἡγουμένης,
707 5802 775 5857 da
804 5804 911 5858 ihm
938 5805 1046 5859 sein
1068 5804 1234 5861 Leben
1261 5805 1387 5859 uber
1408 5804 1539 5859 alles
1562 5804 1703 5875 ging.

1810 5817 2010 5871 κρυφοι
2048 5798 2225 5868 τόποι,
2268 5795 2505 5867 λιμένες,
2547 5794 2873 5865 κοιλότητες,
2924 5793 3124 5865 ἔσχατα
3163 5794 3255 5849 καὶ
3306 5793 3374 5848 τὰ
