3950 6570
585 346 691 405 285
1875 353 1969 410 JO.
2014 352 2145 410 PICI

2272 353 2567 410 AEFATIO
3741 357 3832 414 224

588 463 889 532 ποιήματα,
924 464 958 535 ῆ
991 463 1060 518 τὰ
1093 465 1341 538 ἐσώτερα
1374 467 1537 539 μέρη.
1569 468 1649 523 Τὰ
1705 469 1989 541 ποιήματα
2015 470 2148 524 varii

2338 470 2470 541 Cap.
2504 471 2553 525 Χ
2588 490 2602 525 :
2638 469 2880 541 Ἐδείχθη
2911 470 3175 544 ἐκεῖναδὴ
3195 472 3262 525 τά
3284 468 3565 541 θαυμάσια
3617 480 3727 527 cet.
3750 473 3826 527 Vi-

584 560 801 609 tentant
844 564 1006 610 notae
1059 556 1348 611 doctorum
1402 559 1648 613 virorum
1695 560 1763 614 ad
1806 560 2159 632 Hesychium.
2271 563 2434 618 detur
2456 564 2758 620 excidisse:
2785 563 3034 637 καὶγὰρ,
3063 563 3100 617 ἃ
3124 562 3361 634 ἐδείχθη,
3391 572 3501 620 cet.
3524 564 3703 620 Aliter
3735 566 3839 620 lau-

584 646 717 702 Milii
739 664 935 704 verum
960 650 1183 707 videtur
1203 652 1591 707 ταπεινότατα.

2275 666 2444 726 guent
2468 669 2683 726 graeca.
2718 654 2827 709 Kal
2851 652 3039 708 ταῦτα
3066 652 3142 722 δὴ
3160 653 3280 724 μὲν
3304 654 3507 709 ταῦτα.

598 870 786 886 ——

599 887 791 898 ...ι-

903 1062 1828 1181 HOMILIARUM
1918 1064 2037 1178 S.
2145 1065 2750 1181 MACARII
2834 1062 3535 1181 AEGYPTII

1684 1335 2117 1430 EDITIO
2210 1339 2803 1429 PRINCEPS

577 1548 928 1625 CnL'nrotns
958 1568 971 1603 :
1012 1554 1153 1625 ΤΟΥ
1182 1551 1725 1625 ΟΣῙΟΥ-Πέᾘῇοξῗ
1767 1551 2137 1625 MA_KA_PIQY

2281 1550 2350 1625 πῃ
2370 1552 2503 1625 agr
2514 1552 2792 1625 rarior
2815 1550 3119 1625 parum!
3146 1558 3219 1625 νὴ.
3250 1549 3316 1604 Β.
3355 1550 3581 1625 Macarii
3610 1553 3841 1625 Aegyptii

650 1617 911 1675 Homiliae
945 1623 1350 1745 qtuinquaginta.
1388 1621 1470 1674 Ea:
1495 1618 1813 1674 Bibliotheca
1840 1620 2024 1690 Regia.
2050 1617 2271 1674 Parisiis
2293 1618 2366 1675 Μ,
2401 1620 2470 1675 D.
2505 1620 2641 1676 LIX.
2669 1621 2823 1693 Apud
2842 1619 2982 1677 Cuil.
3011 1620 3310 1686 Morelium,
3354 1624 3410 1677 in
3446 1624 3661 1679 Graecis
3688 1617 3842 1697 ἶξιρο-

650 1694 908 1745 aravlmm
996 1694 1190 1745 eaium.
1226 1691 1311 1745 Ea:
1354 1691 1625 1745 vrivilem‘o
1654 1689 1827 1745 Reais.
1858 1690 1967 1743 ηε).

646 1694 908 1761 graplmm
948 1689 1197 1762 Regium:
1226 1691 1311 1745 Ea:
1354 1691 1625 1762 privilegio
1654 1689 1827 1761 Regis.
1858 1689 1967 1743 ηε).

646 1783 1008 1839 Praefationis
1046 1786 1166 1838 loco
1188 1784 1389 1839 Suidac
1419 1782 1797 1838 testimonium
1824 1798 1959 1853 prae
1985 1798 2042 1837 se
2067 1782 2175 1837 fert
2206 1783 2378 1839 hocce
2406 1799 2421 1836 :

1882 1874 1891 1943 ι
1953 1877 2058 1929 ΕΚ
2094 1877 2231 1929 ΤΩΝ
2268 1876 2566 1930 eorum.

642 1967 1023 2023 ΜΑΚΑΡΙΟΣ.
1051 1966 1157 2021 Δύο
1199 1967 1446 2037 ἐγένοντο
1494 1967 1752 2037 μακάριοι
1799 1964 2082 2037 ὁμώνυμοι
2119 1967 2216 2021 καὶ
2265 1966 2581 2038 περιϐόητοι
2618 1964 2686 2019 δι’
2720 1965 2976 2037 ἄσκησιν,
3006 1967 3093 2022 διὰ
3145 1968 3279 2039 βίον,
3300 1969 3392 2024 διὰ
3414 1971 3641 2043 τρόπον,
3670 1970 3760 2025 διὰ
3780 1974 3845 2026 τὰ

576 2065 895 2137 μαθήματα.
931 2066 969 2135 ὁα
1007 2066 1104 2137 μὲν
1146 2064 1436 2133 αίγύπτιος
1490 2062 1909 2134 θαυματουργὸς
1934 2056 2024 2131 ἦν,
2050 2063 2145 2116 καὶ
2173 2063 2313 2135 μετὰ
2339 2062 2434 2116 τοῦ
2469 2062 2734 2127 εὐλαϐοὖς
2760 2063 2898 2135 πρὸς
2924 2065 3053 2129 τοὺς
3081 2066 3517 2136 ἐντυγχάνοντας
3549 2068 3843 2138 αὐστηρός

572 2161 602 2212 ὁ
633 2159 693 2213 δέ
736 2157 1095 2229 ἀλεξανδρεὺς
1143 2156 1286 2209 κατά
1321 2155 1501 2208 πάντα
1539 2153 1614 2209 ὢν
1650 2153 2033 2225 παραπλήσιος
2070 2150 2148 2224 τῷ
2196 2152 2471 2224 αἰγυπτίῳ
2514 2152 2612 2206 καὶ
2647 2154 2864 2226 ἱλαρός·
2896 2153 3072 2219 οὕτως
3119 2155 3303 2227 ἱλαρὸς
3338 2151 3407 2227 ἦν
3435 2160 3550 2222 τοῖς
3582 2158 3846 2227 ἐντυγχά-

572 2269 746 2317 νουσι,
785 2250 880 2305 καὶ
910 2251 989 2323 τῷ
1035 2250 1472 2322 χαριεντίζεσθαι
1502 2249 1631 2312 τοὺς
1677 2247 1833 2312 νέους
1877 2242 1983 2319 ἦγε
2025 2247 2161 2321 πρὸς
2209 2246 2464 2317 ἄσκησιν.
2508 2245 2710 2303 τούτων
2732 2248 3005 2321 Εὐάγριος
3029 2249 3323 2321 γενόμενος
3359 2250 3610 2323 μαθητὴς
3649 2252 3754 2324 τὴν
3783 2239 3843 2305 δι’

573 2344 750 2417 ἔργων
786 2344 1105 2415 φιλοσοφίαν
1144 2345 1438 2414 ἐκτήσατο,
1467 2343 1733 2413 πρότερον
1761 2338 1907 2412 λόγῳ
1941 2342 2087 2412 μόνῳ
2116 2340 2407 2411 φιλόσοφος
2443 2341 2519 2396 ὢν
2540 2360 2553 2373 ο
2579 2341 2640 2406 ὃς
2684 2344 2742 2396 ἐν
2772 2338 3187 2397 Κωνσταντίνου
3217 2343 3371 2397 πόλει
3414 2344 3521 2397 ὑπὸ
3543 2346 3845 2416 Γρηγορὶου

570 2437 666 2491 τοῦ
695 2436 943 2506 θεολόγοι)
972 2439 1052 2501 εἰς
1084 2437 1185 2508 τὴν
1213 2436 1309 2490 τοῦ
1335 2435 1584 2489 διακόνου
1616 2434 1999 2506 προεχειρίσθη
2035 2433 2209 2499 τάξιν.
2258 2434 2398 2487 ἀλλὰ
2437 2436 2533 2488 καὶ¹
2574 2437 2635 2498 ἐς
2660 2433 2758 2506 τὴν
2780 2432 3059 2504 Λῐγυπτον
3089 2436 3388 2501 κατελθὼν,
3419 2438 3516 2491 καὶ
3555 2440 3672 2502 τοῖς
3700 2455 3840 2509 προ-

572 2531 844 2602 λεχθεῖσιν
888 2529 1126 2602 ἐντυχὼν
1173 2529 1420 2600 ἀνδράσι,
1454 2528 1546 2581 τὸν
1573 2526 1797 2581 ἐκείνων
1842 2527 1957 2598 βίον
1980 2526 2243 2599 ἐζήλωσε.
2289 2522 2467 2596 τούτῳ
2502 2527 2683 2598 βιϐλία
2713 2528 2854 2595 ἄγαν
2885 2527 3149 2583 σπουδαῖα
3185 2529 3635 2602 συγγέγραπται·
3670 2524 3753 2584 ὧν
3790 2531 3845 2584 τὸ

578 2626 678 2695 μὲν
716 2620 1005 2693 μοναχὸςῆ
1041 2620 1172 2692 περὶ
1201 2619 1515 2691 πρακτικῆς
1547 2616 1985 2686 ἐπιγέγραπται·
2021 2617 2083 2670 τὸ
2105 2616 2162 2671 δέ
2180 2617 2534 2688 γνωστικὸςῆ
2564 2618 2694 2688 περὶ
2721 2618 2831 2671 τῶν
2860 2618 3323 2685 καταξιωθέντων
3350 2618 3641 2689 γνώσεως·
3672 2622 3847 2692 κεφά-

571 2716 699 2770 λαια
738 2715 793 2768 δὲ
826 2713 990 2767 αὑτοῦ
1046 2731 1148 2767 πεν
1200 2715 1209 2782 |
1266 2716 1532 2784 τήκοντα⁶
1570 2712 1633 2764 τὸ
1659 2712 1715 2765 δὲ
1760 2711 2145 2783 ἀντιρῥητικὸν
2200 2712 2339 2783 πρὸς
2386 2714 2515 2776 τοὺς
2560 2710 2924 2783 πειράζοντας
2954 2713 3235 2783 δαίμονας,
3263 2715 3321 2769 ἐν
3343 2714 3487 2769 ὀκτὼ
3511 2715 3847 2789 διῃρημένον

574 2806 788 2876 μέρεσι,
814 2804 956 2859 κατά
976 2804 1068 2857 τὸν
1100 2804 1333 2875 ἀριθμὸν
1360 2804 1470 2857 τῶν
1506 2801 1651 2855 ὀκτὼ
1674 2802 1978 2873 λογισμῶν·
2008 2803 2101 2856 καὶ
2123 2801 2381 2867 ἑξακόσια
2414 2803 2797 2877 προγνωστικά
2825 2804 3187 2876 προϐλήματα
3206 2823 3219 2837 ο
3272 2805 3367 2859 καὶ
3400 2808 3635 2878 στιχηρὰ
3668 2807 3719 2877 β’
3738 2826 3750 2837 °
3780 2812 3834 2862 ἒν

572 2896 711 2969 πρὸς
742 2898 868 2961 τοὺς
919 2898 977 2951 ἐν
1028 2897 1315 2962 κοινοὸίοις
1358 2898 1391 2968 ἢ
1449 2895 1713 2959 συνοδίαις
1762 2894 2061 2966 μοναχούς·
2092 2895 2187 2949 καὶ
2216 2894 2275 2949 ἓν
2309 2896 2446 2968 πρὸς
2477 2897 2577 2967 τὴν
2604 2896 2927 2968 παρθενίαν.
2982 2897 3077 2950 καί
3117 2915 3251 2969 φησι
3284 2900 3425 2954 κατὰ
3468 2899 3615 2965 λέξιν
3636 2900 3843 2963 οὕτως·

570 2989 865 3057 ἀναγκαῖον
892 2990 991 3053 τὰς
1021 2990 1174 3053 ὁδοὺς
1195 2990 1304 3045 τῶν
1347 2991 1794 3061 προοδευσάντων
1852 2990 2101 3061 μοναχῶν
2158 2990 2336 3061 ὀρθῶς
2367 2991 2653 3064 διερωτᾷν,
2690 2992 2785 3045 καὶ
2832 2991 2966 3064 πρὸς
3019 2991 3186 3055 αὐτὰς
3218 2992 3647 3065 κατορθοῦσθαι⁸
3676 2995 3845 3049 πολλὰ

570 3086 681 3157 γάρ
708 3089 856 3140 ἐστιν
886 3086 977 3139 ὑπ’
1012 3086 1192 3139 αὐτῶν
1219 3087 1288 3141 τὰ
1329 3087 1567 3159 ρηθέντα
1606 3088 1703 3142 καὶ
1742 3087 2056 3158 πραχθέντα
2109 3085 2293 3150 καλῶς
2315 3102 2329 3117 ⁸
2363 3088 2422 3139 ἐν
2476 3079 2559 3149 οἷς
2610 3085 2707 3139 καὶ
2755 3085 2915 3139 τοῦτό
2940 3103 3024 3150 τις
3052 3085 3243 3155 ἔφησε,
3280 3086 3379 3155 τὴν
3426 3088 3733 3160 ξηροτέραν
3757 3091 3845 3141 καὶ

570 3176 858 3246 ἀνώμαλον
883 3176 1110 3243 δίαιταν,
1141 3177 1334 3250 ἀγάπῃ
1363 3178 1774 3249 συζευχθεῖσαν.
1809 3178 2002 3233 θᾶττον
2036 3177 2245 3245 διάγειν
2268 3177 2361 3231 τὸν
2398 3176 2629 3249 μοναχὸν
2659 3179 2742 3241 εἰς
2773 3177 3064 3234 ἀπάθειαν.

644 3267 988 3342 [Sequuntur
1004 3270 1273 3326 Homiliae
1302 3286 1497 3341 graece
1520 3288 1676 3343 pagg.
1698 3270 1891 3326 1-567.
1913 3271 1975 3325 ln
2010 3271 2115 3326 [ine
2150 3271 2279 3326 libri
2297 3272 2498 3344 legitur
2529 3291 2541 3326 :
2574 3272 2877 3327 Erccudebat
2904 3271 3048 3328 Guil.
3083 3271 3333 3327 Morelius
3375 3274 3430 3327 in
3460 3276 3663 3345 graecis
3692 3284 3841 3347 typo-

572 3360 805 3430 graphus
834 3357 1024 3430 Regius
1053 3359 1124 3414 Μ.
1168 3360 1234 3414 D.
1269 3360 1432 3433 LIX.]

1407 3718 1922 3823 JOANNIS
2003 3723 2239 3813 PlCI
2335 3722 3016 3819 PRAEFATIO

1220 3933 1303 3975 AD
1346 3930 1709 3975 VERSIONEM
1750 3931 2024 3976 LATINAM
2065 3932 2469 3977 HOMILIARUM
2510 3934 2565 3978 S.
2610 3934 2868 3978 MACARII
2907 3936 3199 3982 AEGYPTII

1897 4080 2052 4138 Quam
2076 4076 2233 4127 edidit
2255 4078 2349 4128 hoc
2373 4080 2519 4129 titulo
2547 4095 2559 4128 :

570 4235 629 4289 S.
657 4234 833 4313 Patris
860 4231 1082 4287 Macarii
1104 4232 1343 4313 Aegyptii
1371 4228 1644 4313 llomil'iae‘
1665 4227 2072 4313 quinquaginta,
2087 4227 2376 4313 interprete
2395 4226 2605 4313 {omine
2625 4228 2772 4313 Ilico,
2804 4231 2859 4313 in
2886 4228 3087 4313 Senatu
3113 4232 3359 4313 Pariensi
3383 4232 3648 4313 classiarii
3666 4237 3844 4313 inqui-

640 4307 947 4428 sitloriariém
971 4295 1237 4425 preside:
1250 4295 1477 4357 Parisiis
1500 4298 1573 4353 Μ.
1597 4295 1836 4353 1).ἰΙΧ.
1886 4295 2039 4367 Apud
2083 4295 2226 4351 Guil.
2254 4296 2533 4352 Illorelium
2560 4302 2615 4354 in
2641 4301 2853 4356 Graecis
2878 4306 3261 4373 typographum
3308 4300 3551 4375 Regium.
3599 4307 3685 4361 Ex
3725 4295 3841 4377 pri—

641 4394 688 4429 υι
716 4392 829 4446 egw
907 4389 1033 4444 €918.
1135 4380 1173 4424 °.

642 4612 876 4666 Joannes
895 4609 1069 4675 Picus,
1092 4610 1148 4662 in
1183 4616 1372 4662 senatu
1409 4607 1700 4662 Parisiensi
1746 4606 2011 4664 Classiam
2057 4611 2522 4680 inquisitoriarum
2552 4609 2796 4674 Praeses,
2824 4612 2921 4680 piis
2949 4612 3188 4666 omnibus
3216 4612 3413 4668 Christi
3461 4625 3513 4669 et
3572 4617 3845 4672 Ecclesiae

571 4716 789 4763 sanctae
815 4706 1097 4761 cultoribus
1124 4703 1385 4759 Salutem.

642 4805 815 4871 Quam
841 4801 1067 4871 antiqua
1107 4799 1179 4854 sit
1218 4808 1274 4854 et
1315 4797 1541 4853 illustris
1587 4798 2045 4853 anachoretarum
2087 4816 2151 4856 ac
2186 4801 2580 4855 monachorum
2628 4801 2804 4871 origo,
2845 4801 3089 4857 declarat
3130 4802 3384 4873 inprimis
3428 4804 3581 4859 beati
3616 4805 3849 4860 Joannis

573 4901 847 4972 Baptistae
874 4896 1119 4956 solitaria
1149 4896 1515 4961 conversatio,
1543 4910 1705 4965 quam
1738 4895 2158 4967 Evangeliorum
2192 4897 2338 4953 libro
2392 4898 2722 4969 descriptam
2756 4900 3057 4968 habemus;
3104 4898 3386 4953 declarant
3441 4897 3685 4951 secundo
3714 4896 3850 4951 loco

573 4989 930 5054 monimenta,
967 5004 1107 5059 quae
1166 4987 1328 5042 nobis
1380 4988 1725 5057 reliquerunt
1760 4988 2151 5057 Apostolorum
2202 4988 2458 5061 discipuli
2492 4999 2551 5045 et
2603 5006 2797 5045 eorum
2836 4993 3023 5047 coaevi
3057 4987 3394 5061 philosophi,
3430 4989 3593 5058 cujus
3620 4988 3853 5058 generis

574 5078 785 5135 exstitit
816 5078 974 5134 Philo
1005 5078 1364 5149 philosophus
1393 5088 1449 5133 et
1472 5088 1657 5133 orator
1689 5078 2048 5144 clarissimus,
2114 5080 2207 5149 qui
2235 5090 2547 5136 sanctorum
2580 5082 2726 5138 Petri
2769 5082 3045 5153 Marcique
3076 5082 3451 5154 apostolorum
3493 5082 3851 5151 temporibus

573 5173 799 5238 ﬂoruit;
833 5173 1116 5227 declarant
1153 5180 1431 5242 postremo
1469 5178 1725 5225 auctores
1753 5169 2026 5223 Historiae
2065 5170 2494 5235 ecclesiasticae,
2515 5186 2815 5242 rerumque
2842 5172 3152 5226 divinarum
3194 5170 3448 5224 doctores
3475 5178 3533 5223 et
3559 5170 3849 5237 interpreo

576 5274 661 5321 tes
700 5279 880 5333 :quos
906 5263 1258 5319 introducere
1286 5263 1575 5331 loquentes
1606 5262 1769 5326 malo,
1805 5277 1970 5331 quam
1994 5276 2304 5317 sermonem
2360 5279 2543 5317 meum
2604 5263 2713 5319 illis
2781 5263 3071 5335 ailingcre,
3119 5262 3380 5333 quoniam
3458 5261 3514 5314 in
3572 5276 3636 5313 ea
3685 5268 3848 5313 tem-

575 5370 710 5424 pora
748 5354 1062 5419 incidimus,
1087 5354 1288 5424 quibus
1310 5368 1491 5417 omne,
1519 5352 1871 5422 quantumvis
1892 5368 2104 5417 verum,
2130 5362 2495 5423 oppugnatur,
2526 5370 2630 5408 nec
2650 5354 2896 5409 creditur
2917 5370 2946 5407 a
2967 5355 3239 5425 plerisque
3286 5356 3391 5410 nisi
3416 5356 3568 5425 quod
3596 5354 3757 5408 lubet
3790 5363 3852 5406 et

574 5445 799 5500 arridet.
820 5446 1213 5516 Depromamus
1230 5460 1361 5515 ergo
1378 5444 1618 5513 primum
1641 5442 1905 5513 quaedam
1928 5443 2149 5498 cxlibro
2190 5444 2333 5498 beati
2356 5445 2601 5516 Dionysii
2632 5444 3018 5515 Apostolorum
3055 5444 3307 5515 discipuli
3357 5445 3426 5499 de
3447 5443 3853 5499 Ecclesiastica

574 5535 882 5592 hierarchia
898 5553 916 5591 ῐ
934 5536 1033 5609 (α);
1060 5557 1079 5589 ‹
1101 5538 1164 5590 Ἡ
1183 5537 1240 5590 δὲ
1258 5537 1367 5590 τῶν
1379 5537 1717 5609 τελουμένων
1736 5535 1961 5590 ἁπασῶν
1981 5537 2285 5610 ὑψηλοτέρα
2304 5539 2522 5610 τάξι;,ἠ
2546 5538 2653 5591 τῶν
2677 5538 2925 5610 μοναχῶν
2945 5540 3091 5591 ἐστιν
3116 5538 3232 5609 ἱερὰ
3247 5538 3631 5608 διακόσμησις,
3646 5537 3853 5589 πᾶσαν

578 5629 677 5700 μὲν
696 5630 1189 5701 ἀποκεκαθαρμένη
1209 5630 1494 5703 κάθαρσιν,
1517 5632 1670 5703 ὁλικῇ
1690 5632 2045 5704 δυνάμει,καὶ
2065 5633 2317 5687 παντελεῖ
2332 5634 2441 5688 τῶν
2458 5635 2675 5689 οἰκείων
2695 5632 2982 5705 ἐνεργειῶν
3003 5632 3279 5703 ἁγνότητι,
3296 5633 3477 5703 πάσης
3496 5632 3721 5705 δὲ,ὅσης
3743 5629 3854 5686 Θεο

2080 5741 2329 5799 NOTAE.

650 5813 729 5886 (α)
760 5814 890 5883 Cap.
924 5816 957 5869 6
984 5814 1051 5870 de
1078 5813 1372 5869 ordinibus
1393 5812 1488 5883 qui
1521 5810 1828 5870 initiantur.
