  <div class='ocr_page' id='page_1' title='image "/cluster/home/n/w/nwhite01/storage/ocr_20150623/34/hvd.32044019207760/154.png"; bbox 0 0 3950 6562; ppageno 0'>
   <div class='ocr_carea' id='block_1_1' title="bbox 162 326 3403 397">
    <p class='ocr_par' dir='ltr' id='par_1_1' title="bbox 162 326 3403 397">
     <span class='ocr_line' id='line_1_1' title="bbox 162 326 3403 397; baseline 0.004 -12"><span class='ocrx_word' id='word_1_1' title='bbox 162 326 266 385; x_wconf 78' lang='grc'>285</span> <span class='ocrx_word' id='word_1_2' title='bbox 933 329 1023 384; x_wconf 80' lang='lat' dir='ltr'><strong>AD</strong></span> <span class='ocrx_word' id='word_1_3' title='bbox 1062 327 1457 384; x_wconf 75' lang='lat' dir='ltr'>VERSIONEM</span> <span class='ocrx_word' id='word_1_4' title='bbox 1493 328 1653 387; x_wconf 84' lang='lat' dir='ltr'>LAT.</span> <span class='ocrx_word' id='word_1_5' title='bbox 1694 330 1869 387; x_wconf 85' lang='lat' dir='ltr'>HOM.</span> <span class='ocrx_word' id='word_1_6' title='bbox 1902 330 1960 388; x_wconf 88' lang='lat' dir='ltr'><strong>S.</strong></span> <span class='ocrx_word' id='word_1_7' title='bbox 1998 330 2282 389; x_wconf 80' lang='lat' dir='ltr'>MACARII</span> <span class='ocrx_word' id='word_1_8' title='bbox 2317 332 2657 389; x_wconf 75' lang='lat' dir='ltr'>AEGYPTII.</span> <span class='ocrx_word' id='word_1_9' title='bbox 3295 340 3403 397; x_wconf 71' lang='lat'>286</span> 
     </span>
    </p>
   </div>
   <div class='ocr_carea' id='block_1_2' title="bbox 165 440 3397 522">
    <p class='ocr_par' dir='ltr' id='par_1_2' title="bbox 165 440 3397 522">
     <span class='ocr_line' id='line_1_2' title="bbox 165 440 3397 522; baseline 0.004 -28"><span class='ocrx_word' id='word_1_10' title='bbox 165 441 318 513; x_wconf 80' lang='grc' dir='ltr'>μιτδν</span> <span class='ocrx_word' id='word_1_11' title='bbox 339 440 474 512; x_wconf 80' lang='grc' dir='ltr'>αὑτῇ</span> <span class='ocrx_word' id='word_1_12' title='bbox 499 440 745 510; x_wconf 82' lang='grc' dir='ltr'>θεωρεῖν,</span> <span class='ocrx_word' id='word_1_13' title='bbox 769 442 1080 513; x_wconf 78' lang='grc' dir='ltr'>ἱερουργίας</span> <span class='ocrx_word' id='word_1_14' title='bbox 1101 444 1159 496; x_wconf 89' lang='grc' dir='ltr'>ἐν</span> <span class='ocrx_word' id='word_1_15' title='bbox 1184 445 1346 513; x_wconf 85' lang='grc' dir='ltr'>νοερᾷ</span> <span class='ocrx_word' id='word_1_16' title='bbox 1376 443 1385 513; x_wconf 92' lang='lat'>|</span> <span class='ocrx_word' id='word_1_17' title='bbox 1419 443 1623 514; x_wconf 86' lang='grc' dir='ltr'>θεωρίᾳ</span> <span class='ocrx_word' id='word_1_18' title='bbox 1649 445 1742 498; x_wconf 76' lang='grc' dir='ltr'>καὶ</span> <span class='ocrx_word' id='word_1_19' title='bbox 1776 444 2030 517; x_wconf 76' lang='grc' dir='ltr'>κοινωνίᾳ</span> <span class='ocrx_word' id='word_1_20' title='bbox 2064 446 2430 517; x_wconf 82' lang='grc' dir='ltr'>γεγενημένη,</span> <span class='ocrx_word' id='word_1_21' title='bbox 2450 449 2544 501; x_wconf 80' lang='grc' dir='ltr'>καὶ</span> <span class='ocrx_word' id='word_1_22' title='bbox 2560 449 2680 511; x_wconf 88' lang='grc' dir='ltr'>ταῖς</span> <span class='ocrx_word' id='word_1_23' title='bbox 2700 447 2807 503; x_wconf 88' lang='grc' dir='ltr'>τῶν</span> <span class='ocrx_word' id='word_1_24' title='bbox 2838 451 3108 522; x_wconf 88' lang='grc' dir='ltr'>ἱεραρχῶν</span> <span class='ocrx_word' id='word_1_25' title='bbox 3122 455 3397 509; x_wconf 85' lang='grc' dir='ltr'>τελειωτι-</span> 
     </span>
    </p>
   </div>
   <div class='ocr_carea' id='block_1_3' title="bbox 162 536 3396 617">
    <p class='ocr_par' dir='ltr' id='par_1_3' title="bbox 162 536 3396 617">
     <span class='ocr_line' id='line_1_3' title="bbox 162 536 3396 617; baseline 0.003 -26"><span class='ocrx_word' id='word_1_26' title='bbox 162 539 283 601; x_wconf 86' lang='grc' dir='ltr'>καῖς</span> <span class='ocrx_word' id='word_1_27' title='bbox 306 537 600 606; x_wconf 87' lang='grc' dir='ltr'>δυνάμεσιν</span> <span class='ocrx_word' id='word_1_28' title='bbox 621 536 1060 609; x_wconf 76' lang='grc' dir='ltr'>ἐγχειριζομένη,</span> <span class='ocrx_word' id='word_1_29' title='bbox 1087 540 1182 592; x_wconf 71' lang='grc' dir='ltr'>καὶ</span> <span class='ocrx_word' id='word_1_30' title='bbox 1196 542 1315 602; x_wconf 86' lang='grc' dir='ltr'>ταῖς</span> <span class='ocrx_word' id='word_1_31' title='bbox 1332 540 1539 603; x_wconf 79' lang='grc' dir='ltr'>ἐνθέοις</span> <span class='ocrx_word' id='word_1_32' title='bbox 1555 541 1736 593; x_wconf 86' lang='grc' dir='ltr'>αὐτῶν</span> <span class='ocrx_word' id='word_1_33' title='bbox 1757 540 2055 612; x_wconf 78' lang='grc' dir='ltr'>ἐλλάμψεσι</span> <span class='ocrx_word' id='word_1_34' title='bbox 2074 543 2175 595; x_wconf 63' lang='grc' dir='ltr'>ικαὶ</span> <span class='ocrx_word' id='word_1_35' title='bbox 2213 543 2550 614; x_wconf 79' lang='grc' dir='ltr'>ἱεραρχικαῖς</span> <span class='ocrx_word' id='word_1_36' title='bbox 2584 542 2945 615; x_wconf 83' lang='grc' dir='ltr'>παραδόσεσιν</span> <span class='ocrx_word' id='word_1_37' title='bbox 2973 546 3396 617; x_wconf 84' lang='grc' dir='ltr'>ἐκδιδασκομένη</span> 
     </span>
    </p>
   </div>
   <div class='ocr_carea' id='block_1_4' title="bbox 159 628 3400 710">
    <p class='ocr_par' dir='ltr' id='par_1_4' title="bbox 159 628 3400 710">
     <span class='ocr_line' id='line_1_4' title="bbox 159 628 3400 710; baseline 0.002 -27"><span class='ocrx_word' id='word_1_38' title='bbox 159 630 255 692; x_wconf 78' lang='grc' dir='ltr'>τὰς</span> <span class='ocrx_word' id='word_1_39' title='bbox 279 628 709 692; x_wconf 85' lang='grc' dir='ltr'>ἐποπτευθείσας</span> <span class='ocrx_word' id='word_1_40' title='bbox 736 628 845 681; x_wconf 91' lang='grc' dir='ltr'>τῶν</span> <span class='ocrx_word' id='word_1_41' title='bbox 883 630 1004 683; x_wconf 86' lang='grc' dir='ltr'>κατ’</span> <span class='ocrx_word' id='word_1_42' title='bbox 1033 631 1203 701; x_wconf 80' lang='grc' dir='ltr'>αὐτὴν</span> <span class='ocrx_word' id='word_1_43' title='bbox 1223 631 1382 701; x_wconf 87' lang='grc' dir='ltr'>ἱερῶν</span> <span class='ocrx_word' id='word_1_44' title='bbox 1421 632 1653 685; x_wconf 82' lang='grc' dir='ltr'>τελετῶν</span> <span class='ocrx_word' id='word_1_45' title='bbox 1684 634 2018 705; x_wconf 78' lang='grc' dir='ltr'>ἱερουργίας,</span> <span class='ocrx_word' id='word_1_46' title='bbox 2049 635 2305 706; x_wconf 76' lang='grc' dir='ltr'>καὶπρὸς</span> <span class='ocrx_word' id='word_1_47' title='bbox 2342 636 2442 708; x_wconf 81' lang='grc' dir='ltr'>τῆς</span> <span class='ocrx_word' id='word_1_48' title='bbox 2484 638 2632 704; x_wconf 83' lang='grc' dir='ltr'>ἱερᾶς</span> <span class='ocrx_word' id='word_1_49' title='bbox 2661 639 2837 692; x_wconf 68' lang='grc' dir='ltr'>αὐτῶν</span> <span class='ocrx_word' id='word_1_50' title='bbox 2866 640 3173 710; x_wconf 80' lang='grc' dir='ltr'>ἐπιστήμης</span> <span class='ocrx_word' id='word_1_51' title='bbox 3210 638 3400 693; x_wconf 68' lang='grc' dir='ltr'>ἀναλός</span> 
     </span>
    </p>
   </div>
   <div class='ocr_carea' id='block_1_5' title="bbox 160 714 3398 803">
    <p class='ocr_par' dir='ltr' id='par_1_5' title="bbox 160 714 3398 803">
     <span class='ocr_line' id='line_1_5' title="bbox 160 714 3398 803; baseline 0.002 -25"><span class='ocrx_word' id='word_1_52' title='bbox 160 743 267 794; x_wconf 85' lang='grc' dir='ltr'>γως</span> <span class='ocrx_word' id='word_1_53' title='bbox 297 728 378 790; x_wconf 84' lang='grc' dir='ltr'>εἱς</span> <span class='ocrx_word' id='word_1_54' title='bbox 430 726 775 797; x_wconf 80' lang='grc' dir='ltr'>τελειοτάτην</span> <span class='ocrx_word' id='word_1_55' title='bbox 823 725 1135 795; x_wconf 77' lang='grc' dir='ltr'>ἀναγομένη</span> <span class='ocrx_word' id='word_1_56' title='bbox 1178 726 1479 781; x_wconf 86' lang='grc' dir='ltr'>τελείωσιν.</span> <span class='ocrx_word' id='word_1_57' title='bbox 1511 727 1664 780; x_wconf 82' lang='grc' dir='ltr'>ἐνθεν</span> <span class='ocrx_word' id='word_1_58' title='bbox 1722 715 1796 780; x_wconf 75' lang='grc' dir='ltr'>οἰ’</span> <span class='ocrx_word' id='word_1_59' title='bbox 1825 729 1958 783; x_wconf 87' lang='grc' dir='ltr'>θεῖοι</span> <span class='ocrx_word' id='word_1_60' title='bbox 1999 730 2373 801; x_wconf 81' lang='grc' dir='ltr'>καθηγεμόνες</span> <span class='ocrx_word' id='word_1_61' title='bbox 2419 714 2578 801; x_wconf 76' lang='grc' dir='ltr'>ήμῶν</span> <span class='ocrx_word' id='word_1_62' title='bbox 2626 731 2953 803; x_wconf 89' lang='grc' dir='ltr'>ἐπωνυμιῶν</span> <span class='ocrx_word' id='word_1_63' title='bbox 2995 732 3191 796; x_wconf 77' lang='grc' dir='ltr'>αὐτοὺς</span> <span class='ocrx_word' id='word_1_64' title='bbox 3238 732 3398 803; x_wconf 90' lang='grc' dir='ltr'>ἱερῶν</span> 
     </span>
    </p>
   </div>
   <div class='ocr_carea' id='block_1_6' title="bbox 157 819 3398 899">
    <p class='ocr_par' dir='ltr' id='par_1_6' title="bbox 157 819 3398 899">
     <span class='ocr_line' id='line_1_6' title="bbox 157 819 3398 899; baseline 0.002 -28"><span class='ocrx_word' id='word_1_65' title='bbox 157 819 415 889; x_wconf 75' lang='grc' dir='ltr'>ἠξίωσαν,</span> <span class='ocrx_word' id='word_1_66' title='bbox 452 822 501 873; x_wconf 88' lang='grc' dir='ltr'>οἱ</span> <span class='ocrx_word' id='word_1_67' title='bbox 536 820 633 891; x_wconf 79' lang='grc' dir='ltr'>μὲν</span> <span class='ocrx_word' id='word_1_68' title='bbox 660 820 1024 892; x_wconf 82' lang='grc' dir='ltr'>θεραπευτάς,</span> <span class='ocrx_word' id='word_1_69' title='bbox 1079 823 1129 874; x_wconf 85' lang='grc' dir='ltr'>οἱ</span> <span class='ocrx_word' id='word_1_70' title='bbox 1167 820 1223 873; x_wconf 82' lang='grc' dir='ltr'>δὲ</span> <span class='ocrx_word' id='word_1_71' title='bbox 1266 820 1532 890; x_wconf 83' lang='grc' dir='ltr'>μοναχοὺς</span> <span class='ocrx_word' id='word_1_72' title='bbox 1558 820 1945 891; x_wconf 87' lang='grc' dir='ltr'>ὀνομάσαντες,</span> <span class='ocrx_word' id='word_1_73' title='bbox 1977 826 2041 876; x_wconf 91' lang='grc' dir='ltr'>ἐκ</span> <span class='ocrx_word' id='word_1_74' title='bbox 2085 824 2184 895; x_wconf 84' lang='grc' dir='ltr'>τῆς</span> <span class='ocrx_word' id='word_1_75' title='bbox 2212 824 2308 878; x_wconf 79' lang='grc' dir='ltr'>τοῦ</span> <span class='ocrx_word' id='word_1_76' title='bbox 2348 824 2483 877; x_wconf 81' lang='grc' dir='ltr'>Θεοῦ</span> <span class='ocrx_word' id='word_1_77' title='bbox 2513 826 2757 899; x_wconf 86' lang='grc' dir='ltr'>καθαρᾶς</span> <span class='ocrx_word' id='word_1_78' title='bbox 2787 828 3089 899; x_wconf 76' lang='grc' dir='ltr'>ὑπηρεσίας</span> <span class='ocrx_word' id='word_1_79' title='bbox 3118 827 3211 880; x_wconf 74' lang='grc' dir='ltr'>καὶ</span> <span class='ocrx_word' id='word_1_80' title='bbox 3234 828 3398 899; x_wconf 82' lang='grc' dir='ltr'>θερα-</span> 
     </span>
    </p>
   </div>
   <div class='ocr_carea' id='block_1_7' title="bbox 156 914 3398 992">
    <p class='ocr_par' dir='ltr' id='par_1_7' title="bbox 156 914 3398 992">
     <span class='ocr_line' id='line_1_7' title="bbox 156 914 3398 992; baseline 0.002 -25"><span class='ocrx_word' id='word_1_81' title='bbox 156 915 337 978; x_wconf 87' lang='grc' dir='ltr'>πείας,</span> <span class='ocrx_word' id='word_1_82' title='bbox 375 914 468 967; x_wconf 77' lang='grc' dir='ltr'>καὶ</span> <span class='ocrx_word' id='word_1_83' title='bbox 511 918 611 986; x_wconf 85' lang='grc' dir='ltr'>τῆς</span> <span class='ocrx_word' id='word_1_84' title='bbox 642 917 942 987; x_wconf 84' lang='grc' dir='ltr'>ἀμερίστου</span> <span class='ocrx_word' id='word_1_85' title='bbox 989 917 1084 971; x_wconf 76' lang='grc' dir='ltr'>καὶ</span> <span class='ocrx_word' id='word_1_86' title='bbox 1116 915 1321 978; x_wconf 86' lang='grc' dir='ltr'>ἐνιαίας</span> <span class='ocrx_word' id='word_1_87' title='bbox 1349 914 1515 985; x_wconf 79' lang='grc' dir='ltr'>ζωῆς,</span> <span class='ocrx_word' id='word_1_88' title='bbox 1564 918 1639 980; x_wconf 85' lang='grc' dir='ltr'>ὼς</span> <span class='ocrx_word' id='word_1_89' title='bbox 1673 919 2025 989; x_wconf 78' lang='grc' dir='ltr'>ἐνοποιοὺσης</span> <span class='ocrx_word' id='word_1_90' title='bbox 2053 920 2249 983; x_wconf 82' lang='grc' dir='ltr'>αὐτοὺς</span> <span class='ocrx_word' id='word_1_91' title='bbox 2276 921 2333 973; x_wconf 90' lang='grc' dir='ltr'>ἐν</span> <span class='ocrx_word' id='word_1_92' title='bbox 2358 924 2477 985; x_wconf 88' lang='grc' dir='ltr'>ταῖς</span> <span class='ocrx_word' id='word_1_93' title='bbox 2508 922 2615 976; x_wconf 88' lang='grc' dir='ltr'>τῶν</span> <span class='ocrx_word' id='word_1_94' title='bbox 2638 920 2918 991; x_wconf 87' lang='grc' dir='ltr'>διαιρετῶν</span> <span class='ocrx_word' id='word_1_95' title='bbox 2951 920 3121 992; x_wconf 81' lang='grc' dir='ltr'>ἱεραῖς</span> <span class='ocrx_word' id='word_1_96' title='bbox 3150 919 3398 990; x_wconf 81' lang='grc' dir='ltr'>συμπτό-</span> 
     </span>
    </p>
   </div>
   <div class='ocr_carea' id='block_1_8' title="bbox 154 1008 3400 1085">
    <p class='ocr_par' dir='ltr' id='par_1_8' title="bbox 154 1008 3400 1085">
     <span class='ocr_line' id='line_1_8' title="bbox 154 1008 3400 1085; baseline 0.002 -25"><span class='ocrx_word' id='word_1_97' title='bbox 154 1009 322 1072; x_wconf 79' lang='grc' dir='ltr'>ξεσιν,</span> <span class='ocrx_word' id='word_1_98' title='bbox 356 1011 434 1071; x_wconf 88' lang='grc' dir='ltr'>είς</span> <span class='ocrx_word' id='word_1_99' title='bbox 458 1008 663 1079; x_wconf 87' lang='grc' dir='ltr'>θεοειδῆ</span> <span class='ocrx_word' id='word_1_100' title='bbox 697 1009 899 1079; x_wconf 86' lang='grc' dir='ltr'>μονάδα</span> <span class='ocrx_word' id='word_1_101' title='bbox 923 1010 1018 1063; x_wconf 80' lang='grc' dir='ltr'>καὶ</span> <span class='ocrx_word' id='word_1_102' title='bbox 1041 1009 1284 1077; x_wconf 85' lang='grc' dir='ltr'>φιλόθεον</span> <span class='ocrx_word' id='word_1_103' title='bbox 1305 1009 1603 1065; x_wconf 89' lang='grc' dir='ltr'>τελείωσιν.</span> <span class='ocrx_word' id='word_1_104' title='bbox 1630 1009 1696 1063; x_wconf 90' lang='grc' dir='ltr'>δι’</span> <span class='ocrx_word' id='word_1_105' title='bbox 1732 1010 1760 1062; x_wconf 84' lang='grc' dir='ltr'><strong>ὃ</strong></span> <span class='ocrx_word' id='word_1_106' title='bbox 1791 1011 1885 1063; x_wconf 76' lang='grc' dir='ltr'>καὶ</span> <span class='ocrx_word' id='word_1_107' title='bbox 1909 1010 2225 1082; x_wconf 80' lang='grc' dir='ltr'>τελεστικὴν</span> <span class='ocrx_word' id='word_1_108' title='bbox 2261 1012 2444 1077; x_wconf 86' lang='grc' dir='ltr'>αὑτοῖς</span> <span class='ocrx_word' id='word_1_109' title='bbox 2474 1014 2784 1085; x_wconf 87' lang='grc' dir='ltr'>ἐδωρήσατο</span> <span class='ocrx_word' id='word_1_110' title='bbox 2803 1011 2961 1083; x_wconf 84' lang='grc' dir='ltr'>χάριν</span> <span class='ocrx_word' id='word_1_111' title='bbox 2983 1014 3015 1083; x_wconf 84' lang='grc' dir='ltr'>ή</span> <span class='ocrx_word' id='word_1_112' title='bbox 3050 1012 3173 1082; x_wconf 88' lang='grc' dir='ltr'>ἱερά</span> <span class='ocrx_word' id='word_1_113' title='bbox 3201 1012 3400 1083; x_wconf 88' lang='grc' dir='ltr'>θεσμο-</span> 
     </span>
    </p>
   </div>
   <div class='ocr_carea' id='block_1_9' title="bbox 153 1100 3400 1178">
    <p class='ocr_par' dir='ltr' id='par_1_9' title="bbox 153 1100 3400 1178">
     <span class='ocr_line' id='line_1_9' title="bbox 153 1100 3400 1178; baseline 0.002 -24"><span class='ocrx_word' id='word_1_114' title='bbox 153 1102 333 1165; x_wconf 86' lang='grc' dir='ltr'>θεσία,</span> <span class='ocrx_word' id='word_1_115' title='bbox 371 1100 463 1154; x_wconf 87' lang='grc' dir='ltr'>καί</span> <span class='ocrx_word' id='word_1_116' title='bbox 492 1118 635 1164; x_wconf 90' lang='grc' dir='ltr'>τινος</span> <span class='ocrx_word' id='word_1_117' title='bbox 661 1103 859 1166; x_wconf 83' lang='grc' dir='ltr'>αὑτοὺς</span> <span class='ocrx_word' id='word_1_118' title='bbox 894 1102 1126 1171; x_wconf 76' lang='grc' dir='ltr'>ἠξίωσεν</span> <span class='ocrx_word' id='word_1_119' title='bbox 1159 1102 1532 1172; x_wconf 81' lang='grc' dir='ltr'>ἀφιερωτικῆς</span> <span class='ocrx_word' id='word_1_120' title='bbox 1571 1102 1914 1173; x_wconf 80' lang='grc' dir='ltr'>ἐπικλήσεως</span> <span class='ocrx_word' id='word_1_121' title='bbox 1938 1105 2037 1175; x_wconf 88' lang='grc' dir='ltr'>οὑχ</span> <span class='ocrx_word' id='word_1_122' title='bbox 2072 1106 2415 1178; x_wconf 79' lang='grc' dir='ltr'>ἱεραρχικῆς,</span> <span class='ocrx_word' id='word_1_123' title='bbox 2446 1108 2627 1178; x_wconf 88' lang='grc' dir='ltr'>ἐκείνη</span> <span class='ocrx_word' id='word_1_124' title='bbox 2673 1106 2781 1178; x_wconf 85' lang='grc' dir='ltr'>γὰρ</span> <span class='ocrx_word' id='word_1_125' title='bbox 2814 1107 2905 1161; x_wconf 73' lang='grc' dir='ltr'>ἐπὶ</span> <span class='ocrx_word' id='word_1_126' title='bbox 2936 1106 3125 1176; x_wconf 81' lang='grc' dir='ltr'>μόναις</span> <span class='ocrx_word' id='word_1_127' title='bbox 3153 1108 3400 1175; x_wconf 83' lang='grc' dir='ltr'>γίγνεται</span> 
     </span>
    </p>
   </div>
   <div class='ocr_carea' id='block_1_10' title="bbox 148 1193 3397 1273">
    <p class='ocr_par' dir='ltr' id='par_1_10' title="bbox 148 1193 3397 1273">
     <span class='ocr_line' id='line_1_10' title="bbox 148 1193 3397 1273; baseline 0.003 -29"><span class='ocrx_word' id='word_1_128' title='bbox 148 1195 273 1255; x_wconf 82' lang='grc' dir='ltr'>ταῖς</span> <span class='ocrx_word' id='word_1_129' title='bbox 307 1195 611 1265; x_wconf 86' lang='grc' dir='ltr'>ἱερατικαῖς</span> <span class='ocrx_word' id='word_1_130' title='bbox 636 1196 878 1262; x_wconf 81' lang='grc' dir='ltr'>τάξεσιν,</span> <span class='ocrx_word' id='word_1_131' title='bbox 901 1193 1017 1249; x_wconf 87' lang='grc' dir='ltr'>ἀλλ’</span> <span class='ocrx_word' id='word_1_132' title='bbox 1063 1196 1439 1265; x_wconf 78' lang='grc' dir='ltr'>ἱερουργικῆς,</span> <span class='ocrx_word' id='word_1_133' title='bbox 1462 1196 1567 1249; x_wconf 84' lang='grc' dir='ltr'>ὑπὸ</span> <span class='ocrx_word' id='word_1_134' title='bbox 1587 1195 1696 1249; x_wconf 91' lang='grc' dir='ltr'>τῶν</span> <span class='ocrx_word' id='word_1_135' title='bbox 1719 1196 1882 1250; x_wconf 84' lang='grc' dir='ltr'>ὁσίων</span> <span class='ocrx_word' id='word_1_136' title='bbox 1906 1198 2099 1267; x_wconf 77' lang='grc' dir='ltr'>ἱερέων</span> <span class='ocrx_word' id='word_1_137' title='bbox 2123 1201 2189 1270; x_wconf 82' lang='grc' dir='ltr'>τῇ</span> <span class='ocrx_word' id='word_1_138' title='bbox 2221 1200 2505 1271; x_wconf 80' lang='grc' dir='ltr'>ίεραρχικῇ</span> <span class='ocrx_word' id='word_1_139' title='bbox 2528 1200 2876 1273; x_wconf 79' lang='grc' dir='ltr'>τελετουργίᾳ</span> <span class='ocrx_word' id='word_1_140' title='bbox 2894 1201 3154 1271; x_wconf 83' lang='grc' dir='ltr'>δευτέρως</span> <span class='ocrx_word' id='word_1_141' title='bbox 3182 1204 3397 1273; x_wconf 84' lang='grc' dir='ltr'>ἱερουρ-</span> 
     </span>
    </p>
   </div>
   <div class='ocr_carea' id='block_1_11' title="bbox 149 1287 3153 1358">
    <p class='ocr_par' dir='ltr' id='par_1_11' title="bbox 149 1287 3153 1358">
     <span class='ocr_line' id='line_1_11' title="bbox 149 1287 3153 1358; baseline 0.003 -21"><span class='ocrx_word' id='word_1_142' title='bbox 149 1287 449 1358; x_wconf 87' lang='grc' dir='ltr'>γουμένης.</span> <span class='ocrx_word' id='word_1_143' title='bbox 3144 1314 3153 1321; x_wconf 89' lang='grc'><strong>·</strong></span> 
     </span>
    </p>
   </div>
   <div class='ocr_carea' id='block_1_12' title="bbox 1205 1378 2338 1472">
    <p class='ocr_par' dir='ltr' id='par_1_12' title="bbox 1205 1378 2338 1472">
     <span class='ocr_line' id='line_1_12' title="bbox 1205 1378 2338 1472; baseline 0.007 -42"><span class='ocrx_word' id='word_1_144' title='bbox 1205 1380 1555 1445; x_wconf 77' lang='grc' dir='ltr'>Μυστήριον</span> <span class='ocrx_word' id='word_1_145' title='bbox 1587 1378 1924 1449; x_wconf 80' lang='grc' dir='ltr'>μοναχικῆς</span> <span class='ocrx_word' id='word_1_146' title='bbox 1956 1382 2338 1472; x_wconf 53' lang='grc' dir='ltr'>τελειώσεως.</span> 
     </span>
    </p>
   </div>
   <div class='ocr_carea' id='block_1_13' title="bbox 229 1490 3393 1570">
    <p class='ocr_par' dir='ltr' id='par_1_13' title="bbox 229 1490 3393 1570">
     <span class='ocr_line' id='line_1_13' title="bbox 229 1490 3393 1570; baseline 0.002 -21"><span class='ocrx_word' id='word_1_147' title='bbox 229 1498 290 1549; x_wconf 92' lang='lat'>&#39;0</span> <span class='ocrx_word' id='word_1_148' title='bbox 320 1496 420 1567; x_wconf 82' lang='grc' dir='ltr'>μὲν</span> <span class='ocrx_word' id='word_1_149' title='bbox 444 1495 621 1567; x_wconf 75' lang='grc' dir='ltr'>ἱερεὺς</span> <span class='ocrx_word' id='word_1_150' title='bbox 647 1495 875 1565; x_wconf 76' lang='grc' dir='ltr'>ἕστηκεν</span> <span class='ocrx_word' id='word_1_151' title='bbox 902 1492 1199 1563; x_wconf 81' lang='grc' dir='ltr'>ἐπίπροσθε</span> <span class='ocrx_word' id='word_1_152' title='bbox 1235 1492 1328 1545; x_wconf 83' lang='grc' dir='ltr'>τοῦ</span> <span class='ocrx_word' id='word_1_153' title='bbox 1355 1492 1500 1546; x_wconf 83' lang='grc' dir='ltr'>θείου</span> <span class='ocrx_word' id='word_1_154' title='bbox 1534 1490 1939 1567; x_wconf 73' lang='grc' dir='ltr'>θυσιαστηρίου,</span> <span class='ocrx_word' id='word_1_155' title='bbox 1972 1497 2071 1569; x_wconf 77' lang='grc' dir='ltr'>τὴν</span> <span class='ocrx_word' id='word_1_156' title='bbox 2104 1496 2402 1567; x_wconf 83' lang='grc' dir='ltr'>μοναχικὴν</span> <span class='ocrx_word' id='word_1_157' title='bbox 2426 1496 2713 1570; x_wconf 88' lang='grc' dir='ltr'>ἐπίκλησιν</span> <span class='ocrx_word' id='word_1_158' title='bbox 2734 1498 3039 1570; x_wconf 88' lang='grc' dir='ltr'>ἱερολογῶν·</span> <span class='ocrx_word' id='word_1_159' title='bbox 3066 1502 3095 1553; x_wconf 98' lang='lat'>6</span> <span class='ocrx_word' id='word_1_160' title='bbox 3120 1500 3178 1554; x_wconf 77' lang='grc' dir='ltr'>δέ</span> <span class='ocrx_word' id='word_1_161' title='bbox 3206 1499 3393 1554; x_wconf 79' lang='grc' dir='ltr'>τελού-</span> 
     </span>
    </p>
   </div>
   <div class='ocr_carea' id='block_1_14' title="bbox 152 1571 3396 1663">
    <p class='ocr_par' dir='ltr' id='par_1_14' title="bbox 152 1571 3396 1663">
     <span class='ocr_line' id='line_1_14' title="bbox 152 1571 3396 1663; baseline 0.002 -23"><span class='ocrx_word' id='word_1_162' title='bbox 152 1606 319 1656; x_wconf 86' lang='grc' dir='ltr'>μενος</span> <span class='ocrx_word' id='word_1_163' title='bbox 342 1588 518 1640; x_wconf 83' lang='grc' dir='ltr'>ὀπίσω</span> <span class='ocrx_word' id='word_1_164' title='bbox 549 1586 643 1639; x_wconf 86' lang='grc' dir='ltr'>τοῦ</span> <span class='ocrx_word' id='word_1_165' title='bbox 672 1584 859 1653; x_wconf 85' lang='grc' dir='ltr'>ἱερέως</span> <span class='ocrx_word' id='word_1_166' title='bbox 879 1583 1129 1655; x_wconf 78' lang='grc' dir='ltr'>ἕστηκεν,</span> <span class='ocrx_word' id='word_1_167' title='bbox 1156 1585 1257 1637; x_wconf 86' lang='grc' dir='ltr'>οὑκ</span> <span class='ocrx_word' id='word_1_168' title='bbox 1282 1586 1448 1655; x_wconf 83' lang='grc' dir='ltr'>ἄμφω</span> <span class='ocrx_word' id='word_1_169' title='bbox 1473 1584 1552 1638; x_wconf 88' lang='grc' dir='ltr'>τὼ</span> <span class='ocrx_word' id='word_1_170' title='bbox 1579 1587 1704 1639; x_wconf 86' lang='grc' dir='ltr'>πόδε</span> <span class='ocrx_word' id='word_1_171' title='bbox 1734 1588 1952 1651; x_wconf 85' lang='grc' dir='ltr'>κλίνων,</span> <span class='ocrx_word' id='word_1_172' title='bbox 1989 1590 2086 1659; x_wconf 87' lang='grc' dir='ltr'>οὐχ</span> <span class='ocrx_word' id='word_1_173' title='bbox 2110 1590 2207 1641; x_wconf 74' lang='grc' dir='ltr'>ἕνα</span> <span class='ocrx_word' id='word_1_174' title='bbox 2242 1592 2356 1642; x_wconf 87' lang='grc' dir='ltr'>τοῖν</span> <span class='ocrx_word' id='word_1_175' title='bbox 2396 1589 2598 1656; x_wconf 82' lang='grc' dir='ltr'>ποδοῖν,</span> <span class='ocrx_word' id='word_1_176' title='bbox 2628 1591 2727 1644; x_wconf 90' lang='grc' dir='ltr'>οὑκ</span> <span class='ocrx_word' id='word_1_177' title='bbox 2767 1571 2860 1645; x_wconf 55' lang='grc' dir='ltr'>ἐπὶ</span> <span class='ocrx_word' id='word_1_178' title='bbox 2890 1592 3128 1662; x_wconf 79' lang='grc' dir='ltr'>κεφαλῆς</span> <span class='ocrx_word' id='word_1_179' title='bbox 3161 1592 3299 1663; x_wconf 79' lang='grc' dir='ltr'>ἔχων</span> <span class='ocrx_word' id='word_1_180' title='bbox 3326 1596 3396 1646; x_wconf 82' lang='grc' dir='ltr'>τά</span> 
     </span>
    </p>
   </div>
   <div class='ocr_carea' id='block_1_15' title="bbox 144 1676 3393 1755">
    <p class='ocr_par' dir='ltr' id='par_1_15' title="bbox 144 1676 3393 1755">
     <span class='ocr_line' id='line_1_15' title="bbox 144 1676 3393 1755; baseline 0.002 -22"><span class='ocrx_word' id='word_1_181' title='bbox 144 1681 521 1752; x_wconf 81' lang='grc' dir='ltr'>θεοπαράδοτα</span> <span class='ocrx_word' id='word_1_182' title='bbox 548 1679 726 1743; x_wconf 87' lang='grc' dir='ltr'>λόγια,</span> <span class='ocrx_word' id='word_1_183' title='bbox 762 1676 921 1745; x_wconf 90' lang='grc' dir='ltr'>μόνον</span> <span class='ocrx_word' id='word_1_184' title='bbox 950 1676 1005 1728; x_wconf 82' lang='grc' dir='ltr'>δὲ</span> <span class='ocrx_word' id='word_1_185' title='bbox 1033 1676 1109 1747; x_wconf 81' lang='grc' dir='ltr'>τῷ</span> <span class='ocrx_word' id='word_1_186' title='bbox 1137 1678 1270 1748; x_wconf 83' lang='grc' dir='ltr'>ἱερεῖ</span> <span class='ocrx_word' id='word_1_187' title='bbox 1295 1676 1579 1748; x_wconf 85' lang='grc' dir='ltr'>παρεστὼς</span> <span class='ocrx_word' id='word_1_188' title='bbox 1611 1679 1971 1752; x_wconf 81' lang='grc' dir='ltr'>ἱερολογοῦντι</span> <span class='ocrx_word' id='word_1_189' title='bbox 2005 1682 2103 1752; x_wconf 82' lang='grc' dir='ltr'>τὴν</span> <span class='ocrx_word' id='word_1_190' title='bbox 2128 1682 2213 1734; x_wconf 87' lang='grc' dir='ltr'>ἐπ’</span> <span class='ocrx_word' id='word_1_191' title='bbox 2239 1679 2388 1752; x_wconf 83' lang='grc' dir='ltr'>αὐτῷ</span> <span class='ocrx_word' id='word_1_192' title='bbox 2437 1683 2708 1754; x_wconf 83' lang='grc' dir='ltr'>μυστικὴν</span> <span class='ocrx_word' id='word_1_193' title='bbox 2734 1684 3036 1755; x_wconf 86' lang='grc' dir='ltr'>ἐπίκλησιν.</span> <span class='ocrx_word' id='word_1_194' title='bbox 3081 1685 3303 1751; x_wconf 79' lang='grc' dir='ltr'>τελέσας</span> <span class='ocrx_word' id='word_1_195' title='bbox 3334 1687 3393 1741; x_wconf 72' lang='grc' dir='ltr'>δέ</span> 
     </span>
    </p>
   </div>
   <div class='ocr_carea' id='block_1_16' title="bbox 142 1766 3389 1849">
    <p class='ocr_par' dir='ltr' id='par_1_16' title="bbox 142 1766 3389 1849">
     <span class='ocr_line' id='line_1_16' title="bbox 142 1766 3389 1849; baseline 0.003 -26"><span class='ocrx_word' id='word_1_196' title='bbox 142 1773 315 1844; x_wconf 70' lang='grc' dir='ltr'>αὐτὴν</span> <span class='ocrx_word' id='word_1_197' title='bbox 346 1773 372 1824; x_wconf 93' lang='lat'>6</span> <span class='ocrx_word' id='word_1_198' title='bbox 402 1768 597 1838; x_wconf 78' lang='grc' dir='ltr'>ἱερεὺς,</span> <span class='ocrx_word' id='word_1_199' title='bbox 624 1767 717 1819; x_wconf 75' lang='grc' dir='ltr'>ἐπὶ</span> <span class='ocrx_word' id='word_1_200' title='bbox 747 1766 839 1819; x_wconf 81' lang='grc' dir='ltr'>τὸν</span> <span class='ocrx_word' id='word_1_201' title='bbox 863 1766 1187 1839; x_wconf 83' lang='grc' dir='ltr'>τελούμενον</span> <span class='ocrx_word' id='word_1_202' title='bbox 1216 1767 1403 1835; x_wconf 85' lang='grc' dir='ltr'>ἐλθὼν,</span> <span class='ocrx_word' id='word_1_203' title='bbox 1436 1770 1688 1842; x_wconf 84' lang='grc' dir='ltr'>ἐπερωτᾷ</span> <span class='ocrx_word' id='word_1_204' title='bbox 1715 1772 1931 1843; x_wconf 90' lang='grc' dir='ltr'>πρῶτον</span> <span class='ocrx_word' id='word_1_205' title='bbox 1957 1773 2139 1839; x_wconf 83' lang='grc' dir='ltr'>αὑτὸν,</span> <span class='ocrx_word' id='word_1_206' title='bbox 2169 1774 2217 1826; x_wconf 83' lang='grc' dir='ltr'>εί</span> <span class='ocrx_word' id='word_1_207' title='bbox 2238 1772 2441 1836; x_wconf 85' lang='grc' dir='ltr'>πάσαις</span> <span class='ocrx_word' id='word_1_208' title='bbox 2464 1774 2828 1829; x_wconf 85' lang='grc' dir='ltr'>ἀποτάσσεται</span> <span class='ocrx_word' id='word_1_209' title='bbox 2857 1780 2978 1840; x_wconf 87' lang='grc' dir='ltr'>ταῖς</span> <span class='ocrx_word' id='word_1_210' title='bbox 3002 1778 3301 1849; x_wconf 88' lang='grc' dir='ltr'>διαιρεταῖς</span> <span class='ocrx_word' id='word_1_211' title='bbox 3328 1781 3389 1833; x_wconf 88' lang='grc' dir='ltr'>οὑ</span> 
     </span>
    </p>
   </div>
   <div class='ocr_carea' id='block_1_17' title="bbox 143 1859 3393 1945">
    <p class='ocr_par' dir='ltr' id='par_1_17' title="bbox 143 1859 3393 1945">
     <span class='ocr_line' id='line_1_17' title="bbox 143 1859 3393 1945; baseline 0.002 -25"><span class='ocrx_word' id='word_1_212' title='bbox 143 1869 307 1937; x_wconf 86' lang='grc' dir='ltr'>μόνον</span> <span class='ocrx_word' id='word_1_213' title='bbox 336 1865 526 1928; x_wconf 75' lang='grc' dir='ltr'>ζωαῖς,</span> <span class='ocrx_word' id='word_1_214' title='bbox 547 1861 683 1914; x_wconf 83' lang='grc' dir='ltr'>ἀλλὰ</span> <span class='ocrx_word' id='word_1_215' title='bbox 716 1862 810 1914; x_wconf 71' lang='grc' dir='ltr'>καὶ</span> <span class='ocrx_word' id='word_1_216' title='bbox 848 1862 1190 1930; x_wconf 85' lang='grc' dir='ltr'>φαντασίαις.</span> <span class='ocrx_word' id='word_1_217' title='bbox 1215 1859 1334 1919; x_wconf 75' lang='grc' dir='ltr'>εἶτα</span> <span class='ocrx_word' id='word_1_218' title='bbox 1352 1863 1450 1936; x_wconf 80' lang='grc' dir='ltr'>τὴν</span> <span class='ocrx_word' id='word_1_219' title='bbox 1474 1864 1817 1935; x_wconf 85' lang='grc' dir='ltr'>τελειοτάτην</span> <span class='ocrx_word' id='word_1_220' title='bbox 1847 1865 1996 1937; x_wconf 86' lang='grc' dir='ltr'>αὐτῷ</span> <span class='ocrx_word' id='word_1_221' title='bbox 2029 1866 2172 1939; x_wconf 81' lang='grc' dir='ltr'>ζωὴν</span> <span class='ocrx_word' id='word_1_222' title='bbox 2212 1866 2523 1937; x_wconf 82' lang='grc' dir='ltr'>ὑφηγεῖται,</span> <span class='ocrx_word' id='word_1_223' title='bbox 2558 1869 3025 1940; x_wconf 79' lang='grc' dir='ltr'>μαρτυρούμενος,</span> <span class='ocrx_word' id='word_1_224' title='bbox 3054 1871 3136 1924; x_wconf 83' lang='grc' dir='ltr'>ὅτι</span> <span class='ocrx_word' id='word_1_225' title='bbox 3169 1872 3274 1944; x_wconf 85' lang='grc' dir='ltr'>χρὴ</span> <span class='ocrx_word' id='word_1_226' title='bbox 3290 1876 3393 1945; x_wconf 84' lang='grc' dir='ltr'>τῆς</span> 
     </span>
    </p>
   </div>
   <div class='ocr_carea' id='block_1_18' title="bbox 139 1957 3393 2036">
    <p class='ocr_par' dir='ltr' id='par_1_18' title="bbox 139 1957 3393 2036">
     <span class='ocr_line' id='line_1_18' title="bbox 139 1957 3393 2036; baseline 0.002 -24"><span class='ocrx_word' id='word_1_227' title='bbox 139 1962 322 2030; x_wconf 82' lang='grc' dir='ltr'>μέσης</span> <span class='ocrx_word' id='word_1_228' title='bbox 347 1957 511 2010; x_wconf 81' lang='grc' dir='ltr'>αὑτὸν</span> <span class='ocrx_word' id='word_1_229' title='bbox 561 1957 1086 2030; x_wconf 81' lang='grc' dir='ltr'>ὑπερανεστηκέναι.</span> <span class='ocrx_word' id='word_1_230' title='bbox 1128 1958 1299 2012; x_wconf 82' lang='grc' dir='ltr'>ταῦτα</span> <span class='ocrx_word' id='word_1_231' title='bbox 1347 1960 1403 2013; x_wconf 84' lang='grc' dir='ltr'>δέ</span> <span class='ocrx_word' id='word_1_232' title='bbox 1432 1963 1608 2017; x_wconf 86' lang='grc' dir='ltr'>πάντα</span> <span class='ocrx_word' id='word_1_233' title='bbox 1636 1961 1730 2015; x_wconf 84' lang='grc' dir='ltr'>τοῦ</span> <span class='ocrx_word' id='word_1_234' title='bbox 1763 1960 2085 2031; x_wconf 86' lang='grc' dir='ltr'>τελουμένου</span> <span class='ocrx_word' id='word_1_235' title='bbox 2136 1961 2417 2033; x_wconf 84' lang='grc' dir='ltr'>προσεχῶς</span> <span class='ocrx_word' id='word_1_236' title='bbox 2461 1961 2914 2033; x_wconf 85' lang='grc' dir='ltr'>ὁμολογήσαντος,</span> <span class='ocrx_word' id='word_1_237' title='bbox 2940 1963 3019 2035; x_wconf 87' lang='grc' dir='ltr'>τῷ</span> <span class='ocrx_word' id='word_1_238' title='bbox 3062 1966 3393 2036; x_wconf 87' lang='grc' dir='ltr'>σταυροειδεῖ</span> 
     </span>
    </p>
   </div>
   <div class='ocr_carea' id='block_1_19' title="bbox 134 2048 3388 2124">
    <p class='ocr_par' dir='ltr' id='par_1_19' title="bbox 134 2048 3388 2124">
     <span class='ocr_line' id='line_1_19' title="bbox 134 2048 3388 2124; baseline 0.002 -20"><span class='ocrx_word' id='word_1_239' title='bbox 134 2052 296 2119; x_wconf 78' lang='grc' dir='ltr'>τύπῳ</span> <span class='ocrx_word' id='word_1_240' title='bbox 323 2048 768 2120; x_wconf 80' lang='grc' dir='ltr'>σφραγισάμενος</span> <span class='ocrx_word' id='word_1_241' title='bbox 799 2048 957 2102; x_wconf 87' lang='grc' dir='ltr'>αὑτὸν</span> <span class='ocrx_word' id='word_1_242' title='bbox 986 2050 1014 2102; x_wconf 93' lang='lat'>6</span> <span class='ocrx_word' id='word_1_243' title='bbox 1047 2050 1246 2120; x_wconf 87' lang='grc' dir='ltr'>ἱερεὺς.</span> <span class='ocrx_word' id='word_1_244' title='bbox 1278 2051 1585 2122; x_wconf 87' lang='grc' dir='ltr'>ἀποκείρει,</span> <span class='ocrx_word' id='word_1_245' title='bbox 1617 2052 1716 2122; x_wconf 82' lang='grc' dir='ltr'>τὴν</span> <span class='ocrx_word' id='word_1_246' title='bbox 1742 2051 1968 2124; x_wconf 81' lang='grc' dir='ltr'>τρισσὴν</span> <span class='ocrx_word' id='word_1_247' title='bbox 1997 2052 2098 2122; x_wconf 83' lang='grc' dir='ltr'>τῆς</span> <span class='ocrx_word' id='word_1_248' title='bbox 2123 2051 2275 2116; x_wconf 88' lang='grc' dir='ltr'>θείας</span> <span class='ocrx_word' id='word_1_249' title='bbox 2310 2054 2709 2124; x_wconf 80' lang='grc' dir='ltr'>μακαριότητος</span> <span class='ocrx_word' id='word_1_250' title='bbox 2736 2052 3036 2124; x_wconf 77' lang='grc' dir='ltr'>ἐπιϐοήσας</span> <span class='ocrx_word' id='word_1_251' title='bbox 3069 2055 3388 2121; x_wconf 85' lang='grc' dir='ltr'>ὑπόστασιν,</span> 
     </span>
    </p>
   </div>
   <div class='ocr_carea' id='block_1_20' title="bbox 133 2139 3386 2218">
    <p class='ocr_par' dir='ltr' id='par_1_20' title="bbox 133 2139 3386 2218">
     <span class='ocr_line' id='line_1_20' title="bbox 133 2139 3386 2218; baseline 0.002 -22"><span class='ocrx_word' id='word_1_252' title='bbox 133 2142 235 2196; x_wconf 70' lang='grc' dir='ltr'>καὶ</span> <span class='ocrx_word' id='word_1_253' title='bbox 258 2141 362 2212; x_wconf 80' lang='grc' dir='ltr'>τὴν</span> <span class='ocrx_word' id='word_1_254' title='bbox 397 2139 601 2210; x_wconf 83' lang='grc' dir='ltr'>ἐσθῆτα</span> <span class='ocrx_word' id='word_1_255' title='bbox 630 2142 812 2193; x_wconf 74' lang='grc' dir='ltr'>πᾶσαν</span> <span class='ocrx_word' id='word_1_256' title='bbox 843 2142 1095 2211; x_wconf 90' lang='grc' dir='ltr'>ἀπαμφιέ</span> <span class='ocrx_word' id='word_1_257' title='bbox 1127 2142 1138 2213; x_wconf 81' lang='grc'><strong>1</strong></span> <span class='ocrx_word' id='word_1_258' title='bbox 1172 2158 1290 2206; x_wconf 82' lang='grc' dir='ltr'>σας,</span> <span class='ocrx_word' id='word_1_259' title='bbox 1329 2143 1522 2215; x_wconf 79' lang='grc' dir='ltr'>ἑτέραν</span> <span class='ocrx_word' id='word_1_260' title='bbox 1550 2145 1896 2214; x_wconf 86' lang='grc' dir='ltr'>ἀμφιέννυσι,</span> <span class='ocrx_word' id='word_1_261' title='bbox 1928 2144 2022 2196; x_wconf 76' lang='grc' dir='ltr'>καὶ</span> <span class='ocrx_word' id='word_1_262' title='bbox 2049 2143 2187 2215; x_wconf 88' lang='grc' dir='ltr'>μετὰ</span> <span class='ocrx_word' id='word_1_263' title='bbox 2214 2143 2320 2197; x_wconf 92' lang='grc' dir='ltr'>τῶν</span> <span class='ocrx_word' id='word_1_264' title='bbox 2347 2144 2519 2198; x_wconf 81' lang='grc' dir='ltr'>ἄλλων</span> <span class='ocrx_word' id='word_1_265' title='bbox 2552 2144 2709 2214; x_wconf 87' lang='grc' dir='ltr'>ἱερῶν</span> <span class='ocrx_word' id='word_1_266' title='bbox 2735 2143 2942 2215; x_wconf 90' lang='grc' dir='ltr'>ἀνδρῶν</span> <span class='ocrx_word' id='word_1_267' title='bbox 2967 2146 3081 2199; x_wconf 84' lang='grc' dir='ltr'>ὅσοι</span> <span class='ocrx_word' id='word_1_268' title='bbox 3111 2147 3386 2218; x_wconf 87' lang='grc' dir='ltr'>πάρεισιν,</span> 
     </span>
    </p>
   </div>
   <div class='ocr_carea' id='block_1_21' title="bbox 132 2235 3392 2311">
    <p class='ocr_par' dir='ltr' id='par_1_21' title="bbox 132 2235 3392 2311">
     <span class='ocr_line' id='line_1_21' title="bbox 132 2235 3392 2311; baseline 0.001 -20"><span class='ocrx_word' id='word_1_269' title='bbox 132 2236 556 2306; x_wconf 81' lang='grc' dir='ltr'>ἀσπασάμενος,</span> <span class='ocrx_word' id='word_1_270' title='bbox 588 2235 753 2288; x_wconf 73' lang='grc' dir='ltr'>αὑτὸν</span> <span class='ocrx_word' id='word_1_271' title='bbox 782 2236 1035 2288; x_wconf 86' lang='grc' dir='ltr'>κοινωνὸν</span> <span class='ocrx_word' id='word_1_272' title='bbox 1062 2236 1317 2289; x_wconf 86' lang='grc' dir='ltr'>ἀποτελεῖ</span> <span class='ocrx_word' id='word_1_273' title='bbox 1370 2237 1480 2290; x_wconf 91' lang='grc' dir='ltr'>τῶν</span> <span class='ocrx_word' id='word_1_274' title='bbox 1523 2236 1829 2308; x_wconf 81' lang='grc' dir='ltr'>θεαρχικῶν</span> <span class='ocrx_word' id='word_1_275' title='bbox 1882 2236 2218 2307; x_wconf 89' lang='grc' dir='ltr'>μυστηρίων.</span> <span class='ocrx_word' id='word_1_276' title='bbox 2270 2235 2331 2288; x_wconf 87' lang='grc' dir='ltr'>τὸ</span> <span class='ocrx_word' id='word_1_277' title='bbox 2380 2235 2582 2305; x_wconf 87' lang='grc' dir='ltr'>μηδένα</span> <span class='ocrx_word' id='word_1_278' title='bbox 2628 2238 2739 2288; x_wconf 85' lang='grc' dir='ltr'>τοῖν</span> <span class='ocrx_word' id='word_1_279' title='bbox 2781 2236 2961 2289; x_wconf 79' lang='grc' dir='ltr'>ποδοῖν</span> <span class='ocrx_word' id='word_1_280' title='bbox 2988 2236 3211 2305; x_wconf 87' lang='grc' dir='ltr'>κλίνειν,</span> <span class='ocrx_word' id='word_1_281' title='bbox 3254 2240 3392 2311; x_wconf 76' lang='grc' dir='ltr'>μηδὲ</span> 
     </span>
    </p>
   </div>
   <div class='ocr_carea' id='block_1_22' title="bbox 130 2325 3390 2405">
    <p class='ocr_par' dir='ltr' id='par_1_22' title="bbox 130 2325 3390 2405">
     <span class='ocr_line' id='line_1_22' title="bbox 130 2325 3390 2405; baseline 0.002 -23"><span class='ocrx_word' id='word_1_282' title='bbox 130 2330 229 2383; x_wconf 73' lang='grc' dir='ltr'>ἐπὶ</span> <span class='ocrx_word' id='word_1_283' title='bbox 274 2327 521 2399; x_wconf 78' lang='grc' dir='ltr'>κεφαλῆς</span> <span class='ocrx_word' id='word_1_284' title='bbox 572 2326 717 2397; x_wconf 70' lang='grc' dir='ltr'>ἔχειν</span> <span class='ocrx_word' id='word_1_285' title='bbox 761 2326 831 2379; x_wconf 82' lang='grc' dir='ltr'>τά</span> <span class='ocrx_word' id='word_1_286' title='bbox 860 2326 1230 2397; x_wconf 87' lang='grc' dir='ltr'>θεοπαράδοτα</span> <span class='ocrx_word' id='word_1_287' title='bbox 1257 2327 1434 2396; x_wconf 86' lang='grc' dir='ltr'>λόγια,</span> <span class='ocrx_word' id='word_1_288' title='bbox 1466 2329 1803 2400; x_wconf 89' lang='grc' dir='ltr'>παρεστάναι</span> <span class='ocrx_word' id='word_1_289' title='bbox 1834 2327 1891 2380; x_wconf 86' lang='grc' dir='ltr'>δὲ</span> <span class='ocrx_word' id='word_1_290' title='bbox 1930 2325 2007 2399; x_wconf 79' lang='grc' dir='ltr'>τῷ</span> <span class='ocrx_word' id='word_1_291' title='bbox 2041 2329 2179 2399; x_wconf 88' lang='grc' dir='ltr'>ἱερεῖ</span> <span class='ocrx_word' id='word_1_292' title='bbox 2216 2326 2315 2399; x_wconf 81' lang='grc' dir='ltr'>τὴν</span> <span class='ocrx_word' id='word_1_293' title='bbox 2355 2326 2643 2397; x_wconf 84' lang='grc' dir='ltr'>ἐπίκλησιν</span> <span class='ocrx_word' id='word_1_294' title='bbox 2688 2328 3067 2398; x_wconf 80' lang='grc' dir='ltr'>ἱερολογοῦντι,</span> <span class='ocrx_word' id='word_1_295' title='bbox 3097 2331 3247 2403; x_wconf 88' lang='grc' dir='ltr'>δηλοῖ</span> <span class='ocrx_word' id='word_1_296' title='bbox 3289 2335 3390 2405; x_wconf 81' lang='grc' dir='ltr'>τὴν</span> 
     </span>
    </p>
   </div>
   <div class='ocr_carea' id='block_1_23' title="bbox 132 2418 3386 2499">
    <p class='ocr_par' dir='ltr' id='par_1_23' title="bbox 132 2418 3386 2499">
     <span class='ocr_line' id='line_1_23' title="bbox 132 2418 3386 2499; baseline 0.001 -20"><span class='ocrx_word' id='word_1_297' title='bbox 132 2426 449 2498; x_wconf 82' lang='grc' dir='ltr'>μοναχικὴν</span> <span class='ocrx_word' id='word_1_298' title='bbox 490 2422 646 2488; x_wconf 83' lang='grc' dir='ltr'>τάξιν</span> <span class='ocrx_word' id='word_1_299' title='bbox 688 2422 787 2476; x_wconf 86' lang='grc' dir='ltr'>οὑκ</span> <span class='ocrx_word' id='word_1_300' title='bbox 835 2418 974 2477; x_wconf 74' lang='grc' dir='ltr'>εἶναι</span> <span class='ocrx_word' id='word_1_301' title='bbox 1024 2423 1448 2494; x_wconf 82' lang='grc' dir='ltr'>προσαγωγικὴν</span> <span class='ocrx_word' id='word_1_302' title='bbox 1478 2425 1699 2495; x_wconf 88' lang='grc' dir='ltr'>ἐτέρων,</span> <span class='ocrx_word' id='word_1_303' title='bbox 1741 2421 1857 2477; x_wconf 78' lang='grc' dir='ltr'>ἀλλ’</span> <span class='ocrx_word' id='word_1_304' title='bbox 1886 2423 1969 2493; x_wconf 76' lang='grc' dir='ltr'>ἐφ’</span> <span class='ocrx_word' id='word_1_305' title='bbox 2000 2423 2200 2493; x_wconf 81' lang='grc' dir='ltr'>ἑαυτῆς</span> <span class='ocrx_word' id='word_1_306' title='bbox 2241 2422 2481 2476; x_wconf 78' lang='grc' dir='ltr'>ἑστῶσαν</span> <span class='ocrx_word' id='word_1_307' title='bbox 2512 2424 2569 2476; x_wconf 85' lang='grc' dir='ltr'>ἐν</span> <span class='ocrx_word' id='word_1_308' title='bbox 2601 2423 2859 2496; x_wconf 80' lang='grc' dir='ltr'>μοναδικῇ</span> <span class='ocrx_word' id='word_1_309' title='bbox 2892 2427 2984 2479; x_wconf 78' lang='grc' dir='ltr'>καὶ</span> <span class='ocrx_word' id='word_1_310' title='bbox 3018 2428 3141 2499; x_wconf 78' lang='grc' dir='ltr'>ἱερᾷ</span> <span class='ocrx_word' id='word_1_311' title='bbox 3175 2428 3386 2496; x_wconf 84' lang='grc' dir='ltr'>στάσει,</span> 
     </span>
    </p>
   </div>
   <div class='ocr_carea' id='block_1_24' title="bbox 126 2515 3387 2592">
    <p class='ocr_par' dir='ltr' id='par_1_24' title="bbox 126 2515 3387 2592">
     <span class='ocr_line' id='line_1_24' title="bbox 126 2515 3387 2592; baseline -0.001 -17"><span class='ocrx_word' id='word_1_312' title='bbox 126 2525 251 2585; x_wconf 91' lang='grc' dir='ltr'>ταῖς</span> <span class='ocrx_word' id='word_1_313' title='bbox 286 2522 591 2592; x_wconf 85' lang='grc' dir='ltr'>ἱερατικαῖς</span> <span class='ocrx_word' id='word_1_314' title='bbox 618 2519 891 2589; x_wconf 81' lang='grc' dir='ltr'>ἑπομένην</span> <span class='ocrx_word' id='word_1_315' title='bbox 915 2517 1123 2582; x_wconf 83' lang='grc' dir='ltr'>τάξεσι,</span> <span class='ocrx_word' id='word_1_316' title='bbox 1156 2518 1251 2571; x_wconf 73' lang='grc' dir='ltr'>καὶ</span> <span class='ocrx_word' id='word_1_317' title='bbox 1282 2518 1416 2590; x_wconf 80' lang='grc' dir='ltr'>πρὸς</span> <span class='ocrx_word' id='word_1_318' title='bbox 1434 2518 1623 2571; x_wconf 49' lang='grc' dir='ltr'>ηαὺτῶν</span> <span class='ocrx_word' id='word_1_319' title='bbox 1648 2518 1723 2581; x_wconf 86' lang='grc' dir='ltr'>ὡς</span> <span class='ocrx_word' id='word_1_320' title='bbox 1746 2517 1947 2570; x_wconf 81' lang='grc' dir='ltr'>ὀπαδὸν</span> <span class='ocrx_word' id='word_1_321' title='bbox 1974 2516 2068 2570; x_wconf 72' lang='grc' dir='ltr'>ἐπὶ</span> <span class='ocrx_word' id='word_1_322' title='bbox 2099 2516 2199 2588; x_wconf 85' lang='grc' dir='ltr'>τὴν</span> <span class='ocrx_word' id='word_1_323' title='bbox 2225 2516 2375 2570; x_wconf 89' lang='grc' dir='ltr'>θείαν</span> <span class='ocrx_word' id='word_1_324' title='bbox 2401 2516 2509 2570; x_wconf 91' lang='grc' dir='ltr'>τῶν</span> <span class='ocrx_word' id='word_1_325' title='bbox 2537 2519 2658 2570; x_wconf 77' lang='grc' dir='ltr'>κατ’</span> <span class='ocrx_word' id='word_1_326' title='bbox 2684 2515 2852 2586; x_wconf 81' lang='grc' dir='ltr'>αὐτὴν</span> <span class='ocrx_word' id='word_1_327' title='bbox 2884 2517 3044 2587; x_wconf 90' lang='grc' dir='ltr'>ἱερῶν</span> <span class='ocrx_word' id='word_1_328' title='bbox 3073 2519 3387 2592; x_wconf 75' lang='grc' dir='ltr'>ἐπιστήμην</span> 
     </span>
    </p>
   </div>
   <div class='ocr_carea' id='block_1_25' title="bbox 130 2607 3387 2682">
    <p class='ocr_par' dir='ltr' id='par_1_25' title="bbox 130 2607 3387 2682">
     <span class='ocr_line' id='line_1_25' title="bbox 130 2607 3387 2682; baseline -0 -16"><span class='ocrx_word' id='word_1_329' title='bbox 130 2612 408 2675; x_wconf 53' lang='grc' dir='ltr'>εὑηιθῶς</span> <span class='ocrx_word' id='word_1_330' title='bbox 441 2612 806 2682; x_wconf 89' lang='grc' dir='ltr'>ἀναγομένην.</span> <span class='ocrx_word' id='word_1_331' title='bbox 847 2611 880 2680; x_wconf 78' lang='grc' dir='ltr'><strong>ἡ</strong></span> <span class='ocrx_word' id='word_1_332' title='bbox 930 2609 988 2662; x_wconf 83' lang='grc' dir='ltr'>δὲ</span> <span class='ocrx_word' id='word_1_333' title='bbox 1029 2608 1137 2661; x_wconf 90' lang='grc' dir='ltr'>τῶν</span> <span class='ocrx_word' id='word_1_334' title='bbox 1168 2609 1438 2680; x_wconf 81' lang='grc' dir='ltr'>μεριστῶν</span> <span class='ocrx_word' id='word_1_335' title='bbox 1466 2610 1525 2663; x_wconf 89' lang='grc' dir='ltr'>οὑ</span> <span class='ocrx_word' id='word_1_336' title='bbox 1561 2610 1717 2680; x_wconf 89' lang='grc' dir='ltr'>μόνον</span> <span class='ocrx_word' id='word_1_337' title='bbox 1752 2609 1927 2672; x_wconf 85' lang='grc' dir='ltr'>ζωῶν,</span> <span class='ocrx_word' id='word_1_338' title='bbox 1960 2607 2095 2661; x_wconf 84' lang='grc' dir='ltr'>ἀλλὰ</span> <span class='ocrx_word' id='word_1_339' title='bbox 2120 2608 2228 2679; x_wconf 82' lang='grc' dir='ltr'>μὴν</span> <span class='ocrx_word' id='word_1_340' title='bbox 2255 2610 2351 2661; x_wconf 73' lang='grc' dir='ltr'>καὶ</span> <span class='ocrx_word' id='word_1_341' title='bbox 2379 2608 2687 2677; x_wconf 85' lang='grc' dir='ltr'>φαντασιῶν</span> <span class='ocrx_word' id='word_1_342' title='bbox 2716 2608 2966 2679; x_wconf 85' lang='grc' dir='ltr'>ἀποταγὴ</span> <span class='ocrx_word' id='word_1_343' title='bbox 2995 2608 3095 2680; x_wconf 88' lang='grc' dir='ltr'>τὴν</span> <span class='ocrx_word' id='word_1_344' title='bbox 3114 2609 3387 2667; x_wconf 82' lang='grc' dir='ltr'>τελειοτά-</span> 
     </span>
    </p>
   </div>
   <div class='ocr_carea' id='block_1_26' title="bbox 126 2700 3387 2777">
    <p class='ocr_par' dir='ltr' id='par_1_26' title="bbox 126 2700 3387 2777">
     <span class='ocr_line' id='line_1_26' title="bbox 126 2700 3387 2777; baseline -0.001 -18"><span class='ocrx_word' id='word_1_345' title='bbox 126 2724 224 2775; x_wconf 87' lang='grc' dir='ltr'>την</span> <span class='ocrx_word' id='word_1_346' title='bbox 257 2705 519 2775; x_wconf 80' lang='grc' dir='ltr'>ἐμφαίνει</span> <span class='ocrx_word' id='word_1_347' title='bbox 565 2703 673 2755; x_wconf 90' lang='grc' dir='ltr'>τῶν</span> <span class='ocrx_word' id='word_1_348' title='bbox 720 2700 967 2773; x_wconf 87' lang='grc' dir='ltr'>μοναχῶν</span> <span class='ocrx_word' id='word_1_349' title='bbox 1018 2703 1355 2771; x_wconf 82' lang='grc' dir='ltr'>φιλοσοφίαν,</span> <span class='ocrx_word' id='word_1_350' title='bbox 1397 2702 1455 2755; x_wconf 89' lang='grc' dir='ltr'>ἐν</span> <span class='ocrx_word' id='word_1_351' title='bbox 1500 2703 1777 2773; x_wconf 84' lang='grc' dir='ltr'>ἐπιστήμῃ</span> <span class='ocrx_word' id='word_1_352' title='bbox 1822 2700 1933 2754; x_wconf 92' lang='grc' dir='ltr'>τῶν</span> <span class='ocrx_word' id='word_1_353' title='bbox 1982 2701 2243 2754; x_wconf 88' lang='grc' dir='ltr'>ἐνοποιῶν</span> <span class='ocrx_word' id='word_1_354' title='bbox 2276 2702 2502 2755; x_wconf 85' lang='grc' dir='ltr'>ἐντολῶν</span> <span class='ocrx_word' id='word_1_355' title='bbox 2544 2704 2961 2774; x_wconf 88' lang='grc' dir='ltr'>ἐνεργουμένην.</span> <span class='ocrx_word' id='word_1_356' title='bbox 2992 2704 3107 2757; x_wconf 78' lang='grc' dir='ltr'>ἐστι</span> <span class='ocrx_word' id='word_1_357' title='bbox 3144 2704 3274 2777; x_wconf 79' lang='grc' dir='ltr'>γάρ.</span> <span class='ocrx_word' id='word_1_358' title='bbox 3308 2708 3387 2774; x_wconf 82' lang='grc' dir='ltr'>ὡς</span> 
     </span>
    </p>
   </div>
   <div class='ocr_carea' id='block_1_27' title="bbox 127 2792 3385 2877">
    <p class='ocr_par' dir='ltr' id='par_1_27' title="bbox 127 2792 3385 2877">
     <span class='ocr_line' id='line_1_27' title="bbox 127 2792 3385 2877; baseline -0 -28"><span class='ocrx_word' id='word_1_359' title='bbox 127 2798 289 2877; x_wconf 78' lang='grc' dir='ltr'>ἔφην,</span> <span class='ocrx_word' id='word_1_360' title='bbox 328 2797 389 2850; x_wconf 84' lang='grc' dir='ltr'>οὑ</span> <span class='ocrx_word' id='word_1_361' title='bbox 410 2796 508 2865; x_wconf 78' lang='grc' dir='ltr'>τῆς</span> <span class='ocrx_word' id='word_1_362' title='bbox 532 2795 702 2865; x_wconf 83' lang='grc' dir='ltr'>μέσης</span> <span class='ocrx_word' id='word_1_363' title='bbox 728 2794 833 2846; x_wconf 90' lang='grc' dir='ltr'>τῶν</span> <span class='ocrx_word' id='word_1_364' title='bbox 858 2792 1196 2864; x_wconf 86' lang='grc' dir='ltr'>τελουμένων</span> <span class='ocrx_word' id='word_1_365' title='bbox 1216 2792 1443 2857; x_wconf 82' lang='grc' dir='ltr'>τάξεως,</span> <span class='ocrx_word' id='word_1_366' title='bbox 1478 2792 1613 2845; x_wconf 89' lang='grc' dir='ltr'>ἀλλά</span> <span class='ocrx_word' id='word_1_367' title='bbox 1635 2795 1734 2862; x_wconf 83' lang='grc' dir='ltr'>τῆς</span> <span class='ocrx_word' id='word_1_368' title='bbox 1766 2792 1957 2846; x_wconf 91' lang='grc' dir='ltr'>πασῶν</span> <span class='ocrx_word' id='word_1_369' title='bbox 1987 2792 2341 2863; x_wconf 74' lang='grc' dir='ltr'>ὑψηλοτέρας.</span> <span class='ocrx_word' id='word_1_370' title='bbox 2368 2793 2452 2849; x_wconf 67' lang='grc' dir='ltr'>δι’</span> <span class='ocrx_word' id='word_1_371' title='bbox 2487 2793 2515 2845; x_wconf 87' lang='grc' dir='ltr'><strong>ὃ</strong></span> <span class='ocrx_word' id='word_1_372' title='bbox 2561 2794 2655 2846; x_wconf 74' lang='grc' dir='ltr'>καὶ</span> <span class='ocrx_word' id='word_1_373' title='bbox 2696 2794 2869 2847; x_wconf 80' lang='grc' dir='ltr'>πολλὰ</span> <span class='ocrx_word' id='word_1_374' title='bbox 2908 2795 3045 2865; x_wconf 71' lang='grc' dir='ltr'>πρὸς</span> <span class='ocrx_word' id='word_1_375' title='bbox 3079 2799 3179 2867; x_wconf 86' lang='grc' dir='ltr'>τῆς</span> <span class='ocrx_word' id='word_1_376' title='bbox 3214 2798 3385 2870; x_wconf 80' lang='grc' dir='ltr'>μέσης</span> 
     </span>
    </p>
   </div>
   <div class='ocr_carea' id='block_1_28' title="bbox 123 2876 3384 2956">
    <p class='ocr_par' dir='ltr' id='par_1_28' title="bbox 123 2876 3384 2956">
     <span class='ocr_line' id='line_1_28' title="bbox 123 2876 3384 2956; baseline 0.002 -20"><span class='ocrx_word' id='word_1_377' title='bbox 123 2876 340 2954; x_wconf 73' lang='grc' dir='ltr'>τάξεως</span> <span class='ocrx_word' id='word_1_378' title='bbox 386 2885 767 2956; x_wconf 82' lang='grc' dir='ltr'>ἀκατακρίτως</span> <span class='ocrx_word' id='word_1_379' title='bbox 800 2885 1205 2956; x_wconf 88' lang='grc' dir='ltr'>ἐνεργουμένων</span> <span class='ocrx_word' id='word_1_380' title='bbox 1256 2884 1553 2955; x_wconf 87' lang='grc' dir='ltr'>ἀπείρηται</span> <span class='ocrx_word' id='word_1_381' title='bbox 1601 2884 1789 2954; x_wconf 85' lang='grc' dir='ltr'>τρόπῳ</span> <span class='ocrx_word' id='word_1_382' title='bbox 1838 2884 2001 2937; x_wconf 76' lang='grc' dir='ltr'>παντὶ</span> <span class='ocrx_word' id='word_1_383' title='bbox 2049 2886 2162 2947; x_wconf 88' lang='grc' dir='ltr'>τοῖς</span> <span class='ocrx_word' id='word_1_384' title='bbox 2206 2884 2425 2946; x_wconf 86' lang='grc' dir='ltr'>ἐνιαίοις</span> <span class='ocrx_word' id='word_1_385' title='bbox 2454 2886 2725 2954; x_wconf 84' lang='grc' dir='ltr'>μοναχοῖς,</span> <span class='ocrx_word' id='word_1_386' title='bbox 2755 2884 2830 2947; x_wconf 84' lang='grc' dir='ltr'>ὡς</span> <span class='ocrx_word' id='word_1_387' title='bbox 2864 2884 3002 2955; x_wconf 83' lang='grc' dir='ltr'>πρὸς</span> <span class='ocrx_word' id='word_1_388' title='bbox 3031 2876 3091 2939; x_wconf 73' lang='grc' dir='ltr'>τό</span> <span class='ocrx_word' id='word_1_389' title='bbox 3118 2886 3177 2941; x_wconf 78' lang='grc' dir='ltr'>ἓν</span> <span class='ocrx_word' id='word_1_390' title='bbox 3205 2888 3384 2943; x_wconf 85' lang='grc' dir='ltr'>αὐτῶν</span> 
     </span>
    </p>
   </div>
   <div class='ocr_carea' id='block_1_29' title="bbox 123 2972 3381 3056">
    <p class='ocr_par' dir='ltr' id='par_1_29' title="bbox 123 2972 3381 3056">
     <span class='ocr_line' id='line_1_29' title="bbox 123 2972 3381 3056; baseline 0 -19"><span class='ocrx_word' id='word_1_391' title='bbox 123 2983 459 3054; x_wconf 80' lang='grc' dir='ltr'>ὀφειλόντων</span> <span class='ocrx_word' id='word_1_392' title='bbox 487 2980 867 3045; x_wconf 86' lang='grc' dir='ltr'>ἐνοποιεῖσθαι,</span> <span class='ocrx_word' id='word_1_393' title='bbox 904 2980 999 3034; x_wconf 78' lang='grc' dir='ltr'>καὶ</span> <span class='ocrx_word' id='word_1_394' title='bbox 1023 2981 1161 3054; x_wconf 78' lang='grc' dir='ltr'>πρὸς</span> <span class='ocrx_word' id='word_1_395' title='bbox 1196 2980 1347 3052; x_wconf 78' lang='grc' dir='ltr'>ἱερὰν</span> <span class='ocrx_word' id='word_1_396' title='bbox 1383 2980 1583 3051; x_wconf 89' lang='grc' dir='ltr'>μονάδα</span> <span class='ocrx_word' id='word_1_397' title='bbox 1607 2980 1957 3048; x_wconf 89' lang='grc' dir='ltr'>συνάγεσθαι,</span> <span class='ocrx_word' id='word_1_398' title='bbox 1984 2980 2079 3033; x_wconf 77' lang='grc' dir='ltr'>καὶ</span> <span class='ocrx_word' id='word_1_399' title='bbox 2122 2980 2259 3050; x_wconf 83' lang='grc' dir='ltr'>πρὸς</span> <span class='ocrx_word' id='word_1_400' title='bbox 2286 2981 2384 3045; x_wconf 80' lang='grc' dir='ltr'>τὴν</span> <span class='ocrx_word' id='word_1_401' title='bbox 2410 2982 2709 3050; x_wconf 82' lang='grc' dir='ltr'>ἱερατικὴν,</span> <span class='ocrx_word' id='word_1_402' title='bbox 2731 2972 2817 3044; x_wconf 83' lang='grc' dir='ltr'>’ὼς</span> <span class='ocrx_word' id='word_1_403' title='bbox 2850 2980 3088 3052; x_wconf 82' lang='grc' dir='ltr'>θεμιτὸν,</span> <span class='ocrx_word' id='word_1_404' title='bbox 3131 2983 3381 3056; x_wconf 87' lang='grc' dir='ltr'>ἀπομορ-</span> 
     </span>
    </p>
   </div>
   <div class='ocr_carea' id='block_1_30' title="bbox 124 3057 3385 3149">
    <p class='ocr_par' dir='ltr' id='par_1_30' title="bbox 124 3057 3385 3149">
     <span class='ocr_line' id='line_1_30' title="bbox 124 3057 3385 3149; baseline 0 -18"><span class='ocrx_word' id='word_1_405' title='bbox 124 3078 365 3149; x_wconf 75' lang='grc' dir='ltr'>φοῦσθαι</span> <span class='ocrx_word' id='word_1_406' title='bbox 397 3077 561 3147; x_wconf 78' lang='grc' dir='ltr'>ζωὴν,</span> <span class='ocrx_word' id='word_1_407' title='bbox 591 3076 665 3139; x_wconf 79' lang='grc' dir='ltr'>ὡς</span> <span class='ocrx_word' id='word_1_408' title='bbox 694 3076 753 3129; x_wconf 80' lang='grc' dir='ltr'>τὸ</span> <span class='ocrx_word' id='word_1_409' title='bbox 784 3076 1043 3145; x_wconf 81' lang='grc' dir='ltr'>συγγενὲς</span> <span class='ocrx_word' id='word_1_410' title='bbox 1064 3077 1233 3146; x_wconf 83' lang='grc' dir='ltr'>αὐτῆς</span> <span class='ocrx_word' id='word_1_411' title='bbox 1255 3076 1482 3147; x_wconf 79' lang='grc' dir='ltr'>ἔχουσαν</span> <span class='ocrx_word' id='word_1_412' title='bbox 1507 3078 1565 3129; x_wconf 89' lang='grc' dir='ltr'>ἐν</span> <span class='ocrx_word' id='word_1_413' title='bbox 1588 3076 1827 3138; x_wconf 83' lang='grc' dir='ltr'>πολλοῖς,</span> <span class='ocrx_word' id='word_1_414' title='bbox 1871 3076 1966 3128; x_wconf 75' lang='grc' dir='ltr'>καὶ</span> <span class='ocrx_word' id='word_1_415' title='bbox 2002 3076 2201 3146; x_wconf 81' lang='grc' dir='ltr'>μᾶλλον</span> <span class='ocrx_word' id='word_1_416' title='bbox 2226 3075 2359 3146; x_wconf 78' lang='grc' dir='ltr'>αὐτῇ</span> <span class='ocrx_word' id='word_1_417' title='bbox 2388 3075 2539 3146; x_wconf 78' lang='grc' dir='ltr'>παρὰ</span> <span class='ocrx_word' id='word_1_418' title='bbox 2560 3076 2658 3138; x_wconf 82' lang='grc' dir='ltr'>τὰς</span> <span class='ocrx_word' id='word_1_419' title='bbox 2685 3073 2877 3137; x_wconf 83' lang='grc' dir='ltr'>λοιπὰς</span> <span class='ocrx_word' id='word_1_420' title='bbox 2904 3074 3013 3126; x_wconf 91' lang='grc' dir='ltr'>τῶν</span> <span class='ocrx_word' id='word_1_421' title='bbox 3046 3057 3385 3144; x_wconf 75' lang='grc' dir='ltr'>τελουμένων</span> 
     </span>
    </p>
   </div>
   <div class='ocr_carea' id='block_1_31' title="bbox 119 3165 3382 3240">
    <p class='ocr_par' dir='ltr' id='par_1_31' title="bbox 119 3165 3382 3240">
     <span class='ocr_line' id='line_1_31' title="bbox 119 3165 3382 3240; baseline -0.001 -17"><span class='ocrx_word' id='word_1_422' title='bbox 119 3170 313 3236; x_wconf 78' lang='grc' dir='ltr'>τάξεις</span> <span class='ocrx_word' id='word_1_423' title='bbox 351 3168 775 3239; x_wconf 77' lang='grc' dir='ltr'>πλησιάζουσαν.</span> <span class='ocrx_word' id='word_1_424' title='bbox 828 3170 862 3239; x_wconf 83' lang='grc' dir='ltr'>ή</span> <span class='ocrx_word' id='word_1_425' title='bbox 906 3170 963 3222; x_wconf 84' lang='grc' dir='ltr'>δέ</span> <span class='ocrx_word' id='word_1_426' title='bbox 986 3168 1081 3221; x_wconf 84' lang='grc' dir='ltr'>τοῦ</span> <span class='ocrx_word' id='word_1_427' title='bbox 1118 3167 1490 3240; x_wconf 81' lang='grc' dir='ltr'>σταυροειδοῦς</span> <span class='ocrx_word' id='word_1_428' title='bbox 1530 3168 1702 3221; x_wconf 85' lang='grc' dir='ltr'>τύπου</span> <span class='ocrx_word' id='word_1_429' title='bbox 1745 3168 1999 3239; x_wconf 72' lang='grc' dir='ltr'>σφραγὶς,</span> <span class='ocrx_word' id='word_1_430' title='bbox 2034 3168 2108 3230; x_wconf 85' lang='grc' dir='ltr'>ὡς</span> <span class='ocrx_word' id='word_1_431' title='bbox 2129 3168 2230 3238; x_wconf 80' lang='grc' dir='ltr'>ήδη</span> <span class='ocrx_word' id='word_1_432' title='bbox 2261 3166 2391 3239; x_wconf 87' lang='grc' dir='ltr'>παρ’</span> <span class='ocrx_word' id='word_1_433' title='bbox 2420 3167 2576 3237; x_wconf 88' lang='grc' dir='ltr'>ήμῶν</span> <span class='ocrx_word' id='word_1_434' title='bbox 2609 3166 2843 3238; x_wconf 81' lang='grc' dir='ltr'>εἴρηται,</span> <span class='ocrx_word' id='word_1_435' title='bbox 2873 3165 3021 3236; x_wconf 91' lang='grc' dir='ltr'>δηλοῖ</span> <span class='ocrx_word' id='word_1_436' title='bbox 3043 3166 3142 3236; x_wconf 79' lang='grc' dir='ltr'>τὴν</span> <span class='ocrx_word' id='word_1_437' title='bbox 3190 3166 3382 3220; x_wconf 92' lang='grc' dir='ltr'>πασῶν</span> 
     </span>
    </p>
   </div>
   <div class='ocr_carea' id='block_1_32' title="bbox 120 3259 3381 3337">
    <p class='ocr_par' dir='ltr' id='par_1_32' title="bbox 120 3259 3381 3337">
     <span class='ocr_line' id='line_1_32' title="bbox 120 3259 3381 3337; baseline -0.002 -18"><span class='ocrx_word' id='word_1_438' title='bbox 120 3267 260 3337; x_wconf 69' lang='grc' dir='ltr'>ὁμοῦ</span> <span class='ocrx_word' id='word_1_439' title='bbox 302 3266 417 3319; x_wconf 91' lang='grc' dir='ltr'>τῶν</span> <span class='ocrx_word' id='word_1_440' title='bbox 449 3265 728 3336; x_wconf 83' lang='grc' dir='ltr'>σαρκικῶν</span> <span class='ocrx_word' id='word_1_441' title='bbox 756 3265 988 3336; x_wconf 81' lang='grc' dir='ltr'>ὀρέξεων</span> <span class='ocrx_word' id='word_1_442' title='bbox 1011 3263 1425 3334; x_wconf 87' lang='grc' dir='ltr'>ἀνενεργησίαν.</span> <span class='ocrx_word' id='word_1_443' title='bbox 1484 3264 1518 3334; x_wconf 80' lang='grc' dir='ltr'>ἡ</span> <span class='ocrx_word' id='word_1_444' title='bbox 1558 3263 1614 3315; x_wconf 82' lang='grc' dir='ltr'>δὲ</span> <span class='ocrx_word' id='word_1_445' title='bbox 1640 3265 1748 3315; x_wconf 85' lang='grc' dir='ltr'>τῶν</span> <span class='ocrx_word' id='word_1_446' title='bbox 1781 3262 1982 3333; x_wconf 84' lang='grc' dir='ltr'>τριχῶν</span> <span class='ocrx_word' id='word_1_447' title='bbox 2005 3262 2305 3332; x_wconf 85' lang='grc' dir='ltr'>ἀπόκαρσις</span> <span class='ocrx_word' id='word_1_448' title='bbox 2335 3262 2588 3332; x_wconf 86' lang='grc' dir='ltr'>ἐμφαίνει</span> <span class='ocrx_word' id='word_1_449' title='bbox 2614 3262 2711 3331; x_wconf 83' lang='grc' dir='ltr'>τὴν</span> <span class='ocrx_word' id='word_1_450' title='bbox 2736 3260 2980 3331; x_wconf 83' lang='grc' dir='ltr'>καθαρὰν</span> <span class='ocrx_word' id='word_1_451' title='bbox 3007 3261 3101 3314; x_wconf 77' lang='grc' dir='ltr'>καὶ</span> <span class='ocrx_word' id='word_1_452' title='bbox 3127 3259 3381 3333; x_wconf 86' lang='grc' dir='ltr'>ἀσχημά-</span> 
     </span>
    </p>
   </div>
   <div class='ocr_carea' id='block_1_33' title="bbox 118 3353 3381 3431">
    <p class='ocr_par' dir='ltr' id='par_1_33' title="bbox 118 3353 3381 3431">
     <span class='ocr_line' id='line_1_33' title="bbox 118 3353 3381 3431; baseline -0.003 -16"><span class='ocrx_word' id='word_1_453' title='bbox 118 3380 307 3415; x_wconf 76' lang='grc' dir='ltr'>τιστον</span> <span class='ocrx_word' id='word_1_454' title='bbox 336 3360 502 3431; x_wconf 79' lang='grc' dir='ltr'>ζωὴν,</span> <span class='ocrx_word' id='word_1_455' title='bbox 536 3361 635 3413; x_wconf 89' lang='grc' dir='ltr'>οὑκ</span> <span class='ocrx_word' id='word_1_456' title='bbox 669 3360 1021 3422; x_wconf 87' lang='grc' dir='ltr'>ἐπιπλάστοις</span> <span class='ocrx_word' id='word_1_457' title='bbox 1054 3360 1295 3430; x_wconf 89' lang='grc' dir='ltr'>σχήμασι</span> <span class='ocrx_word' id='word_1_458' title='bbox 1329 3357 1392 3411; x_wconf 84' lang='grc' dir='ltr'>τὸ</span> <span class='ocrx_word' id='word_1_459' title='bbox 1421 3359 1561 3411; x_wconf 86' lang='grc' dir='ltr'>κατὰ</span> <span class='ocrx_word' id='word_1_460' title='bbox 1594 3358 1719 3412; x_wconf 81' lang='grc' dir='ltr'>νοῦν</span> <span class='ocrx_word' id='word_1_461' title='bbox 1758 3357 1995 3421; x_wconf 83' lang='grc' dir='ltr'>δυσειδὲς</span> <span class='ocrx_word' id='word_1_462' title='bbox 2038 3357 2363 3420; x_wconf 90' lang='grc' dir='ltr'>ἐπιθετικῶς</span> <span class='ocrx_word' id='word_1_463' title='bbox 2409 3355 2873 3419; x_wconf 79' lang='grc' dir='ltr'>καλλωπίζουσαν,</span> <span class='ocrx_word' id='word_1_464' title='bbox 2917 3353 3032 3407; x_wconf 83' lang='grc' dir='ltr'>ἀλλ’</span> <span class='ocrx_word' id='word_1_465' title='bbox 3076 3353 3246 3423; x_wconf 86' lang='grc' dir='ltr'>αὐτὴν</span> <span class='ocrx_word' id='word_1_466' title='bbox 3292 3356 3381 3421; x_wconf 81' lang='grc' dir='ltr'>ἐφ’</span> 
     </span>
    </p>
   </div>
   <div class='ocr_carea' id='block_1_34' title="bbox 120 3445 3379 3523">
    <p class='ocr_par' dir='ltr' id='par_1_34' title="bbox 120 3445 3379 3523">
     <span class='ocr_line' id='line_1_34' title="bbox 120 3445 3379 3523; baseline -0.003 -18"><span class='ocrx_word' id='word_1_467' title='bbox 120 3454 332 3522; x_wconf 74' lang='grc' dir='ltr'>ἑαυτῆς</span> <span class='ocrx_word' id='word_1_468' title='bbox 360 3453 463 3505; x_wconf 82' lang='grc' dir='ltr'>οὑκ</span> <span class='ocrx_word' id='word_1_469' title='bbox 494 3451 859 3523; x_wconf 86' lang='grc' dir='ltr'>ἀνθρωπικοῖς</span> <span class='ocrx_word' id='word_1_470' title='bbox 899 3451 1173 3514; x_wconf 85' lang='grc' dir='ltr'>κάλλεσιν,</span> <span class='ocrx_word' id='word_1_471' title='bbox 1217 3449 1331 3503; x_wconf 86' lang='grc' dir='ltr'>ἀλλ’</span> <span class='ocrx_word' id='word_1_472' title='bbox 1359 3449 1582 3513; x_wconf 82' lang='grc' dir='ltr'>ἐνιαίοις</span> <span class='ocrx_word' id='word_1_473' title='bbox 1612 3451 1707 3501; x_wconf 74' lang='grc' dir='ltr'>καὶ</span> <span class='ocrx_word' id='word_1_474' title='bbox 1748 3451 2000 3519; x_wconf 86' lang='grc' dir='ltr'>μοναχοῖς</span> <span class='ocrx_word' id='word_1_475' title='bbox 2036 3449 2115 3511; x_wconf 86' lang='grc' dir='ltr'>εἰς</span> <span class='ocrx_word' id='word_1_476' title='bbox 2169 3448 2230 3501; x_wconf 82' lang='grc' dir='ltr'>τὸ</span> <span class='ocrx_word' id='word_1_477' title='bbox 2267 3447 2658 3501; x_wconf 87' lang='grc' dir='ltr'>θεοειδέστατον</span> <span class='ocrx_word' id='word_1_478' title='bbox 2698 3446 3063 3516; x_wconf 86' lang='grc' dir='ltr'>ἀναγομένην.</span> <span class='ocrx_word' id='word_1_479' title='bbox 3112 3447 3145 3515; x_wconf 86' lang='grc' dir='ltr'><strong>ἡ</strong></span> <span class='ocrx_word' id='word_1_480' title='bbox 3188 3445 3245 3497; x_wconf 75' lang='grc' dir='ltr'>δὲ</span> <span class='ocrx_word' id='word_1_481' title='bbox 3278 3447 3379 3515; x_wconf 82' lang='grc' dir='ltr'>τῆς</span> 
     </span>
    </p>
   </div>
   <div class='ocr_carea' id='block_1_35' title="bbox 118 3542 3378 3619">
    <p class='ocr_par' dir='ltr' id='par_1_35' title="bbox 118 3542 3378 3619">
     <span class='ocr_line' id='line_1_35' title="bbox 118 3542 3378 3619; baseline -0.002 -20"><span class='ocrx_word' id='word_1_482' title='bbox 118 3548 405 3618; x_wconf 86' lang='grc' dir='ltr'>προτέρας</span> <span class='ocrx_word' id='word_1_483' title='bbox 435 3547 660 3619; x_wconf 77' lang='grc' dir='ltr'>ἐσθῆτος</span> <span class='ocrx_word' id='word_1_484' title='bbox 686 3548 949 3618; x_wconf 78' lang='grc' dir='ltr'>ἀποϐολὴ,</span> <span class='ocrx_word' id='word_1_485' title='bbox 976 3548 1072 3601; x_wconf 73' lang='grc' dir='ltr'>καὶ</span> <span class='ocrx_word' id='word_1_486' title='bbox 1106 3548 1203 3617; x_wconf 82' lang='grc' dir='ltr'>τῆς</span> <span class='ocrx_word' id='word_1_487' title='bbox 1226 3546 1419 3619; x_wconf 88' lang='grc' dir='ltr'>ἐτέρας</span> <span class='ocrx_word' id='word_1_488' title='bbox 1448 3546 1631 3616; x_wconf 73' lang='grc' dir='ltr'>λῆψις,</span> <span class='ocrx_word' id='word_1_489' title='bbox 1657 3546 1756 3617; x_wconf 83' lang='grc' dir='ltr'>τὴν</span> <span class='ocrx_word' id='word_1_490' title='bbox 1780 3546 1888 3600; x_wconf 81' lang='grc' dir='ltr'>ἀπὸ</span> <span class='ocrx_word' id='word_1_491' title='bbox 1920 3546 2090 3615; x_wconf 87' lang='grc' dir='ltr'>μέσης</span> <span class='ocrx_word' id='word_1_492' title='bbox 2117 3546 2269 3616; x_wconf 81' lang='grc' dir='ltr'>ἱερᾶς</span> <span class='ocrx_word' id='word_1_493' title='bbox 2299 3543 2443 3614; x_wconf 83' lang='grc' dir='ltr'>ζωῆς</span> <span class='ocrx_word' id='word_1_494' title='bbox 2481 3544 2573 3595; x_wconf 71' lang='grc' dir='ltr'>ἐπὶ</span> <span class='ocrx_word' id='word_1_495' title='bbox 2591 3542 2688 3614; x_wconf 81' lang='grc' dir='ltr'>τὴν</span> <span class='ocrx_word' id='word_1_496' title='bbox 2717 3543 3056 3614; x_wconf 89' lang='grc' dir='ltr'>τελειοτέραν</span> <span class='ocrx_word' id='word_1_497' title='bbox 3088 3542 3378 3614; x_wconf 82' lang='grc' dir='ltr'>μετάταξιν</span> 
     </span>
    </p>
   </div>
   <div class='ocr_carea' id='block_1_36' title="bbox 114 3632 3348 3710">
    <p class='ocr_par' dir='ltr' id='par_1_36' title="bbox 114 3632 3348 3710">
     <span class='ocr_line' id='line_1_36' title="bbox 114 3632 3348 3710; baseline -0.002 -20"><span class='ocrx_word' id='word_1_498' title='bbox 114 3638 411 3707; x_wconf 86' lang='grc' dir='ltr'>ἐμφαίνει,</span> <span class='ocrx_word' id='word_1_499' title='bbox 436 3638 686 3710; x_wconf 87' lang='grc' dir='ltr'>καθάπερ</span> <span class='ocrx_word' id='word_1_500' title='bbox 719 3639 808 3691; x_wconf 74' lang='grc' dir='ltr'>ἐπὶ</span> <span class='ocrx_word' id='word_1_501' title='bbox 844 3639 942 3709; x_wconf 76' lang='grc' dir='ltr'>τῆς</span> <span class='ocrx_word' id='word_1_502' title='bbox 973 3640 1121 3709; x_wconf 81' lang='grc' dir='ltr'>ἱερᾶς</span> <span class='ocrx_word' id='word_1_503' title='bbox 1148 3638 1489 3706; x_wconf 88' lang='grc' dir='ltr'>θεογενεσίας</span> <span class='ocrx_word' id='word_1_504' title='bbox 1526 3639 1559 3709; x_wconf 86' lang='grc' dir='ltr'>ἡ</span> <span class='ocrx_word' id='word_1_505' title='bbox 1598 3640 1696 3707; x_wconf 81' lang='grc' dir='ltr'>τῆς</span> <span class='ocrx_word' id='word_1_506' title='bbox 1739 3637 1964 3707; x_wconf 85' lang='grc' dir='ltr'>ἐσθῆτος</span> <span class='ocrx_word' id='word_1_507' title='bbox 2004 3636 2229 3707; x_wconf 73' lang='grc' dir='ltr'>ἄμειψις</span> <span class='ocrx_word' id='word_1_508' title='bbox 2266 3635 2453 3707; x_wconf 87' lang='grc' dir='ltr'>ἐδήλου</span> <span class='ocrx_word' id='word_1_509' title='bbox 2482 3636 2581 3705; x_wconf 83' lang='grc' dir='ltr'>τῆς</span> <span class='ocrx_word' id='word_1_510' title='bbox 2613 3633 3121 3704; x_wconf 84' lang='grc' dir='ltr'>ἀποκαθαιρομένης</span> <span class='ocrx_word' id='word_1_511' title='bbox 3163 3632 3306 3702; x_wconf 81' lang='grc' dir='ltr'>ζωῆς</span> <span class='ocrx_word' id='word_1_512' title='bbox 3336 3634 3348 3701; x_wconf 87' lang='lat'>|</span> 
     </span>
    </p>
   </div>
   <div class='ocr_carea' id='block_1_37' title="bbox 113 3722 3378 3802">
    <p class='ocr_par' dir='ltr' id='par_1_37' title="bbox 113 3722 3378 3802">
     <span class='ocr_line' id='line_1_37' title="bbox 113 3722 3378 3802; baseline -0.002 -19"><span class='ocrx_word' id='word_1_513' title='bbox 113 3734 192 3794; x_wconf 91' lang='grc' dir='ltr'>είς</span> <span class='ocrx_word' id='word_1_514' title='bbox 218 3731 572 3802; x_wconf 80' lang='grc' dir='ltr'>θεωρητικὴν</span> <span class='ocrx_word' id='word_1_515' title='bbox 605 3732 699 3785; x_wconf 74' lang='grc' dir='ltr'>καὶ</span> <span class='ocrx_word' id='word_1_516' title='bbox 726 3732 1043 3802; x_wconf 85' lang='grc' dir='ltr'>σοφιστικὴν</span> <span class='ocrx_word' id='word_1_517' title='bbox 1082 3730 1194 3795; x_wconf 76' lang='grc' dir='ltr'>’έξιν</span> <span class='ocrx_word' id='word_1_518' title='bbox 1222 3731 1533 3801; x_wconf 82' lang='grc' dir='ltr'>ἀναγωγήν.</span> <span class='ocrx_word' id='word_1_519' title='bbox 1586 3732 1633 3782; x_wconf 88' lang='grc' dir='ltr'>εἰ</span> <span class='ocrx_word' id='word_1_520' title='bbox 1668 3730 1724 3782; x_wconf 87' lang='grc' dir='ltr'>δέ</span> <span class='ocrx_word' id='word_1_521' title='bbox 1746 3729 1840 3783; x_wconf 71' lang='grc' dir='ltr'>καὶ</span> <span class='ocrx_word' id='word_1_522' title='bbox 1870 3728 1964 3782; x_wconf 78' lang='grc' dir='ltr'>νῦν</span> <span class='ocrx_word' id='word_1_523' title='bbox 1996 3730 2024 3781; x_wconf 95' lang='lat'>6</span> <span class='ocrx_word' id='word_1_524' title='bbox 2058 3729 2235 3799; x_wconf 84' lang='grc' dir='ltr'>ἱερεύς</span> <span class='ocrx_word' id='word_1_525' title='bbox 2264 3744 2323 3779; x_wconf 89' lang='grc' dir='ltr'>τε</span> <span class='ocrx_word' id='word_1_526' title='bbox 2349 3727 2443 3779; x_wconf 70' lang='grc' dir='ltr'>καὶ</span> <span class='ocrx_word' id='word_1_527' title='bbox 2476 3727 2674 3789; x_wconf 86' lang='grc' dir='ltr'>πάντες</span> <span class='ocrx_word' id='word_1_528' title='bbox 2698 3726 2811 3778; x_wconf 85' lang='grc' dir='ltr'>ὅσοι</span> <span class='ocrx_word' id='word_1_529' title='bbox 2844 3725 3096 3795; x_wconf 86' lang='grc' dir='ltr'>πάρεισιν</span> <span class='ocrx_word' id='word_1_530' title='bbox 3125 3724 3261 3793; x_wconf 73' lang='grc' dir='ltr'>ἱεροὶ</span> <span class='ocrx_word' id='word_1_531' title='bbox 3284 3722 3378 3777; x_wconf 84' lang='grc' dir='ltr'>τὸν</span> 
     </span>
    </p>
   </div>
   <div class='ocr_carea' id='block_1_38' title="bbox 112 3813 3376 3897">
    <p class='ocr_par' dir='ltr' id='par_1_38' title="bbox 112 3813 3376 3897">
     <span class='ocr_line' id='line_1_38' title="bbox 112 3813 3376 3897; baseline 0.003 -20"><span class='ocrx_word' id='word_1_532' title='bbox 112 3826 507 3896; x_wconf 83' lang='grc' dir='ltr'>τετελεσμένον</span> <span class='ocrx_word' id='word_1_533' title='bbox 528 3826 885 3891; x_wconf 76' lang='grc' dir='ltr'>ἀσπάζονται,</span> <span class='ocrx_word' id='word_1_534' title='bbox 908 3826 1005 3897; x_wconf 84' lang='grc' dir='ltr'>τὴν</span> <span class='ocrx_word' id='word_1_535' title='bbox 1038 3824 1187 3897; x_wconf 85' lang='grc' dir='ltr'>ἱερὰν</span> <span class='ocrx_word' id='word_1_536' title='bbox 1217 3825 1325 3877; x_wconf 86' lang='grc' dir='ltr'>τῶν</span> <span class='ocrx_word' id='word_1_537' title='bbox 1360 3824 1605 3877; x_wconf 86' lang='grc' dir='ltr'>θεοειδῶν</span> <span class='ocrx_word' id='word_1_538' title='bbox 1635 3824 1886 3892; x_wconf 88' lang='grc' dir='ltr'>ἐννόησον</span> <span class='ocrx_word' id='word_1_539' title='bbox 1926 3821 2229 3883; x_wconf 83' lang='grc' dir='ltr'>κοινωνίαν,</span> <span class='ocrx_word' id='word_1_540' title='bbox 2264 3817 2619 3888; x_wconf 83' lang='grc' dir='ltr'>ἀγαπητικῶς</span> <span class='ocrx_word' id='word_1_541' title='bbox 2645 3819 2702 3870; x_wconf 74' lang='grc' dir='ltr'>ἒν</span> <span class='ocrx_word' id='word_1_542' title='bbox 2736 3813 3043 3887; x_wconf 75' lang='grc' dir='ltr'>εὐφροσύνῃ</span> <span class='ocrx_word' id='word_1_543' title='bbox 3083 3813 3204 3884; x_wconf 66' lang='grc' dir='ltr'>θείᾳ</span> <span class='ocrx_word' id='word_1_544' title='bbox 3245 3830 3376 3867; x_wconf 66' lang='grc' dir='ltr'>συν*</span> 
     </span>
    </p>
   </div>
   <div class='ocr_carea' id='block_1_39' title="bbox 108 3905 3374 3990">
    <p class='ocr_par' dir='ltr' id='par_1_39' title="bbox 108 3905 3374 3990">
     <span class='ocr_line' id='line_1_39' title="bbox 108 3905 3374 3990; baseline -0.004 -21"><span class='ocrx_word' id='word_1_545' title='bbox 108 3916 402 3988; x_wconf 83' lang='grc' dir='ltr'>ηδομένων</span> <span class='ocrx_word' id='word_1_546' title='bbox 442 3918 715 3990; x_wconf 85' lang='grc' dir='ltr'>ἀλλήλοις.</span> <span class='ocrx_word' id='word_1_547' title='bbox 757 3921 813 3971; x_wconf 87' lang='grc' dir='ltr'>ἐν</span> <span class='ocrx_word' id='word_1_548' title='bbox 846 3918 989 3971; x_wconf 84' lang='grc' dir='ltr'>τέλει</span> <span class='ocrx_word' id='word_1_549' title='bbox 1017 3918 1072 3971; x_wconf 77' lang='grc' dir='ltr'>δὲ</span> <span class='ocrx_word' id='word_1_550' title='bbox 1099 3918 1313 3971; x_wconf 87' lang='grc' dir='ltr'>πάντων</span> <span class='ocrx_word' id='word_1_551' title='bbox 1333 3917 1361 3969; x_wconf 92' lang='lat'>6</span> <span class='ocrx_word' id='word_1_552' title='bbox 1392 3918 1573 3987; x_wconf 79' lang='grc' dir='ltr'>ἱερεὺς</span> <span class='ocrx_word' id='word_1_553' title='bbox 1600 3918 1689 3968; x_wconf 71' lang='grc' dir='ltr'>ἐπὶ</span> <span class='ocrx_word' id='word_1_554' title='bbox 1710 3916 1806 3987; x_wconf 84' lang='grc' dir='ltr'>τὴν</span> <span class='ocrx_word' id='word_1_555' title='bbox 1831 3915 2127 3986; x_wconf 77' lang='grc' dir='ltr'>θεαρχικὴν</span> <span class='ocrx_word' id='word_1_556' title='bbox 2152 3912 2434 3966; x_wconf 89' lang='grc' dir='ltr'>κοινωνίαν</span> <span class='ocrx_word' id='word_1_557' title='bbox 2458 3909 2615 3963; x_wconf 89' lang='grc' dir='ltr'>καλεῖ</span> <span class='ocrx_word' id='word_1_558' title='bbox 2634 3908 2723 3962; x_wconf 84' lang='grc' dir='ltr'>τὸν</span> <span class='ocrx_word' id='word_1_559' title='bbox 2747 3906 3151 3977; x_wconf 89' lang='grc' dir='ltr'>τετελεσμένον,</span> <span class='ocrx_word' id='word_1_560' title='bbox 3177 3905 3374 3976; x_wconf 88' lang='grc' dir='ltr'>ἐμφαί-</span> 
     </span>
    </p>
   </div>
   <div class='ocr_carea' id='block_1_40' title="bbox 110 3998 3373 4084">
    <p class='ocr_par' dir='ltr' id='par_1_40' title="bbox 110 3998 3373 4084">
     <span class='ocr_line' id='line_1_40' title="bbox 110 3998 3373 4084; baseline -0.005 -19"><span class='ocrx_word' id='word_1_561' title='bbox 110 4030 217 4067; x_wconf 87' lang='grc' dir='ltr'>νων</span> <span class='ocrx_word' id='word_1_562' title='bbox 253 4014 445 4083; x_wconf 85' lang='grc' dir='ltr'>ἱερῶς,</span> <span class='ocrx_word' id='word_1_563' title='bbox 478 4013 553 4077; x_wconf 82' lang='grc' dir='ltr'>ὡς</span> <span class='ocrx_word' id='word_1_564' title='bbox 584 4016 613 4067; x_wconf 93' lang='lat'>6</span> <span class='ocrx_word' id='word_1_565' title='bbox 652 4013 945 4079; x_wconf 70' lang='grc' dir='ltr'>τελεσθεὶς,</span> <span class='ocrx_word' id='word_1_566' title='bbox 977 4012 1137 4084; x_wconf 76' lang='grc' dir='ltr'>εἴπερ</span> <span class='ocrx_word' id='word_1_567' title='bbox 1164 4012 1381 4083; x_wconf 84' lang='grc' dir='ltr'>ἀληθῶς</span> <span class='ocrx_word' id='word_1_568' title='bbox 1410 4012 1503 4064; x_wconf 73' lang='grc' dir='ltr'>ἐπὶ</span> <span class='ocrx_word' id='word_1_569' title='bbox 1528 4012 1627 4082; x_wconf 70' lang='grc' dir='ltr'>τὴν</span> <span class='ocrx_word' id='word_1_570' title='bbox 1657 4012 1957 4082; x_wconf 81' lang='grc' dir='ltr'>μοναχικὴν</span> <span class='ocrx_word' id='word_1_571' title='bbox 1988 4009 2240 4079; x_wconf 85' lang='grc' dir='ltr'>ἀφίκοιτο</span> <span class='ocrx_word' id='word_1_572' title='bbox 2260 4007 2354 4061; x_wconf 71' lang='grc' dir='ltr'>καὶ</span> <span class='ocrx_word' id='word_1_573' title='bbox 2379 4005 2589 4059; x_wconf 80' lang='grc' dir='ltr'>ἑνιαίαν</span> <span class='ocrx_word' id='word_1_574' title='bbox 2620 4000 2928 4071; x_wconf 84' lang='grc' dir='ltr'>ἀναγωγὴν,</span> <span class='ocrx_word' id='word_1_575' title='bbox 2959 4000 3019 4053; x_wconf 87' lang='grc' dir='ltr'>οὑ</span> <span class='ocrx_word' id='word_1_576' title='bbox 3046 3998 3373 4071; x_wconf 82' lang='grc' dir='ltr'>θεωρητικὸς</span> 
     </span>
    </p>
   </div>
   <div class='ocr_carea' id='block_1_41' title="bbox 111 4090 3372 4185">
    <p class='ocr_par' dir='ltr' id='par_1_41' title="bbox 111 4090 3372 4185">
     <span class='ocr_line' id='line_1_41' title="bbox 111 4090 3372 4185; baseline -0.005 -26"><span class='ocrx_word' id='word_1_577' title='bbox 111 4107 275 4176; x_wconf 85' lang='grc' dir='ltr'>μόνον</span> <span class='ocrx_word' id='word_1_578' title='bbox 303 4107 460 4160; x_wconf 79' lang='grc' dir='ltr'>ἔσται</span> <span class='ocrx_word' id='word_1_579' title='bbox 484 4106 591 4160; x_wconf 89' lang='grc' dir='ltr'>τῶν</span> <span class='ocrx_word' id='word_1_580' title='bbox 624 4107 743 4160; x_wconf 85' lang='grc' dir='ltr'>κατ’</span> <span class='ocrx_word' id='word_1_581' title='bbox 775 4106 936 4160; x_wconf 76' lang='grc' dir='ltr'>αὑτὸν</span> <span class='ocrx_word' id='word_1_582' title='bbox 964 4105 1144 4176; x_wconf 88' lang='grc' dir='ltr'>ἱερῶν,</span> <span class='ocrx_word' id='word_1_583' title='bbox 1171 4106 1289 4158; x_wconf 82' lang='grc' dir='ltr'>οὑδὲ</span> <span class='ocrx_word' id='word_1_584' title='bbox 1318 4105 1458 4159; x_wconf 88' lang='grc' dir='ltr'>κατά</span> <span class='ocrx_word' id='word_1_585' title='bbox 1489 4106 1659 4175; x_wconf 84' lang='grc' dir='ltr'>μέσην</span> <span class='ocrx_word' id='word_1_586' title='bbox 1688 4103 1841 4169; x_wconf 82' lang='grc' dir='ltr'>τάξιν</span> <span class='ocrx_word' id='word_1_587' title='bbox 1872 4103 1965 4154; x_wconf 72' lang='grc' dir='ltr'>ἐπὶ</span> <span class='ocrx_word' id='word_1_588' title='bbox 1982 4102 2080 4170; x_wconf 83' lang='grc' dir='ltr'>τὴν</span> <span class='ocrx_word' id='word_1_589' title='bbox 2087 4097 2403 4185; x_wconf 59' lang='grc' dir='ltr'>,κοινωνίαν</span> <span class='ocrx_word' id='word_1_590' title='bbox 2427 4095 2547 4167; x_wconf 78' lang='grc' dir='ltr'>ἥξει</span> <span class='ocrx_word' id='word_1_591' title='bbox 2582 4093 2691 4147; x_wconf 93' lang='grc' dir='ltr'>τῶν</span> <span class='ocrx_word' id='word_1_592' title='bbox 2722 4092 3028 4164; x_wconf 85' lang='grc' dir='ltr'>ἱερωτάτων</span> <span class='ocrx_word' id='word_1_593' title='bbox 3068 4090 3372 4159; x_wconf 79' lang='grc' dir='ltr'>συμϐόλων,</span> 
     </span>
    </p>
   </div>
   <div class='ocr_carea' id='block_1_42' title="bbox 106 4181 3373 4270">
    <p class='ocr_par' dir='ltr' id='par_1_42' title="bbox 106 4181 3373 4270">
     <span class='ocr_line' id='line_1_42' title="bbox 106 4181 3373 4270; baseline -0.006 -16"><span class='ocrx_word' id='word_1_594' title='bbox 106 4199 248 4254; x_wconf 80' lang='grc' dir='ltr'>ἀλλὰ</span> <span class='ocrx_word' id='word_1_595' title='bbox 287 4200 431 4270; x_wconf 75' lang='grc' dir='ltr'>μετὰ</span> <span class='ocrx_word' id='word_1_596' title='bbox 461 4199 610 4261; x_wconf 88' lang='grc' dir='ltr'>θείας</span> <span class='ocrx_word' id='word_1_597' title='bbox 650 4197 758 4252; x_wconf 91' lang='grc' dir='ltr'>τῶν</span> <span class='ocrx_word' id='word_1_598' title='bbox 792 4198 884 4251; x_wconf 87' lang='grc' dir='ltr'>ὑπ’</span> <span class='ocrx_word' id='word_1_599' title='bbox 928 4196 1093 4250; x_wconf 78' lang='grc' dir='ltr'>αὑτοῦ</span> <span class='ocrx_word' id='word_1_600' title='bbox 1139 4196 1513 4267; x_wconf 84' lang='grc' dir='ltr'>μετεχομένων</span> <span class='ocrx_word' id='word_1_601' title='bbox 1549 4195 1709 4268; x_wconf 86' lang='grc' dir='ltr'>ἱερῶν</span> <span class='ocrx_word' id='word_1_602' title='bbox 1751 4193 2025 4263; x_wconf 82' lang='grc' dir='ltr'>γνώσεως,</span> <span class='ocrx_word' id='word_1_603' title='bbox 2051 4181 2222 4263; x_wconf 74' lang='grc' dir='ltr'>ἐτέρῳ</span> <span class='ocrx_word' id='word_1_604' title='bbox 2259 4189 2446 4261; x_wconf 88' lang='grc' dir='ltr'>τρόπῳ</span> <span class='ocrx_word' id='word_1_605' title='bbox 2484 4186 2638 4258; x_wconf 89' lang='grc' dir='ltr'>παρά</span> <span class='ocrx_word' id='word_1_606' title='bbox 2673 4184 2763 4238; x_wconf 83' lang='grc' dir='ltr'>τὸν</span> <span class='ocrx_word' id='word_1_607' title='bbox 2798 4182 2940 4253; x_wconf 81' lang='grc' dir='ltr'>ἱερὸν</span> <span class='ocrx_word' id='word_1_608' title='bbox 2966 4182 3094 4235; x_wconf 80' lang='grc' dir='ltr'>λαὸν</span> <span class='ocrx_word' id='word_1_609' title='bbox 3138 4181 3232 4234; x_wconf 80' lang='grc' dir='ltr'>ἐπὶ</span> <span class='ocrx_word' id='word_1_610' title='bbox 3273 4181 3373 4251; x_wconf 78' lang='grc' dir='ltr'>τὴν</span> 
     </span>
    </p>
   </div>
   <div class='ocr_carea' id='block_1_43' title="bbox 107 4289 1397 4365">
    <p class='ocr_par' dir='ltr' id='par_1_43' title="bbox 107 4289 1397 4365">
     <span class='ocr_line' id='line_1_43' title="bbox 107 4289 1397 4365; baseline -0.007 -17"><span class='ocrx_word' id='word_1_611' title='bbox 107 4293 425 4365; x_wconf 66' lang='grc' dir='ltr'>μετάληψιν</span> <span class='ocrx_word' id='word_1_612' title='bbox 459 4291 577 4363; x_wconf 74' lang='grc' dir='ltr'>ἥξει</span> <span class='ocrx_word' id='word_1_613' title='bbox 607 4291 705 4360; x_wconf 81' lang='grc' dir='ltr'>τῆς</span> <span class='ocrx_word' id='word_1_614' title='bbox 732 4289 1027 4361; x_wconf 84' lang='grc' dir='ltr'>θεαρχικῆς</span> <span class='ocrx_word' id='word_1_615' title='bbox 1050 4290 1348 4353; x_wconf 82' lang='grc' dir='ltr'>κοινωνίας.</span> <span class='ocrx_word' id='word_1_616' title='bbox 1381 4309 1397 4339; x_wconf 72' lang='grc' dir='ltr'>ι</span> 
     </span>
    </p>
   </div>
   <div class='ocr_carea' id='block_1_44' title="bbox 174 4381 976 4454">
    <p class='ocr_par' dir='ltr' id='par_1_44' title="bbox 174 4381 976 4454">
     <span class='ocr_line' id='line_1_44' title="bbox 174 4381 976 4454; baseline -0.006 -14"><span class='ocrx_word' id='word_1_617' title='bbox 174 4387 344 4454; x_wconf 84' lang='lat' dir='ltr'><strong>Quae</strong></span> <span class='ocrx_word' id='word_1_618' title='bbox 372 4385 453 4439; x_wconf 90' lang='lat' dir='ltr'>sic</span> <span class='ocrx_word' id='word_1_619' title='bbox 484 4384 651 4438; x_wconf 70' lang='lat' dir='ltr'><strong>vertit</strong></span> <span class='ocrx_word' id='word_1_620' title='bbox 668 4381 976 4437; x_wconf 80' lang='lat' dir='ltr'><strong>Perionius.</strong></span> 
     </span>
    </p>
   </div>
   <div class='ocr_carea' id='block_1_45' title="bbox 180 4463 3370 4544">
    <p class='ocr_par' dir='ltr' id='par_1_45' title="bbox 180 4463 3370 4544">
     <span class='ocr_line' id='line_1_45' title="bbox 180 4463 3370 4544; baseline -0.006 -14"><span class='ocrx_word' id='word_1_621' title='bbox 180 4497 203 4530; x_wconf 75' lang='grc' dir='ltr'>ι</span> <span class='ocrx_word' id='word_1_622' title='bbox 244 4478 515 4533; x_wconf 87' lang='lat' dir='ltr'><strong>Summus</strong></span> <span class='ocrx_word' id='word_1_623' title='bbox 544 4489 674 4529; x_wconf 85' lang='lat' dir='ltr'><strong>vero</strong></span> <span class='ocrx_word' id='word_1_624' title='bbox 695 4490 887 4529; x_wconf 90' lang='lat' dir='ltr'><strong>eorum</strong></span> <span class='ocrx_word' id='word_1_625' title='bbox 929 4474 1195 4539; x_wconf 91' lang='lat' dir='ltr'><strong>omnium,</strong></span> <span class='ocrx_word' id='word_1_626' title='bbox 1227 4475 1321 4544; x_wconf 86' lang='lat' dir='ltr'>qui</span> <span class='ocrx_word' id='word_1_627' title='bbox 1362 4473 1649 4528; x_wconf 80' lang='lat' dir='ltr'>initiantur</span> <span class='ocrx_word' id='word_1_628' title='bbox 1693 4481 1749 4529; x_wconf 89' lang='lat' dir='ltr'>et</span> <span class='ocrx_word' id='word_1_629' title='bbox 1778 4472 2158 4544; x_wconf 87' lang='lat' dir='ltr'><strong>perﬁciuntur,</strong></span> <span class='ocrx_word' id='word_1_630' title='bbox 2186 4469 2321 4524; x_wconf 85' lang='lat' dir='ltr'>ordo</span> <span class='ocrx_word' id='word_1_631' title='bbox 2345 4474 2430 4523; x_wconf 91' lang='lat' dir='ltr'>est</span> <span class='ocrx_word' id='word_1_632' title='bbox 2455 4463 3209 4523; x_wconf 53' lang='lat' dir='ltr'><strong>sanctorum‘monachorum,</strong></span> <span class='ocrx_word' id='word_1_633' title='bbox 3244 4472 3370 4513; x_wconf 91' lang='lat' dir='ltr'>cum</span> 
     </span>
    </p>
   </div>
   <div class='ocr_carea' id='block_1_46' title="bbox 101 4549 3369 4641">
    <p class='ocr_par' dir='ltr' id='par_1_46' title="bbox 101 4549 3369 4641">
     <span class='ocr_line' id='line_1_46' title="bbox 101 4549 3369 4641; baseline -0.008 -12"><span class='ocrx_word' id='word_1_634' title='bbox 101 4582 160 4629; x_wconf 79' lang='lat' dir='ltr'>et</span> <span class='ocrx_word' id='word_1_635' title='bbox 181 4572 348 4628; x_wconf 88' lang='lat' dir='ltr'><strong>omni</strong></span> <span class='ocrx_word' id='word_1_636' title='bbox 372 4570 612 4641; x_wconf 89' lang='lat' dir='ltr'><strong>piaculo,</strong></span> <span class='ocrx_word' id='word_1_637' title='bbox 648 4576 762 4623; x_wconf 88' lang='lat' dir='ltr'><strong>tota</strong></span> <span class='ocrx_word' id='word_1_638' title='bbox 786 4568 839 4622; x_wconf 81' lang='lat' dir='ltr'>vi</span> <span class='ocrx_word' id='word_1_639' title='bbox 863 4571 1121 4638; x_wconf 89' lang='lat' dir='ltr'><strong>omnique</strong></span> <span class='ocrx_word' id='word_1_640' title='bbox 1146 4570 1422 4625; x_wconf 92' lang='lat' dir='ltr'><strong>actionum</strong></span> <span class='ocrx_word' id='word_1_641' title='bbox 1452 4585 1676 4624; x_wconf 90' lang='lat' dir='ltr'><strong>suarum</strong></span> <span class='ocrx_word' id='word_1_642' title='bbox 1706 4570 2064 4625; x_wconf 81' lang='lat' dir='ltr'><strong>sanctimonia</strong></span> <span class='ocrx_word' id='word_1_643' title='bbox 2090 4568 2340 4638; x_wconf 86' lang='lat' dir='ltr'><strong>expiatus</strong></span> <span class='ocrx_word' id='word_1_644' title='bbox 2361 4566 2452 4628; x_wconf 85' lang='lat' dir='ltr'><strong>sit,</strong></span> <span class='ocrx_word' id='word_1_645' title='bbox 2481 4572 2537 4619; x_wconf 89' lang='lat' dir='ltr'>et</span> <span class='ocrx_word' id='word_1_646' title='bbox 2558 4561 2738 4618; x_wconf 89' lang='lat' dir='ltr'><strong>omnis</strong></span> <span class='ocrx_word' id='word_1_647' title='bbox 2781 4555 3049 4629; x_wconf 84' lang='lat' dir='ltr'><strong>mysterii,</strong></span> <span class='ocrx_word' id='word_1_648' title='bbox 3074 4551 3220 4622; x_wconf 89' lang='lat' dir='ltr'><strong>quod</strong></span> <span class='ocrx_word' id='word_1_649' title='bbox 3244 4549 3369 4619; x_wconf 90' lang='lat' dir='ltr'><strong>qui-</strong></span> 
     </span>
    </p>
   </div>
   <div class='ocr_carea' id='block_1_47' title="bbox 101 4641 3369 4731">
    <p class='ocr_par' dir='ltr' id='par_1_47' title="bbox 101 4641 3369 4731">
     <span class='ocr_line' id='line_1_47' title="bbox 101 4641 3369 4731; baseline -0.009 -11"><span class='ocrx_word' id='word_1_650' title='bbox 101 4665 230 4720; x_wconf 87' lang='lat' dir='ltr'>dem</span> <span class='ocrx_word' id='word_1_651' title='bbox 256 4665 316 4720; x_wconf 90' lang='lat' dir='ltr'>ei</span> <span class='ocrx_word' id='word_1_652' title='bbox 342 4663 425 4718; x_wconf 82' lang='lat' dir='ltr'>fas</span> <span class='ocrx_word' id='word_1_653' title='bbox 448 4662 519 4716; x_wconf 85' lang='lat' dir='ltr'><strong>sit</strong></span> <span class='ocrx_word' id='word_1_654' title='bbox 544 4661 808 4731; x_wconf 80' lang='lat' dir='ltr'><strong>aspicere,</strong></span> <span class='ocrx_word' id='word_1_655' title='bbox 842 4658 1105 4727; x_wconf 85' lang='lat' dir='ltr'><strong>spiritalis</strong></span> <span class='ocrx_word' id='word_1_656' title='bbox 1131 4666 1407 4727; x_wconf 86' lang='lat' dir='ltr'><strong>spectator</strong></span> <span class='ocrx_word' id='word_1_657' title='bbox 1430 4658 1816 4728; x_wconf 89' lang='lat' dir='ltr'><strong>particepsque</strong></span> <span class='ocrx_word' id='word_1_658' title='bbox 1878 4658 1948 4712; x_wconf 88' lang='lat' dir='ltr'>sit</span> <span class='ocrx_word' id='word_1_659' title='bbox 2000 4658 2176 4711; x_wconf 85' lang='lat' dir='ltr'><strong>factus</strong></span> <span class='ocrx_word' id='word_1_660' title='bbox 2212 4655 2551 4723; x_wconf 85' lang='lat' dir='ltr'><strong>traditusque</strong></span> <span class='ocrx_word' id='word_1_661' title='bbox 2598 4647 2905 4722; x_wconf 89' lang='lat' dir='ltr'><strong>perﬁcienti</strong></span> <span class='ocrx_word' id='word_1_662' title='bbox 2931 4641 3250 4715; x_wconf 81' lang='lat' dir='ltr'><strong>pontiﬁcum</strong></span> <span class='ocrx_word' id='word_1_663' title='bbox 3275 4654 3369 4692; x_wconf 92' lang='lat' dir='ltr'><strong>or-</strong></span> 
     </span>
    </p>
   </div>
   <div class='ocr_carea' id='block_1_48' title="bbox 102 4726 3425 4821">
    <p class='ocr_par' dir='ltr' id='par_1_48' title="bbox 102 4726 3425 4821">
     <span class='ocr_line' id='line_1_48' title="bbox 102 4726 3425 4821; baseline -0.007 -11"><span class='ocrx_word' id='word_1_664' title='bbox 102 4757 244 4820; x_wconf 88' lang='lat' dir='ltr'><strong>dini,</strong></span> <span class='ocrx_word' id='word_1_665' title='bbox 275 4771 349 4809; x_wconf 91' lang='lat' dir='ltr'>ac</span> <span class='ocrx_word' id='word_1_666' title='bbox 373 4753 575 4809; x_wconf 84' lang='lat' dir='ltr'><strong>divinis</strong></span> <span class='ocrx_word' id='word_1_667' title='bbox 600 4726 794 4807; x_wconf 79' lang='lat' dir='ltr'><strong>eorum</strong></span> <span class='ocrx_word' id='word_1_668' title='bbox 835 4726 1299 4806; x_wconf 85' lang='lat' dir='ltr'><strong>illustrationibus</strong></span> <span class='ocrx_word' id='word_1_669' title='bbox 1344 4726 1753 4821; x_wconf 80' lang='lat' dir='ltr'><strong>pontiﬁciisque</strong></span> <span class='ocrx_word' id='word_1_670' title='bbox 1794 4751 2063 4806; x_wconf 89' lang='lat' dir='ltr'><strong>institutis</strong></span> <span class='ocrx_word' id='word_1_671' title='bbox 2109 4750 2283 4803; x_wconf 86' lang='lat' dir='ltr'><strong>discat</strong></span> <span class='ocrx_word' id='word_1_672' title='bbox 2302 4755 2614 4802; x_wconf 90' lang='lat' dir='ltr'><strong>sanctorum</strong></span> <span class='ocrx_word' id='word_1_673' title='bbox 2636 4739 3046 4814; x_wconf 83' lang='lat' dir='ltr'><strong>mysteriorum,</strong></span> <span class='ocrx_word' id='word_1_674' title='bbox 3074 4747 3213 4805; x_wconf 90' lang='lat' dir='ltr'><strong>quae</strong></span> <span class='ocrx_word' id='word_1_675' title='bbox 3241 4746 3369 4786; x_wconf 90' lang='lat' dir='ltr'>eum</span> <span class='ocrx_word' id='word_1_676' title='bbox 3412 4726 3425 4786; x_wconf 69' lang='grc' dir='ltr'>ί</span> 
     </span>
    </p>
   </div>
   <div class='ocr_carea' id='block_1_49' title="bbox 99 4824 3367 4918">
    <p class='ocr_par' dir='ltr' id='par_1_49' title="bbox 99 4824 3367 4918">
     <span class='ocr_line' id='line_1_49' title="bbox 99 4824 3367 4918; baseline -0.006 -17"><span class='ocrx_word' id='word_1_677' title='bbox 99 4848 411 4918; x_wconf 84' lang='lat' dir='ltr'><strong>attingunt,</strong></span> <span class='ocrx_word' id='word_1_678' title='bbox 440 4860 593 4899; x_wconf 89' lang='lat' dir='ltr'><strong>sacra</strong></span> <span class='ocrx_word' id='word_1_679' title='bbox 617 4859 757 4913; x_wconf 91' lang='lat' dir='ltr'><strong>quae</strong></span> <span class='ocrx_word' id='word_1_680' title='bbox 779 4842 1073 4913; x_wconf 84' lang='lat' dir='ltr'><strong>aspexerit,</strong></span> <span class='ocrx_word' id='word_1_681' title='bbox 1094 4849 1259 4912; x_wconf 88' lang='lat' dir='ltr'><strong>atque</strong></span> <span class='ocrx_word' id='word_1_682' title='bbox 1286 4848 1474 4897; x_wconf 90' lang='lat' dir='ltr'><strong>sancta</strong></span> <span class='ocrx_word' id='word_1_683' title='bbox 1510 4842 1833 4897; x_wconf 87' lang='lat' dir='ltr'><strong>eorumdem</strong></span> <span class='ocrx_word' id='word_1_684' title='bbox 1869 4841 2096 4897; x_wconf 89' lang='lat' dir='ltr'><strong>scientia</strong></span> <span class='ocrx_word' id='word_1_685' title='bbox 2124 4854 2227 4911; x_wconf 90' lang='lat' dir='ltr'>pro</span> <span class='ocrx_word' id='word_1_686' title='bbox 2249 4837 2414 4892; x_wconf 90' lang='lat' dir='ltr'><strong>modo</strong></span> <span class='ocrx_word' id='word_1_687' title='bbox 2438 4852 2537 4891; x_wconf 90' lang='lat' dir='ltr'>suo</span> <span class='ocrx_word' id='word_1_688' title='bbox 2559 4835 2628 4890; x_wconf 91' lang='lat' dir='ltr'>ad</span> <span class='ocrx_word' id='word_1_689' title='bbox 2666 4845 2935 4889; x_wconf 88' lang='lat' dir='ltr'><strong>summam</strong></span> <span class='ocrx_word' id='word_1_690' title='bbox 2973 4824 3367 4899; x_wconf 73' lang='lat' dir='ltr'><strong>perfectionem</strong></span> 
     </span>
    </p>
   </div>
   <div class='ocr_carea' id='block_1_50' title="bbox 98 4915 3439 5005">
    <p class='ocr_par' dir='ltr' id='par_1_50' title="bbox 98 4915 3439 5005">
     <span class='ocr_line' id='line_1_50' title="bbox 98 4915 3439 5005; baseline -0.006 -13"><span class='ocrx_word' id='word_1_691' title='bbox 98 4939 484 5005; x_wconf 76' lang='lat' dir='ltr'><strong>virtutemque</strong></span> <span class='ocrx_word' id='word_1_692' title='bbox 508 4935 790 4990; x_wconf 82' lang='lat' dir='ltr'><strong>eﬁ‘eratur.</strong></span> <span class='ocrx_word' id='word_1_693' title='bbox 824 4935 963 4989; x_wconf 83' lang='lat' dir='ltr'><strong>Hinc</strong></span> <span class='ocrx_word' id='word_1_694' title='bbox 996 4933 1169 4989; x_wconf 84' lang='lat' dir='ltr'><strong>divini</strong></span> <span class='ocrx_word' id='word_1_695' title='bbox 1213 4944 1595 5005; x_wconf 88' lang='lat' dir='ltr'><strong>praeceptores</strong></span> <span class='ocrx_word' id='word_1_696' title='bbox 1644 4936 1822 4991; x_wconf 89' lang='lat' dir='ltr'><strong>nostri</strong></span> <span class='ocrx_word' id='word_1_697' title='bbox 1863 4934 2067 4991; x_wconf 88' lang='lat' dir='ltr'><strong>sanctis</strong></span> <span class='ocrx_word' id='word_1_698' title='bbox 2090 4948 2185 4988; x_wconf 90' lang='lat' dir='ltr'>eos</span> <span class='ocrx_word' id='word_1_699' title='bbox 2233 4932 2550 4987; x_wconf 86' lang='lat' dir='ltr'><strong>nominibus</strong></span> <span class='ocrx_word' id='word_1_700' title='bbox 2594 4925 2856 4999; x_wconf 89' lang='lat' dir='ltr'><strong>appellari</strong></span> <span class='ocrx_word' id='word_1_701' title='bbox 2909 4922 3224 4983; x_wconf 79' lang='lat' dir='ltr'><strong>voluerunt,</strong></span> <span class='ocrx_word' id='word_1_702' title='bbox 3272 4915 3365 4973; x_wconf 90' lang='lat' dir='ltr'><strong>alii</strong></span> <span class='ocrx_word' id='word_1_703' title='bbox 3416 4915 3439 4952; x_wconf 58' lang='grc' dir='ltr'><strong><em>ι</em></strong></span> 
     </span>
    </p>
   </div>
   <div class='ocr_carea' id='block_1_51' title="bbox 99 5011 3366 5094">
    <p class='ocr_par' dir='ltr' id='par_1_51' title="bbox 99 5011 3366 5094">
     <span class='ocr_line' id='line_1_51' title="bbox 99 5011 3366 5094; baseline -0.006 -14"><span class='ocrx_word' id='word_1_704' title='bbox 99 5031 413 5093; x_wconf 88' lang='lat' dir='ltr'><strong>cultorum,</strong></span> <span class='ocrx_word' id='word_1_705' title='bbox 446 5028 537 5081; x_wconf 87' lang='lat' dir='ltr'><strong>alii</strong></span> <span class='ocrx_word' id='word_1_706' title='bbox 565 5027 981 5092; x_wconf 87' lang='lat' dir='ltr'><strong>monachorum,</strong></span> <span class='ocrx_word' id='word_1_707' title='bbox 1010 5039 1042 5078; x_wconf 90' lang='lat' dir='ltr'>a</span> <span class='ocrx_word' id='word_1_708' title='bbox 1068 5040 1205 5094; x_wconf 92' lang='lat' dir='ltr'><strong>puro</strong></span> <span class='ocrx_word' id='word_1_709' title='bbox 1243 5026 1339 5079; x_wconf 91' lang='lat' dir='ltr'>Dei</span> <span class='ocrx_word' id='word_1_710' title='bbox 1364 5025 1631 5079; x_wconf 83' lang='lat' dir='ltr'><strong>famulatu</strong></span> <span class='ocrx_word' id='word_1_711' title='bbox 1661 5034 1719 5080; x_wconf 89' lang='lat' dir='ltr'>et</span> <span class='ocrx_word' id='word_1_712' title='bbox 1754 5025 1930 5090; x_wconf 90' lang='lat' dir='ltr'><strong>cultu,</strong></span> <span class='ocrx_word' id='word_1_713' title='bbox 1957 5023 2347 5091; x_wconf 84' lang='lat' dir='ltr'><strong>individuaque</strong></span> <span class='ocrx_word' id='word_1_714' title='bbox 2395 5036 2459 5075; x_wconf 90' lang='lat' dir='ltr'>ac</span> <span class='ocrx_word' id='word_1_715' title='bbox 2503 5017 2764 5089; x_wconf 78' lang='lat' dir='ltr'><strong>singulari</strong></span> <span class='ocrx_word' id='word_1_716' title='bbox 2786 5015 2920 5079; x_wconf 86' lang='lat' dir='ltr'><strong>vita,</strong></span> <span class='ocrx_word' id='word_1_717' title='bbox 2975 5011 3176 5081; x_wconf 88' lang='lat' dir='ltr'><strong>quippe</strong></span> <span class='ocrx_word' id='word_1_718' title='bbox 3225 5022 3366 5077; x_wconf 87' lang='lat' dir='ltr'><strong>quae</strong></span> 
     </span>
    </p>
   </div>
   <div class='ocr_carea' id='block_1_52' title="bbox 96 5100 3365 5184">
    <p class='ocr_par' dir='ltr' id='par_1_52' title="bbox 96 5100 3365 5184">
     <span class='ocr_line' id='line_1_52' title="bbox 96 5100 3365 5184; baseline -0.006 -12"><span class='ocrx_word' id='word_1_719' title='bbox 96 5136 194 5174; x_wconf 80' lang='lat' dir='ltr'>eos</span> <span class='ocrx_word' id='word_1_720' title='bbox 220 5135 404 5174; x_wconf 89' lang='lat' dir='ltr'><strong>unum</strong></span> <span class='ocrx_word' id='word_1_721' title='bbox 432 5119 593 5173; x_wconf 85' lang='lat' dir='ltr'><strong>faciat</strong></span> <span class='ocrx_word' id='word_1_722' title='bbox 618 5120 819 5174; x_wconf 85' lang='lat' dir='ltr'><strong>sanctis</strong></span> <span class='ocrx_word' id='word_1_723' title='bbox 846 5136 1029 5175; x_wconf 88' lang='lat' dir='ltr'><strong>rerum</strong></span> <span class='ocrx_word' id='word_1_724' title='bbox 1053 5120 1401 5174; x_wconf 85' lang='lat' dir='ltr'><strong>dividuarum</strong></span> <span class='ocrx_word' id='word_1_725' title='bbox 1424 5119 1923 5184; x_wconf 86' lang='lat' dir='ltr'><strong>coniunctionibus,</strong></span> <span class='ocrx_word' id='word_1_726' title='bbox 1947 5118 2013 5172; x_wconf 89' lang='lat' dir='ltr'>ad</span> <span class='ocrx_word' id='word_1_727' title='bbox 2044 5118 2283 5171; x_wconf 88' lang='lat' dir='ltr'><strong>divinam</strong></span> <span class='ocrx_word' id='word_1_728' title='bbox 2310 5114 2569 5169; x_wconf 90' lang='lat' dir='ltr'><strong>unionem</strong></span> <span class='ocrx_word' id='word_1_729' title='bbox 2593 5113 2814 5179; x_wconf 91' lang='lat' dir='ltr'><strong>Deoque</strong></span> <span class='ocrx_word' id='word_1_730' title='bbox 2835 5114 3041 5178; x_wconf 79' lang='lat' dir='ltr'><strong>gratam</strong></span> <span class='ocrx_word' id='word_1_731' title='bbox 3070 5100 3365 5172; x_wconf 72' lang='lat' dir='ltr'><strong>perfectio-</strong></span> 
     </span>
    </p>
   </div>
   <div class='ocr_carea' id='block_1_53' title="bbox 99 5192 3365 5282">
    <p class='ocr_par' dir='ltr' id='par_1_53' title="bbox 99 5192 3365 5282">
     <span class='ocr_line' id='line_1_53' title="bbox 99 5192 3365 5282; baseline -0.007 -14"><span class='ocrx_word' id='word_1_732' title='bbox 99 5230 227 5268; x_wconf 83' lang='lat' dir='ltr'>nem</span> <span class='ocrx_word' id='word_1_733' title='bbox 256 5211 694 5282; x_wconf 82' lang='lat' dir='ltr'><strong>adipiscendam.</strong></span> <span class='ocrx_word' id='word_1_734' title='bbox 722 5212 910 5282; x_wconf 87' lang='lat' dir='ltr'><strong>Itaque</strong></span> <span class='ocrx_word' id='word_1_735' title='bbox 942 5212 1262 5281; x_wconf 87' lang='lat' dir='ltr'><strong>perﬁciendi</strong></span> <span class='ocrx_word' id='word_1_736' title='bbox 1286 5212 1367 5267; x_wconf 90' lang='lat' dir='ltr'>eis</span> <span class='ocrx_word' id='word_1_737' title='bbox 1392 5226 1594 5265; x_wconf 89' lang='lat' dir='ltr'><strong>munus</strong></span> <span class='ocrx_word' id='word_1_738' title='bbox 1615 5219 1802 5266; x_wconf 90' lang='lat' dir='ltr'><strong>sancta</strong></span> <span class='ocrx_word' id='word_1_739' title='bbox 1827 5211 1916 5264; x_wconf 79' lang='lat' dir='ltr'>lex</span> <span class='ocrx_word' id='word_1_740' title='bbox 1938 5208 2229 5271; x_wconf 88' lang='lat' dir='ltr'><strong>concessit,</strong></span> <span class='ocrx_word' id='word_1_741' title='bbox 2257 5206 2585 5276; x_wconf 82' lang='lat' dir='ltr'><strong>dignataque</strong></span> <span class='ocrx_word' id='word_1_742' title='bbox 2611 5210 2696 5255; x_wconf 91' lang='lat' dir='ltr'>est</span> <span class='ocrx_word' id='word_1_743' title='bbox 2718 5214 2812 5254; x_wconf 91' lang='lat' dir='ltr'>eos</span> <span class='ocrx_word' id='word_1_744' title='bbox 2855 5192 3199 5251; x_wconf 89' lang='lat' dir='ltr'><strong>invocatione</strong></span> <span class='ocrx_word' id='word_1_745' title='bbox 3225 5206 3365 5261; x_wconf 88' lang='lat' dir='ltr'><strong>quae</strong></span> 
     </span>
    </p>
   </div>
   <div class='ocr_carea' id='block_1_54' title="bbox 95 5286 3363 5377">
    <p class='ocr_par' dir='ltr' id='par_1_54' title="bbox 95 5286 3363 5377">
     <span class='ocr_line' id='line_1_54' title="bbox 95 5286 3363 5377; baseline -0.006 -18"><span class='ocrx_word' id='word_1_746' title='bbox 95 5307 212 5361; x_wconf 74' lang='lat' dir='ltr'><strong>vim</strong></span> <span class='ocrx_word' id='word_1_747' title='bbox 237 5306 607 5361; x_wconf 84' lang='lat' dir='ltr'><strong>consecrandi</strong></span> <span class='ocrx_word' id='word_1_748' title='bbox 660 5306 668 5377; x_wconf 96' lang='lat'><strong>|</strong></span> <span class='ocrx_word' id='word_1_749' title='bbox 722 5307 908 5372; x_wconf 89' lang='lat' dir='ltr'><strong>habet,</strong></span> <span class='ocrx_word' id='word_1_750' title='bbox 934 5324 1045 5362; x_wconf 91' lang='lat' dir='ltr'>non</span> <span class='ocrx_word' id='word_1_751' title='bbox 1100 5307 1379 5377; x_wconf 88' lang='lat' dir='ltr'><strong>pontiﬁcia</strong></span> <span class='ocrx_word' id='word_1_752' title='bbox 1404 5306 1650 5377; x_wconf 91' lang='lat' dir='ltr'><strong>quidem,</strong></span> <span class='ocrx_word' id='word_1_753' title='bbox 1702 5320 1764 5361; x_wconf 87' lang='lat' dir='ltr'>ea</span> <span class='ocrx_word' id='word_1_754' title='bbox 1796 5306 1945 5359; x_wconf 90' lang='lat' dir='ltr'><strong>enim</strong></span> <span class='ocrx_word' id='word_1_755' title='bbox 1969 5313 2053 5359; x_wconf 91' lang='lat' dir='ltr'>est</span> <span class='ocrx_word' id='word_1_756' title='bbox 2077 5312 2287 5358; x_wconf 86' lang='lat' dir='ltr'><strong>tantum</strong></span> <span class='ocrx_word' id='word_1_757' title='bbox 2318 5315 2488 5371; x_wconf 89' lang='lat' dir='ltr'><strong>penes</strong></span> <span class='ocrx_word' id='word_1_758' title='bbox 2511 5296 2859 5352; x_wconf 87' lang='lat' dir='ltr'><strong>sacerdotum</strong></span> <span class='ocrx_word' id='word_1_759' title='bbox 2881 5290 3125 5353; x_wconf 90' lang='lat' dir='ltr'><strong>ordines,</strong></span> <span class='ocrx_word' id='word_1_760' title='bbox 3149 5286 3245 5343; x_wconf 89' lang='lat' dir='ltr'>sed</span> <span class='ocrx_word' id='word_1_761' title='bbox 3273 5301 3363 5343; x_wconf 88' lang='lat' dir='ltr'><strong>sa-</strong></span> 
     </span>
    </p>
   </div>
   <div class='ocr_carea' id='block_1_55' title="bbox 98 5392 2622 5469">
    <p class='ocr_par' dir='ltr' id='par_1_55' title="bbox 98 5392 2622 5469">
     <span class='ocr_line' id='line_1_55' title="bbox 98 5392 2622 5469; baseline -0.003 -18"><span class='ocrx_word' id='word_1_762' title='bbox 98 5395 395 5463; x_wconf 76' lang='lat' dir='ltr'><strong>cerdotali,</strong></span> <span class='ocrx_word' id='word_1_763' title='bbox 421 5412 561 5467; x_wconf 87' lang='lat' dir='ltr'><strong>quae</strong></span> <span class='ocrx_word' id='word_1_764' title='bbox 586 5413 617 5451; x_wconf 90' lang='lat' dir='ltr'>a</span> <span class='ocrx_word' id='word_1_765' title='bbox 640 5398 843 5454; x_wconf 90' lang='lat' dir='ltr'><strong>sanctis</strong></span> <span class='ocrx_word' id='word_1_766' title='bbox 877 5400 1255 5455; x_wconf 88' lang='lat' dir='ltr'><strong>sacerdotibus</strong></span> <span class='ocrx_word' id='word_1_767' title='bbox 1280 5400 1522 5455; x_wconf 88' lang='lat' dir='ltr'><strong>secundo</strong></span> <span class='ocrx_word' id='word_1_768' title='bbox 1551 5415 1581 5454; x_wconf 91' lang='lat' dir='ltr'>a</span> <span class='ocrx_word' id='word_1_769' title='bbox 1606 5398 1890 5469; x_wconf 91' lang='lat' dir='ltr'><strong>pontiﬁcio</strong></span> <span class='ocrx_word' id='word_1_770' title='bbox 1914 5397 2286 5452; x_wconf 82' lang='lat' dir='ltr'><strong>munere-loco</strong></span> <span class='ocrx_word' id='word_1_771' title='bbox 2311 5392 2622 5448; x_wconf 85' lang='lat' dir='ltr'><strong>adhibetur.</strong></span> 
     </span>
    </p>
   </div>
   <div class='ocr_carea' id='block_1_56' title="bbox 1164 5550 2272 5627">
    <p class='ocr_par' dir='ltr' id='par_1_56' title="bbox 1164 5550 2272 5627">
     <span class='ocr_line' id='line_1_56' title="bbox 1164 5550 2272 5627; baseline -0.006 -18"><span class='ocrx_word' id='word_1_772' title='bbox 1164 5555 1469 5627; x_wconf 81' lang='lat' dir='ltr'><strong>Mysterium</strong></span> <span class='ocrx_word' id='word_1_773' title='bbox 1492 5556 1815 5610; x_wconf 78' lang='lat' dir='ltr'><strong>monasticae</strong></span> <span class='ocrx_word' id='word_1_774' title='bbox 1850 5550 2272 5606; x_wconf 78' lang='lat' dir='ltr'><strong>consecrationis.</strong></span> 
     </span>
    </p>
   </div>
   <div class='ocr_carea' id='block_1_57' title="bbox 219 5652 3363 5744">
    <p class='ocr_par' dir='ltr' id='par_1_57' title="bbox 219 5652 3363 5744">
     <span class='ocr_line' id='line_1_57' title="bbox 219 5652 3363 5744; baseline -0.008 -16"><span class='ocrx_word' id='word_1_775' title='bbox 219 5673 496 5728; x_wconf 87' lang='lat' dir='ltr'><strong>Sacerdos</strong></span> <span class='ocrx_word' id='word_1_776' title='bbox 517 5672 738 5741; x_wconf 85' lang='lat' dir='ltr'><strong>quidem</strong></span> <span class='ocrx_word' id='word_1_777' title='bbox 764 5681 871 5727; x_wconf 86' lang='lat' dir='ltr'><strong>stat</strong></span> <span class='ocrx_word' id='word_1_778' title='bbox 898 5682 1024 5728; x_wconf 86' lang='lat' dir='ltr'><strong>ante</strong></span> <span class='ocrx_word' id='word_1_779' title='bbox 1048 5672 1295 5727; x_wconf 85' lang='lat' dir='ltr'><strong>divinum</strong></span> <span class='ocrx_word' id='word_1_780' title='bbox 1321 5673 1511 5739; x_wconf 88' lang='lat' dir='ltr'><strong>altare,</strong></span> <span class='ocrx_word' id='word_1_781' title='bbox 1530 5674 1903 5744; x_wconf 88' lang='lat' dir='ltr'><strong>precationem</strong></span> <span class='ocrx_word' id='word_1_782' title='bbox 1928 5684 2066 5741; x_wconf 90' lang='lat' dir='ltr'><strong>quae</strong></span> <span class='ocrx_word' id='word_1_783' title='bbox 2084 5666 2381 5722; x_wconf 89' lang='lat' dir='ltr'><strong>monachos</strong></span> <span class='ocrx_word' id='word_1_784' title='bbox 2402 5662 2620 5732; x_wconf 83' lang='lat' dir='ltr'><strong>attingit</strong></span> <span class='ocrx_word' id='word_1_785' title='bbox 2634 5660 2871 5715; x_wconf 84' lang='lat' dir='ltr'><strong>recitans</strong></span> <span class='ocrx_word' id='word_1_786' title='bbox 2883 5670 2945 5711; x_wconf 92' lang='lat' dir='ltr'>ac</span> <span class='ocrx_word' id='word_1_787' title='bbox 2960 5652 3363 5725; x_wconf 79' lang='lat' dir='ltr'><strong>pronuncians;</strong></span> 
     </span>
    </p>
   </div>
   <div class='ocr_carea' id='block_1_58' title="bbox 97 5745 3363 5836">
    <p class='ocr_par' dir='ltr' id='par_1_58' title="bbox 97 5745 3363 5836">
     <span class='ocr_line' id='line_1_58' title="bbox 97 5745 3363 5836; baseline -0.006 -14"><span class='ocrx_word' id='word_1_788' title='bbox 97 5764 148 5823; x_wconf 82' lang='lat' dir='ltr'>is</span> <span class='ocrx_word' id='word_1_789' title='bbox 171 5774 393 5832; x_wconf 86' lang='lat' dir='ltr'><strong>autem,</strong></span> <span class='ocrx_word' id='word_1_790' title='bbox 420 5765 514 5836; x_wconf 87' lang='lat' dir='ltr'>qui</span> <span class='ocrx_word' id='word_1_791' title='bbox 541 5773 895 5821; x_wconf 85' lang='lat' dir='ltr'><strong>consecratur</strong></span> <span class='ocrx_word' id='word_1_792' title='bbox 921 5772 977 5821; x_wconf 89' lang='lat' dir='ltr'>et</span> <span class='ocrx_word' id='word_1_793' title='bbox 1004 5764 1275 5833; x_wconf 89' lang='lat' dir='ltr'><strong>initiatur,</strong></span> <span class='ocrx_word' id='word_1_794' title='bbox 1301 5772 1409 5821; x_wconf 83' lang='lat' dir='ltr'><strong>stat</strong></span> <span class='ocrx_word' id='word_1_795' title='bbox 1430 5773 1555 5835; x_wconf 88' lang='lat' dir='ltr'><strong>post</strong></span> <span class='ocrx_word' id='word_1_796' title='bbox 1587 5763 1952 5827; x_wconf 86' lang='lat' dir='ltr'><strong>sacerdotem,</strong></span> <span class='ocrx_word' id='word_1_797' title='bbox 1977 5767 2395 5827; x_wconf 86' lang='lat' dir='ltr'><strong>necutrumque</strong></span> <span class='ocrx_word' id='word_1_798' title='bbox 2420 5769 2562 5826; x_wconf 81' lang='lat' dir='ltr'><strong>genu</strong></span> <span class='ocrx_word' id='word_1_799' title='bbox 2588 5750 2758 5808; x_wconf 83' lang='lat' dir='ltr'><strong>ﬂectit</strong></span> <span class='ocrx_word' id='word_1_800' title='bbox 2821 5762 2923 5805; x_wconf 90' lang='lat' dir='ltr'>nec</span> <span class='ocrx_word' id='word_1_801' title='bbox 2955 5745 3209 5807; x_wconf 87' lang='lat' dir='ltr'><strong>alterum,</strong></span> <span class='ocrx_word' id='word_1_802' title='bbox 3258 5757 3363 5801; x_wconf 76' lang='lat' dir='ltr'>nec</span> 
     </span>
    </p>
   </div>
  </div>
