3950 6536
514 336 622 395 28'!
1588 372 1589 379 η
1816 324 1913 384 10.
1954 323 2087 381 PICI
2121 323 2511 379 PRAEFATIO
3676 321 3776 379 283

511 462 676 526 caput
728 450 895 506 habet
951 446 1296 518 suppositum
1349 444 1555 499 divinis
1580 441 1758 505 libris,
1790 441 1888 497 sed
1938 448 2151 494 tantum
2195 447 2421 507 praesto
2470 446 2555 491 est
2580 436 2854 492 sacerdoti
2879 436 2973 506 qui
3008 435 3292 507 mysticam
3326 435 3774 506 precationmn'n

511 550 631 619 ipso
654 546 865 600 recitat.
891 543 1157 597 Sacerdos
1183 555 1316 594 vero
1342 555 1405 592 ea
1431 537 1694 608 perfecta,
1715 551 1841 589 cum
1872 534 1941 588 ad
1968 548 2095 588 eum
2122 532 2217 600 qui
2257 531 2511 584 initiatur
2535 530 2707 595 venit,
2733 530 2889 584 illum
2912 536 3067 600 rogat
3089 529 3348 598 primum,
3386 545 3522 583 num
3539 529 3777 586 remittat

510 645 764 699 nuntium
794 657 902 695 non
936 640 1113 694 solum
1145 636 1387 691 dividuis
1410 632 1797 701 distinctisque
1822 632 1972 695 vitis,
2012 643 2207 683 verum
2240 626 2407 682 etiam
2437 626 2775 690 visionibus;
2805 625 3008 681 deinde
3054 625 3511 695 perfectissimam
3534 625 3588 680 ei
3614 625 3773 682 vitam

511 734 757 805 exponit,
788 732 892 785 hoc
917 745 1017 799 pro
1044 724 1358 781 testimonio
1385 723 1597 786 dicens,
1648 737 1775 775 eum
1802 720 2040 775 mediam
2066 720 2235 772 vitam
2281 732 2545 787 superare
2571 731 2634 771 ac
2662 716 2943 772 transilire
2968 726 3243 786 oportere.
3292 716 3441 783 Quae
3470 717 3568 771 ubi
3599 717 3775 773 omnia

513 828 561 881 is
586 827 677 897 qui
706 826 952 881 initiatur
993 822 1340 875 continenter
1386 817 1666 888 professus
1687 826 1771 871 est
1795 832 1854 871 se
1878 831 1999 869 esse
2024 814 2320 878 facturum,
2348 812 2604 868 sacerdos
2628 813 2784 882 signo
2810 813 2993 868 crucis
3018 828 3145 867 eum
3167 813 3545 883 consignatum
3570 813 3773 878 tondet,

510 920 789 989 appellans
815 925 924 970 tres
948 929 1210 983 personas
1238 911 1456 965 divinae
1482 909 1843 964 beatitudinis
1866 925 1880 973 ;
1910 906 2171 976 omnique
2196 913 2349 960 veste
2374 904 2621 959 detracta
2644 920 2772 958 eum
2799 905 2907 959 alia
2934 905 3137 969 induit,
3180 915 3237 960 et
3259 921 3385 960 eum
3408 906 3534 961 aliis
3577 906 3778 962 sanctis

511 1015 646 1068 viris
666 1013 758 1083 qui
784 1011 1004 1074 adsunt,
1034 1024 1158 1063 cum
1186 1023 1311 1063 eum
1338 1006 1617 1071 salutavit,
1647 1004 1972 1075 participem
1996 1003 2127 1057 facit
2152 1001 2468 1055 divinorum
2508 1000 2917 1070 mysteriorum.

1947 1140 2355 1212 Contemplatio.

587 1290 606 1322 ‹
636 1268 792 1337 Quod
816 1279 1075 1323 neutrum
1104 1284 1245 1339 genu
1274 1266 1467 1330 ﬂectit,
1492 1279 1673 1333 neque
1699 1263 1864 1317 habet
1890 1268 2052 1331 caput
2077 1259 2279 1313 divinis
2311 1258 2467 1312 libris
2494 1258 2826 1321 subiectum,
2855 1266 3177 1327 praestoque
3215 1266 3300 1312 est
3342 1258 3614 1313 sacerdoti
3657 1276 3778 1330 pre—

509 1368 779 1423 cationem
804 1366 1075 1429 recitanti,
1103 1365 1362 1427 declarat,
1391 1361 1785 1443 monachorum
1813 1358 2026 1412 ordinis
2052 1372 2161 1410 non
2185 1369 2310 1409 esse
2337 1354 2477 1407 alios
2502 1352 2799 1417 deducere,
2829 1352 2923 1406 sed
2959 1352 3014 1406 in
3042 1368 3100 1407 se
3125 1368 3189 1406 ac
3214 1369 3312 1422 per
3351 1368 3408 1407 se
3434 1362 3683 1422 perstare
3724 1354 3778 1406 in

509 1463 769 1535 singulari
794 1470 1092 1529 sanctoque
1117 1468 1285 1523 statu,
1314 1457 1661 1512 sacerdotum
1685 1455 1908 1509 ordines
1932 1459 2317 1514 assectantem,
2359 1457 2419 1535 et
2444 1448 2512 1503 ab
2557 1448 2637 1502 eis
2662 1448 2729 1501 ad
2753 1446 2993 1500 divinam
3022 1462 3306 1501 sacrorum
3338 1462 3479 1516 quae
3508 1447 3667 1500 illum
3694 1456 3777 1500 at-

513 1561 727 1631 tingunt
750 1559 1032 1613 scientiam
1057 1556 1214 1610 facile
1244 1554 1475 1609 traduci.
1504 1553 1813 1606 Divisarum
1835 1559 2019 1604 autem
2047 1548 2503 1613 diversarumque
2550 1559 2661 1597 non
2685 1542 2864 1597 solum
2890 1537 3148 1603 vitaium,
3178 1542 3271 1596 sed
3302 1543 3469 1596 etiam
3497 1542 3773 1595 visionum

510 1660 572 1704 ut
600 1629 671 1705 ita
726 1650 733 1720 |
788 1650 966 1703 dicam
1012 1644 1429 1701 abrenunciatio
1462 1641 1917 1712 perfectissimam
1939 1637 2336 1693 monachorum
2361 1632 2762 1705 philosophiam
2790 1629 3079 1701 signiﬁcat,
3101 1631 3309 1697 quaein
3333 1640 3778 1701 praeceptorum,

509 1762 649 1816 quae
676 1761 843 1799 unum
899 1743 1125 1806 faciunt,
1154 1742 1378 1796 scientia
1410 1739 1519 1793 vim
1544 1747 1601 1793 et
1623 1736 1999 1792 eﬁicacitatem
2027 1734 2214 1789 habet.
2250 1732 2346 1786 Est
2384 1731 2554 1794 enim,
2590 1736 2649 1783 ut
2672 1726 2807 1791 dixi,
2834 1742 2945 1780 non
2987 1724 3153 1778 medii
3194 1738 3385 1777 eorum
3413 1725 3508 1790 qui
3556 1724 3781 1778 initian-

510 1850 601 1895 tur
629 1836 857 1899 ordinis,
884 1835 977 1890 sed
1008 1834 1203 1889 summi
1226 1833 1494 1887 omnium.
1524 1826 1710 1899 Itaque
1740 1829 1910 1882 multa
1936 1841 2150 1892 eorum,
2177 1841 2317 1894 quae
2354 1825 2577 1894 impune
2614 1836 2679 1875 ac
2719 1821 2838 1875 sine
2876 1818 3280 1889 improbatione
3321 1832 3351 1870 a
3380 1817 3566 1871 medio
3590 1820 3783 1874 ordine

509 1942 795 2007 geruntur,
843 1931 992 1986 omni
1039 1930 1250 1984 ratione
1276 1926 1648 1997 singularibus
1688 1924 1975 1980 monachis
2003 1923 2298 1977 interdicta
2320 1929 2479 1986 sunt;
2528 1918 2729 1990 quippe
2754 1917 2995 1988 quicum
3031 1931 3141 1969 uno
3168 1913 3426 1984 coniungi
3466 1913 3711 1968 debeant
3732 1932 3786 1975 ei

510 2042 635 2082 cum
662 2039 815 2081 sacra
869 2022 1101 2078 monade
1122 2022 1302 2091 colligi
1352 2029 1514 2089 atque
1536 2018 1605 2073 ad
1634 2018 1981 2073 sacerdotum
2029 2018 2219 2079 vitam,
2249 2024 2515 2085 quantum
2564 2013 2711 2074 licet,
2740 2010 2999 2074 formari;
3046 2008 3191 2078 quod
3215 2008 3265 2062 ei
3291 2007 3474 2061 ordini
3503 2007 3562 2061 in
3593 2008 3787 2061 multis

510 2118 647 2171 ordo
672 2118 762 2171 ille
784 2115 981 2169 similis
1024 2114 1116 2177 sit,
1144 2121 1199 2166 et
1223 2127 1367 2165 unus
1409 2126 1477 2165 ex
1499 2110 1758 2164 omnibus
1781 2092 2070 2162 ordinibus
2095 2122 2287 2175 eorum
2304 2105 2401 2175 qui
2436 2104 2745 2166 initiantur,
2770 2102 2836 2155 ad
2858 2117 2984 2155 eum
3010 2098 3256 2169 proxime
3280 2097 3523 2152 accedat.
3557 2097 3785 2167 Signum

510 2226 644 2265 vero
672 2209 880 2281 ﬁgurae
902 2208 1105 2271 crucis,
1139 2216 1201 2261 ut
1229 2207 1337 2260 iam
1358 2222 1388 2260 a
1411 2205 1575 2260 nobis
1600 2205 1808 2259 dictum
1833 2212 1937 2268 est,
1972 2203 2213 2258 declarat
2242 2202 2625 2256 universarum
2647 2198 2716 2252 ad
2743 2212 2943 2267 corpus
2994 2195 3389 2265 pertinentium
3417 2192 3787 2262 cupiditatum

510 2304 898 2376 privationem.
914 2299 1157 2371 Capillus
1179 2307 1360 2354 autem
1388 2308 1582 2353 tonsus
1607 2313 1801 2366 puram
1825 2297 2085 2366 nullaque
2106 2295 2276 2366 ﬁgura
2302 2294 2539 2349 fucatam
2558 2293 2727 2346 vitam
2751 2291 2976 2353 indicat,
2997 2303 3137 2358 quae
3164 2301 3273 2341 non
3303 2285 3555 2376 ﬁctarum
3584 2283 3758 2355 ﬁgura

513 2375 636 2452 rum
663 2404 756 2450 aut
780 2396 1025 2450 colorum
1052 2392 1371 2447 inductione
1393 2390 1795 2445 deformitatem
1821 2388 2023 2443 mentis
2043 2395 2223 2451 ornet,
2244 2386 2337 2441 sed
2356 2401 2454 2455 per
2470 2385 2707 2454 seipsam
2732 2397 2843 2436 non
2869 2381 3107 2435 humana
3132 2375 3573 2448 pulchritudine,
3594 2392 3787 2430 verum

513 2492 770 2563 singulari
792 2503 846 2547 et
866 2492 1025 2546 unica
1052 2489 1120 2544 ad
1141 2489 1380 2543 divinam
1397 2488 1618 2543 excitet.
1638 2486 1849 2540 Prioris
1859 2500 1991 2539 vero
2006 2484 2175 2539 vestis
2203 2482 2471 2537 detractio
2495 2489 2551 2535 et
2567 2479 2795 2533 alterius
2818 2476 3065 2531 inductio
3088 2474 3406 2545 signiﬁcata
3421 2472 3607 2550 media
3629 2487 3787 2526 sanc-

517 2594 569 2639 ta
622 2585 733 2638 vita
781 2583 849 2637 ad
879 2580 1262 2652 perfectiorem
1296 2578 1697 2633 traductionem
1726 2595 1739 2629 :
1768 2573 2232 2645 quemadmodum
2264 2574 2320 2626 in
2346 2582 2471 2627 ortu
2495 2588 2526 2626 a
2552 2572 2663 2625 Deo
2688 2570 2807 2624 sive
2837 2568 3110 2638 baptismo
3139 2567 3308 2621 vestis
3327 2565 3780 2622 vicissitudinem

512 2695 593 2735 ac.
612 2676 976 2732 mutationem
1001 2691 1030 2729 a
1073 2676 1185 2729 vita
1208 2688 1348 2743 quae
1379 2672 1702 2742 expiabatur
1722 2670 1789 2725 ad
1815 2668 2298 2738 contemplationis
2346 2655 2759 2736 sapientiaeque
2784 2673 2988 2719 statum
3014 2673 3069 2719 et
3102 2663 3351 2718 habitum
3395 2662 3783 2731 migrationem

518 2772 833 2846 signiﬁcare
856 2770 1195 2825 dicebamus.
1227 2767 1388 2834 Quod
1413 2768 1456 2822 si
1486 2782 1633 2821 nunc
1657 2767 1825 2822 etiam
1847 2774 1904 2821 et
1930 2763 2190 2819 sacerdos
2213 2773 2268 2817 et
2296 2778 2488 2817 omnes
2516 2762 2685 2815 sancti
2709 2761 2803 2831 qui
2831 2761 3107 2814 intersunt
3137 2774 3263 2813 eum
3301 2757 3393 2827 qui
3422 2756 3680 2810 initiatus
3702 2765 3788 2810 est

512 2864 874 2927 consalutant,
901 2862 1142 2930 intellige
1198 2867 1442 2914 sanctam
1488 2874 1679 2913 eorum
1721 2857 1816 2927 qui
1844 2855 2190 2910 divinitatem
2218 2854 2505 2909 imitantur
2528 2855 2869 2918 societatem,
2911 2861 3160 2907 amanter
3187 2869 3311 2907 cum
3355 2852 3546 2907 divina
3572 2853 3787 2908 laetitia

515 2962 661 3015 inter
700 2976 757 3014 se
784 2958 1196 3029 gratulantium.
1229 2957 1510 3011 Postremo
1537 2954 1793 3009 sacerdos
1820 2953 1890 3007 ad
1912 2952 2156 3007 divinam
2184 2950 2625 3006 communionem
2651 2949 2844 3005 invitat
2871 2966 2999 3005 eum
3027 2948 3121 3019 qui
3168 2948 3417 3002 initiatus
3443 2956 3553 3011 est,
3595 2956 3787 3002 sancte

514 3050 761 3105 indicans
785 3049 938 3102 illum
972 3048 1066 3117 qui
1121 3047 1130 3117 |
1187 3055 1538 3101 consecratus
1561 3054 1685 3101 est:
1716 3047 1762 3100 si
1782 3062 1915 3102 vero
1938 3046 2008 3102 ad
2034 3045 2433 3103 monachorum
2478 3044 2813 3107 institutum,
2863 3042 3011 3113 quod
3053 3041 3332 3112 singulare
3372 3048 3479 3104 est,
3506 3055 3789 3109 pervene-

516 3144 610 3206 rit,
638 3158 746 3196 non
772 3142 947 3195 solum
975 3148 1341 3210 spectatorem
1366 3156 1646 3195 sacrorum
1673 3157 1812 3211 quae
1834 3142 1885 3197 ei
1909 3142 2178 3213 permissa
2208 3151 2336 3197 sunt
2359 3140 2495 3204 fore,
2537 3155 2641 3194 nec
2664 3139 2771 3193 ritu
2802 3139 2967 3193 medii
2992 3137 3199 3192 ordinis
3224 3137 3276 3190 in
3303 3136 3788 3190 sanetissimorum

514 3244 982 3295 sacramentorum
1006 3238 1321 3291 societatem
1364 3238 1919 3308 communionemque
1956 3247 2272 3303 venturum,
2307 3238 2405 3293 sed
2456 3253 2581 3291 cum
2607 3237 2794 3291 divina
2821 3252 3010 3290 eorum
3056 3251 3339 3290 sacrorum
3368 3251 3510 3304 quae
3533 3235 3793 3304 percepit

513 3332 847 3404 cognitione,
893 3332 1001 3386 alio
1040 3347 1202 3401 quam
1250 3341 1472 3386 sanctus
1524 3333 1760 3403 populus
1817 3333 1981 3388 modo
2004 3342 2299 3389 venturum
2323 3349 2443 3389 esse
2468 3332 2537 3387 ad
2562 3333 2779 3387 divinae
2806 3332 3082 3387 societatis
3111 3331 3460 3401 adeptionem
3488 3340 3549 3384 et
3586 3346 3790 3400 perce-

516 3424 780 3494 ptionem.
816 3443 833 3474 ›
868 3422 1028 3478 Philo
1076 3438 1209 3477 vero
1256 3423 1325 3478 de
1375 3423 1695 3478 eorumdem
1747 3433 1871 3478 ortu
1911 3425 2134 3493 scripsit
2164 3426 2314 3479 hunc
2344 3425 2402 3479 in
2448 3425 2670 3479 modum
2701 3441 2717 3478 ι
2748 3424 2858 3495 (α);
2925 3442 2942 3475 ‹
2975 3424 3268 3493 Postquam
3295 3424 3363 3478 de
3396 3423 3627 3479 Essaeis
3670 3423 3791 3477 dis-

516 3520 809 3583 seruimus,
873 3517 967 3588 qui
1050 3517 1216 3572 vitam
1297 3518 1528 3572 activam
1606 3525 1905 3582 exercent,
1971 3518 2251 3583 omnibus,
2328 3526 2457 3581 aut,
2524 3516 2671 3587 quod
2752 3517 2935 3571 minus
3018 3515 3350 3569 invidiosum
3426 3516 3581 3570 dictu
3662 3526 3794 3581 est,

514 3613 793 3683 plerisque
852 3612 1064 3666 felicius
1126 3612 1262 3667 ordo
1318 3612 1576 3682 postulat,
1623 3622 1685 3666 ut
1721 3612 1982 3682 deinceps
2028 3613 2274 3667 dicamus
2318 3630 2457 3684 quae
2496 3612 2728 3668 dicenda
2767 3621 2894 3666 sunt
2937 3611 3006 3666 de
3067 3611 3514 3681 contemplationi
3560 3611 3796 3667 deditis.

514 3705 635 3761 Non
684 3704 847 3760 debet
895 3706 1043 3760 enim
1102 3706 1419 3761 huiusmodi
1480 3706 1727 3760 virorum
1786 3706 1963 3761 virtus
2017 3708 2216 3761 eximia
2274 3724 2495 3762 causam
2560 3707 2827 3777 praebere
2882 3706 3086 3761 silentii
3148 3705 3234 3759 his
3269 3704 3363 3774 qui
3404 3704 3547 3758 nihil
3612 3705 3799 3759 hone-

514 3805 661 3851 stum
709 3804 900 3865 putant
952 3796 1241 3850 tacendum
1297 3796 1887 3866 dissimulandumque.
1934 3796 2251 3852 lnstitutum
2299 3807 2484 3852 autem
2550 3798 2717 3852 huius
2780 3797 3161 3868 philosophiae
3231 3813 3356 3850 mox
3417 3804 3655 3866 apparet
3726 3812 3799 3849 ex

513 3885 646 3956 ipsis
693 3886 1177 3956 appellationibus;
1227 3895 1495 3941 vocantur
1544 3887 1695 3942 enim
1750 3890 2125 3958 therapeutae,
2183 3888 2733 3959 therapeutridesque,
2792 3889 2897 3943 hoc
2952 3897 3037 3942 est
3096 3895 3382 3941 curatores
3434 3895 3494 3940 et
3548 3884 3801 3939 curatri-

512 3994 625 4043 ces,
658 3980 773 4033 sive
799 3980 1039 4035 cultores
1064 3990 1122 4035 et
1159 3980 1438 4046 cultrices,
1487 3996 1622 4036 vero
1664 3981 1909 4046 nomine,
1938 3982 2024 4037 vel
2050 3982 2178 4052 quia
2211 3980 2542 4053 profitentur
2577 3981 2904 4036 medicinam
2951 3980 3405 4051 praestantiorem
3430 3979 3536 4033 ista
3561 3980 3800 4048 vulgata

514 4091 612 4147 per
636 4078 819 4132 omnia
842 4078 1040 4148 oppida
1066 4095 1080 4143 ;
1108 4078 1244 4133 haec
1265 4079 1415 4133 enim
1438 4078 1691 4133 medetur
1719 4079 1851 4134 solis
1875 4080 2199 4149 corporibus
2219 4119 2234 4143 ,
2263 4078 2352 4132 illa
2382 4088 2437 4134 et
2462 4079 2673 4134 animas
2699 4078 2898 4134 liberat
2918 4080 3126 4133 morbis
3147 4078 3408 4149 gravibus
3431 4085 3489 4129 et
3513 4075 3803 4129 adversus

515 4170 757 4224 medelas
783 4171 1219 4237 contumacibus,
1251 4187 1390 4241 quos
1416 4171 1734 4226 inflixerunt
1754 4171 2084 4242 voluptates,
2111 4173 2591 4242 concupiscentiae
2610 4212 2625 4236 ,
2655 4170 2895 4237 dolores,
2931 4173 3177 4235 timores,
3202 4170 3487 4235 avaritiae,
3518 4170 3807 4239 insipien—

518 4262 643 4325 tiae,
673 4262 971 4318 iniustitiae
1001 4271 1057 4317 et
1080 4272 1293 4317 ceterae
1319 4262 1762 4333 perturbationes
1789 4272 1845 4318 et
1872 4265 2131 4319 vitiorum
2158 4280 2350 4335 agmen
2388 4262 2818 4329 innumerabile;
2844 4265 2926 4318 vel
2953 4264 3081 4333 quia
3102 4262 3421 4317 didicerunt
3442 4278 3473 4314 a
3501 4272 3719 4315 natura
3746 4271 3805 4314 et

513 4367 545 4404 e
571 4355 741 4408 sacris
763 4356 975 4426 legibus
999 4356 1182 4411 colere
1207 4356 1340 4411 illud
1366 4358 1475 4411 Ens
1501 4366 1557 4413 et
1578 4359 1725 4413 bono
1750 4358 1947 4413 melius
1988 4366 2045 4412 et
2070 4372 2182 4411 uno
2216 4355 2488 4411 sincerius
2513 4366 2569 4412 et
2597 4358 2807 4412 unitate
2836 4357 2893 4411 in
2941 4357 3252 4428 generando
3277 4355 3566 4423 antiquius
3590 4364 3805 4424 atque,

515 4451 576 4496 ut
602 4444 673 4497 ita
719 4444 916 4509 dicam,
954 4446 1330 4515 principalius.
1354 4446 1560 4500 Horum
1604 4446 1794 4517 pietati
1820 4462 1958 4516 quos
1994 4446 2215 4501 tandem
2263 4447 2460 4501 merito
2505 4447 2989 4517 comparabimus?
3025 4468 3044 4501 ι
3074 4449 3145 4502 Ει
3185 4447 3377 4517 paucis
3428 4447 3804 4501 interiectis:

523 4558 541 4590 ‹
570 4538 640 4593 At
695 4539 706 4611 ι
768 4540 901 4594 illud
926 4540 1210 4596 hominum
1237 4558 1409 4612 genus
1433 4543 1871 4613 therapeuticum
1894 4558 2110 4613 semper
2134 4543 2189 4597 in
2215 4543 2521 4599 divinitatis
2546 4547 3008 4615 contemplatione
3032 4546 3303 4616 proficiet,
3329 4545 3498 4599 etiam
3540 4545 3667 4599 sole
3696 4545 3810 4597 hoc

514 4635 760 4689 sensibili
783 4636 1098 4706 praeterito,
1150 4653 1252 4693 nec
1278 4654 1519 4709 unquam
1546 4655 1705 4695 suum
1751 4639 2002 4694 ordinem
2057 4639 2277 4694 deseret
2321 4640 2637 4696 tendentem
2665 4642 2731 4696 ad
2773 4642 3089 4697 felicitatem
3125 4638 3613 4711 perfectissimam.
3652 4637 3811 4691 Huic

511 4726 655 4781 vitae
680 4727 931 4782 instituto
954 4729 1046 4798 qui
1074 4745 1130 4785 se
1177 4729 1461 4796 addicunt,
1510 4745 1622 4786 non
1642 4748 1712 4785 ex
1735 4746 1888 4786 more
1911 4740 2007 4785 aut
2048 4732 2224 4801 rogati
2249 4730 2305 4785 id
2330 4731 2560 4798 faciunt,
2587 4733 2682 4787 sed
2707 4749 2894 4789 amore
2920 4733 3159 4802 correpti
3205 4748 3390 4786 rerum
3426 4731 3809 4791 caelestium,

511 4825 568 4869 et
593 4816 748 4885 quasi
770 4816 959 4871 divino
982 4817 1168 4874 furore
1194 4819 1410 4890 perciti,
1438 4820 1615 4876 donec
1637 4822 1705 4876 ad
1730 4821 2247 4897 contemplationem
2270 4821 2418 4877 illam
2445 4823 2968 4879 desideratissimam
3019 4825 3360 4895 perveniant.
3409 4823 3637 4877 Deinde
3668 4839 3813 4892 prae

512 4909 835 4963 immortalis
864 4910 1163 4981 beataeque
1184 4913 1329 4967 vitae
1349 4913 1606 4983 cupidine
1638 4915 1795 4984 quasi
1825 4916 1930 4969 iam
1955 4916 2058 4969 hac
2082 4917 2583 4983 mortalidefuneti,
2614 4917 2901 4974 facultates
2946 4935 3072 4974 suas
3108 4920 3430 4988 relinquunt
3464 4918 3686 4974 liberis
3714 4931 3820 4974 aut

512 5002 774 5072 cognatis,
828 5001 972 5055 ultro
1018 5002 1099 5056 eis
1144 5003 1490 5072 possessione
1511 5004 1795 5059 cedendo:
1823 5014 1987 5075 atque
2014 5007 2179 5060 etiam
2205 5009 2371 5064 sociis
2386 5018 2444 5064 et
2472 5010 2686 5075 amicis,
2714 5011 2760 5064 si
2786 5012 3000 5081 cognati
3031 5012 3231 5066 desint.
3256 5012 3487 5080 Oportet
3516 5012 3723 5075 enim,
3754 5022 3819 5066 ut

512 5094 604 5161 qui
633 5094 973 5163 perspicaees
1002 5093 1221 5149 divitias
1253 5095 1482 5165 adeptus
1510 5105 1614 5161 est,
1642 5112 1832 5152 caecas
1853 5098 1974 5152 illas
1998 5099 2269 5169 relinquat
2291 5102 2571 5157 mentibus
2590 5104 3051 5165 caecutientihus.
3078 5124 3095 5156 ι
3132 5105 3243 5159 Nec
3262 5103 3438 5159 multo
3462 5114 3599 5174 post
3621 5124 3640 5159 :
3665 5109 3823 5161 «Re-

511 5184 654 5240 lictis
684 5187 851 5256 igitur
872 5186 1223 5242 facultatibus
1240 5197 1295 5242 et
1313 5190 1682 5245 avocamentis
1698 5191 1955 5245 omnibus
1976 5191 2211 5262 fugiunt,
2232 5195 2379 5249 nulla
2400 5195 2587 5250 habita
2611 5197 2823 5253 ratione
2842 5196 3093 5261 fratrum,
3110 5197 3435 5261 liberorum,
3455 5211 3819 5267 parentum.

515 5289 939 5349 uxorumque,et
960 5280 1221 5336 deserunt
1245 5297 1567 5339 numerosas
1596 5285 1967 5355 cognationes,
1984 5288 2296 5354 societates,
2315 5291 2605 5358 amicitias,
2624 5293 2770 5362 ipsas
2789 5293 3024 5364 denique
3050 5294 3271 5363 patrias,
3287 5293 3345 5348 in
3372 5294 3591 5363 quibus
3621 5298 3822 5367 geniti

512 5370 836 5441 educatique
869 5382 1015 5427 sunt.
1056 5371 1284 5440 Quando
1309 5375 1531 5445 quidem
1562 5378 1903 5433 consuetudo
1933 5395 2188 5450 magnum
2222 5392 2560 5439 momentum
2604 5386 2769 5442 habet
2797 5387 2865 5442 ad
2919 5387 3251 5443 allectandos
3284 5388 3512 5441 animos.
3595 5389 3822 5445 Demi-

512 5472 668 5533 grant
696 5473 879 5519 autem
910 5482 1018 5521 non
1044 5467 1101 5522 in
1124 5468 1285 5523 aliam
1316 5471 1618 5537 civitatem,
1651 5473 1796 5527 sicut
1821 5476 1989 5540 servi,
2017 5478 2111 5545 qui
2151 5492 2210 5531 se
2228 5479 2390 5533 vendi
2416 5480 2536 5534 aliis
2564 5482 2713 5537 heris
2738 5483 3031 5553 impetrant
3067 5484 3274 5548 miseri,
3313 5492 3373 5538 ut
3399 5485 3490 5553 qui
3519 5489 3822 5542 servitu-

510 5569 619 5615 tem
644 5565 874 5622 mutant,
906 5574 1013 5612 non
1036 5558 1323 5631 eﬁugiunt.
1359 5561 1595 5629 Quaevis
1620 5565 1768 5619 enim
1796 5566 2008 5631 civitas,
2037 5568 2123 5622 vel
2158 5571 2383 5638 optimis
2400 5583 2590 5629 ornata
2623 5575 2853 5646 legibus,
2882 5576 3040 5645 plena
3070 5585 3160 5631 est
3212 5574 3451 5630 tumultu
3498 5574 3822 5647 plurimo,

2028 5683 2258 5739 NOTAE
2269 5729 2280 5739 .

2028 5684 2210 5738 ΝΟΤΛ
2269 5729 2280 5739 .

580 5762 658 5835 (α)
684 5765 802 5820 Lib.
833 5767 907 5821 De
945 5767 1054 5822 vita
1081 5772 1501 5841 contemplativa
1531 5774 1645 5831 sive
1671 5776 1980 5848 supplicum
2004 5686 2326 5837 virtutilis.
