3950 6556
187 360 289 415 sxa
953 358 1043 412 AD
1079 351 1474 412 vnusroxsu
1516 346 1670 406 LAT.
1714 346 1876 405 non.
1915 344 1971 405 s.
2014 342 2295 405 MACARII
2335 346 2676 405 ancvn'rn.
3343 354 3446 413 εῃυ

181 492 345 549 quem
383 490 548 530 nemo
578 472 877 545 sapientiae
896 480 1135 528 sectator
1163 470 1450 526 sustineat.
1485 467 1593 523 Sed
1625 474 1782 521 extra
1808 465 2027 520 moenia
2060 466 2266 536 degunt
2295 465 2351 518 in
2382 465 2561 519 hortis
2589 474 2683 519 aut
2712 456 2853 520 villis
2877 464 3160 534 solitariis,
3199 482 3449 531 amantes

180 573 555 641 solitudinem,
591 589 701 628 non
736 570 1019 626 hominum
1054 566 1200 629 odio,
1225 566 1319 621 sed
1344 562 1412 619 ad
1440 561 1714 616 cavendos
1742 572 2070 631 congressus
2102 574 2228 613 cum
2259 554 2639 623 dissimilibus.
2668 572 2806 626 quos
2847 563 3029 617 sciunt
3070 564 3239 622 bonis
3285 573 3456 625 mori-

180 674 283 729 bus
320 671 557 728 ofﬁcere.
605 671 717 726 Hoc
739 686 913 747 genus
934 664 1209 734 reperitur
1238 664 1293 717 in
1322 662 1514 715 multis
1541 659 1694 717 orbis
1729 659 2071 731 regionibus,
2102 659 2319 723 merito,
2370 661 2431 713 ut
2462 654 2741 713 absolutae
2799 656 3110 725 probitatis,
3169 671 3450 731 receptum

177 777 208 816 a
229 760 452 817 Graecis
484 772 649 833 atque
678 757 952 815 Barbaris.
989 760 1220 814 Maxime
1253 767 1434 813 tamen
1466 755 1478 828 1
1511 757 1565 811 in
1594 756 1842 828 Aegypto
1872 754 2386 827 frequentatureper
2416 755 2789 827 praematuras
2818 755 3077 828 singulas,
3126 762 3450 828 praesertim

176 857 385 913 circum
414 858 815 913 Alexandriam.
838 852 918 909 Ex
948 856 1207 910 omnibus
1228 863 1413 909 autem
1444 854 1580 907 locis
1609 854 1852 923 optimus
1876 852 2113 923 quisque
2135 852 2616 921 therapeutarum,
2644 856 2922 921 tamquam
2952 851 3009 906 in
3036 851 3201 909 huius
3234 857 3452 926 generis

176 952 433 1016 patriam,
468 949 695 1006 colonus
728 945 968 1000 mittitur
1014 946 1071 1001 in
1118 947 1299 1001 locum
1331 946 1604 1017 quendam
1656 946 2023 1016 aptissimum,
2062 946 2231 999 situm
2276 944 2343 999 ad
2386 954 2637 1016 stagnum
2694 940 2939 1011 Mariam,
2977 947 3033 1001 in
3065 954 3284 1005 terreno
3311 952 3451 1008 colle

172 1045 370 1099 acclivi
422 1042 639 1107 leviter,
672 1048 849 1095 tutum
891 1042 1057 1097 simul
1111 1042 1181 1097 ab
1211 1043 1357 1097 aeris
1390 1041 1677 1111 temperie.
1720 1036 2086 1095 Securitatem
2129 1040 2278 1094 enim
2345 1040 2397 1094 ei
2432 1048 2715 1110 praestant
2742 1040 2900 1097 villae
2933 1043 3150 1115 vicique
3176 1048 3446 1118 proximi;

172 1158 357 1197 aerem
394 1157 527 1195 vero
558 1150 829 1210 temperat
855 1140 1205 1197 emissarium
1243 1140 1419 1210 stagni
1454 1138 1807 1195 exonerantis
1835 1153 1892 1192 se
1921 1137 1975 1191 in
2012 1153 2180 1201 mare,
2216 1146 2272 1191 et
2304 1151 2471 1189 aurae
2508 1150 2790 1206 nunquam
2832 1155 2943 1193 non
2973 1156 3041 1195 ex
3065 1142 3172 1196 alto
3204 1145 3451 1215 aspiran-

172 1246 255 1290 tes
282 1237 545 1301 tenuiter,
588 1236 733 1290 sicut
787 1226 1087 1291 crassiores
1122 1235 1381 1291 feruntur
1427 1251 1458 1290 e
1494 1246 1706 1305 stagno,
1738 1234 1943 1304 quibus
1963 1233 2249 1304 permixtis
2277 1238 2768 1302 temperamentum
2799 1236 2986 1291 existit
3008 1238 3446 1298 saluberrimum.

168 1332 463 1389 Domicilia
514 1349 645 1388 vero
677 1348 1051 1388 convenarum
1096 1342 1225 1389 sunt
1277 1333 1572 1388 admodum
1615 1333 1869 1404 frugalia,
1895 1342 2085 1404 parata
2108 1340 2298 1387 contra
2326 1339 2539 1386 aestum
2579 1331 2961 1386 tantummodo
2998 1342 3054 1387 et
3086 1333 3308 1406 frigora,
3339 1347 3452 1394 non

168 1425 435 1495 contigua
462 1435 522 1480 ut
556 1426 611 1480 in
642 1427 897 1494 urbibus,
932 1447 1042 1485 non
1073 1432 1222 1485 enim
1244 1431 1426 1501 placet
1456 1430 1509 1485 id
1533 1431 1852 1486 amantibus
1881 1431 2262 1495 solitudinem,
2294 1446 2399 1485 nec
2423 1439 2604 1485 tamen
2649 1429 2810 1501 longe
2828 1440 3039 1486 remota
3061 1473 3075 1495 ,
3115 1435 3243 1503 quia
3279 1438 3453 1491 socie-'-

170 1533 346 1578 tatem
400 1525 653 1595 diligunt,
706 1536 768 1582 ut
818 1529 924 1583 sibi
991 1531 1203 1601 possint
1268 1531 1506 1586 invicem
1554 1546 1880 1586 succurrere
1937 1530 2203 1586 adversus
2257 1530 2534 1585 latronum
2594 1529 2855 1585 incursus
2904 1528 3178 1584 fortuitos.
3237 1527 3449 1599 Singuli

168 1629 359 1675 autem
393 1621 600 1677 habent
622 1639 807 1680 sacras
830 1626 1111 1682 aediculas
1142 1642 1284 1698 quae
1310 1631 1534 1698 σεμνεία
1567 1636 1771 1682 vocant
1797 1629 1913 1683 sive
1940 1625 2415 1693 monasteria,ubi
2449 1625 2684 1680 solitarii
2727 1632 2951 1681 sanctae
2997 1624 3141 1678 vitae
3171 1624 3451 1695 mysteriis

168 1712 306 1766 dant
341 1728 589 1783 cperam.
620 1714 735 1771 Nec
760 1716 873 1772 cibi
902 1728 1132 1788 potusve
1161 1720 1460 1790 quicquam
1514 1735 1581 1773 eo
1609 1719 1877 1783 inferunt,
1912 1718 2133 1773 aliudve
2188 1716 2244 1772 in
2296 1732 2456 1771 usum
2486 1717 2754 1787 corporis,
2803 1718 2898 1772 sed
2939 1714 3113 1785 legem
3141 1724 3352 1769 tantum
3393 1722 3451 1770 et

166 1804 570 1874 pr0phetarum
620 1810 845 1863 oracula
888 1810 1156 1866 divinitus
1212 1812 1429 1881 prodita
1456 1811 1801 1882 hymnosque
1832 1819 1891 1865 et
1943 1810 2213 1879 quaedam
2246 1809 2349 1864 alia
2399 1807 2589 1876 pietati
2629 1809 3000 1877 scientiaeque
3046 1806 3451 1877 promovendae

166 1898 350 1952 utilia.
366 1899 552 1968 Itaque
570 1910 890 1970 perpetuam
907 1902 1110 1956 habent
1126 1902 1220 1957 Dei
1240 1903 1583 1969 memoriam,
1602 1912 1658 1957 ut
1679 1917 1748 1955 ne
1766 1901 1823 1957 in
1839 1901 2052 1955 somnis
2065 1900 2287 1971 quidem
2304 1901 2454 1955 aliud
2470 1902 2552 1956 eis
2567 1901 2890 1955 obversetur
2907 1916 3069 1970 quam
3089 1901 3353 1972 imagines
3368 1900 3452 1954 di-

163 1992 426 2047 vinarum
444 1994 936 2062 pulchritudinum.
952 1995 1020 2050 Et
1036 2006 1164 2050 sunt
1176 1996 1229 2049 in
1250 1996 1337 2050 his
1352 1996 1445 2066 qui
1463 1994 1787 2051 somniando
1803 1993 2042 2065 produnt
2056 1995 2363 2064 praeclaras
2378 2011 2565 2050 sacrae
2580 1984 2955 2065 philosophiae
2974 1995 3289 2049 sententias.
3308 1994 3453 2062 Quo-

166 2087 307 2142 tidie
327 2088 415 2142 bis
431 2089 648 2158 precari
665 2089 865 2155 solent,
884 2105 1043 2145 mane
1068 2107 1133 2146 ac
1149 2091 1253 2147 sub
1284 2107 1602 2162 vesperam:
1623 2092 1835 2148 oriente
1852 2092 1966 2146 sole
1982 2098 2235 2162 petentes
2251 2088 2396 2143 diem
2410 2104 2540 2144 vere
2564 2088 2800 2152 felicem,
2831 2097 3000 2157 utque
3025 2098 3237 2142 mentes
3259 2103 3448 2142 eorum

163 2179 400 2235 caelesti
420 2181 738 2251 repleantur
752 2182 986 2249 lumine;
1004 2184 1291 2239 occidente
1306 2199 1458 2249 vero,
1474 2194 1535 2238 ut
1553 2185 1733 2239 anima
1750 2184 1805 2238 in
1820 2193 1992 2238 totum
2006 2191 2299 2238 exonerata
2332 2182 2341 2253 |
2373 2182 2626 2237 sensibus
2637 2182 2889 2251 moleque
2906 2194 3089 2237 rerum
3106 2181 3448 2237 sensibilium

163 2274 470 2329 veritatem
494 2274 729 2346 vestiget
752 2275 808 2329 in
828 2276 1155 2332 consistorio
1171 2268 1495 2332 domestico.
1517 2278 1753 2333 Medium
1772 2294 1905 2333 vere
1921 2276 2179 2331 matutini
2198 2274 2604 2346 vespertinique
2626 2274 2889 2345 temporis
2906 2272 3259 2328 interstitium
3276 2283 3447 2330 totum

160 2367 525 2423 meditationi
551 2367 835 2422 tribuitur.
858 2368 1154 2424 Versantes
1170 2370 1315 2424 enim
1340 2385 1493 2425 sacra
1522 2371 1802 2425 volumina
1829 2370 1961 2425 dant
1982 2384 2204 2438 operam
2227 2368 2606 2439 philosophiae
2624 2384 2721 2437 per
2739 2381 2933 2420 manus
2950 2376 3209 2436 acceptae
3228 2382 3258 2421 a
3280 2369 3451 2423 maio~

158 2461 353 2526 ribus,
398 2457 696 2513 scrutando
724 2457 847 2513 eius
879 2458 1193 2530 allegorias,
1245 2460 1506 2530 quoniam
1555 2460 1658 2515 sub
1686 2460 1893 2531 apertis
1915 2459 2103 2514 verbis
2133 2459 2307 2514 latere
2353 2459 2591 2513 credunt
2614 2467 2824 2512 secreta
2844 2466 3095 2521 naturae,
3117 2460 3450 2515 coniecturis

157 2553 508 2628 explicanda
539 2552 944 2623 probabilibus.
972 2552 1191 2608 Habent
1214 2555 1382 2609 etiam
1408 2556 1720 2625 priscorum
1746 2553 2196 2619 commentarios,
2219 2554 2314 2623 qui
2342 2554 2508 2608 huius
2538 2563 2719 2608 sectae
2744 2560 2996 2608 auctores
3034 2553 3204 2608 multa
3248 2572 3446 2612 monu-

164 2657 371 2704 menta
393 2647 747 2717 reliquerunt
774 2646 843 2701 de
865 2642 1146 2717 allegoriis
1169 2648 1465 2713 eiusmodi,
1494 2649 1561 2703 ad
1593 2664 1830 2719 quorum
1865 2648 2228 2703 imitationem
2256 2648 2463 2718 posteri
2487 2663 2544 2702 se
2570 2647 3002 2702 accommodant.
3032 2647 3218 2718 Itaque
3235 2664 3344 2703 non
3362 2664 3451 2704 so-

154 2746 285 2799 lum
318 2742 788 2812 contemplemur,
829 2741 925 2797 sed
953 2742 1121 2798 etiam
1166 2745 1383 2800 cantica
1414 2745 1758 2817 hymnosque
1787 2745 1842 2798 in
1891 2744 1987 2800 Dei
2040 2744 2261 2799 laudem
2300 2753 2657 2815 componunt,
2696 2745 2852 2798 vario
2902 2752 3203 2799 metrorum
3248 2748 3447 2801 carmi-

154 2850 421 2908 numque
444 2849 648 2907 genere
673 2834 948 2907 rhythmis
977 2837 1338 2894 concinnatos
1361 2839 1419 2893 in
1443 2839 1820 2910 augustiorem
1851 2853 1917 2893 ac
1942 2838 2259 2910 religiosam
2281 2839 2543 2909 speciem.
2562 2838 2667 2894 Per
2690 2854 2786 2894 sex
2805 2838 2927 2894 dies
2942 2854 3190 2894 seorsum
3213 2840 3448 2911 quisque

152 2929 219 2986 in
257 2931 384 2986 suis
407 2930 517 2986 illis
542 2930 706 2986 modo
731 2930 897 2987 dictis
925 2933 1281 2989 monasteriis
1301 2934 1781 3006 philosophantur,
1803 2949 1918 2993 non
1946 2934 2365 3006 progredientes
2401 2933 2571 2999 foras,
2598 2934 2767 2989 immo
2795 2951 2866 2990 ne
2891 2935 3289 3006 prospicientes
3319 2936 3447 3007 qui-

152 3025 323 3080 dem.
353 3023 605 3093 Septima
632 3039 767 3079 vero
790 3024 1129 3079 conveniunt
1152 3025 1208 3080 in
1236 3035 1455 3081 coetum
1486 3041 1857 3095 communem,
1881 3033 1941 3082 et
1970 3026 2122 3082 iuxta
2147 3027 2345 3109 aetatis
2377 3026 2630 3081 ordinem
2658 3027 2956 3082 considunt
2980 3027 3198 3083 decenti
3231 3030 3444 3095 habitu,

148 3132 368 3172 manus
398 3117 746 3173 continentes
772 3117 876 3172 sub
898 3118 1086 3188 pallio,
1109 3118 1359 3173 dextram
1382 3120 1527 3175 inter
1548 3130 1742 3191 pectus
1760 3120 2122 3191 barbamque,
2152 3120 2435 3175 sinistram
2464 3118 2745 3188 applicant
2759 3118 2941 3174 lateri.
2969 3118 3107 3174 Tum
3124 3136 3447 3193 progressus

146 3213 215 3266 in
246 3211 504 3266 medium
534 3220 668 3267 natu
692 3212 965 3267 maximus
1009 3222 1066 3268 et
1088 3213 1403 3284 dogmatum
1428 3214 1551 3269 eius
1599 3224 1782 3271 sectae
1832 3215 2207 3288 peritissimus
2232 3212 2456 3269 disserit
2482 3213 2637 3266 vultu
2671 3211 2739 3267 ad
2768 3212 3091 3283 gravitatem
3118 3216 3442 3285 composito,

145 3322 303 3362 voce
330 3307 640 3373 moderata,
662 3322 775 3362 non
808 3308 927 3362 sine
958 3322 1153 3377 magna
1178 3307 1493 3377 prudentia,
1524 3323 1683 3363 secus
1709 3323 1875 3379 quam
1900 3317 2151 3363 oratores
2175 3316 2271 3362 aut
2298 3306 2499 3361 aetatis
2520 3314 2740 3361 nostrae
2770 3306 3049 3375 sophistae
3078 3316 3445 3367 ostentatores

141 3402 561 3473 eloquentiae:
600 3410 664 3456 ut
691 3402 782 3455 cui
808 3400 984 3472 magis
1010 3400 1167 3455 cordi
1195 3408 1325 3455 sunt
1351 3402 1657 3471 exquisitae
1682 3401 1989 3457 sententiae
2022 3401 2365 3471 diligensque
2393 3406 2449 3454 et
2472 3407 2729 3453 accurata
2752 3398 2947 3453 harum
2971 3401 3272 3468 enarratio,
3300 3420 3445 3475 quae

141 3512 281 3551 non
305 3494 545 3551 summis
582 3493 787 3569 insidat
827 3494 1079 3559 auribus,
1130 3494 1226 3549 sed
1258 3510 1358 3564 per
1384 3495 1636 3551 auditum
1682 3503 1940 3566 penetret
1980 3496 2038 3551 in
2083 3496 2329 3551 animum
2380 3494 2569 3565 ibique
2613 3493 2844 3549 firmiter
2877 3495 3180 3552 inhaereat.
3223 3498 3437 3569 Reliqui

136 3603 370 3643 omnes
409 3567 727 3643 auscultant
750 3603 851 3659 per
880 3602 1156 3643 summum
1186 3587 1493 3654 silentium,
1521 3598 1859 3645 annutantes
1881 3590 2060 3646 oculis
2083 3598 2296 3645 tantum
2321 3597 2417 3645 aut
2434 3590 2635 3660 capite.
2667 3589 2731 3644 Id
2751 3604 3043 3647 commune
3076 3597 3345 3663 σεμνεῖον,
3364 3567 3441 3648 in

137 3684 318 3756 quod
352 3684 365 3756 ι
398 3684 635 3755 septimo
655 3684 746 3740 die
770 3684 1130 3749 conveniunt,
1156 3691 1315 3754 septo
1340 3685 1615 3740 clauditur
1644 3685 1876 3755 duplici,
1909 3685 2178 3756 separatis
2198 3685 2446 3741 virorum
2467 3694 2523 3740 et
2552 3684 2850 3740 mulierum
2870 3686 3140 3742 coetibus.
3163 3688 3298 3743 Nam
3322 3704 3443 3743 mu-

133 3779 335 3834 lieres
368 3793 592 3847 quoque
632 3778 950 3832 auscultant
972 3793 1039 3833 ex
1065 3793 1242 3845 more,
1265 3778 1538 3834 duntaxat
1572 3793 1714 3848 quae
1740 3778 2058 3833 institutum
2092 3778 2240 3833 idem
2273 3786 2578 3834 sectantur.
2611 3778 2823 3833 Medius
2840 3787 3024 3833 autem
3057 3780 3243 3850 paries
3267 3795 3297 3836 a
3325 3782 3443 3837 solo

134 3874 349 3943 surgit
374 3873 560 3928 tribus
580 3882 888 3944 quatuorve
913 3874 1119 3930 cubitis
1145 3875 1202 3929 in
1230 3874 1454 3929 modum
1475 3875 1739 3930 loriculae
1759 3891 1776 3941 ;
1799 3875 2087 3945 superiora
2111 3891 2286 3945 usque
2312 3879 2381 3930 ad
2413 3884 2620 3931 tectum
2640 3883 2847 3945 patent.
2898 3874 3055 3932 Unde
3078 3877 3295 3948 gemina
3314 3891 3444 3949 pro.

126 3969 319 4023 venit
338 3968 731 4035 commoditas,
765 3976 821 4023 et
842 3970 991 4039 quod
1014 3970 1215 4041 pudori
1264 3971 1523 4025 foeminei
1552 3985 1716 4026 sexus
1743 3971 2082 4035 consulitur,
2104 3976 2163 4025 et
2206 3970 2353 4040 quod
2380 3969 2551 4024 verba
2585 3970 2833 4025 doctoris
2864 3970 3239 4026 exaudiuntur
3279 3972 3441 4029 facile

122 4066 376 4136 absque
402 4064 707 4119 obstaculis
742 4080 884 4134 quae
916 4080 1112 4122 vocem
1138 4066 1513 4137 intercipiant.
1562 4066 1985 4137 Temperantiae
2028 4076 2293 4136 tanquam
2329 4066 2689 4121 fundamento
2721 4065 2778 4119 i-n
2816 4065 2999 4120 anima
3037 4066 3182 4121 iacto
3205 4066 3442 4124 virtutes

118 4166 384 4212 ceterae
409 4163 818 4226 superstruunt.
847 4156 959 4211 Nec
989 4158 1174 4212 cibum
1204 4174 1307 4213 nec
1331 4167 1525 4228 potum
1547 4159 1840 4228 quisquam
1865 4159 2035 4213 sentit
2057 4164 2185 4213 ante
2226 4158 2358 4213 solis
2388 4170 2665 4221 occasum,
2695 4157 2843 4228 quod
2868 4158 3171 4227 sapientiae
3196 4158 3440 4213 studium

118 4252 264 4308 luci
299 4250 610 4306 convenire
654 4251 924 4316 iudicent,
947 4252 1195 4306 tenebris
1221 4268 1355 4307 vero
1377 4268 1567 4307 curam
1607 4251 1877 4321 corporis.
1908 4251 2037 4305 Ideo
2060 4258 2202 4305 totos
2238 4249 2358 4304 dies
2398 4250 2579 4315 alteri,
2607 4249 2764 4304 alteri
2806 4264 2938 4304 vero
2970 4250 3223 4319 exiguam
3261 4248 3444 4305 noctis

112 4355 378 4417 partem
413 4342 688 4398 tribuunt.
718 4344 978 4399 Nonnulli
1015 4360 1084 4400 ex
1112 4344 1203 4399 bis
1237 4345 1329 4398 vix
1357 4344 1521 4399 tertio
1550 4358 1770 4414 quoque
1796 4343 1886 4398 die
1927 4342 2131 4397 famem
2166 4341 2437 4409 sentiunt,
2462 4343 2655 4397 attenti
2688 4342 2862 4414 magis
2909 4342 2977 4397 ad
3019 4342 3440 4414 disciplinarum

111 4440 479 4496 scientiam.
502 4438 618 4494 Nec
639 4439 865 4505 desunt,
886 4440 982 4511 qui
1011 4439 1295 4510 praelaute
1327 4447 1557 4509 accepto
1581 4440 1746 4510 epulo
1785 4438 2090 4509 sapientiae
2114 4438 2336 4509 copiose
2368 4439 2688 4509 praebentis
2729 4454 2829 4495 sua
2869 4439 3097 4509 placita,
3126 4441 3432 4510 perdurant

109 4534 402 4603 duplum
434 4533 559 4586 eius
592 4531 876 4602 temporis,
905 4538 967 4586 et»
986 4530 1077 4584 vix
1109 4540 1265 4585 sexto
1290 4530 1380 4585 die
1414 4531 1709 4601 degustant
1737 4532 1924 4586 cibum
1966 4531 2366 4595 necessarium,
2392 4532 2600 4586 assueti
2628 4531 2772 4586 sicut
2816 4531 3038 4586 cicadae
3063 4547 3188 4587 rore
3222 4532 3435 4599 vivere,

108 4625 423 4686 canticis,
473 4623 695 4693 opinor,
744 4623 999 4697 solantes
1030 4622 1291 4677 inediam.
1327 4623 1632 4692 Septimum
1665 4637 1801 4677 vero
1851 4624 2020 4689 diem,
2062 4631 2124 4678 ut
2177 4624 2378 4679 festum
2423 4636 2828 4695 sacratumque,
2881 4626 3090 4681 honore
3140 4626 3436 4698 dignantur

117 4722 423 4785 eximio;
458 4734 570 4791 quo
606 4728 731 4790 post
757 4734 949 4775 curam
976 4719 1145 4774 animi
1187 4735 1389 4789 corpus
1413 4734 1632 4789 quoque
1658 4719 1936 4787 reficiunt,
1974 4721 2119 4776 sicut
2156 4721 2410 4776 iumento
2442 4722 2751 4777 relaxantes
2793 4722 3038 4777 laborem
3085 4724 3434 4778 continuum.

104 4818 183 4874 In
218 4817 450 4871 cibatu
471 4819 709 4869 utuntur
729 4828 870 4885 pane
899 4814 1158 4884 simplici;
1185 4812 1262 4867 sal
1289 4812 1465 4867 vicem
1489 4814 1708 4883 supplet
1729 4814 1945 4867 obsonii
1967 4830 1981 4879 ;
2010 4814 2105 4883 qui
2125 4813 2471 4870 delicatiores
2488 4824 2635 4879 sunt,
2656 4816 2949 4887 hyssopum
2967 4830 3069 4886 pro
3088 4816 3438 4871 condimento

96 4912 461 4969 adiiciunt.
491 4910 688 4964 Potum
716 4924 747 4963 e
778 4908 1002 4963 liuentis
1026 4906 1314 4972 hauriunt,
1339 4909 1582 4963 contenti
1613 4908 1830 4977 placare
1861 4908 2115 4963 dominas
2139 4924 2168 4963 a
2190 4920 2389 4964 natura
2417 4909 2746 4964 mortalibus
2769 4909 3002 4973 additas,
3031 4909 3231 4964 famem
3263 4910 3442 4964 sitim-

92 5027 263 5101 qus,
303 5009 532 5077 absque
565 5006 825 5061 omnibus
848 5006 1157 5070 lenociniis,
1184 5005 1420 5060 fruendo
1446 5006 1615 5060 rebus
1638 5005 1758 5059 sine
1797 5006 2005 5075 quibus
2032 5020 2146 5060 non
2170 5007 2298 5061 licet
2328 5007 2539 5061 vivere.
2570 5006 2755 5060 Edunt
2785 5006 2950 5075 igitur
2972 5022 3041 5061 ne
3056 5005 3324 5067 esuriant,
3350 5004 3435 5059 bi—

96 5098 277 5160 bst
317 5116 403 5155 ne
431 5099 640 5161 sitiant,
665 5098 1007 5152 saturitatem
1034 5099 1279 5153 cavendo
1305 5108 1367 5153 ut
1392 5098 1545 5153 inimi
1581 5100 1589 5171 |
1622 5115 1739 5153 eam
1766 5100 1951 5154 animo
1965 5100 2172 5170 pariter
2194 5115 2259 5155 ac
2282 5100 2520 5170 corpori.
2551 5098 2620 5154 Et
2646 5101 2904 5170 quon-iam
2933 5099 3189 5169 tegminis
3219 5114 3438 5170 quoque

90 5201 278 5254 duae
324 5200 469 5248 sunt
498 5189 734 5259 species,
766 5188 936 5243 vestis
970 5198 1303 5260 tectumque,
1332 5190 1399 5245 de
1435 5190 1665 5244 aedibus
1688 5190 1793 5244 iam
1813 5191 1949 5254 dixi,
1978 5206 2102 5245 esse
2125 5191 2362 5246 incultas
2394 5199 2449 5245 et
2478 5202 2949 5262 extempora-neas,
2981 5191 3152 5245 factas
3179 5190 3245 5245 ad
3274 5208 3438 5262 prae-

86 5299 379 5348 sentem
406 5294 570 5338 usum
599 5283 1004 5338 tantummodo.
1047 5282 1108 5337 in
1134 5293 1285 5338 veste
1318 5292 1501 5337 autem
1527 5280 1719 5338 eadem
1759 5291 1990 5354 apparet
2014 5284 2363 5354 simplicitas,
2392 5283 2461 5339 ad
2485 5282 2754 5339 arcendos
2785 5284 2996 5339 calores
3019 5294 3074 5338 et
3094 5283 3315 5355 frigora,
3340 5301 3440 5357 pro

88 5381 416 5457 pellice-is
446 5391 633 5434 crassa
674 5378 861 5432 tunica
889 5376 945 5429 in
973 5375 1189 5447 hyeme,
1222 5384 1429 5430 acatate
1456 5388 1590 5429 vero
1616 5375 1827 5430 exomis
1854 5384 1948 5429 aut
1972 5376 2210 5430 interula
2236 5377 2400 5431 linea.
2433 5377 2492 5430 In
2514 5377 2833 5431 universum
2858 5376 3007 5431 enim
3037 5387 3294 5432 exercent
3320 5391 3439 5433 mo-

82 5482 422 5541 destiam,
446 5483 509 5531 ut
545 5475 761 5530 fontem
780 5474 1055 5537 veritatis,
1091 5471 1234 5526 sicut
1261 5472 1459 5526 efastu
1482 5471 1832 5525 mendacium
1876 5476 2208 5541 prognatum
2245 5481 2556 5527 autumant.
2583 5466 2870 5527 Proﬂuunt
2913 5471 3060 5527 enim
3087 5488 3116 5527 e
3152 5471 3441 5526 mendacio

85 5580 336 5636 variae
408 5574 684 5627 malorum
740 5570 993 5641 species;
1030 5579 1224 5623 contra
1279 5584 1344 5623 ex
1382 5568 1615 5622 veritate
1652 5567 1899 5621 omnium
1949 5566 2271 5622 felicitatum
2319 5568 2681 5622 humanarum
2731 5567 3153 5638 divinarumque
3198 5570 3375 5636 cupia.
3415 5584 3434 5614 ι

82 5670 361 5732 Deinde
402 5667 735 5736 quibusdam
770 5664 1076 5720 interiectis
1116 5664 1253 5718 haec
1279 5664 1386 5717 ait:
1413 5683 1431 5714 ι
1463 5664 1566 5719 Ubi
1597 5678 1728 5718 vero
1763 5678 2076 5719 convenere
2103 5663 2379 5718 candidati
2407 5673 2463 5718 et
2494 5664 2623 5717 laeti
2664 5678 2788 5718 cum
2829 5674 3041 5718 summa
3076 5662 3340 5733 gravitate
3372 5659 3437 5714 ad

82 5780 368 5839 signum
396 5760 587 5815 datum
608 5775 639 5813 a
656 5759 914 5830 quopiam
931 5756 1473 5828 ephemereuta—sic
1495 5756 1812 5811 huiusmodi
1832 5757 2114 5812 ministros
2129 5757 2812 5828 nominant—priusquam
2836 5756 3206 5819 discumbant‘,
3235 5764 3440 5809 Stanles

84 5882 219 5922 una
246 5856 443 5919 serie
473 5854 758 5917 decenter,
781 5854 1123 5923 sublatisque
1145 5854 1209 5908 ad
1239 5855 1449 5907 caelum
1470 5852 1726 5907 manibus
1748 5862 1911 5921 atque
1931 5853 2107 5907 oculis
2126 5870 2138 5905 :
2159 5853 2244 5907 his
2273 5852 2528 5923 quoniam
2549 5852 2857 5907 didicerunt
2882 5861 3125 5922 spectare
3151 5850 3429 5915 caelestia,

397 5949 679 6009 Parnon.
717 5952 831 6007 (in.
877 5950 1139 6008 XXXIV.
2964 5945 3059 6025 10,
