  <div class='ocr_page' id='page_1' title='image "/cluster/home/n/w/nwhite01/storage/ocr_20150623/34/hvd.32044019207760/157.png"; bbox 0 0 3950 6586; ppageno 0'>
   <div class='ocr_carea' id='block_1_1' title="bbox 616 336 3784 410">
    <p class='ocr_par' dir='ltr' id='par_1_1' title="bbox 616 336 3784 410">
     <span class='ocr_line' id='line_1_1' title="bbox 616 336 3784 410; baseline 0.002 -19"><span class='ocrx_word' id='word_1_1' title='bbox 616 350 724 410; x_wconf 54' lang='lat'><strong>‘99]</strong></span> <span class='ocrx_word' id='word_1_2' title='bbox 1900 337 1993 393; x_wconf 86' lang='lat' dir='ltr'><strong>JO.</strong></span> <span class='ocrx_word' id='word_1_3' title='bbox 2036 336 2165 392; x_wconf 86' lang='lat' dir='ltr'><strong>PICl</strong></span> <span class='ocrx_word' id='word_1_4' title='bbox 2200 337 2585 393; x_wconf 79' lang='lat' dir='ltr'><strong>PRAEFATIO</strong></span> <span class='ocrx_word' id='word_1_5' title='bbox 3711 352 3784 409; x_wconf 53' lang='grc' dir='ltr'><strong>’τις</strong></span> 
     </span>
    </p>
   </div>
   <div class='ocr_carea' id='block_1_2' title="bbox 628 454 3788 541">
    <p class='ocr_par' dir='ltr' id='par_1_2' title="bbox 628 454 3788 541">
     <span class='ocr_line' id='line_1_2' title="bbox 628 454 3788 541; baseline 0.001 -22"><span class='ocrx_word' id='word_1_6' title='bbox 628 474 739 528; x_wconf 71' lang='lat' dir='ltr'><strong>illis</strong></span> <span class='ocrx_word' id='word_1_7' title='bbox 790 478 976 541; x_wconf 90' lang='lat' dir='ltr'><strong>utpote</strong></span> <span class='ocrx_word' id='word_1_8' title='bbox 1006 464 1337 536; x_wconf 65' lang='lat' dir='ltr'><strong>incorruptis</strong></span> <span class='ocrx_word' id='word_1_9' title='bbox 1368 480 1398 518; x_wconf 93' lang='lat' dir='ltr'><strong>a</strong></span> <span class='ocrx_word' id='word_1_10' title='bbox 1424 460 1745 517; x_wconf 82' lang='lat' dir='ltr'><strong>muneribus</strong></span> <span class='ocrx_word' id='word_1_11' title='bbox 1763 466 1819 513; x_wconf 90' lang='lat' dir='ltr'><strong>et</strong></span> <span class='ocrx_word' id='word_1_12' title='bbox 1846 464 2075 527; x_wconf 78' lang='lat' dir='ltr'><strong>quaestu</strong></span> <span class='ocrx_word' id='word_1_13' title='bbox 2103 454 2295 509; x_wconf 91' lang='lat' dir='ltr'><strong>illicito</strong></span> <span class='ocrx_word' id='word_1_14' title='bbox 2321 473 2332 508; x_wconf 91' lang='lat'><strong>:</strong></span> <span class='ocrx_word' id='word_1_15' title='bbox 2362 463 2677 525; x_wconf 88' lang='lat' dir='ltr'><strong>precantur,</strong></span> <span class='ocrx_word' id='word_1_16' title='bbox 2696 463 2758 509; x_wconf 89' lang='lat' dir='ltr'><strong>ut</strong></span> <span class='ocrx_word' id='word_1_17' title='bbox 2785 456 2895 511; x_wconf 90' lang='lat' dir='ltr'><strong>Deo</strong></span> <span class='ocrx_word' id='word_1_18' title='bbox 2918 455 3130 526; x_wconf 79' lang='lat' dir='ltr'><strong>placeat</strong></span> <span class='ocrx_word' id='word_1_19' title='bbox 3155 455 3210 511; x_wconf 88' lang='lat' dir='ltr'>id</span> <span class='ocrx_word' id='word_1_20' title='bbox 3225 454 3550 511; x_wconf 84' lang='lat' dir='ltr'><strong>convivium.</strong></span> <span class='ocrx_word' id='word_1_21' title='bbox 3578 456 3788 526; x_wconf 71' lang='lat' dir='ltr'><strong>Absolutis</strong></span> 
     </span>
    </p>
   </div>
   <div class='ocr_carea' id='block_1_3' title="bbox 626 549 3785 637">
    <p class='ocr_par' dir='ltr' id='par_1_3' title="bbox 626 549 3785 637">
     <span class='ocr_line' id='line_1_3' title="bbox 626 549 3785 637; baseline -0.001 -17"><span class='ocrx_word' id='word_1_22' title='bbox 626 566 886 637; x_wconf 87' lang='lat' dir='ltr'><strong>precibus</strong></span> <span class='ocrx_word' id='word_1_23' title='bbox 920 562 1164 617; x_wconf 83' lang='lat' dir='ltr'><strong>seniores</strong></span> <span class='ocrx_word' id='word_1_24' title='bbox 1195 557 1565 621; x_wconf 77' lang='lat' dir='ltr'><strong>discumbunt,</strong></span> <span class='ocrx_word' id='word_1_25' title='bbox 1601 570 1663 610; x_wconf 92' lang='lat' dir='ltr'><strong>ac</strong></span> <span class='ocrx_word' id='word_1_26' title='bbox 1697 569 1823 607; x_wconf 82' lang='lat' dir='ltr'><strong>mox</strong></span> <span class='ocrx_word' id='word_1_27' title='bbox 1847 552 1942 606; x_wconf 84' lang='lat' dir='ltr'><strong>alii</strong></span> <span class='ocrx_word' id='word_1_28' title='bbox 1967 567 2067 621; x_wconf 88' lang='lat' dir='ltr'><strong>pro</strong></span> <span class='ocrx_word' id='word_1_29' title='bbox 2100 549 2366 619; x_wconf 88' lang='lat' dir='ltr'><strong>cuiusque</strong></span> <span class='ocrx_word' id='word_1_30' title='bbox 2388 550 2672 619; x_wconf 77' lang='lat' dir='ltr'><strong>dignitate.</strong></span> <span class='ocrx_word' id='word_1_31' title='bbox 2699 550 2811 604; x_wconf 81' lang='lat' dir='ltr'><strong>Nec</strong></span> <span class='ocrx_word' id='word_1_32' title='bbox 2839 552 2986 605; x_wconf 91' lang='lat' dir='ltr'><strong>enim</strong></span> <span class='ocrx_word' id='word_1_33' title='bbox 3014 552 3258 606; x_wconf 86' lang='lat' dir='ltr'><strong>seniores</strong></span> <span class='ocrx_word' id='word_1_34' title='bbox 3282 567 3349 606; x_wconf 83' lang='lat' dir='ltr'><strong>ex</strong></span> <span class='ocrx_word' id='word_1_35' title='bbox 3378 551 3533 605; x_wconf 88' lang='lat' dir='ltr'><strong>annis</strong></span> <span class='ocrx_word' id='word_1_36' title='bbox 3549 557 3785 629; x_wconf 86' lang='lat' dir='ltr'><strong>aestimant,</strong></span> 
     </span>
    </p>
   </div>
   <div class='ocr_carea' id='block_1_4' title="bbox 627 640 3787 727">
    <p class='ocr_par' dir='ltr' id='par_1_4' title="bbox 627 640 3787 727">
     <span class='ocr_line' id='line_1_4' title="bbox 627 640 3787 727; baseline -0.003 -14"><span class='ocrx_word' id='word_1_37' title='bbox 627 658 723 713; x_wconf 85' lang='lat' dir='ltr'><strong>sed</strong></span> <span class='ocrx_word' id='word_1_38' title='bbox 753 656 1101 727; x_wconf 88' lang='lat' dir='ltr'><strong>quantumvis</strong></span> <span class='ocrx_word' id='word_1_39' title='bbox 1124 652 1460 725; x_wconf 78' lang='lat' dir='ltr'><strong>grandaevos</strong></span> <span class='ocrx_word' id='word_1_40' title='bbox 1479 649 1684 702; x_wconf 86' lang='lat' dir='ltr'><strong>habent</strong></span> <span class='ocrx_word' id='word_1_41' title='bbox 1706 661 1804 716; x_wconf 92' lang='lat' dir='ltr'><strong>pro</strong></span> <span class='ocrx_word' id='word_1_42' title='bbox 1829 644 2040 714; x_wconf 88' lang='lat' dir='ltr'><strong>pueris,</strong></span> <span class='ocrx_word' id='word_1_43' title='bbox 2073 642 2119 695; x_wconf 90' lang='lat' dir='ltr'><strong>si</strong></span> <span class='ocrx_word' id='word_1_44' title='bbox 2150 657 2275 696; x_wconf 89' lang='lat' dir='ltr'><strong>sero</strong></span> <span class='ocrx_word' id='word_1_45' title='bbox 2299 641 2615 696; x_wconf 87' lang='lat' dir='ltr'><strong>institutum</strong></span> <span class='ocrx_word' id='word_1_46' title='bbox 2642 640 2747 695; x_wconf 92' lang='lat' dir='ltr'><strong>hoc</strong></span> <span class='ocrx_word' id='word_1_47' title='bbox 2770 643 3038 711; x_wconf 83' lang='lat' dir='ltr'><strong>complexi</strong></span> <span class='ocrx_word' id='word_1_48' title='bbox 3061 651 3216 709; x_wconf 91' lang='lat' dir='ltr'><strong>sunt;</strong></span> <span class='ocrx_word' id='word_1_49' title='bbox 3245 643 3507 698; x_wconf 83' lang='lat' dir='ltr'><strong>honorem</strong></span> <span class='ocrx_word' id='word_1_50' title='bbox 3529 660 3641 701; x_wconf 86' lang='lat' dir='ltr'><strong>vero</strong></span> <span class='ocrx_word' id='word_1_51' title='bbox 3668 664 3787 709; x_wconf 73' lang='lat' dir='ltr'><strong>sene-</strong></span> 
     </span>
    </p>
   </div>
   <div class='ocr_carea' id='block_1_5' title="bbox 628 734 3791 817">
    <p class='ocr_par' dir='ltr' id='par_1_5' title="bbox 628 734 3791 817">
     <span class='ocr_line' id='line_1_5' title="bbox 628 734 3791 817; baseline -0.005 -9"><span class='ocrx_word' id='word_1_52' title='bbox 628 755 797 810; x_wconf 89' lang='lat' dir='ltr'><strong>ctutis</strong></span> <span class='ocrx_word' id='word_1_53' title='bbox 828 753 1080 807; x_wconf 88' lang='lat' dir='ltr'><strong>tribuunt</strong></span> <span class='ocrx_word' id='word_1_54' title='bbox 1101 750 1189 804; x_wconf 90' lang='lat' dir='ltr'><strong>his</strong></span> <span class='ocrx_word' id='word_1_55' title='bbox 1210 748 1305 817; x_wconf 89' lang='lat' dir='ltr'><strong>qui</strong></span> <span class='ocrx_word' id='word_1_56' title='bbox 1338 749 1705 801; x_wconf 83' lang='lat' dir='ltr'><strong>exercuerunt</strong></span> <span class='ocrx_word' id='word_1_57' title='bbox 1730 757 1787 795; x_wconf 90' lang='lat' dir='ltr'><strong>se</strong></span> <span class='ocrx_word' id='word_1_58' title='bbox 1806 756 1837 794; x_wconf 92' lang='lat' dir='ltr'><strong>a</strong></span> <span class='ocrx_word' id='word_1_59' title='bbox 1862 740 2147 793; x_wconf 89' lang='lat' dir='ltr'><strong>iuventute</strong></span> <span class='ocrx_word' id='word_1_60' title='bbox 2173 735 2230 790; x_wconf 90' lang='lat' dir='ltr'><strong>in</strong></span> <span class='ocrx_word' id='word_1_61' title='bbox 2255 736 2359 790; x_wconf 90' lang='lat' dir='ltr'><strong>hac</strong></span> <span class='ocrx_word' id='word_1_62' title='bbox 2382 734 2752 806; x_wconf 83' lang='lat' dir='ltr'><strong>pulcherrima</strong></span> <span class='ocrx_word' id='word_1_63' title='bbox 2773 734 3067 804; x_wconf 86' lang='lat' dir='ltr'><strong>divinaque</strong></span> <span class='ocrx_word' id='word_1_64' title='bbox 3099 746 3252 805; x_wconf 89' lang='lat' dir='ltr'><strong>parte</strong></span> <span class='ocrx_word' id='word_1_65' title='bbox 3275 737 3689 807; x_wconf 86' lang='lat' dir='ltr'><strong>contemplativae</strong></span> <span class='ocrx_word' id='word_1_66' title='bbox 3702 747 3791 815; x_wconf 81' lang='lat' dir='ltr'><strong>pbi.</strong></span> 
     </span>
    </p>
   </div>
   <div class='ocr_carea' id='block_1_6' title="bbox 627 830 3793 918">
    <p class='ocr_par' dir='ltr' id='par_1_6' title="bbox 627 830 3793 918">
     <span class='ocr_line' id='line_1_6' title="bbox 627 830 3793 918; baseline -0.003 -17"><span class='ocrx_word' id='word_1_67' title='bbox 627 848 925 918; x_wconf 82' lang='lat' dir='ltr'><strong>lOSOphiae.</strong></span> <span class='ocrx_word' id='word_1_68' title='bbox 960 846 1305 901; x_wconf 84' lang='lat' dir='ltr'><strong>Adhibentur</strong></span> <span class='ocrx_word' id='word_1_69' title='bbox 1328 856 1549 896; x_wconf 90' lang='lat' dir='ltr'><strong>mensae</strong></span> <span class='ocrx_word' id='word_1_70' title='bbox 1568 837 1838 893; x_wconf 88' lang='lat' dir='ltr'><strong>foeminae</strong></span> <span class='ocrx_word' id='word_1_71' title='bbox 1860 849 2100 904; x_wconf 87' lang='lat' dir='ltr'><strong>quoque,</strong></span> <span class='ocrx_word' id='word_1_72' title='bbox 2126 848 2263 888; x_wconf 90' lang='lat' dir='ltr'><strong>anus</strong></span> <span class='ocrx_word' id='word_1_73' title='bbox 2290 833 2604 903; x_wconf 88' lang='lat' dir='ltr'><strong>pleraeque,</strong></span> <span class='ocrx_word' id='word_1_74' title='bbox 2624 831 2719 893; x_wconf 90' lang='lat' dir='ltr'><strong>sed</strong></span> <span class='ocrx_word' id='word_1_75' title='bbox 2744 830 3007 902; x_wconf 80' lang='lat' dir='ltr'><strong>virgines,</strong></span> <span class='ocrx_word' id='word_1_76' title='bbox 3030 846 3141 884; x_wconf 91' lang='lat' dir='ltr'><strong>non</strong></span> <span class='ocrx_word' id='word_1_77' title='bbox 3163 841 3387 887; x_wconf 86' lang='lat' dir='ltr'><strong>coactae</strong></span> <span class='ocrx_word' id='word_1_78' title='bbox 3412 832 3672 903; x_wconf 84' lang='lat' dir='ltr'><strong>castitatis,</strong></span> <span class='ocrx_word' id='word_1_79' title='bbox 3692 840 3793 898; x_wconf 78' lang='lat' dir='ltr'><strong>sicut</strong></span> 
     </span>
    </p>
   </div>
   <div class='ocr_carea' id='block_1_7' title="bbox 626 922 3793 1010">
    <p class='ocr_par' dir='ltr' id='par_1_7' title="bbox 626 922 3793 1010">
     <span class='ocr_line' id='line_1_7' title="bbox 626 922 3793 1010; baseline -0.005 -14"><span class='ocrx_word' id='word_1_80' title='bbox 626 940 769 1010; x_wconf 90' lang='lat' dir='ltr'><strong>apud</strong></span> <span class='ocrx_word' id='word_1_81' title='bbox 790 938 1026 995; x_wconf 90' lang='lat' dir='ltr'><strong>Graecos</strong></span> <span class='ocrx_word' id='word_1_82' title='bbox 1043 935 1310 1006; x_wconf 88' lang='lat' dir='ltr'><strong>quaedam</strong></span> <span class='ocrx_word' id='word_1_83' title='bbox 1335 931 1696 995; x_wconf 80' lang='lat' dir='ltr'><strong>sacrificulae,</strong></span> <span class='ocrx_word' id='word_1_84' title='bbox 1720 930 2037 1009; x_wconf 25' lang='lat' dir='ltr'><strong>sed‘sponte</strong></span> <span class='ocrx_word' id='word_1_85' title='bbox 2068 927 2414 981; x_wconf 86' lang='lat' dir='ltr'><strong>continentes</strong></span> <span class='ocrx_word' id='word_1_86' title='bbox 2447 940 2576 995; x_wconf 87' lang='lat' dir='ltr'><strong>prae</strong></span> <span class='ocrx_word' id='word_1_87' title='bbox 2609 939 2796 978; x_wconf 90' lang='lat' dir='ltr'><strong>amore</strong></span> <span class='ocrx_word' id='word_1_88' title='bbox 2820 923 3141 993; x_wconf 87' lang='lat' dir='ltr'><strong>sapientiae,</strong></span> <span class='ocrx_word' id='word_1_89' title='bbox 3174 922 3332 978; x_wconf 92' lang='lat' dir='ltr'><strong>cuius</strong></span> <span class='ocrx_word' id='word_1_90' title='bbox 3369 924 3546 979; x_wconf 88' lang='lat' dir='ltr'><strong>studio</strong></span> <span class='ocrx_word' id='word_1_91' title='bbox 3566 942 3650 995; x_wconf 89' lang='lat' dir='ltr'><strong>per</strong></span> <span class='ocrx_word' id='word_1_92' title='bbox 3671 938 3793 992; x_wconf 67' lang='lat' dir='ltr'><strong>totam</strong></span> 
     </span>
    </p>
   </div>
   <div class='ocr_carea' id='block_1_8' title="bbox 625 1018 3797 1100">
    <p class='ocr_par' dir='ltr' id='par_1_8' title="bbox 625 1018 3797 1100">
     <span class='ocr_line' id='line_1_8' title="bbox 625 1018 3797 1100; baseline -0.001 -11"><span class='ocrx_word' id='word_1_93' title='bbox 625 1038 793 1091; x_wconf 85' lang='lat' dir='ltr'><strong>vitam</strong></span> <span class='ocrx_word' id='word_1_94' title='bbox 842 1036 1287 1100; x_wconf 88' lang='lat' dir='ltr'><strong>contempserunt</strong></span> <span class='ocrx_word' id='word_1_95' title='bbox 1315 1028 1624 1097; x_wconf 82' lang='lat' dir='ltr'><strong>voluptates</strong></span> <span class='ocrx_word' id='word_1_96' title='bbox 1652 1024 1919 1094; x_wconf 88' lang='lat' dir='ltr'><strong>corporis,</strong></span> <span class='ocrx_word' id='word_1_97' title='bbox 1946 1022 2215 1076; x_wconf 90' lang='lat' dir='ltr'><strong>nimirum</strong></span> <span class='ocrx_word' id='word_1_98' title='bbox 2257 1020 2497 1083; x_wconf 89' lang='lat' dir='ltr'><strong>divinae,</strong></span> <span class='ocrx_word' id='word_1_99' title='bbox 2544 1036 2654 1073; x_wconf 89' lang='lat' dir='ltr'><strong>non</strong></span> <span class='ocrx_word' id='word_1_100' title='bbox 2694 1019 2962 1083; x_wconf 86' lang='lat' dir='ltr'><strong>mortalis,</strong></span> <span class='ocrx_word' id='word_1_101' title='bbox 3003 1020 3177 1088; x_wconf 89' lang='lat' dir='ltr'><strong>prolis</strong></span> <span class='ocrx_word' id='word_1_102' title='bbox 3218 1018 3465 1088; x_wconf 90' lang='lat' dir='ltr'><strong>cupidae,</strong></span> <span class='ocrx_word' id='word_1_103' title='bbox 3508 1038 3651 1089; x_wconf 87' lang='lat' dir='ltr'><strong>quam</strong></span> <span class='ocrx_word' id='word_1_104' title='bbox 3690 1032 3797 1092; x_wconf 70' lang='lat' dir='ltr'><strong>solae</strong></span> 
     </span>
    </p>
   </div>
   <div class='ocr_carea' id='block_1_9' title="bbox 626 1109 3797 1192">
    <p class='ocr_par' dir='ltr' id='par_1_9' title="bbox 626 1109 3797 1192">
     <span class='ocr_line' id='line_1_9' title="bbox 626 1109 3797 1192; baseline -0.004 -15"><span class='ocrx_word' id='word_1_105' title='bbox 626 1125 736 1177; x_wconf 91' lang='lat' dir='ltr'><strong>Deo</strong></span> <span class='ocrx_word' id='word_1_106' title='bbox 769 1122 777 1192; x_wconf 91' lang='lat'><em>|</em></span> <span class='ocrx_word' id='word_1_107' title='bbox 808 1121 1003 1175; x_wconf 90' lang='lat' dir='ltr'><strong>charae</strong></span> <span class='ocrx_word' id='word_1_108' title='bbox 1028 1118 1239 1172; x_wconf 89' lang='lat' dir='ltr'><strong>animae</strong></span> <span class='ocrx_word' id='word_1_109' title='bbox 1264 1132 1331 1170; x_wconf 86' lang='lat' dir='ltr'><strong>ex</strong></span> <span class='ocrx_word' id='word_1_110' title='bbox 1354 1114 1549 1185; x_wconf 83' lang='lat' dir='ltr'><strong>seipsis</strong></span> <span class='ocrx_word' id='word_1_111' title='bbox 1571 1115 1812 1185; x_wconf 89' lang='lat' dir='ltr'><strong>pariunt,</strong></span> <span class='ocrx_word' id='word_1_112' title='bbox 1845 1111 2183 1181; x_wconf 83' lang='lat' dir='ltr'><strong>excipientes</strong></span> <span class='ocrx_word' id='word_1_113' title='bbox 2208 1127 2309 1181; x_wconf 91' lang='lat' dir='ltr'><strong>pro</strong></span> <span class='ocrx_word' id='word_1_114' title='bbox 2329 1110 2539 1165; x_wconf 89' lang='lat' dir='ltr'><strong>semine</strong></span> <span class='ocrx_word' id='word_1_115' title='bbox 2577 1109 2953 1180; x_wconf 89' lang='lat' dir='ltr'><strong>intelligibiles</strong></span> <span class='ocrx_word' id='word_1_116' title='bbox 2980 1110 3161 1164; x_wconf 84' lang='lat' dir='ltr'><strong>Patris</strong></span> <span class='ocrx_word' id='word_1_117' title='bbox 3198 1110 3401 1176; x_wconf 90' lang='lat' dir='ltr'><strong>radios,</strong></span> <span class='ocrx_word' id='word_1_118' title='bbox 3436 1119 3497 1165; x_wconf 93' lang='lat' dir='ltr'><strong>ut</strong></span> <span class='ocrx_word' id='word_1_119' title='bbox 3529 1111 3714 1175; x_wconf 83' lang='lat' dir='ltr'><strong>decreta</strong></span> <span class='ocrx_word' id='word_1_120' title='bbox 3735 1136 3797 1177; x_wconf 65' lang='lat' dir='ltr'><strong>sa.</strong></span> 
     </span>
    </p>
   </div>
   <div class='ocr_carea' id='block_1_10' title="bbox 626 1192 3798 1287">
    <p class='ocr_par' dir='ltr' id='par_1_10' title="bbox 626 1192 3798 1287">
     <span class='ocr_line' id='line_1_10' title="bbox 626 1192 3798 1287; baseline -0.005 -18"><span class='ocrx_word' id='word_1_121' title='bbox 626 1215 865 1287; x_wconf 89' lang='lat' dir='ltr'><strong>pientiae</strong></span> <span class='ocrx_word' id='word_1_122' title='bbox 893 1210 1313 1282; x_wconf 88' lang='lat' dir='ltr'><strong>contemplando</strong></span> <span class='ocrx_word' id='word_1_123' title='bbox 1338 1210 1620 1280; x_wconf 88' lang='lat' dir='ltr'><strong>percipere</strong></span> <span class='ocrx_word' id='word_1_124' title='bbox 1644 1209 1883 1263; x_wconf 90' lang='lat' dir='ltr'><strong>valeant.</strong></span> <span class='ocrx_word' id='word_1_125' title='bbox 1911 1205 2231 1261; x_wconf 91' lang='lat' dir='ltr'><strong>Discubitus</strong></span> <span class='ocrx_word' id='word_1_126' title='bbox 2256 1202 2329 1257; x_wconf 89' lang='lat' dir='ltr'><strong>ita</strong></span> <span class='ocrx_word' id='word_1_127' title='bbox 2362 1203 2735 1268; x_wconf 89' lang='lat' dir='ltr'><strong>distribuitur,</strong></span> <span class='ocrx_word' id='word_1_128' title='bbox 2756 1211 2819 1257; x_wconf 90' lang='lat' dir='ltr'><strong>ut</strong></span> <span class='ocrx_word' id='word_1_129' title='bbox 2851 1218 3099 1258; x_wconf 87' lang='lat' dir='ltr'><strong>seorsum</strong></span> <span class='ocrx_word' id='word_1_130' title='bbox 3122 1203 3225 1257; x_wconf 89' lang='lat' dir='ltr'><strong>viri</strong></span> <span class='ocrx_word' id='word_1_131' title='bbox 3249 1192 3499 1257; x_wconf 87' lang='lat' dir='ltr'><strong>dextrum</strong></span> <span class='ocrx_word' id='word_1_132' title='bbox 3530 1202 3671 1271; x_wconf 88' lang='lat' dir='ltr'><strong>latus,</strong></span> <span class='ocrx_word' id='word_1_133' title='bbox 3692 1223 3798 1264; x_wconf 64' lang='lat' dir='ltr'><strong>sem.</strong></span> 
     </span>
    </p>
   </div>
   <div class='ocr_carea' id='block_1_11' title="bbox 627 1301 3800 1373">
    <p class='ocr_par' dir='ltr' id='par_1_11' title="bbox 627 1301 3800 1373">
     <span class='ocr_line' id='line_1_11' title="bbox 627 1301 3800 1373; baseline -0.002 -6"><span class='ocrx_word' id='word_1_134' title='bbox 627 1328 746 1367; x_wconf 91' lang='lat' dir='ltr'><strong>sum</strong></span> <span class='ocrx_word' id='word_1_135' title='bbox 764 1311 1033 1365; x_wconf 87' lang='lat' dir='ltr'><strong>foeminae</strong></span> <span class='ocrx_word' id='word_1_136' title='bbox 1053 1309 1337 1363; x_wconf 89' lang='lat' dir='ltr'><strong>sinistrum</strong></span> <span class='ocrx_word' id='word_1_137' title='bbox 1358 1314 1597 1360; x_wconf 87' lang='lat' dir='ltr'><strong>teneant.</strong></span> <span class='ocrx_word' id='word_1_138' title='bbox 1626 1304 1781 1371; x_wconf 86' lang='lat' dir='ltr'><strong>Quod</strong></span> <span class='ocrx_word' id='word_1_139' title='bbox 1809 1304 1853 1357; x_wconf 92' lang='lat' dir='ltr'><strong>si</strong></span> <span class='ocrx_word' id='word_1_140' title='bbox 1880 1304 2005 1373; x_wconf 90' lang='lat' dir='ltr'><strong>quis</strong></span> <span class='ocrx_word' id='word_1_141' title='bbox 2021 1302 2352 1372; x_wconf 86' lang='lat' dir='ltr'><strong>suspicatur,</strong></span> <span class='ocrx_word' id='word_1_142' title='bbox 2381 1302 2718 1356; x_wconf 88' lang='lat' dir='ltr'><strong>lectisternia</strong></span> <span class='ocrx_word' id='word_1_143' title='bbox 2736 1301 2841 1355; x_wconf 89' lang='lat' dir='ltr'><strong>etsi</strong></span> <span class='ocrx_word' id='word_1_144' title='bbox 2864 1317 2973 1355; x_wconf 92' lang='lat' dir='ltr'><strong>non</strong></span> <span class='ocrx_word' id='word_1_145' title='bbox 2993 1308 3331 1370; x_wconf 89' lang='lat' dir='ltr'><strong>sumptuosa,</strong></span> <span class='ocrx_word' id='word_1_146' title='bbox 3352 1308 3501 1354; x_wconf 85' lang='lat' dir='ltr'><strong>certe</strong></span> <span class='ocrx_word' id='word_1_147' title='bbox 3524 1301 3800 1360; x_wconf 83' lang='lat' dir='ltr'><strong>molliuscula</strong></span> 
     </span>
    </p>
   </div>
   <div class='ocr_carea' id='block_1_12' title="bbox 630 1391 3801 1473">
    <p class='ocr_par' dir='ltr' id='par_1_12' title="bbox 630 1391 3801 1473">
     <span class='ocr_line' id='line_1_12' title="bbox 630 1391 3801 1473; baseline -0.002 -16"><span class='ocrx_word' id='word_1_148' title='bbox 630 1404 808 1473; x_wconf 91' lang='lat' dir='ltr'><strong>parari</strong></span> <span class='ocrx_word' id='word_1_149' title='bbox 841 1401 1157 1455; x_wconf 90' lang='lat' dir='ltr'><strong>hominibus</strong></span> <span class='ocrx_word' id='word_1_150' title='bbox 1179 1398 1432 1469; x_wconf 81' lang='lat' dir='ltr'><strong>ingenuis</strong></span> <span class='ocrx_word' id='word_1_151' title='bbox 1457 1404 1512 1450; x_wconf 92' lang='lat' dir='ltr'><strong>et</strong></span> <span class='ocrx_word' id='word_1_152' title='bbox 1543 1394 1919 1465; x_wconf 86' lang='lat' dir='ltr'><strong>philosophiae</strong></span> <span class='ocrx_word' id='word_1_153' title='bbox 1960 1393 2180 1457; x_wconf 89' lang='lat' dir='ltr'><strong>deditis,</strong></span> <span class='ocrx_word' id='word_1_154' title='bbox 2214 1391 2350 1445; x_wconf 88' lang='lat' dir='ltr'><strong>sciat</strong></span> <span class='ocrx_word' id='word_1_155' title='bbox 2384 1408 2505 1446; x_wconf 90' lang='lat' dir='ltr'><strong>esse</strong></span> <span class='ocrx_word' id='word_1_156' title='bbox 2538 1398 2745 1462; x_wconf 81' lang='lat' dir='ltr'><strong>tegetes</strong></span> <span class='ocrx_word' id='word_1_157' title='bbox 2775 1391 2939 1445; x_wconf 90' lang='lat' dir='ltr'><strong>rudes</strong></span> <span class='ocrx_word' id='word_1_158' title='bbox 2963 1406 2993 1446; x_wconf 93' lang='lat' dir='ltr'><strong>e</strong></span> <span class='ocrx_word' id='word_1_159' title='bbox 3026 1392 3119 1445; x_wconf 91' lang='lat' dir='ltr'><strong>vili</strong></span> <span class='ocrx_word' id='word_1_160' title='bbox 3145 1400 3421 1445; x_wconf 88' lang='lat' dir='ltr'><strong>contextas</strong></span> <span class='ocrx_word' id='word_1_161' title='bbox 3445 1394 3673 1459; x_wconf 81' lang='lat' dir='ltr'><strong>materia,</strong></span> <span class='ocrx_word' id='word_1_162' title='bbox 3693 1396 3801 1451; x_wconf 78' lang='lat' dir='ltr'><strong>vidc-</strong></span> 
     </span>
    </p>
   </div>
   <div class='ocr_carea' id='block_1_13' title="bbox 627 1482 3801 1566">
    <p class='ocr_par' dir='ltr' id='par_1_13' title="bbox 627 1482 3801 1566">
     <span class='ocr_line' id='line_1_13' title="bbox 627 1482 3801 1566; baseline -0.003 -13"><span class='ocrx_word' id='word_1_163' title='bbox 627 1499 758 1553; x_wconf 88' lang='lat' dir='ltr'><strong>licet</strong></span> <span class='ocrx_word' id='word_1_164' title='bbox 788 1512 818 1551; x_wconf 92' lang='lat' dir='ltr'><strong>e</strong></span> <span class='ocrx_word' id='word_1_165' title='bbox 842 1510 1045 1566; x_wconf 87' lang='lat' dir='ltr'><strong>papyro</strong></span> <span class='ocrx_word' id='word_1_166' title='bbox 1074 1492 1349 1563; x_wconf 82' lang='lat' dir='ltr'><strong>indigena,</strong></span> <span class='ocrx_word' id='word_1_167' title='bbox 1378 1490 1456 1543; x_wconf 91' lang='lat' dir='ltr'><strong>sic</strong></span> <span class='ocrx_word' id='word_1_168' title='bbox 1481 1488 1635 1542; x_wconf 90' lang='lat' dir='ltr'><strong>humi</strong></span> <span class='ocrx_word' id='word_1_169' title='bbox 1662 1494 1930 1557; x_wconf 87' lang='lat' dir='ltr'><strong>aggestas,</strong></span> <span class='ocrx_word' id='word_1_170' title='bbox 1966 1493 2026 1539; x_wconf 91' lang='lat' dir='ltr'><strong>ut</strong></span> <span class='ocrx_word' id='word_1_171' title='bbox 2046 1484 2340 1538; x_wconf 90' lang='lat' dir='ltr'><strong>eminendo</strong></span> <span class='ocrx_word' id='word_1_172' title='bbox 2364 1483 2592 1537; x_wconf 89' lang='lat' dir='ltr'><strong>fulciant</strong></span> <span class='ocrx_word' id='word_1_173' title='bbox 2616 1483 2852 1537; x_wconf 92' lang='lat' dir='ltr'><strong>cubitos.</strong></span> <span class='ocrx_word' id='word_1_174' title='bbox 2890 1482 3198 1537; x_wconf 83' lang='lat' dir='ltr'><strong>Remittunt</strong></span> <span class='ocrx_word' id='word_1_175' title='bbox 3233 1483 3379 1537; x_wconf 90' lang='lat' dir='ltr'><strong>enim</strong></span> <span class='ocrx_word' id='word_1_176' title='bbox 3406 1482 3673 1552; x_wconf 88' lang='lat' dir='ltr'><strong>paululum</strong></span> <span class='ocrx_word' id='word_1_177' title='bbox 3695 1489 3801 1544; x_wconf 84' lang='lat' dir='ltr'><strong>illam</strong></span> 
     </span>
    </p>
   </div>
   <div class='ocr_carea' id='block_1_14' title="bbox 627 1574 3801 1653">
    <p class='ocr_par' dir='ltr' id='par_1_14' title="bbox 627 1574 3801 1653">
     <span class='ocr_line' id='line_1_14' title="bbox 627 1574 3801 1653; baseline -0.002 -12"><span class='ocrx_word' id='word_1_178' title='bbox 627 1588 925 1643; x_wconf 89' lang='lat' dir='ltr'><strong>laconicam</strong></span> <span class='ocrx_word' id='word_1_179' title='bbox 952 1585 1274 1653; x_wconf 84' lang='lat' dir='ltr'><strong>dis&#39;ciplinae</strong></span> <span class='ocrx_word' id='word_1_180' title='bbox 1314 1579 1593 1642; x_wconf 88' lang='lat' dir='ltr'><strong>duritiam,</strong></span> <span class='ocrx_word' id='word_1_181' title='bbox 1631 1593 1848 1647; x_wconf 86' lang='lat' dir='ltr'><strong>semper</strong></span> <span class='ocrx_word' id='word_1_182' title='bbox 1903 1584 1959 1630; x_wconf 90' lang='lat' dir='ltr'><strong>et</strong></span> <span class='ocrx_word' id='word_1_183' title='bbox 2004 1576 2212 1645; x_wconf 89' lang='lat' dir='ltr'><strong>ubique</strong></span> <span class='ocrx_word' id='word_1_184' title='bbox 2252 1575 2548 1645; x_wconf 83' lang='lat' dir='ltr'><strong>probantes</strong></span> <span class='ocrx_word' id='word_1_185' title='bbox 2573 1574 2857 1628; x_wconf 87' lang='lat' dir='ltr'><strong>liberalem</strong></span> <span class='ocrx_word' id='word_1_186' title='bbox 2888 1574 3273 1643; x_wconf 83' lang='lat' dir='ltr'><strong>frugalitatem,</strong></span> <span class='ocrx_word' id='word_1_187' title='bbox 3302 1574 3430 1628; x_wconf 91' lang='lat' dir='ltr'><strong>totis</strong></span> <span class='ocrx_word' id='word_1_188' title='bbox 3458 1574 3657 1631; x_wconf 90' lang='lat' dir='ltr'><strong>viribus</strong></span> <span class='ocrx_word' id='word_1_189' title='bbox 3687 1594 3801 1635; x_wconf 59' lang='lat' dir='ltr'><strong>ater.</strong></span> 
     </span>
    </p>
   </div>
   <div class='ocr_carea' id='block_1_15' title="bbox 628 1669 3802 1748">
    <p class='ocr_par' dir='ltr' id='par_1_15' title="bbox 628 1669 3802 1748">
     <span class='ocr_line' id='line_1_15' title="bbox 628 1669 3802 1748; baseline -0.002 -13"><span class='ocrx_word' id='word_1_190' title='bbox 628 1680 799 1735; x_wconf 89' lang='lat' dir='ltr'><strong>sando</strong></span> <span class='ocrx_word' id='word_1_191' title='bbox 820 1680 1114 1748; x_wconf 86' lang='lat' dir='ltr'><strong>voluptatis</strong></span> <span class='ocrx_word' id='word_1_192' title='bbox 1136 1676 1440 1731; x_wconf 88' lang='lat' dir='ltr'><strong>illecebras.</strong></span> <span class='ocrx_word' id='word_1_193' title='bbox 1470 1694 1487 1724; x_wconf 77' lang='grc' dir='ltr'><strong><em>ι</em></strong></span> <span class='ocrx_word' id='word_1_194' title='bbox 1521 1675 1590 1728; x_wconf 86' lang='grc' dir='ltr'><strong>Ει</strong></span> <span class='ocrx_word' id='word_1_195' title='bbox 1614 1673 1777 1742; x_wconf 91' lang='lat' dir='ltr'><strong>paulo</strong></span> <span class='ocrx_word' id='word_1_196' title='bbox 1797 1680 1920 1741; x_wconf 91' lang='lat' dir='ltr'><strong>post</strong></span> <span class='ocrx_word' id='word_1_197' title='bbox 1945 1690 1957 1724; x_wconf 88' lang='lat'><strong>:</strong></span> <span class='ocrx_word' id='word_1_198' title='bbox 1991 1690 2008 1721; x_wconf 77' lang='grc' dir='ltr'>ι</span> <span class='ocrx_word' id='word_1_199' title='bbox 2046 1672 2245 1725; x_wconf 81' lang='lat' dir='ltr'><strong>Vinum</strong></span> <span class='ocrx_word' id='word_1_200' title='bbox 2280 1685 2377 1739; x_wconf 90' lang='lat' dir='ltr'><strong>per</strong></span> <span class='ocrx_word' id='word_1_201' title='bbox 2408 1670 2531 1724; x_wconf 89' lang='lat' dir='ltr'><strong>illos</strong></span> <span class='ocrx_word' id='word_1_202' title='bbox 2557 1669 2677 1723; x_wconf 89' lang='lat' dir='ltr'><strong>dies</strong></span> <span class='ocrx_word' id='word_1_203' title='bbox 2697 1685 2808 1724; x_wconf 91' lang='lat' dir='ltr'><strong>non</strong></span> <span class='ocrx_word' id='word_1_204' title='bbox 2835 1669 3151 1739; x_wconf 88' lang='lat' dir='ltr'><strong>praebetur,</strong></span> <span class='ocrx_word' id='word_1_205' title='bbox 3177 1669 3272 1724; x_wconf 88' lang='lat' dir='ltr'><strong>sed</strong></span> <span class='ocrx_word' id='word_1_206' title='bbox 3298 1684 3437 1739; x_wconf 89' lang='lat' dir='ltr'><strong>aqua</strong></span> <span class='ocrx_word' id='word_1_207' title='bbox 3464 1669 3802 1741; x_wconf 77' lang='lat' dir='ltr'><strong>limpidiss&#39;lna,</strong></span> 
     </span>
    </p>
   </div>
   <div class='ocr_carea' id='block_1_16' title="bbox 628 1765 3802 1845">
    <p class='ocr_par' dir='ltr' id='par_1_16' title="bbox 628 1765 3802 1845">
     <span class='ocr_line' id='line_1_16' title="bbox 628 1765 3802 1845; baseline -0.002 -15"><span class='ocrx_word' id='word_1_208' title='bbox 628 1776 826 1830; x_wconf 90' lang='lat' dir='ltr'><strong>ceteris</strong></span> <span class='ocrx_word' id='word_1_209' title='bbox 850 1774 1064 1845; x_wconf 87' lang='lat' dir='ltr'><strong>frigida,</strong></span> <span class='ocrx_word' id='word_1_210' title='bbox 1093 1772 1267 1827; x_wconf 90' lang='lat' dir='ltr'><strong>calida</strong></span> <span class='ocrx_word' id='word_1_211' title='bbox 1298 1786 1429 1824; x_wconf 91' lang='lat' dir='ltr'><strong>vero</strong></span> <span class='ocrx_word' id='word_1_212' title='bbox 1455 1770 1541 1823; x_wconf 93' lang='lat' dir='ltr'><strong>his</strong></span> <span class='ocrx_word' id='word_1_213' title='bbox 1569 1768 1664 1837; x_wconf 92' lang='lat' dir='ltr'><strong>qui</strong></span> <span class='ocrx_word' id='word_1_214' title='bbox 1697 1768 1839 1821; x_wconf 89' lang='lat' dir='ltr'><strong>inter</strong></span> <span class='ocrx_word' id='word_1_215' title='bbox 1867 1767 2111 1821; x_wconf 89' lang='lat' dir='ltr'><strong>seniores</strong></span> <span class='ocrx_word' id='word_1_216' title='bbox 2134 1773 2437 1819; x_wconf 80' lang='lat' dir='ltr'><strong>tractantur</strong></span> <span class='ocrx_word' id='word_1_217' title='bbox 2463 1765 2771 1820; x_wconf 90' lang='lat' dir='ltr'><strong>delicatius.</strong></span> <span class='ocrx_word' id='word_1_218' title='bbox 2807 1765 2989 1820; x_wconf 86' lang='lat' dir='ltr'><strong>Mensa</strong></span> <span class='ocrx_word' id='word_1_219' title='bbox 3014 1781 3150 1835; x_wconf 91' lang='lat' dir='ltr'><strong>pura</strong></span> <span class='ocrx_word' id='word_1_220' title='bbox 3176 1774 3261 1819; x_wconf 89' lang='lat' dir='ltr'><strong>est</strong></span> <span class='ocrx_word' id='word_1_221' title='bbox 3287 1780 3317 1819; x_wconf 92' lang='lat' dir='ltr'><strong>a</strong></span> <span class='ocrx_word' id='word_1_222' title='bbox 3340 1766 3584 1821; x_wconf 91' lang='lat' dir='ltr'><strong>cruentis</strong></span> <span class='ocrx_word' id='word_1_223' title='bbox 3605 1768 3802 1839; x_wconf 79' lang='lat' dir='ltr'><strong>dapibus.</strong></span> 
     </span>
    </p>
   </div>
   <div class='ocr_carea' id='block_1_17' title="bbox 627 1857 3809 1937">
    <p class='ocr_par' dir='ltr' id='par_1_17' title="bbox 627 1857 3809 1937">
     <span class='ocr_line' id='line_1_17' title="bbox 627 1857 3809 1937; baseline -0.002 -13"><span class='ocrx_word' id='word_1_224' title='bbox 627 1870 731 1924; x_wconf 87' lang='lat' dir='ltr'><strong>Pro</strong></span> <span class='ocrx_word' id='word_1_225' title='bbox 758 1869 880 1923; x_wconf 89' lang='lat' dir='ltr'><strong>cibo</strong></span> <span class='ocrx_word' id='word_1_226' title='bbox 899 1867 1055 1937; x_wconf 91' lang='lat' dir='ltr'><strong>panis</strong></span> <span class='ocrx_word' id='word_1_227' title='bbox 1076 1865 1389 1935; x_wconf 90' lang='lat' dir='ltr'><strong>apponitur,</strong></span> <span class='ocrx_word' id='word_1_228' title='bbox 1419 1864 1495 1917; x_wconf 91' lang='lat' dir='ltr'><strong>sal</strong></span> <span class='ocrx_word' id='word_1_229' title='bbox 1522 1878 1622 1932; x_wconf 91' lang='lat' dir='ltr'><strong>pro</strong></span> <span class='ocrx_word' id='word_1_230' title='bbox 1656 1860 1909 1924; x_wconf 90' lang='lat' dir='ltr'><strong>obsonio,</strong></span> <span class='ocrx_word' id='word_1_231' title='bbox 1938 1866 1994 1914; x_wconf 90' lang='lat' dir='ltr'><strong>et</strong></span> <span class='ocrx_word' id='word_1_232' title='bbox 2028 1874 2129 1929; x_wconf 91' lang='lat' dir='ltr'><strong>pro</strong></span> <span class='ocrx_word' id='word_1_233' title='bbox 2156 1858 2508 1913; x_wconf 88' lang='lat' dir='ltr'><strong>condimento</strong></span> <span class='ocrx_word' id='word_1_234' title='bbox 2532 1858 2800 1929; x_wconf 80' lang='lat' dir='ltr'><strong>hyssopus</strong></span> <span class='ocrx_word' id='word_1_235' title='bbox 2826 1857 2882 1910; x_wconf 92' lang='lat' dir='ltr'><strong>in</strong></span> <span class='ocrx_word' id='word_1_236' title='bbox 2904 1857 3262 1912; x_wconf 90' lang='lat' dir='ltr'><strong>delicatorum</strong></span> <span class='ocrx_word' id='word_1_237' title='bbox 3284 1857 3533 1928; x_wconf 79' lang='lat' dir='ltr'><strong>gratiam.</strong></span> <span class='ocrx_word' id='word_1_238' title='bbox 3558 1857 3809 1929; x_wconf 85' lang='lat' dir='ltr'><strong>Operantur</strong></span> 
     </span>
    </p>
   </div>
   <div class='ocr_carea' id='block_1_18' title="bbox 627 1953 3804 2024">
    <p class='ocr_par' dir='ltr' id='par_1_18' title="bbox 627 1953 3804 2024">
     <span class='ocr_line' id='line_1_18' title="bbox 627 1953 3804 2024; baseline -0.002 -5"><span class='ocrx_word' id='word_1_239' title='bbox 627 1966 773 2019; x_wconf 91' lang='lat' dir='ltr'><strong>enim</strong></span> <span class='ocrx_word' id='word_1_240' title='bbox 808 1974 867 2018; x_wconf 94' lang='lat' dir='ltr'><strong>ut</strong></span> <span class='ocrx_word' id='word_1_241' title='bbox 899 1962 1211 2017; x_wconf 88' lang='lat' dir='ltr'><strong>sacerdotes</strong></span> <span class='ocrx_word' id='word_1_242' title='bbox 1248 1960 1419 2014; x_wconf 86' lang='lat' dir='ltr'><strong>sacris</strong></span> <span class='ocrx_word' id='word_1_243' title='bbox 1442 1958 1746 2021; x_wconf 88' lang='lat' dir='ltr'><strong>abstemiis,</strong></span> <span class='ocrx_word' id='word_1_244' title='bbox 1773 1965 1887 2010; x_wconf 89' lang='lat' dir='ltr'><strong>tota</strong></span> <span class='ocrx_word' id='word_1_245' title='bbox 1925 1957 2107 2010; x_wconf 89' lang='lat' dir='ltr'><strong>victus</strong></span> <span class='ocrx_word' id='word_1_246' title='bbox 2152 1956 2361 2009; x_wconf 88' lang='lat' dir='ltr'><strong>ratione</strong></span> <span class='ocrx_word' id='word_1_247' title='bbox 2408 1954 2667 2024; x_wconf 88' lang='lat' dir='ltr'><strong>castigata</strong></span> <span class='ocrx_word' id='word_1_248' title='bbox 2704 1953 2772 2007; x_wconf 93' lang='lat' dir='ltr'><strong>ad</strong></span> <span class='ocrx_word' id='word_1_249' title='bbox 2807 1953 3037 2009; x_wconf 88' lang='lat' dir='ltr'><strong>eandem</strong></span> <span class='ocrx_word' id='word_1_250' title='bbox 3072 1953 3457 2024; x_wconf 85' lang='lat' dir='ltr'><strong>frugalitatem.</strong></span> <span class='ocrx_word' id='word_1_251' title='bbox 3497 1955 3628 2010; x_wconf 86' lang='lat' dir='ltr'><strong>Nam</strong></span> <span class='ocrx_word' id='word_1_252' title='bbox 3662 1958 3804 2013; x_wconf 89' lang='lat' dir='ltr'><strong>vinum</strong></span> 
     </span>
    </p>
   </div>
   <div class='ocr_carea' id='block_1_19' title="bbox 628 2045 3810 2127">
    <p class='ocr_par' dir='ltr' id='par_1_19' title="bbox 628 2045 3810 2127">
     <span class='ocr_line' id='line_1_19' title="bbox 628 2045 3810 2127; baseline -0.002 -15"><span class='ocrx_word' id='word_1_253' title='bbox 628 2058 831 2113; x_wconf 89' lang='lat' dir='ltr'><strong>habent</strong></span> <span class='ocrx_word' id='word_1_254' title='bbox 857 2073 955 2127; x_wconf 92' lang='lat' dir='ltr'><strong>pro</strong></span> <span class='ocrx_word' id='word_1_255' title='bbox 980 2071 1191 2110; x_wconf 88' lang='lat' dir='ltr'><strong>veneno</strong></span> <span class='ocrx_word' id='word_1_256' title='bbox 1218 2054 1477 2108; x_wconf 79' lang='lat' dir='ltr'><strong>afferente</strong></span> <span class='ocrx_word' id='word_1_257' title='bbox 1515 2050 1869 2113; x_wconf 84' lang='lat' dir='ltr'><strong>dementiam,</strong></span> <span class='ocrx_word' id='word_1_258' title='bbox 1897 2049 2141 2119; x_wconf 90' lang='lat' dir='ltr'><strong>opiparis</strong></span> <span class='ocrx_word' id='word_1_259' title='bbox 2164 2056 2346 2102; x_wconf 90' lang='lat' dir='ltr'><strong>autem</strong></span> <span class='ocrx_word' id='word_1_260' title='bbox 2378 2047 2626 2101; x_wconf 89' lang='lat' dir='ltr'><strong>obsoniis</strong></span> <span class='ocrx_word' id='word_1_261' title='bbox 2648 2046 2803 2100; x_wconf 89' lang='lat' dir='ltr'><strong>aiunt</strong></span> <span class='ocrx_word' id='word_1_262' title='bbox 2832 2045 3036 2100; x_wconf 90' lang='lat' dir='ltr'><strong>irritari</strong></span> <span class='ocrx_word' id='word_1_263' title='bbox 3076 2046 3598 2116; x_wconf 88' lang='lat' dir='ltr'><strong>concupiscentiam,</strong></span> <span class='ocrx_word' id='word_1_264' title='bbox 3624 2048 3810 2104; x_wconf 81' lang='lat' dir='ltr'><strong>belluam</strong></span> 
     </span>
    </p>
   </div>
   <div class='ocr_carea' id='block_1_20' title="bbox 630 2143 3811 2215">
    <p class='ocr_par' dir='ltr' id='par_1_20' title="bbox 630 2143 3811 2215">
     <span class='ocr_line' id='line_1_20' title="bbox 630 2143 3811 2215; baseline -0.003 -6"><span class='ocrx_word' id='word_1_265' title='bbox 630 2155 1058 2209; x_wconf 88' lang='lat' dir='ltr'><strong>insaturabilcm.</strong></span> <span class='ocrx_word' id='word_1_266' title='bbox 1086 2152 1229 2205; x_wconf 85' lang='lat' dir='ltr'><strong>Haec</strong></span> <span class='ocrx_word' id='word_1_267' title='bbox 1256 2158 1383 2205; x_wconf 90' lang='lat' dir='ltr'><strong>sunt</strong></span> <span class='ocrx_word' id='word_1_268' title='bbox 1415 2149 1638 2203; x_wconf 79' lang='lat' dir='ltr'><strong>exordia</strong></span> <span class='ocrx_word' id='word_1_269' title='bbox 1669 2147 1932 2201; x_wconf 86' lang='lat' dir='ltr'><strong>convivii.</strong></span> <span class='ocrx_word' id='word_1_270' title='bbox 1969 2166 1985 2197; x_wconf 75' lang='grc' dir='ltr'><strong><em>ι</em></strong></span> <span class='ocrx_word' id='word_1_271' title='bbox 2024 2146 2092 2199; x_wconf 86' lang='grc' dir='ltr'><strong>Ει</strong></span> <span class='ocrx_word' id='word_1_272' title='bbox 2125 2154 2249 2214; x_wconf 88' lang='lat' dir='ltr'><strong>post</strong></span> <span class='ocrx_word' id='word_1_273' title='bbox 2280 2161 2451 2215; x_wconf 89' lang='lat' dir='ltr'><strong>pauca</strong></span> <span class='ocrx_word' id='word_1_274' title='bbox 2486 2144 2739 2198; x_wconf 90' lang='lat' dir='ltr'><strong>subditur</strong></span> <span class='ocrx_word' id='word_1_275' title='bbox 2766 2160 2780 2196; x_wconf 91' lang='lat'>:</span> <span class='ocrx_word' id='word_1_276' title='bbox 2812 2162 2829 2194; x_wconf 88' lang='grc'><em>‹</em></span> <span class='ocrx_word' id='word_1_277' title='bbox 2857 2143 3248 2198; x_wconf 87' lang='lat' dir='ltr'><strong>Enarrationes</strong></span> <span class='ocrx_word' id='word_1_278' title='bbox 3278 2151 3459 2197; x_wconf 86' lang='lat' dir='ltr'><strong>autem</strong></span> <span class='ocrx_word' id='word_1_279' title='bbox 3491 2159 3742 2200; x_wconf 90' lang='lat' dir='ltr'><strong>sacrarum</strong></span> <span class='ocrx_word' id='word_1_280' title='bbox 3764 2149 3811 2200; x_wconf 83' lang='lat' dir='ltr'><strong>li-</strong></span> 
     </span>
    </p>
   </div>
   <div class='ocr_carea' id='block_1_21' title="bbox 632 2235 3814 2312">
    <p class='ocr_par' dir='ltr' id='par_1_21' title="bbox 632 2235 3814 2312">
     <span class='ocr_line' id='line_1_21' title="bbox 632 2235 3814 2312; baseline -0.003 -11"><span class='ocrx_word' id='word_1_281' title='bbox 632 2258 869 2301; x_wconf 89' lang='lat' dir='ltr'><strong>terarum</strong></span> <span class='ocrx_word' id='word_1_282' title='bbox 898 2253 1149 2299; x_wconf 89' lang='lat' dir='ltr'><strong>constant</strong></span> <span class='ocrx_word' id='word_1_283' title='bbox 1175 2261 1242 2299; x_wconf 86' lang='lat' dir='ltr'><strong>ex</strong></span> <span class='ocrx_word' id='word_1_284' title='bbox 1268 2242 1565 2312; x_wconf 88' lang='lat' dir='ltr'><strong>allegoriis.</strong></span> <span class='ocrx_word' id='word_1_285' title='bbox 1593 2240 1733 2295; x_wconf 88' lang='lat' dir='ltr'><strong>Nam</strong></span> <span class='ocrx_word' id='word_1_286' title='bbox 1762 2239 1820 2293; x_wconf 92' lang='lat' dir='ltr'><strong>hi</strong></span> <span class='ocrx_word' id='word_1_287' title='bbox 1841 2238 1946 2292; x_wconf 90' lang='lat' dir='ltr'><strong>viri</strong></span> <span class='ocrx_word' id='word_1_288' title='bbox 1981 2245 2148 2291; x_wconf 90' lang='lat' dir='ltr'><strong>totam</strong></span> <span class='ocrx_word' id='word_1_289' title='bbox 2176 2238 2351 2307; x_wconf 84' lang='lat' dir='ltr'><strong>legem</strong></span> <span class='ocrx_word' id='word_1_290' title='bbox 2377 2238 2692 2292; x_wconf 88' lang='lat' dir='ltr'><strong>existimant</strong></span> <span class='ocrx_word' id='word_1_291' title='bbox 2728 2237 2931 2291; x_wconf 90' lang='lat' dir='ltr'><strong>habere</strong></span> <span class='ocrx_word' id='word_1_292' title='bbox 2972 2235 3221 2290; x_wconf 87' lang='lat' dir='ltr'><strong>animalis</strong></span> <span class='ocrx_word' id='word_1_293' title='bbox 3252 2235 3678 2300; x_wconf 86' lang='lat' dir='ltr'><strong>similitudinem,</strong></span> <span class='ocrx_word' id='word_1_294' title='bbox 3708 2242 3814 2307; x_wconf 81' lang='lat' dir='ltr'><strong>quod</strong></span> 
     </span>
    </p>
   </div>
   <div class='ocr_carea' id='block_1_22' title="bbox 630 2326 3813 2410">
    <p class='ocr_par' dir='ltr' id='par_1_22' title="bbox 630 2326 3813 2410">
     <span class='ocr_line' id='line_1_22' title="bbox 630 2326 3813 2410; baseline -0.003 -18"><span class='ocrx_word' id='word_1_295' title='bbox 630 2347 919 2410; x_wconf 84' lang='lat' dir='ltr'><strong>praecepta</strong></span> <span class='ocrx_word' id='word_1_296' title='bbox 948 2352 1146 2406; x_wconf 89' lang='lat' dir='ltr'><strong>corpus</strong></span> <span class='ocrx_word' id='word_1_297' title='bbox 1174 2335 1436 2397; x_wconf 83' lang='lat' dir='ltr'><strong>referant,</strong></span> <span class='ocrx_word' id='word_1_298' title='bbox 1461 2332 1702 2387; x_wconf 89' lang='lat' dir='ltr'><strong>animam</strong></span> <span class='ocrx_word' id='word_1_299' title='bbox 1732 2345 1866 2385; x_wconf 89' lang='lat' dir='ltr'><strong>vero</strong></span> <span class='ocrx_word' id='word_1_300' title='bbox 1893 2328 2198 2384; x_wconf 84' lang='lat' dir='ltr'><strong>sententiae</strong></span> <span class='ocrx_word' id='word_1_301' title='bbox 2234 2328 2566 2382; x_wconf 90' lang='lat' dir='ltr'><strong>retrusiores</strong></span> <span class='ocrx_word' id='word_1_302' title='bbox 2610 2329 2711 2383; x_wconf 89' lang='lat' dir='ltr'><strong>sub</strong></span> <span class='ocrx_word' id='word_1_303' title='bbox 2739 2327 3011 2383; x_wconf 89' lang='lat' dir='ltr'><strong>velamine</strong></span> <span class='ocrx_word' id='word_1_304' title='bbox 3039 2326 3334 2381; x_wconf 91' lang='lat' dir='ltr'><strong>verborum</strong></span> <span class='ocrx_word' id='word_1_305' title='bbox 3373 2326 3611 2382; x_wconf 85' lang='lat' dir='ltr'><strong>abditae.</strong></span> <span class='ocrx_word' id='word_1_306' title='bbox 3652 2328 3704 2382; x_wconf 92' lang='lat' dir='ltr'><strong>ln</strong></span> <span class='ocrx_word' id='word_1_307' title='bbox 3725 2332 3813 2398; x_wconf 88' lang='lat' dir='ltr'><strong>qui-</strong></span> 
     </span>
    </p>
   </div>
   <div class='ocr_carea' id='block_1_23' title="bbox 628 2421 3819 2498">
    <p class='ocr_par' dir='ltr' id='par_1_23' title="bbox 628 2421 3819 2498">
     <span class='ocr_line' id='line_1_23' title="bbox 628 2421 3819 2498; baseline -0.003 -12"><span class='ocrx_word' id='word_1_308' title='bbox 628 2433 732 2486; x_wconf 92' lang='lat' dir='ltr'><strong>bus</strong></span> <span class='ocrx_word' id='word_1_309' title='bbox 761 2432 1044 2485; x_wconf 86' lang='lat' dir='ltr'><strong>rationalis</strong></span> <span class='ocrx_word' id='word_1_310' title='bbox 1061 2430 1241 2484; x_wconf 87' lang='lat' dir='ltr'><strong>anima</strong></span> <span class='ocrx_word' id='word_1_311' title='bbox 1263 2428 1482 2498; x_wconf 86' lang='lat' dir='ltr'><strong>egregie</strong></span> <span class='ocrx_word' id='word_1_312' title='bbox 1509 2426 1745 2497; x_wconf 87' lang='lat' dir='ltr'><strong>seipsam</strong></span> <span class='ocrx_word' id='word_1_313' title='bbox 1770 2426 2173 2493; x_wconf 86' lang='lat' dir='ltr'><strong>contemplatur</strong></span> <span class='ocrx_word' id='word_1_314' title='bbox 2196 2432 2452 2493; x_wconf 89' lang='lat' dir='ltr'><strong>tanquam</strong></span> <span class='ocrx_word' id='word_1_315' title='bbox 2482 2424 2536 2477; x_wconf 89' lang='lat' dir='ltr'><strong>in</strong></span> <span class='ocrx_word' id='word_1_316' title='bbox 2563 2424 2804 2493; x_wconf 91' lang='lat' dir='ltr'><strong>speculo,</strong></span> <span class='ocrx_word' id='word_1_317' title='bbox 2835 2423 2935 2477; x_wconf 90' lang='lat' dir='ltr'><strong>sub</strong></span> <span class='ocrx_word' id='word_1_318' title='bbox 2962 2422 3049 2477; x_wconf 91' lang='lat' dir='ltr'><strong>his</strong></span> <span class='ocrx_word' id='word_1_319' title='bbox 3070 2422 3202 2492; x_wconf 89' lang='lat' dir='ltr'><strong>ipsis</strong></span> <span class='ocrx_word' id='word_1_320' title='bbox 3228 2421 3411 2477; x_wconf 89' lang='lat' dir='ltr'><strong>verbis</strong></span> <span class='ocrx_word' id='word_1_321' title='bbox 3430 2422 3627 2475; x_wconf 91' lang='lat' dir='ltr'><strong>miram</strong></span> <span class='ocrx_word' id='word_1_322' title='bbox 3649 2432 3819 2477; x_wconf 50' lang='lat' dir='ltr'><strong>sentcnc</strong></span> 
     </span>
    </p>
   </div>
   <div class='ocr_carea' id='block_1_24' title="bbox 628 2512 3816 2590">
    <p class='ocr_par' dir='ltr' id='par_1_24' title="bbox 628 2512 3816 2590">
     <span class='ocr_line' id='line_1_24' title="bbox 628 2512 3816 2590; baseline -0.003 -15"><span class='ocrx_word' id='word_1_323' title='bbox 628 2522 826 2575; x_wconf 90' lang='lat' dir='ltr'><strong>tiarum</strong></span> <span class='ocrx_word' id='word_1_324' title='bbox 869 2520 1341 2590; x_wconf 85' lang='lat' dir='ltr'><strong>pulchritudinem</strong></span> <span class='ocrx_word' id='word_1_325' title='bbox 1370 2517 1719 2587; x_wconf 85' lang='lat' dir='ltr'><strong>conspiciens</strong></span> <span class='ocrx_word' id='word_1_326' title='bbox 1746 2524 1801 2572; x_wconf 91' lang='lat' dir='ltr'><strong>et</strong></span> <span class='ocrx_word' id='word_1_327' title='bbox 1829 2517 2107 2586; x_wconf 83' lang='lat' dir='ltr'><strong>explicans</strong></span> <span class='ocrx_word' id='word_1_328' title='bbox 2151 2531 2182 2569; x_wconf 90' lang='lat' dir='ltr'><strong>e</strong></span> <span class='ocrx_word' id='word_1_329' title='bbox 2226 2515 2335 2585; x_wconf 87' lang='lat' dir='ltr'><strong>ﬁgu</strong></span> <span class='ocrx_word' id='word_1_330' title='bbox 2368 2516 2377 2586; x_wconf 83' lang='grc' dir='ltr'>ι</span> <span class='ocrx_word' id='word_1_331' title='bbox 2410 2532 2593 2569; x_wconf 91' lang='lat' dir='ltr'><strong>rarum</strong></span> <span class='ocrx_word' id='word_1_332' title='bbox 2645 2515 2963 2579; x_wconf 90' lang='lat' dir='ltr'><strong>involucris,</strong></span> <span class='ocrx_word' id='word_1_333' title='bbox 3015 2524 3178 2583; x_wconf 88' lang='lat' dir='ltr'><strong>atque</strong></span> <span class='ocrx_word' id='word_1_334' title='bbox 3218 2514 3293 2568; x_wconf 88' lang='lat' dir='ltr'><strong>ita</strong></span> <span class='ocrx_word' id='word_1_335' title='bbox 3335 2512 3661 2583; x_wconf 87' lang='lat' dir='ltr'><strong>penitiorem</strong></span> <span class='ocrx_word' id='word_1_336' title='bbox 3693 2515 3816 2569; x_wconf 88' lang='lat' dir='ltr'><strong>inth-</strong></span> 
     </span>
    </p>
   </div>
   <div class='ocr_carea' id='block_1_25' title="bbox 626 2606 3821 2679">
    <p class='ocr_par' dir='ltr' id='par_1_25' title="bbox 626 2606 3821 2679">
     <span class='ocr_line' id='line_1_25' title="bbox 626 2606 3821 2679; baseline -0.001 -14"><span class='ocrx_word' id='word_1_337' title='bbox 626 2612 829 2669; x_wconf 76' lang='lat' dir='ltr'><strong>lectum</strong></span> <span class='ocrx_word' id='word_1_338' title='bbox 857 2613 909 2665; x_wconf 90' lang='lat' dir='ltr'><strong>in</strong></span> <span class='ocrx_word' id='word_1_339' title='bbox 948 2613 1125 2666; x_wconf 88' lang='lat' dir='ltr'><strong>lucem</strong></span> <span class='ocrx_word' id='word_1_340' title='bbox 1152 2610 1460 2679; x_wconf 85' lang='lat' dir='ltr'><strong>producens</strong></span> <span class='ocrx_word' id='word_1_341' title='bbox 1492 2608 1757 2663; x_wconf 83' lang='lat' dir='ltr'><strong>duntaxat</strong></span> <span class='ocrx_word' id='word_1_342' title='bbox 1783 2608 1925 2678; x_wconf 91' lang='lat' dir='ltr'><strong>apud</strong></span> <span class='ocrx_word' id='word_1_343' title='bbox 1955 2622 2069 2672; x_wconf 89' lang='lat' dir='ltr'><strong>eos,</strong></span> <span class='ocrx_word' id='word_1_344' title='bbox 2094 2606 2188 2676; x_wconf 85' lang='lat' dir='ltr'><strong>qui</strong></span> <span class='ocrx_word' id='word_1_345' title='bbox 2218 2622 2316 2675; x_wconf 90' lang='lat' dir='ltr'><strong>per</strong></span> <span class='ocrx_word' id='word_1_346' title='bbox 2350 2608 2694 2660; x_wconf 82' lang='lat' dir='ltr'><strong>occasionem</strong></span> <span class='ocrx_word' id='word_1_347' title='bbox 2729 2606 2997 2661; x_wconf 88' lang='lat' dir='ltr'><strong>admoniti</strong></span> <span class='ocrx_word' id='word_1_348' title='bbox 3045 2607 3228 2671; x_wconf 87' lang='lat' dir='ltr'><strong>sciunt</strong></span> <span class='ocrx_word' id='word_1_349' title='bbox 3270 2606 3510 2661; x_wconf 91' lang='lat' dir='ltr'><strong>obscura</strong></span> <span class='ocrx_word' id='word_1_350' title='bbox 3554 2622 3621 2661; x_wconf 86' lang='lat' dir='ltr'><strong>ex</strong></span> <span class='ocrx_word' id='word_1_351' title='bbox 3660 2610 3821 2679; x_wconf 85' lang='lat' dir='ltr'><strong>apertis</strong></span> 
     </span>
    </p>
   </div>
   <div class='ocr_carea' id='block_1_26' title="bbox 626 2698 3818 2778">
    <p class='ocr_par' dir='ltr' id='par_1_26' title="bbox 626 2698 3818 2778">
     <span class='ocr_line' id='line_1_26' title="bbox 626 2698 3818 2778; baseline -0.002 -16"><span class='ocrx_word' id='word_1_352' title='bbox 626 2709 902 2778; x_wconf 86' lang='lat' dir='ltr'><strong>colligere.</strong></span> <span class='ocrx_word' id='word_1_353' title='bbox 932 2706 1033 2762; x_wconf 88' lang='lat' dir='ltr'><strong>Ubi</strong></span> <span class='ocrx_word' id='word_1_354' title='bbox 1062 2719 1194 2758; x_wconf 88' lang='lat' dir='ltr'><strong>vero</strong></span> <span class='ocrx_word' id='word_1_355' title='bbox 1223 2719 1442 2773; x_wconf 87' lang='lat' dir='ltr'><strong>praeses</strong></span> <span class='ocrx_word' id='word_1_356' title='bbox 1465 2702 1616 2757; x_wconf 88' lang='lat' dir='ltr'><strong>visus</strong></span> <span class='ocrx_word' id='word_1_357' title='bbox 1637 2710 1722 2757; x_wconf 90' lang='lat' dir='ltr'><strong>est</strong></span> <span class='ocrx_word' id='word_1_358' title='bbox 1746 2718 1861 2756; x_wconf 91' lang='lat' dir='ltr'><strong>rem</strong></span> <span class='ocrx_word' id='word_1_359' title='bbox 1889 2702 2029 2756; x_wconf 89' lang='lat' dir='ltr'><strong>bene</strong></span> <span class='ocrx_word' id='word_1_360' title='bbox 2072 2700 2359 2755; x_wconf 88' lang='lat' dir='ltr'><strong>tractando</strong></span> <span class='ocrx_word' id='word_1_361' title='bbox 2406 2701 2734 2756; x_wconf 86' lang='lat' dir='ltr'><strong>satisfecisse</strong></span> <span class='ocrx_word' id='word_1_362' title='bbox 2773 2701 3087 2756; x_wconf 89' lang='lat' dir='ltr'><strong>auditorum</strong></span> <span class='ocrx_word' id='word_1_363' title='bbox 3117 2698 3414 2765; x_wconf 88' lang='lat' dir='ltr'><strong>desiderio,</strong></span> <span class='ocrx_word' id='word_1_364' title='bbox 3459 2702 3682 2771; x_wconf 90' lang='lat' dir='ltr'><strong>plausus</strong></span> <span class='ocrx_word' id='word_1_365' title='bbox 3722 2719 3818 2772; x_wconf 81' lang='lat' dir='ltr'><strong>pro-</strong></span> 
     </span>
    </p>
   </div>
   <div class='ocr_carea' id='block_1_27' title="bbox 626 2798 3822 2871">
    <p class='ocr_par' dir='ltr' id='par_1_27' title="bbox 626 2798 3822 2871">
     <span class='ocr_line' id='line_1_27' title="bbox 626 2798 3822 2871; baseline -0.001 -15"><span class='ocrx_word' id='word_1_366' title='bbox 626 2803 803 2871; x_wconf 90' lang='lat' dir='ltr'><strong>palam</strong></span> <span class='ocrx_word' id='word_1_367' title='bbox 828 2802 1012 2855; x_wconf 90' lang='lat' dir='ltr'><strong>editur</strong></span> <span class='ocrx_word' id='word_1_368' title='bbox 1040 2800 1106 2854; x_wconf 93' lang='lat' dir='ltr'><strong>ab</strong></span> <span class='ocrx_word' id='word_1_369' title='bbox 1134 2799 1409 2853; x_wconf 89' lang='lat' dir='ltr'><strong>omnibus.</strong></span> <span class='ocrx_word' id='word_1_370' title='bbox 1441 2798 1579 2852; x_wconf 90' lang='lat' dir='ltr'><strong>Tum</strong></span> <span class='ocrx_word' id='word_1_371' title='bbox 1608 2799 1697 2853; x_wconf 90' lang='lat' dir='ltr'><strong>ille</strong></span> <span class='ocrx_word' id='word_1_372' title='bbox 1731 2814 2021 2869; x_wconf 86' lang='lat' dir='ltr'><strong>assurgens</strong></span> <span class='ocrx_word' id='word_1_373' title='bbox 2052 2798 2314 2869; x_wconf 81' lang='lat' dir='ltr'><strong>hymnum</strong></span> <span class='ocrx_word' id='word_1_374' title='bbox 2342 2798 2399 2851; x_wconf 91' lang='lat' dir='ltr'><strong>in</strong></span> <span class='ocrx_word' id='word_1_375' title='bbox 2432 2798 2645 2851; x_wconf 87' lang='lat' dir='ltr'><strong>laudem</strong></span> <span class='ocrx_word' id='word_1_376' title='bbox 2670 2798 2765 2852; x_wconf 89' lang='lat' dir='ltr'><strong>Dei</strong></span> <span class='ocrx_word' id='word_1_377' title='bbox 2807 2799 3017 2867; x_wconf 89' lang='lat' dir='ltr'><strong>primus</strong></span> <span class='ocrx_word' id='word_1_378' title='bbox 3041 2800 3207 2864; x_wconf 89' lang='lat' dir='ltr'><strong>canit,</strong></span> <span class='ocrx_word' id='word_1_379' title='bbox 3230 2808 3326 2852; x_wconf 91' lang='lat' dir='ltr'><strong>aut</strong></span> <span class='ocrx_word' id='word_1_380' title='bbox 3352 2814 3551 2853; x_wconf 91' lang='lat' dir='ltr'><strong>recens</strong></span> <span class='ocrx_word' id='word_1_381' title='bbox 3583 2814 3612 2852; x_wconf 90' lang='lat' dir='ltr'><strong>a</strong></span> <span class='ocrx_word' id='word_1_382' title='bbox 3633 2815 3685 2853; x_wconf 89' lang='lat' dir='ltr'><strong>se</strong></span> <span class='ocrx_word' id='word_1_383' title='bbox 3710 2816 3822 2853; x_wconf 86' lang='lat' dir='ltr'><strong>com-</strong></span> 
     </span>
    </p>
   </div>
   <div class='ocr_carea' id='block_1_28' title="bbox 626 2893 3820 2964">
    <p class='ocr_par' dir='ltr' id='par_1_28' title="bbox 626 2893 3820 2964">
     <span class='ocr_line' id='line_1_28' title="bbox 626 2893 3820 2964; baseline 0 -17"><span class='ocrx_word' id='word_1_384' title='bbox 626 2897 884 2964; x_wconf 86' lang='lat' dir='ltr'><strong>positum,</strong></span> <span class='ocrx_word' id='word_1_385' title='bbox 942 2905 1036 2948; x_wconf 91' lang='lat' dir='ltr'><strong>aut</strong></span> <span class='ocrx_word' id='word_1_386' title='bbox 1096 2895 1444 2964; x_wconf 87' lang='lat' dir='ltr'><strong>desumptum</strong></span> <span class='ocrx_word' id='word_1_387' title='bbox 1505 2895 1573 2947; x_wconf 91' lang='lat' dir='ltr'><strong>ab</strong></span> <span class='ocrx_word' id='word_1_388' title='bbox 1621 2894 1805 2963; x_wconf 91' lang='lat' dir='ltr'><strong>aliquo</strong></span> <span class='ocrx_word' id='word_1_389' title='bbox 1847 2904 2031 2948; x_wconf 91' lang='lat' dir='ltr'><strong>vatum</strong></span> <span class='ocrx_word' id='word_1_390' title='bbox 2077 2902 2343 2948; x_wconf 88' lang='lat' dir='ltr'><strong>veterum.</strong></span> <span class='ocrx_word' id='word_1_391' title='bbox 2412 2894 2639 2947; x_wconf 81' lang='lat' dir='ltr'><strong>Exstant</strong></span> <span class='ocrx_word' id='word_1_392' title='bbox 2682 2893 2832 2947; x_wconf 90' lang='lat' dir='ltr'><strong>enim</strong></span> <span class='ocrx_word' id='word_1_393' title='bbox 2893 2894 3059 2948; x_wconf 90' lang='lat' dir='ltr'><strong>huius</strong></span> <span class='ocrx_word' id='word_1_394' title='bbox 3107 2893 3326 2964; x_wconf 89' lang='lat' dir='ltr'><strong>generis</strong></span> <span class='ocrx_word' id='word_1_395' title='bbox 3375 2895 3624 2948; x_wconf 89' lang='lat' dir='ltr'><strong>carmina</strong></span> <span class='ocrx_word' id='word_1_396' title='bbox 3666 2896 3820 2964; x_wconf 73' lang='lat' dir='ltr'><strong>prisci.</strong></span> 
     </span>
    </p>
   </div>
   <div class='ocr_carea' id='block_1_29' title="bbox 624 2983 3823 3057">
    <p class='ocr_par' dir='ltr' id='par_1_29' title="bbox 624 2983 3823 3057">
     <span class='ocr_line' id='line_1_29' title="bbox 624 2983 3823 3057; baseline -0.001 -18"><span class='ocrx_word' id='word_1_397' title='bbox 624 3004 784 3042; x_wconf 81' lang='lat' dir='ltr'><strong>versu</strong></span> <span class='ocrx_word' id='word_1_398' title='bbox 837 2988 1107 3049; x_wconf 82' lang='lat' dir='ltr'><strong>trimetro,</strong></span> <span class='ocrx_word' id='word_1_399' title='bbox 1158 2994 1213 3039; x_wconf 92' lang='lat' dir='ltr'><strong>et</strong></span> <span class='ocrx_word' id='word_1_400' title='bbox 1271 2984 1460 3057; x_wconf 77' lang='lat' dir='ltr'><strong>hymni</strong></span> <span class='ocrx_word' id='word_1_401' title='bbox 1509 3000 1634 3038; x_wconf 91' lang='lat' dir='ltr'><strong>cum</strong></span> <span class='ocrx_word' id='word_1_402' title='bbox 1681 2985 1797 3039; x_wconf 88' lang='lat' dir='ltr'><strong>suis</strong></span> <span class='ocrx_word' id='word_1_403' title='bbox 1843 2984 2164 3039; x_wconf 88' lang='lat' dir='ltr'><strong>accentibus</strong></span> <span class='ocrx_word' id='word_1_404' title='bbox 2213 2986 2357 3037; x_wconf 88' lang='lat' dir='ltr'><strong>inter</strong></span> <span class='ocrx_word' id='word_1_405' title='bbox 2406 2998 2559 3037; x_wconf 90' lang='lat' dir='ltr'><strong>sacra</strong></span> <span class='ocrx_word' id='word_1_406' title='bbox 2611 2983 2840 3039; x_wconf 89' lang='lat' dir='ltr'><strong>canendi</strong></span> <span class='ocrx_word' id='word_1_407' title='bbox 2911 2991 3034 3038; x_wconf 87' lang='lat' dir='ltr'><strong>ante</strong></span> <span class='ocrx_word' id='word_1_408' title='bbox 3076 2984 3291 3048; x_wconf 92' lang='lat' dir='ltr'><strong>altaria,</strong></span> <span class='ocrx_word' id='word_1_409' title='bbox 3340 2984 3428 3038; x_wconf 91' lang='lat' dir='ltr'><strong>vel</strong></span> <span class='ocrx_word' id='word_1_410' title='bbox 3488 2998 3522 3037; x_wconf 90' lang='lat' dir='ltr'><strong>a</strong></span> <span class='ocrx_word' id='word_1_411' title='bbox 3578 2985 3823 3045; x_wconf 83' lang='lat' dir='ltr'><strong>stantibus,</strong></span> 
     </span>
    </p>
   </div>
   <div class='ocr_carea' id='block_1_30' title="bbox 624 3074 3823 3142">
    <p class='ocr_par' dir='ltr' id='par_1_30' title="bbox 624 3074 3823 3142">
     <span class='ocr_line' id='line_1_30' title="bbox 624 3074 3823 3142; baseline -0.001 -12"><span class='ocrx_word' id='word_1_412' title='bbox 624 3079 709 3132; x_wconf 88' lang='lat' dir='ltr'><strong>vel</strong></span> <span class='ocrx_word' id='word_1_413' title='bbox 778 3094 808 3131; x_wconf 90' lang='lat' dir='ltr'><strong>a</strong></span> <span class='ocrx_word' id='word_1_414' title='bbox 873 3077 1101 3130; x_wconf 83' lang='lat' dir='ltr'><strong>choreas</strong></span> <span class='ocrx_word' id='word_1_415' title='bbox 1165 3075 1495 3129; x_wconf 89' lang='lat' dir='ltr'><strong>ducentibus</strong></span> <span class='ocrx_word' id='word_1_416' title='bbox 1559 3074 1869 3129; x_wconf 88' lang='lat' dir='ltr'><strong>moderatas</strong></span> <span class='ocrx_word' id='word_1_417' title='bbox 1937 3075 2105 3128; x_wconf 89' lang='lat' dir='ltr'><strong>variis</strong></span> <span class='ocrx_word' id='word_1_418' title='bbox 2170 3074 2403 3129; x_wconf 78' lang='lat' dir='ltr'><strong>flexibus</strong></span> <span class='ocrx_word' id='word_1_419' title='bbox 2472 3082 2637 3142; x_wconf 89' lang='lat' dir='ltr'><strong>atque</strong></span> <span class='ocrx_word' id='word_1_420' title='bbox 2701 3074 3014 3128; x_wconf 86' lang='lat' dir='ltr'><strong>rcilexibus.</strong></span> <span class='ocrx_word' id='word_1_421' title='bbox 3061 3075 3371 3129; x_wconf 89' lang='lat' dir='ltr'><strong>Praesulem</strong></span> <span class='ocrx_word' id='word_1_422' title='bbox 3406 3089 3540 3129; x_wconf 88' lang='lat' dir='ltr'><strong>mox</strong></span> <span class='ocrx_word' id='word_1_423' title='bbox 3587 3076 3823 3129; x_wconf 87' lang='lat' dir='ltr'><strong>imitantur</strong></span> 
     </span>
    </p>
   </div>
   <div class='ocr_carea' id='block_1_31' title="bbox 626 3165 3825 3236">
    <p class='ocr_par' dir='ltr' id='par_1_31' title="bbox 626 3165 3825 3236">
     <span class='ocr_line' id='line_1_31' title="bbox 626 3165 3825 3236; baseline -0.002 -13"><span class='ocrx_word' id='word_1_424' title='bbox 626 3169 796 3224; x_wconf 88' lang='lat' dir='ltr'><strong>ceteri</strong></span> <span class='ocrx_word' id='word_1_425' title='bbox 858 3168 1075 3222; x_wconf 84' lang='lat' dir='ltr'><strong>decenti</strong></span> <span class='ocrx_word' id='word_1_426' title='bbox 1157 3168 1395 3231; x_wconf 85' lang='lat' dir='ltr'><strong>ordine,</strong></span> <span class='ocrx_word' id='word_1_427' title='bbox 1445 3167 1701 3221; x_wconf 89' lang='lat' dir='ltr'><strong>omnibus</strong></span> <span class='ocrx_word' id='word_1_428' title='bbox 1756 3166 1963 3220; x_wconf 84' lang='lat' dir='ltr'><strong>intente</strong></span> <span class='ocrx_word' id='word_1_429' title='bbox 2033 3165 2327 3235; x_wconf 85' lang='lat' dir='ltr'><strong>quieteque</strong></span> <span class='ocrx_word' id='word_1_430' title='bbox 2399 3165 2868 3231; x_wconf 87' lang='lat' dir='ltr'><strong>auscultantibus,</strong></span> <span class='ocrx_word' id='word_1_431' title='bbox 2935 3175 3314 3235; x_wconf 89' lang='lat' dir='ltr'><strong>praeterquam</strong></span> <span class='ocrx_word' id='word_1_432' title='bbox 3373 3166 3431 3219; x_wconf 90' lang='lat' dir='ltr'><strong>in</strong></span> <span class='ocrx_word' id='word_1_433' title='bbox 3503 3166 3613 3220; x_wconf 86' lang='lat' dir='ltr'><strong>ﬁne</strong></span> <span class='ocrx_word' id='word_1_434' title='bbox 3682 3166 3825 3236; x_wconf 55' lang='lat' dir='ltr'><strong>hymni</strong></span> 
     </span>
    </p>
   </div>
   <div class='ocr_carea' id='block_1_32' title="bbox 625 3257 3824 3328">
    <p class='ocr_par' dir='ltr' id='par_1_32' title="bbox 625 3257 3824 3328">
     <span class='ocr_line' id='line_1_32' title="bbox 625 3257 3824 3328; baseline -0.003 -13"><span class='ocrx_word' id='word_1_435' title='bbox 625 3270 975 3328; x_wconf 83' lang='lat' dir='ltr'><strong>extremaque</strong></span> <span class='ocrx_word' id='word_1_436' title='bbox 1051 3261 1309 3314; x_wconf 89' lang='lat' dir='ltr'><strong>clausula.</strong></span> <span class='ocrx_word' id='word_1_437' title='bbox 1381 3260 1536 3314; x_wconf 90' lang='lat' dir='ltr'><strong>Tunc</strong></span> <span class='ocrx_word' id='word_1_438' title='bbox 1604 3261 1749 3313; x_wconf 91' lang='lat' dir='ltr'><strong>enim</strong></span> <span class='ocrx_word' id='word_1_439' title='bbox 1812 3257 2051 3312; x_wconf 89' lang='lat' dir='ltr'><strong>universi</strong></span> <span class='ocrx_word' id='word_1_440' title='bbox 2120 3273 2312 3311; x_wconf 83' lang='lat' dir='ltr'><strong>vocem</strong></span> <span class='ocrx_word' id='word_1_441' title='bbox 2363 3259 2661 3323; x_wconf 89' lang='lat' dir='ltr'><strong>extollunt,</strong></span> <span class='ocrx_word' id='word_1_442' title='bbox 2739 3258 2855 3312; x_wconf 87' lang='lat' dir='ltr'><strong>sine</strong></span> <span class='ocrx_word' id='word_1_443' title='bbox 2912 3274 3072 3313; x_wconf 83' lang='lat' dir='ltr'><strong>sexus</strong></span> <span class='ocrx_word' id='word_1_444' title='bbox 3134 3258 3472 3313; x_wconf 89' lang='lat' dir='ltr'><strong>discrimine.</strong></span> <span class='ocrx_word' id='word_1_445' title='bbox 3529 3276 3548 3309; x_wconf 73' lang='grc' dir='ltr'><strong><em>ι</em></strong></span> <span class='ocrx_word' id='word_1_446' title='bbox 3596 3258 3695 3311; x_wconf 84' lang='lat' dir='ltr'><strong>Ista</strong></span> <span class='ocrx_word' id='word_1_447' title='bbox 3734 3266 3824 3310; x_wconf 87' lang='lat' dir='ltr'><strong>sunt</strong></span> 
     </span>
    </p>
   </div>
   <div class='ocr_carea' id='block_1_33' title="bbox 627 3349 3827 3421">
    <p class='ocr_par' dir='ltr' id='par_1_33' title="bbox 627 3349 3827 3421">
     <span class='ocr_line' id='line_1_33' title="bbox 627 3349 3827 3421; baseline -0.001 -15"><span class='ocrx_word' id='word_1_448' title='bbox 627 3352 871 3406; x_wconf 79' lang='lat' dir='ltr'><strong>Philonis</strong></span> <span class='ocrx_word' id='word_1_449' title='bbox 892 3352 1073 3405; x_wconf 88' lang='lat' dir='ltr'><strong>verba.</strong></span> <span class='ocrx_word' id='word_1_450' title='bbox 1104 3351 1251 3417; x_wconf 86' lang='lat' dir='ltr'><strong>Quae</strong></span> <span class='ocrx_word' id='word_1_451' title='bbox 1273 3359 1539 3421; x_wconf 90' lang='lat' dir='ltr'><strong>quantum</strong></span> <span class='ocrx_word' id='word_1_452' title='bbox 1588 3350 1655 3404; x_wconf 91' lang='lat' dir='ltr'><strong>ad</strong></span> <span class='ocrx_word' id='word_1_453' title='bbox 1697 3350 2015 3420; x_wconf 87' lang='lat' dir='ltr'><strong>religionem</strong></span> <span class='ocrx_word' id='word_1_454' title='bbox 2051 3349 2405 3404; x_wconf 76' lang='lat' dir='ltr'><strong>christianum</strong></span> <span class='ocrx_word' id='word_1_455' title='bbox 2451 3358 2506 3404; x_wconf 90' lang='lat' dir='ltr'><strong>et</strong></span> <span class='ocrx_word' id='word_1_456' title='bbox 2534 3350 2957 3404; x_wconf 88' lang='lat' dir='ltr'><strong>ecclesiasticum</strong></span> <span class='ocrx_word' id='word_1_457' title='bbox 2997 3350 3243 3404; x_wconf 86' lang='lat' dir='ltr'><strong>ordinem</strong></span> <span class='ocrx_word' id='word_1_458' title='bbox 3280 3350 3504 3415; x_wconf 85' lang='lat' dir='ltr'><strong>faciant,</strong></span> <span class='ocrx_word' id='word_1_459' title='bbox 3530 3350 3731 3420; x_wconf 89' lang='lat' dir='ltr'><strong>liquido</strong></span> <span class='ocrx_word' id='word_1_460' title='bbox 3756 3350 3827 3403; x_wconf 78' lang='lat' dir='ltr'><strong>dc-</strong></span> 
     </span>
    </p>
   </div>
   <div class='ocr_carea' id='block_1_34' title="bbox 624 3441 3826 3513">
    <p class='ocr_par' dir='ltr' id='par_1_34' title="bbox 624 3441 3826 3513">
     <span class='ocr_line' id='line_1_34' title="bbox 624 3441 3826 3513; baseline -0.001 -18"><span class='ocrx_word' id='word_1_461' title='bbox 624 3445 794 3497; x_wconf 88' lang='lat' dir='ltr'><strong>clarat</strong></span> <span class='ocrx_word' id='word_1_462' title='bbox 815 3443 1082 3496; x_wconf 86' lang='lat' dir='ltr'><strong>Eusebius</strong></span> <span class='ocrx_word' id='word_1_463' title='bbox 1103 3442 1471 3497; x_wconf 81' lang='lat' dir='ltr'><strong>Caesariensis</strong></span> <span class='ocrx_word' id='word_1_464' title='bbox 1493 3443 1761 3498; x_wconf 84' lang='lat' dir='ltr'><strong>Historiae</strong></span> <span class='ocrx_word' id='word_1_465' title='bbox 1787 3443 2197 3497; x_wconf 88' lang='lat' dir='ltr'><strong>Ecclesiasticae</strong></span> <span class='ocrx_word' id='word_1_466' title='bbox 2230 3442 2370 3497; x_wconf 87' lang='lat' dir='ltr'><strong>libro</strong></span> <span class='ocrx_word' id='word_1_467' title='bbox 2396 3443 2656 3497; x_wconf 87' lang='lat' dir='ltr'><strong>secundo.</strong></span> <span class='ocrx_word' id='word_1_468' title='bbox 2693 3441 2794 3508; x_wconf 88' lang='lat' dir='ltr'><strong>Qui</strong></span> <span class='ocrx_word' id='word_1_469' title='bbox 2821 3442 3040 3512; x_wconf 90' lang='lat' dir='ltr'><strong>quidem</strong></span> <span class='ocrx_word' id='word_1_470' title='bbox 3078 3444 3273 3497; x_wconf 90' lang='lat' dir='ltr'><strong>horum</strong></span> <span class='ocrx_word' id='word_1_471' title='bbox 3300 3443 3657 3513; x_wconf 85' lang='grc' dir='ltr'>θεραπευτῶν</span> <span class='ocrx_word' id='word_1_472' title='bbox 3676 3443 3826 3497; x_wconf 84' lang='lat' dir='ltr'><strong>ducem</strong></span> 
     </span>
    </p>
   </div>
   <div class='ocr_carea' id='block_1_35' title="bbox 625 3522 3827 3607">
    <p class='ocr_par' dir='ltr' id='par_1_35' title="bbox 625 3522 3827 3607">
     <span class='ocr_line' id='line_1_35' title="bbox 625 3522 3827 3607; baseline -0.001 -18"><span class='ocrx_word' id='word_1_473' title='bbox 625 3522 853 3590; x_wconf 77' lang='lat' dir='ltr'><strong>afﬁrmat</strong></span> <span class='ocrx_word' id='word_1_474' title='bbox 877 3552 997 3590; x_wconf 86' lang='lat' dir='ltr'><strong>esse</strong></span> <span class='ocrx_word' id='word_1_475' title='bbox 1025 3538 1245 3591; x_wconf 90' lang='lat' dir='ltr'><strong>beatum</strong></span> <span class='ocrx_word' id='word_1_476' title='bbox 1288 3536 1528 3590; x_wconf 84' lang='lat' dir='ltr'><strong>Marcum</strong></span> <span class='ocrx_word' id='word_1_477' title='bbox 1564 3537 1870 3605; x_wconf 90' lang='lat' dir='ltr'><strong>apostolum</strong></span> <span class='ocrx_word' id='word_1_478' title='bbox 1912 3545 1968 3591; x_wconf 91' lang='lat' dir='ltr'><strong>et</strong></span> <span class='ocrx_word' id='word_1_479' title='bbox 1993 3537 2400 3607; x_wconf 86' lang='lat' dir='ltr'><strong>evangelistam,</strong></span> <span class='ocrx_word' id='word_1_480' title='bbox 2431 3537 2668 3606; x_wconf 91' lang='lat' dir='ltr'><strong>primum</strong></span> <span class='ocrx_word' id='word_1_481' title='bbox 2701 3536 3060 3591; x_wconf 77' lang='lat' dir='ltr'><strong>Alexandriae</strong></span> <span class='ocrx_word' id='word_1_482' title='bbox 3095 3537 3430 3606; x_wconf 88' lang='lat' dir='ltr'><strong>episcopum,</strong></span> <span class='ocrx_word' id='word_1_483' title='bbox 3475 3537 3827 3605; x_wconf 77' lang='lat' dir='ltr'><strong>Philonemquc</strong></span> 
     </span>
    </p>
   </div>
   <div class='ocr_carea' id='block_1_36' title="bbox 623 3627 3830 3699">
    <p class='ocr_par' dir='ltr' id='par_1_36' title="bbox 623 3627 3830 3699">
     <span class='ocr_line' id='line_1_36' title="bbox 623 3627 3830 3699; baseline -0 -19"><span class='ocrx_word' id='word_1_484' title='bbox 623 3628 1022 3683; x_wconf 89' lang='lat' dir='ltr'><strong>ecclesiasticae</strong></span> <span class='ocrx_word' id='word_1_485' title='bbox 1054 3628 1415 3682; x_wconf 90' lang='lat' dir='ltr'><strong>institutionis</strong></span> <span class='ocrx_word' id='word_1_486' title='bbox 1442 3628 1599 3681; x_wconf 91' lang='lat' dir='ltr'><strong>initia</strong></span> <span class='ocrx_word' id='word_1_487' title='bbox 1632 3635 1687 3681; x_wconf 91' lang='lat' dir='ltr'><strong>et</strong></span> <span class='ocrx_word' id='word_1_488' title='bbox 1721 3627 1984 3698; x_wconf 85' lang='lat' dir='ltr'><strong>originem</strong></span> <span class='ocrx_word' id='word_1_489' title='bbox 2011 3629 2340 3698; x_wconf 88' lang='lat' dir='ltr'><strong>apostolicae</strong></span> <span class='ocrx_word' id='word_1_490' title='bbox 2367 3638 2529 3698; x_wconf 87' lang='lat' dir='ltr'><strong>atque</strong></span> <span class='ocrx_word' id='word_1_491' title='bbox 2552 3631 2715 3684; x_wconf 88' lang='lat' dir='ltr'><strong>etiam</strong></span> <span class='ocrx_word' id='word_1_492' title='bbox 2741 3629 3084 3699; x_wconf 86' lang='lat' dir='ltr'><strong>evangelicae</strong></span> <span class='ocrx_word' id='word_1_493' title='bbox 3110 3628 3417 3683; x_wconf 87' lang='lat' dir='ltr'><strong>traditionis</strong></span> <span class='ocrx_word' id='word_1_494' title='bbox 3447 3630 3632 3684; x_wconf 90' lang='lat' dir='ltr'><strong>eidem</strong></span> <span class='ocrx_word' id='word_1_495' title='bbox 3651 3628 3830 3698; x_wconf 84' lang='lat' dir='ltr'><strong>Suppli-</strong></span> 
     </span>
    </p>
   </div>
   <div class='ocr_carea' id='block_1_37' title="bbox 624 3719 3828 3793">
    <p class='ocr_par' dir='ltr' id='par_1_37' title="bbox 624 3719 3828 3793">
     <span class='ocr_line' id='line_1_37' title="bbox 624 3719 3828 3793; baseline 0.001 -20"><span class='ocrx_word' id='word_1_496' title='bbox 624 3734 747 3773; x_wconf 87' lang='lat' dir='ltr'><strong>cum</strong></span> <span class='ocrx_word' id='word_1_497' title='bbox 782 3721 921 3774; x_wconf 90' lang='lat' dir='ltr'><strong>libro</strong></span> <span class='ocrx_word' id='word_1_498' title='bbox 950 3722 1265 3785; x_wconf 84' lang='lat' dir='ltr'><strong>intexuisse,</strong></span> <span class='ocrx_word' id='word_1_499' title='bbox 1299 3720 1377 3775; x_wconf 90' lang='lat' dir='ltr'><strong>sic</strong></span> <span class='ocrx_word' id='word_1_500' title='bbox 1422 3719 1668 3774; x_wconf 89' lang='lat' dir='ltr'><strong>scribens</strong></span> <span class='ocrx_word' id='word_1_501' title='bbox 1691 3720 1747 3772; x_wconf 71' lang='lat' dir='ltr'><strong>‘z</strong></span> <span class='ocrx_word' id='word_1_502' title='bbox 1792 3738 1809 3770; x_wconf 88' lang='grc'><strong>‹</strong></span> <span class='ocrx_word' id='word_1_503' title='bbox 1856 3720 2095 3774; x_wconf 87' lang='lat' dir='ltr'><strong>Marcum</strong></span> <span class='ocrx_word' id='word_1_504' title='bbox 2130 3722 2278 3777; x_wconf 90' lang='lat' dir='ltr'><strong>hunc</strong></span> <span class='ocrx_word' id='word_1_505' title='bbox 2315 3722 2551 3792; x_wconf 91' lang='lat' dir='ltr'><strong>primum</strong></span> <span class='ocrx_word' id='word_1_506' title='bbox 2590 3722 2744 3776; x_wconf 89' lang='lat' dir='ltr'><strong>aiunt</strong></span> <span class='ocrx_word' id='word_1_507' title='bbox 2787 3722 2854 3776; x_wconf 91' lang='lat' dir='ltr'><strong>ad</strong></span> <span class='ocrx_word' id='word_1_508' title='bbox 2896 3722 3192 3793; x_wconf 76' lang='lat' dir='ltr'><strong>Aegyptum</strong></span> <span class='ocrx_word' id='word_1_509' title='bbox 3231 3723 3486 3788; x_wconf 89' lang='lat' dir='ltr'><strong>missum,</strong></span> <span class='ocrx_word' id='word_1_510' title='bbox 3527 3722 3828 3793; x_wconf 81' lang='lat' dir='ltr'><strong>evangelium</strong></span> 
     </span>
    </p>
   </div>
   <div class='ocr_carea' id='block_1_38' title="bbox 623 3813 3828 3883">
    <p class='ocr_par' dir='ltr' id='par_1_38' title="bbox 623 3813 3828 3883">
     <span class='ocr_line' id='line_1_38' title="bbox 623 3813 3828 3883; baseline -0.002 -12"><span class='ocrx_word' id='word_1_511' title='bbox 623 3814 754 3874; x_wconf 84' lang='lat' dir='ltr'><strong>illic,</strong></span> <span class='ocrx_word' id='word_1_512' title='bbox 784 3813 929 3882; x_wconf 90' lang='lat' dir='ltr'><strong>quod</strong></span> <span class='ocrx_word' id='word_1_513' title='bbox 960 3823 1015 3868; x_wconf 92' lang='lat' dir='ltr'><strong>et</strong></span> <span class='ocrx_word' id='word_1_514' title='bbox 1059 3813 1480 3883; x_wconf 88' lang='lat' dir='ltr'><strong>conscripserat,</strong></span> <span class='ocrx_word' id='word_1_515' title='bbox 1525 3813 1890 3881; x_wconf 86' lang='lat' dir='ltr'><strong>praedicasse,</strong></span> <span class='ocrx_word' id='word_1_516' title='bbox 1922 3813 2267 3883; x_wconf 90' lang='lat' dir='ltr'><strong>primumque</strong></span> <span class='ocrx_word' id='word_1_517' title='bbox 2291 3813 2552 3867; x_wconf 88' lang='lat' dir='ltr'><strong>ecclesias</strong></span> <span class='ocrx_word' id='word_1_518' title='bbox 2584 3813 2946 3867; x_wconf 77' lang='lat' dir='ltr'><strong>Alexandriae</strong></span> <span class='ocrx_word' id='word_1_519' title='bbox 2981 3813 3348 3868; x_wconf 89' lang='lat' dir='ltr'><strong>constituisse.</strong></span> <span class='ocrx_word' id='word_1_520' title='bbox 3378 3814 3559 3870; x_wconf 84' lang='lat' dir='ltr'><strong>Tanta</strong></span> <span class='ocrx_word' id='word_1_521' title='bbox 3591 3827 3757 3869; x_wconf 84' lang='lat' dir='ltr'><strong>autem</strong></span> <span class='ocrx_word' id='word_1_522' title='bbox 3776 3814 3828 3865; x_wconf 84' lang='lat' dir='ltr'><strong>ibi</strong></span> 
     </span>
    </p>
   </div>
   <div class='ocr_carea' id='block_1_39' title="bbox 623 3906 3830 3977">
    <p class='ocr_par' dir='ltr' id='par_1_39' title="bbox 623 3906 3830 3977">
     <span class='ocr_line' id='line_1_39' title="bbox 623 3906 3830 3977; baseline -0 -16"><span class='ocrx_word' id='word_1_523' title='bbox 623 3906 962 3961; x_wconf 89' lang='lat' dir='ltr'><strong>credentium</strong></span> <span class='ocrx_word' id='word_1_524' title='bbox 988 3906 1229 3961; x_wconf 89' lang='lat' dir='ltr'><strong>virorum</strong></span> <span class='ocrx_word' id='word_1_525' title='bbox 1262 3922 1326 3960; x_wconf 89' lang='lat' dir='ltr'><strong>ac</strong></span> <span class='ocrx_word' id='word_1_526' title='bbox 1351 3907 1641 3959; x_wconf 89' lang='lat' dir='ltr'><strong>mulierum</strong></span> <span class='ocrx_word' id='word_1_527' title='bbox 1668 3907 1963 3961; x_wconf 91' lang='lat' dir='ltr'><strong>multitudo</strong></span> <span class='ocrx_word' id='word_1_528' title='bbox 1988 3907 2166 3976; x_wconf 89' lang='lat' dir='ltr'><strong>prima</strong></span> <span class='ocrx_word' id='word_1_529' title='bbox 2197 3908 2510 3962; x_wconf 89' lang='lat' dir='ltr'><strong>accessione</strong></span> <span class='ocrx_word' id='word_1_530' title='bbox 2544 3924 2641 3977; x_wconf 91' lang='lat' dir='ltr'><strong>per</strong></span> <span class='ocrx_word' id='word_1_531' title='bbox 2674 3908 2993 3962; x_wconf 89' lang='lat' dir='ltr'><strong>exercitium</strong></span> <span class='ocrx_word' id='word_1_532' title='bbox 3021 3907 3457 3977; x_wconf 90' lang='lat' dir='ltr'><strong>philosophicum</strong></span> <span class='ocrx_word' id='word_1_533' title='bbox 3490 3909 3830 3963; x_wconf 77' lang='lat' dir='ltr'><strong>admodumac</strong></span> 
     </span>
    </p>
   </div>
   <div class='ocr_carea' id='block_1_40' title="bbox 622 3998 3830 4071">
    <p class='ocr_par' dir='ltr' id='par_1_40' title="bbox 622 3998 3830 4071">
     <span class='ocr_line' id='line_1_40' title="bbox 622 3998 3830 4071; baseline -0.001 -17"><span class='ocrx_word' id='word_1_534' title='bbox 622 3999 1099 4071; x_wconf 88' lang='lat' dir='ltr'><strong>diligentissimum</strong></span> <span class='ocrx_word' id='word_1_535' title='bbox 1146 3998 1376 4053; x_wconf 91' lang='lat' dir='ltr'><strong>collecta</strong></span> <span class='ocrx_word' id='word_1_536' title='bbox 1415 4006 1537 4062; x_wconf 90' lang='lat' dir='ltr'><strong>est,</strong></span> <span class='ocrx_word' id='word_1_537' title='bbox 1580 4008 1641 4052; x_wconf 94' lang='lat' dir='ltr'><strong>ut</strong></span> <span class='ocrx_word' id='word_1_538' title='bbox 1679 3998 1941 4053; x_wconf 88' lang='lat' dir='ltr'><strong>exercitia</strong></span> <span class='ocrx_word' id='word_1_539' title='bbox 1986 4013 2210 4064; x_wconf 92' lang='lat' dir='ltr'><strong>eorum,</strong></span> <span class='ocrx_word' id='word_1_540' title='bbox 2256 4008 2577 4063; x_wconf 92' lang='lat' dir='ltr'><strong>conventus,</strong></span> <span class='ocrx_word' id='word_1_541' title='bbox 2612 3998 2902 4070; x_wconf 87' lang='lat' dir='ltr'><strong>symposia,</strong></span> <span class='ocrx_word' id='word_1_542' title='bbox 2940 4008 2996 4053; x_wconf 90' lang='lat' dir='ltr'><strong>et</strong></span> <span class='ocrx_word' id='word_1_543' title='bbox 3023 4000 3329 4053; x_wconf 86' lang='lat' dir='ltr'><strong>universam</strong></span> <span class='ocrx_word' id='word_1_544' title='bbox 3353 4015 3415 4054; x_wconf 89' lang='lat' dir='ltr'><strong>re</strong></span> <span class='ocrx_word' id='word_1_545' title='bbox 3449 3999 3459 4071; x_wconf 87' lang='grc' dir='ltr'><strong>Ι</strong></span> <span class='ocrx_word' id='word_1_546' title='bbox 3498 4001 3703 4069; x_wconf 89' lang='lat' dir='ltr'><strong>liquam</strong></span> <span class='ocrx_word' id='word_1_547' title='bbox 3723 4000 3830 4052; x_wconf 79' lang='lat' dir='ltr'><strong>vitae</strong></span> 
     </span>
    </p>
   </div>
   <div class='ocr_carea' id='block_1_41' title="bbox 622 4092 3832 4163">
    <p class='ocr_par' dir='ltr' id='par_1_41' title="bbox 622 4092 3832 4163">
     <span class='ocr_line' id='line_1_41' title="bbox 622 4092 3832 4163; baseline 0 -16"><span class='ocrx_word' id='word_1_548' title='bbox 622 4092 1087 4153; x_wconf 89' lang='lat' dir='ltr'><strong>conversationem</strong></span> <span class='ocrx_word' id='word_1_549' title='bbox 1121 4092 1277 4146; x_wconf 92' lang='lat' dir='ltr'><strong>Philo</strong></span> <span class='ocrx_word' id='word_1_550' title='bbox 1317 4092 1494 4146; x_wconf 89' lang='lat' dir='ltr'><strong>literis</strong></span> <span class='ocrx_word' id='word_1_551' title='bbox 1535 4092 1797 4147; x_wconf 90' lang='lat' dir='ltr'><strong>mandare</strong></span> <span class='ocrx_word' id='word_1_552' title='bbox 1839 4092 2096 4163; x_wconf 87' lang='lat' dir='ltr'><strong>dignatus</strong></span> <span class='ocrx_word' id='word_1_553' title='bbox 2130 4093 2221 4148; x_wconf 90' lang='lat' dir='ltr'><strong>sit.</strong></span> <span class='ocrx_word' id='word_1_554' title='bbox 2254 4095 2452 4149; x_wconf 90' lang='lat' dir='ltr'><strong>Fertur</strong></span> <span class='ocrx_word' id='word_1_555' title='bbox 2495 4095 2664 4149; x_wconf 86' lang='lat' dir='ltr'><strong>etiam</strong></span> <span class='ocrx_word' id='word_1_556' title='bbox 2698 4096 2792 4149; x_wconf 93' lang='lat' dir='ltr'><strong>hic</strong></span> <span class='ocrx_word' id='word_1_557' title='bbox 2834 4096 2991 4151; x_wconf 91' lang='lat' dir='ltr'><strong>Philo</strong></span> <span class='ocrx_word' id='word_1_558' title='bbox 3023 4096 3227 4151; x_wconf 81' lang='lat' dir='ltr'><strong>Romae</strong></span> <span class='ocrx_word' id='word_1_559' title='bbox 3260 4096 3361 4150; x_wconf 92' lang='lat' dir='ltr'><strong>sub</strong></span> <span class='ocrx_word' id='word_1_560' title='bbox 3391 4095 3636 4152; x_wconf 89' lang='lat' dir='ltr'><strong>Claudio</strong></span> <span class='ocrx_word' id='word_1_561' title='bbox 3665 4096 3727 4150; x_wconf 88' lang='lat' dir='ltr'><strong>ad</strong></span> <span class='ocrx_word' id='word_1_562' title='bbox 3751 4096 3832 4148; x_wconf 74' lang='lat' dir='ltr'><strong>col—</strong></span> 
     </span>
    </p>
   </div>
   <div class='ocr_carea' id='block_1_42' title="bbox 623 4182 3833 4254">
    <p class='ocr_par' dir='ltr' id='par_1_42' title="bbox 623 4182 3833 4254">
     <span class='ocr_line' id='line_1_42' title="bbox 623 4182 3833 4254; baseline 0.001 -16"><span class='ocrx_word' id='word_1_563' title='bbox 623 4186 864 4254; x_wconf 88' lang='lat' dir='ltr'><strong>loquium</strong></span> <span class='ocrx_word' id='word_1_564' title='bbox 895 4184 1039 4239; x_wconf 86' lang='lat' dir='ltr'><strong>Petri</strong></span> <span class='ocrx_word' id='word_1_565' title='bbox 1075 4182 1335 4238; x_wconf 83' lang='lat' dir='ltr'><strong>Romanis</strong></span> <span class='ocrx_word' id='word_1_566' title='bbox 1377 4193 1493 4239; x_wconf 90' lang='lat' dir='ltr'><strong>tum</strong></span> <span class='ocrx_word' id='word_1_567' title='bbox 1538 4184 1905 4254; x_wconf 90' lang='lat' dir='ltr'><strong>praedicantis</strong></span> <span class='ocrx_word' id='word_1_568' title='bbox 1939 4186 2173 4239; x_wconf 90' lang='lat' dir='ltr'><strong>venisse.</strong></span> <span class='ocrx_word' id='word_1_569' title='bbox 2250 4185 2438 4254; x_wconf 88' lang='lat' dir='ltr'><strong>Neque</strong></span> <span class='ocrx_word' id='word_1_570' title='bbox 2482 4186 2585 4241; x_wconf 92' lang='lat' dir='ltr'><strong>hoc</strong></span> <span class='ocrx_word' id='word_1_571' title='bbox 2631 4202 2763 4241; x_wconf 87' lang='lat' dir='ltr'><strong>vero</strong></span> <span class='ocrx_word' id='word_1_572' title='bbox 2800 4187 3061 4241; x_wconf 84' lang='lat' dir='ltr'><strong>dissimile</strong></span> <span class='ocrx_word' id='word_1_573' title='bbox 3097 4196 3198 4242; x_wconf 88' lang='lat' dir='ltr'><strong>est.</strong></span> <span class='ocrx_word' id='word_1_574' title='bbox 3238 4187 3693 4243; x_wconf 88' lang='lat' dir='ltr'><strong>Commentarius</strong></span> <span class='ocrx_word' id='word_1_575' title='bbox 3722 4189 3833 4240; x_wconf 84' lang='lat' dir='ltr'><strong>enim</strong></span> 
     </span>
    </p>
   </div>
   <div class='ocr_carea' id='block_1_43' title="bbox 622 4276 3832 4348">
    <p class='ocr_par' dir='ltr' id='par_1_43' title="bbox 622 4276 3832 4348">
     <span class='ocr_line' id='line_1_43' title="bbox 622 4276 3832 4348; baseline -0.001 -16"><span class='ocrx_word' id='word_1_576' title='bbox 622 4280 734 4341; x_wconf 88' lang='lat' dir='ltr'><strong>ille,</strong></span> <span class='ocrx_word' id='word_1_577' title='bbox 760 4294 921 4346; x_wconf 90' lang='lat' dir='ltr'><strong>quem</strong></span> <span class='ocrx_word' id='word_1_578' title='bbox 968 4277 1181 4331; x_wconf 89' lang='lat' dir='ltr'><strong>tandem</strong></span> <span class='ocrx_word' id='word_1_579' title='bbox 1219 4276 1288 4329; x_wconf 88' lang='lat' dir='ltr'><strong>ab</strong></span> <span class='ocrx_word' id='word_1_580' title='bbox 1335 4291 1402 4331; x_wconf 93' lang='lat' dir='ltr'><strong>eo</strong></span> <span class='ocrx_word' id='word_1_581' title='bbox 1445 4277 1843 4346; x_wconf 90' lang='lat' dir='ltr'><strong>posterioribus</strong></span> <span class='ocrx_word' id='word_1_582' title='bbox 1878 4278 2219 4346; x_wconf 81' lang='lat' dir='ltr'><strong>temporibus</strong></span> <span class='ocrx_word' id='word_1_583' title='bbox 2244 4279 2583 4332; x_wconf 89' lang='lat' dir='ltr'><strong>elaboratum</strong></span> <span class='ocrx_word' id='word_1_584' title='bbox 2621 4294 2740 4333; x_wconf 89' lang='lat' dir='ltr'><strong>esse</strong></span> <span class='ocrx_word' id='word_1_585' title='bbox 2765 4279 3018 4343; x_wconf 91' lang='lat' dir='ltr'><strong>dicimus,</strong></span> <span class='ocrx_word' id='word_1_586' title='bbox 3051 4280 3329 4334; x_wconf 87' lang='lat' dir='ltr'><strong>Ecclesiae</strong></span> <span class='ocrx_word' id='word_1_587' title='bbox 3358 4296 3635 4344; x_wconf 87' lang='lat' dir='ltr'><strong>canones,</strong></span> <span class='ocrx_word' id='word_1_588' title='bbox 3673 4280 3755 4348; x_wconf 89' lang='lat' dir='ltr'><strong>qui</strong></span> <span class='ocrx_word' id='word_1_589' title='bbox 3784 4276 3832 4329; x_wconf 82' lang='lat' dir='ltr'><strong>ad</strong></span> 
     </span>
    </p>
   </div>
   <div class='ocr_carea' id='block_1_44' title="bbox 624 4368 3835 4442">
    <p class='ocr_par' dir='ltr' id='par_1_44' title="bbox 624 4368 3835 4442">
     <span class='ocr_line' id='line_1_44' title="bbox 624 4368 3835 4442; baseline -0.001 -18"><span class='ocrx_word' id='word_1_590' title='bbox 624 4370 760 4424; x_wconf 85' lang='lat' dir='ltr'><strong>haec</strong></span> <span class='ocrx_word' id='word_1_591' title='bbox 795 4379 979 4423; x_wconf 88' lang='lat' dir='ltr'><strong>nostra</strong></span> <span class='ocrx_word' id='word_1_592' title='bbox 1014 4385 1183 4438; x_wconf 89' lang='lat' dir='ltr'><strong>usque</strong></span> <span class='ocrx_word' id='word_1_593' title='bbox 1208 4379 1451 4439; x_wconf 89' lang='lat' dir='ltr'><strong>tempora</strong></span> <span class='ocrx_word' id='word_1_594' title='bbox 1472 4377 1778 4431; x_wconf 89' lang='lat' dir='ltr'><strong>servantur,</strong></span> <span class='ocrx_word' id='word_1_595' title='bbox 1804 4368 2087 4423; x_wconf 89' lang='lat' dir='ltr'><strong>manifeste</strong></span> <span class='ocrx_word' id='word_1_596' title='bbox 2110 4369 2373 4424; x_wconf 91' lang='lat' dir='ltr'><strong>continet.</strong></span> <span class='ocrx_word' id='word_1_597' title='bbox 2408 4370 2521 4424; x_wconf 89' lang='lat' dir='ltr'><strong>lmo</strong></span> <span class='ocrx_word' id='word_1_598' title='bbox 2550 4371 2804 4440; x_wconf 89' lang='lat' dir='ltr'><strong>quoniam</strong></span> <span class='ocrx_word' id='word_1_599' title='bbox 2833 4372 2998 4425; x_wconf 92' lang='lat' dir='ltr'><strong>vitam</strong></span> <span class='ocrx_word' id='word_1_600' title='bbox 3031 4371 3195 4425; x_wconf 89' lang='lat' dir='ltr'><strong>etiam</strong></span> <span class='ocrx_word' id='word_1_601' title='bbox 3234 4372 3631 4442; x_wconf 84' lang='lat' dir='ltr'><strong>religiosorum</strong></span> <span class='ocrx_word' id='word_1_602' title='bbox 3660 4380 3835 4425; x_wconf 76' lang='lat' dir='ltr'><strong>nostru-</strong></span> 
     </span>
    </p>
   </div>
   <div class='ocr_carea' id='block_1_45' title="bbox 624 4460 3836 4533">
    <p class='ocr_par' dir='ltr' id='par_1_45' title="bbox 624 4460 3836 4533">
     <span class='ocr_line' id='line_1_45' title="bbox 624 4460 3836 4533; baseline -0.002 -14"><span class='ocrx_word' id='word_1_603' title='bbox 624 4480 747 4522; x_wconf 88' lang='lat' dir='ltr'><strong>rum</strong></span> <span class='ocrx_word' id='word_1_604' title='bbox 772 4477 935 4530; x_wconf 88' lang='lat' dir='ltr'><strong>quam</strong></span> <span class='ocrx_word' id='word_1_605' title='bbox 962 4461 1075 4515; x_wconf 81' lang='lat' dir='ltr'><strong>fieri</strong></span> <span class='ocrx_word' id='word_1_606' title='bbox 1112 4461 1291 4529; x_wconf 91' lang='lat' dir='ltr'><strong>potuit</strong></span> <span class='ocrx_word' id='word_1_607' title='bbox 1326 4460 1734 4515; x_wconf 90' lang='lat' dir='ltr'><strong>accuratissime</strong></span> <span class='ocrx_word' id='word_1_608' title='bbox 1765 4460 2075 4531; x_wconf 90' lang='lat' dir='ltr'><strong>descripsit,</strong></span> <span class='ocrx_word' id='word_1_609' title='bbox 2104 4461 2236 4515; x_wconf 90' lang='lat' dir='ltr'><strong>satis</strong></span> <span class='ocrx_word' id='word_1_610' title='bbox 2263 4462 2609 4516; x_wconf 89' lang='lat' dir='ltr'><strong>manifestum</strong></span> <span class='ocrx_word' id='word_1_611' title='bbox 2635 4463 2981 4533; x_wconf 90' lang='lat' dir='ltr'><strong>relinquitur,</strong></span> <span class='ocrx_word' id='word_1_612' title='bbox 3004 4478 3114 4517; x_wconf 92' lang='lat' dir='ltr'><strong>non</strong></span> <span class='ocrx_word' id='word_1_613' title='bbox 3140 4463 3301 4517; x_wconf 92' lang='lat' dir='ltr'><strong>modo</strong></span> <span class='ocrx_word' id='word_1_614' title='bbox 3328 4464 3546 4519; x_wconf 85' lang='lat' dir='ltr'><strong>vidisse</strong></span> <span class='ocrx_word' id='word_1_615' title='bbox 3572 4479 3697 4517; x_wconf 90' lang='lat' dir='ltr'><strong>eum</strong></span> <span class='ocrx_word' id='word_1_616' title='bbox 3724 4463 3836 4515; x_wconf 82' lang='lat' dir='ltr'><strong>viros</strong></span> 
     </span>
    </p>
   </div>
   <div class='ocr_carea' id='block_1_46' title="bbox 621 4552 3837 4627">
    <p class='ocr_par' dir='ltr' id='par_1_46' title="bbox 621 4552 3837 4627">
     <span class='ocr_line' id='line_1_46' title="bbox 621 4552 3837 4627; baseline -0.001 -19"><span class='ocrx_word' id='word_1_617' title='bbox 621 4556 747 4609; x_wconf 86' lang='lat' dir='ltr'><strong>illos</strong></span> <span class='ocrx_word' id='word_1_618' title='bbox 772 4553 1097 4623; x_wconf 85' lang='lat' dir='ltr'><strong>apostolicos</strong></span> <span class='ocrx_word' id='word_1_619' title='bbox 1142 4553 1225 4606; x_wconf 87' lang='lat' dir='ltr'><strong>sui</strong></span> <span class='ocrx_word' id='word_1_620' title='bbox 1264 4552 1527 4622; x_wconf 81' lang='lat' dir='ltr'><strong>temporis</strong></span> <span class='ocrx_word' id='word_1_621' title='bbox 1566 4568 1633 4605; x_wconf 88' lang='lat' dir='ltr'><strong>ex</strong></span> <span class='ocrx_word' id='word_1_622' title='bbox 1677 4552 1959 4618; x_wconf 82' lang='lat' dir='ltr'><strong>Hebraeis,</strong></span> <span class='ocrx_word' id='word_1_623' title='bbox 2008 4562 2070 4607; x_wconf 92' lang='lat' dir='ltr'><strong>ut</strong></span> <span class='ocrx_word' id='word_1_624' title='bbox 2106 4568 2238 4606; x_wconf 89' lang='lat' dir='ltr'><strong>vero</strong></span> <span class='ocrx_word' id='word_1_625' title='bbox 2282 4553 2457 4607; x_wconf 90' lang='lat' dir='ltr'><strong>simile</strong></span> <span class='ocrx_word' id='word_1_626' title='bbox 2490 4562 2592 4617; x_wconf 89' lang='lat' dir='ltr'><strong>est,</strong></span> <span class='ocrx_word' id='word_1_627' title='bbox 2615 4558 2907 4624; x_wconf 85' lang='lat' dir='ltr'><strong>profectos,</strong></span> <span class='ocrx_word' id='word_1_628' title='bbox 2944 4557 3015 4611; x_wconf 93' lang='lat' dir='ltr'><strong>ob</strong></span> <span class='ocrx_word' id='word_1_629' title='bbox 3042 4573 3269 4627; x_wconf 91' lang='lat' dir='ltr'><strong>eamque</strong></span> <span class='ocrx_word' id='word_1_630' title='bbox 3309 4572 3542 4611; x_wconf 87' lang='lat' dir='ltr'><strong>causam</strong></span> <span class='ocrx_word' id='word_1_631' title='bbox 3570 4557 3837 4626; x_wconf 82' lang='lat' dir='ltr'><strong>priscorum</strong></span> 
     </span>
    </p>
   </div>
   <div class='ocr_carea' id='block_1_47' title="bbox 618 4642 3837 4714">
    <p class='ocr_par' dir='ltr' id='par_1_47' title="bbox 618 4642 3837 4714">
     <span class='ocr_line' id='line_1_47' title="bbox 618 4642 3837 4714; baseline -0.001 -16"><span class='ocrx_word' id='word_1_632' title='bbox 618 4646 789 4699; x_wconf 76' lang='lat' dir='ltr'><strong>ritum</strong></span> <span class='ocrx_word' id='word_1_633' title='bbox 813 4644 992 4699; x_wconf 89' lang='lat' dir='ltr'><strong>adhuc</strong></span> <span class='ocrx_word' id='word_1_634' title='bbox 1024 4660 1175 4697; x_wconf 92' lang='lat' dir='ltr'><strong>more</strong></span> <span class='ocrx_word' id='word_1_635' title='bbox 1220 4644 1551 4699; x_wconf 85' lang='lat' dir='ltr'><strong>Judaeorum</strong></span> <span class='ocrx_word' id='word_1_636' title='bbox 1578 4644 1954 4707; x_wconf 86' lang='lat' dir='ltr'><strong>observantes,</strong></span> <span class='ocrx_word' id='word_1_637' title='bbox 1978 4643 2073 4698; x_wconf 88' lang='lat' dir='ltr'><strong>sed</strong></span> <span class='ocrx_word' id='word_1_638' title='bbox 2096 4652 2153 4698; x_wconf 92' lang='lat' dir='ltr'><strong>et</strong></span> <span class='ocrx_word' id='word_1_639' title='bbox 2174 4642 2456 4710; x_wconf 88' lang='lat' dir='ltr'><strong>probasse,</strong></span> <span class='ocrx_word' id='word_1_640' title='bbox 2482 4643 2807 4713; x_wconf 89' lang='lat' dir='ltr'><strong>divinosque</strong></span> <span class='ocrx_word' id='word_1_641' title='bbox 2832 4655 2888 4700; x_wconf 91' lang='lat' dir='ltr'><strong>et</strong></span> <span class='ocrx_word' id='word_1_642' title='bbox 2911 4646 3170 4702; x_wconf 89' lang='lat' dir='ltr'><strong>honestos</strong></span> <span class='ocrx_word' id='word_1_643' title='bbox 3194 4647 3491 4702; x_wconf 86' lang='lat' dir='ltr'><strong>iudicasse.</strong></span> <span class='ocrx_word' id='word_1_644' title='bbox 3518 4646 3662 4700; x_wconf 88' lang='lat' dir='ltr'><strong>Cum</strong></span> <span class='ocrx_word' id='word_1_645' title='bbox 3684 4642 3837 4714; x_wconf 81' lang='lat' dir='ltr'><strong>primis</strong></span> 
     </span>
    </p>
   </div>
   <div class='ocr_carea' id='block_1_48' title="bbox 622 4735 3842 4808">
    <p class='ocr_par' dir='ltr' id='par_1_48' title="bbox 622 4735 3842 4808">
     <span class='ocr_line' id='line_1_48' title="bbox 622 4735 3842 4808; baseline -0.002 -16"><span class='ocrx_word' id='word_1_646' title='bbox 622 4748 680 4792; x_wconf 90' lang='lat' dir='ltr'><strong>ct</strong></span> <span class='ocrx_word' id='word_1_647' title='bbox 713 4738 814 4791; x_wconf 87' lang='lat' dir='ltr'><strong>hoc</strong></span> <span class='ocrx_word' id='word_1_648' title='bbox 863 4736 1055 4806; x_wconf 90' lang='lat' dir='ltr'><strong>liquet,</strong></span> <span class='ocrx_word' id='word_1_649' title='bbox 1081 4736 1225 4804; x_wconf 90' lang='lat' dir='ltr'><strong>quod</strong></span> <span class='ocrx_word' id='word_1_650' title='bbox 1250 4735 1385 4789; x_wconf 88' lang='lat' dir='ltr'><strong>nihil</strong></span> <span class='ocrx_word' id='word_1_651' title='bbox 1414 4736 1555 4790; x_wconf 91' lang='lat' dir='ltr'><strong>ultra</strong></span> <span class='ocrx_word' id='word_1_652' title='bbox 1588 4736 1874 4791; x_wconf 87' lang='lat' dir='ltr'><strong>veritatem</strong></span> <span class='ocrx_word' id='word_1_653' title='bbox 1912 4736 2131 4792; x_wconf 90' lang='lat' dir='ltr'><strong>aliunde</strong></span> <span class='ocrx_word' id='word_1_654' title='bbox 2156 4748 2251 4792; x_wconf 90' lang='lat' dir='ltr'><strong>aut</strong></span> <span class='ocrx_word' id='word_1_655' title='bbox 2281 4754 2347 4792; x_wconf 87' lang='lat' dir='ltr'><strong>ex</strong></span> <span class='ocrx_word' id='word_1_656' title='bbox 2384 4738 2561 4807; x_wconf 87' lang='lat' dir='ltr'><strong>scipso</strong></span> <span class='ocrx_word' id='word_1_657' title='bbox 2596 4739 2701 4799; x_wconf 89' lang='lat' dir='ltr'><strong>his,</strong></span> <span class='ocrx_word' id='word_1_658' title='bbox 2738 4755 2877 4808; x_wconf 92' lang='lat' dir='ltr'><strong>quae</strong></span> <span class='ocrx_word' id='word_1_659' title='bbox 2908 4740 3149 4794; x_wconf 90' lang='lat' dir='ltr'><strong>scribere</strong></span> <span class='ocrx_word' id='word_1_660' title='bbox 3186 4749 3413 4794; x_wconf 90' lang='lat' dir='ltr'><strong>conatus</strong></span> <span class='ocrx_word' id='word_1_661' title='bbox 3444 4739 3601 4803; x_wconf 86' lang='lat' dir='ltr'><strong>fuit,</strong></span> <span class='ocrx_word' id='word_1_662' title='bbox 3643 4737 3842 4791; x_wconf 78' lang='lat' dir='ltr'><strong>adiicere</strong></span> 
     </span>
    </p>
   </div>
   <div class='ocr_carea' id='block_1_49' title="bbox 622 4831 3839 4905">
    <p class='ocr_par' dir='ltr' id='par_1_49' title="bbox 622 4831 3839 4905">
     <span class='ocr_line' id='line_1_49' title="bbox 622 4831 3839 4905; baseline 0.002 -21"><span class='ocrx_word' id='word_1_663' title='bbox 622 4832 813 4885; x_wconf 84' lang='lat' dir='ltr'><strong>volens</strong></span> <span class='ocrx_word' id='word_1_664' title='bbox 852 4832 906 4885; x_wconf 94' lang='lat' dir='ltr'><strong>in</strong></span> <span class='ocrx_word' id='word_1_665' title='bbox 946 4847 1013 4885; x_wconf 92' lang='lat' dir='ltr'><strong>eo</strong></span> <span class='ocrx_word' id='word_1_666' title='bbox 1051 4831 1212 4894; x_wconf 91' lang='lat' dir='ltr'><strong>libro,</strong></span> <span class='ocrx_word' id='word_1_667' title='bbox 1248 4847 1408 4900; x_wconf 91' lang='lat' dir='ltr'><strong>quem</strong></span> <span class='ocrx_word' id='word_1_668' title='bbox 1432 4831 1499 4885; x_wconf 92' lang='lat' dir='ltr'><strong>de</strong></span> <span class='ocrx_word' id='word_1_669' title='bbox 1540 4832 1648 4886; x_wconf 91' lang='lat' dir='ltr'><strong>vita</strong></span> <span class='ocrx_word' id='word_1_670' title='bbox 1670 4832 2089 4900; x_wconf 89' lang='lat' dir='ltr'><strong>contemplativa</strong></span> <span class='ocrx_word' id='word_1_671' title='bbox 2119 4844 2213 4889; x_wconf 91' lang='lat' dir='ltr'><strong>aut</strong></span> <span class='ocrx_word' id='word_1_672' title='bbox 2237 4834 2305 4889; x_wconf 91' lang='lat' dir='ltr'><strong>de</strong></span> <span class='ocrx_word' id='word_1_673' title='bbox 2334 4835 2687 4903; x_wconf 86' lang='lat' dir='ltr'><strong>precantibus</strong></span> <span class='ocrx_word' id='word_1_674' title='bbox 2712 4835 3012 4905; x_wconf 90' lang='lat' dir='ltr'><strong>inscripsit,</strong></span> <span class='ocrx_word' id='word_1_675' title='bbox 3059 4836 3297 4890; x_wconf 91' lang='lat' dir='ltr'><strong>cultores</strong></span> <span class='ocrx_word' id='word_1_676' title='bbox 3328 4850 3449 4899; x_wconf 87' lang='lat' dir='ltr'><strong>eos,</strong></span> <span class='ocrx_word' id='word_1_677' title='bbox 3499 4844 3564 4890; x_wconf 89' lang='lat' dir='ltr'><strong>et</strong></span> <span class='ocrx_word' id='word_1_678' title='bbox 3594 4834 3839 4890; x_wconf 60' lang='lat' dir='ltr'><strong>mulieres</strong></span> 
     </span>
    </p>
   </div>
   <div class='ocr_carea' id='block_1_50' title="bbox 622 4922 3845 4997">
    <p class='ocr_par' dir='ltr' id='par_1_50' title="bbox 622 4922 3845 4997">
     <span class='ocr_line' id='line_1_50' title="bbox 622 4922 3845 4997; baseline -0 -22"><span class='ocrx_word' id='word_1_679' title='bbox 622 4938 763 4995; x_wconf 88' lang='lat' dir='ltr'><strong>quae</strong></span> <span class='ocrx_word' id='word_1_680' title='bbox 784 4938 907 4976; x_wconf 92' lang='lat' dir='ltr'><strong>cum</strong></span> <span class='ocrx_word' id='word_1_681' title='bbox 949 4924 1029 4977; x_wconf 90' lang='lat' dir='ltr'><strong>eis</strong></span> <span class='ocrx_word' id='word_1_682' title='bbox 1052 4931 1227 4985; x_wconf 88' lang='lat' dir='ltr'><strong>erant,</strong></span> <span class='ocrx_word' id='word_1_683' title='bbox 1264 4922 1518 4979; x_wconf 89' lang='lat' dir='ltr'><strong>cultrices</strong></span> <span class='ocrx_word' id='word_1_684' title='bbox 1534 4924 1713 4978; x_wconf 90' lang='lat' dir='ltr'><strong>vocari</strong></span> <span class='ocrx_word' id='word_1_685' title='bbox 1739 4924 1957 4988; x_wconf 82' lang='lat' dir='ltr'><strong>dixerit,</strong></span> <span class='ocrx_word' id='word_1_686' title='bbox 1977 4941 2303 4995; x_wconf 90' lang='lat' dir='ltr'><strong>causamque</strong></span> <span class='ocrx_word' id='word_1_687' title='bbox 2337 4928 2715 4995; x_wconf 88' lang='lat' dir='ltr'><strong>appellationis</strong></span> <span class='ocrx_word' id='word_1_688' title='bbox 2731 4928 2895 4982; x_wconf 90' lang='lat' dir='ltr'><strong>huius</strong></span> <span class='ocrx_word' id='word_1_689' title='bbox 2918 4928 3198 4991; x_wconf 92' lang='lat' dir='ltr'><strong>adiecerit,</strong></span> <span class='ocrx_word' id='word_1_690' title='bbox 3222 4935 3314 4981; x_wconf 90' lang='lat' dir='ltr'><strong>aut</strong></span> <span class='ocrx_word' id='word_1_691' title='bbox 3334 4926 3489 4997; x_wconf 90' lang='lat' dir='ltr'><strong>quod</strong></span> <span class='ocrx_word' id='word_1_692' title='bbox 3531 4927 3746 4981; x_wconf 87' lang='lat' dir='ltr'><strong>animos</strong></span> <span class='ocrx_word' id='word_1_693' title='bbox 3778 4936 3845 4975; x_wconf 80' lang='lat' dir='ltr'><strong>ac-</strong></span> 
     </span>
    </p>
   </div>
   <div class='ocr_carea' id='block_1_51' title="bbox 621 5016 3847 5089">
    <p class='ocr_par' dir='ltr' id='par_1_51' title="bbox 621 5016 3847 5089">
     <span class='ocr_line' id='line_1_51' title="bbox 621 5016 3847 5089; baseline -0 -17"><span class='ocrx_word' id='word_1_694' title='bbox 621 5017 979 5073; x_wconf 88' lang='lat' dir='ltr'><strong>cedentiuma</strong></span> <span class='ocrx_word' id='word_1_695' title='bbox 1016 5017 1360 5086; x_wconf 89' lang='lat' dir='ltr'><strong>passionibus</strong></span> <span class='ocrx_word' id='word_1_696' title='bbox 1380 5017 1616 5072; x_wconf 89' lang='lat' dir='ltr'><strong>malitiae</strong></span> <span class='ocrx_word' id='word_1_697' title='bbox 1656 5017 1828 5072; x_wconf 89' lang='lat' dir='ltr'><strong>instar</strong></span> <span class='ocrx_word' id='word_1_698' title='bbox 1861 5019 2195 5073; x_wconf 87' lang='lat' dir='ltr'><strong>medicorum</strong></span> <span class='ocrx_word' id='word_1_699' title='bbox 2229 5021 2526 5075; x_wconf 86' lang='lat' dir='ltr'><strong>liberantes</strong></span> <span class='ocrx_word' id='word_1_700' title='bbox 2547 5020 2861 5075; x_wconf 87' lang='lat' dir='ltr'><strong>curaverint</strong></span> <span class='ocrx_word' id='word_1_701' title='bbox 2881 5036 2943 5075; x_wconf 92' lang='lat' dir='ltr'><strong>ac</strong></span> <span class='ocrx_word' id='word_1_702' title='bbox 2969 5021 3299 5083; x_wconf 89' lang='lat' dir='ltr'><strong>sanaverint,</strong></span> <span class='ocrx_word' id='word_1_703' title='bbox 3329 5019 3416 5073; x_wconf 88' lang='lat' dir='ltr'><strong>vel</strong></span> <span class='ocrx_word' id='word_1_704' title='bbox 3441 5018 3609 5089; x_wconf 88' lang='lat' dir='ltr'><strong>quod</strong></span> <span class='ocrx_word' id='word_1_705' title='bbox 3648 5016 3847 5071; x_wconf 60' lang='lat' dir='ltr'><strong>caeleste</strong></span> 
     </span>
    </p>
   </div>
   <div class='ocr_carea' id='block_1_52' title="bbox 623 5100 3850 5182">
    <p class='ocr_par' dir='ltr' id='par_1_52' title="bbox 623 5100 3850 5182">
     <span class='ocr_line' id='line_1_52' title="bbox 623 5100 3850 5182; baseline -0.001 -18"><span class='ocrx_word' id='word_1_706' title='bbox 623 5125 824 5164; x_wconf 87' lang='lat' dir='ltr'><strong>numen</strong></span> <span class='ocrx_word' id='word_1_707' title='bbox 874 5110 1078 5165; x_wconf 91' lang='lat' dir='ltr'><strong>mundo</strong></span> <span class='ocrx_word' id='word_1_708' title='bbox 1117 5112 1268 5165; x_wconf 91' lang='lat' dir='ltr'><strong>cultu</strong></span> <span class='ocrx_word' id='word_1_709' title='bbox 1311 5110 1629 5179; x_wconf 89' lang='lat' dir='ltr'><strong>sinceraque</strong></span> <span class='ocrx_word' id='word_1_710' title='bbox 1664 5111 1922 5180; x_wconf 86' lang='lat' dir='ltr'><strong>religione</strong></span> <span class='ocrx_word' id='word_1_711' title='bbox 1963 5113 2205 5166; x_wconf 90' lang='lat' dir='ltr'><strong>venerati</strong></span> <span class='ocrx_word' id='word_1_712' title='bbox 2240 5112 2366 5167; x_wconf 90' lang='lat' dir='ltr'><strong>sint.</strong></span> <span class='ocrx_word' id='word_1_713' title='bbox 2404 5112 2529 5167; x_wconf 89' lang='lat' dir='ltr'><strong>Sive</strong></span> <span class='ocrx_word' id='word_1_714' title='bbox 2562 5112 2726 5182; x_wconf 88' lang='lat' dir='ltr'><strong>igitur</strong></span> <span class='ocrx_word' id='word_1_715' title='bbox 2757 5114 2898 5168; x_wconf 88' lang='lat' dir='ltr'><strong>hanc</strong></span> <span class='ocrx_word' id='word_1_716' title='bbox 2940 5112 3049 5166; x_wconf 90' lang='lat' dir='ltr'><strong>illis</strong></span> <span class='ocrx_word' id='word_1_717' title='bbox 3088 5111 3517 5182; x_wconf 87' lang='lat' dir='ltr'><strong>appellationem</strong></span> <span class='ocrx_word' id='word_1_718' title='bbox 3564 5110 3638 5165; x_wconf 90' lang='lat' dir='ltr'><strong>de</strong></span> <span class='ocrx_word' id='word_1_719' title='bbox 3680 5122 3773 5162; x_wconf 89' lang='lat' dir='ltr'><strong>suo</strong></span> <span class='ocrx_word' id='word_1_720' title='bbox 3797 5100 3850 5155; x_wconf 81' lang='lat' dir='ltr'><strong>ob</strong></span> 
     </span>
    </p>
   </div>
   <div class='ocr_carea' id='block_1_53' title="bbox 618 5194 3851 5275">
    <p class='ocr_par' dir='ltr' id='par_1_53' title="bbox 618 5194 3851 5275">
     <span class='ocr_line' id='line_1_53' title="bbox 618 5194 3851 5275; baseline 0 -22"><span class='ocrx_word' id='word_1_721' title='bbox 618 5202 928 5272; x_wconf 85' lang='lat' dir='ltr'><strong>praedictas</strong></span> <span class='ocrx_word' id='word_1_722' title='bbox 959 5218 1150 5257; x_wconf 91' lang='lat' dir='ltr'><strong>causas</strong></span> <span class='ocrx_word' id='word_1_723' title='bbox 1186 5202 1463 5272; x_wconf 90' lang='lat' dir='ltr'><strong>imposuit,</strong></span> <span class='ocrx_word' id='word_1_724' title='bbox 1494 5218 1801 5271; x_wconf 88' lang='lat' dir='ltr'><strong>nomenque</strong></span> <span class='ocrx_word' id='word_1_725' title='bbox 1833 5202 2075 5257; x_wconf 91' lang='lat' dir='ltr'><strong>virorum</strong></span> <span class='ocrx_word' id='word_1_726' title='bbox 2111 5203 2339 5258; x_wconf 89' lang='lat' dir='ltr'><strong>istorum</strong></span> <span class='ocrx_word' id='word_1_727' title='bbox 2375 5204 2596 5274; x_wconf 90' lang='lat' dir='ltr'><strong>proprie</strong></span> <span class='ocrx_word' id='word_1_728' title='bbox 2632 5204 2736 5259; x_wconf 92' lang='lat' dir='ltr'><strong>hoc</strong></span> <span class='ocrx_word' id='word_1_729' title='bbox 2771 5215 2928 5275; x_wconf 91' lang='lat' dir='ltr'><strong>pacto</strong></span> <span class='ocrx_word' id='word_1_730' title='bbox 2982 5203 3289 5273; x_wconf 90' lang='lat' dir='ltr'><strong>descripsit,</strong></span> <span class='ocrx_word' id='word_1_731' title='bbox 3323 5202 3443 5259; x_wconf 87' lang='lat' dir='ltr'><strong>sive</strong></span> <span class='ocrx_word' id='word_1_732' title='bbox 3494 5203 3690 5258; x_wconf 87' lang='lat' dir='ltr'><strong>statim</strong></span> <span class='ocrx_word' id='word_1_733' title='bbox 3724 5194 3851 5251; x_wconf 72' lang='lat' dir='ltr'><strong>initio</strong></span> 
     </span>
    </p>
   </div>
   <div class='ocr_carea' id='block_1_54' title="bbox 621 5291 3851 5365">
    <p class='ocr_par' dir='ltr' id='par_1_54' title="bbox 621 5291 3851 5365">
     <span class='ocr_line' id='line_1_54' title="bbox 621 5291 3851 5365; baseline 0.002 -20"><span class='ocrx_word' id='word_1_734' title='bbox 621 5307 750 5345; x_wconf 85' lang='lat' dir='ltr'><strong>vere</strong></span> <span class='ocrx_word' id='word_1_735' title='bbox 774 5293 853 5345; x_wconf 88' lang='lat' dir='ltr'><strong>sic</strong></span> <span class='ocrx_word' id='word_1_736' title='bbox 882 5292 1056 5346; x_wconf 90' lang='lat' dir='ltr'><strong>vocati</strong></span> <span class='ocrx_word' id='word_1_737' title='bbox 1079 5293 1206 5355; x_wconf 91' lang='lat' dir='ltr'><strong>sint,</strong></span> <span class='ocrx_word' id='word_1_738' title='bbox 1234 5307 1357 5345; x_wconf 91' lang='lat' dir='ltr'><strong>cum</strong></span> <span class='ocrx_word' id='word_1_739' title='bbox 1388 5291 1758 5347; x_wconf 87' lang='lat' dir='ltr'><strong>Christianum</strong></span> <span class='ocrx_word' id='word_1_740' title='bbox 1780 5308 1979 5347; x_wconf 92' lang='lat' dir='ltr'><strong>nomen</strong></span> <span class='ocrx_word' id='word_1_741' title='bbox 2005 5294 2425 5364; x_wconf 89' lang='lat' dir='ltr'><strong>haudquaquam</strong></span> <span class='ocrx_word' id='word_1_742' title='bbox 2463 5303 2576 5349; x_wconf 91' lang='lat' dir='ltr'><strong>tum</strong></span> <span class='ocrx_word' id='word_1_743' title='bbox 2603 5295 2800 5365; x_wconf 91' lang='lat' dir='ltr'><strong>quovis</strong></span> <span class='ocrx_word' id='word_1_744' title='bbox 2828 5297 2948 5351; x_wconf 91' lang='lat' dir='ltr'><strong>loco</strong></span> <span class='ocrx_word' id='word_1_745' title='bbox 2972 5296 3366 5360; x_wconf 90' lang='lat' dir='ltr'><strong>celebraretur,</strong></span> <span class='ocrx_word' id='word_1_746' title='bbox 3387 5312 3515 5351; x_wconf 89' lang='lat' dir='ltr'><strong>non</strong></span> <span class='ocrx_word' id='word_1_747' title='bbox 3539 5307 3632 5352; x_wconf 90' lang='lat' dir='ltr'><strong>est</strong></span> <span class='ocrx_word' id='word_1_748' title='bbox 3653 5304 3851 5350; x_wconf 60' lang='lat' dir='ltr'><strong>necesse</strong></span> 
     </span>
    </p>
   </div>
   <div class='ocr_carea' id='block_1_55' title="bbox 624 5384 3851 5455">
    <p class='ocr_par' dir='ltr' id='par_1_55' title="bbox 624 5384 3851 5455">
     <span class='ocr_line' id='line_1_55' title="bbox 624 5384 3851 5455; baseline 0.002 -17"><span class='ocrx_word' id='word_1_749' title='bbox 624 5394 683 5438; x_wconf 89' lang='lat' dir='ltr'><strong>ut</strong></span> <span class='ocrx_word' id='word_1_750' title='bbox 711 5384 1121 5438; x_wconf 87' lang='lat' dir='ltr'><strong>contendamus.</strong></span> <span class='ocrx_word' id='word_1_751' title='bbox 1154 5384 1267 5438; x_wconf 90' lang='lat' dir='ltr'><strong>lloc</strong></span> <span class='ocrx_word' id='word_1_752' title='bbox 1299 5394 1479 5438; x_wconf 88' lang='lat' dir='ltr'><strong>tamen</strong></span> <span class='ocrx_word' id='word_1_753' title='bbox 1499 5400 1620 5437; x_wconf 92' lang='lat' dir='ltr'><strong>cum</strong></span> <span class='ocrx_word' id='word_1_754' title='bbox 1644 5386 1836 5454; x_wconf 91' lang='lat' dir='ltr'><strong>primis</strong></span> <span class='ocrx_word' id='word_1_755' title='bbox 1873 5395 2124 5452; x_wconf 86' lang='lat' dir='ltr'><strong>testatur,</strong></span> <span class='ocrx_word' id='word_1_756' title='bbox 2147 5386 2291 5455; x_wconf 90' lang='lat' dir='ltr'><strong>quod</strong></span> <span class='ocrx_word' id='word_1_757' title='bbox 2320 5387 2673 5443; x_wconf 88' lang='lat' dir='ltr'><strong>facultatibus</strong></span> <span class='ocrx_word' id='word_1_758' title='bbox 2701 5390 2814 5443; x_wconf 88' lang='lat' dir='ltr'><strong>suis</strong></span> <span class='ocrx_word' id='word_1_759' title='bbox 2843 5389 3236 5454; x_wconf 91' lang='lat' dir='ltr'><strong>renunciarint,</strong></span> <span class='ocrx_word' id='word_1_760' title='bbox 3270 5404 3334 5443; x_wconf 91' lang='lat' dir='ltr'><strong>ac</strong></span> <span class='ocrx_word' id='word_1_761' title='bbox 3357 5390 3539 5445; x_wconf 87' lang='lat' dir='ltr'><strong>bonis</strong></span> <span class='ocrx_word' id='word_1_762' title='bbox 3566 5390 3637 5444; x_wconf 88' lang='lat' dir='ltr'><strong>ad</strong></span> <span class='ocrx_word' id='word_1_763' title='bbox 3673 5406 3728 5443; x_wconf 88' lang='lat' dir='ltr'><strong>se</strong></span> <span class='ocrx_word' id='word_1_764' title='bbox 3751 5403 3851 5455; x_wconf 78' lang='lat' dir='ltr'><strong>per-</strong></span> 
     </span>
    </p>
   </div>
   <div class='ocr_carea' id='block_1_56' title="bbox 624 5472 3853 5550">
    <p class='ocr_par' dir='ltr' id='par_1_56' title="bbox 624 5472 3853 5550">
     <span class='ocr_line' id='line_1_56' title="bbox 624 5472 3853 5550; baseline 0.002 -23"><span class='ocrx_word' id='word_1_765' title='bbox 624 5472 929 5527; x_wconf 86' lang='lat' dir='ltr'><strong>tinentibus</strong></span> <span class='ocrx_word' id='word_1_766' title='bbox 959 5474 1226 5528; x_wconf 88' lang='lat' dir='ltr'><strong>cesserint</strong></span> <span class='ocrx_word' id='word_1_767' title='bbox 1268 5474 1322 5527; x_wconf 88' lang='lat' dir='ltr'><strong>hi</strong></span> <span class='ocrx_word' id='word_1_768' title='bbox 1348 5476 1442 5545; x_wconf 90' lang='lat' dir='ltr'><strong>qui</strong></span> <span class='ocrx_word' id='word_1_769' title='bbox 1469 5476 1841 5545; x_wconf 89' lang='lat' dir='ltr'><strong>philosophari</strong></span> <span class='ocrx_word' id='word_1_770' title='bbox 1867 5477 2209 5546; x_wconf 89' lang='lat' dir='ltr'><strong>coepissent;</strong></span> <span class='ocrx_word' id='word_1_771' title='bbox 2240 5477 2438 5532; x_wconf 90' lang='lat' dir='ltr'><strong>deinde</strong></span> <span class='ocrx_word' id='word_1_772' title='bbox 2471 5488 2527 5533; x_wconf 91' lang='lat' dir='ltr'><strong>et</strong></span> <span class='ocrx_word' id='word_1_773' title='bbox 2549 5496 2580 5533; x_wconf 92' lang='lat' dir='ltr'><strong>a</strong></span> <span class='ocrx_word' id='word_1_774' title='bbox 2612 5496 2719 5534; x_wconf 91' lang='lat' dir='ltr'><strong>cun</strong></span> <span class='ocrx_word' id='word_1_775' title='bbox 2751 5480 2759 5550; x_wconf 95' lang='lat'>|</span> <span class='ocrx_word' id='word_1_776' title='bbox 2791 5480 2893 5535; x_wconf 90' lang='lat' dir='ltr'><strong>ctis</strong></span> <span class='ocrx_word' id='word_1_777' title='bbox 2918 5480 3061 5535; x_wconf 89' lang='lat' dir='ltr'><strong>vitae</strong></span> <span class='ocrx_word' id='word_1_778' title='bbox 3091 5480 3255 5535; x_wconf 91' lang='lat' dir='ltr'><strong>huius</strong></span> <span class='ocrx_word' id='word_1_779' title='bbox 3288 5480 3445 5535; x_wconf 88' lang='lat' dir='ltr'><strong>curis</strong></span> <span class='ocrx_word' id='word_1_780' title='bbox 3473 5479 3853 5535; x_wconf 86' lang='lat' dir='ltr'><strong>abstinuerint.</strong></span> 
     </span>
    </p>
   </div>
   <div class='ocr_carea' id='block_1_57' title="bbox 624 5563 3851 5642">
    <p class='ocr_par' dir='ltr' id='par_1_57' title="bbox 624 5563 3851 5642">
     <span class='ocr_line' id='line_1_57' title="bbox 624 5563 3851 5642; baseline 0.001 -21"><span class='ocrx_word' id='word_1_781' title='bbox 624 5563 935 5633; x_wconf 87' lang='lat' dir='ltr'><strong>relictisque</strong></span> <span class='ocrx_word' id='word_1_782' title='bbox 969 5565 1140 5619; x_wconf 87' lang='lat' dir='ltr'><strong>muris</strong></span> <span class='ocrx_word' id='word_1_783' title='bbox 1168 5566 1219 5619; x_wconf 90' lang='lat' dir='ltr'><strong>in</strong></span> <span class='ocrx_word' id='word_1_784' title='bbox 1246 5567 1388 5636; x_wconf 89' lang='lat' dir='ltr'><strong>agris</strong></span> <span class='ocrx_word' id='word_1_785' title='bbox 1408 5576 1464 5623; x_wconf 89' lang='lat' dir='ltr'><strong>et</strong></span> <span class='ocrx_word' id='word_1_786' title='bbox 1501 5568 1673 5622; x_wconf 87' lang='lat' dir='ltr'><strong>hortis</strong></span> <span class='ocrx_word' id='word_1_787' title='bbox 1700 5570 1944 5624; x_wconf 90' lang='lat' dir='ltr'><strong>solitarie</strong></span> <span class='ocrx_word' id='word_1_788' title='bbox 1973 5570 2278 5624; x_wconf 88' lang='lat' dir='ltr'><strong>conversati</strong></span> <span class='ocrx_word' id='word_1_789' title='bbox 2310 5570 2439 5633; x_wconf 89' lang='lat' dir='ltr'><strong>sint,</strong></span> <span class='ocrx_word' id='word_1_790' title='bbox 2465 5580 2616 5625; x_wconf 90' lang='lat' dir='ltr'><strong>certo</strong></span> <span class='ocrx_word' id='word_1_791' title='bbox 2644 5572 2878 5627; x_wconf 88' lang='lat' dir='ltr'><strong>scientes</strong></span> <span class='ocrx_word' id='word_1_792' title='bbox 2903 5574 3175 5629; x_wconf 87' lang='lat' dir='ltr'><strong>consortia</strong></span> <span class='ocrx_word' id='word_1_793' title='bbox 3205 5588 3393 5627; x_wconf 89' lang='lat' dir='ltr'><strong>eorum</strong></span> <span class='ocrx_word' id='word_1_794' title='bbox 3414 5613 3432 5635; x_wconf 94' lang='lat'><strong>,</strong></span> <span class='ocrx_word' id='word_1_795' title='bbox 3471 5575 3581 5642; x_wconf 89' lang='lat' dir='ltr'><strong>qui</strong></span> <span class='ocrx_word' id='word_1_796' title='bbox 3610 5572 3851 5640; x_wconf 74' lang='lat' dir='ltr'><strong>disparem</strong></span> 
     </span>
    </p>
   </div>
   <div class='ocr_carea' id='block_1_58' title="bbox 622 5656 3859 5739">
    <p class='ocr_par' dir='ltr' id='par_1_58' title="bbox 622 5656 3859 5739">
     <span class='ocr_line' id='line_1_58' title="bbox 622 5656 3859 5739; baseline 0.003 -27"><span class='ocrx_word' id='word_1_797' title='bbox 622 5656 991 5725; x_wconf 83' lang='lat' dir='ltr'><strong>sequebantur</strong></span> <span class='ocrx_word' id='word_1_798' title='bbox 1032 5657 1250 5712; x_wconf 82' lang='lat' dir='ltr'><strong>vivendi</strong></span> <span class='ocrx_word' id='word_1_799' title='bbox 1288 5658 1577 5728; x_wconf 89' lang='lat' dir='ltr'><strong>rationem,</strong></span> <span class='ocrx_word' id='word_1_800' title='bbox 1600 5660 1813 5715; x_wconf 89' lang='lat' dir='ltr'><strong>inutilia</strong></span> <span class='ocrx_word' id='word_1_801' title='bbox 1835 5670 1889 5716; x_wconf 89' lang='lat' dir='ltr'><strong>ct</strong></span> <span class='ocrx_word' id='word_1_802' title='bbox 1919 5662 2081 5716; x_wconf 88' lang='lat' dir='ltr'><strong>noxia</strong></span> <span class='ocrx_word' id='word_1_803' title='bbox 2107 5676 2228 5717; x_wconf 86' lang='lat' dir='ltr'><strong>esse</strong></span> <span class='ocrx_word' id='word_1_804' title='bbox 2258 5662 2366 5717; x_wconf 93' lang='lat' dir='ltr'><strong>illis</strong></span> <span class='ocrx_word' id='word_1_805' title='bbox 2389 5663 2481 5733; x_wconf 89' lang='lat' dir='ltr'><strong>qui</strong></span> <span class='ocrx_word' id='word_1_806' title='bbox 2520 5672 2633 5719; x_wconf 87' lang='lat' dir='ltr'><strong>tum</strong></span> <span class='ocrx_word' id='word_1_807' title='bbox 2654 5664 2917 5733; x_wconf 85' lang='lat' dir='ltr'><strong>temporis</strong></span> <span class='ocrx_word' id='word_1_808' title='bbox 2948 5664 3072 5733; x_wconf 90' lang='lat' dir='ltr'><strong>hoc,</strong></span> <span class='ocrx_word' id='word_1_809' title='bbox 3119 5675 3179 5721; x_wconf 86' lang='lat' dir='ltr'><strong>ut</strong></span> <span class='ocrx_word' id='word_1_810' title='bbox 3210 5680 3309 5736; x_wconf 84' lang='lat' dir='ltr'><strong>par</strong></span> <span class='ocrx_word' id='word_1_811' title='bbox 3341 5676 3495 5731; x_wconf 82' lang='lat' dir='ltr'><strong>erat,</strong></span> <span class='ocrx_word' id='word_1_812' title='bbox 3518 5667 3777 5739; x_wconf 85' lang='lat' dir='ltr'><strong>agebant,</strong></span> <span class='ocrx_word' id='word_1_813' title='bbox 3814 5672 3859 5716; x_wconf 78' lang='lat' dir='ltr'><strong>ut</strong></span> 
     </span>
    </p>
   </div>
   <div class='ocr_carea' id='block_1_59' title="bbox 694 5746 1291 5820">
    <p class='ocr_par' dir='ltr' id='par_1_59' title="bbox 694 5746 1291 5820">
     <span class='ocr_line' id='line_1_59' title="bbox 694 5746 1291 5820; baseline 0.003 -21"><span class='ocrx_word' id='word_1_814' title='bbox 694 5749 709 5777; x_wconf 79' lang='grc'>¹</span> <span class='ocrx_word' id='word_1_815' title='bbox 742 5746 867 5800; x_wconf 82' lang='lat' dir='ltr'><strong>Lib.</strong></span> <span class='ocrx_word' id='word_1_816' title='bbox 901 5763 937 5801; x_wconf 82' lang='grc' dir='ltr'><strong><em>ιι</em></strong></span> <span class='ocrx_word' id='word_1_817' title='bbox 961 5762 1076 5820; x_wconf 87' lang='lat' dir='ltr'><strong>cap.</strong></span> <span class='ocrx_word' id='word_1_818' title='bbox 1110 5748 1178 5802; x_wconf 79' lang='grc'>16</span> <span class='ocrx_word' id='word_1_819' title='bbox 1206 5762 1291 5817; x_wconf 91' lang='lat' dir='ltr'><strong>sq.</strong></span> 
     </span>
    </p>
   </div>
  </div>
