3950 6532
160 346 264 401 205
931 340 1021 396 AD
1082 335 1476 396 VERSIONEM
1518 335 1673 392 LAT.
1720 335 1883 392 110M.
1928 338 1984 393 S.
2020 338 2300 394 MAGARII
2340 336 2681 394 AEGYPTli.
3297 335 3404 395 294

158 465 323 523 alacri
354 462 695 531 ferventique
744 460 848 515 fide
874 475 970 514 eos
1006 459 1356 513 imitarentur
1380 457 1472 526 qui
1504 457 1881 526 propheticam
1921 458 2088 511 vitam
2126 456 2421 510 ducebant.
2456 456 2676 510 Etenim
2714 463 2771 509 et
2821 454 2874 509 in
2925 455 3077 511 Actis
3125 461 3404 527 apostolo-

163 574 282 615 rum
312 558 354 623 ί,
387 558 454 612 de
492 556 698 625 quibus
730 554 865 608 nihil
899 561 985 607 est
1016 551 1193 615 dubii,
1222 550 1330 604 hoc
1374 559 1731 612 memoratur,
1773 548 1918 617 quod
1952 564 2142 603 omnes
2186 549 2572 619 Apostolorum
2623 548 2879 617 discipuli
2926 553 3299 619 poSsessiones
3336 569 3405 610 ac

156 652 443 707 facultates
472 664 598 704 suas
645 646 956 702 divenditas
992 645 1204 699 cunctis
1246 642 1652 706 distribuerint,
1689 642 1837 696 iuxta
1878 642 2021 711 quod
2075 642 2316 697 cuiusvis
2347 642 2599 712 exigebat
2632 642 2951 708 necessitas,
2992 643 3067 698 ita
3122 654 3184 700 ut
3239 662 3405 704 nemo

156 762 382 814 prorsus
406 747 550 800 inter
583 760 677 799 eos
697 750 903 813 egeret.
940 738 1220 808 Quotquot
1244 738 1414 801 enim,
1440 737 1582 791 sicut
1618 736 1733 805 ipsa
1765 736 1932 789 verba
1973 735 2194 799 habent,
2213 751 2555 805 possessores
2575 745 2732 791 erant
2756 751 3012 806 agrorum
3039 747 3134 792 aut
3158 739 3400 804 aedium,

154 836 549 901 vendiderunt,
581 851 645 889 ac
693 833 937 903 pretium
976 832 1367 887 distractorum
1397 829 1664 882 bonorum
1699 827 1991 881 afferentes
2022 828 2089 881 ad
2121 830 2289 898 pedes
2319 827 2703 897 Apostolorum
2734 828 3039 897 ponebant,
3074 829 3141 883 ad
3193 830 3317 898 hoc,
3342 843 3402 890 ut

153 924 383 994 singulis
424 924 720 979 secundum
746 922 990 977 cuiusvis
1026 920 1409 975 necessitatem
1458 916 1879 985 expenderetur.
1924 916 2240 971 Consimilia
2283 918 2400 971 istis
2430 917 2743 987 praedictus
2773 918 2928 973 Philo
2960 919 3301 988 testiﬁcatus,
3334 926 3401 980 ad

151 1016 383 1069 verbum
428 1016 649 1070 subiicit
675 1015 902 1069 dicens:
940 1033 958 1065 ‹
993 1014 1090 1067 Est
1122 1020 1305 1067 autem
1360 1011 1417 1064 in
1456 1009 1644 1063 multis
1676 1007 1894 1076 quidem
1929 1016 2198 1062 terrarum
2230 1009 2366 1064 locis
2406 1009 2511 1063 hoc
2546 1025 2718 1079 genus
2748 1009 3071 1078 hominum;
3114 1014 3405 1083 oportebat

150 1108 300 1160 enim
334 1108 558 1176 perfecti
590 1108 719 1161 boni
749 1107 1042 1176 participes
1060 1105 1178 1160 fieri
1200 1113 1307 1159 tam
1330 1103 1569 1158 Graecos
1594 1118 1757 1172 quam
1780 1103 2050 1156 Barbaros
2076 1119 2299 1156 :verum
2324 1103 2381 1156 in
2406 1103 2648 1180 Aegypto
2673 1104 2727 1158 in
2762 1105 2992 1176 singulis
3018 1108 3398 1189 praefecturis,

149 1201 315 1255 sicuti
339 1210 555 1265 vocant,
583 1202 845 1265 abundat,
873 1210 929 1255 et
959 1201 1193 1254 maxime
1241 1199 1386 1252 circa
1415 1196 1819 1251 Alexandriam.
1847 1196 2098 1264 Undique
2131 1204 2313 1249 autem
2340 1196 2580 1265 optimus
2621 1199 2853 1266 quisque
2885 1199 3036 1253 velut
3067 1199 3122 1253 in
3145 1203 3397 1271 patriam,

148 1289 222 1342 ita
261 1290 322 1342 in
354 1291 631 1345 cultorum
673 1292 943 1346 coloniam
972 1291 1040 1344 ad
1074 1290 1576 1345 commodissimum
1610 1289 1813 1351 locum,
1858 1288 1951 1357 qui
1986 1289 2126 1343 laeui
2171 1289 2373 1342 Mariae
2418 1288 2472 1342 in
2506 1291 2717 1342 tumulo
2765 1290 3122 1346 submissiore
3163 1286 3396 1357 adiacet,

146 1366 449 1434 admodum
476 1392 780 1451 Opportune
826 1390 1050 1450 propter
1084 1381 1435 1435 securitatem
1469 1381 1719 1450 aerisque
1752 1382 2073 1449 temperiem
2107 1396 2225 1435 sese
2258 1381 2473 1450 recipit.
2510 1400 2526 1433 ι
2568 1382 2777 1437 Deinde
2810 1394 2865 1437 et
2909 1383 3274 1441 habitationes
3301 1404 3399 1443 θοι

148 1487 293 1534 rum,
332 1474 522 1541 quales
568 1474 691 1528 illae
746 1476 971 1540 fuerint,
999 1475 1338 1535 describens,
1365 1474 1433 1527 de
1477 1474 1728 1527 ecclesiis
1754 1473 1874 1527 eius
1912 1474 2151 1544 regionis
2180 1474 2318 1529 haec
2355 1474 2526 1528 dicit:
2567 1494 2584 1525 ‹
2618 1474 2679 1528 In
2712 1475 2939 1544 singulis
2970 1485 3154 1530 autem
3183 1493 3397 1533 sacrum

156 1560 508 1616 domicilium
535 1572 637 1627 est,
671 1563 816 1633 quod
868 1567 1109 1633 σεμνεῖον
1131 1572 1187 1617 et
1228 1562 1597 1617 nionasterion
1620 1571 1845 1615 vocatur
1872 1580 1887 1629 ;
1917 1563 1973 1616 in
2006 1579 2117 1633 quo
2143 1573 2446 1628 manentes,
2475 1565 2735 1619 honestae
2761 1582 2824 1620 ac
2866 1576 3084 1621 sanctae
3104 1569 3249 1623 vitae
3278 1586 3399 1641 my-s

148 1655 316 1708 steria
343 1656 644 1719 celebrant,
670 1657 807 1710 nihil
834 1658 926 1712 illo
950 1657 1272 1721 inferentes,
1308 1656 1315 1725 |
1349 1672 1452 1710 nec
1468 1663 1679 1726 potum,
1702 1672 1804 1711 nec
1831 1657 2034 1721 cibum,
2058 1672 2238 1726 neque
2263 1657 2410 1711 aliud
2434 1658 2729 1727 quidquam
2754 1674 2941 1711 eorum
2956 1675 3094 1729 quae
3119 1661 3185 1714 ad
3208 1676 3400 1731 corpo-a

154 1746 226 1799 ris
267 1757 403 1801 sunt
441 1750 893 1803 sustentationem
924 1750 1251 1814 necessaria,
1286 1749 1383 1803 sed
1416 1749 1562 1819 leges
1588 1757 1644 1803 et
1676 1750 1897 1803 oracula
1928 1748 2317 1819 prophetarum
2350 1759 2406 1805 et
2440 1749 2670 1821 hymnos
2702 1766 2764 1805 ac
2798 1751 3011 1820 reliqua
3054 1748 3395 1817 huiusmodi,

149 1835 355 1904 quibus
383 1837 611 1893 scientia
634 1848 690 1892 et
710 1839 884 1907 pietas
912 1848 1213 1909 augescunt
1234 1846 1290 1892 et
1322 1846 1789 1892 consummantur.
1831 1857 1850 1890 ι
1876 1839 1953 1910 Et
1968 1840 2247 1909 aliquanto
2268 1849 2391 1910 post
2421 1840 2553 1895 dicit
2578 1858 2589 1893 :
2620 1835 2850 1897 «Totum
2885 1852 3066 1897 autem
3097 1844 3231 1898 illud
3256 1853 3397 1899 tem—

156 1925 309 1991 poris
352 1927 616 1993 spacium,
661 1929 808 1997 quod
833 1944 863 1982 a
896 1928 1137 1983 diluculo
1168 1937 1251 1984 est
1290 1944 1463 1998 usque
1508 1929 1577 1982 ad
1623 1944 1929 1998 vesperam,
1982 1930 2037 1983 in
2068 1928 2388 1985 exercitium
2430 1929 2538 1987 illis
2589 1934 2903 1987 insumitur.
2959 1933 3155 1990 Sacras
3193 1937 3397 2006 quippe

145 2015 466 2086 Scripturas
488 2020 730 2089 legentes
759 2020 1232 2089 philosophantur,
1260 2036 1323 2074 ac
1359 2019 1592 2088 patriam
1619 2012 2015 2089 philosophiam
2055 2021 2346 2091 allegorice
2380 2028 2635 2076 tractant.
2673 2023 2891 2079 Etenim
2914 2034 3110 2095 putant
3138 2043 3225 2093 ea,
3253 2041 3397 2098 quae

144 2107 199 2160 in
237 2109 531 2165 manifesta
557 2120 685 2165 sunt
717 2111 1121 2182 Scripturarum
1152 2112 1491 2182 expositione
1521 2153 1535 2178 ,
1571 2108 1837 2181 quaedam
1874 2127 1994 2166 esse
2037 2112 2386 2168 absconditae
2420 2124 2650 2170 naturae
2675 2117 2916 2187 symbola
2958 2134 3056 2188 per
3085 2120 3287 2191 ﬁguras
3317 2121 3396 2175 si-

145 2202 430 2269 gnificata.
463 2204 678 2259 Habent
704 2214 760 2259 et
789 2206 1208 2260 commentarios
1233 2202 1537 2275 priscorum
1564 2204 1834 2270 virorum,
1859 2208 1951 2277 qui
1994 2222 2119 2261 cum
2181 2206 2472 2263 haereseos
2517 2209 2759 2279 ipsorum
2799 2212 2967 2265 duces
2993 2219 3195 2276 essent,
3226 2212 3395 2267 multa

144 2293 208 2349 in
239 2294 422 2354 forma
475 2311 662 2353 rerum
692 2296 983 2367 allegorice
1022 2296 1347 2352 traditarum
1381 2305 1506 2365 post
1534 2311 1592 2350 se
1633 2306 1988 2351 monumenta
2033 2295 2397 2365 reliquerunt,
2427 2299 2629 2368 quibus
2668 2308 2925 2369 tanquam
2959 2300 3269 2372 archetypis
3311 2303 3394 2356 usi

140 2392 419 2459 propositi
448 2391 663 2446 illorum
689 2388 973 2447 imitamur
1001 2388 1291 2442 rationein.
1339 2408 1357 2439 ›
1391 2388 1538 2442 Haec
1579 2388 1746 2458 igitur
1778 2389 1853 2442 ita
1900 2388 2163 2442 videntur
2207 2389 2275 2441 ab
2313 2390 2420 2444 hoc
2449 2390 2572 2444 viro
2607 2391 2773 2456 dicta,
2811 2401 2875 2447 ut
2917 2401 3210 2461 appareat,
3239 2392 3392 2447 illum

139 2498 343 2539 eorum
380 2481 548 2536 fuisse
585 2483 925 2547 auditorem,
954 2480 1044 2553 qui
1081 2494 1262 2537 sacras
1298 2478 1614 2552 Scripturas
1643 2489 2036 2551 exposuerunt.
2064 2479 2203 2536 Vero
2248 2479 2425 2534 simile
2456 2488 2639 2534 autem
2674 2490 2777 2545 est,
2819 2483 3239 2537 commentarios
3271 2482 3394 2537 illos

140 2573 459 2639 priscorum
486 2573 748 2639 virorum,
774 2590 911 2644 quos
934 2576 1076 2643 apud
1104 2589 1199 2628 eos
1231 2574 1398 2628 fuisse
1440 2574 1594 2637 dicit,
1618 2589 1741 2628 esse
1784 2574 2083 2643 Evangelia
2114 2584 2169 2629 et
2200 2570 2589 2644 Apostolorum
2620 2572 2844 2641 scripta,
2870 2577 2926 2627 et
2956 2573 3216 2642 quasdam
3248 2572 3394 2626 anti-

136 2681 385 2733 quorum
427 2666 817 2735 prophetarum
865 2666 1250 2736 expositiones,
1283 2666 1472 2735 quales
1521 2681 1646 2720 cum
1683 2681 1767 2729 ea,
1808 2681 1946 2735 quae
1985 2665 2054 2721 ad
2098 2666 2378 2721 Hebraeos
2425 2676 2528 2731 est,
2566 2674 2681 2721 tum
2725 2664 2863 2718 aliae
2908 2663 3093 2733 plures
3133 2664 3393 2734 epistolae

138 2752 301 2811 Pauli
342 2759 644 2812 continent.
670 2758 912 2828 Denique
932 2766 987 2813 et
1018 2759 1085 2813 de
1121 2775 1207 2824 eo,
1233 2758 1379 2829 quod
1401 2759 1467 2813 de
1488 2774 1631 2813 novo
1666 2759 1905 2828 psalmos
1937 2759 2361 2828 composuerint,
2382 2759 2448 2813 ad
2472 2759 2618 2813 hunc
2652 2753 2873 2813 modum
2906 2756 3133 2809 scribit:
3164 2775 3181 2807 ι
3205 2756 3391 2826 Itaque

138 2868 258 2905 non
286 2851 454 2906 modo
489 2852 671 2907 divina
703 2854 1163 2922 contemplantur,
1192 2854 1285 2908 sed
1306 2862 1363 2907 et
1387 2854 1600 2908 cantica
1616 2861 1671 2907 et
1697 2854 1927 2923 hymnos
1947 2853 2012 2908 ad
2042 2853 2211 2908 Deum
2236 2853 2625 2908 sacratioribus
2648 2854 2825 2908 omnis
2850 2849 3064 2925 generis
3090 2859 3389 2904 metrorum

132 2956 194 2998 et
227 2944 540 2998 carminum
568 2942 836 3013 rhythmis
858 2943 1097 3013 graviter
1127 2951 1472 2998 construunt.
1508 2962 1526 2994 ›
1570 2940 1638 2997 Et
1658 2942 1763 2996 alia
1794 2943 2017 3012 quidem
2048 2942 2215 2996 multa
2245 2942 2312 2997 de
2347 2942 2475 3008 illis,
2507 2959 2741 3012 quorum
2782 2945 2871 2998 hic
2901 2940 3238 2999 mentionem
3261 2940 3394 2995 facis

129 3050 287 3099 mus,
316 3036 376 3088 in
413 3050 479 3088 eo
522 3034 665 3088 libro
697 3034 935 3089 disserit.
971 3033 1174 3088 Verum
1221 3035 1313 3089 illa
1342 3037 1459 3089 visa
1501 3048 1628 3090 sunt
1652 3036 1968 3090 necessario
1993 3034 2300 3104 deligenda,
2328 3050 2428 3104 per
2456 3051 2596 3104 quae
2636 3044 2813 3089 certas
2831 3036 3236 3091 ecclesiasticae
3258 3051 3393 3092 conv

126 3136 300 3179 versa
334 3125 345 3194 Ι
379 3125 543 3179 tionis
588 3133 743 3178 notas
782 3124 982 3193 posuit.
1011 3123 1165 3189 Quod
1211 3125 1255 3178 si
1305 3126 1539 3194 cuipiam
1567 3142 1629 3180 ea
1659 3140 1819 3194 quae,
1853 3124 1998 3179 dicta
2044 3133 2190 3188 sunt,
2224 3141 2332 3178 non
2354 3126 2574 3194 proprie
2597 3125 2664 3178 ad
2692 3125 3064 3195 evangelicam
3109 3129 3389 3198 pertinere

126 3218 413 3287 politiam,
439 3216 538 3271 sed
580 3224 635 3271 et
665 3216 787 3270 aliis
813 3226 1031 3286 praeter
1067 3216 1240 3270 dictos
1264 3218 1503 3270 cultores
1530 3216 1769 3285 adaptari
1804 3232 1963 3284 posse
1995 3216 2272 3279 videntur,
2295 3215 2480 3269 credat
2521 3216 2712 3269 saltem
2746 3214 2832 3270 his
2864 3215 3013 3271 illius
3036 3217 3221 3274 verbis
3243 3234 3385 3288 quae

126 3308 526 3371 subiiciemus,
553 3323 619 3360 ex
648 3308 848 3376 quibus
886 3306 1276 3368 indubitatum,
1314 3307 1359 3359 si
1391 3322 1565 3375 aequo
1609 3306 1681 3359 sit
1726 3305 1927 3369 animo,
1956 3305 2059 3359 hac
2100 3304 2166 3359 de
2220 3320 2280 3359 re
2316 3305 2689 3359 testimonium
2740 3306 3065 3376 reportabit.
3118 3306 3209 3363 Sic
3238 3308 3386 3364 enim

123 3399 343 3454 scribit
373 3415 386 3449 :
428 3418 443 3444 σ
472 3396 872 3451 Continentiam
899 3405 1078 3450 autem
1110 3396 1351 3465 primum
1397 3405 1653 3464 tanquam
1701 3394 2116 3448 fundamentum
2152 3394 2427 3463 quoddam
2466 3395 2522 3449 in
2565 3397 2745 3451 anima
2781 3398 3072 3464 collocant,
3103 3399 3302 3458 deinde
3332 3400 3388 3459 et

122 3494 279 3546 alias
313 3491 551 3544 virtutes
575 3498 981 3559 superstruunt.
1010 3488 1204 3543 Cibum
1237 3498 1330 3542 aut
1352 3497 1542 3557 potum
1569 3502 1731 3541 nemo
1756 3488 1977 3541 illorum
2023 3496 2148 3541 ante
2180 3487 2312 3541 solis
2343 3502 2594 3542 occasum
2623 3500 2871 3558 usurpat.
2895 3490 3108 3546 Etenim
3144 3492 3385 3563 philoso-

119 3582 306 3651 phiae
329 3581 573 3635 studium
596 3581 739 3643 luce,
772 3578 1018 3649 corporis
1052 3594 1180 3633 vero
1208 3579 1563 3633 necessitates
1594 3578 1837 3633 tenebris
1870 3578 2063 3649 dignas
2088 3593 2207 3632 esse
2233 3578 2515 3645 iudicant;
2550 3580 2692 3634 unde
2729 3587 2787 3635 et
2805 3581 2948 3635 diem
2980 3583 3079 3648 illi,
3109 3583 3229 3640 istis
3254 3601 3386 3641 vero

120 3673 419 3727 modicam
466 3672 641 3727 noctis
690 3683 900 3741 partem
952 3672 1218 3727 tribuunt.
1267 3672 1523 3726 Nonnulli
1567 3688 1633 3726 ex
1681 3671 1761 3725 eis
1828 3679 1943 3726 toto
1986 3671 2166 3726 triduo
2210 3671 2318 3725 cibi
2358 3688 2467 3727 non
2515 3672 2912 3738 recordantur,
2963 3676 3164 3744 quibus
3207 3680 3385 3734 maius

115 3765 409 3821 scientiae
437 3781 598 3834 quam
630 3766 737 3819 cibi
760 3765 1094 3820 desiderium
1126 3765 1344 3820 insedit.
1370 3764 1632 3820 Nonnulli
1672 3763 1745 3818 ita
1779 3765 2056 3820 laetantur
2094 3779 2159 3819 ac
2202 3763 2546 3820 delectantur
2585 3765 2851 3834 sapientia
2885 3766 3059 3836 pasci,
3113 3784 3252 3838 quae
3286 3769 3385 3824 do-

122 3869 331 3929 gmata
362 3858 619 3926 opulente
650 3866 707 3912 et
726 3857 941 3911 abunde
962 3858 1362 3923 subministrat,
1384 3868 1445 3912 ut
1468 3859 1745 3929 duplicato
1780 3857 2042 3927 temporis
2062 3856 2236 3926 spatio
2254 3856 2583 3921 abstineant,
2608 3874 2670 3912 ac
2689 3858 2780 3912 vix
2801 3874 2899 3928 per
2930 3876 3022 3914 sex
3046 3859 3163 3915 dies
3191 3876 3383 3916 neces—

113 3950 289 4003 sario
321 3948 453 4001 cibo
489 3956 771 4018 gustantes
797 3958 1109 4001 vescantur.
1141 3964 1159 3997 ι
1197 3948 1340 4002 Haec
1367 3949 1611 4004 Philonis
1635 3949 1804 4003 verba
1827 3949 1971 4002 clare
2004 3958 2061 4001 et
2090 3946 2295 4015 absque
2326 3948 2436 4002 ulla
2463 3948 2893 4006 contradictione
2929 3950 2997 4005 de
3028 3951 3231 4006 nostris
3262 3968 3383 4009 esse

108 4043 276 4095 dicta
300 4050 582 4109 putamus.
626 4039 681 4093 Si
710 4054 841 4092 vero
884 4038 1065 4092 adhuc
1095 4038 1382 4107 quisquam
1414 4039 1700 4094 obﬁrmate
1732 4037 2148 4100 contradixerit,
2178 4038 2267 4091 vel
2292 4037 2370 4091 sic
2401 4038 2508 4091 sibi
2535 4039 2853 4108 persuaderi
2885 4041 3050 4106 sinat,
3082 4050 3143 4095 ut
3184 4044 3381 4099 clario-

105 4139 285 4192 ribus
333 4132 900 4188 demonstrationibus
919 4132 1126 4195 credat,
1150 4145 1286 4200 quas
1320 4148 1430 4185 non
1472 4133 1614 4202 apud
1639 4132 1775 4187 alios
1799 4131 2061 4201 quosdam
2093 4130 2199 4184 nisi
2220 4130 2387 4184 solam
2413 4129 2847 4186 Christianorum
2876 4134 3174 4189 secundum
3201 4138 3380 4193 Evan-

102 4229 341 4299 gelium
380 4224 702 4293 religionem
739 4222 984 4275 invenire
1022 4221 1168 4274 licet.
1218 4220 1360 4274 Dicit
1388 4221 1558 4284 enim,
1589 4222 1735 4291 apud
1763 4237 1881 4286 eos,
1926 4220 1994 4275 de
2030 4220 2231 4289 quibus
2274 4219 2539 4288 loquitur,
2577 4220 2837 4276 mulieres
2874 4238 3090 4294 quoque
3126 4227 3378 4296 reperiri,

101 4332 371 4387 quarum
396 4316 686 4385 pleraeque
714 4312 1052 4383 grandaevae
1076 4310 1321 4381 virgines
1345 4312 1649 4365 castitatem
1681 4327 1792 4365 non
1821 4312 2170 4375 necessitate,
2195 4310 2336 4365 sicut
2361 4311 2626 4381 quaedam
2653 4312 2963 4367 sacerdotes
2985 4314 3130 4384 apud
3168 4327 3378 4387 gentes,

100 4413 302 4482 magis
335 4425 504 4479 quam
552 4416 741 4478 sponte
779 4422 876 4460 sua
906 4415 1131 4475 propter
1155 4407 1329 4460 zelum
1360 4421 1423 4460 ac
1448 4406 1784 4460 desiderium
1829 4405 2125 4475 sapientiae
2170 4405 2498 4469 custodiant,
2532 4404 2690 4459 cuius
2712 4406 3098 4461 commercium
3137 4409 3381 4466 studiose

96 4505 402 4565 colentes,
426 4515 716 4569 corporum
737 4499 1061 4569 voluptates,
1080 4499 1151 4552 im
1186 4498 1197 4569 ι
1226 4498 1535 4554 mortalium
1560 4499 1880 4564 liberorum,
1904 4514 2041 4568 quos
2063 4498 2212 4552 solus
2229 4514 2415 4553 amans
2434 4498 2528 4553 Dei
2551 4498 2764 4553 animus
2786 4514 2852 4553 ex
2872 4515 2929 4554 se
2945 4500 3163 4571 gignere
3179 4510 3377 4573 potest,

97 4614 224 4652 non
254 4595 589 4651 mortalium
618 4592 847 4662 cupidae
880 4602 1262 4662 aspernentur.
1291 4592 1497 4647 Deinde
1524 4592 1849 4648 subsecutus
1880 4592 2084 4647 clarius
2121 4592 2223 4647 ista
2249 4591 2473 4661 exponit
2502 4609 2513 4644 :
2558 4609 2575 4641 ι
2602 4592 3081 4661 lnterpretationes
3105 4584 3317 4660 autem,
3337 4614 3356 4646 ι

94 4690 370 4761 inquit,«
409 4696 719 4741 sanctarum
750 4686 1157 4754 Scripturarum
1184 4686 1507 4754 allegoricae
1537 4685 1644 4739 illis
1669 4700 1732 4739 ac
1765 4684 2025 4754 figuratae
2058 4692 2203 4737 sunt.
2231 4682 2459 4737 Videtur
2490 4683 2635 4737 enim
2662 4682 2797 4737 viris
2829 4680 2946 4739 istis
2968 4681 3222 4739 universa
3243 4687 3380 4758 legis

94 4784 426 4852 Scriptura
470 4779 731 4833 animanti
765 4779 959 4833 similis
981 4795 1121 4845 esse,
1144 4779 1218 4833 ita
1245 4787 1307 4833 ut
1345 4778 1663 4849 superﬁcies
1694 4778 2012 4840 verborum,
2037 4777 2303 4847 corporis,
2338 4792 2533 4831 sensus
2555 4792 2688 4831 vero
2725 4772 2782 4831 in
2812 4773 2998 4832 verbis
3040 4779 3375 4839 reconditus,

87 4878 345 4931 animae
377 4872 450 4926 sit
487 4870 628 4934 loco,
655 4884 816 4940 quem
864 4870 1107 4939 ipsorum
1151 4869 1349 4940 religio
1379 4869 1691 4939 praecipue,
1731 4868 1885 4937 quasi
1924 4883 2021 4937 per
2059 4868 2341 4936 speculum
2384 4867 2665 4921 nominum
2694 4863 2945 4922 eximiam
2981 4868 3376 4923 sententiarum

90 4966 608 5042 pulchritudinem
652 4965 988 5019 relucentem
1032 4965 1350 5028 observans,
1380 4965 1741 5033 contemplari
1788 4964 1987 5033 coepit.
2027 4982 2045 5014 ›
2085 4960 2225 5027 Quid
2259 4978 2397 5031 opus
2424 4970 2507 5016 est
2546 4960 2665 5017 istis
2704 4960 2966 5028 adiicere,
3000 4963 3276 5031 quomodo
3320 4966 3377 5019 in

87 5077 292 5117 unum
340 5057 679 5127 congregati,
718 5057 1115 5126 separatimque
1142 5057 1246 5111 viri
1276 5074 1339 5111 ac
1367 5057 1655 5127 separatim
1705 5056 1965 5109 mulieres
2005 5055 2312 5109 conversati
2339 5054 2467 5119 sint,
2495 5063 2550 5109 et
2576 5070 2713 5124 quae
2743 5055 2851 5109 illis
2883 5056 3138 5109 exercitia
3163 5052 3217 5110 in
3241 5072 3378 5111 con.

82 5166 271 5210 sueto
296 5151 551 5215 fuerint;
577 5166 715 5219 quae
744 5150 1042 5203 etiamnum
1071 5150 1212 5219 apud
1242 5165 1343 5204 nos
1369 5150 1590 5213 durant,
1620 5158 1676 5203 et
1704 5149 1995 5217 praecipue
2019 5148 2162 5203 circa
2185 5147 2437 5201 salutaris
2458 5147 2733 5201 Passionis
2755 5146 2949 5201 festum
2986 5143 3128 5201 diem
3156 5147 3209 5201 in
3234 5140 3375 5201 ieiu-

86 5248 211 5301 niis
250 5255 325 5299 et
370 5242 585 5313 vigiliis
619 5240 909 5295 nocturnis
956 5241 1376 5310 divinorumque
1415 5256 1734 5295 sermonum
1781 5240 2018 5294 lectione
2050 5254 2309 5294 exercere
2355 5237 3036 5303 consuevimus?Quaevir
3060 5239 3375 5307 praedictus

81 5338 315 5392 eodem
367 5333 555 5394 modo,
586 5346 695 5401 quo
725 5334 867 5400 apud
912 5346 1013 5384 nos
1049 5332 1194 5385 solos
1216 5332 1482 5385 hactenus
1516 5336 1644 5385 sunt
1667 5339 1900 5394 servata,
1930 5330 2219 5400 diligenter
2256 5327 2542 5383 annotavit
2571 5334 2626 5381 et
2651 5329 3057 5382 commentariis
3080 5329 3194 5383 suis
3226 5330 3373 5382 inse.-

82 5432 237 5495 ruit,
272 5425 621 5498 praesertim
661 5433 961 5477 nocturnas
982 5422 1159 5493 magni
1192 5422 1313 5477 festi
1340 5424 1572 5494 vigilias,
1596 5432 1651 5477 et
1684 5420 1877 5476 horum
1902 5419 2183 5485 exercitia,
2209 5437 2330 5475 cum
2361 5420 2575 5492 hymnis
2602 5419 2693 5489 qui
2725 5419 2867 5489 apud
2900 5435 3000 5474 nos
3030 5420 3136 5474 dici
3173 5421 3372 5480 solent.

80 5518 485 5579 describens;
522 5523 577 5569 et
601 5514 874 5583 quomodo
897 5529 1007 5567 uno
1043 5528 1167 5566 cum
1195 5512 1449 5583 rhythmo
1473 5514 1736 5582 psallente
1781 5512 1974 5582 reliqui
2008 5528 2131 5567 cum
2163 5512 2382 5566 silentio
2414 5512 2783 5565 auscultantes
2810 5519 3105 5564 extremam
3145 5512 3375 5583 hymno.

83 5627 223 5666 rum
284 5612 520 5681 partem
567 5622 674 5661 una
721 5621 845 5661 cum
888 5603 982 5660 illo
1028 5604 1368 5660 concinendo
1394 5605 1717 5672 terminent;
1746 5603 2020 5676 quomodo
2060 5603 2225 5657 etiam
2267 5601 2563 5672 praedictis
2591 5600 2785 5655 diebus
2826 5599 2977 5654 humi
3020 5602 3073 5656 in
3117 5605 3375 5671 stragulis

162 5732 181 5762 ¹
237 5730 385 5782 Act.
411 5738 483 5779 ιν.
520 5720 589 5777 32
620 5734 741 5789 sqq.

2784 5870 2817 5879 ν.
