3950 6564
565 360 674 419 2S3
1837 362 1930 417 JO.
1965 360 2094 417 PICI
2129 361 2519 418 PRAEFATIO
3722 379 3807 434 396

563 478 827 543 iacentes,
861 478 1049 532 vinum
1083 479 1140 533 in
1184 479 1524 545 universum,
1549 478 1694 535 sicut
1735 479 1871 550 ipsis
1902 479 2088 533 verbis
2121 480 2363 550 scripsit,
2397 492 2454 535 et
2475 481 2543 535 de
2585 482 2960 541 animantibus
2992 501 3061 541 ne
3088 497 3307 558 gustant
3342 490 3586 561 quidem,
3608 494 3690 549 sed
3711 496 3807 552 sola

562 570 675 625 illis
709 585 850 640 aqua
888 578 1077 639 potum
1116 570 1396 640 praebeat,
1420 580 1476 625 et
1498 571 1789 626 obsonium
1816 572 1887 627 sit
1913 572 2071 642 panis
2100 586 2225 625 cum
2252 572 2364 626 sale
2395 583 2452 628 et
2476 573 2730 645 hyssopo.
2761 576 3050 635 Praeterea
3083 583 3297 649 scribit,
3321 600 3432 655 quo
3456 597 3613 657 pacto
3633 592 3809 658 praesi-

559 663 728 723 deant
750 663 896 719 inter
920 678 1017 718 eos
1041 663 1077 717 ii
1101 664 1305 733 quibus
1328 665 1700 720 ecclesiastica
1728 666 2023 721 commissa
2048 675 2179 720 sunt
2210 666 2540 732 ministeria,
2565 667 2892 725 diaconatus
2912 671 3106 738 etiam,
3142 673 3150 745 Ι
3182 685 3237 730 et
3264 692 3404 746 quae
3430 694 3595 749 supra
3614 681 3812 737 cuncte‘

556 756 807 811 eminent
834 756 1183 826 episcopatus
1199 757 1621 827 praesidentiae.
1647 758 1804 825 Quod
1835 760 1880 813 si
1908 760 1997 815 cui
2020 759 2358 815 desiderium
2392 761 2556 816 inerit
2579 762 2679 817 ista
2701 774 2890 820 exacte
2910 770 3297 837 cognoscendi,
3324 772 3501 827 discat
3524 789 3588 828 ea
3608 790 3667 829 ex
3689 776 3813 831 dicta

558 850 669 905 iam
690 852 797 905 viri
820 850 985 905 huius
1006 851 1257 905 historia.
1276 850 1432 918 Quod
1455 852 1623 922 igitur
1646 853 1806 908 Philo
1832 853 1946 908 illic
1967 853 2035 909 de
2054 854 2249 924 primis
2271 848 2619 925 evangelicae
2641 857 2922 914 doctrinae
2942 863 3310 929 praeconibus
3332 874 3387 920 et
3410 865 3606 921 ritibus
3621 868 3732 924 olim
3750 868 3814 921 ab

562 944 841 1016 Apostolis
864 944 1081 1000 traditis
1103 944 1383 1000 disserens
1406 945 1509 999 ista
1525 947 1832 1017 scripserit,
1847 947 2022 1002 cuivis
2040 948 2394 1003 manifestum
2412 948 2841 1019 est.Singulares
2856 952 3310 1010 anachoretarum
3329 956 3468 1011 vitas
3486 973 3712 1015 summae
3728 977 3815 1015 au-

554 1029 830 1094 ctOritatis
856 1040 911 1093 in
934 1039 1177 1094 Ecclesia
1204 1038 1309 1092 viri
1331 1040 1675 1109 scripserunt
1697 1059 1709 1094 :
1734 1041 1798 1094 D.
1829 1040 2171 1095 Athanasius
2196 1039 2602 1096 Alexandrinae
2635 1043 2791 1098 urbis
2809 1044 3103 1116 episcopus
3125 1062 3189 1101 ac
3213 1047 3526 1105 Dorotheus
3545 1052 3697 1106 vitam
3716 1056 3815 1107 An-

555 1136 691 1191 tonii
715 1136 911 1207 Magni,
930 1152 1095 1207 quam
1118 1144 1307 1206 postea
1350 1136 1518 1190 latino
1539 1150 1790 1191 sermone
1811 1137 2037 1193 tradidit
2055 1136 2339 1207 Evagrius;
2364 1137 2426 1191 D.
2453 1138 2820 1210 Hieronymus
2840 1140 2993 1195 Pauli
3022 1141 3650 1209 heremitae,IIilarionis
3669 1161 3815 1220 atque

551 1231 751 1288 Malchi
772 1231 972 1301 captivi
996 1228 1279 1294 monachi;
1301 1229 1639 1298 reliquorum
1659 1239 1842 1283 autem
1869 1230 2263 1285 monachorum
2284 1231 2425 1285 vitas
2448 1232 2723 1301 prosecuti
2750 1242 2879 1287 sunt
2894 1234 3279 1291 Theodoretus
3302 1252 3367 1291 ac
3387 1237 3658 1294 Palladius
3673 1241 3817 1297 iustis

551 1325 955 1388 voluminibus,
984 1338 1124 1394 quae
1175 1322 1345 1377 latina
1378 1338 1555 1392 nuper
1584 1322 1914 1393 prodierunt
1952 1324 2005 1377 in
2036 1323 2213 1378 lucem
2240 1340 2408 1395 opera
2440 1323 2694 1379 Gentiani
2722 1316 2966 1391 Herveti,
2993 1328 3098 1381 viri
3126 1330 3194 1384 de
3229 1330 3529 1385 christiana
3557 1334 3817 1404 republica

551 1424 693 1480 bene
722 1422 923 1477 meriti.
940 1421 1177 1476 Istorum
1201 1434 1367 1488 porro
1392 1418 1664 1488 colloquia
1693 1419 1737 1473 si
1764 1419 1888 1488 quis
1905 1419 2203 1486 desideret,
2232 1421 2375 1491 legat
2392 1419 2735 1474 Cassianum.
2756 1420 2824 1475 At
2850 1424 2974 1477 cum
3000 1423 3316 1480 huiusmodi
3356 1426 3607 1482 homines
3625 1445 3711 1499 per
3728 1430 3819 1486 de-

550 1528 697 1574 serta
722 1516 963 1588 respersi
986 1515 1265 1585 vitamque
1312 1510 1611 1564 solitariam
1640 1521 1883 1582 agentes,
1910 1512 2014 1566 sibi
2046 1513 2313 1567 duntaxat
2340 1512 2602 1583 prodesse
2631 1513 2971 1581 viderentur,
3028 1526 3084 1572 et
3122 1518 3444 1589 religionem
3485 1520 3816 1579 Christianam

549 1627 745 1682 parum
774 1624 1119 1681 promovere,
1145 1607 1377 1665 Basilius
1393 1606 1616 1675 Magnus
1635 1604 1933 1661 Caesareae
1952 1605 2327 1676 Cappadociae
2350 1605 2662 1675 episcopus,
2686 1614 2743 1659 ut
2767 1608 2844 1661 ait
2866 1608 3251 1665 Nazianzenus
3277 1611 3332 1664 in
3361 1611 3480 1666 Vita
3502 1612 3698 1678 Basilii,
3720 1614 3815 1671 de-

548 1706 705 1762 duxit
727 1719 823 1760 eos
850 1702 919 1757 ad
948 1702 1199 1757 civitates
1219 1708 1275 1757 et
1295 1702 1514 1773 Oppida,
1532 1709 1590 1756 ut
1613 1700 1681 1754 ab
1705 1700 1792 1754 his
1812 1699 2049 1769 populus
2069 1700 2181 1754 Deo
2202 1708 2408 1771 gratam
2431 1700 2650 1755 vivendi
2669 1701 2937 1756 rationem
2958 1718 3021 1757 ac
3037 1703 3246 1757 cultum
3271 1704 3517 1761 divinum
3541 1707 3812 1768 edisceret.

547 1794 736 1867 Itaque
761 1795 1010 1866 Gregorii
1039 1792 1374 1851 Nazianzeni
1401 1793 1571 1849 verba
1594 1790 1677 1865 (a)
1697 1792 1975 1847 subiicere
2009 1807 2117 1845 non
2153 1791 2493 1861 poenitebit:
2531 1812 2548 1842 ι
2577 1793 2647 1849 Ut
2678 1801 2885 1858 autem,
2917 1812 2935 1845 ›
2964 1794 3059 1860 ait,
3102 1814 3121 1845 ‹
3148 1812 3257 1850 non
3287 1799 3460 1852 solum
3483 1800 3608 1867 sibi,
3646 1803 3732 1860 sed
3762 1811 3819 1859 et

545 1893 671 1949 aliis
692 1907 911 1965 quoque
948 1888 1261 1961 proﬁceret,
1290 1890 1503 1959 primus
1523 1888 1789 1944 coenobia
1833 1888 2186 1959 excogitavit,
2212 1887 2490 1960 ritumque
2516 1888 2671 1943 illum
2695 1889 3092 1944 monachorum
3138 1892 3425 1962 antiquum
3476 1905 3638 1967 atque
3671 1913 3817 1971 agre-

542 1996 687 2043 stem
707 1986 775 2041 ad
796 1984 1050 2041 ordinem
1072 1984 1348 2055 quendam
1373 1983 1778 2054 formulamque
1800 1982 2052 2057 religioni
2080 1983 2395 2053 propiorem
2416 1982 2653 2038 reduxit.
2679 1980 2816 2038 Cum
2845 1983 2992 2037 enim
3037 1984 3535 2055 animadvertisset,
3576 2007 3684 2058 eos,
3727 2002 3819 2065 qui

545 2079 604 2135 in
627 2080 909 2137 communi
936 2080 1072 2145 vita,
1096 2080 1203 2135 hoc
1224 2090 1330 2146 est,
1363 2080 1506 2138 inter
1527 2080 1665 2135 alios
1686 2078 1903 2133 mixtim
1932 2086 2121 2149 agunt,
2164 2093 2254 2132 mo
2286 2076 2295 2149 Ι
2328 2079 2595 2133 nasticam
2615 2078 2745 2133 licet
2765 2078 3156 2133 abstinentiam
3182 2093 3426 2147 servent,
3450 2084 3573 2140 aliis
3606 2088 3819 2158 quidem

546 2178 730 2242 utiles,
776 2178 881 2233 sibi
926 2193 1058 2233 vero
1102 2192 1449 2246 nequaquam
1492 2176 1753 2240 existere,
1792 2189 1919 2229 cum
1953 2173 2011 2226 in
2053 2172 2242 2227 multis
2283 2187 2378 2227 eos
2402 2186 2624 2226 necesse
2658 2171 2730 2227 sit
2754 2172 2963 2225 versari
2992 2171 3150 2248 malis
3174 2188 3315 2242 quae
3337 2175 3481 2231 vitae
3503 2179 3715 2248 quietae
3750 2198 3815 2238 ac

543 2270 707 2341 plane
724 2269 1001 2341 perfectae
1034 2268 1311 2324 contraria
1336 2266 1619 2332 videntur,
1643 2282 1738 2322 eos
1758 2280 1910 2329 vero,
1944 2264 2039 2333 qui
2068 2263 2125 2316 in
2146 2262 2442 2317 solitudine
2467 2262 2662 2331 procul
2684 2262 2752 2315 ab
2771 2262 2894 2315 aliis
2922 2273 3111 2333 agunt,
3148 2264 3422 2320 ﬁrmiores
3460 2284 3591 2325 sane
3624 2288 3819 2342 propo-

545 2368 650 2422 sito
668 2366 948 2439 magisque
968 2366 1081 2423 Deo
1104 2364 1427 2420 coniunctos
1452 2378 1618 2433 quam
1656 2360 2000 2431 supradictos
2020 2358 2177 2423 vidit,
2201 2368 2441 2413 attamen
2472 2357 2580 2412 sibi
2614 2367 2826 2412 tantum
2854 2358 3040 2423 utiles,
3073 2374 3198 2412 cum
3224 2375 3408 2414 rerum
3434 2365 3821 2433 experientiam

544 2476 893 2530 nequaquam
926 2471 1173 2525 teneant,
1194 2475 1297 2515 nec
1321 2475 1445 2513 cum
1472 2459 1597 2514 aliis
1635 2457 2028 2513 commercium
2067 2455 2240 2510 ullum
2278 2455 2540 2521 habeant,
2574 2464 2872 2524 utrumque
2903 2454 3047 2509 vitae
3080 2472 3254 2527 genus
3283 2458 3619 2530 coniungere
3656 2478 3820 2517 cona-

544 2561 633 2609 tus
656 2561 760 2607 est.
786 2552 1163 2618 Quamobrem
1187 2552 1587 2607 monachorum
1616 2550 1885 2606 coenobia
1930 2548 2077 2603 haud
2101 2548 2289 2618 procul
2318 2549 2386 2604 ab
2415 2549 2503 2615 iis,
2538 2548 2633 2618 qui
2676 2550 2735 2603 in
2771 2548 3061 2603 hominum
3095 2549 3359 2605 societate
3397 2553 3611 2619 vivunt,
3641 2557 3823 2611 aedili-

541 2645 656 2700 cari
688 2644 867 2709 iussit,
890 2660 993 2701 nec
1008 2645 1233 2701 omnino
1250 2646 1544 2715 separavit,
1574 2653 1635 2699 ut
1655 2653 1713 2699 et
1737 2644 2171 2715 propinquitate,
2197 2658 2322 2696 cum
2355 2657 2494 2712 opus
2518 2642 2804 2697 charitatis
2826 2652 3170 2713 exposceret,
3195 2644 3387 2699 adesse
3409 2648 3675 2713 valerent,
3698 2650 3815 2705 dis-

543 2736 633 2792 siti
657 2736 863 2806 alioqui
891 2737 1129 2807 pr0priis
1158 2736 1432 2801 terminis,
1462 2752 1533 2790 ne
1573 2735 1732 2805 quies
1781 2751 1976 2790 eorum
2009 2745 2104 2790 aut
2135 2750 2243 2804 pax
2276 2735 2605 2806 interrumpi
2638 2750 2737 2805 per
2761 2734 3177 2790 multitudinem
3204 2747 3413 2808 posset,
3438 2755 3542 2794 nec
3573 2741 3674 2811 ipsi
3703 2759 3822 2796 mo-

542 2832 703 2889 nachi
729 2834 963 2890 actionis
988 2833 1209 2899 merito,
1231 2832 1378 2904 quod
1401 2848 1469 2888 ex
1495 2832 1862 2902 impendenda
1885 2832 2010 2887 aliis
2040 2832 2241 2905 pietate
2280 2842 2446 2896 esset,
2484 2831 2858 2902 privarentur,
2897 2847 3078 2901 neque
3116 2848 3309 2889 rursus
3342 2850 3536 2890 eorum
3561 2838 3704 2891 actio
3729 2853 3824 2909 per

542 2927 809 2984 tumultus
836 2927 1050 2985 inutilis
1069 2926 1401 2992 eiIiceretur,
1432 2935 1489 2980 et
1515 2925 1654 2981 alter
1676 2926 1914 2982 alterum
1946 2924 2054 2981 hoc
2075 2923 2237 2978 modo
2266 2924 2463 2981 iuvare
2497 2934 2704 2994 posset,
2725 2933 2783 2979 et
2814 2924 3211 2978 monachorum
3236 2926 3349 2980 vita
3384 2942 3484 2998 per
3522 2944 3818 2984 conversa-

542 3023 746 3079 tionem
772 3038 986 3088 eorum,
1036 3022 1133 3093 qui
1152 3022 1211 3079 in
1240 3023 1520 3081 communi
1564 3030 1753 3093 agunt,
1784 3022 1876 3093 pia
1916 3020 2093 3086 ﬁeret,
2119 3030 2175 3077 et
2204 3021 2308 3093 ipsi
2340 3036 2407 3076 ex
2434 3021 2723 3078 monachis
2744 3021 3012 3091 quietem,
3060 3024 3446 3091 constantiam,
3474 3029 3821 3099 sapientiam,

541 3119 1055 3189 contemplationem
1067 3118 1399 3184 ediscerent,
1415 3118 1878 3189 quemadmodum
1903 3118 2063 3174 tellus
2086 3134 2150 3173 ac
2174 3127 2377 3188 pontus
2403 3117 2641 3181 invicem
2664 3133 2723 3172 se
2748 3118 2942 3173 iuvant
2963 3133 3027 3173 ac
3049 3120 3386 3190 suscipiunt.
3402 3143 3419 3173 ι
3444 3123 3555 3179 Hos
3575 3143 3710 3198 ergo
3737 3128 3823 3184 ubi

540 3210 809 3281 coegisset
828 3211 1063 3265 Basilius
1093 3210 1151 3265 in
1182 3210 1369 3274 urbes,
1398 3224 1463 3264 ac
1493 3224 1525 3263 e
1548 3209 1832 3267 monachis
1853 3217 1910 3265 et
1957 3208 2305 3263 anachoretis
2338 3208 2657 3264 coenobitas
2677 3208 2973 3275 eﬂecisset,
2998 3210 3221 3266 vivendi
3254 3214 3500 3284 regulam
3530 3217 3825 3292 Evangelia

541 3316 970 3361 consentaneam
992 3306 1103 3360 iliis
1128 3305 1477 3376 conscripsit,
1506 3320 1669 3375 quam
1690 3314 1747 3361 et
1776 3305 1832 3360 in
1865 3305 2055 3375 precio
2093 3303 2382 3369 habemus,
2424 3314 2480 3359 et
2509 3304 2677 3360 totius
2706 3304 2968 3360 Graeciae
2991 3308 3246 3363 monachi
3270 3307 3537 3367 hactenus
3564 3314 3823 3369 observa-

541 3408 673 3455 runt
698 3409 864 3469 atque
886 3399 1113 3457 reveriti
1133 3408 1280 3463 sunt,
1309 3398 1772 3469 quemadmodum
1791 3408 1848 3453 et
1866 3397 2047 3454 Latini
2069 3408 2342 3468 sumptam
2375 3398 2504 3453 inde
2527 3398 2770 3469 regulam
2810 3398 3097 3454 beatorum
3120 3401 3457 3475 Hieronymi,
3510 3406 3824 3477 Augustini,

538 3495 842 3563 Benedicti,
883 3496 1153 3552 Domiuiei
1178 3537 1195 3562 ,
1238 3495 1550 3559 Francisci,
1578 3495 1867 3559 Bernardi,
1890 3510 1955 3550 ac
1976 3495 2339 3564 reliquorum.
2382 3494 2643 3549 Ceterum
2700 3508 2771 3549 ne
2805 3494 2973 3549 variis
3000 3496 3424 3566 allegationibus
3454 3500 3667 3557 obruen
3705 3504 3715 3572 ι
3748 3514 3826 3558 tes

546 3588 780 3644 lectoris
823 3591 1067 3644 animum
1117 3589 1385 3660 epistolae
1418 3586 1643 3642 modum
1692 3585 2043 3649 excedamus,
2087 3585 2438 3657 institutique
2463 3588 2639 3643 nostri
2674 3584 2963 3640 videamur
2991 3584 3171 3653 obliti,
3199 3588 3339 3645 duos
3363 3590 3532 3647 fuisse
3560 3593 3826 3650 Macarius

541 3690 812 3737 testantur
837 3682 1115 3738 Palladius
1136 3698 1198 3737 ac
1220 3680 1565 3750 Nicephorus
1588 3679 1691 3750 (b),
1719 3679 1955 3733 alterum
1981 3677 2411 3734 Alexandrinum
2434 3694 2659 3750 genere,
2684 3677 2778 3749 qui
2804 3677 2933 3733 licet
2959 3677 3143 3735 iunior
3168 3683 3225 3737 in
3251 3682 3340 3746 iis,
3378 3699 3521 3753 quae
3552 3696 3685 3740 sunt
3707 3703 3823 3741 rno-

538 3781 839 3839 nachorum
866 3780 1179 3851 praecipua,
1206 3781 1410 3851 primas
1434 3776 1738 3840 obtinebat,
1761 3776 1999 3831 alterum
2023 3776 2372 3845 Aegyptium,
2400 3783 2579 3831 aetate
2600 3774 3070 3844 grandiorem,qui
3097 3775 3197 3830 has
3216 3777 3360 3847 ipsas
3387 3797 3587 3851 graece
3606 3784 3826 3853 scripsit

541 3878 828 3941 llomilias,
869 3890 1006 3945 quas
1044 3875 1100 3929 in
1125 3876 1358 3929 latinum
1390 3887 1701 3929 sermonem
1728 3872 2127 3927 transtulimus.
2164 3872 2264 3926 lIic
2288 3872 2585 3942 nonaginta
2614 3870 2753 3927 vixit
2774 3887 2949 3928 annos
2976 3872 3241 3944 integros,
3265 3891 3504 3945 quorum
3538 3885 3825 3953 sexaginta

539 3969 805 4041 transegit
841 3968 898 4022 in
924 3966 1248 4022 solitudine.
1278 3966 1469 4035 Itaque
1500 3972 1663 4018 natus
1694 3977 1868 4017 annos
1895 3962 2136 4032 triginta,
2163 3969 2220 4016 et
2251 3961 2307 4015 in
2336 3961 2563 4016 iuvenili
2597 3961 2931 4019 constitutus
2955 3972 3154 4029 aetate,
3195 3973 3305 4021 tam
3346 3970 3653 4029 toleranter
3701 3980 3825 4035 tulit

536 4071 756 4129 labores
788 4064 1199 4122 exercitationis
1233 4072 1409 4118 totum
1438 4060 1791 4121 decennium,
1831 4066 1894 4113 ut
1934 4074 2128 4129 magna
2153 4057 2388 4127 quadam
2412 4066 2470 4112 et
2495 4056 2696 4127 insigni
2721 4058 2923 4129 dignus
2947 4059 3250 4115 haberetur
3281 4062 3823 4135 distinctione,adeo

538 4170 599 4217 ut
629 4169 917 4218 vocaretur
951 4156 1412 4229 παιδαριογέρων,
1467 4154 1521 4209 id
1555 4163 1660 4217 est,
1686 4152 1742 4206 in
1781 4152 1978 4221 pucriii
2006 4160 2185 4206 aetate
2221 4167 2408 4217 senex,
2450 4151 2713 4223 quoniam
2738 4152 2906 4207 citius
2946 4169 3112 4223 quam
3158 4171 3260 4225 pro
3301 4167 3481 4215 aetate
3512 4165 3824 4232 profecerat

535 4254 853 4311 virtutibus.
899 4250 1267 4320 Quadraginta
1300 4264 1471 4303 annos
1499 4256 1659 4301 natus
1684 4255 2008 4316 potestatem
2048 4245 2261 4315 accepit
2298 4246 2563 4302 adversus
2594 4247 2909 4312 daemonas,
2939 4249 3171 4319 gratiam
3206 4250 3336 4305 item
3377 4257 3633 4321 curandi,
3661 4262 3826 4331 spiri-

538 4356 768 4414 tumque
810 4341 1165 4415 praedicendi
1207 4340 1411 4394 futura.
1451 4341 1657 4410 Dignus
1693 4354 1913 4409 quoque
1935 4346 2019 4393 est
2061 4338 2281 4392 habitus
2323 4339 2647 4395 honorando
2700 4341 3029 4397 sacerdotio.
3076 4331 3407 4401 Habitarunt
3436 4364 3567 4408 cum
3603 4368 3675 4408 eo
3713 4355 3822 4409 duo

536 4439 797 4511 discipuli
833 4439 888 4493 in
923 4437 1117 4492 intima
1147 4435 1446 4491 solitudine
1482 4451 1622 4505 quae
1655 4443 1884 4489 vocatur
1914 4433 2093 4489 Scete.
2129 4433 2372 4500 Quorum
2408 4453 2552 4491 unus
2574 4437 2822 4507 quidem,
2868 4440 3019 4493 velut
3046 4439 3317 4506 minister,
3363 4444 3444 4499 illi
3477 4461 3704 4519 semper
3740 4467 3824 4504 as-

536 4536 755 4593 sidebat
786 4550 976 4591 eorum
1020 4533 1195 4606 gratia
1230 4531 1325 4602 qui
1351 4531 1647 4586 veniebant
1690 4529 1942 4594 curandi,
1970 4531 2107 4584 alter
2147 4539 2329 4584 autem
2358 4547 2604 4586 seorsum
2651 4534 2945 4589 secedebat
2982 4536 3036 4590 in
3076 4535 3289 4591 cellam.
3316 4538 3667 4601 Procedente
3694 4563 3825 4602 vero

536 4642 783 4703 tempore
813 4647 939 4686 cum
984 4638 1206 4685 sanctus
1256 4626 1557 4697 perspicaci
1583 4626 1744 4679 oculo
1777 4623 2162 4694 praevidisset,
2193 4625 2330 4679 dixit
2354 4626 2606 4681 ministro
2633 4642 2733 4681 suo
2778 4630 3002 4686 nomine
3032 4633 3250 4699 Joanni,
3286 4635 3379 4705 qui
3411 4648 3606 4706 postea
3644 4642 3825 4697 factus

534 4730 823 4801 presbyter
847 4726 1112 4781 suilectus
1134 4733 1219 4778 est
1244 4724 1299 4778 in
1322 4725 1505 4778 locum
1532 4722 1751 4777 Macarii
1781 4740 1793 4775 :
1823 4720 1993 4787 Audi,
2046 4722 2121 4775 mi
2162 4720 2332 4776 frater
2356 4722 2613 4789 Joannes,
2648 4740 2939 4797 meamque
2964 4729 3047 4783 fer
3072 4746 3249 4800 aequo
3271 4734 3457 4788 animo
3480 4738 3824 4794 admonitio.

533 4840 660 4879 nem
709 4822 809 4877 tibi
847 4820 1008 4876 valde
1048 4819 1414 4893 profuturam.
1464 4818 1721 4873 Tentaris
1753 4817 1923 4878 enim,
1952 4815 2152 4885 inquit,
2191 4824 2246 4870 et
2268 4824 2319 4871 te
2357 4826 2531 4872 tentat
2563 4819 2786 4889 spiritus
2817 4822 3109 4889 avaritiae;
3155 4825 3233 4879 sic
3271 4828 3420 4882 enim
3468 4844 3825 4903 perSpectum

532 4918 752 4983 habeo;
792 4918 907 4971 scio
934 4925 1142 4979 tamen,
1173 4915 1219 4969 si
1250 4930 1428 4969 meam
1471 4913 1707 4984 benigne
1753 4914 1948 4970 tuleris
1980 4914 2443 4975 adhortationem,
2470 4923 2521 4967 te
2549 4912 2855 4982 perfectum
2878 4915 2994 4972 fore
3043 4919 3099 4973 in
3124 4921 3220 4976 Dei
3246 4921 3444 4980 timore
3484 4935 3657 4996 atque
3704 4930 3833 4983 eius

532 5026 721 5079 opere,
745 5009 1193 5079 laudaberisque,
1211 5016 1266 5061 et
1297 5007 1305 5077 Ι
1338 5006 1611 5078 ﬂagellum
1634 5023 1743 5061 non
1769 5006 2234 5077 appropinquabit
2259 5006 2613 5061 tabernaculo
2628 5018 2739 5063 tuo.
2756 5009 2911 5075 Quod
2933 5011 2977 5065 si
3005 5029 3115 5068 non
3137 5016 3400 5085 audieris,
3418 5021 3472 5073 in
3496 5028 3550 5075 te
3572 5025 3829 5081 venient,

533 5121 673 5176 quae
692 5106 844 5162 Giezi
866 5104 1087 5159 tandem
1111 5102 1458 5168 acciderunt,
1482 5102 1643 5157 cuius
1656 5103 1791 5157 vitio
1818 5103 2057 5157 laboras.
2074 5102 2315 5174 Contigit
2336 5118 2522 5173 porro,
2555 5113 2615 5159 ut
2639 5105 2899 5162 defuncto
2923 5110 3157 5166 Macario
3180 5129 3289 5167 non
3324 5120 3593 5185 paruerit,
3620 5120 3722 5175 sed
3747 5119 3831 5179 ei,

533 5199 626 5271 qui
676 5207 903 5270 propter
951 5196 1239 5252 avaritiam
1286 5195 1531 5266 alligavit
1574 5194 1747 5249 Judae.
1788 5195 2072 5264 laqueum.
2109 5193 2324 5265 Elapsis
2364 5194 2547 5265 itaque
2578 5196 2891 5265 quindecim
2933 5210 3026 5255 aut
3058 5203 3250 5274 viginti
3302 5208 3481 5273 annis,
3517 5226 3646 5264 cum
3678 5211 3833 5269 bona

533 5311 839 5368 pauperum
880 5304 1221 5364 usurpasset,
1256 5301 1367 5347 tam
1416 5289 1566 5363 gravi
1614 5290 1887 5345 laboravit
1907 5290 2241 5361 elephantia,
2272 5298 2333 5344 ut
2366 5290 2422 5344 in
2468 5300 2582 5345 toto
2632 5293 2753 5348 eius
2781 5309 3014 5364 corpore
3066 5313 3178 5352 non
3210 5299 3558 5357 inveniretur
3602 5305 3835 5373 integer

533 5392 709 5456 locus,
738 5391 793 5445 in
816 5406 927 5462 quo
953 5390 1078 5459 quis
1107 5388 1341 5459 digitum
1363 5386 1529 5459 ﬁgere
1552 5395 1757 5457 posset.
1790 5387 1937 5442 Ilaec
1967 5387 2071 5442 fuit
2090 5387 2308 5444 Macarii
2329 5388 2635 5459 prophetia.
2660 5388 2964 5443 Ferebatur
3003 5391 3095 5446 hic
3115 5403 3339 5449 sanctus
3363 5398 3476 5465 pati
3521 5400 3833 5453 continen—

538 5496 646 5541 tcm
686 5488 946 5551 ecstasin,
997 5486 1329 5556 saepiusque
1374 5485 1457 5539 vel
1498 5500 1624 5541 cum
1670 5484 1803 5548 Deo,
1829 5485 1914 5538 vel
1946 5485 2000 5539 in
2029 5485 2196 5539 rebus
2229 5487 2436 5541 versari
2488 5486 2836 5540 caelestibus.
2888 5487 3052 5543 Fama
3077 5491 3242 5545 etiam
3282 5503 3544 5549 constans
3568 5508 3710 5557 erat,
3758 5495 3831 5546 in

535 5578 831 5632 solitudine
876 5579 1030 5632 illum
1068 5578 1367 5633 suscitassc
1409 5587 1710 5641 mortuum,
1737 5586 1798 5632 ut
1827 5577 2186 5648 persuaderet
2229 5579 2447 5633 cuidam
2481 5579 2762 5635 haeretico
2785 5583 3006 5653 neganti
3040 5586 3523 5644 resurrectionem.
3556 5590 3831 5658 Reliqua,

2120 5692 2372 5747 NOTAE.

609 5763 686 5831 (a)
722 5765 797 5817 Ex
838 5764 1093 5817 monodia
1121 5764 1284 5833 Greg.
1320 5764 1653 5818 Nazianzeni
1681 5764 1734 5818 in
1770 5765 1936 5818 vitam
1968 5765 2174 5819 Basilii.

608 5838 685 5905 (ἔῃ)
719 5835 920 5889 Pallad.
954 5836 1005 5888 in
1032 5835 1272 5889 Historia
1305 5836 1525 5889 Patrum
1560 5852 1675 5905 cap.
1720 5835 1801 5899 19,
1835 5836 1936 5897 ‘20;
1972 5836 2200 5905 Niceph.
2235 5836 2373 5890 Hist.
2411 5837 2557 5889 Eccl.
2592 5837 2685 5891 lib.
2720 5856 2768 5892 ix
2803 5857 2919 5909 cap.
2962 5842 3040 5894 14.
