3950 6550
926 316 1017 369 AD
1073 313 1466 369 VERSIONEM
1519 314 1676 369 LAT.
1724 313 1888 370 HOM.
1926 313 1983 369 S.
2026 314 2310 372 MACARII
2349 317 2688 375 AEGYPTII.
3324 328 3445 387 298.

167 444 304 499 quae
315 429 503 485 divino
518 430 788 487 beneficio
805 438 957 504 gesta
976 442 1107 486 sunt
1123 432 1192 485 ab
1205 445 1293 495 eo,
1322 430 1557 501 petenda
1580 438 1707 485 sunt
1725 446 1757 486 e
1780 432 2040 488 Palladio.
2060 432 2297 502 Spiritus
2324 434 2490 506 igitur
2516 436 2754 501 divinus,
2779 438 2873 507 qui
2892 438 3104 509 vigebat
3123 441 3178 496 in
3197 441 3435 499 Macario

165 529 376 587 nostro,
397 538 506 578 non
535 523 713 593 potuit
741 524 951 577 otiosus
973 539 1114 588 esse,
1132 516 1266 593 quin
1290 538 1387 592 per
1403 538 1530 578 eum
1558 523 1802 580 fructum
1833 526 2071 595 aliquem
2101 526 2313 593 ederet,
2337 528 2631 599 eii‘ecitque
2662 538 2722 583 ut
2757 530 2850 599 qui
2871 533 3257 591 consodalibus
3286 537 3431 591 dun-

166 626 312 671 taxat
333 619 617 674 monachis
635 620 884 690 exemplo
908 619 1188 689 proderat,
1240 619 1459 689 scriptis
1481 619 1548 673 ad
1572 628 1824 688 posteros
1857 622 2195 676 transmissis
2225 624 2485 679 omnibus
2515 625 2819 696 prodesset.
2848 624 2892 680 E
2921 624 3122 695 quibus
3152 629 3429 699 quinqua-

162 710 310 780 ginta
326 713 504 769 solum
520 714 773 769 homilias
793 729 985 783 graece
1024 713 1257 783 scriptas
1276 712 1589 782 accepimus
1608 728 1639 768 e
1662 713 2003 770 Bibliotheca
2035 715 2223 786 Regia.
2246 716 2392 783 Quas
2428 732 2555 773 cum
2591 720 2834 790 legentes
2874 719 3434 776 animadverteremus

161 820 271 859 non
295 815 507 861 tantum
534 806 815 861 monachis
846 814 902 860 et
922 806 1265 876 religionem,
1294 805 1440 875 quod
1465 805 1641 870 aiunt,
1668 806 2075 876 profitentibus,
2101 808 2196 863 sed
2215 809 2529 881 cuicunque
2550 811 2854 867 christiano
2869 813 3059 868 lectori
3087 814 3427 884 profuturas,

162 910 277 953 tum
299 899 450 969 quod
473 898 733 954 amictum
755 914 818 953 ac
838 905 1176 952 maerentem
1202 898 1360 952 valde
1378 897 1623 952 solantur
1644 898 1910 963 animum,
1939 914 2176 970 eumque
2198 916 2229 955 a
2259 904 2420 974 nugis
2444 904 2694 961 futilibus
2722 906 2890 960 huius
2916 908 3107 963 mundi
3136 909 3435 966 traducunt

158 995 226 1049 ad
251 997 491 1062 caelum,
519 1005 635 1050 tum
679 995 826 1065 quod
851 995 991 1050 bene
1024 995 1294 1065 beateque
1338 994 1559 1049 vivendi
1583 1010 1835 1049 normam
1875 996 2173 1066 Evangelia
2198 1000 2620 1055 convenientem
2648 1002 3055 1071 praescribunt,
3090 1004 3145 1056 in
3195 1003 3433 1058 latinum

156 1106 472 1145 sermonem
516 1092 907 1157 convertimus,
940 1092 1167 1147 cuilibet
1193 1091 1448 1147 homiliae
1475 1100 1799 1162 argumento
1821 1092 1975 1148 brevi
2010 1094 2273 1163 praeﬁxo,
2309 1097 2455 1151 unde
2479 1097 2769 1153 confestim
2802 1100 2812 1171 |
2842 1112 3105 1170 emergat,
3129 1099 3262 1170 quid
3293 1116 3430 1154 una-

155 1202 413 1257 quaeque
443 1187 739 1243 oontineat.
771 1188 880 1243 Has
909 1188 1055 1259 ipsas
1087 1189 1383 1259 impressas
1409 1203 1605 1259 graece
1628 1187 1930 1259 latineque,
1959 1190 2119 1245 vobis
2157 1190 2344 1246 animo
2365 1204 2520 1262 grato
2556 1195 2895 1266 suscepturis
2915 1196 3208 1260 mittimus,
3235 1194 3429 1264 siquid

155 1283 358 1338 melius
388 1285 620 1339 allatura
654 1284 725 1341 sit
753 1293 1063 1355 temporum
1100 1285 1494 1356 tranquillitas,
1526 1284 1783 1354 protinus
1808 1285 2091 1341 emissuri.
2121 1287 2311 1343 Valete
2338 1288 2661 1357 plurimum,
2697 1289 2981 1359 Deumque
3011 1289 3338 1358 precemiui.
3369 1294 3431 1341 ut

153 1380 362 1435 nostris
400 1379 577 1436 faveat
598 1380 665 1435 ad
703 1380 933 1452 gloriam
963 1379 1084 1435 eius
1111 1379 1384 1450 susceptis
1410 1378 1677 1435 consiliis.

431 1514 659 1565 Lutetiae
680 1515 876 1566 Calend.
904 1515 1015 1567 Maii
1042 1516 1306 1567 M.D.LIX.

1779 1652 1850 1661 -ι

1067 1785 1425 1849 JOANNIS
1475 1783 1756 1847 DAVAL
1815 1780 2524 1846 TREPORTUENSIS

950 1927 1252 1975 DOCTORIS
1284 1925 1598 1973 THEOLOGI
1636 1925 1705 1971 IN
1747 1925 2005 1971 LAUDEH
2043 1926 2107 1969 D.
2154 1924 2275 1968 PICI
2316 1922 2640 1969 PRAESIDIS

1546 2010 2055 2069 HEXASTICHON.

964 2130 1079 2197 Quo
1109 2130 1384 2193 celebrem,
1415 2130 1641 2195 Macari,
1674 2129 1891 2183 donabis
1922 2144 2139 2182 munere
2167 2127 2373 2191 Picum,

1032 2200 1135 2273 Qui
1170 2201 1448 2273 splendore
1474 2217 1570 2255 suo
1600 2200 1855 2273 candida:
1881 2199 2226 2273 Aethiopem?

964 2270 1171 2327 Silenos
1199 2268 1416 2343 aperit,
1460 2274 1639 2326 miscet
1680 2270 1842 2343 simul
1876 2269 2008 2323 utile
2051 2268 2227 2332 dulci,

1031 2344 1201 2414 Atque
1233 2341 1342 2398 suis
1371 2344 1599 2414 Graecas
1629 2341 1886 2414 unguibus
1907 2348 2065 2414 auget
2090 2341 2249 2411 opes?

957 2410 1229 2468 Pelle'sub
1259 2415 1479 2468 obscura
1518 2410 1946 2467 celastiiclausus
1983 2411 2202 2477 odores;

1032 2484 1100 2539 At
1129 2484 1303 2538 celata
1336 2486 1428 2538 diu
1465 2484 1617 2538 Picus
1648 2489 1837 2553 aperta
1867 2482 2013 2551 facit.

1568 2671 1575 2738 Ι
1614 2668 1701 2727 De
1736 2667 2071 2731 Macariis.

1690 2789 1726 2837 E
1752 2785 1921 2838 Suida.

205 2901 338 2957 Duo
376 2900 602 2958 fuerunt
638 2901 860 2957 Macarii
898 2900 1148 2956 eiusdem
1187 2900 1423 2954 nominis
1449 2915 1514 2954 ac
1549 2899 1888 2969 professione
1923 2899 2160 2954 aseetica
2193 2897 2455 2969 insignes,
2487 2895 2621 2960 vita,
2656 2893 2934 2957 moribus,
2974 2892 3243 2949 doctrina.
3284 2893 3435 2949 Alter

132 2996 465 3067 Aegyptius,
500 2997 781 3053 miraculis
806 2998 991 3053 clarus
1013 3013 1077 3051 ac
1110 3012 1235 3051 cum
1262 2996 1514 3066 religiosa
1542 2996 1799 3051 cautione
1839 2995 1895 3049 in
1922 3010 2019 3050 eos
2056 2995 2150 3065 qui
2192 3010 2252 3049 se
2298 2993 2700 3049 conveniebant
2737 3005 3004 3047 severus:
3038 2990 3173 3045 alter
3196 2989 3430 3044 Alexan-

134 3091 367 3158 drinus,
391 3109 491 3163 per
513 3095 693 3149 omnia
721 3095 918 3149 similis
942 3094 1231 3165 Aegyptio,
1265 3108 1479 3149 necnon
1526 3094 1701 3149 comis
1722 3102 1779 3147 et
1809 3092 2073 3160 festivus;
2104 3093 2161 3147 in
2186 3107 2282 3157 eos
2316 3092 2409 3163 qui
2438 3091 2506 3145 ad
2545 3106 2605 3146 se
2628 3089 2925 3145 veniebant
2953 3088 3027 3142 ita
3052 3088 3327 3141 humanus
3372 3098 3437 3141 ae

134 3179 383 3237 blandus
410 3182 499 3238 hic
522 3192 661 3249 erat,
688 3193 750 3238 ut
776 3200 842 3239 ea
866 3183 1160 3238 festivitate
1182 3184 1415 3254 juvenes
1448 3182 1516 3237 ad
1542 3182 1835 3238 asceticam
1862 3183 2032 3237 vitam
2065 3183 2365 3254 pelliceret.
2397 3181 2603 3235 Horum
2651 3180 2918 3251 Evagrius
2968 3180 3274 3250 discipulus
3305 3177 3428 3240 fuit,

131 3290 194 3328 ac
214 3275 390 3332 factis
414 3278 817 3348 philosophiam
843 3280 1093 3335 exercuit
1120 3279 1213 3349 qui
1245 3279 1431 3334 verbis
1457 3278 1721 3334 duntaxat
1747 3279 1902 3350 prius
1935 3278 2446 3350 philosophabatur.
2477 3278 2626 3333 Idem
2654 3276 3124 3347 Constantinopoli
3167 3292 3196 3329 a
3222 3274 3430 3345 Grego-

132 3370 215 3424 rio
242 3370 539 3443 Tbeologo
563 3374 923 3428 diaconorum
951 3372 1135 3428 ordini
1161 3371 1476 3441 adscriptas
1498 3380 1608 3437 est;
1638 3372 1773 3441 quin
1810 3370 1976 3426 etiam
2016 3372 2071 3426 in
2094 3370 2401 3443 Aegyptum
2427 3370 2707 3441 profectus
2746 3386 2812 3426 ac
2846 3386 2969 3425 cum
3009 3369 3262 3425 Macariis
3292 3383 3430 3438 quos

133 3466 243 3521 dixi
270 3465 590 3521 collocutus
626 3465 793 3518 vitam
822 3464 1040 3520 illorum
1080 3465 1389 3519 aemulatus
1414 3472 1517 3518 est.
1556 3463 1639 3517 Ab
1678 3464 1783 3518 hoc
1819 3464 1948 3518 libri
1975 3464 2133 3518 valde
2176 3478 2369 3533 graves
2402 3476 2465 3517 ac
2508 3463 2639 3519 serii
2677 3464 2975 3534 consoripti
3007 3470 3153 3518 sunt.
3184 3460 3441 3528 Quorum-

130 3577 280 3617 unus
313 3557 605 3613 Monachus
631 3559 746 3612 sive
773 3557 842 3612 de
868 3558 980 3611 vita
1002 3558 1177 3613 activa
1204 3556 1501 3627 inscriptus
1529 3563 1645 3623 est;
1674 3557 1814 3611 alter
1846 3556 2117 3614 Gnosticus
2154 3557 2268 3611 sive
2305 3555 2375 3610 de
2413 3555 2481 3611 iis
2514 3556 2609 3626 qui
2634 3556 2962 3627 cognitionis
2985 3571 3214 3611 munere
3240 3554 3429 3611 donati

130 3663 283 3717 sunt,
334 3651 432 3721 qui
472 3650 650 3720 capita
677 3650 1062 3719 complectitur
1086 3665 1320 3704 numero
1346 3648 1776 3720 quinquaginta;
1813 3650 2014 3705 tertius
2048 3650 2434 3706 Antirrheticus
2483 3648 2748 3705 adversus
2791 3657 3064 3704 tentantes
3108 3648 3426 3713 daemones,

128 3758 255 3803 octo
280 3745 543 3817 partibus
565 3744 877 3809 distinctus,
906 3752 967 3798 ut
991 3752 1116 3799 octo
1139 3744 1533 3815 cogitationum
1560 3744 1708 3798 modi
1736 3752 2124 3811 recensentur;
2151 3745 2393 3816 itemque
2412 3754 2669 3801 sexcenta
2687 3742 3039 3815 Prognostica
3062 3743 3422 3813 problemata,

127 3852 183 3897 et
206 3841 593 3897 Elementaria
620 3840 751 3905 duo,
781 3856 951 3894 unum
977 3840 1046 3894 ad
1078 3840 1378 3895 monachos
1400 3840 1457 3894 in
1481 3840 1767 3895 coenobiis
1788 3848 1884 3894 aut
1914 3841 2296 3897 contuberniis
2325 3842 2595 3907 viventes,
2621 3842 2854 3896 alterum
2889 3840 2955 3894 ad
2979 3839 3254 3911 virginum
3292 3856 3422 3895 coe-

128 3942 269 3989 tum.
301 3934 449 3989 Eius
472 3941 655 3987 autem
680 3941 809 3987 sunt
848 3931 986 3987 haec
1014 3933 1183 3987 verba
1214 3950 1226 3985 :
1265 3951 1281 3983 ι
1312 3931 1547 3987 Necesse
1581 3940 1685 3997 est,
1725 3940 1787 3987 ut
1826 3932 2018 3987 sedulo
2059 3947 2253 3988 eorum
2287 3934 2380 4004 qui
2418 3939 2839 4004 praecesserunt
2874 3932 3269 3987 monachorum
3307 3931 3425 3987 vias

127 4024 488 4095 indagemus,
514 4023 583 4078 ad
607 4039 909 4092 earumque
933 4038 1183 4079 normam
1208 4024 1541 4097 dirigamur;
1571 4024 1743 4079 multa
1770 4025 1918 4080 enim
1946 4025 2014 4079 ab
2041 4025 2108 4080 iis
2135 4035 2284 4081 recte
2309 4035 2367 4081 et
2400 4026 2547 4082 dicta
2573 4034 2704 4080 sunt
2735 4034 2790 4080 et
2825 4024 3000 4090 iacta;
3029 4024 3175 4080 inter
3198 4040 3340 4094 quae
3366 4033 3423 4080 et

127 4121 234 4177 hoc
261 4121 549 4192 quispiam
576 4119 732 4185 dixit,
759 4119 1055 4175 aridiorem
1082 4130 1138 4177 et
1160 4136 1289 4191 aspe
1321 4121 1330 4193 |
1363 4138 1481 4176 ram
1511 4122 1729 4177 vivendi
1759 4122 2026 4176 rationem
2054 4140 2179 4179 cum
2204 4123 2473 4179 charitate
2499 4123 2809 4193 copulatam
2834 4121 3070 4178 celerius
3091 4123 3421 4179 monachum

126 4216 193 4272 ad
220 4215 408 4271 animi
434 4215 907 4286 tranquillitatem,
936 4232 1101 4286 quam
1132 4218 1399 4272 ἀπάθειαν
1426 4220 1721 4290 appellant,
1756 4220 2078 4290 perducere.
2122 4243 2139 4272 ι
2388 4208 2393 4215 ’

1213 4404 1224 4477 Ι
1260 4402 1683 4466 Homiliarum
1725 4404 2003 4467 Macarii
2032 4404 2423 4484 singularum

1590 4493 1983 4565 argumenta.

128 4659 180 4754 ζ,
466 4656 834 4754 Ln‘letprelatio
858 4666 1141 4754 allegorica
1172 4672 1382 4754 visionis
1418 4673 1560 4754 apud
1586 4674 1913 4754 Ezechielem
1939 4680 2281 4754 descriptae,
2410 4751 2427 4754 _
2552 4752 2559 4754 Α
2591 4753 2596 4754 γ
3177 4682 3305 4754 Ρθέι
3386 4685 3423 4738 Τ

130 4729 215 4823 £1
463 4727 542 4823 ρῗ
565 4727 1096 4823 ῘῨΨῘῩῘῗηθΫνίῶίῖηξ
1122 4742 1215 4795 hoc
1240 4750 1313 4795 εδί
1335 4727 1563 4823 “Celato:
1589 4727 1925 4805 gibbi'iil'iléiil
1940 4727 2511 4823 wsvovliitisrﬁeibeneﬁcio
2542 4752 2757 4808 liberari
2782 4754 2848 4809 ab
2876 4768 2955 4808 eo.
3177 4727 3197 4737 -
3219 4727 3305 4754 uo.
3350 4727 3419 4809 ᾖ

122 4796 215 4891 ζεῖ
450 4796 739 4891 gygen
764 4805 991 4873 fratrum
1012 4796 1156 4891 inter
1176 4829 1231 4865 se
1254 4796 2239 4891 εριίυςνδαίῑὸήὲ’ᾆξ’ᾗῖὀὲὶ’ίό”ἷτὲὶὲἷίό’νῖ
2263 4796 2507 4823 ”””’””
2542 4796 2757 4808 ’””
2782 4796 2842 4809 “’
2876 4796 2955 4808 ”’
3348 4796 3416 4879 ἱῖι

448 4865 582 4949 ρειαί
603 4865 806 4949 Iunone
837 4883 1248 4948 promovendum
1274 4884 1328 4936 in
1358 4865 1944 4944 vitaC-Iiristianavmv

127 4938 174 5060 ξ
444 4940 714 5002 Quantum
730 4938 999 5019 discrepat
1022 4954 1131 5007 vita
1157 4938 1579 5010 Christianorum
1604 4938 2004 5032 {iiii-“424mm
2033 4964 2301 5019 hominum
2330 4966 2460 5019 vita.

132 5007 208 5085 ιζ
226 5081 245 5085 _
460 5012 533 5085 ρο
572 5018 725 5085 modo
752 5022 1018 5085 precandi.
3344 5037 3413 5085 εἴη

982 5040 1018 5075 ι.

138 5037 203 5062 γ,
460 5037 532 5063 uc
572 5037 725 5066 mauu
789 5037 1018 5075 recanat.
3361 5039 3375 5053 Ρ

132 5080 245 5137 γη
455 5037 1055 5213 υεῐὲίῖιέιῑηαέἶδῗήεή
1098 5109 1223 5167 erga
1265 5097 1516 5154 homines.
1550 5100 1793 5156 Contine:
1833 5106 1990 5158 etiam
2040 5107 2398 5175 responsiones
2440 5109 2508 5162 ad
2540 5109 2797 5179 quasdam
2832 5108 3269 5178 interrogationes

535 5178 667 5233 (U'rw
695 5178 942 5215 curiosas.
2554 5178 2557 5179 7
3342 5178 3410 5231 55

124 5220 266 5308 3’11]
449 5216 521 5308 2e
546 5226 789 5308 [iisquae
812 5233 1117 5305 contingunt
1151 5235 1463 5295 Christianis
1488 5244 1625 5296 inter
1655 5246 1935 5299 orandum.
3342 5247 3409 5302 59

118 5292 203 5348 ῘΧ
450 5288 1266 5391 Ρνῖτξξδξξξςζαςηρἓορῃθιίαδ
1311 5310 1518 5391 divinas
1563 5318 1871 5391 pcr‘parios
1916 5332 2178 5371 successus
2225 5327 2276 5371 et
2320 5322 2629 5374 tentationes
2672 5319 2911 5391 impleri,
2943 5328 2993 5373 et
3023 5318 3125 5374 soli
3153 5318 3262 5375 Deo

532 5364 867 5452 adﬁgeron
897 5364 1111 5452 ιφιςνφρί
1144 5392 1236 5431 ποι
1270 5364 2176 5452 atinfestantis;95555.12}?
2226 5364 2272 5371 ν’
2944 5364 2989 5373 "
3153 5364 3259 5375 ""
3338 5391 3406 5446 es

118 5426 170 5485 Χ
455 5433 768 5517 Humilitate
794 5449 841 5493 et
880 5426 1678 5527 alucinari}éz{,{e£iit732'3zl§

127 5570 193 5577 ___
454 5574 493 5577 __
529 5522 612 5559 vta
642 5510 947 5577 per-duntur.

1810 5426 2141 5442 ναυηνηηηι.
3340 5426 3368 5446 υ

1808 5474 1843 5511 ην
1870 5458 2008 5512 dona
2038 5460 2245 5530 gratiae
2282 5461 2509 5526 divinae,
2543 5460 2790 5534 superbia
2818 5468 2995 5517 autem
3025 5469 3073 5515 et
3108 5462 3262 5531 iqna-
3339 5533 3368 5549 ν

3349 5553 3362 5577 Ι

150 5572 162 5580 ,
530 5533 612 5559 mu
642 5533 947 5577 peruuntur.
2610 5533 2613 5534 '
3339 5533 3369 5549 ”

448 5574 705 5699 Similem
732 5586 901 5638 sancti
928 5582 1155 5669 Spiritus
1184 5591 1237 5643 in
1269 5593 1424 5647 corde
1458 5596 1679 5649 hominis
1711 5614 1765 5651 se
1799 5599 1986 5653 habere
2015 5602 2185 5655 instar
2223 5602 2378 5672 ignis.

118 5682 132 5695 ι
496 5663 524 5699 ε
549 5657 694 5699 statu
726 5651 870 5699 Adae
898 5664 1013 5699 ftan
1045 5662 1325 5699 imnninpm
1365 5664 1452 5699 nn;
1483 5668 1738 5699 ηιιμΑἶοι-..η
1797 5672 1806 5699 1
3338 5674 3397 5699 Ol

448 5651 524 5699 υε
549 5657 694 5702 διαιιι
724 5651 870 5707 Adae
895 5651 1013 5726 post
1045 5659 1325 5731 imaginem
1358 5664 1452 5717 Dei
1480 5668 1760 5735 ρρνιίῑιαηι,
1967 5651 1974 5652 ί
3335 5651 3401 5727 8i

118 5752 131 5764 ε
226 5716 252 5767 1
450 5717 611 5779 Quem
642 5721 871 5779 fructum
902 5744 933 5779 a
967 5726 1263 5779 Christiano
1299 5734 1433 5779 nam
1466 5740 1637 5779 mam
3335 5744 3400 5779 αι

450 5721 611 5807 gnem
642 5721 871 5807 fractam
895 5721 1269 5807 'aplzristiimo
1298 5734 1433 5788 Deus
1466 5721 1680 5807 (Erigat,
1798 5721 1805 5739 ’

118 5781 238 5837 λιν
452 5788 553 5851 Qui
586 5807 641 5843 se
675 5793 915 5850 dedicant
939 5797 1067 5864 Deo,
1101 5818 1201 5856 non
1229 5806 1339 5858 sine
1370 5824 1457 5860 sne
1492 5781 1925 5866 rc‘i’mtncraliunis
1958 5814 2009 5866 id
2050 5812 2264 5869 faciunt.
