3950 6556
180 326 275 383 301
1067 338 1158 393 AD
1193 337 1568 393 EDITIONEM
1602 336 1765 391 HOM.
1808 336 1862 391 S.
1904 336 2185 393 MACARII
2220 340 2557 395 AEGYPTII.
3317 346 3433 401 δοῦν

180 438 404 498 laudum
429 446 739 514 praeconiis
766 456 929 519 atque
958 451 1177 505 nomine
1201 465 1480 519 nunquam
1524 448 1817 504 interituro
1841 448 2179 520 dignissime,
2214 452 2665 524 quotiescunque,
2691 456 2936 525 inquam,
2973 457 3077 511 hac
3118 458 3425 515 tristissima

181 536 372 591 mundi
399 547 620 595 senecta
643 540 780 597 adeo
803 542 999 614 frigide
1023 559 1087 599 ac
1109 544 1304 614 supine
1333 560 1583 616 graecam
1614 545 1855 615 linguam
1884 545 1939 599 in
1960 546 2242 617 plerisque
2271 548 2407 603 locis
2434 560 2549 606 tum
2579 552 2717 606 tradi
2754 561 2865 605 tum
2896 552 3101 606 addisci
3127 555 3435 623 conspicio,»

178 633 443 690 continuo
466 636 683 692 animus
706 654 863 694 meus
895 639 1149 695 obruitur
1183 642 1359 708 luctu,
1400 655 1651 696 moerore
1678 648 1734 696 et
1760 641 1985 697 tristitia
2017 658 2127 697 non
2170 645 2384 717 exigua.
2420 646 2568 713 Quae
2603 648 2804 703 etenim
2847 656 2932 704 est
2968 647 3261 713 dementia,
3288 666 3426 718 quae

176 730 423 797 fatuitas,
447 749 587 803 quae
613 735 825 790 insania
847 751 1040 792 eorum
1068 738 1374 803 hominum.
1401 738 1495 808 qui
1517 739 1728 807 absque
1752 737 1920 793 huius
1950 738 1959 810 |
1990 738 2205 810 linguae
2232 743 2559 799 rudimentis
2590 761 2747 799 rarae
2777 753 2834 799 et
2871 744 3074 801 solidae
3102 744 3428 799 eruditionis

176 823 396 880 laudem
423 842 480 882 se
505 831 763 899 consequi
790 846 950 901 posse
976 834 1229 903 sperant?
1253 834 1373 889 Non
1399 834 1579 888 minor
1610 842 1778 898 certe,
1803 849 1866 888 ac
1900 835 1945 889 si
1976 836 2101 904 quis
2130 836 2335 908 absque
2376 840 2479 893 rati
2512 839 2834 895 immensum
2872 855 2935 896 ac
2968 847 3178 895 vastum
3205 841 3427 911 pelagus

181 918 435 984 transire,
462 927 555 974 aut
581 920 786 991 absque
820 923 919 978 alis
950 923 1006 978 in
1033 923 1253 979 aethera
1279 924 1518 989 evolare,
1545 932 1640 978 aut
1675 925 1880 994 absque
1906 926 2090 997 lingua
2134 944 2228 983 seu
2277 928 2512 999 Spiritus
2544 933 2715 987 sancti
2759 932 2902 987 dono
2944 942 3195 987 aeternae
3237 933 3427 987 salutis

175 1012 436 1083 mysteria
459 1014 720 1081 enodare,
746 1017 1051 1087 patefacere
1073 1026 1129 1073 et
1151 1019 1445 1088 explicare,
1471 1027 1566 1074 aut
1589 1018 1825 1088 denique
1848 1019 2053 1089 absque
2077 1020 2296 1077 Christo
2321 1041 2446 1094 rege
2472 1035 2526 1080 et
2549 1025 2716 1080 fratre
2739 1034 2927 1082 nostro
2949 1042 3239 1097 supernam
3263 1028 3391 1083 Jeru
3406 1060 3423 1068 -

174 1108 348 1163 salem
370 1108 645 1165 civitatem
668 1112 955 1168 caelestem
984 1122 1041 1169 et
1064 1114 1258 1186 gaudia
1282 1114 1534 1187 paradysi
1564 1114 1775 1186 ingredi
1799 1123 2110 1171 conaretur.
2138 1116 2205 1171 Et
2233 1127 2381 1174 certe
2415 1127 2564 1175 tanta
2590 1128 2674 1174 est
2710 1120 2873 1175 huius
2904 1122 3118 1191 linguae
3146 1128 3425 1192 praestan-

176 1204 273 1269 tia,
306 1212 455 1259 tanta
478 1205 734 1277 dignitas,
762 1215 913 1263 tanta
938 1209 1189 1279 dignitati
1228 1210 1523 1265 coniuncta
1560 1211 1791 1274 utilitas,
1824 1218 1974 1265 tanta
2015 1212 2339 1281 amplitudo,
2374 1222 2525 1268 tanta
2561 1215 2815 1269 maiestas
2844 1223 3133 1284 tantusque
3169 1215 3334 1269 decor
3368 1224 3425 1269 et

172 1307 425 1366 ornatus,
449 1308 532 1367 ut,
557 1302 603 1357 si
626 1302 876 1358 instituta
901 1304 1191 1360 collatione
1217 1305 1352 1360 haec
1384 1305 1569 1376 lingua
1591 1321 1714 1360 cum
1739 1307 1937 1360 ceteris
1972 1315 2340 1376 comparetur,
2382 1308 2619 1377 reliquas
2648 1325 2837 1363 omnes
2868 1316 2982 1363 tum
3009 1310 3227 1379 copiosa
3260 1324 3421 1363 voca~

172 1394 433 1452 bulorutn
457 1398 619 1465 serie,
658 1406 773 1454 tum
813 1400 1060 1456 miranda
1089 1401 1449 1457 dialectorum
1474 1402 1739 1457 varietate
1783 1401 1862 1457 sic
1900 1402 2111 1457 anteire
2154 1411 2210 1457 et
2233 1418 2496 1473 superare
2537 1404 2813 1469 videatur,
2854 1412 2916 1458 ut
2954 1404 3033 1458 sol
3074 1404 3130 1457 in
3168 1404 3424 1472 superius

170 1492 638 1563 hemisphaerium
662 1493 962 1564 productus
990 1503 1217 1550 cunctas
1256 1496 1434 1551 octavi
1476 1496 1628 1550 orbis
1673 1496 1857 1551 stellas
1892 1497 2182 1566 splendore
2223 1513 2325 1552 suo
2370 1498 2620 1565 ofluspat.
2665 1499 2824 1554 Nulla
2861 1501 3008 1554 enim
3033 1509 3117 1554 est
3148 1515 3177 1553 e
3215 1499 3421 1555 circulo

173 1588 539 1643 humanarum
565 1596 726 1659 atque
750 1589 1108 1660 ingenuarum
1134 1591 1334 1645 artium
1362 1606 1426 1645 ac
1461 1591 1894 1661 disciplinarum,
1922 1607 2061 1661 quae
2094 1592 2198 1647 hac
2222 1608 2430 1659 carere,
2455 1595 2605 1648 nulla
2636 1610 2773 1665 quae
2809 1595 3014 1664 absque
3046 1596 3148 1649 hac
3183 1594 3421 1665 perfecte

171 1682 382 1747 doceri,
406 1693 461 1739 et
487 1684 646 1740 nulla.
660 1700 800 1755 quae
830 1685 1036 1756 absque
1069 1686 1173 1741 hac
1195 1687 1416 1757 penitus
1440 1688 1650 1757 percipi
1677 1688 1997 1758 cognoscive
2028 1690 2218 1759 possit.
2252 1688 2307 1744 Si
2334 1699 2389 1745 et
2420 1690 2427 1761 Ι
2460 1691 2627 1756 enim,
2656 1698 2715 1745 ut
2741 1691 2861 1746 luce
2896 1691 3196 1746 meridiana
3222 1691 3421 1745 clarius

168 1786 274 1842 est,
302 1777 504 1834 latinus
526 1793 706 1834 sermo
729 1794 759 1835 e
782 1794 977 1851 graeco
1002 1781 1243 1836 manavit
1272 1790 1433 1851 atque
1459 1782 1744 1852 processit,
1775 1782 1911 1836 adeo
1944 1788 2026 1847 ut,
2051 1784 2197 1852 quod
2225 1783 2491 1838 llomcrus
2520 1784 2587 1839 de
2614 1799 2817 1840 oceano
2844 1786 2990 1839 canit
3017 1803 3029 1837 :

892 1898 983 1963 Ἐξ
1010 1892 1182 1971 οὗπερ
1217 1899 1416 1963 πάντες
1447 1900 1683 1968 ποταμοὶ
1716 1901 1809 1954 καὶ
1842 1902 1993 1953 πᾶσα
2017 1900 2267 1955 θάλασσα.

876 1970 986 2022 Καὶ
1013 1970 1185 2025 πᾶσαι
1208 1973 1403 2043 κρῆναι
1428 1972 1521 2024 καὶ
1552 1971 1763 2041 φρέατα
1788 1974 1968 2025 πάντα.
1997 1972 2183 2024 νάουσι

169 2102 245 2158 de
278 2118 474 2174 graeca
504 2104 689 2176 lingua
720 2120 830 2159 non
864 2104 1138 2161 immerito
1167 2105 1273 2161 dici
1298 2104 1491 2176 possit,
1516 2118 1698 2168 nemo,
1729 2103 1942 2173 Opinor,
1970 2102 2057 2157 vel
2086 2102 2592 2173 impudentissimus
2631 2104 2927 2174 negaverit,
2956 2105 3159 2174 absque
3194 2122 3416 2176 graecae

160 2192 388 2264 linguae
412 2196 741 2268 cognitione,
760 2198 1031 2269 principio
1054 2201 1317 2255 nimirum
1343 2209 1508 2271 atque
1528 2199 1739 2269 origine
1764 2198 1865 2263 rei,
1889 2206 2138 2252 exactam
2167 2206 2331 2268 atque
2351 2197 2645 2269 perfectam
2669 2197 2865 2252 latinae
2900 2198 3113 2269 linguae
3136 2200 3435 2253 scientiam.

157 2288 478 2357 comparari
501 2302 612 2343 non
638 2305 813 2359 posse.
840 2290 994 2357 Quod
1021 2308 1170 2359 sane,
1198 2294 1263 2359 si,
1283 2308 1343 2347 ut
1370 2293 1541 2363 ipsius
1565 2293 1643 2346 rei
1673 2291 1927 2346 maiestas
1962 2292 2148 2361 exigit,
2184 2291 2241 2345 in
2265 2291 2495 2362 singulis
2515 2291 2599 2346 vel
2627 2290 2824 2344 artium
2852 2291 3175 2361 disciplinis,
3212 2294 3296 2347 vel
3330 2307 3421 2345 ea-

156 2383 404 2437 rundem
426 2386 652 2440 summis
672 2386 1020 2445 facultatibus
1042 2390 1413 2445 demonstrare
1436 2398 1599 2459 atque
1625 2389 1877 2444 evincere
1900 2388 2119 2455 vellem,
2137 2403 2350 2453 vereor,
2370 2405 2437 2444 ne
2466 2388 2521 2442 in
2548 2388 2820 2443 inﬁnitum
2844 2388 3228 2443 extenderetur
3246 2389 3419 2444 oratio

152 2482 379 2528 nostra.
404 2474 561 2529 Modo
586 2478 776 2546 paucis
800 2496 914 2533 rem
935 2480 1207 2547 delibabo,
1228 2497 1317 2547 ne,
1341 2482 1486 2551 quod
1512 2481 1646 2546 dixi,
1665 2480 1950 2534 mendacio
1973 2480 2143 2550 magis
2166 2496 2325 2550 quam
2345 2481 2559 2536 veritati
2586 2496 2887 2550 congruum
2909 2497 2969 2534 ac
2993 2488 3419 2534 consentaneum

154 2566 442 2622 \ideatur.
481 2568 657 2639 Atque
700 2572 991 2643 principio,
1035 2592 1216 2631 nonne
1256 2592 1447 2631 omnes
1485 2585 1653 2641 artes,
1690 2575 2063 2646 grammatica,
2103 2574 2409 2640 dialectica,
2449 2574 2746 2639 rhetorica,
2786 2574 3012 2638 musica,
3052 2573 3435 2639 arithmetica,

150 2665 487 2733 geometria,
516 2669 868 2733 astronomia,
898 2670 1133 2740 poetica,
1160 2672 1404 2742 politica,
1434 2671 1828 2741 therapeutica,
1860 2669 2100 2739 physica,
2138 2670 2409 2739 theologia
2441 2678 2602 2739 atque
2633 2669 2767 2722 adeo
2792 2669 3043 2722 universa
3076 2668 3417 2737 philosophia

149 2754 459 2830 omnisque
511 2760 923 2832 disciplinarum
974 2768 1158 2833 orbis,
1210 2784 1374 2838 quem
1422 2765 1908 2836 ἐγκυκλοπαιδείαν
1955 2780 2244 2829 vocamus,
2296 2772 2521 2834 graecos
2572 2764 2886 2817 etiamnunc
2942 2762 3118 2817 fontes
3168 2763 3420 2832 sapiunt?

184 2854 197 2923 Ι
234 2854 390 2910 Adeo
433 2865 493 2912 ut
525 2873 595 2913 ne
638 2858 861 2913 nomina
909 2859 1130 2929 quidem
1168 2860 1296 2926 alia,
1336 2877 1499 2929 quam
1545 2860 1727 2913 nativa
1769 2866 1824 2912 et
1869 2868 2065 2930 graeca
2111 2857 2421 2921 admittant,
2451 2871 2627 2924 neque
2673 2870 2774 2908 nos
2815 2853 2937 2907 aliis
2975 2853 3287 2908 nominibus
3327 2868 3421 2907 eas

147 2961 545 3015 agnoscamus,
574 2966 747 3021 eoque
775 2953 893 3006 iure
934 2968 992 3006 se
1020 2953 1179 3007 nobis
1209 2954 1548 3022 permittant,
1575 2962 1636 3006 ut
1661 2969 1691 3007 a
1719 2952 1962 3006 fontibus
1996 2950 2204 3005 secludi
2233 2964 2342 3002 non
2369 2947 2666 3017 patiantur.
2694 2946 2749 3000 Si
2788 2962 2817 2999 a
2852 2945 3025 2999 literis
3050 2944 3197 2998 velut
3221 2944 3289 2997 ab
3316 2959 3441 2996 ovo,

152 3052 287 3090 rem
314 3051 643 3107 retexamus,
672 3057 850 3096 nonne
878 3042 1057 3097 Latini
1082 3059 1272 3098 omnes
1300 3059 1425 3098 suas
1455 3044 1659 3105 literas,
1689 3058 1796 3096 una
1831 3041 2096 3096 duntaxat
2119 3049 2283 3109 atque
2307 3040 2479 3093 altera
2504 3038 2706 3097 demta,
2736 3053 2765 3090 a
2790 3036 3011 3091 Graecis
3033 3037 3287 3100 mutuati,
3318 3054 3418 3091 nec

152 3140 355 3186 tamen
391 3148 708 3203 graecarum
756 3136 1037 3190 literarum
1078 3138 1351 3193 concisam
1392 3138 1715 3193 brevitatem
1763 3146 1858 3191 aut
1903 3136 2086 3207 potius
2128 3135 2452 3206 elegantiam
2499 3134 2735 3204 perfecte
2774 3150 2837 3188 ac
2880 3134 3039 3204 plene
3071 3132 3145 3205 (a)
3186 3134 3417 3187 assecuti

148 3224 339 3280 sunt?
383 3224 539 3291 Quod
579 3227 727 3281 enim
772 3226 951 3282 Latini
995 3237 1256 3298 quatuor,
1288 3231 1344 3286 id
1390 3230 1587 3286 Graeci
1635 3230 1848 3285 duabus
1895 3231 2213 3300 exprimunt
2256 3230 2460 3294 literis,
2508 3230 2563 3284 id
2610 3230 2757 3299 quod
2806 3238 3033 3299 apparet
3076 3230 3131 3285 in
3180 3231 3420 3285 dictione

147 3319 517 3390 ἀπόφθεγμα,
550 3321 751 3391 φθίσις,
780 3331 838 3377 et
875 3325 1167 3380 similibus.
1208 3327 1402 3382 Nonne
1438 3343 1658 3397 quoque
1696 3327 2047 3382 Grammatici
2091 3325 2258 3379 huius
2300 3324 2517 3395 linguae
2545 3326 2740 3395 peritia
2774 3339 3121 3394 summopere
3152 3324 3414 3393 indigent,

146 3409 304 3465 adeo
332 3420 393 3465 ut
416 3411 509 3481 qui
536 3411 701 3468 Criste
730 3429 827 3483 pro
856 3413 1076 3481 Christe,
1107 3417 1297 3471 eleison
1326 3434 1424 3489 pro
1455 3418 1653 3471 eleeson
1681 3426 1736 3472 et
1760 3425 1956 3471 sonant
1987 3424 2043 3469 et
2079 3413 2345 3477 scribunt,
2372 3419 2536 3467 rudes
2562 3422 2723 3483 atque
2751 3414 2993 3467 omnium
3033 3430 3215 3468 rerum
3248 3414 3417 3483 ignari

146 3501 586 3557 existimentur?
613 3503 754 3571 Quid
785 3506 852 3561 de
890 3507 1192 3575 dialectica,
1220 3511 1419 3580 quidve
1447 3510 1514 3565 de
1542 3510 1813 3564 rhetorica
1850 3509 2061 3564 dicam?
2090 3508 2260 3574 Quam
2303 3506 2549 3570 infinitis,
2581 3522 2802 3576 quaeso,
2836 3514 3066 3560 utuntur
3100 3506 3222 3561 illae
3256 3522 3418 3561 voca-

146 3591 333 3655 bulis,
366 3607 505 3661 quae
529 3594 723 3662 partim
754 3602 882 3648 sunt
906 3612 1117 3666 graeca,
1147 3600 1344 3668 partim
1386 3615 1577 3654 eorum
1620 3599 1925 3659 imitatione
1966 3598 2128 3664 facta,
2158 3613 2395 3669 quorum
2423 3598 2533 3651 vim
2572 3614 2635 3652 ac
2665 3596 3115 3667 signiﬁcationem
3144 3598 3236 3667 qui
3262 3591 3431 3667 igno-‘j

147 3695 283 3741 rant
308 3702 479 3756 quam
502 3689 738 3759 graviter
761 3689 1185 3756 hallucinentur,
1209 3699 1398 3745 notum
1422 3691 1699 3745 omnibus.
1738 3692 1805 3745 Et
1834 3698 1981 3746 certe
2012 3691 2182 3745 multa
2218 3700 2346 3745 sunt
2378 3690 2521 3759 apud
2548 3690 2914 3755 Aristotelem,
2947 3705 3085 3758 quae
3123 3696 3218 3742 aut
3249 3688 3431 3743 latine

148 3776 461 3831 transferri
497 3778 699 3848 optime
730 3793 801 3833 ne
834 3779 841 3849 |
874 3788 1101 3849 Queunt,
1140 3790 1233 3835 aut
1272 3783 1529 3836 translata
1559 3781 1665 3835 alio
1711 3797 1872 3836 sensu
1917 3782 2266 3851 accipiuntur
2319 3797 2347 3834 a
2390 3782 2696 3850 legentibus
2734 3798 2894 3850 quam
2932 3781 3000 3834 ab
3038 3796 3104 3835 eo
3140 3780 3413 3852 dicuntur.

147 3870 306 3936 Quin
333 3878 391 3925 et
412 3879 601 3941 poetas
625 3887 944 3942 graecamm
977 3872 1258 3926 literarum
1296 3872 1511 3942 ignaros
1535 3872 1808 3927 incassum
1837 3872 2079 3926 laborem
2108 3873 2387 3942 suscipere
2421 3888 2483 3927 ac
2510 3889 2786 3942 nunquam
2818 3875 3095 3929 Musarum
3117 3875 3414 3944 penetralia

146 3957 382 4028 ingredi
419 3972 578 4027 posse
597 3960 686 4014 vel
707 3975 773 4013 ex
796 3975 862 4014 eo
892 3969 1059 4030 patet,
1084 3960 1229 4028 quod
1254 3975 1444 4014 omnes
1468 3960 1680 4015 fabulae
1706 3976 1768 4015 ac
1793 3960 2048 4031 ﬁgmenta
2072 3962 2284 4031 poetica
2316 3978 2345 4016 e
2371 3961 2589 4016 Graecis
2618 3965 2907 4031 pendeant.
2936 3964 3077 4031 Quid
3106 3965 3171 4019 de
3203 3965 3415 4018 mathe-

146 4053 387 4109 maticis
408 4053 651 4109 scientiis
672 4055 895 4124 loquar?
919 4055 1046 4109 lllae
1068 4064 1178 4109 tam
1201 4064 1430 4124 possunt
1456 4055 1573 4109 sine
1598 4055 1807 4125 graecis
1829 4055 2007 4109 literis
2029 4055 2270 4124 perfecte
2301 4056 2496 4118 teneri,
2514 4070 2674 4123 quam
2704 4055 2819 4109 sine
2842 4056 3049 4125 graecis
3065 4055 3419 4109 auctoribus?

142 4149 315 4214 Quis,
353 4162 576 4217 quaeso,
608 4148 711 4201 nisi
744 4146 986 4202 Graecus
1016 4145 1281 4215 intelliget
1310 4144 1624 4199 Euclidem?
1654 4145 1779 4214 quis
1808 4146 2217 4200 Ptolemaeum?
2248 4146 2373 4215 quis
2402 4147 2697 4200 Proclum?
2730 4147 2864 4213 Quis
2902 4147 3009 4201 nisi
3048 4145 3289 4199 Graecus
3326 4160 3417 4197 ex-

146 4238 395 4309 plicabit
431 4237 562 4308 quid
606 4239 676 4293 sit
713 4239 965 4309 trigonus,
996 4237 1128 4306 quid
1168 4244 1492 4305 tetragonus,
1526 4235 1657 4305 quid
1689 4252 1889 4301 manas,
1922 4237 2051 4307 quid
2088 4237 2236 4301 trias,
2268 4236 2399 4306 quid
2440 4236 2699 4307 diapente,
2735 4238 2864 4307 quid
2905 4238 3250 4300 diatessaron,
3285 4235 3417 4304 quid

142 4336 473 4401 excentrici,
502 4334 635 4405 quid
666 4334 1000 4406 syncentrici,
1037 4330 1168 4401 quid
1213 4330 1466 4401 epicyclii,
1497 4330 1629 4401 quid
1669 4330 1919 4402 eclypses,
1946 4340 2003 4386 et
2035 4332 2156 4385 eius
2192 4332 2409 4401 generis
2456 4341 2603 4386 tanta
2645 4334 2824 4399 turba,
2857 4343 2918 4388 ut
2960 4332 3234 4387 audiendo
3266 4333 3418 4401 prius

142 4443 329 4495 quam
361 4425 839 4481 commemorando
869 4425 1048 4478 omnia
1076 4423 1359 4494 defatigari
1385 4422 1508 4493 quis
1535 4423 1725 4493 possit.
1767 4422 1848 4477 Ad
1881 4425 2052 4478 serias
2084 4441 2214 4480 vero
2239 4435 2400 4495 atque
2431 4427 2627 4481 arduas
2656 4428 2701 4481 si
2731 4426 3047 4497 progrediar
3079 4424 3413 4495 disciplinas,

142 4518 443 4575 medicina
467 4527 749 4589 tantopere
780 4517 986 4588 indiget
1012 4515 1221 4587 graecis
1242 4515 1435 4580 literis,
1461 4523 1521 4568 ut
1546 4514 1639 4584 qui
1663 4514 1783 4569 eius
1806 4514 2114 4585 cognitione
2143 4524 2383 4580 careant,
2410 4515 2561 4582 dum,
2590 4525 2651 4571 ut
2679 4523 2839 4585 poeta
2863 4516 3028 4577 canit,

908 4631 1179 4703 Φάρμακα
1210 4629 1379 4683 πολλὰ
1409 4629 1724 4700 μεμιγμένα
1757 4628 1933 4700 λυγρὰ
1959 4630 2053 4683 καὶ
2076 4628 2242 4683 ἐσθλά

138 4778 503 4841 ministrant,
533 4784 783 4849 aegrotos
817 4792 929 4831 non
962 4789 1088 4829 raro
1128 4774 1185 4829 in
1218 4780 1527 4827 extremum
1559 4772 1703 4826 vitae
1735 4770 2043 4841 periculum
2074 4771 2387 4827 coniiciant.
2417 4772 2554 4828 Cum
2582 4772 2727 4826 enim
2764 4770 2901 4841 phar
2933 4771 2942 4841 ι
2973 4786 3272 4833 macorum,
3309 4786 3415 4823 un-

138 4878 520 4939 guentorum,
546 4870 1013 4940 cataplasmatum,
1041 4866 1347 4936 potionum,
1376 4872 1733 4928 ceromatum,
1762 4864 1893 4918 item
1921 4863 2298 4927 animantium,
2326 4864 2659 4933 plantarum,
2684 4880 3042 4934 gemmarum,
3072 4863 3415 4927 morborum,

141 4957 562 5023 remediorum,
588 4959 1098 5021 instrumentorum,
1134 4955 1439 5025 ponderum
1467 4962 1523 5009 et
1550 4969 1929 5009 mensurarum
1961 4954 2225 5008 vocabula
2255 4955 2439 5009 omnia
2466 4955 2577 5009 sint
2613 4971 2826 5025 graeca,
2855 4956 2998 5024 quis,
3029 4969 3253 5024 quaeso,
3278 4953 3415 5007 citra

141 5050 334 5108 huius
379 5051 597 5123 linguae
630 5052 997 5123 cognitionem
1036 5051 1200 5122 periti
1250 5046 1451 5105 medici
1493 5048 1656 5103 laude
1695 5065 1760 5105 ac
1797 5049 2093 5118 praeconio
2135 5048 2390 5103 exornari
2428 5049 2742 5103 mereatur?
2767 5049 2900 5115 Quis
2940 5048 3326 5116 Hippocratem
3362 5054 3445 5103 et.

136 5148 438 5206 Calenum
458 5148 704 5203 omnium
730 5149 1065 5205 medicorum
1093 5146 1420 5217 κορυφαίους
1446 5154 1501 5200 et
1528 5144 1696 5215 84606;

1600 5144 1834 5215 δούχους,
1863 5143 1931 5199 de
1959 5144 2162 5213 quibus
2188 5160 2248 5199 re
2276 5160 2402 5199 vera
2432 5144 2540 5199 dici
2570 5147 2752 5214 posset
2780 5139 2923 5211 quod
2956 5139 3160 5192 fuerint

918 5258 1117 5332 ’ἰητροὶ
1141 5257 1348 5327 ἀνδρῶν
1388 5257 1599 5311 πολλῶν
1632 5256 1872 5320 ἀντάξιος
1902 5255 2094 5321 ἄλλων,

138 5402 308 5473 quis,
340 5400 589 5471 inquam,
611 5414 709 5456 eos
734 5376 940 5471 absque
967 5398 1134 5455 huius
1173 5399 1391 5470 linguae
1427 5399 1655 5455 scientia
1692 5398 1977 5468 intelliget,
2008 5396 2131 5466 quis
2159 5396 2439 5462 enodabit,
2465 5397 2589 5467 quis
2620 5395 2917 5466 genuinum
2955 5409 3256 5462 verumque
3289 5410 3417 5446 scn-

138 5511 280 5550 sum
306 5492 479 5549 exiis
501 5492 693 5549 eruet?
712 5491 825 5548 Nec
853 5506 986 5546 vero
1009 5491 1144 5546 iuris
1163 5491 1507 5560 prudentiam
1534 5504 1757 5562 graecae
1776 5489 1993 5559 linguae
2021 5486 2352 5543 adminiculo
2376 5503 2563 5543 carere
2587 5502 2766 5557 posse,
2797 5485 2924 5541 hinc
2956 5484 3014 5539 fit
3045 5483 3435 5545 manifestum,

1693 5645 1938 5702 NOTAE.

221 5771 314 5843 (a)
359 5771 541 5837 Corn,
572 5770 744 5827 l‘altb.
778 5768 936 5842 pleni.
970 5769 1115 5825 Enn.
