3950 6540
547 275 651 333 505
1537 274 1930 335 ZACIIARIAE
1978 274 2349 335 PALTllENll
2393 276 2779 335 PRAEFATIO
3440 286 3450 293 ’
3706 285 3800 345 ὅθι

542 390 688 467 quod
714 390 973 462 epistolae
1004 400 1059 445 et
1104 392 1366 461 rescripta
1397 392 1789 462 imperatorum
1834 393 2177 465 aliorumque
2218 394 2715 455 iureconsultorum
2747 410 3008 466 responsa
3038 396 3300 467 pleraque
3333 416 3585 461 sermone
3618 420 3804 474 graeco

543 486 750 556 prolata
785 492 946 554 atque
973 486 1120 541 edita
1146 486 1275 550 sint,
1305 487 1616 558 multaeque
1642 504 1804 543 voces
1833 497 1888 545 et
1920 489 2225 544 sentcntiae
2251 506 2573 560 graecorum
2603 490 3079 563 philosophorum,
3106 502 3393 562 poetarum
3432 506 3489 557 et
3524 509 3803 561 orauit-um

544 592 797 651 tanquam
830 598 1074 653 gemmae
1104 592 1160 637 et
1184 583 1389 637 lumina
1429 585 1698 638 orationis
1734 584 1801 638 ad
1840 600 1929 638 res
1970 583 2368 654 significantius
2397 585 2782 656 exprimendas
2813 585 3049 645 insertae
3075 589 3203 654 sint,
3240 590 3576 661 Quinetiam
3604 596 3808 667 aliquot

540 686 669 735 sunt
708 678 857 750 leges
894 687 948 731 ct
982 678 1148 741 tituli,
1185 695 1325 748 quies
1355 688 1499 735 totos
1530 696 1560 734 a
1614 679 1622 749 |
1676 678 1901 735 Graecis
1945 680 2178 737 mutuati
2223 689 2352 735 sunt
2388 681 2768 745 iureconsulti,
2804 681 2872 734 ab
2905 681 3198 737 Aristotele
3232 684 3489 743 nimirum
3526 687 3725 743 titulus
3749 691 3807 743 de

539 772 735 831 usuris,
767 785 797 822 a
833 769 1053 825 Platone
1087 771 1141 843 [Ῑ.
1176 772 1239 825 de
1281 775 1528 831 nundinis
1565 774 1602 830 Ι.
1629 775 1682 840 2,
1719 776 1800 830 sic
1843 776 2036 830 titulus
2065 776 2127 829 de
2158 778 2336 847 poenis
2380 792 2448 831 ex
2486 777 2722 832 Homero
2762 785 2817 833 et
2854 777 3235 839 Demosthene.
3282 779 3643 852 Summopere
3685 799 3808 854 ergo

538 880 856 931 graecorum
888 865 1169 921 literarum
1200 882 1302 936 ope
1342 868 1550 943 indiget
1593 872 1775 943 legum
1805 873 2005 942 cupida
2038 874 2311 929 iuventus.
2342 872 2530 940 Quoad
2571 873 2898 944 tthIOgiam
2929 890 3083 945 vero,
3114 892 3254 949 quae
3278 878 3441 933 nobis
3467 891 3807 938 sacrosancta

537 960 759 1015 oracula
787 970 947 1031 atque
976 960 1113 1014 adeo
1137 962 1328 1017 salutis
1354 973 1572 1021 nostrae
1596 982 1862 1023 summam
1888 970 2075 1033 tradit,
2103 970 2147 1025 si
2172 970 2297 1040 quis
2323 969 2488 1027 huius
2513 969 2728 1040 linguae
2762 969 3073 1039 cognitione
3098 990 3157 1030 se
3178 989 3368 1033 carere
3396 990 3557 1047 posse
3585 989 3806 1041 asserat,

539 1056 585 1109 is
631 1056 764 1109 mihi
800 1073 909 1111 non
944 1059 1175 1114 multum
1218 1061 1488 1119 absimilis
1524 1064 1744 1125 videtur
1771 1082 1890 1121 esse
1920 1068 1995 1131 ei,
2023 1066 2115 1137 qui
2142 1067 2348 1136 absque
2379 1066 2717 1131 nutrimento
2743 1074 2798 1123 et
2827 1066 2951 1124 cibo
2986 1082 3186 1139 corpus
3217 1071 3425 1127 salvum
3453 1079 3508 1127 et
3536 1071 3808 1129 incolume

537 1148 850 1203 conservari
898 1151 1105 1211 statuit.
1156 1151 1347 1208 Nonne
1388 1171 1577 1213 omnes
1620 1158 2027 1229 Evangelistae,
2074 1169 2304 1234 excepto
2347 1174 2459 1217 uno
2505 1158 2810 1227 Mattliaeo,
2860 1150 3043 1215 nonne
3090 1176 3282 1219 omnes
3333 1163 3598 1232 epistolae
3637 1162 3806 1227 Pauli,

537 1255 718 1296 nonne
742 1244 1082 1317 apocalypsis
1107 1247 1335 1303 Joannis
1361 1267 1557 1321 graeco
1592 1268 1844 1311 sermone
1871 1255 2175 1324 perscripta
2217 1263 2275 1311 et
2315 1254 2382 1312 ad
2418 1270 2519 1315 nos
2555 1254 2733 1311 delata
2773 1254 2890 1311 cst?
2921 1255 3111 1313 Nonne
3148 1254 3402 1319 Basilius,
3429 1271 3613 1311 nonne
3640 1254 3806 1327 Chry-

535 1342 825 1399 sostomus,
857 1354 1036 1399 nonne
1062 1340 1458 1410 Nazianzenus,
1493 1364 1674 1403 nonne
1704 1350 1994 1414 Eusebius,
2027 1366 2210 1407 nonne
2243 1349 2526 1419 Origenes,
2556 1367 2737 1409 nonne
2773 1350 3235 1427 Theophylactus,
3266 1368 3449 1411 nonne
3479 1352 3809 1409 Athanasius

534 1440 697 1499 atque
727 1432 1087 1504 Epiphanius,
1114 1440 1216 1494 viri
1243 1441 1387 1495 vitae
1414 1444 1772 1501 sanctimonia
1802 1453 1965 1515 atque
1990 1445 2304 1501 eruditione
2331 1445 2719 1510 commendati,
2747 1461 2871 1505 cum
2903 1445 3104 1516 quibus
3129 1462 3289 1516 quem
3321 1462 3605 1517 compares
3634 1446 3811 1501 cuius-

535 1538 753 1594 cunque
792 1530 875 1582 vel
906 1529 1120 1602 linguae
1152 1537 1234 1590 vel
1282 1524 1478 1593 aetatis
1514 1538 1847 1608 theologum,
1880 1555 1988 1599 non
2027 1540 2186 1601 facile
2219 1541 2380 1597 video
2413 1559 2425 1594 :
2455 1556 2658 1606 nonne,
2688 1541 2931 1611 inquam.
2963 1556 3156 1598 omnes
3196 1556 3391 1611 graeco
3425 1556 3683 1601 sermone
3718 1556 3810 1597 sua

535 1630 699 1684 Opera
728 1623 1209 1697 conscripserunt?
1241 1632 1373 1699 Quis
1401 1652 1530 1707 ergo
1554 1653 1625 1695 ex
1649 1637 1755 1691 illis
1779 1638 1941 1695 nobis
1969 1638 2188 1694 futurus
2219 1638 2305 1699 fru
2338 1639 2348 1710 Ι
2379 1647 2521 1703 ctus,
2543 1654 2683 1711 quae
2712 1638 3011 1697 consolatio
3038 1646 3131 1696 aut
3159 1638 3473 1703 oblectatio,
3502 1638 3547 1693 si
3586 1654 3812 1708 graecae

533 1712 751 1785 linguae
774 1721 1015 1783 SlUdium
1043 1728 1474 1800 negligeremus?
1502 1734 1695 1791 Nullus
1731 1743 1903 1791 certe.
1942 1735 2012 1791 Et
2039 1744 2191 1791 certe
2246 1735 2351 1790 hoc
2387 1743 2567 1805 pacto,
2600 1734 2746 1804 quod
2784 1734 2946 1798 absit,
2980 1733 3170 1791 irritus
3206 1744 3372 1804 atque
3414 1734 3598 1791 inanis
3637 1735 3815 1790 omnis

534 1808 753 1875 illorum
784 1817 938 1871 labor
966 1818 1178 1881 fuisset.
1213 1827 1410 1884 Fateor
1436 1830 1682 1900 quidem,
1716 1847 1781 1885 ex
1813 1830 2022 1889 Latinis
2051 1841 2269 1902 gustum
2314 1832 2610 1887 niaximum
2652 1830 2864 1885 hauriri
2906 1838 3070 1900 atque
3111 1831 3319 1901 percipi
3359 1847 3540 1902 posse,
3570 1838 3813 1885 attamen

534 1909 637 1977 hac
664 1912 718 1965 in
746 1924 900 1983 parte
929 1928 1123 1986 poetae
1153 1923 1461 1996 adstipulor
1492 1928 1584 1998 qui
1615 1928 1763 1982 canit
1792 1946 1805 1982 :

1278 2063 1494 2119 Gratius
1524 2081 1588 2121 ea:
1615 2067 1728 2136 ipso
1758 2067 1901 2135 fonte
1928 2065 2175 2121 bibuntur
2205 2080 2397 2135 aquae.

533 2200 680 2256 llaec
702 2218 833 2274 ergo
884 2220 1055 2275 quum
1103 2205 1287 2259 omnia
1331 2203 1424 2268 ita,
1452 2212 1513 2258 ut
1537 2204 1671 2269 dixi,
1706 2204 1785 2258 sic
1820 2218 1879 2257 se
1914 2201 2173 2266 habeant,
2211 2201 2337 2270 quis
2374 2199 2513 2254 adeo
2550 2199 2826 2269 pervicax,
2858 2196 2998 2251 adeo
3052 2194 3361 2249 obstinatae
3406 2187 3635 2247 mentis.
3678 2184 3817 2241 adeo

532 2299 703 2354 durae
748 2303 985 2358 cervicis
1026 2312 1189 2373 atque
1237 2303 1374 2358 adeo
1417 2303 1661 2380 perversi
1703 2301 1894 2357 iudicii
1936 2316 2055 2356 esse
2096 2300 2290 2371 possit,
2319 2300 2410 2370 qui
2458 2307 2666 2353 tantam
2710 2298 2876 2351 huius
2916 2296 3132 2365 linguae
3163 2287 3817 2380 praestantiam,itan‘tam

531 2393 855 2465 dignitatem
908 2397 1273 2467 dignitatique
1319 2376 1671 2453 coniunctam
1711 2398 2005 2451 utilitatem
2042 2412 2151 2450 non
2190 2404 2467 2468 agnoscat,
2509 2395 2745 2465 agnitam
2789 2391 3093 2463 praedicet,
3134 2397 3297 2455 atque
3336 2382 3539 2438 debilis
3586 2376 3815 2432 Ιιικῑηω

530 2493 799 2549 encomiis
837 2495 1035 2548 ornet?
1069 2495 1237 2557 Recte
1278 2492 1445 2565 igitur
1488 2505 1651 2563 atque
1689 2493 1897 2564 optime
1934 2490 2158 2547 subtilis
2200 2491 2392 2547 iudicii
2428 2500 2592 2561 atque
2631 2489 2934 2561 profundae
2976 2484 3303 2542 eruditionis
3342 2479 3429 2534 vir
3464 2477 3534 2532 Η.
3570 2473 3632 2528 S-
3667 2472 3817 2526 νειυί

532 2589 785 2659 παρῳδὸς
812 2590 881 2647 de
912 2592 1014 2645 hac
1043 2591 1227 2662 lingua
1259 2592 1409 2646 canit
1442 2607 1456 2643 :

1278 2709 1548 2782 mdiaqu
1571 2709 1843 2782 θησαυρὸς
1874 2710 2132 2780 γλῶσσαν
2158 2710 2313 2781 παρὰ
2335 2712 2518 2765 πᾶσαν
2547 2710 2768 2782 ἄριστος

1203 2777 1213 2789 ’
1278 2777 1842 2853 Ἐλλαδιὶεῆςζπαάῶν
1868 2777 2108 2853 χαρίτων
2136 2777 2255 2836 πᾶν⁷
2271 2782 2472 2854 μέτρον
2502 2777 2757 2853 ὲχόύσης.

531 2911 598 2979 Et
620 2913 865 2981 quidem.
894 2925 955 2972 ut
986 2917 1220 2989 ingenue
1253 2920 1451 2985 fatear,
1485 2930 1671 2979 tantus
1710 2938 1800 2981 me
1834 2922 2002 2979 huius
2038 2922 2257 2994 linguae
2291 2922 2519 2979 incessit
2541 2937 2717 2988 amor,
2751 2892 2899 2977 tanta
2930 2935 3017 2975 me
3045 2935 3077 2974 a
3106 2918 3314 2977 teneris
3346 2916 3464 2977 fere
3501 2915 3815 2988 unguiculis

528 3004 765 3061 detinui!
794 3008 1088 3079 cupiditas,
1122 3021 1184 3066 ut
1213 3028 1310 3082 per
1339 3021 1513 3071 totum
1538 3023 1806 3072 semestre
1833 3015 2094 3085 spatium,
2125 3014 2332 3075 invidia
2357 3014 2507 3069 dicto
2531 3014 2694 3079 absit,
2730 3012 2739 3082 Ι
2772 3013 2867 3068 uni
2897 3012 3137 3073 Homero

1554 3156 1592 3209 Α
1629 3172 1729 3225 quo
1757 3172 1849 3208 ceu
1888 3155 2031 3225 fonte
2059 3156 2279 3224 perenni

1472 3226 1661 3280 Vatum
1684 3226 1876 3280 Pieriis
1912 3243 2008 3281 ora
2040 3228 2285 3295 rigantur
2310 3227 2482 3294 aquis,

529 3354 882 3442 perlegenda,
928 3358 1222 3431 relegendo
1256 3370 1423 3433 atque
1456 3362 1811 3428 revolvenda,
1846 3370 2022 3417 totum
2054 3376 2142 3417 me
2184 3360 2457 3415 dederim.
2508 3358 2656 3415 Idem
2688 3358 2837 3417 enim
2867 3357 3151 3415 accidebat
3195 3356 3351 3422 mihi,
3393 3357 3542 3427 quod
3590 3356 3679 3414 iis.
3726 3355 3816 3425 qui

528 3448 728 3519 exiguo
753 3452 938 3524 aliquo
975 3453 1288 3515 divinorum
1322 3456 1706 3528 mysteriorum
1741 3464 1901 3528 gustu
1933 3463 2216 3526 percepto,
2249 3471 2363 3526 quo
2394 3456 2605 3528 majora
2635 3454 2741 3509 sibi
2768 3454 3003 3509 revelata
3041 3452 3249 3508 fuerint
3280 3452 3476 3525 gaudia
3510 3452 3814 3512 caelorum,

528 3556 596 3599 eo
624 3542 923 3612 ardentiori
948 3546 1222 3605 desiderio
1252 3556 1525 3605 tenentur.
1561 3549 1651 3604 Sic
1677 3564 1777 3620 ego
1801 3566 1910 3619 quo
1941 3549 2137 3618 majori
2158 3548 2373 3607 fervore
2397 3548 2701 3618 scriptores
2718 3563 2943 3617 graecos
2965 3555 3079 3601 tum
3102 3546 3312 3603 solutae
3338 3538 3451 3602 tum
3474 3546 3677 3616 ligatae
3699 3560 3819 3598 ora-

530 3639 696 3695 tionis
723 3642 1065 3709 evolvebam,
1098 3660 1166 3699 eo
1188 3645 1570 3703 vehementius
1587 3653 1774 3703 aestus
1806 3647 1898 3703 ille
1928 3645 2097 3703 animi
2122 3644 2447 3701 inﬂammari
2475 3654 2638 3713 atque
2675 3643 2894 3701 incendi
2917 3642 3119 3712 coepit,
3148 3642 3286 3699 adeo
3306 3652 3367 3697 ut
3401 3657 3492 3703 me
3518 3639 3670 3699 illius
3702 3648 3817 3696 stu-

529 3731 606 3789 dii
647 3733 797 3790 nulla
824 3751 1063 3806 unquam
1091 3738 1346 3810 ἁψικορία
1378 3738 1769 3795 autfastidium
1804 3742 2035 3811 ceperit,
2070 3747 2126 3794 et
2150 3755 2261 3815 quo
2294 3738 2470 3810 magis
2519 3738 2818 3803 esurirem,
2862 3752 3144 3806 nunquam
3185 3745 3364 3793 tamen
3398 3736 3573 3791 fames
3602 3734 3699 3789 illa
3730 3749 3817 3786 se-

526 3824 667 3892 dari,
692 3828 899 3898 expleri
923 3839 1017 3885 aut
1038 3832 1344 3890 exsaturari
1372 3834 1629 3906 potuerit.
1671 3834 1962 3904 Quumque
1980 3835 2083 3891 hac
2110 3833 2291 3889 hieme
2314 3849 2345 3887 a
2374 3834 2655 3889 continuis
2676 3829 2981 3895 laboribus,
3005 3831 3208 3901 quibus
3236 3832 3377 3887 ultra
3399 3826 3817 3897 sesquiennium

524 3920 778 3986 obrutus,
808 3938 917 3976 non
961 3932 1142 3978 tamen
1177 3939 1473 3996 Oppressus
1501 3926 1600 3993 fui,
1630 3928 1920 3998 respiratio
1952 3927 2147 3998 exigua
2182 3926 2603 3990 concederetur,
2630 3924 2796 3981 incidi
2835 3923 2976 3979 forte
3015 3924 3234 3979 fortuna
3267 3924 3324 3983 in
3362 3932 3617 3979 sanctum
3655 3931 3819 3991 atque

527 4013 776 4069 divinum
805 4017 978 4072 sancti
1006 4019 1180 4087 patris
1212 4019 1429 4077 Macarii
1461 4038 1620 4092 opus,
1646 4021 2019 4078 sanctissimas
2057 4023 2320 4077 nimirum
2351 4029 2517 4090 atque
2536 4034 2747 4074 summa
2777 4018 2979 4087 pietate
3014 4018 3242 4073 refertas
3266 4016 3555 4078 llomilias,
3582 4028 3819 4084 quarum

526 4106 690 4165 lectio
718 4123 804 4169 me
835 4108 974 4173 adeo
998 4111 1313 4177 oblectavit,
1350 4114 1619 4171 recreavit
1650 4122 1707 4169 et
1738 4114 1995 4178 detinuit,
2038 4124 2118 4177 ut,
2139 4114 2463 4185 priusquam
2501 4110 2678 4181 spatio
2734 4111 2899 4169 trium
2951 4110 3168 4164 dierum
3213 4107 3414 4163 librum
3462 4108 3818 4172 evolvissem,

525 4200 802 4283 perversis
839 4201 979 4263 meis
1002 4201 1122 4271 cogi
1155 4201 1163 4272 |
1196 4203 1499 4259 tationibus
1512 4204 1737 4260 omnino
1763 4220 1983 4274 gravem
2008 4215 2065 4261 et
2098 4205 2393 4260 molestum
2426 4218 2513 4258 me
2533 4202 2900 4257 exhibuerim.
2928 4202 3101 4257 Tanta
3132 4200 3278 4256 enim
3307 4199 3576 4271 religione
3606 4210 3824 4254 scatent

530 4287 632 4345 hae
654 4292 911 4350 homiliae
941 4303 1106 4365 atque
1139 4312 1442 4363 sermones,
1473 4308 1532 4352 ut
1556 4300 1642 4354 vel
1670 4298 1725 4352 in
1763 4314 1935 4369 agone
1974 4297 2171 4355 mortis
2209 4298 2570 4357 constitutum
2606 4295 2661 4349 in
2695 4295 2862 4350 vitam
2888 4294 3173 4355 reducere,
3221 4303 3386 4363 atque
3437 4291 3823 4349 consolatione

528 4384 619 4451 pia
653 4395 871 4454 praesto
902 4402 1025 4447 esse
1055 4398 1277 4458 queant.
1312 4388 1537 4445 Summa
1561 4406 1692 4461 ergo
1712 4392 1980 4449 suavitate
2007 4391 2173 4445 huius
2190 4390 2521 4447 sacerrimae
2542 4388 2796 4443 lectionis
2822 4388 3038 4444 illectus
3061 4395 3225 4458 atque
3252 4384 3565 4447 devinctus,
3602 4384 3823 4438 tandem

528 4478 824 4551 insignium
854 4482 1064 4553 aliquot
1099 4491 1154 4539 et
1177 4486 1593 4555 praecipuarum
1624 4486 1972 4545 bomiliarum
2017 4486 2329 4543 versionem
2373 4483 2662 4555 aggredior
2704 4482 2962 4547 latinam;
3002 4496 3111 4535 non
3154 4488 3336 4534 tamen
3376 4493 3444 4532 eo
3478 4476 3696 4537 animo,
3747 4484 3824 4537 ut,

527 4590 664 4643 quas
694 4573 861 4630 latina
890 4583 1416 4645 vesteexornaram,
1440 4580 1595 4634 alteri
1621 4596 1837 4637 mecum
1874 4590 2059 4637 essent
2102 4596 2444 4642 communes,
2487 4578 2584 4633 sed
2614 4586 2675 4631 ut
2701 4576 2884 4630 aridos
2915 4572 3119 4643 ingenii
3148 4572 3257 4626 mei
3288 4570 3498 4624 rivulos
3526 4569 3825 4637 irrigarem

527 4676 693 4740 atque
719 4669 955 4724 incultos
977 4672 1272 4727 memoriae
1295 4673 1498 4742 agellos
1519 4672 1844 4727 excolerem.
1868 4672 2015 4739 Quas
2034 4672 2300 4727 latinitate
2325 4672 2554 4726 donatas
2575 4684 2745 4739 quum
2770 4668 2913 4737 apud
2933 4683 3018 4721 me
3041 4664 3452 4734 conspexissent
3473 4660 3581 4713 viri
3598 4660 3825 4729 quidam

526 4779 638 4818 non
658 4763 876 4823 infimae
894 4764 1317 4819 existimationis
1333 4764 1751 4828 eruditionisve,
1776 4764 1853 4818 illi
1872 4774 2127 4833 coeptum
2154 4780 2369 4835 urgere,
2393 4763 2597 4817 instare
2623 4779 2686 4816 ac
2700 4761 2904 4824 dicere,
2925 4774 3033 4823 me,
3055 4758 3121 4822 si,
3141 4772 3307 4827 quam
3324 4754 3637 4823 coepissem
3662 4754 3827 4806 telam

527 4865 840 4929 pertexere,
859 4857 926 4912 ad
956 4857 1120 4926 finem
1147 4857 1531 4927 perducerem,
1562 4865 1678 4910 tum
1705 4855 1937 4926 cupidae
1957 4870 2278 4926 graecarum
2307 4855 2595 4909 literarum
2612 4850 2909 4915 iuventuti,
2940 4859 3054 4904 tum
3084 4847 3286 4904 ceteris
3307 4844 3593 4905 omnibus,
3620 4842 3834 4912 quibus

526 4955 743 5017 animae
769 4955 920 5010 salus
944 4972 1004 5009 re
1029 4969 1160 5011 vera
1184 4970 1350 5010 curae
1377 4963 1480 5021 est,
1511 4969 1627 5007 rem
1656 4969 1767 5007 non
1793 4952 2021 5011 omnino
2044 4952 2313 5023 ingratam
2338 4950 2756 5021 praestiturum.
2776 4945 3022 5011 Quorum
3056 4940 3274 4996 tandem
3299 4936 3513 4994 ardenti
3539 4934 3831 4991 desiderio

526 5059 584 5105 et
603 5049 892 5111 voluntati,
916 5048 1064 5118 quod
1086 5062 1324 5117 aequum
1348 5056 1486 5109 erat,
1515 5044 1827 5100 satisfacere
1850 5044 2099 5114 cupiens,
2125 5060 2285 5114 opus,
2312 5042 2457 5112 quod
2484 5056 2667 5111 spero,
2695 5054 2806 5093 non
2832 5035 3027 5099 inutile
3053 5034 3110 5089 in
3137 5046 3333 5089 manus
3358 5028 3601 5099 sumpsi,
3636 5029 3832 5096 inquo

525 5152 789 5212 quantum
815 5142 1020 5197 laboris
1042 5142 1319 5211 posuerim
1345 5148 1439 5199 aut
1480 5156 1577 5198 sus
1607 5138 1616 5210 |
1649 5139 1929 5203 tinuerim,
1957 5148 2126 5205 testes
2145 5148 2313 5197 erunt
2352 5137 2412 5201 ii,
2434 5137 2528 5205 qui
2556 5151 2695 5205 quos
2729 5134 2848 5189 dies
2883 5140 3183 5198 noctesque
3220 5127 3279 5183 in
3307 5123 3697 5194 typograpbiis
3732 5136 3832 5177 no'

526 5236 658 5291 stris
686 5236 903 5291 labores
928 5234 1204 5304 impendo,
1231 5242 1462 5289 norunt.
1487 5234 1559 5289 Ut
1579 5234 1724 5288 enim
1742 5234 1919 5291 factae
1939 5233 2292 5304 promissioni
2313 5241 2478 5300 atque
2508 5230 2662 5301 prelo
2684 5227 3075 5287 satisfacerem,
3102 5230 3400 5276 “Gemmas
3424 5218 3706 5289 σιυθείίεω
3732 5217 3833 5269 θίν’

524 5345 615 5401 ras
646 5328 908 5382 suﬂ'urari
936 5342 1157 5382 necesse
1182 5325 1306 5390 fuit,
1335 5340 1568 5396 quarum
1596 5334 1777 5391 tamen
1801 5325 2080 5379 molestias
2114 5333 2170 5377 et
2196 5323 2568 5393 asperitatem,
2599 5329 2660 5373 ut
2687 5334 2796 5371 non
2834 5314 3313 5388 persentiscerem,
3342 5311 3477 5365 vicit
3514 5324 3684 5365 amor
3726 5308 3832 5361 lin~

526 5437 685 5492 gnae,
704 5421 985 5493 superavit
1006 5421 1123 5490 ipsa
1144 5421 1327 5491 operis
1352 5419 1678 5483 amoenitas,
1703 5420 1906 5481 levavit
1929 5418 2369 5475 consolationum
2397 5416 2577 5486 cepia,
2600 5413 2798 5470 molliit
2822 5408 3078 5465 caelestis
3104 5407 3289 5461 animo
3306 5404 3523 5474 depicta
3570 5403 3831 5473 requies,

526 5513 664 5567 adeo
715 5524 795 5577 ut,
826 5513 1043 5583 Sisyphi
1069 5530 1257 5569 saxum
1285 5513 1416 5568 dum
1443 5514 1743 5578 volverem,
1767 5513 1822 5567 id
1851 5528 1880 5567 a
1909 5528 1997 5568 me
2029 5512 2174 5567 volvi
2201 5511 2427 5565 minime
2447 5509 2732 5564 sentirem.
2756 5504 3025 5572 Quoniam
3054 5516 3207 5565 vero,
3249 5508 3311 5554 ut
3341 5499 3465 5553 ﬁeri
3494 5499 3671 5558 solet.
3722 5512 3831 5551 non

528 5608 814 5669 defuturos
841 5609 1144 5678 iniquiores
1174 5610 1389 5679 aliquos
1421 5625 1680 5664 censores
1704 5618 1761 5664 et
1786 5609 2124 5664 aristarchos
2152 5607 2405 5669 verebar,
2431 5605 2525 5675 qui
2560 5604 2745 5657 minus
2785 5602 3031 5655 laborem
3078 5598 3229 5651 hunc
3263 5612 3446 5650 meum
3494 5597 3830 5665 probarent.

528 5718 730 5774 pperae
754 5703 986 5772 pretium
1008 5718 1126 5758 esse
1149 5719 1269 5761 sum
1293 5716 1464 5769 ratus,
1495 5704 1539 5759 si
1565 5719 1729 5774 «ptem
1760 5712 2052 5772 patronum
2076 5700 2228 5785 Operi
2259 5699 2387 5762 huic
2422 5713 2767 5777 quaererem,
2791 5695 2882 5777 qui
2922 5694 3096 5775 ipsum
3123 5703 3182 5753 et
3214 5691 3528 5745 eruditione
3555 5704 3669 5745 sua
3705 5706 3829 5757 ςιιοιτ
