3950 6556
170 329 259 388 305
1010 318 1100 373 AD
1138 316 1511 374 EDITIONEM
1549 316 1714 373 HOM.
1758 317 1815 373 S.
1856 317 2138 373 MACARII
2180 318 2518 374 AEGYPTII.
3260 321 3366 378 506

171 449 277 501 baro
306 446 356 496 et
384 440 560 491 contra
610 431 771 497 alios.
823 449 921 507 pro
974 449 1033 488 re
1078 440 1228 496 nata,
1280 442 1569 505 protegere
1615 442 1819 507 posset.
1865 432 2004 491 Eum
2048 443 2230 488 autem
2270 433 2415 503 quod
2466 434 2562 499 Te,
2612 433 2867 489 Suicarde
2911 435 2987 507 (a)
3029 436 3365 499 nobilissime,

168 550 274 609 prae
290 526 469 587 ceteris
485 523 787 594 selegerim,
810 525 996 593 plures
1018 523 1173 580 reddi
1215 533 1445 594 possunt
1464 539 1683 579 causae.
1713 523 1850 579 Cum
1883 524 2086 579 etenim
2119 524 2200 578 Tu
2226 540 2366 578 unus
2389 524 2485 587 sis,
2512 539 2675 593 quem
2694 524 2797 578 hac
2814 534 2990 580 aetate
3009 535 3123 579 tum
3144 535 3368 595 propter

166 628 361 687 eximias
381 619 536 676 animi
561 619 737 683 dotes.
762 628 879 676 tum
905 628 1127 694 propter
1148 619 1429 690 praeclara
1449 618 1670 675 virtutis
1702 628 2042 681 ornamenta,
2071 633 2211 687 quae
2231 617 2299 673 ad
2323 617 2600 672 hominem
2624 618 2931 673 ornandum
2964 620 3239 674 cumulate
3269 634 3367 671 va-

166 724 258 780 lere
290 722 519 788 possunt,
554 711 673 771 iure
697 714 893 769 merito
918 714 1244 784 suspiciunt,
1268 714 1611 769 admirantur
1634 728 1696 768 ac
1719 723 2052 769 venerantur
2075 730 2286 778 omnes,
2315 714 2402 768 cui
2430 714 2613 784 potius
2642 729 2805 783 quam
2838 713 2847 786 Ι
2880 714 2942 768 Τ.
2969 714 3034 770 R.
3059 715 3122 768 D.
3152 714 3369 769 excelso

163 824 299 881 atque
317 802 643 861 nobilissimo
675 804 884 859 nomini
912 812 1126 859 sanctas
1147 803 1317 857 sancti
1351 803 1571 859 Macarii
1596 802 1856 858 Homilias
1890 804 2229 874 insignirem,
2263 804 2569 859 dedicarem
2592 814 2756 873 atque
2780 820 3181 861 consecrarem.
3226 804 3367 872 Quid

161 903 283 960 enim
308 898 371 952 de
387 896 488 949 alta
509 903 566 949 et
589 894 813 964 antiqua
841 897 1140 951 stemmatis
1164 896 1266 951 Tui
1293 896 1552 967 progenie
1573 905 1629 950 et
1651 895 1875 959 familia,
1902 912 2041 965 quae
2062 897 2249 951 multis
2272 897 2473 953 abhinc
2506 899 2741 954 saeculis
2782 914 2996 954 summa
3031 914 3247 969 semper
3281 898 3366 951 vi-

161 995 259 1068 guit
281 989 448 1054 laude,
471 986 630 1057 plura
658 987 871 1043 dicam?

1487 1076 1668 1131 Fortes
1691 1088 1943 1131 creantur
1966 1078 2204 1147 fortibus,

1342 1146 1438 1220 εει
1461 1149 1515 1201 in
1537 1149 1789 1211 iuvencis,
1825 1158 1900 1220 est
1926 1146 1993 1220 in,
2009 1151 2152 1219 equis
2181 1158 2393 1220 patrum

1341 1219 1534 1281 Virtus,
1565 1236 1656 1270 nec
1682 1218 1944 1271 imbellem
1969 1218 2160 1287 ferOces

1331 1288 1696 1359 Progeaerant
1727 1288 1940 1359 aquilae
1960 1288 2281 1346 columbam.

156 1413 410 1467 Testantur
433 1406 535 1461 hoc
564 1406 681 1476 ipsa
712 1406 1066 1463 historiarum
1095 1415 1447 1461 monumenta
1478 1421 1575 1475 per
1606 1414 1772 1459 totam
1798 1404 2145 1461 Germaniam
2172 1416 2335 1476 atque
2367 1406 2504 1463 adeo
2542 1414 2719 1463 totum
2754 1405 2869 1461 fere
2908 1404 3118 1470 orbem,
3164 1404 3365 1474 quibus

153 1506 297 1559 virtus
320 1501 501 1555 Vestra
528 1499 815 1563 illustrata,
846 1500 1026 1570 ignota
1050 1499 1255 1553 diutius
1277 1514 1395 1552 esse
1418 1498 1626 1567 nequit.
1653 1497 1830 1552 Taceo
1854 1496 2215 1567 Imperatores
2241 1508 2297 1555 et
2330 1499 2631 1569 Principes.
2662 1508 2719 1555 et
2742 1514 2852 1553 non
2875 1498 3203 1553 domesticos
3241 1507 3363 1552 tan-

154 1610 263 1661 tum,
288 1592 377 1649 sed
404 1598 660 1647 externos
694 1592 881 1656 etiam,
904 1591 1105 1661 quibus
1130 1590 1420 1661 prudentia
1446 1589 1907 1659 Cronbergiorum
1931 1589 1986 1642 in
2008 1590 2274 1654 consiliis,
2300 1590 2564 1646 fortitudo
2604 1591 2660 1645 in
2702 1592 2867 1646 rebus
2902 1591 3135 1655 bellicis,
3158 1597 3215 1643 et
3238 1590 3363 1643 usui

149 1700 193 1745 ct
212 1699 435 1742 summae
456 1698 674 1753 semper
693 1684 1039 1738 admirationi
1058 1684 1178 1739 fuit.
1207 1682 1347 1749 Quid
1373 1682 1440 1736 de
1461 1680 1753 1736 Guilielmo
1777 1680 2135 1752 Cronberglo,
2158 1683 2342 1753 equite
2369 1692 2561 1739 aurato
2590 1682 2787 1748 dicam,
2827 1683 2985 1737 cuius
3008 1692 3064 1737 et
3103 1683 3279 1736 virtus
3308 1690 3366 1735 et

148 1776 396 1839 fortitudo,
423 1791 593 1844 quum
620 1775 764 1830 ludis
786 1776 1135 1845 equestribus
1154 1779 1430 1848 Augustae
1453 1774 1809 1831 Trevirorum
1830 1791 1860 1830 a
1878 1775 2130 1831 Conrado
2142 1777 2187 1831 Il
2204 1776 2532 1846 imperatore
2554 1786 2610 1832 et
2639 1777 2898 1832 Franciae
2920 1776 3209 1832 Orientalis
3225 1775 3365 1828 duce

148 1868 374 1930 institutis
398 1883 492 1921 rex
548 1867 955 1936 praeficeretur,
999 1879 1160 1938 atque
1199 1869 1550 1938 amplissimis
1572 1869 1835 1924 victoriae
1880 1868 2155 1939 βραϐείοις
2194 1879 2427 1925 onustus
2467 1870 2537 1925 do
2568 1870 2577 1941 |
2610 1886 2758 1924 mum
2814 1880 3203 1934 reverteretur,
3239 1879 3364 1923 ante

146 1963 284 2016 multa
309 1959 519 2015 saecula
547 1959 809 2015 emicuit?
835 1959 976 2027 Quid
1004 1960 1072 2015 de
1114 1961 1389 2015 Eberwini
1447 1962 1688 2033 episcopi
1710 1962 2125 2018 Wormatiensis
2150 1961 2218 2017 ab
2252 1962 2474 2018 heroico
2498 1972 2681 2017 vestro
2708 1972 2993 2017 stemmate
3014 1964 3121 2018 orti
3142 1964 3362 2033 pietate,

141 2054 262 2107 vitae
284 2051 591 2120 integritate
614 2060 781 2121 atque
806 2054 1097 2109 sanctitate
1118 2054 1316 2117 dicam,
1343 2055 1437 2124 qui
1470 2056 1623 2111 velut
1649 2055 1791 2110 inter
1814 2064 1999 2110 cetera
2018 2064 2162 2109 astra
2192 2070 2423 2109 aurorae
2453 2054 2606 2109 sidus
2641 2056 2940 2111 elucescit?
2976 2056 3113 2123 Quid
3140 2057 3207 2112 de
3232 2058 3364 2111 Phi-

140 2144 248 2213 lippi
273 2142 587 2213 Cronbergii
610 2144 931 2200 fortitudine
956 2155 1119 2215 atque
1146 2146 1374 2201 infracto
1395 2146 1601 2212 animo,
1629 2164 1793 2217 quem
1822 2148 2120 2218 imperator
2146 2146 2375 2201 Carolus
2397 2147 2562 2203 huius
2594 2149 2832 2205 nominis
2860 2151 2925 2213 V,
2944 2150 3287 2220 exigentibus
3309 2151 3364 2205 id

135 2240 235 2300 eius
250 2238 447 2293 meritis
467 2248 636 2307 atque
649 2240 815 2293 animi
838 2239 1061 2295 dotibus
1083 2242 1931 2311 praestantissimis,mililaribus
1947 2241 2119 2312 copiis
2142 2240 2575 2312 praefecitatque
2594 2242 2913 2311 primarium
2937 2244 3217 2299 ductorem
3236 2262 3365 2299 con-

135 2330 316 2384 stituit?
338 2328 474 2395 Quid
498 2330 572 2383 de
598 2331 935 2400 reliquorum
960 2348 1170 2387 summa
1186 2334 1496 2405 cognitione
1524 2343 1581 2390 et
1603 2335 1830 2391 scientia
1855 2334 2233 2403 bonarumque
2266 2332 2553 2388 literarum
2583 2333 2892 2388 eruditione
2914 2334 3363 2403 dicam,'quorum

133 2424 344 2478 omnium
364 2424 539 2494 gloria
597 2436 653 2481 et
675 2428 887 2482 aeterni
936 2428 1175 2483 nominis
1196 2429 1338 2483 fama
1357 2430 1411 2483 in
1437 2432 1650 2484 excelso
1673 2432 1847 2501 posita
1872 2442 1958 2486 est
1986 2430 2258 2484 loco?Cui
2287 2444 2397 2483 non
2421 2431 2637 2501 cognita
2664 2440 2825 2499 atque
2848 2438 3128 2499 perspecta
3154 2445 3363 2484 summa

135 2515 269 2570 animi
310 2518 647 2588 magnitudo,
673 2520 984 2590 prudentia,
1020 2522 1230 2592 religio,
1260 2524 1435 2592 pietas
1465 2533 1521 2578 et
1546 2523 1856 2579 humanitas
1896 2523 2340 2578 reverendissimi
2384 2532 2548 2592 atque
2595 2521 2952 2577 illustrissimi
3001 2520 3268 2590 Principis
3301 2535 3365 2574 ac

133 2605 314 2660 Domini
345 2607 405 2661 Ι).
432 2608 709 2664 Waltheri
738 2609 1082 2681 Cronbergii,
1117 2613 1285 2667 totius
1320 2612 1541 2669 Ordinis
1584 2614 1870 2671 Teutonici
1905 2632 2005 2687 per
2047 2614 2258 2670 Italiam
2308 2624 2365 2671 et
2399 2614 2746 2672 Germaniam
2792 2614 3031 2685 Magistri
3080 2614 3365 2684 supremi?

131 2690 271 2751 Cuius
302 2698 377 2751 rei
423 2700 739 2755 testimonia
764 2715 796 2755 e
832 2702 1195 2772 scriptoribus
1252 2703 1590 2774 dignissimis
1616 2705 1915 2761 clarissima
1943 2715 2110 2775 atque
2145 2705 2555 2761 evidentissima
2578 2705 2689 2775 peti
2720 2714 2962 2775 possent,
2989 2706 3034 2759 si
3062 2721 3151 2760 res
3170 2714 3360 2775 postu-

128 2783 257 2844 laret.
284 2790 477 2845 Verum
498 2807 579 2846 ne
600 2801 824 2848 externa
849 2794 1107 2864 prosequi
1137 2794 1348 2859 videar,
1369 2794 1737 2849 Hartmannus
1778 2812 1808 2850 a
1832 2794 1975 2850 Cron
2007 2796 2017 2865 Ι
2050 2795 2203 2864 berg,
2230 2794 2413 2848 senior
2434 2809 2565 2848 suae
2587 2794 2781 2848 aetatis
2800 2794 2859 2847 P.
2879 2793 2971 2857 M.,
2991 2793 3365 2850 nobilissimus

130 2886 201 2945 ille
226 2894 338 2939 tuus
367 2902 592 2955 parens,
618 2870 857 2957 quantis,
879 2906 1102 2960 quaeso,
1121 2889 1442 2953 virtutibus,
1479 2898 1684 2959 quanta
1708 2891 1875 2945 animi
1901 2890 2230 2954 constantia,
2256 2889 2465 2945 iustitia
2489 2897 2651 2959 atque
2674 2888 2872 2943 ceteris
2902 2889 3166 2944 virtutum
3196 2906 3361 2944 orna--

128 2976 297 3031 mentis
319 2976 583 3031 emicuit?
605 2977 795 3033 Tantis
817 2978 1061 3048 quidem,
1089 2988 1149 3033 ut
1171 2979 1238 3033 ad
1264 2995 1531 3033 summam
1559 2980 1709 3037 illum
1732 2980 2052 3050 dignitatem
2076 2996 2427 3050 summosque
2450 2980 2687 3035 honores
2709 2981 3009 3044 evexerint,
3035 2990 3195 3050 atque
3218 2984 3361 3050 apud

128 3066 633 3121 Reverendissimum
658 3067 1090 3125 Illustrissimum
1114 3071 1425 3140 Principem
1454 3072 1763 3126 Eleetorem
1797 3072 2173 3142 Moguntinum
2211 3081 2415 3126 tantam
2460 3071 2619 3127 ﬁdem
2663 3081 2826 3141 atque
2871 3072 3245 3127 auctoritatem
3284 3074 3362 3129 illi

123 3164 445 3227 oonciliarint,
476 3171 539 3216 ut
568 3164 705 3219 nihil
735 3166 914 3231 ardui,
948 3166 1214 3235 nihilque,
1240 3164 1386 3235 quod
1414 3167 1647 3221 alicuius
1711 3167 1971 3221 momenti
1995 3167 2080 3223 vel
2105 3167 2368 3237 ponderis
2386 3177 2551 3231 esset,
2577 3167 2867 3231 incideret,
2898 3167 2951 3221 in
2979 3169 3136 3223 cuius
3158 3169 3365 3223 delibe-

124 3258 354 3313 rationem
378 3275 440 3314 ac
462 3258 849 3315 dilIinitionem
874 3276 983 3315 non
1007 3260 1171 3316 fuerit
1194 3262 1491 3324 adhibitus,
1542 3261 1652 3315 imo
1685 3264 1985 3333 praecipuo
2015 3263 2137 3317 loco
2162 3262 2422 3317 habitus?
2449 3261 2591 3329 Quid
2619 3277 2747 3316 vero
2780 3261 2977 3317 fratres
3020 3261 3185 3327 Tuos,
3212 3262 3363 3315 viros

122 3353 455 3409 nobilissimos
501 3371 830 3421 memorem,
856 3372 1092 3426 quorum
1145 3357 1347 3428 singuli
1374 3357 1430 3410 in
1455 3357 1817 3412 Illustrissimi
1871 3357 2143 3429 Principis
2191 3356 2461 3412 Electoris
2505 3356 2805 3427 Moguntini
2876 3356 3163 3410 consilium
3208 3356 3362 3409 asciti

124 3449 261 3503 tantis
280 3451 442 3504 animi
472 3452 706 3507 dotibus
731 3454 908 3508 ornati
935 3463 1081 3517 sunt,
1110 3463 1171 3508 ut
1194 3468 1263 3508 ex
1289 3470 1373 3519 re,
1403 3469 1471 3508 ex
1502 3454 1844 3525 tempore,de
1870 3454 2116 3527 qualibet
2142 3470 2202 3510 re
2218 3454 2286 3509 ad
2300 3454 2581 3527 negotium
2606 3470 2827 3524 quoquo
2850 3455 3011 3509 modo
3028 3454 3359 3523 pertinente,

119 3546 230 3615 quid
254 3546 386 3601 facto
408 3564 555 3617 opus
584 3549 674 3613 sit,
701 3548 1028 3613 deliberare,
1056 3558 1170 3603 tum
1200 3548 1483 3604 commode
1506 3564 1726 3618 quoque
1748 3548 1816 3603 de
1837 3549 1945 3613 his,
1964 3565 2104 3618 quae
2126 3548 2573 3613 deliberaverint,
2603 3549 2809 3612 dicere,
2837 3549 3251 3618 eaque,quoties
3276 3566 3363 3603 res

119 3637 351 3706 exegerit,
388 3639 675 3694 conficere
699 3640 927 3710 possint.
962 3640 1111 3706 Quae
1140 3656 1230 3695 res
1262 3641 1465 3703 elIecit,
1500 3650 1560 3695 ut
1583 3641 1650 3695 ad
1684 3641 2047 3712 amplissimas
2071 3652 2233 3710 atque
2259 3640 2838 3696 honoriﬁcentissimas
2867 3641 2977 3694 sint
3003 3641 3237 3709 promoti
3273 3641 3361 3694 di-

117 3729 337 3797 gnitates,
361 3732 573 3801 quibus
599 3748 723 3787 cum
749 3734 911 3788 laude
948 3744 1228 3804 praesunt.
1258 3735 1435 3790 Taceo
1460 3736 1551 3791 hic
1578 3736 1839 3805 reliquos,
1864 3750 2004 3805 quos
2044 3745 2140 3789 aut
2179 3735 2419 3807 Burggra
2449 3734 2461 3806 }
2492 3734 2670 3789 viatus
2709 3743 2805 3787 aut
2846 3732 3218 3801 praefecturae
3242 3748 3360 3785 am-

117 3819 329 3889 plissima
358 3823 632 3893 dignitate
656 3834 908 3895 suscepto
932 3825 1137 3881 balthei
1172 3825 1429 3880 militaris
1459 3825 1659 3881 decore
1690 3836 1984 3881 exornatas
2026 3836 2176 3881 totus
2206 3826 2436 3895 suspicit
2465 3826 2636 3890 orbis,
2666 3834 2779 3879 tota
2804 3832 3099 3878 veneratur
3133 3838 3196 3877 ac
3230 3823 3361 3878 colit

114 3916 392 3973 Germania.
434 3921 513 3976 De
547 3921 631 3975 Te
651 3936 804 3986 vero,
832 3921 1128 3975 reverende
1161 3936 1224 3974 ac
1246 3920 1577 3990 amplissime
1616 3919 1918 3984 Swicarde,
1960 3920 2103 3976 avita
2142 3920 2384 3973 Tuorum
2415 3919 2675 3989 religione
2699 3930 2754 3975 et
2777 3921 3061 3975 nobilitate
3094 3918 3358 3973 laudatis-

116 4014 233 4070 simo
253 4017 379 4086 quid
404 4018 631 4072 dicam?
650 4017 749 4073 Cui
776 4034 886 4072 non
911 4028 1041 4072 sunt
1066 4018 1314 4087 cognitae
1338 4032 1402 4071 ac
1440 4026 1758 4087 perspectae
1784 4017 2075 4086 plurimae,
2103 4031 2244 4087 quae
2269 4016 2327 4069 in
2348 4015 2423 4070 Te
2446 4016 2686 4079 elucent,
2720 4016 2988 4070 virtutes?
3017 4016 3218 4077 Pietas,
3251 4013 3359 4066 hu-

114 4108 306 4174 militas,
332 4112 594 4173 comitas,
622 4111 952 4175 humanitas,
984 4109 1402 4179 aequanimitas,
1438 4126 1622 4163 rerum
1657 4109 2016 4178 experientia,
2047 4109 2357 4178 linguarum
2386 4108 2604 4177 peritia,
2633 4107 2881 4161 laborum
2906 4117 2961 4162 et
2981 4106 3357 4161 molestiarum

116 4196 394 4262 tolerantia,
423 4209 481 4254 et
510 4216 647 4271 erga
671 4215 863 4256 omnes
884 4201 971 4255 vel
992 4199 1211 4253 infimae
1236 4200 1401 4255 sortis
1428 4200 1680 4253 homines
1699 4208 1755 4253 et
1776 4208 2000 4271 egentes
2029 4213 2241 4252 summa
2272 4198 2578 4270 benignitas
2604 4204 2659 4251 et
2690 4213 2959 4269 propensa
2981 4192 3357 4252 benefaciendi

113 4292 352 4359 voluntas,
374 4304 528 4353 totus
558 4297 829 4351 virtutum
851 4297 1003 4351 orbis
1020 4296 1097 4352 Te
1124 4306 1297 4352 totum
1319 4296 1471 4352 velut
1497 4297 1790 4369 margarita
1826 4297 2093 4366 quaedam
2125 4296 2365 4367 pretiosa
2396 4294 2871 4359 cireumvestiunt,
2903 4294 2980 4348 Te
3029 4303 3204 4349 totum
3244 4292 3352 4347 sibi

113 4388 363 4447 vindicant
402 4402 701 4462 totumque
734 4392 802 4446 ad
828 4408 954 4447 suas
980 4402 1162 4462 partes
1183 4393 1528 4463 pertrahunt.
1557 4392 1665 4448 Sed
1688 4392 1816 4446 nolo
1834 4391 1891 4445 in
1918 4391 2050 4445 Tuis
2080 4391 2337 4446 laudibus
2364 4389 2737 4452 recensendis,
2764 4403 2904 4459 quae
2928 4385 3358 4442 innumerabiles

112 4491 235 4546 sunt,
260 4482 467 4539 diutius
508 4484 820 4547 immorari,
851 4500 920 4539 ne
947 4484 1090 4538 Tuas
1118 4485 1350 4539 virtutes
1375 4484 1643 4553 plurimas
1668 4483 1819 4537 tenui
1846 4482 2092 4537 oratione
2134 4498 2253 4534 mea
2287 4482 2477 4539 videar
2499 4480 2824 4535 imminuere
2852 4498 2865 4532 :
2906 4494 3215 4549 quanquam
3253 4494 3356 4548 pro

112 4569 209 4622 Tua
237 4571 503 4627 modestia
533 4572 778 4643 graviter
799 4570 963 4635 feras,
996 4586 1089 4625 eas
1115 4588 1145 4626 a
1169 4586 1441 4642 quoquam
1474 4571 1800 4641 praedicari.
1822 4569 1961 4627 Illud
1986 4570 2290 4629 certissime
2325 4578 2558 4632 constat.
2587 4568 2732 4639 quod
2767 4568 3143 4624 demonstrare
3182 4570 3352 4631 volui,

115 4658 175 4713 Te
194 4677 350 4716 unum
379 4679 529 4728 esse,
560 4678 726 4732 quem
752 4663 1036 4718 literarum
1067 4663 1296 4718 scientia
1331 4664 1553 4733 expoliti
1600 4663 1882 4718 literarum
1911 4673 1967 4721 et
1997 4664 2005 4733 Ι
2037 4664 2303 4719 virtutum
2346 4664 2646 4721 antistitem
2672 4663 2913 4718 habeant
2937 4674 2993 4718 et
3031 4664 3351 4728 observent,

112 4768 558 4827 communemque
601 4756 945 4811 defensorem
975 4771 1038 4809 ac
1065 4764 1353 4825 patronum
1376 4756 1479 4809 sibi
1506 4755 1749 4826 diligant.
1780 4755 1900 4821 Quo
1927 4756 2149 4812 nomine
2176 4755 2279 4809 etsi
2308 4771 2407 4825 ego
2429 4756 2483 4809 in
2511 4756 3099 4810 numeroliteratorum
3129 4756 3354 4811 minime

113 4859 215 4899 sum
248 4850 625 4918 reponendus,
656 4849 699 4903 si
728 4849 801 4903 Te
832 4849 965 4902 mihi
996 4857 1283 4919 patronum
1311 4849 1580 4903 versionis
1609 4848 1774 4904 huius
1804 4851 2099 4913 constituo,
2143 4849 2333 4904 videor
2381 4848 2432 4902 id
2474 4864 2595 4904 meo
2639 4864 2852 4902 summo
2900 4848 3018 4901 iure
3052 4847 3351 4903 vindicare.

110 4934 271 4993 Oifero
295 4956 426 5011 ergo
457 4940 612 5005 Tibi,
648 4940 947 4994 reverende
975 4956 1039 4993 ac
1059 4940 1371 5008 spectabilis
1412 4939 1705 5003 Swicarde,
1734 4950 1983 4996 sanctum
2004 4941 2174 4996 sancti
2210 4940 2388 4997 Patris
2410 4955 2567 5009 opus,
2598 4955 2629 4995 e
2656 4954 2849 5009 graeco
2872 4942 3119 4993 sermOne
3144 4937 3199 4990 in
3228 4937 3354 4991 lati-

113 5043 243 5089 num.
275 5033 539 5101 praefixis
583 5041 639 5087 et
659 5034 859 5088 additis
886 5034 1223 5103 singularum
1254 5034 1600 5088 homiliarum
1628 5034 1699 5104 (b)
1736 5037 2091 5105 argumentis,
2124 5035 2191 5090 de
2217 5036 2428 5107 integro
2455 5050 2487 5088 a
2514 5050 2599 5089 me
2624 5050 2947 5093 conversum
2973 5051 2986 5086 :
3018 5032 3164 5102 quod
3199 5047 3352 5086 νει-θη

111 5136 169 5176 ne
191 5126 465 5192 verterim,
494 5127 585 5181 Tu
612 5128 855 5181 omnium
887 5126 1285 5196 sapientissime
1315 5125 1600 5190 iudicabis,
1641 5125 1685 5181 si
1710 5127 1871 5181 modo
1904 5134 2079 5190 vacat,
2111 5127 2351 5181 animum
2380 5141 2410 5181 a
2439 5124 2785 5196 gravioribus
2816 5124 2963 5178 curis
2993 5122 3061 5177 ad
3102 5130 3351 5179 sanctum

114 5222 263 5274 sancti
295 5223 476 5277 Patris
505 5240 651 5293 opus
682 5224 1072 5294 perlegendum
1110 5232 1452 5279 convertere.
1486 5222 1642 5291 Quod
1682 5224 1909 5279 omnino
1939 5224 2046 5279 iam
2079 5224 2257 5279 Tuum
2287 5222 2552 5279 benevole
2584 5220 2868 5289 suscipias,
2908 5218 3025 5273 Tuo
3058 5217 3351 5288 splendore

114 5308 347 5377 illustres.
379 5316 653 5385 dignitate
675 5316 877 5379 foveas,
906 5317 1226 5371 auctoritate
1256 5316 1534 5377 defendas,
1576 5325 1635 5369 ut
1658 5316 1701 5369 si
1731 5332 1842 5371 non
1866 5320 1935 5370 de
1963 5324 2205 5379 auctore,
2236 5324 2387 5370 certe
2428 5314 2498 5369 de
2527 5320 2759 5383 patrono
2798 5311 3000 5380 ubique
3036 5309 3207 5378 possit
3248 5324 3351 5363 suo

113 5398 213 5457 iure
241 5405 463 5474 gloriari
496 5427 510 5459 :
549 5422 747 5477 meque
790 5422 914 5461 cum
949 5407 1066 5479 ipso
1093 5406 1155 5462 T.
1190 5408 1253 5462 Β.
1283 5407 1345 5465 D.
1381 5422 1445 5461 ex
1474 5422 1592 5461 asse
1617 5406 1931 5461 devinctum
1970 5406 2200 5481 recipias
2231 5413 2287 5460 et
2323 5418 2491 5469 ames,
2521 5411 2706 5479 atque,
2752 5400 2897 5471 quod
2944 5400 3002 5459 in
3044 5400 3121 5455 Te
3145 5407 3250 5467 est,
3276 5399 3347 5456 ad

1613 5558 1863 5621 NOTAE.

176 5652 244 5715 la)
284 5652 410 5706 Sic!
445 5654 606 5707 Enn.
1448 5688 1457 5695 κ

174 5720 235 5787 (ἔν)
270 5725 451 5788 Corn,
515 5724 693 5781 Palth.
740 5724 941 5785 additis
990 5722 1185 5794 ,ςὶιιᾳιιιὶ
1232 5720 1495 5777 llomiliae
1537 5722 1665 5775 suis.
1710 5722 1780 5780 In.
