3950 6532
533 327 638 384 307
1527 327 1917 384 ZACHARIAE
1956 327 2326 383 PALTHENH
2367 325 2754 383 PRAEFATIO
3656 328 3744 382 508

535 439 827 510 dignitates
853 448 909 494 et
932 437 1170 495 honores
1202 455 1543 510 promoveas,
1567 457 1728 512 quam
1753 441 2056 496 humillime
2083 457 2200 497 oro.
2223 439 2378 507 Quod
2398 446 2668 509 superest,
2690 445 2974 493 aeternum
3002 437 3172 494 Deum
3203 446 3413 508 patrem
3440 437 3744 497 Liberatoris

534 530 708 585 nostri
729 529 856 586 Jesu
879 529 1081 586 Christi
1109 546 1176 585 ex
1203 531 1312 584 imo
1339 541 1560 601 pectore
1590 547 1806 603 precor,
1838 540 1898 586 ut
1922 532 2297 588 Reverendam
2329 531 2338 604 |
2369 530 2802 586 Dominationem
2832 529 3078 584 Vestram
3108 537 3368 600 tanquam
3410 531 3669 602 singulare
3701 543 3747 590 et

533 622 767 678 electum
783 625 987 695 gratiae
1013 640 1143 680 suae
1171 640 1433 696 organum
1460 627 1562 681 sub
1588 628 1780 682 umbra
1799 629 2010 684 alarum
2042 644 2265 684 suarum
2288 635 2554 699 protegat,
2586 625 2929 696 tranquillam
2957 633 3011 679 et
3033 635 3279 694 pacatam
3298 625 3464 682 vitam
3492 627 3751 700 largiatur,

537 718 973 774 benedictionem
1017 719 1230 774 animae
1271 727 1328 774 et
1369 721 1512 775 vitae
1547 721 1812 787 conferat,
1842 730 1898 778 et
1932 723 2150 778 tandem
2175 721 2612 777 immarcescibili
2633 718 2991 775 beatitudinis
3021 733 3224 773 corona
3253 729 3500 774 exornet.

607 809 948 866 Francofurti
989 826 1058 866 ex
1099 826 1222 866 meo
1246 811 1488 880 Musaeo,
1515 812 1740 870 Calend.
1767 815 1990 887 Aprilis,
2027 832 2172 872 anno
2209 833 2241 872 a
2273 823 2402 871 nato
2429 816 2573 886 Rege
2599 814 2794 868 Messia
2823 812 2936 868 lilio
2957 811 3052 867 Dei
3089 811 3246 868 1594.

2463 910 2529 965 R.
2558 908 2622 968 T.
2658 909 2723 962 D.

2571 998 3031 1057 devinctissimus.

2220 1097 2292 1153 Μ.
2321 1097 2612 1152 Incensus
2640 1092 3074 1149 PALTHENIUS
3106 1091 3533 1162 Fridbergensis.

569 1277 580 1350 Ι
611 1274 1140 1355 Carmenﬁeroicunt
1180 1275 1234 1355 in
1259 1276 1423 1355 vitam
1540 1277 1766 1355 Macarii
1803 1282 2066 1355 Aegyptii,
2111 1285 2339 1338 instituti
2390 1278 2874 1355 vitaeeremiticae
2900 1275 3182 1355 Primarii,
3221 1273 3464 1355 discipuli
3508 1275 3754 1355 quondam

607 1347 675 1401 Il.
712 1346 890 1417 Patris
923 1344 1141 1417 Antonii
1168 1346 1486 1402 devotissimi
1512 1359 1610 1405 etc.
1639 1353 1708 1404 ad
1731 1341 1962 1408 eundern.
1998 1341 2360 1417 reserandum,
2414 1350 2643 1405 nobilem
2678 1355 2725 1402 et
2809 1341 3192 1417 amplissimum
3239 1413 3248 1417 _
3280 1341 3452 1417 virum
3481 1341 3755 1417 ﬂaminum

603 1417 756 1494 .Dn._
773 1415 1046 1494 Joannem.
1079 1413 1437 1494 Swichardum
1482 1437 1514 1473 a
1559 1419 1847 1494 ernberg,
1867 1432 1964 1480 etc.
1995 1424 2134 1480 D.D.
2163 1441 2319 1479 suum
2343 1413 2660 1494 gratiosum,
2688 1419 2942 1488 scriptum
2969 1434 3001 1469 α
3038 1414 3110 1470 Μ.
3149 1413 3426 1469 Valentino
3469 1414 3752 1482 Leuchthio.

611 1487 673 1542 S.
713 1486 915 1542 Palatii
940 1484 1212 1552 Aulaeque
1235 1487 1608 1544 Lateranensis
1632 1484 1844 1546 Comit'e'
1858 1504 1954 1547 etc.

1388 1560 1646 1629 Quaestio
1677 1573 1823 1617 mota
1855 1565 1970 1629 diu,
1994 1581 2182 1620 sacrae
2210 1580 2320 1618 non
2349 1563 2532 1617 infima
2559 1560 2752 1620 sortis,

1377 1628 1507 1704 Quis
1531 1631 1682 1704 prior
1707 1643 1801 1688 aut
1824 1636 2002 1704 potior
2029 1637 2290 1689 Divorum
2320 1651 2386 1688 ex
2410 1633 2600 1704 ordine
2625 1631 2789 1704 vitam

1381 1699 1598 1770 foverit
1627 1699 1980 1770 abstractam,
2007 1715 2063 1760 et
2092 1705 2306 1760 deserta
2332 1703 2604 1758 habitacla
2626 1701 2882 1754 ferarum.

1375 1767 1508 1840 Nam
1535 1773 1757 1840 quidam
1774 1767 2021 1830 referunt
2055 1774 2261 1830 Heliam
2287 1772 2606 1829 Thesbitide
2636 1777 2869 1832 cretum,

1379 1837 1630 1920 Quiiuga
1657 1845 1889 1920 Carmeli
1915 1845 2236 1920 conscendit
2253 1855 2309 1920 e_t
2337 1859 2528 1914 aspera
2554 1840 2775 1904 montis,

1381 1908 1637 1990 indignos
1663 1916 1850 1986 regina
1879 1917 2247 1990 tuosAlsabella
2270 1908 2485 1990 furores

1379 1977 1625 2060 Evitans,
1653 1977 1841 2060 saetas
1866 1996 1922 2060 et
1948 1987 2155 2056 iniquis
2181 1986 2453 2040 frontibus
2482 1983 2609 2037 iras.
2635 2051 2666 2060 Α
2712 2049 2724 2060 ο
2763 2049 2794 2060 ,γ
2897 2048 2908 2059 ,
2983 2047 2994 2058 ,

1453 2051 1613 2128 Sunt,
1639 2056 1732 2124 qui
1755 2051 2064 2128 Baptistam'
2077 2062 2404 2128 memorant,
2434 2070 2595 2128 quem
2634 2051 2870 2120 Spiritus
2897 2051 3029 2118 ipsis

1388 2120 1704 2196 Visceribus
1727 2120 1916 2182 matris
1945 2127 2239 2196 complevit
2257 2120 2482 2180 numine
2501 2125 2777 2196 iclansum.

1386 2192 1431 2266 A
1471 2196 1674 2251 teneris
1713 2197 1804 2266 qui
1831 2198 1991 2253 annis
2019 2192 2267 2251 montosa
2305 2195 2588 2266 cacumina
2617 2193 2874 2254 lustrans,

1392 2263 1461 2338 Et
1494 2267 1682 2336 populi
1710 2263 1918 2322 turmas
1941 2268 2078 2338 fugit
2104 2267 2401 2338 mundique
2426 2265 2659 2338 faveres.

1382 2333 1462 2407 Ad
1491 2331 1746 2406 scopulos
1772 2331 2059 2393 nemorum
2091 2338 2248 2407 petiit
2267 2331 2574 2391 Iordanidis
2598 2331 2796 2396 undae,

1384 2403 1552 2480 Iexta
1580 2403 1910 2480 camelorum
1941 2403 2109 2480 gessit
2133 2407 2398 2480 velamina
2428 2407 2596 2480 setis;

1381 2473 1450 2548 Et
1470 2491 1637 2548 zonae
1667 2479 1826 2548 pellis
1853 2473 2093 2534 medium
2127 2478 2346 2532 cinxere
2376 2477 2603 2548 ferinae,
2638 2475 2647 2542 |

1385 2544 1452 2598 Et
1484 2544 1689 2602 virides
1711 2549 1914 2604 victum
1947 2549 2212 2604 dederant
2241 2549 2306 2602 de
2335 2563 2462 2600 rure
2486 2547 2749 2610 locustae,

1384 2614 1769 2688 §ilveﬁstrisque
1798 2635 1929 2674 cava
1963 2619 2140 2672 mellis
2163 2618 2317 2672 favus
2343 2619 2463 2671 ilice
2489 2626 2769 2686 sumptus;

1383 2685 1614 2754 Bacche,
1652 2685 1774 2744 tuas
1806 2691 1953 2744 vires
1977 2689 2118 2754 risit,
2147 2705 2248 2743 nec
2281 2697 2460 2743 cetera
2486 2685 2682 2741 curans

1374 2753 1524 2829 Qnae
1561 2768 1772 2814 mentes
1822 2753 2111 2814 hominum
2145 2759 2377 2829 genialia
2415 2761 2608 2828 pocula
2647 2757 2916 2829 m_ulccnt..

1429 2825 1526 2880 Ast
1552 2829 1645 2882 alii
1677 2838 1733 2883 et
1756 2846 1988 2885 auorum
2018 2825 2210 2883 melior
2241 2825 2511 2884 sententia
2545 2827 2713 2882 menti
3092 2843 3116 2870 ο

1349 2889 1572 2969 insidet,
1599 2915 1629 2953 a
1653 2889 1886 2969 quodam
1914 2900 2086 2954 Paulo
2119 2900 2380 2953 deducier
2404 2908 2583 2953 ortum

1349 2965 1793 3040 _Mon_s_trant,_qui
1820 2971 1968 3026 Decii
2002 2971 2243 3025 crudelis
2270 2979 2513 3040 tempore
2535 2969 2656 3023 diro

1348 3032 1577 3110 insidias
1600 3032 1812 3110 fugiens
1837 3042 2068 3096 accessit
2093 3041 2364 3110 inhospita
2383 3032 2545 3103 ’rura,

1353 3104 1423 3182 Ψ
1446 3104 1807 3182 silvasinter,
1831 3113 1974 3166 inter
1998 3127 2216 3182 quoque
2247 3104 2419 3182 instra
2453 3111 2693 3182 leonum,

1351 3173 1568 3251 Christe
1595 3181 1693 3234 tibi
1721 3173 1901 3251 gratas
1926 3173 2213 3236 resonaret
2242 3181 2470 3236 Maxime
2496 3180 2704 3244 laudes,

1349 3242 1689 3322 Ell‘erretque
1714 3242 1865 3305 fnum
1894 3253 2107 3306 sincero
2130 3260 2350 3322 pectore
2375 3267 2596 3306 nomen.

1416 3315 1573 3375 Hunc
1597 3315 1861 3379 exercitio
1891 3322 2020 3376 felix
2043 3315 2301 3376 Antonius
2327 3338 2436 3376 uno

1352 3387 1615 3446 Austerae
1639 3393 1892 3457 sequitur
1920 3394 2098 3457 vitae;
2127 3409 2252 3445 nam
2278 3393 2453 3446 laetus
2479 3406 2667 3445 eremo

1345 3457 1683 3531 Conspectus
1714 3457 1995 3518 hominum
2020 3463 2178 3531 liquit
2202 3477 2463 3531 carosque
2480 3469 2754 3530 parentes,

1345 3526 1415 3600 l_Jt
1437 3526 1619 3600 casses
1642 3544 1882 3596 satanae,
1913 3526 2124 3594 mundi,
2163 3526 2452 3600 carnisque
2473 3526 2712 3595 dolosos,

1350 3597 1419 3672 Et
1440 3599 1580 3672 liber
1606 3613 1788 3672 posset
1817 3602 2036 3656 fraudes
2054 3603 2228 3656 vitare
2253 3597 2535 3671 malignas,

1350 3667 1427 3752 Ac
1448 3667 1668 3752 Christo
1690 3675 2006 3752 soli_paea_to
2034 3672 2208 3752 corde
2219 3667 2460 3752 placet-'9.

1355 3737 1760 3812 Servitiumque
1781 3737 1892 3799 D'eo
1916 3744 2034 3796 sine
2062 3741 2168 3812 ﬁne
2195 3737 2353 3796 litare
2377 3755 2655 3812 supremo.

1433 3811 1720 3869 Proximus
1741 3815 1871 3868 hinc
1897 3822 2084 3867 noster
2109 3811 2374 3865 Macarius
2406 3811 2598 3866 ordine
2623 3811 2814 3873 fertur,

1355 3878 1528 3965 gnem
1559 3885 1743 3965 studio
1766 3883 1992 3965 Aegypti
2021 3883 2181 3965 tellus
2205 3881 2436 3965 fecnnda
2464 3884 2687 3952 Pelasgo

1350 3950 1555 4016 Edidit,
1577 3961 1634 4009 et
1655 3956 1815 4009 nobis
1838 3950 2025 4008 divino
2046 3952 2226 4006 sidere
2253 3952 2421 4005 misit.

1347 4020 1608 4079 Aemulus
1631 4024 1851 4079 Antonii
1876 4023 2042 4076 vitam
2068 4037 2358 4090 moresque
2392 4021 2580 4076 beatos

1357 4092 1668 4163 Discipulus
1697 4095 1789 4149 fidi
1813 4093 2060 4162 sequitur
2091 4093 2432 4163 placidogore
2470 4090 2734 4160 magistri,

1355 4163 1426 4216 Se
1451 4161 1572 4228 tibi,
1597 4165 1837 4227 Christe,
1864 4161 2018 4218 dedit
2055 4161 2253 4225 tOtum,
2278 4161 2557 4230 vitamque
2585 4163 2816 4216 solutam

1346 4232 1392 4305 A
1415 4232 1563 4305 euris
1585 4234 1714 4305 legit
1736 4235 2020 4305 rigidoque
2045 4232 2359 4305 gravamine
2382 4232 2618 4302 plenam.

1348 4302 1580 4359 Delicias
1601 4302 2144 4372 m'undi'contempsit
2167 4302 2366 4372 iugiter
2393 4317 2602 4366 omnes,

1355 4372 1646 4445 Nimbosos
1676 4376 1942 4445 petiitque
1969 4376 2214 4429 animosa
2242 4382 2425 4445 mente
2451 4387 2722 4445 recessus,

1353 4443 1528 4568 Atq’ue
1555 4445 1629 4500 ibi
1665 4441 1870 4510 nudus,
1904 4446 2080 4514 inops,
2106 4458 2234 4497 saxo
2253 4443 2343 4496 vix
2368 4451 2544 4496 tectus
2565 4441 2766 4507 adeso,

1353 4511 1427 4568 Su
1489 4514 1621 4568 Jove
1653 4515 1798 4568 ferre
1831 4516 1985 4568 nives
2007 4513 2198 4568 statuit
2222 4512 2539 4568 glacialibus
2562 4513 2714 4566 auris

1353 4511 1467 4583 Sub
1489 4514 1621 4570 Jove
1653 4515 1798 4571 ferre
1831 4516 1985 4569 nives
1998 4511 2198 4568 statuit
2222 4512 2539 4583 glacialibus
2562 4513 2714 4583 auris

1349 4582 1610 4656 liiberno,
1651 4594 1908 4656 expertus
1935 4591 2200 4654 quantum
2233 4582 2490 4656 patientia
2521 4582 2739 4656 tandem

1350 4654 1602 4726 Duraque
1625 4653 1917 4726 paupertas
1942 4653 2286 4722 humanaque
2321 4653 2566 4726 membra
2591 4653 2856 4708 valerent.

1353 4725 1492 4779 Exili
1517 4724 1686 4782 cuius
1709 4724 1992 4782 tenuatum
2023 4739 2221 4793 corpus
2241 4724 2467 4784 amictu,

1353 4795 1606 4868 Desidiae
1627 4798 1860 4868 patiens,
1886 4796 2132 4868 tolerans
2150 4793 2364 4868 algoris
2384 4803 2440 4847 et
2467 4801 2671 4858 aestus,

1349 4865 1565 4936 Rugosa
1587 4862 1743 4933 facie,
1768 4862 2438 4936 lacrimisquefluentihus
2461 4878 2556 4936 ore

1355 4931 1470 5007 §ub
1497 4938 1663 4992 tacito
1687 4931 1922 5007 pastum,
1944 4931 2157 5005 queruli
2180 4941 2464 5007 constante
2487 4933 2695 5007 doloris
2725 4931 2734 5002 Ι

1354 5005 1579 5063 Pectore
1605 5003 1865 5063 duritiem
1886 5003 2244 5073 consumpsit,
2274 5005 2413 5058 laeta
2446 5003 2659 5058 salutis.

1351 5075 1525 5144 Quem
1553 5078 1805 5132 volucres
1830 5078 2050 5131 cinxere
2076 5075 2225 5130 leves
2249 5074 2336 5143 pia
2365 5074 2533 5127 verba
2555 5081 2862 5144 sonantem,

1349 5143 1540 5218 Aurita
1561 5155 1687 5202 ante
1715 5147 1883 5218 pedes
1915 5156 2175 5218 stupuere
2210 5144 2506 5218 animantia
2535 5143 2776 5218 quaevis.

1348 5217 1470 5288 Dion
1495 5232 1630 5272 auro
1651 5213 1972 5288 spiendente
1996 5213 2212 5288 domus,
2252 5213 2590 5288 gemmisque
2613 5213 2831 5276 decora.

1349 5286 1434 5358 illi
1460 5286 1696 5358 punecio
1713 5304 1816 5344 nec
1838 5288 1961 5344 lana
1979 5286 2167 5358 colore
2193 5286 2511 5358 rubescens,

1348 5353 1480 5413 Non
1494 5367 1716 5414 centum
1741 5365 1956 5414 versata
1976 5355 2117 5426 iugis
2141 5353 2318 5426 felicia
2344 5354 2520 5422 campi

1349 5427 1564 5500 Iugera,
1584 5428 1850 5500 creswnti
1881 5442 1984 5500 nec
2005 5423 2226 5500 palmite
2255 5423 2408 5477 dives
2432 5423 2656 5500 agellns,

1354 5492 1464 5569 Alit
1500 5499 1678 5569 gregis
1700 5498 1973 5569 innumeri
1998 5492 2197 5569 foetus,
2230 5509 2332 5549 nec
2362 5492 2542 5548 merce
2568 5492 2772 5548 Sabaea

1354 5565 1562 5639 Niliaco
1590 5565 2089 5639 plenaevenientis
2112 5565 2509 5639 littore_naves,

1354 5633 1610 5694 ΕΠΙοίαηί
1635 5639 1768 5693 alias
1787 5637 2002 5692 felicem
2021 5649 2273 5704 quamve,
2299 5633 2471 5688 fuere.

1353 5705 1401 5778 ς)
1419 5723 1585 5778 quam
1606 5709 1747 5762 laeta
1766 5708 1887 5778 piae
1911 5716 1996 5761 est
2021 5711 2317 5778 paupertas
2343 5704 2558 5759 conscia
2585 5706 2803 5766 mentis.

1361 5775 1670 5839 lmhtortale
1692 5775 1813 5835 viro
1843 5777 1971 5833 forti
2003 5775 2173 5836 decus
2197 5781 2360 5848 atque
2391 5780 2662 5848 perennc!
