3950 6540
202 339 288 397 an
715 409 755 420 ι,
1120 334 1212 390 AD
1238 332 1610 390 EDITIONEM
1646 332 1810 389 non.
1851 333 1887 389 s

1851 333 1908 389 S.
1946 333 2226 390 MACARII
2264 334 2531 390 AEGYPT
2536 335 2599 388 11.

988 448 1104 520 Qua
1124 451 1210 504 vel
1235 451 1629 505 Achacmenios
1647 451 1826 520 luxus,
1847 465 2192 520 regnumque
2209 450 2498 506 Phrabatis

993 519 1209 574 Vicerat
1244 522 1539 584 excelsum,
1565 521 1653 574 vel
1679 519 1812 573 ditia
1836 519 2050 580 fortiter
2072 519 2220 574 arva.

989 589 1089 661 Cui
1120 590 1521 661 calidicessere
1552 590 1724 660 ignes,
1751 589 2036 661 victusque
2068 590 2266 661 refugit

993 659 1194 714 Moesta
1218 660 1344 713 dolo
1374 659 1592 714 assiduo
1613 674 1828 727 semper
1855 659 1947 727 qui
1979 659 2144 713 corda
2175 659 2382 714 revisit.

983 727 1248 798 Crudeles
1272 729 1491 783 fraudes
1523 736 1578 782 et
1606 729 1767 781 noxia
1792 728 2021 798 crimina
2046 729 2246 798 pressit

985 797 1199 860 Omnia,
1225 799 1532 867 deiecitque
1563 798 1744 850 animo
1767 797 2142 866 phantasmata
2171 806 2341 866 casto,

986 867 1054 920 Et
1085 869 1252 922 variis
1275 869 1527 922 mandata
1557 867 1651 920 Dei
1673 867 1978 936 virtutibus
2003 868 2254 936 implens,

995 937 1054 1007 ln
1077 938 1269 1007 paucis
1292 937 1555 1007 locuples,
1590 935 1788 1007 ﬂuidae
1814 951 1916 989 nec
1938 952 2046 1007 non
2079 935 2219 991 bona
2250 939 2392 993 vitae

990 1006 1297 1077 Praesentis
1325 1006 1557 1077 fugiens,
1588 1006 1764 1077 potuit
1784 1020 2001 1077 sperare
2024 1006 2228 1071 futura,

989 1076 1234 1131 Praemia
1255 1073 1416 1146 digna
1446 1073 1604 1137 tulit,
1621 1073 1875 1146 caelestia
1898 1091 2066 1146 regna
2100 1077 2312 1146 petivit.

989 1147 1147 1217 blunc
1171 1145 1508 1217 caeli’plenis
1535 1145 1747 1217 meritis
1774 1145 2002 1217 _s_0rtitus
2030 1145 2268 1201 honores

987 1216 1169 1286 Exigit
1191 1213 1444 1270 aeternos
1471 1215 1622 1286 horis
1647 1213 1901 1286 felicibus
1923 1229 2117 1286 annos.

987 1283 1308 1355 Exemplum
1345 1285 1621 1355 egregium
1650 1283 1810 1337 nobis
1835 1283 1984 1336 dedit
2012 1283 2102 1355 ille
2129 1285 2490 1354 sequendum,

991 1356 1063 1412 Ut
1084 1353 1274 1408 mundi
1302 1353 1527 1426 pompas
1552 1354 1864 1426 fugeremus
1895 1360 1951 1406 et
1987 1353 2095 1406 alta
2119 1353 2353 1420 viarum,

985 1426 1161 1504 Atque
1184 1422 1532 1504 _Deuir_1_puro
1552 1422 1882 1503 meditantes
1911 1432 2130 1504 pectore
2153 1441 2388 1504 semper.

989 1495 1033 1549 Ο
1065 1493 1294 1548 nimium
1322 1493 1451 1547 felix
1478 1493 1689 1546 animae
1723 1507 1844 1544 sors
1874 1501 2036 1559 atque
2060 1493 2232 1548 beatis

983 1564 1276 1618 Coelicolis
1298 1562 1560 1617 socianda
1587 1561 1719 1630 poli,
1752 1576 1890 1629 quos
1918 1563 2177 1617 clauserit
2203 1565 2426 1629 aether;

987 1634 1244 1702 Exempla
1275 1633 1410 1686 haec
1429 1631 1690 1702 cuitanta
1717 1631 1953 1702 placent,
1983 1648 2121 1701 quae
2151 1643 2297 1689 tanta
2323 1644 2528 1699 secuta,

986 1703 1098 1773 lbit
1113 1699 1181 1756 ad
1204 1702 1415 1773 Elysios
1433 1701 1604 1773 multo
1621 1699 1755 1773 cum
1780 1699 1968 1773 fenore
1993 1699 2232 1773 campos.

1057 1772 1214 1845 Nunc
1249 1769 1318 1845 ad
1343 1771 1439 1845 Te,
1467 1769 1856 1845 Schwicharde,
1874 1769 2040 1845 feror,
2070 1769 2334 1845 generosa
2361 1788 2624 1845 prepagn,

981 1842 1249 1912 Antiquae
1279 1838 2277 1912 Cronbergiacae_llosinclytestirpis,
2361 1838 2382 1845 ”
2467 1838 2484 1844 ’
2537 1838 2563 1845 ⁷
2694 1851 2699 1864 ‘

987 1908 1190 1982 Insigni
1219 1912 1424 1982 virtute
1447 1908 1661 1979 potens,
1686 1908 2009 1982 laudateque
2037 1908 2198 1982 fama,

983 1978 1157 2048 Quem
1186 1981 1381 2051 pietas,
1402 1978 1592 2051 heuor
1612 1985 1670 2030 et
1690 1978 1860 2040 zelus,
1884 1978 2133 2042 devotio,
2163 1997 2294 2035 vera

992 2049 1221 2121 Religio,
1252 2049 1502 2121 Charites
1526 2049 1722 2121 trinae2
1747 2051 2054 2102 constantia
2077 2051 2277 2115 cordis,

979 2117 1375 2194 Commendant
1397 2120 1648 2194 multum,
1674 2117 1950 2171 Musarum
1977 2121 2236 2194 splendor
2249 2129 2305 2175 et
2327 2121 2536 2194 ingens.

983 2191 1182 2258 Accipe
1205 2187 1730 2260 Macariumdivum,
1762 2187 2018 2260 sermone
2041 2190 2265 2260 Pelasgo

982 2256 1316 2328 Scriptorem
1345 2258 1641 2326 quondam,
1671 2256 1996 2329 La_tio_nunc
2018 2274 2113 2312 ore
2145 2256 2482 2329 loquentem,

982 2325 1289 2383 Palﬂzenius
1313 2325 1478 2398 quem
1503 2334 1684 2381 mente
1706 2325 1794 2397 pia
1817 2325 2166 2383 doctissimus
2203 2325 2386 2395 oﬂert,

985 2400 1054 2457 Et
1090 2398 1289 2454 studiis
1312 2397 1544 2452 Leuchtii
1579 2401 1840 2450 consueto
1864 2412 2017 2452 more
2041 2399 2243 2454 favete.

1128 2577 1363 2632 Joannes
1389 2576 1702 2632 Trithemius
1727 2580 1790 2632 de
1811 2579 2146 2650 scriptoribus
2169 2578 2454 2634 Ecclesiae.

236 2676 514 2734 Macarius
540 2672 842 2730 monachus
866 2669 1165 2742 Aegyptius
1189 2670 1329 2724 etB.
1353 2670 1535 2724 Patris
1565 2669 1791 2727 Antonii
1818 2671 2094 2740 quondam
2125 2671 2446 2740 discipulus,
2491 2674 2574 2727 vir
2608 2675 2837 2731 devotus
2874 2677 3245 2732 sanctissimae
3280 2691 3414 2730 con-

169 2769 522 2833 versationis,
548 2767 616 2822 de
639 2779 748 2834 quo
789 2764 960 2816 multa
988 2761 1252 2815 miracula
1291 2769 1607 2827 narrantur,
1637 2762 1914 2833 quomodo
1945 2762 2109 2816 etiam
2144 2772 2485 2816 mortuorum
2514 2781 2676 2821 voces
2709 2766 2775 2820 de
2813 2768 3118 2837 sepulchris
3149 2783 3248 2837 pro
3283 2767 3410 2821 ﬁdei

167 2859 588 2920 conﬁrmatione
617 2853 951 2928 impetravit,
976 2851 1173 2908 claruit
1193 2852 1361 2909 multa
1385 2856 1670 2911 sanctitate
1697 2857 1799 2911 sub
1827 2853 2188 2912 Constantino
2215 2861 2271 2912 et
2295 2853 2616 2916 Constantio
2648 2858 2992 2932 principibus
3021 2875 3164 2916 anno
3196 2857 3412 2916 Domini

164 2955 295 3020 550;
323 2953 490 3008 cuius
510 2958 659 3022 gesta
691 2949 961 3003 habentur
983 2946 1040 3002 in
1071 2946 1199 3001 vitis
1221 2947 1465 3002 Patrum.

1494 3018 1594 3071 EK
1643 3019 1782 3071 ΤΩΝ
1823 3022 1907 3072 ΣΟ
1921 3020 2070 3072 ΥΙΔΑ
2082 3055 2097 3071 .

232 3113 343 3167 Δύο
383 3112 628 3180 ἐγένοντο
659 3111 930 3180 Μακάριοι
973 3107 1251 3180 ὁμώνυμοι
1299 3109 1393 3161 καὶ
1423 3109 1736 3180 περιϐόητοι
1765 3135 1809 3185 Α

1911 3113 2030 3166 Duo
2068 3112 2293 3166 fuerunt
2332 3114 2552 3168 Macarii
2579 3115 2827 3171 eiusdem
2867 3115 3107 3170 nominis
3132 3123 3293 3184 atque
3322 3115 3417 3170 de-

159 3209 225 3262 δι’
264 3207 528 3277 ἄσκησιν,
558 3205 645 3256 διὰ
669 3203 811 3273 βίον,
838 3202 926 3256 διὰ
957 3202 1154 3273 τρόπον
1173 3242 1186 3265 ,
1210 3202 1295 3254 διὰ
1317 3201 1385 3255 τὰ
1417 3203 1734 3273 μαθήματα.

161 3305 188 3352 ό
227 3301 328 3369 μὲν
394 3297 685 3366 Αἰγύπτιος
731 3296 1142 3366 θαυματουργὸς
1177 3290 1278 3366 ἦν,
1327 3296 1420 3348 καὶ
1464 3297 1599 3365 μετὰ
1643 3293 1735 3348 τοῦ

159 3389 439 3452 εὐλαὸοὖς
473 3389 608 3459 πρὸς
653 3389 776 3450 τοὺς
819 3387 1242 3456 ἐντυγχάνοντας
1277 3387 1577 3456 αὐστηρόςο
1613 3385 1641 3438 ὁ
1683 3385 1739 3438 δὲ

172 3480 567 3551 Ἀλεξανδρεὺς
610 3479 751 3532 κατὰ
792 3478 971 3532 πάντα
1007 3477 1080 3530 ὢν
1128 3476 1504 3548 παραπλήσιος
1545 3476 1620 3546 τῷ
1647 3477 1740 3528 Λί-

154 3575 387 3644 γυπτιῳ
417 3574 510 3626 καὶ
532 3571 730 3642 ἱλαρός·
791 3571 802 3642 Ι
850 3570 1021 3634 οὕτως
1047 3570 1227 3642 ἱλαρὸς
1255 3567 1320 3641 ἦν
1349 3573 1460 3632 τοῖς
1483 3567 1741 3638 ὲντυγχά·

155 3683 346 3730 νουσι,
387 3665 481 3718 καὶ
522 3662 600 3734 τῷ
642 3663 1074 3734 χαριεντίζεσῦαι
1115 3662 1239 3725 τοὺς
1284 3661 1434 3724 νέους
1463 3657 1564 3731 ἦγε
1605 3660 1741 3730 πρὸς

154 3759 427 3830 ἄσκησιν.
453 3755 657 3810 τούτων
678 3755 945 3826 Εὐάγριος
958 3753 1245 3824 γενόμενος
1274 3753 1523 3824 μαθητὴς
1549 3751 1648 3822 τὴν
1673 3749 1739 3802 δι’

151 3850 341 3922 ἔργων
392 3848 708 3919 φιλοσοφίαν
753 3848 1049 3919 ἐκτήσατο,
1097 3844 1358 3915 πρότερον
1411 3844 1553 3913 λόγῳ
1597 3842 1742 3912 μόνῳ

149 3943 462 4011 φιλόσοφος
504 3942 579 3995 ὢν
599 3958 612 3972 ·
643 3940 702 4004 ὃς
740 3941 796 3992 ὲν
828 3937 1234 3992 Κωνσταντίνου
1265 3937 1417 3989 πόλει
1463 3937 1566 3988 ὑπὸ
1597 3935 1739 4006 Γρη-

148 4034 348 4103 γορίου
368 4033 470 4086 τοῦ
488 4031 734 4101 θεολόγον
751 4032 829 4095 εἰς
854 4030 952 4101 τὴν
983 4027 1075 4081 τοῦ
1097 4027 1342 4081 διακόνου
1361 4024 1741 4098 προεχειρίσθη

143 4125 332 4189 τάξιν.
391 4124 532 4178 ἀλλὰ
598 4127 692 4177 καὶ
739 4125 795 4186 ἐς
835 4121 930 4192 τὴν
981 4121 1257 4186 Αἴγυπτον
1303 4117 1611 4181 κατελθὼν,
1649 4117 1744 4169 καὶ

143 4219 263 4278 τοῖς
296 4214 686 4287 προλεχθεῖσιν
721 4211 956 4282 ἐντυχὼν
981 4210 1238 4282 ἀνδράσι,
1266 4209 1354 4262 τὸν
1381 4209 1600 4262 ἐκείνων
1629 4207 1741 4277 βίον

142 4307 435 4378 ἐζήλωσε.
480 4306 653 4376 τούτῳ
707 4303 885 4374 βιὸλία
930 4305 1068 4372 ἄγαν
1115 4295 1375 4356 σπουδαῖα
1429 4300 1739 4371 συγγέγραο

143 4415 282 4451 πται
305 4414 319 4426 ·
360 4390 446 4453 ὧν
488 4397 548 4450 τὸ
594 4397 691 4466 μὲν
727 4394 1000 4463 Μοναχὸς
1049 4393 1082 4463 ἢ
1118 4392 1245 4463 περὶ
1275 4393 1584 4464 πρακτικῆς
1617 4391 1740 4442 ἐπι-

1839 3203 2041 3256 cantati
2086 3213 2307 3273 propter
2348 3206 2608 3260 exercitia
2645 3207 2970 3271 studiorum,
3013 3208 3202 3271 vitam,
3236 3223 3418 3262 mores

1839 3305 2001 3366 atque
2030 3299 2391 3368 disciplinam.
2417 3301 2570 3355 Alter
2599 3303 2819 3370 quidem
2847 3302 3158 3372 Aegyptius,
3189 3302 3282 3370 qui
3315 3303 3417 3355 mi"

1839 3389 2027 3442 racula
2066 3389 2281 3454 edebat,
2331 3405 2394 3445 ac
2442 3392 2697 3462 religiosa
2719 3393 2969 3447 cautione
3007 3393 3060 3446 in
3097 3408 3212 3457 eos,
3237 3393 3416 3462 quise

1840 3480 2259 3545 conveniebant,
2278 3490 2396 3536 erat
2429 3498 2656 3537 severus
2681 3501 2694 3536 :
2739 3485 2875 3538 alter
2900 3483 3299 3538 Alexandrinus
3319 3499 3417 3552 per

1841 3572 2022 3625 omnia
2057 3573 2251 3627 similis
2280 3573 2542 3645 Aegyptio
2572 3584 2630 3629 et
2659 3575 2960 3640 humanus,
2994 3574 3004 3645 |
3036 3575 3171 3629 adeo
3210 3575 3412 3629 huma-

1841 3678 1945 3716 nus
1982 3671 2100 3717 erat
2136 3680 2265 3734 erga
2303 3680 2420 3729 eos,
2463 3665 2557 3734 qui
2587 3681 2644 3720 se
2688 3665 3107 3730 conveniebant,
3136 3673 3197 3718 ut
3237 3665 3416 3734 lepida

1843 3756 2154 3810 urbanitate
2181 3757 2386 3810 utendo
2432 3756 2658 3811 iuvenes
2688 3757 2755 3811 ad
2779 3757 3045 3811 exercitia
3071 3764 3413 3826 provocaret.

1843 3847 2050 3901 Horum
2086 3847 2349 3918 Evagrius
2387 3847 2690 3918 discipulus
2743 3847 2947 3912 factus,
2977 3847 3134 3902 factis
3169 3848 3416 3916 philoso—

1843 3938 2026 4008 phiam
2057 3939 2323 4002 exercuit,
2365 3940 2457 4008 qui
2490 3940 2646 4009 prius
2672 3940 2854 3994 verbis
2875 3940 3136 3993 duntaxat
3172 3939 3415 4008 philoso-

1843 4030 2134 4099 pbabatur.
2163 4029 2264 4095 Qui
2303 4031 2776 4100 Constantinopoli
2801 4047 2829 4085 a
2855 4031 3118 4101 Gregorio
3142 4031 3417 4100 Theologo

1844 4122 1900 4178 in
1929 4122 2279 4176 diaconorum
2317 4121 2556 4177 adscitus
2597 4130 2679 4176 est
2719 4121 2988 4187 ordinem,
3017 4122 3148 4191 quin
3170 4122 3334 4175 etiam
3360 4121 3416 4174 iu

1842 4212 2168 4282 Aegyptum'
2195 4211 2506 4280 profectus,
2552 4212 2608 4265 in
2654 4212 2966 4281 praedictos
3019 4210 3214 4264 incidit
3267 4209 3418 4263 viros

1845 4311 2008 4372 atque
2055 4303 2276 4360 illorum
2321 4303 2488 4357 vitam
2530 4305 2838 4358 aemulatus
2880 4310 2983 4357 est.
3019 4303 3103 4356 Ab
3143 4304 3248 4356 hoc
3287 4301 3417 4355 libri

1843 4393 2002 4447 valde
2027 4409 2218 4464 graves
2242 4401 2298 4447 et
2332 4393 2463 4447 serii
2487 4393 2784 4463 conscripti
2833 4401 2980 4457 sunt,
3001 4407 3234 4462 quorum
3273 4406 3419 4445 unus

141 4491 509 4564 γέγραπταιο
540 4489 602 4542 τὸ
630 4488 687 4541 δὲ
727 4487 1075 4550 Γνωστικός
1101 4485 1133 4556 ἢ
1171 4486 1300 4555 περὶ
1325 4483 1433 4536 τῶν
1472 4482 1732 4547 καταξιω-
1770 4509 1812 4562 Β
1840 4485 1887 4538 Μ

1840 4485 2124 4539 Monachus
2159 4486 2273 4539 sive
2316 4485 2384 4539 de
2421 4485 2533 4540 vita
2570 4486 2744 4540 activa
2774 4485 3069 4555 inscriptus
3108 4492 3210 4539 est.
3263 4483 3418 4538 Alter

138 4584 366 4636 Θὲντων
413 4580 685 4650 γνώσεωςτ
737 4579 1008 4646 κεφάλαια
1041 4578 1098 4634 δὲ
1143 4575 1308 4634 αὑτοῦ
1363 4576 1736 4644 πεντηκονταο

136 4672 202 4724 τὸ
231 4672 298 4724 δὲ
343 4668 800 4739 Ἀντιρῤητικόν
829 4668 964 4739 πρὸς
993 4668 1120 4729 τοὺς
1160 4664 1519 4737 πειράζοντας
1554 4665 1742 4734 δαίμο-

133 4778 262 4825 νας,
299 4762 368 4813 ὲν
404 4757 548 4812 ὀκτὼ
581 4757 904 4831 διῃρημένον
938 4757 1148 4828 μέρεσι,
1199 4756 1339 4812 κατὰ
1372 4755 1463 4809 τὸν
1507 4753 1742 4825 ἀριθμὸν

133 4853 251 4904 τῶν
307 4850 472 4904 ὀκτὼ
532 4850 840 4921 λογισμῶν·
892 4851 985 4902 καὶ
1043 4849 1296 4914 ἑξακόσια
1359 4846 1743 4918 προγνωστικὰ

133 4945 374 5014 προὸλή
387 4959 537 5011 ματα
555 4957 569 4970 ⁸
604 4943 699 4996 καὶ
725 4942 954 5014 στιχηρὰ
982 4941 1048 5010 β’,
1079 4941 1138 4992 ἓν
1177 4943 1313 5011 πρὸς
1336 4940 1461 5003 τοὺς
1487 4942 1542 4994 ὲν
1570 4956 1742 4992 κοινο-

132 5035 283 5097 ϐίοις
316 5035 357 5104 ἢ
407 5032 672 5096 συνοδίαις
718 5034 1018 5104 μοναχοὺς,
1057 5033 1152 5085 καὶ
1180 5032 1238 5085 ἓν
1277 5032 1415 5103 πρὸς
1451 5032 1552 5102 τὴν
1595 5047 1740 5099 παρ-

130 5127 364 5180 Θενίαν.
415 5125 507 5177 καί
537 5142 670 5195 φησι
696 5125 838 5178 κατὰ
860 5123 1001 5188 λέξιν
1030 5123 1231 5187 οὕτως·
1271 5122 1614 5192 Ἀναγκαῖον
1634 5123 1742 5187 τὰς

131 5217 335 5281 ὁδοὺς
364 5214 492 5269 τῶν
510 5215 1019 5282 προοδευσὰντων
1034 5215 1317 5286 μαλθακῶν
1341 5214 1524 5283 ὀρθῶς
1545 5214 1743 5282 διερωο

127 5308 276 5375 τᾷν,
322 5307 440 5360 καὶ
484 5307 635 5375 πρὸς
672 5309 859 5372 αὑτὰς
901 5307 1356 5376 κατορθοῦσθαιο
1392 5307 1592 5360 πολλὰ
1629 5305 1740 5375 γάρ

127 5400 322 5454 ἐστιν
371 5401 476 5452 ὑπ’
517 5397 717 5451 αὐτῶν
748 5399 820 5452 τὰ
847 5397 1108 5467 ρηθέντα
1135 5397 1234 5452 καὶ
1269 5399 1606 5467 πραχθέντα
1635 5415 1739 5450 κα-

123 5490 295 5556 λῶς,
329 5492 418 5542 ἐν
448 5485 538 5556 οἷς
571 5492 668 5543 καὶ
695 5491 871 5545 τοῦτό
908 5509 998 5557 τις
1025 5491 1245 5559 ἔφησε,
1267 5491 1381 5559 τὴν
1410 5490 1742 5559 ξηροτέρων

125 5585 235 5645 καὶ
296 5582 640 5650 ἀνώμαλον
688 5583 953 5646 δίαιταν,
1002 5583 1211 5653 ’ἀγάπῃ
1272 5582 1736 5651 συζευχθεῐσαν,

123 5673 378 5742 θᾶττον
408 5674 636 5746 διάγειν
664 5674 770 5728 τόν
795 5675 1069 5745 μοναχὸν
1106 5677 1193 5743 εἰς
1220 5673 1532 5738 ἀπάθειαν.

1842 4575 2116 4630 Gnosticus
2144 4575 2259 4630 sive
2284 4575 2351 4629 de
2377 4575 2465 4638 iis,
2493 4575 2587 4644 qui
2622 4575 2950 4645 cognitionis
2976 4589 3204 4629 munere
3231 4573 3416 4627 donati

1841 4677 1990 4723 sunt.
2025 4666 2215 4737 Capita
2237 4683 2368 4721 vero
2393 4668 2514 4722 eius
2543 4666 2670 4720 libri
2695 4674 2822 4720 sunt
2841 4665 3252 4735 quinquaginta.
3283 4663 3419 4718 Ter-

1842 4760 1951 4814 tius
1995 4759 2394 4823 Antirrheticus,
2443 4757 2706 4812 adversus
2777 4764 3048 4810 tentantes
3101 4755 3414 4819 daemones,

1840 4859 1964 4905 octo
2002 4851 2292 4905 distinctus
2340 4850 2590 4920 partibus
2614 4848 2917 4902 secundum
2956 4862 3246 4900 numerum
3290 4855 3416 4899 octo

1839 4943 2249 5012 cogitationum.
2263 4943 2396 4996 Item
2415 4948 2668 4996 sexcenta
2688 4938 3039 5010 Prognostica
3056 4937 3414 5007 problemata,

1839 5044 1895 5088 et
1920 5035 2285 5089 Elementaria
2322 5033 2452 5097 duo,
2497 5047 2666 5090 unum
2707 5029 2773 5084 ad
2807 5029 3101 5083 monachos
3124 5027 3178 5080 in
3219 5042 3418 5082 coeno-

1839 5128 1946 5182 biis
1995 5135 2091 5181 aut
2149 5127 2530 5182 contuberniis
2588 5126 2858 5189 viventes,
2891 5123 3126 5179 alterum
3149 5121 3216 5175 ad
3239 5121 3417 5196 _virgi-

1839 5236 1970 5275 num
2004 5230 2241 5275 coetum.
2281 5219 2458 5288 Atque
2499 5219 2634 5272 haec
2659 5224 2788 5271 sunt
2827 5217 2946 5270 eius
2969 5214 3170 5270 verba:
3197 5213 3417 5267 Necesse

1840 5319 1936 5376 est,
1971 5319 2031 5363 ut
2059 5311 2172 5364 vias
2204 5327 2404 5373 eorum,
2448 5312 2537 5380 qui
2583 5315 2996 5380 praecesserunt,
3040 5307 3412 5360 monachorum

1838 5403 2020 5458 sedulo
2045 5404 2372 5474 indagemus,
2420 5413 2469 5457 et
2496 5404 2564 5458 ad
2596 5420 2776 5462 eorum
2817 5419 3060 5456 normam
3095 5400 3416 5470 dirigantur.

1838 5493 2008 5548 Multa
2040 5493 2102 5546 ab
2136 5495 2198 5546 iis
2225 5501 2272 5545 et
2298 5493 2434 5546 dicta
2453 5501 2500 5545 et
2525 5493 2667 5561 facta
2689 5499 2811 5545 sunt
2845 5500 3003 5554 recte,
3028 5493 3166 5544 inter
3197 5505 3331 5559 quae
3363 5497 3412 5541 et

1839 5585 1932 5637 hoc
1984 5583 2243 5654 quispiam
2283 5582 2452 5635 dixit:
2487 5582 2782 5636 Aridiorem
2817 5591 2864 5635 et
2909 5598 3153 5652 asperam
3206 5579 3412 5634 vivendi

1841 5674 2098 5726 rationem
2129 5689 2245 5725 cum
2286 5672 2510 5725 caritate
2541 5671 2842 5743 copulatam
2885 5671 3104 5725 celerius
3130 5681 3414 5742 perducere

1843 5766 2156 5826 monachum
2186 5764 2256 5819 ad
2277 5764 2604 5836 afectionum
2633 5765 2963 5819 vacuitatem.
