3950 6578
171 369 253 428 515
1148 351 1588 410 HOMILIARUM
1627 355 1684 410 S.
1721 355 2003 412 MACARH
2041 355 2380 412 AEGYPTH.
3286 364 3392 422 δη

172 500 253 544 nec
272 489 369 535 tum
392 469 537 528 alios
559 468 856 539 scriptores
881 465 1102 523 Macarii
1132 468 1470 523 mentionem
1503 468 1770 528 facientes
1799 472 1866 526 ad
1899 487 2123 527 manum
2157 472 2471 527 habuimus.
2505 473 2707 528 Verum
2735 489 2861 530 cuin
2884 474 3105 532 izimiam
3129 477 3197 534 ad
3226 478 3391 536 linem

181 573 392 654 paulatim
425 581 566 637 opus
605 565 876 629 tenderet,
903 563 1241 620 revolvimus
1278 565 1652 636 Nicephorum
1696 575 1753 620 et
1795 568 2119 622 Palladium.
2175 567 2318 624 Sane
2359 575 2612 637 uterque,
2657 577 2718 621 ut
2762 583 2930 638 supra
2971 568 3179 624 dictum
3203 611 3220 635 ,
3252 570 3392 627 duos

179 671 320 727 fuisse
356 656 612 716 Maearios
647 663 942 720 testantur,
988 655 1224 709 alterum
1269 654 1700 710 Alexandrinum
1749 672 1971 728 genere,
2005 659 2120 728 qui,
2160 658 2290 714 licet
2317 657 2521 723 iunior,
2574 658 2631 712 in
2699 657 2768 712 iis
2810 673 2954 727 quae
2990 660 3391 716 monachorum

180 767 283 818 sunt
305 749 598 826 praecipua,
624 748 832 817 primas
870 745 1176 810 obtinebat,
1201 746 1438 800 alterum
1485 746 1834 818 Aegyptium,
1864 759 2043 804 aetate
2071 749 2444 821 grandiorem,
2485 749 2580 819 qui
2610 749 2709 804 has
2747 749 2894 820 ipsas
2931 766 3122 821 graece
3144 752 3390 808 conscri-

174 854 261 929 psit
291 844 548 909 Homilias,
573 858 710 913 quas
744 841 800 896 in
831 841 1064 895 latinum
1088 855 1396 895 sermonem
1438 843 1838 898 transtulimus.
1881 844 1981 899 Hic
2002 844 2094 900 XC
2121 845 2262 900 vixit
2285 859 2460 900 annos
2499 844 2771 915 integros,
2812 862 3054 917 quorum
3082 845 3175 900 LX
3206 856 3388 902 trans-

151 950 262 1022 ,egit
291 946 339 999 in
367 940 676 997 solitudine.
720 938 912 1008 Itaque
943 945 1108 992 natus
1127 953 1303 993 annos
1348 937 1498 992 XXX
1525 946 1582 993 et
1622 939 1677 992 in
1704 941 1932 995 iuvenili
1963 950 2142 996 aetate
2175 943 2530 1005 constitutus,
2559 950 2666 995 tam
2699 941 2998 994 toleranter
3031 937 3392 992 tulitlabores

170 1039 540 1104 exercitationis
591 1045 768 1092 totum
791 1036 1142 1100 decennium,
1166 1044 1226 1091 ut
1255 1052 1444 1108 magna
1470 1037 1703 1106 quadam
1725 1046 1782 1092 et
1809 1038 2006 1109 insigni
2029 1039 2230 1109 dignus
2249 1039 2548 1093 haberetur
2569 1034 2950 1097 distinctione,
2974 1032 3114 1085 adeo
3141 1041 3199 1085 ut
3221 1047 3387 1084 voea-

174 1147 305 1196 retur
320 1131 763 1202 παιδαριογέρων,
798 1129 851 1184 id
870 1141 955 1185 est
977 1131 1031 1184 in
1054 1131 1252 1200 puerili
1288 1139 1466 1185 aetate
1498 1146 1689 1195 senex,
1714 1135 1973 1203 quoniam
1999 1135 2162 1188 citius
2195 1151 2357 1204 quam
2389 1151 2487 1204 pro
2520 1141 2700 1187 aetate
2727 1129 3036 1200 proiecerat
3068 1127 3387 1181 virtutibus.

168 1227 240 1285 XL
272 1235 429 1278 annos
454 1227 613 1272 natus
642 1225 974 1288 potestatem
1005 1220 1220 1290 accepit
1251 1221 1516 1276 adversus
1541 1222 1856 1287 daemones,
1897 1224 2126 1293 gratiam
2160 1226 2292 1280 item
2340 1225 2590 1288 sanandi,
2621 1222 2987 1293 spiritumque
3034 1219 3389 1289 praedicendi

167 1324 337 1377 futura.
373 1315 576 1383 Dignus
617 1327 835 1382 quoque
862 1323 946 1367 est
990 1314 1212 1370 habitus
1251 1315 1577 1372 honorando
1611 1319 1937 1374 sacerdotio.
1997 1319 2326 1374 Habitarunt
2373 1337 2498 1375 cum
2537 1335 2604 1373 eo
2652 1317 2764 1372 duo
2791 1316 3046 1385 discipuli
3104 1316 3158 1369 in
3197 1314 3389 1370 intima

165 1412 426 1472 solitudine
449 1424 590 1478 quae
616 1417 850 1462 vocatur
878 1409 1060 1464 Scete.
1092 1409 1339 1476 Quorum
1381 1428 1526 1467 unus
1562 1413 1784 1483 quidem
1815 1415 1969 1469 velut
2000 1415 2266 1493 gninister
2297 1414 2376 1470 illi
2412 1429 2628 1484 semper
2665 1410 2942 1466 assidebat
2982 1425 3176 1463 eorum
3215 1408 3390 1478 gratia

161 1510 233 1581 qui
255 1503 536 1561 veniebant
557 1502 824 1567 curandi;
863 1505 1001 1559 alter
1030 1514 1215 1560 autem
1237 1522 1488 1562 seorsum
1518 1509 1810 1563 secedebat
1835 1509 1890 1563 in
1917 1509 2132 1564 cellam.
2158 1510 2527 1566 Praecedente
2564 1522 2698 1563 vero
2729 1515 2972 1575 tempore
3003 1519 3126 1558 cum
3167 1512 3392 1557 sanctus

158 1595 421 1673 perspicaci
449 1593 610 1648 oculo
641 1593 1024 1662 praevidisset,
1063 1595 1204 1651 dixit
1249 1596 1502 1651 ministro
1546 1613 1647 1651 suo
1684 1599 1907 1653 nomine
1948 1599 2165 1664 Joanni,
2199 1601 2294 1671 qui
2337 1610 2524 1671 postea
2566 1602 2743 1657 factus
2785 1600 3071 1672 presbyter
3125 1599 3391 1653 sulIectus

156 1704 223 1752 est
250 1695 300 1748 in
324 1693 500 1746 locum
520 1689 742 1746 Macarii
769 1707 782 1743 :
817 1689 977 1752 Audi,
1012 1689 1087 1742 mi
1123 1687 1294 1758 frater
1317 1687 1572 1750 Joannes,
1596 1705 1873 1759 meamque
1905 1688 1984 1758 fer
2003 1705 2169 1760 aequo
2200 1692 2378 1744 animo
2430 1691 2840 1744 admonitionem
2896 1689 2988 1742 tibi
3025 1686 3178 1741 ualde
3202 1688 3387 1757 profu-

154 1804 317 1848 turam.
339 1788 379 1842 Τ
377 1787 578 1841 entaris
605 1787 764 1849 enim,
808 1784 1009 1854 inquit,
1037 1792 1084 1838 et
1117 1791 1166 1836 te
1195 1790 1365 1838 tentat
1391 1783 1607 1854 spiritus
1639 1785 1900 1837 avaritiae
1918 1801 1937 1849 ;
1957 1786 2032 1838 sic
2064 1787 2201 1838 enim
2227 1797 2554 1856 perspectum
2575 1785 2756 1838 habeo.
2786 1782 2904 1836 Scio
2934 1793 3130 1843 tamen,
3153 1783 3197 1834 si
3218 1796 3389 1834 meam

151 1885 336 1954 benigne
367 1880 550 1934 tuleris
589 1879 1034 1940 adhortationem,
1062 1885 1113 1928 te
1137 1875 1425 1946 perfectum
1449 1873 1562 1943 fore
1601 1874 1656 1927 in
1694 1872 1792 1927 Dei
1826 1875 2012 1928 timore
2031 1883 2189 1945 atque
2220 1877 2330 1930 eius
2367 1893 2542 1948 opere,
2576 1874 2994 1942 laudaberisque,
3025 1882 3071 1926 et
3113 1870 3390 1944 ﬂagellum

150 1993 235 2030 non
261 1972 699 2045 appropinquabit
747 1966 1090 2025 tabernaculo
1139 1976 1249 2021 tuo.
1291 1964 1442 2031 Quod
1483 1965 1530 2018 si
1593 1981 1700 2018 non
1739 1965 1991 2030 audieris,
2016 1967 2072 2018 in
2123 1974 2171 2019 te
2216 1967 2421 2021 venient
2466 1983 2603 2037 quae
2645 1967 2786 2025 Giezi
2811 1969 3024 2022 tandem
3059 1969 3384 2029 acciderunt,

148 2068 269 2121 cuius
297 2067 414 2119 vitio
446 2063 681 2118 laboras.
706 2061 948 2136 Contigit
981 2082 1169 2136 porro,
1210 2072 1271 2119 ut
1293 2063 1557 2117 defuncto
1601 2062 1840 2130 Macario
1870 2077 1980 2116 non
2013 2063 2277 2132 paruerit,
2310 2063 2406 2117 sed
2443 2063 2494 2118 ei
2519 2065 2613 2133 qui
2656 2073 2882 2134 propter
2926 2064 3213 2118 avaritiam
3259 2063 3352 2130 alli
3372 2091 3388 2104 -

147 2157 271 2228 gavit
294 2156 458 2212 Judac
509 2155 790 2225 laqueum.
826 2157 1042 2228 Elapsis
1080 2157 1261 2226 itaque
1280 2154 1376 2209 XV
1407 2163 1504 2207 aut
1537 2151 1636 2206 XX
1676 2153 1856 2216 annis,
1885 2168 2014 2207 eum
2039 2153 2182 2208 bona
2227 2170 2532 2224 pauperum
2563 2164 2914 2226 usurpasset,
2949 2163 3062 2208 tam
3099 2153 3250 2225 gravi
3303 2154 3390 2208 la-

145 2252 332 2306 boravit
357 2250 697 2319 clephantia,
728 2260 780 2304 ut
807 2251 862 2305 in
895 2260 1008 2306 toto
1038 2251 1160 2305 eius
1189 2265 1419 2319 corpore
1436 2264 1544 2302 non
1577 2247 1918 2302 inveniretur
1939 2249 2150 2320 integer
2177 2251 2329 2306 locus
2348 2251 2404 2304 in
2434 2265 2544 2320 quo
2570 2251 2695 2320 quis
2719 2251 2954 2321 digitum
2975 2250 3141 2320 ﬁgere
3175 2259 3380 2320 posset.

143 2345 266 2399 llaec
291 2344 389 2398 luit
414 2344 640 2399 Macarii
672 2347 981 2418 prophetia.
1012 2347 1314 2401 Ferebatur
1343 2344 1434 2399 hic
1459 2351 1683 2398 sanctus
1709 2343 1819 2412 pati
1849 2345 2226 2399 continentem
2267 2347 2530 2410 ecstasin,
2566 2347 2894 2417 saepiusque
2914 2348 2999 2401 vel
3020 2362 3142 2401 cum
3168 2348 3280 2401 Deo
3305 2348 3386 2401 vel

143 2438 188 2491 in
228 2438 382 2491 rebus
440 2437 659 2490 versari
693 2439 1044 2493 caelestibus.
1107 2439 1272 2493 Fama
1329 2437 1495 2492 etiam
1541 2442 1800 2488 constans
1843 2444 1965 2488 erat
2012 2436 2067 2490 in
2111 2437 2432 2501 solitudine,
2491 2439 2788 2492 suscitasse
2830 2453 2957 2491 eum
2998 2445 3294 2501 mortuum,
3326 2446 3388 2491 ut

138 2533 464 2605 persuaderet
492 2534 718 2588 cuidam
754 2533 1036 2589 haeretico
1073 2533 1293 2604 neganti
1327 2529 1808 2586 resurrectionem.
1839 2531 2090 2600 Reliqua,
2110 2547 2251 2601 quae
2276 2532 2466 2586 divino
2491 2532 2764 2588 beneﬁcio
2792 2541 2944 2602 gesta
2977 2541 3131 2596 sunt,
3148 2535 3383 2604 petenda

137 2638 246 2686 sunt
271 2643 300 2684 e
337 2627 584 2683 Palladio
610 2628 665 2682 in
690 2629 928 2684 Historia
963 2630 1188 2684 Patrum
1217 2644 1338 2699 cap.
1379 2628 1444 2682 l9
1472 2634 1528 2680 et
1556 2625 1644 2688 20,
1676 2624 1988 2696 Nicephoro
2016 2627 2138 2682 Hist
2193 2628 2340 2684 Eccl.
2375 2629 2470 2683 lib.
2499 2645 2553 2683 ix
2595 2644 2716 2699 cap.
2743 2629 2830 2683 14.
2870 2629 3020 2685 Vale.
3055 2630 3066 2702 |

1332 2806 1785 2888 Typographus
1828 2808 2075 2868 Lectori
2105 2809 2174 2868 S.

191 2934 528 3006 Diligentiam
576 2952 740 3006 quam
779 2937 834 2992 in
869 2936 1092 2992 Macarii
1138 2935 1391 2992 Homiliis
1437 2935 1814 3001 adhibuimus,
1864 2935 2130 2991 benevole
2171 2936 2365 3001 lector,
2401 2935 2720 3007 praedicare
2751 2935 3038 3003 nolumus;
3088 2918 3205 3008 ipse
3249 2937 3387 2993 satis

131 3027 405 3094 perspicies
437 3028 496 3082 in
533 3037 852 3085 transcursu
887 3030 1162 3085 lectionis.
1207 3029 1320 3085 Nec
1369 3038 1551 3086 tamen
1601 3046 1920 3086 asseverare
1963 3031 2240 3096 volumus,
2273 3031 2410 3086 nihil
2453 3047 2682 3102 prorsus
2730 3046 2832 3085 nos
2872 3031 2962 3086 hic
3010 3031 3233 3102 fugisse.
3264 3032 3382 3096 sed,

131 3137 251 3190 quae
271 3126 453 3179 oculos
473 3135 699 3182 nostros
724 3126 1057 3191 fefellerunt,
1093 3129 1353 3198 pleraque
1378 3127 1563 3182 omnia
1588 3126 1746 3182 facile
1776 3143 1874 3197 per
1905 3133 1956 3182 te
1999 3129 2256 3198 cognosci
2292 3144 2470 3198 posse.
2510 3128 2571 3184 ln
2597 3141 2707 3181 uno
2734 3134 2914 3182 tamen
2949 3131 3256 3185 monendus
3298 3145 3380 3183 es.

129 3217 583 3276 Demandaramus
612 3237 814 3277 munus
843 3222 1116 3278 versionis
1133 3221 1536 3278 describendae
1584 3237 1654 3275 ex
1699 3221 1949 3275 auctoris
1989 3221 2332 3292 autographa
2382 3222 2632 3277 studioso
2680 3221 2928 3285 cuidam;
2972 3237 3162 3276 verum
3203 3223 3250 3278 is
3274 3240 3382 3296 qua

128 3320 280 3368 satet
315 3313 544 3369 levitate
576 3315 782 3372 alicubi
805 3315 1005 3372 misere
1036 3317 1314 3387 pervertit
1357 3318 1604 3372 auctoris
1647 3318 1838 3373 verba.
1885 3316 2152 3374 Volumus
2194 3319 2380 3388 itaque
2425 3326 2488 3372 ut
2511 3333 2576 3372 ea
2621 3317 2702 3372 sic
2749 3318 3033 3371 restituas.

995 3407 1318 3480 Sequuntur
1343 3408 1680 3479 Corrigenda
1706 3417 1832 3465 octo
1854 3407 2101 3463 locorum
2129 3411 2423 3466 versionis.

1409 3761 2088 3856 PBAEFATIO

763 3961 871 4022 AD
905 3959 1326 4023 EDITIONEM
1368 3957 1856 4020 HOMILIARUM
1899 3959 1961 4020 S.
2007 3959 2324 4020 MACABII
2365 3961 2717 4027 AEGYPTII

1300 4151 1448 4198 QUAE
1489 4148 1785 4188 COIPARUIT
1816 4148 1912 4187 SUB
1941 4150 2165 4188 ἠτυωε

113 4265 197 4324 SS.
225 4269 328 4324 PP.
360 4271 710 4327 GREGORII
733 4267 1392 4327 NEOCAESARIENSIS
1415 4265 1748 4322 EPISCOPI
1770 4264 2239 4323 COCNOMENTO
2262 4268 2780 4330 TIIAUMATURCI,
2829 4268 3126 4323 MACARII
3166 4269 3384 4324 AEGY-

174 4341 308 4396 PT"
329 4343 422 4396 ET
438 4341 707 4396 BASILII
729 4342 1128 4397 SELEUCIAE
1159 4341 1269 4395 ISA
1282 4339 1497 4394 URIAE
1529 4335 1852 4390 EPISCOPI
1885 4337 2112 4392 OPEIM
2139 4338 2354 4394 ΟΜΝΙΑ
2378 4340 2567 4405 QUAE
2583 4339 2924 4392 REPERIRI
2942 4339 3381 4395 POTUERUN'I‘.

168 4411 309 4464 Nunc
335 4417 579 4480 primum
612 4411 808 4469 Graece
831 4423 880 4466 et
904 4413 1092 4465 Latine
1118 4413 1434 4465 coniunctim
1461 4409 1620 4468 edita,
1639 4407 2037 4480 cum_i_adicibus
2072 4413 2396 4480 necessariis.
2425 4411 2649 4466 Accessit
2681 4409 2902 4464 Joannis
2927 4409 3169 4463 Zonarae
3195 4410 3383 4480 Expo—

168 4483 280 4535 sitio
311 4477 715 4538 Canouicarum
761 4483 1148 4548 Epistolarum.
1176 4481 1403 4536 Parisiis
1435 4478 1726 4548 sumptibus
1757 4477 2030 4534 Michaelis
2059 4479 2264 4547 Samnii,
2295 4480 2507 4536 Claudii
2546 4480 2758 4535 Morelli
2787 4490 2835 4534 et
2883 4480 3182 4535 Sebastiani
3236 4477 3373 4535 Cra-

168 4555 349 4625 moisy,
394 4556 486 4608 uia
511 4553 764 4608 Jacobea.
790 4547 1109 4608 MDCXXII.
1133 4551 1265 4608 Cum
1290 4547 1564 4623 priuilegio
1591 4547 1750 4618 Regio
1771 4548 1863 4617 [οι.

1695 4665 1763 4680 —

805 4781 1178 4838 Illustrissimo
1219 4781 1330 4834 viro
1361 4778 1560 4834 Merica
1583 4778 1645 4834 de
1671 4777 1785 4849 Viq,
1810 4793 2014 4832 summa
2043 4775 2344 4832 Galliarum
2365 4776 2801 4848 procaucellario.

167 4943 413 4998 Alienum
444 4944 621 4998 nimis
651 4959 680 4998 a
711 4959 940 4999 munere
971 4952 1164 4998 nostro
1188 4941 1569 5004 credebamus,
1604 4939 1690 4993 vir
1724 4938 2114 5002 illustrissime,
2145 4939 2190 4992 si
2219 4937 2364 4993 inter
2391 4946 2470 4992 tot
2495 4953 2558 4990 ac
2596 4945 2744 4992 tanta
2786 4939 3038 5008 publicae
3079 4949 3375 5010 congratu-

101 5037 308 5097 lationis
333 5038 569 5100 indicia,
595 5037 802 5106 quibus
823 5039 1085 5090 universa
1109 5035 1282 5089 Gallia
1303 5033 1692 5089 communibus
1718 5032 1860 5086 votis
1882 5041 1939 5085 et
1964 5032 2192 5085 vocibus
2221 5030 2430 5084 Nomen
2459 5030 2713 5083 Vestrum
2737 5031 3106 5096 commendat,
3144 5031 3246 5100 ipsi
3270 5034 3371 5086 soli

103 5134 416 5197 taceremus,
456 5141 518 5187 et
548 5133 698 5185 nulla
725 5129 900 5186 nostri
923 5130 1089 5184 etiam
1117 5129 1367 5199 obsequii
1393 5129 1567 5182 oilicia
1595 5137 1949 5182 testaremur.
1978 5125 2059 5179 Ex
2105 5141 2215 5195 quo
2247 5124 2394 5178 enim
2450 5123 2792 5177 iustissimus
2836 5123 3091 5192 idemque
3125 5123 3382 5178 invictis--

101 5221 256 5277 simus
279 5225 400 5278 Rex
430 5234 629 5280 noster
650 5224 962 5278 Ludovicus
983 5223 1104 5278 Xlll
1130 5232 1343 5278 matura
1371 5221 1765 5276 deliberatione
1789 5219 1857 5273 ad
1879 5219 2156 5273 sanctiora
2178 5217 2392 5272 consilii
2417 5217 2502 5271 sui
2525 5217 2600 5272 Te
2624 5216 2843 5272 admisit
2865 5216 3188 5286 penetralia,
3214 5224 3269 5272 et
3305 5217 3379 5271 ad

99 5316 361 5385 regiorum
392 5317 718 5388 Sigillorum
748 5315 1052 5370 custodiam
1078 5314 1397 5384 deputatum
1421 5313 1497 5368 Te
1527 5311 1722 5374 voluit,
1758 5325 1919 5364 nemo
1945 5309 2066 5372 fuit,
2094 5309 2181 5362 cui
2218 5307 2432 5376 cognita
2467 5316 2558 5361 tua
2613 5307 2788 5361 virtus
2834 5314 2938 5369 est,
2987 5307 3081 5375 qui
3119 5321 3228 5359 non
3257 5307 3374 5360 lau-

99 5403 248 5469 darit,
266 5423 381 5460 non
405 5407 825 5477 approbaverit,
847 5414 903 5460 et
929 5405 1144 5476 regium
1174 5416 1231 5460 et
1262 5405 1544 5476 egregium
1570 5403 1774 5458 factum
1804 5418 1912 5455 non
1928 5398 2350 5469 praedicavcrit.
2370 5397 2560 5451 Virum
2581 5398 2790 5451 scilicet
2811 5405 3084 5450 maturum
3105 5399 3365 5463 consilio,

96 5500 280 5556 histiet
305 5501 479 5571 aequi
500 5499 1330 5569 amantissimum,prudentem,
1360 5497 1686 5568 sapientem,
1708 5495 1774 5549 de
1796 5492 2075 5563 republica
2095 5506 2306 5544 summe
2327 5489 2584 5569 meritum
2607 5506 2622 5554 ;
2643 5489 2843 5552 virum,
2868 5489 3193 5559 inquam,ad
3219 5505 3377 5545 sum-

97 5614 175 5654 ma
205 5607 422 5664 natum,
459 5599 629 5670 longo
658 5614 844 5653 rerum
873 5613 976 5652 usu
1011 5605 1066 5652 et
1089 5596 1233 5652 seria
1255 5597 1536 5650 variorum
1569 5592 1916 5663 negOtiorum
1957 5587 2353 5644 exercitatione
2391 5585 2460 5639 ad
2507 5593 2683 5640 status
2737 5586 2945 5656 politici
2995 5587 3234 5656 regimen
3270 5604 3371 5657 ap-

97 5697 257 5768 prime
288 5704 607 5760 versatum,
637 5696 730 5750 tali
757 5695 1048 5750 vocatione
1071 5693 1318 5764 dignum.
1356 5691 1510 5747 Unde
1536 5689 1738 5744 factum
1765 5695 1870 5750 est,
1899 5694 1960 5740 ut
2003 5686 2154 5754 ipsae
2201 5683 2365 5737 etiam
2423 5681 2606 5736 Musae
2659 5682 2998 5737 castissimae
3047 5681 3102 5735 in
3159 5690 3375 5751 partem

98 5791 446 5846 exultationis
472 5790 666 5846 venire
691 5790 1010 5861 gestientes,
1037 5788 1158 5842 Tibi
1185 5795 1418 5858 patrono
1441 5801 1540 5841 suo
1565 5785 1631 5840 ad
1660 5785 1866 5855 patrios
1890 5784 2035 5838 lares
2053 5779 2310 5837 redeunti
2334 5788 2389 5834 ct
2412 5779 2873 5850 trinmphatorem
2907 5794 3087 5852 regem
3115 5787 3374 5834 nostrum
