3950 6560
555 337 661 396 315
1489 334 1879 393 PRAEFATIO
1917 334 2006 389 AD
2044 330 2416 388 EDITIONEM
2468 330 2579 387 AN.
2634 331 2919 389 MDCXXII
3678 342 3755 403 διδ

557 451 839 507 comitanti
863 449 1057 507 obviae
1080 449 1261 505 forent
1284 459 1529 505 ovantes.
1557 450 1625 503 Et
1648 449 1905 519 quoniam
1930 448 2108 501 virum
2136 444 2204 499 ad
2234 453 2444 499 tantum
2469 444 2750 515 dignitatis
2776 447 2985 517 apicem
3012 454 3259 500 evectum
3287 445 3521 503 maxime
3545 454 3757 515 condecet

557 544 731 611 pietas
761 554 816 598 et
839 544 1064 613 antiqua
1088 553 1335 598 veterum
1374 544 1599 597 Patrum
1631 542 1766 596 ﬁdes
1787 550 1842 595 et
1876 541 2089 610 religio,
2118 555 2245 594 ecce
2274 556 2304 594 e
2339 537 2479 610 typis
2504 540 2709 594 nostris
2740 540 3012 611 prodeunt
3037 540 3093 593 in
3120 556 3316 595 manus
3346 550 3555 597 vestras
3574 553 3667 600 tres
3694 548 3757 608 in.

557 634 690 689 victi
718 635 844 691 ﬁdei
873 637 1113 691 athletae
1142 636 1441 706 Gregorius
1473 635 1932 703 Thaumaturgus,
1959 632 2193 685 Basilius
2224 633 2344 687 lsau
2378 637 2386 704 |
2421 636 2587 697 ricus,
2614 640 2670 687 et
2692 632 2988 703 Aegyptius
3014 633 3104 686 ille
3146 633 3367 687 nomine
3419 650 3584 703 reque
3610 636 3759 697 beatus

557 730 844 793 Macarius,
872 730 965 799 qui
999 746 1067 783 ex
1097 728 1335 783 Orientis
1359 728 1601 782 fontibus
1626 735 1687 781 ut
1712 735 1825 780 tres
1848 727 1978 779 olim
2002 727 2250 795 generosi
2277 727 2498 781 Davidis
2520 725 2724 780 milites
2768 740 2963 793 aquam
3018 724 3085 778 de
3142 725 3382 779 cisterna
3422 725 3696 796 Bethleem,
3722 733 3761 788 id

556 829 660 883 est,
689 821 865 873 avitae
895 819 1018 873 ﬁdei
1052 826 1105 871 et
1128 817 1456 886 limpidioris
1484 816 1767 869 doctrinae
1793 815 1984 868 latices
2009 815 2132 868 Tibi
2153 825 2466 885 porrectum
2500 816 2749 871 veniunt.
2782 814 2916 869 Tres
2949 816 3171 884 quidem
3196 833 3304 871 non
3346 816 3553 871 Atticae
3595 826 3761 879 tantum

558 914 845 967 facundiae
872 912 1046 982 gloria
1071 911 1337 973 celebres,
1370 910 1487 973 sed,
1517 909 1665 978 quod
1686 909 1939 978 amplius,
1982 916 2039 965 et
2067 926 2282 964 morum
2317 910 2588 980 probitate
2640 918 2696 964 et
2735 909 2879 963 vitae
2915 911 3273 965 sanctimonia
3312 920 3369 967 et
3420 912 3763 973 miraculorum

559 1004 867 1073 frequentia
895 1002 1201 1071 conspicui.

628 1095 923 1164 Gregorius
960 1093 1235 1163 equidem,
1272 1092 1364 1161 qui
1394 1090 1841 1146 Neocaesaricnsi
1876 1091 2138 1145 ecclesiae
2166 1090 2477 1160 praefectus
2527 1091 2600 1145 ita
2649 1090 2936 1162 pastoralis
2987 1090 3148 1146 oﬂicii
3202 1109 3401 1147 munus
3440 1094 3687 1165 implevit,
3722 1114 3766 1157 ut

558 1191 835 1246 adiunctis
862 1190 967 1243 sibi
993 1187 1384 1258 septemdecim
1407 1202 1517 1240 non
1541 1186 1777 1255 amplius
1799 1186 1960 1239 sociis
1990 1186 2274 1239 universos
2302 1185 2456 1239 urbis
2480 1193 2535 1239 et
2556 1186 2699 1241 ruris
2734 1186 2938 1239 incolas
2964 1186 3032 1239 ad
3052 1185 3251 1241 Christi
3279 1187 3439 1242 ﬁdem
3471 1190 3762 1267 adduxerit;

558 1283 652 1352 qui
678 1281 936 1352 precibus
974 1288 1215 1333 montem
1237 1279 1513 1332 excelsum
1540 1280 1855 1342 transtulit;
1883 1280 1973 1347 qui
2004 1279 2179 1331 lacum
2207 1278 2533 1331 altissimum
2574 1278 2629 1331 in
2688 1279 2862 1332 solum
2912 1278 3061 1331 ferax
3112 1280 3383 1333 convertit
3404 1288 3461 1334 ct
3484 1285 3771 1345 exundantis

559 1376 803 1434 fluminis
829 1392 1052 1431 cursum
1077 1378 1259 1445 virgae
1286 1383 1489 1428 attactu
1522 1375 1576 1427 in
1609 1376 1889 1443 proprium
1917 1374 2130 1427 alveum
2153 1373 2387 1437 reduxit,
2419 1372 2564 1427 unde
2587 1381 2643 1427 et
2663 1374 2800 1426 alter
2826 1370 3001 1425 Moses
3025 1372 3205 1426 dictus
3227 1380 3343 1439 est;
3374 1374 3467 1441 qui
3496 1373 3768 1435 futurorum

562 1473 943 1543 praedictione
973 1471 1110 1524 nulli
1148 1471 1550 1539 Prophetarum
1599 1469 1848 1534 inferior,
1896 1469 1990 1523 sed
2032 1469 2184 1522 varia
2236 1469 2632 1523 miraculorum
2667 1467 2981 1537 operatione
3032 1467 3221 1523 multis
3264 1468 3517 1538 superior
3559 1470 3769 1541 effectus,

562 1568 1000 1636 Thaumaturgus
1025 1567 1150 1619 inde
1175 1574 1256 1619 est
1288 1566 1608 1634 appellatus.

634 1662 773 1717 Tum
800 1663 1053 1724 Basilius,
1081 1661 1174 1729 qui
1206 1676 1368 1730 supra
1391 1668 1621 1712 aetatem
1657 1658 1873 1727 sapiens
1893 1656 2264 1726 duodeviginti
2318 1664 2528 1711 tantum
2566 1672 2737 1711 annos
2777 1664 2937 1710 natus
2974 1655 3253 1710 Seleuciae
3297 1653 3535 1711 Isauriae
3582 1658 3633 1713 in
3668 1661 3768 1731 Epi-

567 1758 723 1827 scopi
751 1758 980 1827 gradum
1007 1763 1233 1809 evectus
1265 1754 1573 1807 haereticae
1605 1753 1861 1822 pravitati
1889 1753 2149 1822 singulari
2173 1769 2276 1821 qua
2302 1754 2541 1822 pollebat
2570 1768 2691 1807 cum
2721 1752 2969 1806 doctrina
2999 1761 3111 1805 tum
3144 1750 3309 1808 animi
3338 1752 3653 1809 fortitudine
3677 1773 3775 1811 mu-

562 1864 685 1903 rum
719 1864 776 1903 se
804 1864 905 1918 pro
945 1848 1108 1902 domo
1137 1847 1234 1900 Dei
1266 1845 1523 1914 opposuit
1547 1861 1560 1910 ;
1587 1847 1681 1913 qui
1706 1853 1895 1912 coacto
1920 1844 2352 1898 Chalcedonensi
2382 1852 2599 1898 centum
2627 1841 3023 1915 quinquaginta
3058 1844 3441 1913 episcoporum
3488 1848 3707 1901 concilio
3734 1850 3778 1903 in

562 1945 757 2013 prinis
780 1943 1220 2008 aﬁ‘uit,Nicenae
1248 1942 1440 2013 synodi
1466 1942 1683 1995 decreta
1731 1941 2037 1995 sententiae
2084 1956 2213 1995 suae
2255 1941 2580 1997 auctoritate
2624 1941 2879 2007 ﬁrmavit,
2923 1947 2978 1997 et
3011 1940 3326 1996 Dioscorum
3367 1940 3494 1996 ﬁdei
3544 1946 3777 1999 vomicam

561 2036 849 2107 confregit.
1823 2108 1826 2112 .
2152 2113 2158 2119 ἢ

630 2127 901 2181 Macarius
924 2127 1162 2196 denique
1175 2125 1592 2180 eremicolarum
1618 2124 1805 2187 decus,
1835 2122 2110 2177 solitariae
2135 2124 2334 2193 quietis
2365 2125 2791 2190 amantissimus,
2820 2125 2913 2195 qui
2942 2132 3214 2179 transacto
3237 2124 3293 2177 in
3333 2122 3626 2180 solitudine
3652 2143 3781 2181 sexa-

559 2224 711 2293 ginta
741 2238 1009 2277 annorum
1041 2222 1220 2276 stadio
1245 2222 1391 2274 nulla
1414 2236 1523 2273 non
1548 2220 1932 2288 fuitexpertus
1956 2219 2241 2288 religiosae
2296 2220 2513 2289 pietatis
2562 2220 2842 2275 exercitia.
2890 2220 2989 2275 Cui
3032 2219 3327 2274 daemonas
3376 2233 3588 2285 arcere,
3629 2223 3788 2277 varios

560 2318 783 2372 morbos
822 2332 1035 2379 curare,
1060 2324 1115 2369 et
1142 2316 1339 2384 spiritu
1366 2316 1686 2384 prephetico
1712 2314 1893 2367 futura
1923 2314 2241 2382 praedicere
2265 2314 2527 2369 familiare
2551 2314 2671 2369 fuit.
2703 2315 2807 2381 Qui
2838 2316 2893 2369 in
2943 2316 3158 2372 futurae
3187 2317 3608 2372 resurrectionis
3646 2318 3785 2376 ﬁdem

559 2408 629 2463 ad
656 2407 1047 2462 revincendum
1082 2407 1367 2460 cuiusdam
1396 2407 1700 2461 dubitantis
1722 2421 1967 2459 errorem
2000 2406 2246 2461 suseitati
2277 2408 2439 2461 etiam
2464 2410 2664 2462 mortui
2698 2409 2935 2463 hominis
2964 2410 3336 2473 testimonium
3362 2410 3669 2466 advocavit.
3705 2414 3789 2469 Cui

560 2509 880 2572 perspectae
906 2509 1064 2554 erant
1088 2500 1335 2554 cordium
1358 2501 1741 2571 cogitationes,
1764 2508 1822 2554 et
1859 2500 1951 2568 qui
1985 2500 2242 2555 continua
2269 2517 2439 2571 paene
2467 2502 2670 2555 mentis
2700 2502 2897 2556 ccstasi
2932 2502 3112 2557 adhuc
3142 2502 3198 2556 in
3231 2503 3393 2558 terris
3431 2503 3647 2573 positus
3696 2506 3789 2561 Deo

560 2594 890 2647 coniunctus
921 2593 1161 2645 vivebat.

629 2680 771 2747 Quid
793 2697 921 2751 ergo
955 2689 1038 2734 est
1067 2680 1211 2750 quod
1234 2681 1291 2734 in
1322 2680 1443 2734 istis
1472 2679 1726 2734 Patribus
1752 2696 1861 2734 non
1891 2680 2051 2749 aequi
2082 2679 2322 2751 bonique
2353 2684 2602 2739 consulat
2623 2685 2708 2739 vir
2745 2684 3000 2755 sapiens?
3035 2684 3187 2755 Elige
3236 2685 3440 2755 itaque,
3493 2686 3584 2741 vir
3625 2687 3792 2743 clarisr

560 2769 719 2833 sime,
767 2778 862 2823 aut
910 2769 1075 2822 huius
1108 2768 1439 2832 facundiam,
1466 2777 1560 2821 aut
1583 2767 1730 2821 illius
1762 2768 2114 2837 probitatem,
2151 2781 2245 2825 aut
2269 2772 2429 2827 istius
2462 2774 2804 2843 sapientiam,
2832 2777 2917 2830 vel
2941 2776 3137 2830 melius
3178 2783 3475 2845 utrumque
3519 2779 3790 2847 amplecte-

562 2876 642 2917 re.
670 2860 848 2915 Habes
874 2862 1022 2915 enim
1056 2861 1111 2913 in
1138 2860 1338 2929 triplici
1370 2869 1646 2913 tantorum
1694 2860 1939 2913 virorum
1973 2861 2188 2916 delectu
2217 2865 2553 2933 complexam
2583 2867 2829 2921 omnium
2866 2868 3155 2933 virtutum,
3196 2884 3337 2937 quae
3376 2868 3565 2922 virum
3600 2886 3792 2939 gravem

560 2956 952 3021 condecorant,
990 2956 1488 3027 encyclopaediam.
1519 2954 1700 3009 Habes
1730 2955 1785 3008 in
1818 2957 1990 3009 sacris
2020 2957 2261 3026 ipsorum
2294 2962 2684 3027 monumentis,
2716 2978 2856 3031 quae
2885 2962 3000 3017 suis
3043 2964 3264 3033 scriptis
3290 2964 3605 3034 posteritati
3638 2964 3793 3017 consi—

560 3058 818 3120 gnarunt,
851 3065 1163 3119 expressam
1180 3048 1248 3102 ad
1282 3048 1467 3101 vivum
1489 3063 1613 3101 cum
1640 3048 1884 3102 sincerae
1910 3049 2214 3115 doctrinae,
2248 3050 2256 3120 ι
2290 3060 2404 3105 tum
2433 3052 2559 3107 ﬁdei
2605 3054 2923 3119 catholicae,
2973 3055 3081 3109 imo
3136 3056 3308 3125 ipsius
3346 3056 3577 3125 pietatis
3628 3055 3796 3124 imagiv

560 3161 710 3200 nem.
742 3146 895 3201 Unde
928 3160 1031 3200 nec
1066 3160 1266 3199 munus
1301 3153 1567 3206 nostrum,
1589 3143 1966 3212 qualecunque
1991 3154 2095 3211 est,
2128 3155 2279 3201 tanto
2333 3147 2454 3201 viro
2500 3148 2567 3203 de
2599 3164 2660 3203 re
2712 3149 2954 3204 literaria
3008 3166 3169 3218 quam
3215 3151 3354 3205 bene
3398 3151 3606 3205 merito
3643 3150 3798 3217 minus

564 3239 792 3309 dignum
820 3237 1203 3291 iudicavimuS.
1242 3234 1356 3289 lmo
1388 3250 1552 3304 quem
1583 3249 1819 3302 aequum
1858 3249 2043 3288 rerum
2097 3238 2499 3293 aestimatorem
2541 3240 2929 3308 comperimus,
2974 3240 3154 3294 eidem
3206 3256 3368 3309 quem
3412 3240 3499 3293 rei
3542 3241 3800 3295 literarias

565 3339 845 3385 auctorem
860 3338 914 3383 et
932 3329 1196 3383 fautorem
1215 3336 1530 3397 spcrat,‘sua
1548 3326 1805 3395 quantula
1824 3334 1952 3379 sunt
1970 3331 2236 3384 munerad
2249 3332 2355 3385 icat
2379 3332 2610 3385 societas
2632 3342 2816 3387 nostra
2840 3334 3243 3404 typographica.
3270 3333 3497 3387 Interim
3522 3333 3655 3388 dum
3671 3343 3801 3401 grata

566 3422 837 3493 benignus
869 3422 1071 3492 accipis
1110 3420 1285 3475 nostri
1327 3420 1384 3474 in
1425 3420 1501 3473 Te
1552 3417 1722 3472 animi
1774 3430 2144 3486 monumenta,
2201 3424 2436 3493 excipiat
2462 3424 2775 3479 Altissimus
2798 3433 2922 3479 vota
2950 3433 3156 3491 nostra,
3178 3434 3234 3480 et
3262 3424 3337 3480 Te
3366 3439 3540 3495 quam
3573 3433 3805 3495 optamus

566 3515 684 3579 diu,
711 3530 834 3569 cum
868 3514 1143 3569 Ecclesiae
1177 3528 1307 3568 suae
1352 3520 1573 3567 sanctae
1612 3519 1725 3565 tum
1772 3510 1943 3564 totius
1974 3511 2177 3569 Galliae
2202 3515 2347 3570 bono
2380 3525 2559 3571 servet
2583 3514 2916 3573 incolumen.
2940 3516 3093 3573 Vale.

570 3608 794 3665 Vestrae
816 3607 1143 3665 Celsitudini
1165 3605 1502 3663 addictisimi

2535 3702 2759 3757 Michael
2784 3701 3032 3758 Sannius.

2530 3772 2787 3828 Claudius
2815 3773 3086 3829 Morellus.

2530 3841 2872 3898 Sebastianus
2902 3843 3197 3916 Cramoisy.

1227 3976 1517 4040 Sequuntur
1547 3978 1600 4029 S.
1628 3978 1853 4044 Gregorii
1880 3977 2231 4040 Thaumaturgi
2261 3980 2421 4043 Opera
2446 3994 2591 4043 pagg.
2624 3978 2787 4042 1-116,
2806 3982 2921 4031 dein
2946 3983 3119 4032 titulus
3142 3995 3160 4033 :

1304 4080 1359 4122 S.
1401 4080 1621 4123 PATRIS
1662 4083 1916 4127 MACARII
1954 4084 2243 4127 AEGYPTII
2286 4083 2585 4126 HOMILIAE
2628 4083 3098 4137 QUINQUAGINTA

1523 4160 1763 4204 GRAECE
1804 4163 1880 4205 ET
1920 4163 2143 4206 LATINE
2186 4162 2567 4205 CONIUNCTIM
2606 4162 2832 4205 EDITAE

1396 4237 1783 4282 INTERPRETE
1811 4241 2052 4285 JOANNE
2092 4242 2228 4285 PICO
2276 4240 2343 4284 IN
2385 4240 2626 4284 SENATU
2666 4240 3009 4285 PARISIENSI

1561 4318 1669 4360 CLA
1678 4319 1858 4363 SSIUM
1898 4321 1961 4364 IN
1967 4320 2459 4373 QUISITORIARUM
2499 4319 2826 4364 PRAESIDE.

1513 4450 1739 4507 Joannis
1770 4453 1947 4509 Daval
1970 4456 2363 4527 Treportuensis
2396 4455 2634 4511 Doctoris
2669 4455 2909 4529 Theologi

1790 4546 1846 4600 in
1878 4546 2089 4601 laudem
2116 4549 2184 4603 D.
2218 4548 2329 4602 Pici
2360 4548 2615 4619 praesidis

2016 4640 2388 4696 Hexastichon.

1550 4752 1669 4819 Quo
1699 4754 1969 4810 celebrem
2003 4755 2203 4809 Macari
2226 4756 2456 4811 donabis
2496 4771 2725 4811 munere
2759 4755 2969 4823 Picum,

1552 4824 1654 4889 Qui
1685 4825 1972 4894 splendore
2000 4841 2100 4880 suo
2120 4826 2376 4882 candidat
2400 4826 2763 4891 Aethiopem?

2406 4976 2537 5030 cet.,
2568 4978 2625 5021 ut
2656 4970 2709 5022 in
2739 4968 2825 5022 lo.
2861 4968 2973 5022 Pici
3000 4968 3339 5038 Praefatione
3360 4974 3433 5027 ad

2409 5042 2696 5092 versionem
2728 5039 2955 5092 latinam
2989 5040 3342 5095 Homiliarum
3366 5042 3424 5097 S.

2428 5108 2651 5163 Macarii
2682 5110 2923 5180 Aegyptii
2952 5126 3116 5181 supra
3139 5111 3239 5165 col.
3267 5112 3550 5173 297-298.

638 5227 868 5286 Joannes
898 5225 1053 5281 Picus
1073 5224 1128 5278 in
1150 5228 1336 5277 senatu
1358 5218 1649 5276 Parisiensi
1681 5221 1927 5276 classium
1955 5221 2411 5293 inquisitoriarum
2454 5223 2671 5278 Praeses
2714 5230 2763 5276 et
2787 5226 2883 5294 piis
2929 5226 3166 5280 omnibus
3214 5226 3407 5283 Christi
3458 5240 3517 5284 et
3572 5231 3830 5286 Ecclesiae

569 5330 785 5377 sanctae
806 5317 1093 5373 cultoribus
1117 5314 1369 5369 salutem.

640 5415 814 5482 Quam
844 5412 1071 5481 antiqua
1096 5411 1168 5465 sit
1190 5417 1246 5465 et
1278 5408 1512 5465 illustris
1532 5407 1988 5465 anachoretarum
2016 5417 2070 5462 et
2098 5410 2489 5465 monachorum
2519 5408 2672 5480 origo
2697 5417 2828 5473 cet.,
2856 5418 2911 5461 ut
2936 5410 3125 5464 ibidem
3147 5428 3309 5482 supra
3335 5413 3442 5466 col.
3485 5415 3761 5471 εδδ-284.

1198 5544 1282 5599 Ea:
1326 5543 1509 5601 Suida.

2769 5541 2873 5597 Ἐκ
2900 5537 3019 5598 τῶν
3042 5545 3278 5599 Σουΐδα.

637 5640 755 5695 Duo
778 5639 1001 5694 fuerunt
1015 5638 1385 5701 Macariicet.,
1403 5646 1458 5693 ut
1481 5639 1535 5692 in
1557 5634 1850 5692 Zachariae
1872 5634 2140 5692 Palthenii

2316 5634 2419 5687 Δύο
2462 5636 2709 5702 ἐγένοντο
2737 5635 3011 5706 Μακάριοι
3046 5648 3098 5688 κ.
3130 5653 3181 5689 τ.
3212 5636 3290 5700 λ.,
3320 5645 3374 5690 ut
3412 5640 3479 5693 in
3533 5640 3834 5695 Zacharias

574 5732 911 5792 Praefatione
941 5745 1102 5799 supra
1129 5728 1229 5783 col.
1268 5730 1397 5814 51οᾲ
2244 5724 2509 5783 Palthenii
2542 5727 2883 5797 Praefatione
2902 5741 3065 5798 supra
3100 5729 3196 5785 cat.
3223 5724 3349 5786 309.
