3950 6576
174 329 257 383 gn
1162 319 1594 377 HOMILIARUM
1633 320 1689 376 S.
1729 320 2009 379 MACARII
2039 324 2380 382 AEGYPTII.

3270 332 3378 387 518

947 538 1175 593 Joannes
1202 541 1513 599 Trithemius
1541 547 1604 600 de
1632 550 1973 621 scriptoribus
2000 550 2284 606 Ecclesiae.

240 628 478 688 Macarius
499 626 801 687 mohachus
822 632 1121 705 Aegyptius
1149 645 1281 702 cet.,
1308 650 1367 692 ut
1394 641 1519 696 ibid.
1552 660 1712 713 supra
1734 646 1835 698 col.
1864 646 2117 702 509-510.

1724 761 1798 779 -

1158 835 1363 896 Index
1395 839 1665 916 capitum
1699 838 2119 900 Homiliarum
2151 840 2350 901 sancti

148 976 158 1017 ,
1464 944 1738 1004 Macarii
1772 945 2091 1024 Aegyptii.

136 1025 156 1061 η
242 1053 577 1124 Ἀλληγορικὴ
626 1054 977 1124 παράφρασις
1009 1056 1109 1126 τῆς
1150 1059 1299 1130 παρά
1328 1061 1402 1132 τῷ
1446 1063 1695 1137 Ἰεζεκιὴλ

1875 1066 2261 1136 lnterpretatio
2290 1067 2581 1138 allegorica
2606 1068 2837 1124 visionis
2866 1070 3011 1141 apud
3031 1069 3376 1126 Ezechielem

172 1152 234 1222 τῷ
249 1149 480 1220 προφήτῃ
496 1146 882 1217 γεγραμμένης
898 1148 1180 1213 ὀπτασίας.
1207 1152 1417 1222 Ὀμιλία
1445 1162 1511 1210 α’.
1530 1173 1650 1227 pag.
1674 1159 1701 1212 1

230 1241 349 1311 Περὶ
387 1238 484 1307 τῆς
521 1238 794 1307 βασιλείας
833 1240 926 1293 τοῦ
974 1241 1230 1309 σκότους,
1261 1245 1406 1298 τοῦτ’
1443 1246 1577 1311 ἐστι,
1609 1251 1706 1320 τῆς

169 1333 439 1405 ἁμαρτίας’
474 1333 569 1384 καὶ
600 1332 680 1384 ὅτι
719 1332 876 1402 μόνος
905 1334 933 1386 ό
964 1333 1095 1398 Θεὸς
1131 1336 1352 1391 δύναται
1390 1341 1566 1412 αἴρειν
1610 1344 1703 1412 ἀφ’

167 1426 301 1498 ἡμῶν
342 1424 438 1492 τὴν
490 1423 796 1494 ἁμαρτίαν,
844 1425 938 1477 καὶ
993 1426 1257 1497 ῥύσασθαι
1299 1432 1447 1501 ἡμᾶς
1494 1435 1557 1486 ὲκ
1604 1434 1706 1503 τῆς

167 1517 376 1578 δουλείας
398 1514 491 1566 τοῦ
524 1514 779 1585 ἄρχοντος
801 1516 893 1568 τοῦ
935 1520 1193 1589 πονηροῦ.
1227 1521 1291 1592 β’.
1636 1526 1706 1581 10

225 1610 335 1661 Ὀτι
361 1608 406 1658 οί
433 1605 652 1675 ἀδελφοὶ
684 1609 743 1660 ὲν
769 1606 1120 1680 είλικρινείᾳ,
1156 1614 1213 1666 ὲν
1241 1615 1620 1686 ἀκεραιότητι,
1648 1620 1704 1671 ὲν

166 1700 327 1769 ἀγάπῃ
348 1697 441 1750 καὶ
492 1699 684 1771 εἰρήνῃ
724 1700 841 1769 μετ’
875 1700 1117 1773 ἀλλήλων
1157 1706 1462 1775 συνδιάγειν
1481 1749 1494 1772 ,
1522 1711 1615 1763 καὶ
1646 1712 1703 1763 ὲν

164 1795 259 1853 τοῖς
284 1790 385 1842 ἔσω
416 1788 697 1862 λογισμοῖς
722 1791 908 1861 ἀγῶνα
954 1796 1047 1847 καὶ
1085 1795 1318 1869 πόλεμον
1355 1803 1531 1855 ποιεῖν
1556 1801 1705 1873 όφεί-

162 1883 335 1938 λουσιν.
360 1888 427 1951 γ’.
1632 1896 1701 1949 15

220 1980 314 2032 Τὸν
339 1978 539 2049 δρόμον
580 1980 673 2033 τοῦ
702 1981 912 2059 σταδίου
956 1981 1049 2036 τοῦ
1087 1984 1290 2055 κόσμου
1319 1984 1508 2038 τούτου
1531 2002 1701 2057 προσ-

160 2073 369 2142 εχόντως
418 2071 517 2123 καὶ
550 2072 793 2143 ἀκριϐῶς
838 2073 1149 2145 διέρχεσθαι
1177 2076 1257 2129 δεῖ
1292 2078 1417 2141 τοὺς
1446 2079 1701 2148 Χριστια-

159 2166 281 2229 νοὺς,
316 2164 397 2216 ῑνα
436 2164 674 2217 ἐπαίνων
704 2166 967 2236 οὐρανίων
987 2167 1138 2239 παρὰ
1172 2167 1305 2223 Θεοῦ
1332 2168 1425 2223 καὶ
1454 2170 1700 2238 ἀγγέλων

156 2256 352 2326 τύχωσι.
385 2255 444 2308 δ’.
1632 2261 1699 2316 16

223 2346 381 2416 Πολλὴ
426 2347 762 2416 μετάστασις
808 2348 1007 2418 μεταξὺ
1043 2350 1151 2404 τῶν
1206 2350 1545 2421 Χριστιανῶν
1606 2351 1700 2405 καὶ

154 2436 428 2507 ἀνθρώπων
460 2437 559 2490 τοῦ
606 2438 809 2509 κόσμου
851 2440 1061 2493 τούτου.
1092 2443 1140 2493 οί
1187 2443 1283 2511 μὲν
1327 2443 1435 2512 γὰρ
1482 2442 1699 2513 πνεῦμα

154 2528 233 2580 τοῦ
263 2528 460 2597 κόσμου
506 2528 749 2597 ἔχοντες,
784 2533 848 2601 τῇ
890 2530 1086 2603 καρδίᾳ
1134 2534 1227 2585 καὶ
1262 2532 1338 2603 τῷ
1382 2533 1459 2604 νῷ
1489 2535 1546 2587 ὲν
1589 2537 1700 2598 τοῖς

154 2617 337 2687 γηίνοις
359 2618 583 2687 θεσμοῖς
619 2618 870 2672 δέδενται’
899 2622 946 2674 οἱ
970 2621 1025 2673 δὲ
1051 2623 1148 2693 τὴν
1174 2623 1391 2692 ἀγάπην
1424 2623 1515 2675 τοῦ
1537 2625 1701 2676 ἐπου-

155 2708 314 2778 ρανίου
347 2709 558 2779 πατρὸς
587 2710 954 2775 ὲπιποθοῦσιν,
982 2712 1143 2765 αὑτὸν
1186 2713 1342 2782 μόνον
1369 2713 1473 2783 πρὸ
1500 2713 1699 2783 ὀφθαλ-

154 2799 255 2870 μῶν
280 2801 333 2853 ὲν
365 2800 538 2871 πολλῇ
571 2801 831 2872 ἐπιθυμία
858 2801 1087 2872 ἔχοντες.
1125 2810 1184 2856 ε’.
1632 2808 1693 2860 51

211 2892 268 2943 Ol
319 2891 636 2961 βουλόμενοι
678 2891 796 2962 Θεῷ
840 2894 1235 2961 εὐαρεστῆσαι,
1282 2896 1382 2960 τὰς
1423 2897 1587 2966 εὐχὰς
1642 2899 1700 2949 ὲν

149 2984 318 3055 είρήνῃ
341 2985 432 3036 καὶ
472 2986 676 3054 ἠσυχίᾳ
710 2985 804 3038 καὶ
849 2987 1146 3058 ἡμερότητι
1184 2988 1275 3039 καὶ
1314 2988 1475 3059 σοφίᾳ
1528 2992 1698 3041 ποιεῖ-

151 3076 257 3128 σθαι
294 3077 635 3144 ὀφείλουσιν,
684 3078 769 3130 ἵνα
824 3078 899 3149 μὴ
942 3082 1205 3147 κραυγαῖς
1242 3081 1569 3150 κεχρημένοι
1621 3081 1699 3142 εἰς

148 3168 332 3229 πάντας
378 3168 749 3229 σκανδαλίζων
783 3169 791 3237 |
822 3187 932 3223 ται.
987 3170 1196 3239 συνέχει
1225 3171 1281 3223 δὲ
1315 3172 1347 3240 ἡ
1381 3170 1563 3240 ὁμιλία
1604 3170 1698 3240 ζη-

146 3262 308 3330 τήσεις
337 3261 461 3325 δύο,
514 3265 563 3314 εἰ
601 3264 648 3315 οί
688 3262 863 3333 θρόνοι
910 3265 1002 3316 καὶ
1047 3265 1095 3317 οί
1139 3265 1388 3332 στέφανοι
1425 3267 1697 3336 κτίσματά

146 3352 296 3416 εἰσιν,
360 3354 452 3405 καὶ
523 3355 652 3424 περὶ
711 3354 819 3407 τῶν
886 3355 1095 3409 δώδεκα
1162 3356 1365 3427 θρόνων
1431 3357 1524 3410 τοῦ
1629 3359 1697 3409 ’1-

146 3446 316 3515 σραήλ·
350 3452 423 3511 ς’.
1629 3449 1698 3504 58

204 3538 328 3612 Περὶ
356 3540 456 3613 τῆς
502 3541 870 3614 χρηστότητος
909 3540 1003 3594 τοῦ
1045 3541 1281 3611 Χριστοῦ
1324 3543 1458 3613 πρὸς
1482 3543 1573 3595 τὸν
1602 3545 1695 3597 ἆν-

144 3630 357 3701 θρωπον.
387 3636 607 3704 συνέχει
637 3638 727 3688 καὶ
765 3640 797 3707 ἡ
843 3634 1026 3708 ὁμιλία
1067 3632 1321 3708 ζητήσεις
1347 3634 1440 3690 καὶ
1469 3636 1696 3709 ἀποκρί-

143 3739 243 3785 σεις
266 3725 412 3788 τινὰς
447 3727 636 3797 σχεδὸν
661 3727 893 3790 ἀτόπους
926 3727 959 3798 ἦ
990 3729 1245 3798 ματαίας.
1280 3727 1345 3791 ζ’.
1624 3728 1694 3781 42

1805 1159 2127 1229 prophetam
2161 1160 2484 1229 descriptae.
2528 1161 2762 1217 Ilomilia
2794 1163 2845 1217 1.
3174 1179 3299 1234 pag.
3342 1164 3369 1217 1

1876 1250 1951 1304 De
1981 1266 2146 1321 regno
2180 1251 2548 1318 tenebrarum,
2574 1253 2678 1308 hoc
2705 1262 2789 1308 est
2820 1263 3063 1325 peccato,
3099 1266 3156 1312 et
3200 1258 3376 1312 Deum

1807 1340 1982 1392 solum
2007 1355 2166 1409 posse
2195 1357 2225 1394 a
2249 1341 2408 1396 nobis
2442 1350 2727 1411 peccatum
2751 1345 2988 1409 auferre,
3014 1361 3078 1400 ac
3108 1362 3208 1401 nos
3232 1347 3373 1402 libe-

1806 1447 1929 1486 rare
1950 1447 1980 1486 e
2002 1434 2132 1505 jugo
2154 1434 2436 1490 servitutis
2460 1436 2725 1505 principis
2753 1436 3104 1506 nequissimi.
3138 1438 3191 1492 2.
3304 1439 3376 1493 10

1873 1606 2027 1674 Quod
2067 1608 2265 1664 fratres
2306 1610 2361 1664 in
2412 1610 2751 1677 sinceritate,
2825 1612 3195 1683 simplicitate,
3238 1612 3375 1667 dile-

1804 1700 1984 1756 ctione
2020 1717 2084 1756 ac
2122 1718 2255 1773 pace
2284 1704 2427 1758 inter
2458 1718 2514 1758 se
2563 1706 2897 1771 conversari,
2936 1721 2999 1759 ac
3024 1706 3371 1777 cogitationi-

1803 1792 1907 1848 bus
1929 1793 2162 1850 internis
2190 1795 2395 1850 bellum
2411 1796 2614 1852 inferre
2642 1796 2895 1853 debeant.
2926 1798 2979 1853 5.
3301 1797 3372 1851 15

1869 1970 2101 2026 Cursum
2134 1972 2295 2027 stadii
2324 1972 2488 2043 hujus
2525 1972 2713 2027 mundi
2761 1980 2969 2027 attente
3011 1982 3069 2028 et
3115 1981 3370 2029 accurate

1798 2059 2084 2114 absolvere
2112 2069 2330 2130 oportet
2367 2060 2728 2127 Christianos,
2772 2069 2836 2116 ut
2876 2064 3107 2119 caeleste
3146 2080 3373 2134 praeco-—

1801 2151 1952 2205 nium
1985 2168 2016 2205 a
2042 2153 2154 2207 Deo
2179 2160 2235 2207 et
2270 2153 2479 2223 angelis
2508 2162 2934 2224 consequantur.
2966 2155 3021 2209 4.
3298 2156 3368 2211 16

1868 2343 2055 2413 Magna
2102 2344 2413 2399 diﬂ‘erentia
2457 2345 2600 2399 inter
2643 2346 2982 2402 Christianos
3023 2355 3079 2403 et
3117 2348 3369 2407 homines

1734 2424 1769 2479 Β
1799 2432 1965 2488 huius
1989 2436 2211 2489 saeculi.
2240 2436 2305 2488 Hi
2337 2436 2481 2489 enim
2509 2436 2703 2505 spiritu
2734 2438 2925 2493 mundi
2955 2439 3189 2509 praediti
3242 2440 3365 2493 ani-

1798 2540 1888 2578 mo
1928 2532 2089 2580 tenus
2123 2541 2186 2579 ac
2231 2526 2397 2582 corde
2439 2529 2798 2584 terrestri-bus
2850 2531 3087 2586 vinculis
3125 2531 3366 2586 devincti

1764 2600 1947 2680 sunt,
1996 2616 2073 2669 illi
2126 2633 2259 2671 vero
2297 2618 2588 2672 dilectione
2637 2617 2887 2676 caelestis
2923 2622 3095 2691 patris
3134 2622 3362 2688 detenti,

1797 2724 1923 2762 eum
1963 2711 2138 2764 solum
2181 2710 2252 2764 ob
2293 2711 2480 2767 oculos
2522 2712 2579 2765 in
2628 2713 2777 2767 omni
2828 2713 3103 2769 desiderio
3138 2714 3363 2771 habent.

1800 2799 1851 2852 5.
3292 2804 3356 2858 51

1867 2888 1969 2955 Qui
2005 2891 2114 2944 Deo
2162 2891 2380 2960 placere
2435 2892 2682 2961 cupiunt,
2727 2907 2920 2962 preces
2971 2908 3099 2948 suas
3124 2893 3181 2949 in
3206 2910 3360 2965 pace,

1799 2982 2213 3051 tranquillitate,
2268 2982 2688 3037 mansuetudine
2746 2999 2809 3038 ac
2872 2985 3135 3054 sapientia
3183 2986 3362 3040 facere

1798 3070 2019 3136 debent,
2050 3087 2119 3125 ne
2147 3071 2328 3125 minus
2356 3071 2679 3126 decentibus
2723 3073 3053 3129 clamoribus
3092 3076 3195 3140 usi,
3240 3092 3365 3130 om-

1798 3165 1961 3219 nibus
1990 3163 2303 3218 scandalum
2338 3164 2345 3232 |
2377 3164 2610 3232 pariant.
2656 3163 2913 3218 Continet
2953 3180 3082 3220 vero
3138 3166 3362 3221 homilia

1797 3257 1933 3310 duas
1969 3255 2339 3324 quaestiones,
2372 3264 2555 3309 utrum
2591 3255 2776 3309 throni
2825 3264 2882 3309 et
2933 3270 3166 3311 coronae
3207 3272 3359 3311 crea-

1798 3356 1952 3401 turae
1974 3347 2103 3411 sint,
2132 3355 2189 3401 et
2217 3345 2284 3400 de
2307 3344 2597 3401 duodecim
2630 3346 2843 3401 thronis
2872 3346 3056 3402 Israel.
3085 3348 3138 3403 6.
3290 3347 3362 3404 38

1866 3539 1942 3593 De
1994 3537 2285 3592 clementia
2337 3536 2540 3592 Christi
2601 3551 2728 3607 erga
2772 3536 3057 3605 homines;
3116 3538 3360 3595 continet

1795 3631 1961 3688 etiam
2038 3627 2264 3685 bomilia
2332 3626 2787 3699 interrogationes
2857 3635 2913 3681 et
2977 3631 3363 3699 responsiones

1797 3724 2063 3795 quasdam
2095 3723 2265 3778 ferme
2295 3722 2511 3792 ineptas
2534 3731 2628 3776 aut
2660 3720 2897 3775 frivolas.
2920 3720 2970 3774 7.
3289 3724 3358 3777 42

200 3814 324 3883 Περὶ
353 3814 464 3867 τῶν
512 3817 916 3885 συμϐαινόντων
957 3821 1067 3880 τοῖς
1113 3820 1455 3888 Χριστιανοῖς
1495 3818 1693 3889 μεταξὺ

1866 3817 1941 3869 De
1959 3815 2043 3868 his
2063 3830 2201 3883 quae
2217 3814 2539 3883 contingunt
2558 3811 2884 3867 Christianis
2902 3812 3045 3866 inter
3066 3813 3354 3878 orandum,

138 3904 219 3955 τοῦ
246 3906 405 3975 εὐχὰς
426 3908 720 3971 ποιεῖσθαι,
747 3910 841 3962 καὶ
867 3910 993 3979 περὶ
1017 3909 1123 3962 τῶν
1156 3912 1365 3981 μέτρων
1385 3910 1484 3977 τῆς
1506 3910 1698 3962 τελειό-

138 4013 312 4065 τητος,
343 3998 552 4069 δηλαδὴ
587 4002 634 4051 εί
682 4003 757 4063 εἰς
790 4000 849 4053 τὸ
890 4000 1087 4072 μέτρον
1119 4001 1179 4054 τὸ
1208 4001 1409 4057 τέλειον
1442 4000 1695 4073 ἔρχεσθαι

138 4087 368 4143 δύνανται
401 4092 452 4142 οἱ
485 4091 814 4159 Χριστιανοί.
848 4098 917 4162 η’.
1626 4090 1695 4144 46

197 4180 296 4241 Τὰς
313 4183 651 4249 ἐπαγγελίας
678 4184 771 4235 καὶ
801 4184 1135 4254 προφητείας
1157 4182 1249 4236 τοῦ
1274 4183 1406 4236 Θεοῦ
1434 4183 1519 4236 διὰ
1547 4200 1697 4253 παμ-

136 4274 367 4343 ποικίλης
394 4275 723 4344 δοκιμασίας
771 4276 865 4327 καὶ
898 4278 1203 4345 πειράσεως
1234 4275 1692 4347 διαπληροῦσθαι·

1796 3915 1850 3961 et
1897 3907 1963 3960 de
2020 3905 2278 3975 gradibus
2327 3904 2698 3974 perfectionis,
2742 3911 2928 3957 utrum
2984 3903 3238 3959 videlicet
3288 3905 3355 3959 ad

1796 3996 2097 4065 perfectum
2156 3994 2381 4065 gradum
2432 3993 2716 4063 pervenire
2773 3993 2985 4064 possint
3036 3993 3352 4049 Christiani.

1797 4089 1849 4140 8.
3288 4086 3395 4142 46η

1864 4176 2259 4231 Promissiones
2302 4190 2365 4229 ac
2413 4174 2731 4244 prophetiae
2780 4175 2994 4231 divinas
3045 4192 3145 4247 per
3181 4177 3359 4231 varias

1794 4268 2146 4337 probationes
2194 4274 2251 4320 et
2300 4267 2627 4320 tentationes
2678 4267 2924 4337 impleri,
2979 4278 3035 4322 et
3093 4268 3195 4322 soli
3244 4269 3359 4323 Deo

132 4363 216 4414 καὶ
246 4364 384 4433 μόνῳ
407 4365 489 4435 τῷ
519 4364 638 4435 Θεῴ
662 4366 1197 4436 προσκαρτεροῦντας
1218 4365 1533 4437 λυτροῦσθαι
1550 4368 1695 4437 ἡμᾶς

1810 4359 2141 4413 idhaereudo
2190 4359 2411 4414 liberari
2466 4374 2567 4413 nos
2618 4360 2686 4414 ab
2740 4360 3179 4416 infestationibus
3222 4360 3354 4414 dae»

133 4452 228 4503 ἁπὸ
255 4454 361 4506 τῶν
382 4454 481 4507 τοῦ
513 4456 750 4524 πονηροῦ
776 4455 1097 4526 πειράσεων.
1130 4456 1196 4510 θ’.
1624 4458 1692 4511 49

190 4545 673 4615 ’ταπεινοφροσύνῃ
704 4550 794 4598 καὶ
822 4546 1096 4617 προθυμίᾳ
1123 4544 1439 4609 διασώζεται
1472 4547 1565 4601 καὶ
1590 4548 1691 4600 αὓ-

132 4631 262 4697 Eata:
309 4638 378 4691 τὰ
416 4638 573 4708 δῶρα
605 4639 701 4707 τῆς
751 4637 899 4700 θείας
930 4638 1148 4708 χάριτος
1172 4653 1187 4668 ⁸
1236 4639 1463 4712 ὲπάρσει
1492 4638 1547 4691 δὲ
1601 4639 1691 4691 καὶ

130 4728 354 4797 ῥᾳθυμίᾳ
384 4730 709 4782 ἀπόλλυται.
750 4736 803 4781 ι’.
1622 4730 1690 4783 54

188 4818 291 4887 Τὴν
334 4819 572 4890 δύναμιν
616 4819 710 4872 τοῦ
751 4819 905 4886 ἁγίου
941 4819 1245 4889 πνεύματος
1288 4820 1346 4872 ὲν
1378 4821 1445 4890 τῇ
1493 4820 1690 4891 καρδία

124 4902 207 4955 τοῦ
240 4907 537 4978 ἀνθρώπου
584 4905 721 4961 εἶναι
758 4908 832 4971 ὼς
886 4909 1013 4979 πῦρ·
1067 4910 1159 4961 καὶ
1200 4908 1358 4962 τίνων
1420 4909 1688 4987 χρῄζομεν

126 4997 249 5063 πρὸς
289 5001 351 5050 τὸ
396 5000 776 5070 διακρίνεσθαι
818 5000 941 5061 τοὺς
977 4998 1267 5068 λογισμοὺς
1296 5000 1355 5051 ὲν
1386 5002 1451 5070 τῇ
1493 5000 1688 5071 καρδίᾳ

94 5110 97 5111 ν
126 5086 393 5155 βρύοντας.
434 5092 535 5143 καὶ
570 5090 809 5159 περὶτοῦ
840 5089 1029 5159 νεκροῦ
1052 5088 1225 5157 ὄφεως
1258 5090 1337 5153 είς
1358 5090 1418 5142 τὸ
1450 5092 1683 5162 ἀκρότα-

122 5192 201 5228 τον
239 5181 330 5232 τοῦ
374 5181 541 5244 ξύλου
588 5180 738 5249 παρὰ
782 5181 1023 5244 Μωσέως
1068 5183 1595 5252 προσπεπηγμένου,
1626 5184 1683 5246 ὃς

1794 4452 1989 4505 monis.
2034 4450 2086 4504 9.
2980 4492 2983 4495 λ
3284 4451 3357 4505 49

1860 4542 2177 4596 Humilitate
2219 4550 2275 4596 et
2316 4542 2592 4597 alacritate
2632 4544 2940 4598 retinentur
2989 4551 3045 4597 et
3086 4551 3354 4614 augentur

1791 4629 1932 4683 dona
1983 4629 2186 4698 gratiae
2232 4629 2484 4697 divinae,
2538 4632 2794 4701 superbia
2839 4641 3020 4687 autem
3054 4640 3109 4687 et
3138 4633 3351 4703 ignavia

1790 4719 2113 4789 perduntur.
2140 4719 2225 4773 10.
3282 4724 3351 4778 54

1857 4811 2128 4865 Virtutem
2159 4813 2335 4867 sancti
2366 4812 2604 4884 Spiritus
2636 4816 2692 4869 in
2714 4816 2877 4871 corde
2907 4814 3218 4871 hominisse
3250 4814 3353 4867 ha-

1788 4900 1918 4956 bere
1942 4901 2114 4955 instar
2158 4901 2331 4972 ignis,
2374 4914 2431 4958 et
2473 4905 2675 4974 quibus
2707 4906 2873 4961 rebus
2901 4906 3241 4976 indigeamus
3281 4904 3349 4957 ad

1787 4993 2205 5048 discernendum
2230 4995 2587 5064 c0gitationes
2616 4998 2672 5051 in
2706 4998 2870 5053 corde
2893 4998 3273 5061 scaturientes,
3293 5005 3350 5051 et

1787 5084 1855 5137 de
1887 5092 2137 5153 serpente
2179 5094 2397 5139 mortuo
2442 5088 2508 5141 ad
2544 5089 2933 5143 sublimitatem
2965 5090 3095 5159 ligni
3131 5105 3161 5143 a
3201 5089 3347 5144 Mose

1785 5174 1942 5229 aﬂixo
1970 5174 2063 5244 qui
2094 5181 2253 5245 typus
2289 5175 2390 5230 fuit
2410 5177 2632 5233 Christi.
2654 5180 2908 5235 Continet
2936 5196 3149 5250 quoque
3173 5181 3352 5235 homi-

121 5269 275 5333 τύπος
314 5273 542 5340 ἐγένετο
577 5273 670 5323 τοῦ
718 5271 974 5343 Χριστοῦ.
1011 5273 1220 5341 συνέχει
1254 5274 1347 5325 καὶ
1381 5272 1461 5344 [ἡ]
1506 5275 1689 5344 όμιλία

1810 5265 1858 5318 ia
1895 5264 2292 5333 disputationes
2340 5267 2494 5332 duas,
2525 5285 2688 5324 unam
2730 5270 2951 5340 quidem
2993 5269 3195 5325 Christi
3219 5286 3345 5326 cum

119 5358 495 5432 διαλογισμοὺς
524 5361 635 5414 δύο·
672 5362 857 5433 ἓτερον
888 5362 982 5431 μὲν
1011 5360 1243 5432 Χριστοῦ
1277 5364 1414 5433 μετὰ
1456 5364 1549 5416 τοῦ
1598 5383 1689 5419 πο-

1810 5356 2118 5424 ιεᾳυίεείωο
2160 5364 2366 5424 satana,
2397 5360 2626 5414 alteram
2659 5374 2793 5416 vero
2828 5369 3175 5431 peccatorum
3218 5376 3343 5416 cum

119 5452 269 5521 νηροῦ
303 5455 523 5507 σατανᾶ
542 5493 557 5518 ,
594 5453 817 5525 θάτερον
845 5454 900 5506 δὲ
932 5454 1038 5507 τῶν
1059 5454 1394 5525 ἁμαρτωλῶν
1422 5456 1558 5526 μετὰ
1587 5457 1681 5510 τοῦ

119 5542 291 5600 αὐτοῦ.
330 5552 398 5596 ια’
1616 5548 1682 5602 57

182 5632 311 5706 Περὶ
337 5636 445 5705 τῆς
477 5636 721 5700 στάσεως
747 5636 840 5689 τοῦ
897 5636 1066 5707 Ἀδὰμ
1108 5637 1215 5708 πρὸ
1242 5636 1335 5690 τοῦ
1368 5639 1679 5708 παραϐῆναι

117 5726 264 5781 αὑτὸν
291 5729 390 5800 τὴν
426 5729 652 5800 ἐντολὴν
678 5729 770 5783 τοῦ
801 5729 957 5783 Θεοῦο
986 5729 1079 5783 καὶ
1108 5729 1245 5801 μετὰ
1264 5730 1323 5783 τὸ
1353 5731 1514 5785 αὑτὸν
1543 5734 1679 5786 ἀπο-

1791 5448 2005 5503 eodem.
2043 5450 2131 5506 11.
3275 5448 3343 5507 57

1856 5650 1931 5704 De
1954 5658 2095 5705 statu
2118 5651 2285 5717 Adae,
2317 5661 2606 5722 antequam
2625 5644 3097 5722 tranSgrederetur
3122 5650 3344 5705 manda-

1788 5745 1899 5792 tum
1922 5739 2044 5803 Dei,
2063 5749 2119 5796 et
2151 5750 2437 5811 postquam
2469 5742 2651 5798 amisit
2682 5742 2960 5810 propriam
2975 5757 3038 5798 ac
3054 5742 3343 5798 caelestem
