3950 6526
609 347 713 404 319

1597 340 1987 399 PRAEFATIO
2025 340 2115 397 AD
2153 339 2204 396 Ε

2306 339 2532 396 'IONEM
2571 341 2681 396 AN.
2732 339 3016 396 MDCXXII
3741 347 3818 405 590

609 461 921 533 imaginem.
947 460 1206 519 Continet
1225 474 1445 530 quoque
1472 457 1698 514 homilia
1729 457 1994 529 quasdam
2025 472 2194 529 quae-

2306 454 2448 508 λέσαι
2476 456 2568 508 καὶ
2593 455 2692 522 τὴν
2727 451 2859 505 ἰδίαν
2883 452 3069 532 είκόνα
3099 453 3194 506 καὶ
3224 454 3325 525 τὴν
3353 453 3678 527 ἐπουράνιον.
3724 477 3820 515 συν·

606 556 818 610 stienes
841 555 1067 610 omnino
1095 553 1276 609 utiles.
1299 552 1388 606 12.
2117 548 2188 604 65

678 732 852 800 Quem
874 733 1169 788 fructuma
1197 731 1908 794 ChristianisDeusexigat.
1950 729 2038 783 15.
2120 729 2191 783 74

679 925 783 991 Qui
819 923 1176 993 cogitationes
1205 938 1267 976 ac
1307 931 1547 976 mentem
1596 922 1708 975 Deo
1757 921 2050 984 dedicant,
2077 919 2188 973 hoc

610 1016 713 1070 sub
751 1030 846 1083 spe
880 1013 1362 1068 illuminandoruni
1402 1015 1687 1068 oculorqu
1734 1014 1917 1068 cordis
1961 1013 2186 1075 faciunt,

611 1121 674 1160 ac
721 1107 866 1160 Deus
909 1106 1223 1160 huiusmodi
1274 1107 1328 1160 in
1378 1123 1590 1160 summa
1639 1122 1735 1160 san
1770 1106 1779 1176 ι
1810 1106 2070 1159 ctimonia
2128 1120 2192 1160 ac

611 1196 856 1266 puritate
908 1196 1186 1267 mysteriis
1243 1195 1441 1266 dignos
1491 1205 1742 1266 reputat,
1783 1211 1847 1248 ac
1900 1195 2193 1265 participes

610 1288 739 1341 facit
769 1288 890 1341 illos
917 1288 1123 1358 gratiae
1148 1303 1298 1341 suae.
1323 1286 1572 1356 Quidque
1601 1288 1743 1340 bona
1777 1287 2032 1340 caelestia
2057 1303 2190 1340 con-

609 1380 856 1435 secuturi
893 1395 1054 1450 agere
1083 1379 1397 1434 debeamus.
1431 1380 1670 1433 Tandem
1694 1379 1939 1450 Apostoli
1978 1388 2034 1432 et
2062 1395 2162 1447 pro

611 1473 810 1542 phetae
850 1473 1223 1526 assimilantur
1267 1471 1434 1526 radiis
1469 1473 1737 1526 solaribus
1769 1488 1865 1541 per
1898 1471 2190 1526 fenestram

613 1565 891 1635 ingressis.
921 1566 1090 1619 Docet
1116 1581 1336 1634 quoque
1363 1565 1611 1628 humilia,
1643 1580 1784 1633 quae
1824 1565 1898 1618 sit
1941 1575 2088 1618 terra
2109 1581 2195 1619 sa-

612 1667 773 1712 tanae
800 1665 854 1711 et
877 1674 1019 1727 quae
1048 1659 1396 1727 angelorum.
1427 1666 1488 1711 et
1517 1657 1666 1726 quod
1685 1667 1917 1728 utraque
1937 1673 2040 1712 nec
2060 1674 2194 1712 con-

613 1748 836 1803 trectari
870 1764 972 1802 nec
1000 1747 1176 1801 videri
1218 1748 1418 1817 possit.
1458 1747 1544 1800 M.
2127 1747 2196 1802 75

2262 547 2408 617 ,έχει
2437 549 2533 601 καὶ
2577 549 2612 620 ἡ
2659 545 2846 618 ὁμιλία
2869 545 3126 618 ζητήσεις
3156 548 3310 612 τινὰς
3359 550 3504 603 πάνυ
3551 548 3820 621 ὠφελίμους.

2294 650 2382 695 tW.
3769 650 3821 695 65

2315 638 2466 786 ﬁ"'oy
2496 731 2707 786 καρπὸν
2739 731 2948 802 ἀπαιτῇ
2981 730 3010 783 6
3038 728 3172 796 Θεὸς
3206 730 3357 805 παρὰ
3382 731 3488 785 τῶν
3518 646 3824 802 Χριστιανὲνῖ

2292 830 2388 894 ιτ.
2943 878 2960 892 ,
3778 829 3827 883 τι

2361 920 2424 972 Οί
2441 919 2568 973 τοὺς
2583 916 2878 986 λογισμοὺς
2901 916 2992 969 καὶ
3018 915 3108 968 τὸν
3136 915 3261 968 νοῦν
3286 916 3364 986 τῷ
3387 916 3507 986 Θεῷ
3535 917 3824 983 ὲπιδίδοντες,

2290 1007 2435 1062 τοῦτ’
2473 1007 2560 1060 ἐπ’
2597 1006 2769 1060 ἑλπίδι
2801 1004 2892 1058 τοῦ
2926 1005 3259 1074 φωτισθῆναι
3288 1011 3414 1070 τοὺς
3445 1005 3731 1077 ὀφθαλμοὺς
3749 1011 3824 1079 τῆς

2293 1097 2519 1168 καρδίας
2555 1096 2790 1162 ποιοῦσι,
2815 1097 2910 1150 καὶ¹
2939 1100 2967 1150 ὁ
2989 1097 3122 1160 Θεὸς
3139 1099 3414 1162 τοιούτους
3435 1100 3493 1150 ὲν
3518 1099 3740 1168 ἁγιότητι
3756 1103 3826 1156 καὶ

2293 1194 2621 1265 καθαρότητι
2654 1194 2663 1262 |
2697 1191 2928 1264 μεγίστῃ
2949 1194 3268 1265 μυστηρίων
3292 1193 3451 1257 ἀξιοῖ,
3482 1192 3578 1245 καὶ
3595 1194 3830 1263 μεταδίδω-

2295 1302 2379 1337 σιν
2401 1285 2581 1348 αὑτοῖς
2601 1284 2666 1336 ἐκ
2696 1285 2793 1352 τῆς
2829 1285 3049 1355 χάριτος
3069 1282 3258 1338 αὑτοῦ.
3285 1285 3380 1338 καὶ
3403 1284 3456 1336 τί
3474 1281 3681 1351 ἀγαθῶν
3706 1289 3830 1340 ἐπουο

2298 1376 2495 1447 ρανίων
2522 1377 2704 1446 τυχεῖν
2742 1375 3054 1447 βουλόμενοι
3080 1380 3252 1429 ποιεῖν
3278 1377 3585 1448 ὀφείλομεν.
3625 1376 3778 1432 λοιπὸν
3795 1384 3831 1432 οἱ

2293 1467 2580 1520 ἀπόστολοι
2623 1466 2717 1519 καὶ
2737 1467 2784 1519 οἱ
2812 1469 3090 1538 προφῆται
3128 1467 3521 1538 ἀφομοιοῦνται
3538 1471 3652 1530 ταῖς
3666 1471 3832 1523 ἀκτῖσιν

2295 1560 2445 1628 ἡλίου
2483 1559 2571 1612 διὰ
2597 1559 2810 1628 θυρίδος
2839 1560 3270 1631 εἰσερχομένοις.
3290 1560 3534 1614 διδάσκει
3575 1561 3660 1612 καὶ
3685 1562 3714 1630 ἡ
3737 1564 3830 1631 ὁμι-

2297 1651 2406 1714 λία,
2437 1651 2518 1713 τίς
2561 1654 2595 1721 ἡ
2628 1653 2700 1723 γῆ
2723 1651 2815 1705 τοῦ
2849 1655 3074 1715 σατανᾶ,
3111 1653 3203 1705 καὶ
3233 1652 3318 1715 τίς
3350 1650 3457 1703 τῶν
3495 1650 3744 1719 ἀγγέλων,
3765 1657 3833 1707 καὶ

2295 1747 2379 1799 ὅτι
2405 1745 2687 1817 ἀμφοτέρα
2713 1746 3066 1817 ἀψηλάφητος
3099 1749 3192 1800 καὶ
3219 1746 3473 1814 ἀόρατος.
3505 1745 3590 1799 ιδ’.
3787 1749 3834 1801 ῑὸ

685 1840 854 1894 Docet
879 1840 1102 1892 homilia
1152 1839 1287 1893 haec
1331 1839 1564 1908 prolixe,
1599 1854 1710 1908 quo
1742 1849 1900 1909 pacto
1925 1840 2106 1894 anima
2141 1841 2196 1893 in

2369 1838 2620 1891 Διδάσκει
2647 1837 2785 1910 α’ύτη
2821 1841 2855 1910 ὴ
2885 1840 3072 1910 ὁμιλία
3103 1840 3190 1892 διὰ
3225 1839 3457 1904 πολλῶν,
3503 1838 3622 1902 πῶς
3656 1839 3740 1910 τὴν
3762 1841 3835 1908 ᾠν-

613 1931 902 1986 sanctitatc
919 1973 938 1996 ,
957 1932 1214 1985 castitate
1239 1945 1303 1986 ac
1327 1933 1563 2002 puritate
1582 1946 1710 2002 erga
1746 1948 2007 2000 sponsum
2036 1948 2198 1986 suum

612 2020 895 2076 Christum
935 2023 1146 2085 Jesurn,
1176 2021 1524 2077 Servaturern
1557 2023 1770 2087 mundi,
1802 2040 1862 2078 se
1886 2041 2076 2094 gerere
2107 2024 2202 2079 de-

615 2115 762 2169 beat.
808 2114 1069 2170 Continet
1117 2130 1254 2170 vero
1285 2115 1552 2183 quasdam
1596 2116 1950 2184 quaestiones
1987 2132 2201 2170 summa

615 2207 868 2262 doctrina
902 2206 1155 2270 refertas,
1181 2205 1464 2270 videlicet,
1503 2215 1686 2260 utrum
1716 2207 1771 2260 in
1799 2209 2202 2262 resurrectione

615 2298 800 2352 omnia
831 2298 1081 2352 membra
1111 2307 1421 2368 resurgant,
1447 2306 1505 2351 et
1524 2299 1661 2352 alias
1693 2298 1933 2353 infinitas
1959 2299 2026 2354 de
2048 2300 2198 2364 vitio,

616 2389 687 2444 de
716 2389 910 2460 gratia,
943 2389 1012 2444 de
1043 2389 1302 2445 libertate
1338 2389 1556 2444 arbitrii
1586 2398 1646 2444 et
1682 2389 1952 2462 dignitate
1986 2392 2203 2462 generis

618 2484 867 2539 humani.
904 2484 992 2539 15.
1997 2518 2000 2522 -
2136 2483 2204 2536 78

689 2576 1020 2648 Spirituales
1045 2576 1301 2631 homines
1337 2575 1606 2631 obnoxios
1647 2591 1768 2632 esse
1807 2575 2205 2630 tentationihus

618 2683 786 2742 atque
829 2670 1220 2726 aﬂlletionibus
1264 2685 1334 2724 ex
1365 2669 1546 2740 primo
1580 2678 1805 2739 peccato
1852 2668 2205 2724 scaturienti-

619 2764 745 2819 bus.
787 2763 874 2817 lli.
2103 2760 2206 2814 105

690 2854 770 2908 De
805 2852 1078 2924 spirituali
1103 2851 1546 2908 Christianorum
1569 2851 1826 2906 unctione
1849 2861 1906 2905 et
1934 2852 2127 2922 gloria,
2149 2862 2207 2906 et

619 2946 772 3018 quod
817 2945 1026 3015 absque
1071 2943 1295 3000 Christo
1339 2945 1542 3000 salvari
1583 2953 1679 2999 aut
1712 2943 1878 2998 vitam
1924 2953 2206 2998 aeternam

619 3038 885 3108 consequi
916 3036 1256 3108 impossibile
1283 3036 1373 3090 sit.
1412 3037 1500 3091 17.
2103 3036 2206 3090 110

690 3133 768 3188 De
796 3132 1057 3187 thesauro
1083 3129 1563 3194 Christianorum,
1601 3128 1859 3184 videlicet
1893 3128 2114 3184 Christo
2149 3138 2206 3183 et

623 3224 834 3294 Spiritu
858 3233 1082 3288 sancto,
1121 3223 1291 3278 variis
1326 3223 1508 3278 ntodis
1532 3231 1822 3278 exercente
1855 3237 1953 3277 eos
1973 3221 2044 3276 ad
2077 3237 2204 3291 per-

622 3314 918 3371 fectionem
942 3315 1362 3385 assequendam.
1401 3315 1488 3370 18.
2107 3313 2205 3366 117

695 3407 994 3463 Christiani
1031 3409 1301 3478 prolicere
1331 3416 1388 3462 et
1413 3422 1662 3462 crescere
1699 3407 1968 3471 volentes,
2005 3405 2208 3460 debent

623 3515 686 3556 se
724 3501 779 3554 vi
805 3500 1137 3570 compellere
1169 3499 1237 3554 ad
1267 3515 1430 3555 omne
1464 3499 1521 3554 id
1566 3499 1716 3569 quod
1757 3499 1962 3554 bonum
2005 3507 2107 3562 est,
2149 3506 2209 3552 ut

626 3593 934 3649 liberentur
961 3592 1031 3647 ab
1062 3592 1406 3648 inhabitante
1435 3602 1681 3663 peccato,
1702 3602 1759 3650 et
1787 3594 1994 3664 Spiritu
2019 3603 2208 3648 sancto

624 3688 965 3757 repleantur.
993 3685 1086 3741 19.
1167 3681 1170 3684 ”
2108 3688 2210 3742 122

697 3773 860 3829 Solus
877 3773 1153 3839 Christus,
1179 3789 1347 3830 verus
1376 3775 1622 3831 medicus
1646 3777 1928 3833 interioris
1949 3777 2206 3845 hominis,

624 3880 824 3921 sanare
853 3874 1037 3936 potest
1065 3866 1332 3934 animam,
1375 3883 1607 3938 eamque
1642 3869 1972 3925 vestimento
2001 3873 2208 3942 gratiae

625 3975 760 4014 suae
783 3973 1074 4014 exornare.
1108 3958 1196 4014 20.
2107 3965 2208 4020 127

695 4046 1011 4103 Christiano
1043 4048 1256 4106 homini
1282 4049 1486 4121 duplex
1535 4051 1806 4107 incumbit
1848 4053 2084 4120 bellum,
2129 4057 2212 4110 in-

627 4149 846 4195 ternum
901 4140 1160 4196 videlicet
1207 4150 1264 4195 et
1310 4153 1646 4210 externum;
1712 4145 1818 4201 hoc
1877 4148 2099 4216 quidem
2154 4148 2208 4202 in

607 4249 758 4288 .rece
789 4233 800 4302 1
831 4232 1014 4288 dendo
1042 4248 1170 4287 eum
1214 4249 1247 4287 a
1289 4233 1740 4292 distractionibus
1779 4239 2044 4302 terrenis,
2077 4237 2212 4292 illud

628 4341 763 4380 vero
789 4327 845 4381 in
869 4325 1036 4380 corde
1065 4324 1332 4380 adversus
1367 4327 1728 4398 cogitationes
1755 4331 2048 4401 spirituum
2071 4330 2212 4403 [ina-

631 4411 855 4484 lorunt].
897 4413 991 4467 21.
2112 4419 2214 4472 150

2300 1931 2400 2001 χὴν
2435 1931 2492 1981 ὲν
2531 1929 2777 2000 ἁγιότητι
2824 1934 2919 1983 καὶ
2959 1931 3216 2001 ἁγνότητι
3261 1931 3352 1984 καὶ
3386 1930 3707 2002 καθαρότητι
3737 1931 3836 2002 πρὸς

2299 2022 2390 2074 τὸν
2427 2021 2658 2092 νυμφίον
2699 2021 2874 2092 αὐτῆς
2908 2022 3142 2094 Χριστὸν
3183 2017 3390 2093 Ἰησοῦν
3420 2023 3511 2075 τὸν
3545 2024 3744 2094 σωτῆρα
3769 2024 3838 2077 τοῦ

2303 2115 2504 2184 κόσμου
2553 2114 2659 2185 χρὴ
2701 2114 3029 2169 διακεῖσθαι.
3080 2116 3292 2185 συνέχει
3333 2115 3391 2169 δέ
3432 2132 3590 2177 τινας
3627 2114 3836 2186 ζητήσεις

2302 2204 2504 2274 πολλῆς
2537 2205 2884 2270 διδασκαλίας
2913 2206 3208 2278 γεμούσας,
3243 2206 3445 2276 δηλαδὴ
3472 2209 3522 2259 εἰ
3552 2207 3608 2260 ὲν
3629 2211 3690 2278 τῇ
3709 2210 3838 2260 dvas-

2301 2298 2455 2350 τάσει
2471 2296 2566 2349 ὅλα
2585 2297 2654 2350 τὰ
2683 2297 2822 2368 μέλη
2845 2297 3195 2362 ἀνίστανταις
3221 2300 3314 2352 καὶ
3332 2297 3498 2362 ἄλλας
3533 2297 3721 2368 μυρίας
3745 2302 3839 2369 περὶ

2302 2390 2399 2444 τοῦ
2429 2389 2600 2444 κακοῦ
2635 2391 2730 2444 καὶ
2755 2391 2858 2460 τῆς
2883 2395 3104 2463 χάριτος
3139 2393 3232 2444 καὶ
3275 2392 3368 2446 τοῦ
3411 2392 3747 2457 αὑτεξουσίου
3771 2398 3840 2447 καὶ

2302 2480 2403 2552 τῆς
2432 2481 2716 2551 ἀξιότητος
2749 2479 2844 2534 τοῦ
2875 2482 3063 2551 γένους
3100 2483 3211 2536 τῶν
3239 2481 3564 2554 ἀνθρώπων.
3596 2490 3672 2537 ιε’.
3775 2486 3839 2539 78.

2375 2573 2516 2636 Τοὺς
2573 2574 2978 2643 πνευματικοὺς
3041 2572 3359 2645 ἀνθρώπους
3415 2572 3728 2628 ὑποκεῖσθαι
3762 2579 3844 2638 τοῖς

2305 2667 2630 2737 πειρασμοῖς
2670 2667 2770 2720 καὶ
2805 2665 3018 2736 θλίψεσι
3064 2669 3185 2731 ταῖς
3228 2667 3296 2720 ὲκ
3349 2665 3577 2738 πρώτης
3617 2668 3843 2738 ἁμαρτίας

2308 2757 2621 2830 βρυούσαις.
2666 2763 2763 2824 ις’.
3772 2759 3846 2814 ιοδ

2378 2853 2516 2923 Περὶ
2558 2852 2658 2924 τῆς
2705 2855 3080 2925 πνευματικῆς
3113 2852 3222 2907 τῶν
3264 2853 3611 2925 Χριστιανῶν
3662 2853 3844 2926 κρίσεως

2305 2945 2402 2999 καὶ
2431 2945 2591 3015 δόξης
2619 2986 2634 3012 ,
2688 2947 2783 2999 καὶ
2824 2947 2906 3000 δτι
2943 2947 3072 3001 ἄνευ
3111 2945 3348 3017 Χριστοῦ
3383 2945 3627 3018 σωθῆναι
3667 2948 3698 3018 ἢ
3738 2947 3846 3014 ζωῆς

2305 3041 2526 3095 αἰωνίου
2573 3041 2804 3112 μέτοχον
2836 3041 3078 3110 γίνεσθαι
3129 3040 3388 3095 ἀδύνατόν
3409 3042 3552 3094 ἐστι.
3586 3041 3666 3106 ιζ’.
3774 3040 3846 3092 illi

2379 3134 2520 3205 Περὶ
2556 3131 2655 3187 τοῦ
2683 3133 2962 3204 θησαυροῦ
2995 3133 3104 3186 τῶν
3149 3133 3520 3205 Χριστιανῶν,
3559 3131 3748 3204 δηλαδὴ
3779 3130 3846 3183 τώ

2309 3227 2550 3298 Χριστοῦ
2595 3227 2692 3282 καὶ
2723 3226 3032 3297 πνεύματος
3059 3227 3214 3296 ἁγίου
3235 3264 3251 3291 ,
3280 3227 3556 3298 διαφόρως
3603 3225 3847 3285 ἀσκοῦντπ

2308 3317 2505 3380 αὐτοὺς
2532 3316 2667 3389 πρὸς
2687 3317 2746 3369 τὸ
2770 3317 2977 3385 φθάσαι
2991 3319 3072 3381 είς
3086 3318 3187 3388 τὴν
3214 3317 3555 3388 τελειότητα.
3587 3323 3673 3387 ιη’.
3757 3315 3846 3371 ili.

2383 3409 2447 3459 Oi
2470 3407 2784 3478 Χριστιανοὶ
2813 3407 3145 3476 προκόπτειν
3172 3408 3266 3461 καὶ
3287 3407 3621 3474 αὐξάνεσθαι
3643 3405 3846 3477 βουλόμε·

2309 3515 2389 3551 νοι
2413 3497 2717 3567 ὀφείλουσιν
2740 3497 2968 3560 ἑαυτοὺς
2985 3497 3268 3568 βιάζεσθαι
3291 3499 3426 3570 πρὸς
3455 3501 3570 3553 πᾶν
3596 3499 3655 3552 τὸ
3672 3497 3849 3568 ἀγαθὸν.

2309 3587 2448 3642 ῶστε
2480 3587 2804 3660 λυτροῦσθαι
2849 3591 3044 3653 αὐτοὺς
3081 3589 3192 3644 ἀπὸ
3221 3593 3319 3660 τῆς
3364 3590 3686 3662 ὲνοικούσης
3717 3591 3850 3659 ἀμαρ-

2308 3679 2450 3744 τίας,
2485 3681 2581 3735 καὶ
2625 3679 2938 3752 πνεύματος
2966 3683 3124 3751 ἁγίου
3157 3683 3524 3754 πληροῦσθαι.
3563 3680 3648 3739 ιθ’.
3778 3681 3852 3737 1Ξέ

2381 3774 2558 3834 Μόνος
2593 3776 2620 3828 6
2663 3775 2927 3845 Χριστὸς,
2961 3775 2990 3828 ὁ
3033 3775 3288 3847 ἀληθινὸς
3317 3776 3411 3830 τοῦ
3456 3777 3573 3831 ἔσω
3615 3774 3850 3846 ἀνθρώπου

2314 3865 2516 3937 ίατρδς,
2549 3864 2887 3940 θεραπεῦσαι
2912 3866 3136 3921 δύναται
3162 3868 3262 3940 τὴν
3279 3867 3481 3939 ψυχὴν,
3512 3867 3612 3922 καὶ
3636 3867 3781 3938 αὐτὴν
3799 3865 3852 3932 τῷ

2309 3957 2412 4026 τῆς
2439 3958 2660 4027 χάριτος
2691 3955 2948 4026 ὲνδύματι
2976 3957 3364 4028 διακοσμῆσαι.
3399 3963 3470 4010 κ’.
3782 3951 3853 4007 12ῖ

2383 4045 2474 4119 Τῷ
2496 4048 2807 4119 Χριστιανῷ
2829 4049 3103 4121 ἀνθρώπῳ
3127 4049 3312 4113 διπλὸς
3333 4050 3627 4122 πρόκειται
3649 4049 3850 4117 πόλεμος.

2312 4141 2578 4212 ὲσώτερος
2598 4143 2796 4214 δηλαδὴ
2817 4143 2914 4196 καὶ
2936 4142 3220 4216 ὲξώτερος·
3253 4146 3282 4198 ό
3313 4144 3412 4214 μὲν
3440 4145 3504 4196 ὲν
3541 4147 3550 4213 |
3581 4144 3657 4214 τῷ
3679 4143 3853 4210 ἀᾴστπα

2315 4233 2439 4287 σθαι
2472 4234 2632 4287 αὑτὸν
2666 4234 3066 4306 περισπασμῶν
3098 4235 3324 4306 γηΐνων,
3355 4237 3384 4288 6
3418 4235 3480 4289 δὲ
3513 4238 3573 4289 ἐν
3601 4238 3665 4306 τῇ
3704 4232 3853 4303 καρδίᾳ

2317 4326 2449 4398 πρὸς
2488 4325 2782 4398 λογισμοὺς
2822 4327 2932 4380 τῶν
2969 4327 3300 4399 πνευμάτων
3332 4331 3432 4400 τῆς
3466 4331 3746 4400 πονηρίας,
3780 4332 3853 4378 κε’.

3786 4415 3800 4466 1
3810 4415 3856 4465 511

701 4501 777 4555 De
816 4500 1024 4570 duplici
1059 4511 1206 4556 statu
1252 4517 1474 4567 eorum,
1508 4502 1604 4572 qui
1648 4517 1718 4558 ex
1757 4503 1862 4560 hac
1897 4504 2010 4560 vita
2045 4506 2204 4562 dece-

2388 4509 2522 4580 llspi.
2544 4509 2736 4580 διπλῆς
2767 4511 3010 4576 στάσεως
3033 4507 3140 4564 τῶν
3165 4511 3230 4564 ὲκ
3255 4509 3348 4564 τοῦ
3377 4511 3500 4582 βίου
3532 4511 3718 4566 τούτου
3748 4508 3856 4572 ἐξερ-

631 4589 792 4645 dunt.
813 4589 907 4645 22.
2110 4595 2214 4650 155

701 4679 1176 4747 Quemadmodum
1219 4682 1422 4752 regiam
1453 4699 1517 4738 ac
1538 4686 1834 4754 pretiosam
1861 4687 2213 4757 margaritam

631 4779 850 4841 gestare
883 4769 1061 4824 solum
1095 4781 1345 4840 possunt,
1387 4773 1483 4841 qui
1524 4788 1592 4826 ex
1631 4773 1783 4845 regio
1829 4776 2038 4831 semine
2085 4786 2217 4832 sunt

632 4863 873 4932 pronati,
897 4862 1096 4917 eodem
1134 4849 1298 4917 modo
1336 4867 1630 4920 caelestem
1652 4869 2004 4939 margaritam
2037 4871 2214 4925 solum

633 4955 764 5012 ﬁliis
782 4955 876 5009 Dei
898 4967 1111 5026 gestare
1142 4956 1294 5011 licet.
1327 4956 1416 5011 23.
2112 4964 2216 5020 154

705 5131 890 5186 Status
930 5131 1372 5188 Christianorum
1412 5133 1609 5189 similis
1652 5145 1738 5191 est
1778 5149 2120 5196 mercaturae
2159 5157 2192 5196 e

634 5224 1064 5280 fermentationi.
1095 5224 1332 5280 Perinde
1358 5227 1505 5280 enim
1543 5242 1606 5282 ac
1632 5241 1970 5286 mercatores
1998 5241 2217 5288 terrena

633 5317 982 5372 accumulant
1002 5316 1262 5380 lucra,sie
1287 5318 1366 5373 illi
1381 5319 1658 5390 dispersas
1681 5339 1780 5392 per
1808 5324 1912 5380 hoc
1933 5326 2215 5381 saeculum

632 5409 1013 5479 cogitationes.
1059 5409 1129 5464 Et
1166 5411 1632 5480 quemadmodum
1668 5415 2002 5472 fermentum
2049 5429 2218 5475 totam

627 5517 868 5597 'massam
894 5501 1076 5575 reddit
1103 5502 1508 5572 fermentatam.
1547 5509 1626 5564 sic
1649 5508 1977 5566 fermentum
2007 5514 2217 5583 peccati

629 5593 957 5668 universum
981 5609 1155 5664 genus
1191 5595 1339 5652 Adae
1368 5602 1662 5667 percurrit.
1718 5603 1922 5658 Verum
1962 5606 2218 5662 Christus

628 5675 874 5736 caeleste
918 5682 1180 5739 bonitatis
1225 5685 1558 5744 fermentum
1600 5691 1856 5750 fidelibus
1892 5696 2090 5752 animis
2130 5697 2216 5751 in-

637 5772 838 5826 fundit.
879 5773 949 5828 24
2117 5789 2218 5845 156

2315 4600 2542 4671 χόντων.
2568 4600 2662 4671 κβ’.
3786 4598 3857 4650 ll?

2398 4691 2486 4754 Ὣς
2505 4693 2596 4747 τὸν
2641 4693 2926 4764 βασιλικὸν
2961 4696 3055 4748 καὶ
3093 4695 3394 4768 πολύτιμον
3431 4696 3771 4768 μαργαρίτην
3795 4709 3860 4758 σου

2318 4791 2474 4858 ρεσαι
2510 4785 2670 4857 μόνον
2704 4787 2959 4842 δύνανται
2988 4791 3036 4842 oi
3066 4790 3130 4842 ὲκ
3175 4789 3270 4842 τοῦ
3307 4791 3636 4861 σπέρματος
3682 4788 3762 4840 τοῦ
3790 4786 3856 4854 βαι

2317 4876 2507 4939 σιλὲως
2532 4877 2903 4948 γεννηθέντεςο
2945 4879 3036 4932 τὸν
3068 4879 3230 4932 αὐτὸν
3271 4881 3478 4950 τρόπον
3533 4881 3629 4933 τὸν
3659 4879 3863 4947 οὐράνιοι

2327 4969 2674 5040 μαργαρίτην
2735 4971 2898 5040 μόνον
2944 4974 3058 5036 τοϊς
3105 4972 3200 5025 τοῦ
3240 4973 3376 5025 Θεοῦ
3417 4973 3636 5036 τέκνοις
3685 4970 3798 5038 σορὲ
3827 4985 3863 5016 σι

2315 5059 2513 5125 ἔξεστι.
2541 5060 2642 5129 κγ’.
3793 5061 3864 5114 lsi

2397 5151 2468 5204 'ﬂ
2493 5153 2681 5216 στάσις
2701 5150 2809 5207 τῶν
2829 5153 3172 5226 Χριστιανῶν
3204 5156 3346 5210 ἔοικε
3371 5160 3438 5229 τῇ
3465 5158 3709 5229 ἐμπορίᾳ
3729 5160 3805 5208 καὶ
3821 5157 3864 5218 τί

2317 5239 2582 5313 ζυμώσει.
2619 5242 2809 5316 ῶσπερ
2833 5245 2943 5317 γὰρ
2967 5247 3016 5299 oi
3042 5247 3271 5319 ἔμποροι
3292 5251 3362 5302 τὰ
3390 5251 3565 5319 γήϊνα
3597 5249 3752 5318 κέρδη
3781 5247 3867 5298 ιπε-

2330 5335 2642 5406 συνὰγουσι,
2662 5335 2836 5402 οὕτως
2857 5340 2950 5391 καὶ
2966 5341 3166 5394 ἐκεῖνοι
3193 5341 3727 5412 διασκορττισμένους
3752 5339 3799 5388 ἐν
3816 5332 3867 5398 τι]

2317 5425 2476 5480 αἰῶνι
2521 5427 2837 5500 λογισμούς.
2866 5432 2962 5485 καὶ
3010 5431 3197 5506 ῶσπερ
3245 5435 3278 5506 ὴ
3335 5432 3488 5506 ζύμη
3526 5432 3748 5506 φύραμα
3784 5431 3867 5482 ὃλιν

2319 5519 2694 5591 ἀπεργάζεται
2719 5522 2920 5594 ζύμην,
2949 5523 3122 5589 οὕτως
3150 5529 3183 5598 ἡ
3210 5525 3355 5598 ζύμη
3383 5528 3486 5596 τῆς
3509 5528 3775 5599 ἁμαρτίας
3794 5524 3868 5574 πᾶν
3906 5539 3907 5542 ‘

2318 5610 2476 5679 γένος
2494 5612 2590 5666 τοῦ
2636 5612 2808 5685 Ἀδὰμ
2831 5615 3124 5688 διατρέχιι.
3175 5618 3316 5688 πλὴν
3343 5620 3371 5672 ό
3399 5618 3645 5690 Χριστὸς
3668 5618 3870 5688 οὖρσνιιι

2319 5707 2656 5781 ἀγαθότητος
2701 5709 2884 5785 ζύμην
2926 5717 3048 5778 ταῖς
3101 5717 3324 5779 marci;
3368 5715 3580 5786 ψυχαῖς
3625 5715 3869 5782 ἰντίθησεν.

2319 5796 2416 5852 κδ’.
3797 5799 3872 5857 136
