3950 6574
247 298 330 360 521

306 410 530 468 Διδάσκει
558 406 700 479 αὕτη
741 410 778 481 ἡ
808 408 1025 481 ὁμιλία,
1063 408 1154 462 δτι
1183 408 1361 473 οὐδεὶς
1385 407 1713 481 ἀνθρώπων,
1740 408 1791 461 εἰ

250 509 314 582 μὴ
343 500 663 571 δυναμωθεὶς
715 500 822 554 ὑπὸ
842 500 940 554 τοῦ
986 498 1246 571 Χριστοῦ,
1286 499 1398 551 τῶν
1425 498 1520 552 τοῦ
1551 497 1791 570 πονηροῦ

249 593 527 653 σκανδάλων
572 590 948 663 περιγίνεσθαι
981 589 1177 662 ἰσχύει⁹
1222 590 1318 644 καὶ
1347 590 1400 642 τί
1425 589 1510 643 δεῖ
1533 589 1663 653 τοὺς
1694 588 1795 658 τῆς

245 691 373 752 θείας
405 682 558 753 δόξης
585 670 947 755 ὀρεγομένους
991 683 1274 755 πράττειν.
1305 680 1555 735 διδάσκει
1586 680 1683 735 καὶ
1708 680 1794 734 ὅτι

244 786 317 842 διὰ
351 778 622 850 παρακοῆς
660 775 755 830 τοῦ
819 776 989 846 Ἀδὰμ
1036 775 1117 838 είς
1150 773 1393 828 δουλείαν
1439 773 1541 844 τῆς
1592 771 1794 843 σαρκὸς

242 872 407 931 παθῶν
446 868 806 940 κατήλθομεν,
840 868 934 938 ἀφ’
966 862 1035 939 ἧς
1083 866 1174 920 διὰ
1212 865 1307 920 τοῦ
1355 867 1413 919 ἐν
1451 865 1531 936 τῷ
1575 862 1795 936 σταυρῷ

244 964 518 1041 μυστηρίου
565 961 832 1034 ῥυόμεθα.
882 960 1129 1014 παιδεύει
1154 959 1339 1014 λοιπὸν
1373 960 1555 1031 ἡμᾶς,
1583 959 1666 1012 ὅτι
1693 974 1794 1029 με·

236 1057 360 1129 γάλη
386 1055 501 1108 ἐστὶ
526 1052 636 1107 τῶν
656 1051 910 1124 δακρύων
935 1052 1029 1107 καὶ
1061 1050 1156 1107 τοῦ
1183 1051 1328 1107 θείου
1351 1050 1521 1123 πυρὸς
1541 1048 1792 1121 δύναμις.

237 1158 323 1207 κε’.
1689 1141 1794 1197 159

296 1243 421 1313 Περι
457 1239 558 1310 τῆς
588 1238 871 1310 άξιότητος
892 1279 909 1306 ,
938 1239 1034 1295 καὶ
1075 1239 1173 1311 τῆς
1196 1238 1530 1310 τιμιότητος,
1571 1236 1667 1292 καὶ
1693 1235 1796 1305 τῆς

233 1337 520 1405 δυνάμεως.
555 1332 651 1385 καὶ
694 1332 794 1403 τῆς
837 1331 1101 1404 ἐργασίας
1134 1332 1235 1403 τῆς
1271 1330 1544 1384 ἀθανάτου
1592 1328 1792 1398 ψυχῆς,

114 1412 121 1421 λ
232 1430 314 1486 καὶ
340 1428 451 1490 πῶς
489 1424 627 1496 αὑτὴ
663 1424 771 1478 ὑπὸ
801 1423 895 1479 τοῦ
932 1424 1140 1479 σατανᾶ
1176 1424 1532 1496 πειράζεται,
1565 1421 1659 1475 καὶ
1694 1420 1795 1491 τῆς

231 1516 620 1589 ἐλευθερώσεως
653 1517 761 1571 ἀπὸ
785 1516 896 1570 τῶν
915 1515 1238 1588 πειρασμῶν
1260 1518 1542 1587 τυγχάνει.
1580 1514 1795 1585 συνέχει

225 1615 275 1669 δὲ
302 1611 555 1683 ζητήσεις
583 1608 740 1673 τινὰς
777 1609 921 1664 πάνυ
964 1609 1167 1680 πολλῆς
1204 1602 1556 1671 διδασκαλίας
1593 1606 1797 1679 γεμού-

228 1722 335 1769 σας.
362 1707 474 1767 κς’.
1690 1696 1795 1752 iu

284 1796 416 1867 Περὶ
448 1793 551 1864 τῆς
596 1792 879 1864 ἀξιότητος
914 1792 1010 1849 καὶ
1038 1792 1281 1857 στάσεως
1325 1792 1421 1847 τοῦ
1462 1792 1792 1865 Χριστιανοῦ

223 1889 498 1960 ἀνθρώπου
541 1886 631 1941 διὰ
671 1885 883 1942 πολλῶν
913 1886 1244 1958 διηγουμένη
1290 1886 1530 1940 διατελεῖ
1565 1886 1709 1959 αῦτη
1758 1888 1793 1960 ἡ

221 1984 391 2056 ὁμιλία
414 2023 429 2049 ,
461 1981 543 2045 ὡς
592 1979 691 2035 καὶ
734 1982 770 2051 ἡ
821 1978 1229 2052 προηγουμένη.
1268 1980 1473 2053 δέπειτα
1508 1982 1637 2054 περὶ
1672 1980 1792 2035 τοῦ

219 2072 557 2140 αὐτεξουσίου
582 2072 948 2144 παωφὲλιμα
968 2072 1143 2128 πολλὰ
1166 2072 1429 2139 διδάσκει,
1446 2073 1795 2146 ἀναμιγνῦσα

219 2171 460 2242 ζητήσεις
488 2166 647 2232 τινὰς
674 2168 827 2233 θείας
854 2169 1045 2238 σοφίας
1081 2165 1332 2239 πλήρεις.
1366 2163 1467 2231 κζ’.
1506 2166 1517 2237 |
1689 2164 1794 2221 156

278 2260 581 2333 Διαγράφει
606 2261 702 2315 καὶ
724 2261 1055 2334 άποδύρεται
1086 2258 1229 2330 αῦτη
1250 2260 1284 2330 ἡ
1313 2259 1500 2330 ὁμιλία
1529 2260 1630 2330 τὴν
1657 2258 1796 2330 ξυμ-

214 2357 374 2429 φορὰν
404 2355 507 2426 τῆς
550 2355 753 2427 ψυχῆς,
797 2358 880 2411 ὅτι
917 2357 1009 2412 διὰ
1046 2356 1148 2427 τὴν
1194 2354 1469 2426 ἁμαρτίαν
1506 2357 1538 2409 ό
1589 2354 1794 2426 Κύριος

209 2451 302 2503 οὐκ
325 2449 465 2502 οἰκεῖ
487 2449 554 2501 ἐν
581 2448 743 2519 αὐτῇ.
785 2447 881 2501 καὶ
901 2448 1030 2521 περὶ
1050 2447 1145 2511 τοῦ
1185 2448 1442 2503 Ἰωάννου
1471 2446 1565 2501 τοῦ
1596 2446 1793 2517 βαπτι-

212 2543 351 2606 στοῦ,
379 2543 464 2595 ὅτι
486 2540 671 2606 οὐδεὶς
695 2542 756 2596 ἐν
775 2542 1056 2615 γεννητοῖς
1087 2540 1366 2612 γυναικῶν
1393 2540 1559 2595 αὐτοῦ
1589 2540 1793 2613 μείζων

206 2634 334 2688 ἐστί.
364 2639 475 2706 κη’.
1685 2630 1794 2686 167

270 2724 426 2781 Κατὰ
447 2722 642 2777 διπλδν
658 2722 861 2796 τρόπον
886 2726 986 2786 τὰς
1008 2722 1316 2794 οἰκονομίας
1344 2722 1445 2794 τῆς
1472 2722 1693 2794 χάριτος
1717 2723 1799 2787 είς

201 2819 259 2872 τὸ
282 2819 437 2887 γένος
466 2816 574 2887 τῆς
598 2814 1020 2887 ἀνθρωπότητος
1046 2813 1402 2886 ἐξεργάζεται
1429 2814 1459 2867 ὁ
1484 2814 1638 2879 Θεὸς,
1666 2814 1797 2886 μέλ-

202 2906 303 2960 λων
342 2906 446 2976 τῆς
492 2904 673 2975 αὐτῆς
717 2904 966 2976 καρποὺς
1004 2905 1063 2958 ἐν
1110 2904 1307 2976 δικαίῳ
1355 2904 1586 2977 κρίματι
1635 2906 1799 2961 πάλιν

198 3002 527 3071 ἀπαιτῆσαι.
561 2996 667 3052 κθ’.
1694 3000 1798 3055 170

277 3090 372 3147 Ἐκ
403 3090 506 3146 τοῦ
538 3091 704 3161 ἁγίου
736 3090 1048 3162 πνεύματος
1073 3090 1157 3144 δεῖ
1178 3090 1505 3187 γεννηθῆναι
1534 3092 1633 3165 τὴν
1660 3093 1794 3165 μέλ-
1821 3128 1864 3187 c

193 3184 386 3239 λουσαν
423 3182 700 3238 εἰσελθεῖν
740 3184 822 3246 εἰς
859 3180 1139 3253 βασιλείαν
1181 3179 1318 3237 Θεοῦ
1361 3181 1561 3255 ψυχήνο
1606 3184 1702 3238 καὶ
1733 3184 1793 3238 ὃν

192 3276 391 3347 τρόπον
429 3275 603 3329 τοῦτο
626 3274 873 3346 γένηται.
910 3274 976 3331 λ’.
1690 3279 1796 3335 174

256 3371 350 3421 Δεῖ
387 3366 488 3422 τὸν
518 3365 855 3424 πιστεύοντα
901 3366 1309 3440 μταλλαγῆναι
1349 3366 1444 3423 τοῦ
1478 3369 1571 3423 νοῦ
1604 3368 1793 3434 αὑτοῦ,

190 3460 279 3514 καὶ
308 3462 532 3524 πάντας
556 3461 690 3524 τοὺς
721 3459 1015 3531 λογισμοὺς
1038 3462 1119 3525 είς
1147 3460 1282 3515 Θεὸν
1308 3459 1606 3531 συλλέγειν,
1634 3462 1692 3514 ἐν
1714 3456 1796 3526 οἷς

182 3551 403 3622 ἀληθῶς
428 3554 597 3606 πᾶσα
618 3552 863 3609 διακονία
890 3550 986 3606 τοῦ
1024 3549 1161 3606 Θεοῦ
1183 3554 1321 3609 ἐστι.
1346 3552 1449 3608 λα’.
1693 3554 1796 3609 179

263 3643 329 3697 Ἦ
356 3644 496 3711 δόξα
526 3645 645 3699 τῶν
669 3644 1014 3716 Χριστιανῶν
1038 3644 1147 3700 ἀπὸ
1165 3645 1260 3699 τοῦ
1287 3646 1383 3700 νῦν
1398 3645 1458 3700 ἐν
1476 3648 1596 3711 ταῖς
1614 3646 1796 3701 αὐτῶν

179 3736 381 3807 ψυχαῖς
415 3736 687 3810 ἐμμένει,
718 3736 988 3806 μέλλουσα
1021 3737 1081 3791 ἐν
1121 3737 1202 3809 τῷ
1232 3737 1412 3811 καιρῷ
1436 3738 1539 3809 τῆς
1561 3737 1798 3793 ἀναστά-

182 3845 318 3891 σεως
347 3828 756 3902 φανερωθῆναι
790 3828 887 3882 καὶ
915 3827 1136 3893 δοξάσαι
1163 3828 1232 3883 τὰ
1255 3828 1484 3901 σώματα
1518 3828 1641 3883 κατ’
1665 3831 1800 3885 ἁνα-

174 3921 367 3990 λογὶαν
405 3921 523 3992 τῆς
554 3918 741 3975 αὐτῶν
772 3917 1078 3983 εὐσεϐείας.
1108 3918 1211 3990 λβ’.
1693 3918 1798 3973 182

254 4014 677 4078 Ἀδιαλείπτως
716 4012 812 4067 καὶ
850 4010 1137 4084 προσεχῶς
1171 4011 1257 4066 δεῖ
1294 4011 1374 4084 τῷ
1405 4009 1527 4083 Θεῷ
1563 4008 1799 4084 προσεύ-

169 4108 389 4180 χεσθαι.
424 4105 545 4178 λγ¹.
1693 4104 1797 4160 187

240 4202 387 4273 Περὶ
412 4201 531 4272 τῆς
578 4198 695 4255 τῶν
734 4197 1078 4271 Χριστιανῶν
1116 4196 1307 4269 δόξης,
1348 4189 1417 4269 ἦς
1460 4196 1532 4251 τὰ
1568 4195 1799 4269 σώματα

144 4289 352 4348 ἀὐτῶν
399 4295 467 4348 ἐν
514 4294 592 4364 τῇ
648 4289 944 4345 ἀναστάσει
996 4288 1470 4361 καταξιωθήσεται
1518 4288 1613 4342 καὶ
1659 4288 1798 4360 μετὰ

164 4381 263 4450 τῆς
294 4382 501 4453 ψυχῆς
538 4379 968 4452 φωτισθήσεται.
998 4379 1091 4435 λδ¹.
1693 4381 1798 4437 189

232 4474 381 4547 Περὶ
427 4473 541 4528 τοῦ
595 4472 827 4527 παλαιοῦ
871 4472 967 4527 καὶ
1003 4471 1100 4527 τοῦ
1144 4472 1332 4529 καινοῦ
1375 4472 1673 4530 σαδόάτου.
1704 4474 1798 4528 λε’.

1692 4564 1789 4619 191

232 4659 379 4731 Περὶ
411 4659 1003 4731 διπλῆςιάναστάσεως
1033 4659 1143 4713 τῶν
1165 4658 1355 4730 ψυχῶν
1378 4659 1472 4713 καὶ
1503 4658 1795 4731 σωμάτων,

158 4752 254 4805 καὶ
282 4753 588 4824 διαφόρου
621 4752 781 4823 δόξης
806 4752 916 4807 τῶν
948 4753 1344 4824 ἀνισταμένων.
1376 4753 1490 4818 λς’.
1690 4751 1798 4808 195

230 4847 380 4919 Περὶ
416 4847 529 4900 τοῦ
581 4847 914 4918 παραδείσου
944 4848 1039 4900 καὶ
1065 4846 1230 4918 νόμου
1261 4844 1652 4918 πνευματικοῦ.
1696 4845 1796 4911 λζ’.

1693 4938 1799 4994 191

228 5032 464 5104 Πολλῆς
497 5029 806 5103 ἀκριϐείας
831 5030 925 5084 καὶ⁹
952 5030 1221 5094 συνέσεως
1249 5029 1407 5101 χρεία
1444 5030 1592 5083 ἐστὶν
1626 5030 1685 5084 ἐν
1721 5029 1800 5101 τῷ

152 5126 475 5197 δοκιμάσαι
534 5126 675 5188 τοὺς
723 5124 1009 5196 ἀληθινοὺς
1061 5121 1455 5194 Χριστιανούς,
1507 5122 1601 5176 καὶ¹
1652 5122 1798 5185 τίνες

153 5218 361 5273 ἐκεῖνοι
390 5214 580 5273 ὦσιν.
621 5218 723 5289 λη’.
1126 5252 1131 5255 ~
1690 5214 1799 5269 200

220 5313 399 5377 Τίνος
468 5312 684 5365 ἕνεκεν
724 5311 881 5384 ἐδόθη
927 5314 1060 5384 ἡμῖν
1108 5311 1212 5367 ὑπὸ
1265 5310 1361 5365 τοῦ
1406 5308 1544 5364 Θεοῦ
1596 5310 1631 5379 ή
1678 5308 1800 5362 θεία

151 5408 374 5476 γραφή.
413 5402 537 5458 λοι.
1692 5402 1800 5457 203

220 5499 360 5551 Ὀτι
407 5499 625 5551 πᾶσαι
671 5496 729 5549 αἱ
766 5498 961 5569 ἀρεταὶ
1000 5499 1096 5551 καὶ
1144 5498 1324 5553 πάντα
1356 5497 1503 5552 κακὰ
1554 5496 1800 5568 ἀλλήλων

146 5592 534 5654 ὲκδέδενται,
596 5590 695 5644 καὶ
737 5590 980 5663 ὡσπερεὶ
1027 5591 1217 5655 ἆλυσίς
1259 5608 1345 5655 τις
1383 5591 1480 5663 μία
1526 5590 1628 5660 τῆς
1671 5590 1802 5660 μιᾶς

148 5684 468 5754 ἤρτηνται.
518 5689 616 5754 μ’.
1693 5681 1801 5736 204

216 5775 417 5833 Βαθέα
457 5780 613 5833 λίαν
643 5777 712 5831 τὰ
744 5777 842 5850 τῆς
870 5777 1048 5849 ψυχῆς
1075 5779 1306 5847 ταμεῖα,
1338 5778 1435 5849 τῆς
1463 5776 1569 5832 ἀπὸ
1603 5776 1802 5849 μέρους

561 5871 850 5933 ΡΑτῐιοι..
895 5873 1008 5934 Gn.
1055 5874 1321 5935 XXXIV.

1237 291 1675 349 HOMILIARUM
1713 290 1771 347 S.
1813 290 2096 346 MACARII
2135 290 2477 347 AEGYPTII.

3371 291 3478 350 522

1824 425 1862 477 Α
1966 408 2135 463 Docet
2176 407 2314 462 haec
2356 407 2616 472 homilia,
2668 408 2880 463 nullum
2930 411 3247 477 nominem,
3300 413 3408 468 nisi
3444 430 3477 469 a

1895 497 2115 554 Christo
2138 498 2579 564 corroboratum,
2597 498 2851 553 scandala
2874 501 3195 569 nequissimi
3215 517 3477 573 superam

1894 605 2077 660 posse,
2106 598 2164 644 et
2198 589 2330 660 quid
2378 590 2467 654 iis,
2504 590 2602 660 qui
2642 589 2885 645 divinam
2918 590 3151 661 gloriam
3189 602 3475 663 appetunt,

1894 680 2187 752 agendum.
2213 682 2385 738 Docet
2407 697 2648 752 quoque,
2679 697 2782 737 nos
2810 698 2909 752 per
2936 682 3369 739 inobedientiam
3407 685 3478 740 ad

1895 775 2221 829 servitutem
2245 775 2429 830 carnis
2459 775 2714 831 redactos
2748 791 2893 841 esse,
2931 791 3101 845 a'qua
3130 792 3233 847 per
3270 787 3477 849 myste-

1897 866 2042 920 rium
2069 867 2253 923 crucis
2280 867 2605 925 liberamur.
2648 868 2879 925 Instruit
2912 869 3154 940 denique
3201 886 3324 935 nos,
3359 886 3478 925 ma-

1894 971 2059 1026 gnam
2107 972 2230 1014 esse
2274 958 2630 1015 lacrimarum
2666 969 2725 1016 et
2769 961 2911 1032 ignis
2953 961 3128 1018 divini
3155 962 3476 1019 efﬁcaciam.

1894 1047 1985 1104 25.
3322 1100 3333 1115 ,
3374 1056 3478 1112 159

1967 1223 2044 1279 De
2068 1225 2355 1297 dignitate,
2389 1229 2747 1298 praestantia,
2772 1230 3029 1287 facultate
3055 1243 3113 1288 et
3148 1236 3480 1305 Operationi-

1896 1314 2001 1371 bus
2029 1316 2353 1375 immortalis
2378 1319 2614 1386 animae,
2640 1330 2697 1376 et
2728 1337 2836 1392 qua
2866 1324 3078 1379 ratione
3104 1341 3170 1380 ea
3207 1342 3237 1381 a
3280 1328 3479 1385 Satana

1897 1417 2144 1465 tentetur
2163 1420 2222 1466 et
2255 1411 2647 1468 liberationem
2680 1428 2712 1469 e
2746 1415 3148 1472 tentationibus
3170 1432 3479 1491 consequa-

1897 1507 2007 1563 tur.
2068 1501 2329 1560 Continet
2382 1520 2516 1559 vero
2563 1506 2916 1577 quaestiones
2956 1509 3222 1579 quasdam
3267 1527 3481 1569 summa

1896 1592 2146 1651 doctrina
2171 1596 2421 1653 refertas.
2453 1598 2546 1656 26.
3376 1608 3480 1664 111

1826 1769 1870 1829 Β
1965 1786 2298 1858 Dignitatem
2336 1798 2395 1846 et
2428 1796 2634 1847 statum
2664 1791 2967 1848 Christiani
2989 1794 3231 1851 hominis
3258 1797 3479 1869 copiosa

1895 1878 2144 1933 oratione
2166 1881 2523 1951 prosequitur
2545 1883 2684 1940 haec
2703 1883 2950 1951 homilia,
2980 1896 3043 1942 ut
3062 1896 3119 1943 et
3142 1904 3283 1959 quae
3313 1905 3479 1960 prae-

1894 1968 2060 2024 cedit.
2105 1970 2313 2027 Deinde
2345 1971 2414 2028 de
2448 1973 2626 2029 libero
2649 1975 2880 2031 arbitrio
2910 1978 3082 2033 multa
3116 1994 3227 2035 non
3253 1997 3480 2051 prorsus

1895 2062 2112 2118 inutilia
2138 2063 2321 2131 docet,
2345 2068 2638 2136 permixtis
2683 2070 3106 2140 quaestionibus
3147 2075 3480 2144 quibusdam

1895 2154 2112 2211 divinae
2139 2158 2439 2227 sapientiae
2458 2160 2655 2231 plenis.
2684 2162 2772 2216 27.
2808 2162 2819 2233 ε
3377 2169 3482 2224 156

1966 2248 2239 2305 Describit
2270 2267 2336 2306 ac
2373 2251 2628 2323 deplorat
2672 2254 2810 2312 haec
2852 2257 3079 2314 homilia
3113 2260 3481 2317 calamitatem

1895 2338 2133 2406 animae,
2155 2342 2212 2397 in
2233 2358 2342 2413 qua
2367 2355 2594 2416 propter
2631 2359 2917 2418 peccatum
2941 2366 3054 2405 non
3081 2351 3294 2408 habitat
3318 2353 3480 2409 Chri—

1895 2443 2033 2490 stus.
2070 2435 2140 2490 Et
2175 2436 2245 2492 de
2279 2437 2491 2496 Joanne
2506 2438 2791 2512 'Baptista,
2816 2443 2965 2514 quod
2994 2444 3140 2500 inter
3178 2457 3338 2503 natos
3360 2462 3484 2502 mu-

1895 2525 2097 2583 lierum
2123 2529 2311 2585 nullus
2344 2546 2412 2586 eo
2441 2533 2516 2588 sit
2534 2533 2729 2589 maior.
2753 2532 2843 2590 28.
3378 2539 3481 2595 167

1969 2703 2186 2774 Duplici
2225 2706 2437 2762 ratione
2472 2706 2939 2778 dispensationem
2977 2711 3183 2782 gratiae
3218 2713 3275 2768 in
3310 2729 3486 2785 genus

1900 2795 2203 2852 humanum
2228 2808 2453 2856 exercet
2476 2800 2645 2866 Deus,
2683 2801 2806 2858 eius
2848 2802 3063 2861 fructus
3098 2804 3246 2862 iusto
3275 2806 3485 2862 iudicio

1899 2885 2084 2943 denuo
2110 2887 2469 2959 repetiturus.
2501 2889 2592 2946 29.
3378 2896 3485 2951 170

1970 3068 2051 3123 Ex
2079 3067 2288 3139 Spiritu
2320 3078 2511 3125 saneto
2535 3070 2752 3125 renasci
2791 3080 3012 3141 oportet
3049 3070 3309 3139 animam,
3341 3088 3485 3144 quae

1898 3172 2127 3229 regnum
2164 3159 2263 3214 Dei
2304 3159 2622 3231 ingressura
2655 3169 2762 3228 est,
2795 3170 2855 3218 et
2894 3176 3005 3232 quo
3036 3173 3196 3233 pacto
3232 3164 3338 3220 hoc
3367 3164 3481 3220 ﬁat.

1898 3250 1987 3306 50.
3379 3256 3485 3312 174

1970 3343 2216 3399 Fidelem
2251 3354 2472 3415 oportet
2513 3346 2717 3401 mutari
2756 3345 2965 3414 animo,
3006 3357 3171 3420 atque
3218 3349 3277 3405 in
3309 3351 3484 3406 Deum

1897 3453 2093 3493 omnes
2116 3437 2479 3509 cogitationes
2507 3440 2789 3511 colligere,
2838 3441 2896 3495 in
2926 3442 3132 3513 quibus
3161 3458 3293 3500 vere
3320 3456 3485 3500 omne

1896 3531 2224 3602 obsequium
2248 3531 2496 3589 divinum
2523 3534 2792 3591 consistit.
2815 3534 2905 3590 51.
3382 3537 3487 3593 179

1967 3623 2155 3679 Gloria
2199 3623 2646 3681 Christianorum
2684 3626 2885 3682 amodo
2926 3626 2985 3682 in
3026 3627 3249 3683 illorum
3284 3629 3487 3685 animis

1897 3716 2050 3782 latet,
2084 3732 2226 3787 quae
2253 3727 2499 3789 tempore
2529 3719 2957 3775 resurrectionis
2984 3730 3251 3793 emerget,
3275 3732 3336 3778 et
3354 3721 3484 3777 illu-

1898 3807 2098 3863 strabit
2117 3822 2353 3887 corpora
2372 3824 2475 3879 pro
2500 3807 2667 3863 modo
2691 3823 2887 3864 eorum
2925 3808 3170 3880 pietatis.
3209 3810 3300 3866 52.
3377 3811 3483 3867 182

1969 4003 2353 4060 lndesinenter
2373 4014 2433 4062 et
2459 4013 2670 4063 attente
2701 4017 2923 4080 oportet
2944 4010 3059 4067 Deo
3077 4020 3205 4067 vota
3232 4011 3414 4069 facere
3429 4024 3489 4070 et

1898 4095 2134 4166 precari.
2168 4096 2258 4151 55.
3384 4105 3486 4161 187

1969 4186 2047 4242 De
2094 4188 2265 4259 gloria
2303 4187 2780 4257 Christianorum,
2829 4207 2939 4263 qua
2982 4208 3216 4265 corpora
3262 4194 3485 4252 illorum

1901 4278 1959 4334 in
2005 4281 2416 4337 resurrectione
2457 4282 2836 4355 dignabuntur
2871 4292 2929 4340 et
2966 4301 3094 4343 cum
3131 4287 3317 4344 anima
3360 4289 3489 4345 illu-

1902 4374 2244 4429 strabuntur.
2282 4375 2372 4430 54.
3382 4382 3486 4438 189

1834 4483 1879 4540 ι)
1973 4466 2050 4521 De
2079 4465 2310 4522 sabbato
2337 4467 2569 4538 antiquo
2584 4477 2643 4524 et
2665 4484 2826 4525 novo.
2859 4471 2949 4526 55.
3383 4474 3482 4531 191

1972 4658 2048 4714 De
2073 4657 2282 4729 duplici
2312 4658 2719 4715 resurrectione
2749 4659 3055 4715 animarum
3079 4672 3136 4718 et
3169 4678 3485 4737 corporum,

1899 4761 1957 4807 et
1986 4751 2205 4807 diversa
2229 4752 2635 4824 resurgentium
2668 4754 2860 4824 gloria.
2888 4754 2976 4809 56.
3384 4755 3487 4810 195

1973 4847 2049 4901 De
2074 4845 2331 4917 paradiso
2366 4856 2423 4901 et
2450 4847 2571 4919 lege
2605 4847 2904 4917 spirituali.
2937 4847 3025 4902 '57.
3381 4849 3485 4904 194

1972 5040 2245 5093 Accurato
2303 5038 2508 5094 iudicio
2577 5048 2741 5110 atque
2784 5040 3069 5095 intellectu
3121 5056 3261 5111 opus
3302 5052 3387 5097 est
3432 5041 3487 5095 in

1904 5130 2287 5186 discernendis
2320 5132 2467 5187 veris
2498 5131 2850 5197 Christianis,
2892 5141 2949 5186 et
2985 5132 3209 5203 quinam
3237 5133 3350 5188 sint
3376 5134 3490 5188 illi?

1980 5263 1994 5278 .
3382 5224 3488 5278 200

1980 5263 1994 5278 .
3382 5224 3483 5278 200

1904 5222 2057 5369 58Ad
2084 5314 2213 5385 quid
2251 5315 2539 5387 Scriptura
2571 5314 2759 5370 divina
2781 5315 2944 5371 nobis
2978 5331 3009 5370 a
3030 5315 3145 5371 Deo
3174 5315 3373 5371 donata
3392 5319 3483 5374 sit.

1906 5405 1995 5463 '59.
3378 5410 3485 5465 205

1976 5496 2219 5552 Cunctas
2245 5497 2481 5553 virtutes
2508 5507 2564 5552 et
2593 5510 2792 5554 cuncta
2820 5500 2956 5555 vitia
2984 5500 3128 5556 inter
3167 5517 3225 5557 se
3256 5501 3485 5573 colliga—

1908 5600 1960 5645 ta
2014 5606 2136 5646 esse
2174 5601 2231 5646 et
2268 5591 2421 5645 velut
2462 5602 2710 5646 catenam
2741 5608 2905 5647 unam
2951 5592 3020 5649 ab
3065 5593 3238 5649 altera
3276 5593 3486 5663 depen-

1907 5682 2059 5739 dere.
2096 5682 2183 5737 40.
3380 5684 3488 5741 201

1978 5774 2257 5833 Profunda
2304 5776 2465 5833 valde
2512 5786 2643 5833 sunt
2689 5776 2994 5850 penetralia
3045 5778 3289 5849 animae,
3346 5793 3489 5851 quae

3051 5871 3117 5944 11
