3950 6554
493 291 598 347 525

1612 283 1817 340 PETRI
1856 276 2116 338 POSSINI
2156 276 2673 335 PROLEGOMENA
3651 274 3737 333 324

492 406 754 480 paulatim
801 404 1139 460 incrementa
1182 403 1388 474 gratiae
1426 413 1522 459 aut
1547 403 1810 458 vitiorum
1848 400 2066 470 accipit.

2205 401 2238 469 ᾗ
2285 397 2466 469 χάριτι
2515 398 2611 451 καὶ
2638 399 2760 461 ταῖς
2789 397 3008 461 κακίαις
3039 395 3534 468 συναυξανομένης.
3568 403 3675 467 μα’.
3704 398 3715 466 |

492 502 582 557 ιι.
618 501 628 571 ι
1969 493 2069 547 207

562 594 683 649 Non
704 603 953 657 externa,
988 590 1087 648 sed
1128 591 1345 647 interna
1373 600 1699 660 promovent
1723 598 1819 643 aut
1847 586 2074 642 laedunt

494 684 797 749 hominem,
821 682 990 739 veluti
1021 681 1248 752 spiritus
1271 680 1478 751 gratiae
1507 688 1603 734 aut
1629 678 1857 749 spiritus
1880 676 2074 746 nequi-

494 776 623 830 tiae.
654 775 743 830 42.
1968 766 2072 822 209

564 868 642 922 De
694 881 986 937 progressu
1060 862 1165 918 viri
1233 861 1558 926 christiani,
1616 861 1776 916 cuius
1822 869 1936 915 tota
1989 858 2075 914 vis

493 974 560 1015 ex
582 958 747 1014 corde
770 956 1060 1028 dependet,
1082 965 1143 1010 ut
1165 955 1255 1010 hic
1278 954 1430 1010 varie
1450 952 1802 1009 describitur.
1829 952 1918 1007 45.
1970 951 2076 1006 210

563 1051 831 1117 Quantam
858 1050 915 1103 in
938 1048 1161 1103 homine
1192 1047 1495 1103 christiano
1520 1045 1881 1102 mutationem
1902 1053 1958 1099 et
1983 1059 2074 1099 re-

494 1144 845 1200 novationem
876 1143 1039 1198 faciat
1064 1142 1336 1208 Christus,
1365 1140 1461 1213 qui
1502 1140 1720 1197 animae
1753 1138 2076 1195 atl‘ectiones

493 1251 558 1291 ac
582 1236 803 1291 morbos
841 1234 1073 1290 sanavit.
1104 1235 1193 1289 44.
1969 1229 2076 1285 215

562 1426 724 1482 Nulla
769 1441 859 1481 ars
904 1431 1000 1479 aut
1044 1423 1269 1479 divitiae
1315 1421 1483 1477 huius
1525 1419 1755 1487 mundi,
1802 1418 1897 1475 sed
1926 1419 2075 1474 solus

493 1521 697 1579 Christi
728 1520 998 1576 adventus
1022 1533 1213 1573 sanare
1250 1515 1526 1571 hominem
1549 1521 1748 1584 potest,
1780 1513 1938 1567 cuius
1957 1527 2074 1566 ma-

495 1615 699 1669 ximam
732 1628 858 1668 cum
882 1612 994 1667 Deo
1018 1608 1399 1681 cognationem
1446 1608 1585 1662 haec
1624 1604 1852 1661 homilia
1897 1604 2074 1675 expli-

496 1717 603 1761 cat.
638 1706 731 1761 45.

1970 1694 2074 1750 9.19
2108 1755 2139 1760 Α
2178 1689 2394 1758 γένειαν
2422 1688 2560 1760 αὕτη
2599 1691 2633 1760 ὴ
2656 1688 2843 1760 ὁμιλία
2881 1689 3260 1759 ἀποφαίνεται.
3308 1695 3413 1760 με’.

3649 488 3740 543 ΞΠ

2244 585 2336 657 Μὴ
2356 584 2425 638 τὰ
2449 583 2670 651 ἔξωθεν,
2701 583 2839 638 ἀλλὰ
2860 584 2930 639 τὰ
2955 582 3166 638 ἔνδοθεν
3196 582 3430 655 προάγει
3461 581 3495 652 ἢ
3528 580 3743 651 βλάπτει

2173 679 2264 733 τὸν
2297 678 2605 750 ἄνθρωπον,
2651 677 2853 751 δηλαδὴ
2896 678 2958 731 τὸ
2981 678 3077 749 τῆς
3106 676 3328 749 χάριτος
3357 674 3664 745 πνεῦμα,ἢ
3692 674 3747 728 τὸ

2174 770 2395 841 πνεῦμα
2429 769 2529 841 τῆς
2557 769 2841 841 πονηρίας.
2891 770 2999 841 μβ’.
3649 765 3749 822 209

2247 863 2382 934 Περὶ
2420 862 2521 933 τῆς
2574 862 2860 933 προκοπῆς
2906 861 3001 915 τοῦ
3051 860 3381 933 Χριστιανοῦ
3428 860 3658 932 ἀνδρὸς,
3687 854 3750 928 ἧς

2175 957 2327 1010 πᾶσα
2351 956 2386 1027 ἡ
2409 955 2635 1026 δύναμις
2659 956 2724 1009 ὲκ
2748 955 2850 1025 τῆς
2879 954 3107 1026 καρδίας
3130 953 3563 1025 ἀποκρεμαμένη
3584 952 3750 1014 ἐστὶν,

2174 1048 2365 1118 ὥσπερ
2396 1046 2655 1110 ποικίλως
2696 1046 2932 1100 ἐνταῦθα
2974 1046 3358 1116 διαγράφεται.
3400 1042 3512 1115 μγῆ
3654 1042 3753 1098 210

2247 1140 2414 1193 Ποίαν
2475 1138 2536 1191 ὲν
2593 1137 2868 1212 ἀνθρώπῳ
2921 1135 3233 1209 Χριστιανῷ
3293 1134 3597 1207 μεταϐολὴν
3665 1135 3753 1189 καὶ

2175 1228 2514 1285 ἀνακαίνισιν
2538 1228 2922 1301 ἀπεργάζηται
2948 1230 2978 1282 ό
3004 1228 3261 1301 Χριστὸς,
3297 1228 3329 1280 ὁ
3358 1227 3430 1282 τὰ
3454 1227 3555 1298 τῆς
3582 1227 3754 1298 ψυχῆς

2176 1322 2324 1393 πάθη
2367 1323 2461 1375 καὶ
2488 1321 2676 1386 νόσους
2708 1321 3075 1393 θεραπεύσας.
3117 1321 3223 1393 μδθ.
3657 1319 3755 1374 215

2247 1412 2487 1483 Οὐδεμία
2512 1414 2699 1484 τέχνη,
2730 1414 2790 1467 οὑ
2824 1413 3055 1477 πλοῦτος
3081 1413 3275 1467 τούτου
3305 1411 3402 1467 τοῦ
3444 1411 3675 1483 κόσμου,
3711 1412 3754 1464 εί

2180 1505 2256 1576 μὴ
2298 1506 2435 1576 μόνη
2473 1506 2629 1576 ἡτοῦ
2668 1505 2907 1579 Χριστοῦ
2952 1506 3246 1574 ἐπιφάνεια
3286 1504 3631 1577 θεραπεῦσαι
3671 1504 3755 1557 τὸν

2177 1598 2463 1670 ἄνθρωπον
2490 1599 2736 1662 δύναται,
2768 1593 2829 1654 οὗ
2865 1598 3132 1670 μεγίστην
3173 1598 3313 1671 πρὸς
3341 1599 3433 1651 τὸν
3464 1597 3601 1651 Θεὸν
3628 1613 3755 1665 συγ-

3657 1688 3756 1743 219

575 1796 649 1850 De
681 1791 991 1849 differentia
1012 1790 1157 1845 inter
1176 1787 1407 1843 verbum
1437 1787 1536 1842 Dei
1568 1796 1624 1843 et
1657 1785 1802 1841 inter
1839 1784 2069 1840 verbum

2249 1780 2387 1852 Περὶ
2415 1781 2515 1851 τῆς
2542 1755 2807 1853 διαφορᾶς
2836 1781 2933 1835 τοῦ
2959 1755 3019 1835 τε
3058 1782 3221 1851 λόγου
3244 1755 3342 1835 τοί]
3378 1781 3515 1835 Θεοῦ
3540 1781 3637 1836 καὶ⁸
3672 1781 3756 1835 τοῦ

496 1885 720 1951 mundi,
763 1894 823 1940 et
858 1884 1005 1939 inter
1057 1881 1199 1937 ﬁlios
1259 1879 1358 1935 Dei
1415 1887 1473 1935 et
1518 1880 1664 1936 inter
1720 1878 1862 1933 ﬁlios
1907 1878 2073 1933 huius

496 1977 709 2031 mundi.
734 1977 821 2031 46.
1444 1984 1451 1991 ‘
1968 1969 2074 2023 225

564 2069 869 2139 Explicatio
910 2068 1200 2139 allegorica
1238 2065 1585 2137 quorundam
1619 2063 1723 2119 sub
1754 2063 1873 2134 lege
1898 2062 2073 2117 facto-

496 2177 639 2216 rum.
668 2162 757 2215 47.
1970 2154 2073 2208 227

565 2254 642 2307 De
681 2252 923 2322 perfecta
956 2251 1063 2307 ﬁde
1091 2251 1147 2306 in
1176 2252 1371 2307 Deum.
1410 2251 1499 2305 48.
1967 2247 2075 2301 254

566 2344 686 2398 Non
724 2345 859 2400 satis
897 2351 1003 2409 est,
1037 2344 1202 2399 huius
1247 2342 1453 2398 saeculi
1488 2340 1719 2397 delicias
1757 2340 2074 2410 reliquisse,

2179 1873 2336 1943 λόγου
2362 1873 2457 1927 τοῦ
2485 1873 2714 1944 κόσμου,
2740 1875 2835 1929 καὶ
2865 1873 2977 1927 τῶν
2999 1873 3205 1927 τέκνων
3226 1872 3322 1927 τοῦ
3348 1872 3507 1937 Θεοῦ,
3533 1874 3633 1929 καὶ
3658 1875 3758 1926 τῶν

2179 1966 2386 2020 τέκνων
2407 1965 2599 2020 τούτου
2621 1965 2716 2019 τοῦ
2742 1966 2973 2036 κόσμου.
3003 1972 3123 2037 μςν.
3655 1965 3755 2020 225

2266 2057 2630 2130 Ἀλληγορικὴ
2663 2058 3017 2129 παράφρασις
3062 2059 3171 2112 τῶν
3205 2057 3309 2111 ὑπὸ
3341 2056 3506 2127 νόμον
3537 2074 3761 2127 γεγενηο

2186 2152 2382 2223 μένων.
2422 2151 2530 2223 μζη
3656 2148 3755 2202 227

2251 2243 2387 2315 Περὶ
2413 2244 2513 2315 τῆς
2536 2242 2750 2307 τελείας
2781 2242 3020 2307 πίστεως
3046 2243 3128 2306 είς
3161 2243 3313 2298 Θεόν.
3341 2250 3455 2316 μην.
3660 2241 3760 2297 254

2254 2334 2366 2387 Οὐκ
2394 2335 2646 2404 ἐπαρκεῖ,
2665 2334 2765 2405 τῆς
2782 2334 2994 2405 τρυφῆς
3017 2335 3209 2388 τούτου
3232 2333 3327 2387 τοῦ
3353 2334 3563 2405 κόσμου
3592 2332 3759 2387 ἀπαλ-

496 2436 601 2490 nisi
623 2436 747 2507 quis
771 2436 1001 2491 alterius
1020 2436 1225 2493 saeculi
1255 2434 1653 2491 beatitudinem
1682 2442 2073 2503 consequatur.

2205 2426 2429 2497 αγῆναι,
2456 2426 2557 2481 ἐὰν
2585 2427 2659 2499 μή
2689 2443 2774 2491 τις
2800 2427 2901 2497 τὴν
2931 2426 3210 2498 μακαρίαν
3240 2426 3400 2482 ἄλλου
3426 2426 3525 2481 τοῦ
3557 2427 3758 2497 κόσμου

575 2566 588 2579 .
1142 2570 1143 2573 η
1973 2521 2078 2575 257
2181 2518 2342 2579 λάϐῃ.
2378 2519 2486 2579 μο’.
2518 2572 2519 2575 η
3664 2520 3760 2574 257

496 2524 588 2581 49.
1142 2570 1143 2573 η
1973 2521 2073 2575 257

568 2616 713 2671 Deus
736 2625 842 2681 est,
875 2614 971 2686 qui
1000 2630 1099 2688 per
1121 2623 1341 2670 sanctos
1378 2626 1508 2667 suos
1544 2620 1602 2666 et
1642 2616 1925 2665 creaturas
1962 2608 2073 2663 edit

2205 2520 2283 2573 .ἁὸ
2329 2558 2342 2573 .
2421 2520 2519 2575 0'-
3664 2520 3759 2574 257

2246 2536 2554 2676 Θξὸςμὲστιν
2581 2614 2610 2667 ὁ
2653 2612 2743 2667 διὰ
2770 2612 2878 2667 τῶν
2905 2612 3074 2682 ἁγίων
3101 2612 3266 2667 αὐτοῦ
3308 2610 3759 2683 Θαυματουργῶν.

497 2704 783 2760 miracula.
810 2703 898 2762 50.
1971 2698 2079 2752 240
2177 2711 2239 2757 ν’.
3662 2702 3761 2757 240

495 2883 809 2953 [Sequuntur
847 2885 1081 2938 Locorum
1120 2882 1405 2950 Scripturae
1449 2881 1535 2947 qui
1576 2880 1627 2934 in
1670 2880 1889 2933 homiliis
1911 2880 2315 3010 cimng
2358 2885 2535 2937 Rerum
2573 2880 2958 2937 menwrabilium
2981 2883 3173 2935 indices
3212 2882 3343 2946 duo,
3367 2882 3486 2935 dein
3521 2881 3762 2935 Homiliae

524 3136 1668 3168 Ἢ

1608 3136 3753 3169 W

857 3329 1222 3419 PETRI
1298 3327 1774 3422 POSSINI
1850 3328 2102 3421 SOC.
2173 3329 2415 3419 JES.
2488 3326 3429 3423 PROLEGOMENA.

770 3524 870 3585 AD
909 3522 1299 3586 OPUSCULA
1343 3522 1407 3583 S.
1449 3523 1767 3585 MACARII
1808 3521 2160 3582 AEGYPTII
2201 3523 2298 3583 AB
2338 3470 2506 3584 IPSO
2546 3524 2854 3587 PRIMUM
2894 3524 3121 3587 EDITA
3161 3526 3241 3588 IN
3284 3505 3521 3588 LiBRO

1890 3625 2014 3686 CUI
2051 3625 2375 3689 TITULUS
2396 3643 2411 3688 :

500 3774 794 3834 Thesaurus
820 3774 1071 3829 asceticus
1093 3774 1201 3829 sive
1225 3770 1523 3843 Syntagma
1548 3772 1932 3843 Opusculorum
1956 3773 2239 3828 octodecim
2267 3791 2301 3828 a
2323 3775 2527 3845 graecis
2557 3775 2685 3829 olim
2713 3774 2962 3831 Patribus
2988 3777 3052 3831 de
3079 3793 3136 3831 re
3173 3778 3396 3832 ascetica
3431 3778 3770 3848 scriptorum.

569 3868 655 3926 Ea
686 3885 826 3923 nunc
851 3868 1082 3938 primum
1105 3864 1365 3937 prodeunt
1391 3880 1419 3918 e
1442 3865 1808 3921 vetustissimis
1851 3883 1979 3921 mss.
2020 3866 2279 3921 codicibus
2312 3876 2486 3921 eruta.
2522 3866 2815 3923 Collectore
2847 3879 3006 3940 atque
3045 3870 3332 3940 interprete
3362 3870 3526 3925 Petro
3554 3869 3771 3923 Possino

568 3959 829 4014 societatis
852 3956 999 4013 Iesu.
1025 3955 1268 4028 [Tolosae
1302 3962 1351 4008 et
1376 3956 1683 4030 vaeneunt.]
1709 3958 1931 4014 Parisiis
1960 3958 2103 4030 apud
2132 3958 2424 4014 Antonium
2454 3959 2751 4028 Dezallier,
2773 3962 2829 4015 in
2856 3962 2968 4016 vico
3001 3960 3397 4018 Sun-Jacoban
3422 3965 3492 4019 ad
3508 3965 3771 4022 Coronam

573 4052 825 4105 auream;
849 4045 1272 4104 MDCLXXXIV.
1301 4043 1437 4101 Cum
1464 4048 1845 4119 approbatione
1872 4058 1921 4104 et
1953 4047 2227 4120 privilegio
2264 4049 2343 4103 4°.

603 4233 615 4303 ι
648 4232 952 4288 Venerando
978 4234 1034 4287 in
1058 4230 1263 4288 Christo
1288 4230 1441 4285 Patri
1469 4231 1659 4286 domno
1682 4231 1881 4287 Joanni
1910 4232 1983 4287 Le
2011 4232 2168 4288 Houa:
2197 4230 2477 4289 Cartusiae
2503 4228 2794 4288 Tolosanae
2819 4232 2996 4290 Priori
3038 4236 3343 4308 dignissimo
3368 4236 3562 4293 Petrus
3598 4237 3775 4292 Possi'

504 4347 605 4385 nus
632 4330 896 4385 societatis
927 4327 1053 4384 Iesu
1081 4328 1309 4383 salutem
1336 4329 1392 4382 in
1427 4326 1632 4383 Christo
1665 4346 1865 4383 veram.

576 4420 715 4477 Cum
745 4419 840 4489 qui
872 4421 1180 4473 thesaurum
1212 4418 1271 4473 in
1292 4417 1405 4472 solo
1434 4418 1610 4473 alieno
1640 4419 1869 4490 reperit,
1907 4420 2320 4477 communicare
2348 4421 2504 4476 illum
2530 4420 2755 4477 domino
2783 4423 2899 4494 agri
2925 4421 3138 4492 legibus
3172 4424 3547 4495 Augustorum
3587 4425 3781 4481 iubea-

508 4528 598 4573 tur
631 4516 730 4588 (l),
769 4516 919 4571 hunc
948 4508 1227 4569 asceticum
1260 4530 1293 4569 a
1324 4529 1415 4570 me
1448 4514 1731 4570 inventum
1751 4515 1808 4570 in
1826 4518 2198 4572 monumentis
2219 4517 2677 4573 anachoretarum
2707 4527 2764 4573 et
2792 4518 3207 4574 coenobitarum
3230 4518 3493 4574 Graeciae
3507 4520 3718 4575 veteris
3731 4518 3781 4571 ei

508 4627 596 4666 me
624 4617 1041 4681 repraesentare
1078 4608 1284 4664 debere
1311 4606 1553 4663 familiae
1572 4608 1773 4674 sentio,
1805 4624 1948 4679 quae
1977 4609 2123 4666 vitae
2149 4610 2429 4666 solitariae
2454 4625 2518 4666 ac
2542 4610 2764 4667 socialis
2790 4610 2991 4666 decora
3012 4611 3069 4665 in
3099 4626 3158 4667 se
3185 4627 3295 4666 una
3314 4612 3600 4683 colligens,
3632 4612 3782 4666 bona

508 4713 706 4759 cuncta
726 4702 1039 4773 priscarum
1057 4701 1141 4758 vel
1170 4701 1583 4756 anachoreseon
1602 4702 1691 4756 vel
1710 4701 2037 4758 societatum
2064 4702 2404 4760 hereditaria
2427 4702 2777 4759 successione
2800 4703 3120 4760 transmissa
3144 4705 3275 4775 jure
3301 4704 3584 4774 possidere
3609 4717 3785 4774 quam

507 4794 720 4864 optimo
752 4792 1007 4848 creditur

580 4888 726 4942 Haec
755 4887 874 4942 sine
904 4886 1077 4942 dubio
1109 4901 1263 4942 sacra
1291 4884 1619 4942 Cartusiana
1658 4886 1873 4958 Religio
1916 4898 2020 4954 est,
2057 4887 2193 4944 orbe
2235 4899 2353 4945 toto
2392 4889 2699 4944 clarissima
2744 4904 3067 4960 summeque
3105 4889 3461 4945 venerabilis.
3508 4888 3621 4943 Nec
3648 4901 3790 4941 vero

508 4978 863 5051 quaerendus
894 4977 1087 5048 procul
1116 4987 1235 5040 est,-
1253 4976 1344 5031 cui
1374 4976 1626 5033 debitum
1660 4977 1766 5032 hoc
1788 4977 2101 5048 depositum
2142 4979 2461 5050 consignem
2495 4998 2507 5033 :
2538 4979 2614 5034 Te
2648 4979 2859 5035 habens
2896 4996 3029 5050 prae
3063 4980 3258 5045 oculis,
3293 4979 3302 5050 |
3334 4978 3792 5034 uenerabilium:

507 5088 681 5149 pater,
707 5075 993 5145 Tuamque
1022 5075 1181 5130 istam
1209 5090 1241 5128 a
1266 5073 1344 5129 Te
1367 5074 1769 5145 sapientissime
1799 5075 2319 5145 religiosissimeque
2345 5076 2704 5146 gubernatam
2742 5074 3069 5131 Tolosauam
3094 5075 3422 5131 Cartusiam.

578 5168 1053 5237 Quemadmodum
1082 5168 1162 5223 Tu
1196 5169 1444 5223 omnium
1464 5167 1783 5238 praesidum
1808 5168 1970 5239 istius
1993 5169 2326 5223 sanctissimi
2357 5168 2589 5232 ordinis,
2626 5168 2723 5238 qui
2747 5184 2986 5238 unquam
3015 5169 3240 5225 fuerunt
3259 5179 3355 5225 aut
3382 5169 3593 5240 us’piam
3629 5176 3793 5225 sunt.

510 5262 585 5316 ita
633 5263 728 5317 illa
770 5262 1233 5318 communitatum
1280 5262 1624 5333 reliquarum
1668 5263 1772 5317 sub
1807 5261 1863 5317 S.
1909 5264 2186 5319 Brunonis
2218 5264 2513 5335 disciplina
2541 5264 2713 5320 Deum
2746 5265 3044 5320 colentium
3078 5263 3213 5320 locis
3252 5264 3454 5334 passim
3481 5262 3659 5317 variis
3696 5276 3800 5331 per

510 5357 790 5426 Europam
818 5356 1154 5421 universam,
1207 5357 1431 5427 plenum
1474 5354 1649 5410 instar
1685 5356 1982 5423 exhibetis,
2026 5366 2087 5413 ut
2121 5357 2393 5429 quidquid
2439 5359 2729 5429 utriusque
2770 5360 2988 5430 generis
3024 5370 3309 5429 praestans
3344 5358 3805 5431 admirabileque

511 5447 643 5501 alibi
676 5448 1037 5519 conspicitur,
1070 5448 1126 5503 in
1154 5449 1312 5505 vobis
1350 5447 1554 5503 illustri
1577 5449 1870 5504 collectum
1893 5451 2244 5521 compendio,
2272 5463 2330 5510 et
2349 5455 2505 5524 quasi
2528 5453 2777 5510 refractis
2795 5453 2850 5508 in
2876 5462 3129 5509 centrum
3152 5452 3399 5525 undique
3426 5452 3595 5507 radiis
3628 5452 3799 5506 lucu-

480 5614 487 5625 '
512 5540 690 5593 Ιριιιρτ
726 5556 837 5595 UllO
864 5557 1186 5613 CXPI‘CSSUIH
1222 5558 1349 5597 aere
1375 5557 1616 5596 COIICRVO
1647 5558 1941 5598 cernamus

2040 5636 2291 5694 NOTAE.

588 5726 665 5799 (l)
695 5726 828 5782 Cod.
859 5728 1133 5786 Thcodos.
1169 5730 1264 5785 lib.
1302 5730 1348 5783 Χ
1381 5731 1463 5786 tit.
1496 5731 1680 5786 XVIII.
