3950 6552
261 238 353 339 52.6
1230 277 1321 332 AD
1361 275 1720 335 OPUSCULA
1757 280 1816 337 s.
1856 279 2137 338 manu
2180 282 2519 339 AEGYPTII.
3104 321 3107 325 μ
3391 291 3497 349 δεθ

320 400 433 457 Non
456 412 657 468 evagor
675 406 832 452 extra
856 396 955 462 Te,
990 395 1120 451 dum
1145 398 1557 454 communitatis
1583 400 1706 455 Tibi
1739 401 2063 456 commissae
2093 401 2321 473 gloriam
2354 417 2643 472 exsequor.
2686 401 2949 474 Corporis
2984 405 3070 461 vis
3112 417 3170 463 et
3196 406 3296 463 flos
3327 410 3501 465 totius

263 495 313 549 in
335 489 509 560 capite
535 489 776 553 residet;
804 489 932 543 inde
962 488 1147 559 vigent
1169 505 1387 555 sensus,
1416 491 1603 546 valent
1636 502 1819 558 artus;
1850 502 2055 557 motus,
2092 492 2346 559 facultas,
2374 495 2557 551 omnis
2594 497 2739 551 actio
2765 512 2833 551 eo
2869 496 3089 552 laudem
3134 499 3220 553 sui
3256 500 3498 558 referant

259 592 331 645 fas
348 596 449 651 est,
482 585 631 641 unde
659 585 929 656 originem
958 595 1016 641 et
1041 585 1287 656 vigorem
1314 586 1504 655 utique
1531 587 1778 643 trahunt.
1805 587 1918 643 Nec
1941 587 2215 658 gratuitas
2243 588 2333 645 hic
2356 588 2481 644 Tibi
2504 589 2713 645 otiosae
2739 589 3018 645 felicitatis
3046 590 3259 647 fructus
3275 604 3379 658 est,
3402 596 3500 650 sed

257 677 512 735 sollicitae
542 687 600 733 et
628 678 789 732 enixe
812 677 1077 733 certantis
1106 686 1411 747 proventus
1439 676 1776 743 industriae;
1806 693 1988 744 curas,
2021 679 2241 751 satagis,
2267 681 2578 747 contendis,
2606 680 2984 737 indesinenter
3006 691 3252 739 attentus
3279 683 3501 754 vigiliae

254 772 631 841 custodiaeque
682 772 862 843 gregis
888 771 1014 826 Tui.
1057 771 1235 827 Verbo
1272 771 1537 828 admones
1573 773 1824 843 exemplo
1862 784 2195 840 monstrans,
2240 776 2529 831 nocturnis
2576 792 2751 847 aeque
2802 763 3130 847 diurnisque
3179 779 3502 848 psalmodiis

252 863 653 933 assiduissimus
690 863 1382 934 persevcrantissimusque
1426 874 1757 936 praecentor
1792 876 1850 922 et
1883 867 2173 939 choragus.
2218 869 2565 925 Novitiorum
2607 869 2955 925 institutione
2994 870 3110 940 ipse
3150 870 3496 943 defungeris;

253 959 359 1027 ipse
389 953 703 1008 iunioribus
734 953 997 1024 professis
1020 964 1446 1010 consentaneam
1471 956 1551 1011 illi
1582 956 1751 1011 statui
1781 957 2055 1013 culturam
2089 961 2373 1030 impertis;
2416 962 2532 1032 ipse
2559 962 2823 1017 curandis
2853 962 3265 1034 dirigendisque
3297 981 3498 1035 prove-

249 1048 509 1105 etioribus
530 1062 641 1101 non
666 1046 845 1101 oﬂicia
876 1047 1054 1101 solum
1085 1056 1283 1102 cuncta
1314 1048 1545 1103 exhibes
1583 1047 1797 1102 ordinis
1832 1050 2321 1108 constitutionibus
2354 1052 2713 1123 praescripta,
2754 1051 2851 1108 sed
2883 1062 2940 1108 et
2971 1068 3329 1126 supererogas
3357 1072 3500 1128 quae

249 1144 412 1200 multa
433 1142 695 1211 variaque
718 1140 775 1195 in
806 1155 923 1196 rem
952 1151 1300 1211 praesentem
1330 1151 1643 1212 opportune
1671 1143 1915 1212 suggerit
1941 1143 2161 1199 solertis
2194 1144 2476 1214 ingenium
2511 1145 2777 1200 caritatis.

309 1236 453 1290 Ilaec
475 1243 607 1288 sunt
636 1248 838 1289 arcana
860 1242 1080 1299 vestra;
1124 1233 1193 1288 de
1211 1234 1414 1303 quibus
1443 1249 1510 1289 eo
1536 1233 1756 1304 parcius
1779 1233 1967 1290 dicere
1996 1234 2264 1306 cogimur,
2302 1235 2451 1306 quod
2480 1235 2675 1291 talium
2710 1235 2907 1291 notitia
2942 1251 3052 1291 non
3095 1237 3204 1293 nisi
3241 1236 3395 1292 tenui
3425 1233 3497 1292 ad

242 1345 336 1385 nos
355 1340 614 1385 externos
645 1329 811 1383 odore
844 1328 1186 1398 transspirat.
1230 1329 1327 1384 Illa
1359 1329 1467 1384 iam
1506 1330 1828 1402 percutiunt
1860 1345 2057 1386 sensus
2099 1330 2364 1401 apertius.
2392 1331 2500 1386 Per
2540 1346 2639 1385 vos
2677 1330 2828 1386 illata
2860 1331 3025 1385 hodie
3055 1333 3291 1387 urbibus
3319 1332 3496 1387 eremi

240 1424 517 1489 sanctitas,
546 1434 628 1487 ut,
660 1438 785 1478 cum
814 1423 1010 1494 primis
1040 1423 1386 1482 Christianae
1414 1429 1712 1482 memoriae
1737 1427 1976 1482 saeculis
2002 1427 2269 1483 ecclesiae
2292 1443 2356 1482 ac
2388 1427 2523 1483 cieri
2567 1428 2871 1499 angelicam
2898 1428 3357 1484 anachoretarum
3403 1430 3491 1484 vi-

240 1534 343 1579 tam
387 1536 503 1575 non
550 1521 710 1576 aliter
738 1536 905 1591 quam
953 1522 1129 1577 famae
1172 1522 1472 1594 longinqua
1519 1524 1799 1579 narrantis
1826 1523 2033 1580 indicio
2083 1533 2498 1595 cognoscerent,
2531 1523 2815 1592 mariaque
2849 1538 2914 1577 ac
2955 1522 3067 1578 lata
3115 1531 3390 1577 terrarum
3437 1538 3498 1579 se

234 1620 539 1676 obiicerent
572 1617 746 1688 spatia
775 1628 1026 1687 spectare
1066 1618 1217 1673 illam
1258 1620 1597 1690 optantibus,
1633 1619 1851 1675 meliori
1883 1620 1990 1674 iam
2027 1630 2177 1675 sorte
2207 1619 2414 1675 nostris
2456 1617 2799 1674 felicioribus
2834 1628 3115 1673 reservata
3150 1619 3499 1689 temporibus

233 1711 438 1770 Nitrias
464 1721 522 1766 et
550 1710 860 1767 Thebaides
888 1726 999 1765 non
1032 1710 1195 1765 modo
1214 1711 1357 1767 intra
1385 1710 1793 1776 Continentem,
1813 1712 1953 1767 citra
1985 1727 2157 1776 mare,
2193 1711 2289 1766 sed
2317 1712 2371 1766 in
2393 1711 2746 1775 suburbanis,
2780 1711 2876 1767 sed
2905 1712 3049 1767 intra
3076 1712 3191 1783 ipsa
3212 1714 3497 1770 civitatum

232 1804 607 1874 frequentium
647 1802 866 1858 moenia
888 1801 1177 1857 videamus
1198 1802 1299 1874 (2),
1325 1803 1737 1873 opportunitate
1769 1818 1882 1856 non
1910 1801 1979 1856 ad
2008 1801 2308 1872 spectaculi
2349 1801 2522 1871 magis
2567 1801 2869 1856 novitatem
2904 1800 2913 1871 |
2945 1801 3230 1871 expetibili
3283 1814 3380 1858 aut
3426 1803 3496 1859 ad

233 1896 632 1951 iucunditatem
658 1934 675 1962 ,
728 1910 894 1966 quam
946 1896 1033 1951 vel
1081 1894 1336 1965 inprimis
1371 1894 1441 1950 ad
1480 1894 1649 1950 animi
1700 1894 1945 1951 fructum
1983 1903 2040 1950 et
2083 1909 2302 1949 morum
2344 1893 2404 1948 in
2447 1893 2791 1949 intuentibus
2839 1895 3282 1951 emendationem
3325 1910 3497 1966 quae~

228 1998 437 2046 ειυοεθ.

296 2081 505 2148 Quidni
555 2082 662 2136 hoc
684 2091 944 2152 putemus
977 2090 1132 2138 tanto
1172 2092 1298 2138 ante
1320 2081 1665 2153 praedictum
1696 2083 1766 2137 ab
1789 2082 1926 2138 Isaia
1964 2082 2152 2139 verbis
2185 2082 2332 2137 illis:
2367 2081 2677 2136 Laetabitur
2700 2081 2907 2136 deserta
2934 2091 2981 2136 et
3007 2083 3172 2147 invia,
3209 2092 3257 2137 et
3284 2082 3495 2138 exulta-

228 2181 297 2236 bit
323 2179 579 2243 solitudo,
610 2190 660 2234 et
689 2180 893 2251 ﬂorebit
927 2182 1079 2251 quasi
1103 2180 1277 2235 lilium
1300 2180 1377 2253 ('5)
1399 2180 1422 2233 ?
1445 2180 1845 2251 Attemperavit
1875 2195 1934 2236 se
1957 2180 2214 2235 videlicet
2252 2179 2522 2233 industria
2551 2177 2796 2233 caritatis
2823 2177 3096 2233 humanae
3122 2177 3413 2244 debilitati,
3441 2189 3495 2233 et

227 2276 374 2329 velut
404 2290 481 2330 ne
503 2289 639 2329 suus
658 2275 922 2344 squallor,
947 2276 1155 2338 larvam
1178 2276 1371 2334 virtuti
1412 2277 1738 2333 horribilem
1763 2278 2019 2343 induens,
2048 2276 2192 2333 odiis
2215 2291 2335 2331 eam
2358 2274 2791 2345 imprudentium
2819 2274 3107 2340 obiiceret,
3127 2277 3291 2346 spinis
3323 2292 3496 2346 quae—

227 2363 348 2420 dam
387 2365 513 2420 suis
540 2364 729 2421 insivit
759 2364 907 2432 lilia;
935 2365 1181 2421 ﬂoridior
1209 2383 1476 2438 apparere
1516 2369 1815 2435 sustinuit;
1843 2379 1900 2425 et
1925 2369 2306 2423 austeritatem
2346 2358 2497 2421 intus
2528 2363 2836 2420 recondens
2876 2379 3030 2418 suam
3069 2365 3361 2420 tectorium
3389 2366 3495 2422 sibi

222 2463 595 2519 circumdedit
620 2467 939 2530 amoenius;
978 2465 1117 2520 nihil
1166 2466 1272 2521 sibi
1293 2467 1516 2535 quidem
1551 2468 1845 2539 indulgens
1869 2476 1969 2523 aut
1999 2466 2254 2521 relaxans
2280 2465 2507 2520 intimae
2537 2462 2877 2535 aSperitatis,
2901 2472 2959 2516 at
2979 2462 3036 2516 in
3066 2462 3294 2533 gratiam
3314 2474 3372 2521 et
3391 2467 3499 2522 uti-

222 2562 436 2617 litatem
467 2559 799 2616 intuentium
837 2560 1172 2616 eminentem
1204 2562 1448 2617 exterius
1485 2561 1773 2617 horrorem
1808 2561 1929 2632 piae
1960 2561 2245 2617 cuiusdam
2281 2560 2602 2630 aspersione
2630 2558 2916 2614 suavitatis
2941 2560 3253 2627 emolliens,
3297 2577 3368 2617 ne
3407 2561 3495 2617 in-

222 2651 366 2706 firmi
392 2660 628 2721 aspectu
662 2650 842 2720 primo
873 2649 1055 2706 territi
1086 2661 1498 2718 averterentur,
1531 2667 1672 2722 quos
1698 2650 1845 2705 allici
1870 2651 1939 2706 ad
1961 2650 2167 2705 bonum
2190 2649 2433 2719 expedit.

286 2747 707 2817 Egrediebatur,
754 2746 832 2801 ait
867 2746 1215 2819 Evangelista
1255 2748 1492 2813 Marcus,
1534 2748 1604 2802 ad
1632 2746 1889 2802 Ioannem
1913 2744 2256 2819 [Baptistam]
2291 2747 2459 2800 omnis
2501 2744 2734 2801 Iudaeae
2778 2750 2921 2821 regio
2971 2759 3021 2804 et
3056 2750 3497 2824 Hierosolgmitae

219 2841 464 2895 universi
487 2839 587 2913 (4).
619 2840 908 2898 Tolosanis
924 2856 1025 2911 per
1045 2855 1146 2895 vos
1174 2840 1383 2896 Iucrifit
1400 2839 1721 2911 egrediendi
1746 2839 1924 2904 labor,
1946 2847 2009 2893 ut
2035 2837 2347 2909 proficiant.
2382 2837 2598 2893 Ilabeut
2618 2837 2765 2894 intra
2791 2853 2998 2912 portas,
3018 2844 3165 2900 unde
3193 2845 3262 2899 ad
3288 2848 3496 2902 sancti-

220 2938 472 2993 moniam
506 2937 813 2995 initientur.
854 2939 1050 2994 Vestra
1090 2938 1199 2993 illis
1227 2938 1580 3003 se_,obiiciens
1606 2935 1860 2993 Cartusia
1894 2950 2116 2991 scenam
2149 2934 2331 3005 aperit
2362 2936 2695 2990 coelestem:
2737 2937 3096 3003 vestibulum,
3128 2939 3291 3003 atria,
3317 2941 3494 3010 porti—

216 3042 337 3093 cus,
402 3029 578 3093 muri,
636 3037 840 3098 postes,
873 3044 968 3084 aer
1009 3030 1126 3099 ipse
1159 3030 1475 3100 paradisum
1504 3029 1737 3099 spirans,
1764 3028 2131 3082 claustrorum
2172 3036 2517 3096 prospectus,
2567 3036 2625 3082 et
2672 3027 2730 3082 in
2790 3029 3063 3098 quadrum
3128 3010 3325 3101 digesti
3386 3032 3496 3088 lato

213 3120 739 3178 circumiacentium
793 3120 1021 3177 ordines
1071 3123 1357 3187 cellarum,
1406 3136 1543 3191 quas
1587 3120 1782 3175 videns
1815 3119 2012 3174 merito
2064 3118 2335 3174 exclamet
2380 3133 2506 3173 cum
2559 3119 2720 3174 Iacob
2774 3121 3133 3178 Patriarcha:
3179 3122 3373 3179 Castra
3398 3125 3497 3180 Dei

208 3226 335 3271 sunt
366 3217 505 3271 haec
518 3217 814 3290 (5),castra
837 3218 1025 3288 utique
1045 3214 1349 3277 Cartusiae,
1370 3228 1542 3267 novae
1572 3211 1910 3267 Sulamitidis
1939 3222 1996 3267 et
2022 3211 2229 3266 Christi
2258 3226 2510 3282 sponsae,
2534 3221 2591 3266 ut
2619 3222 2917 3269 castrorum
2939 3217 3077 3271 acies
3097 3218 3376 3273 ordinatae
3396 3218 3493 3289 (6).

210 3311 255 3367 E
314 3314 534 3383 quibus
578 3330 705 3369 cum
752 3314 912 3371 statis
965 3312 1119 3369 horis
1150 3311 1453 3383 procedere
1495 3320 1801 3365 cernuntur
1858 3318 2075 3365 ascetae
2124 3308 2294 3365 vestri
2341 3309 2432 3365 illa
2481 3310 2661 3367 fronte
2708 3313 2890 3369 adhuc
2935 3329 2965 3368 a
3004 3313 3213 3370 recenti
3237 3330 3362 3369 cum
3382 3315 3497 3369 Deo

208 3418 528 3475 congressu
603 3405 886 3476 fulgente,
956 3404 1067 3462 illis
1137 3404 1314 3459 oculis
1363 3404 1545 3458 adhuc
1598 3401 1780 3457 uvidis
1829 3416 1861 3457 e
1922 3401 2405 3471 contemplationis
2473 3416 2706 3459 arcanae
2762 3403 2917 3469 fletu,
2949 3405 3041 3461 illa
3095 3405 3496 3475 compositione

209 3511 353 3565 quae
378 3497 614 3567 angelos
640 3498 864 3564 referat,
896 3506 1062 3554 totam
1087 3494 1474 3559 Antoniorum,
1503 3492 1850 3547 Hilarionum
1883 3500 1940 3546 et
1966 3491 2263 3545 Paulorum
2295 3506 2326 3545 e
2364 3492 2644 3561 speluncis
2673 3494 2726 3547 in
2756 3505 3009 3564 apertum
3047 3495 3114 3550 ad
3149 3496 3245 3551 Dei
3273 3496 3495 3551 laudem

204 3591 618 3662 prodeuntium
647 3592 910 3649 exhibent
935 3593 1196 3664 speciem,
1240 3590 1346 3646 nisi
1380 3590 1529 3661 quod
1563 3589 1783 3645 admota
1830 3588 2050 3660 penitus
2093 3588 2208 3643 cuti
2253 3588 2454 3654 cilicia,
2488 3606 2631 3660 quae
2663 3591 2744 3646 illi
2774 3592 3176 3658 monstrabant,
3225 3592 3495 3650 candidae

204 3682 454 3740 obtentu
488 3686 660 3741 vestis
680 3686 1047 3744 abscondunt.
1076 3688 1273 3743 Merito
1310 3688 1448 3742 tales
1476 3685 1749 3740 Tolosana
1781 3684 1977 3740 civitas
2005 3683 2223 3740 censuit
2260 3700 2382 3740 esse
2416 3684 2539 3741 illos
2575 3686 2756 3757 vigiles
2797 3688 3034 3742 custodes
3080 3706 3355 3743 murorum
3401 3707 3495 3761 qui

201 3783 527 3838 custodiunt
559 3786 824 3839 civitatem
854 3785 909 3840 in
938 3780 1242 3852 Scripturis
1267 3789 1601 3834 memoratos
1623 3776 1721 3850 (7),
1759 3776 1890 3832 dum
1912 3779 2333 3849 magistratuum
2356 3794 2421 3835 ac
2453 3780 2643 3851 populi
2666 3779 2987 3850 plenissimo
3016 3789 3073 3836 et
3104 3780 3497 3838 liberalissimo

201 3888 521 3939 consensu,
549 3890 713 3943 quem
742 3876 979 3932 Senatus
1000 3872 1201 3929 deinde
1217 3870 1518 3925 auctoritas
1551 3868 1953 3938 comprobavit,
1980 3868 2206 3924 extendi
2237 3869 2399 3923 iussit
2420 3879 2635 3939 septum
2666 3870 2971 3929 Tolosanae
2999 3874 3289 3931 Cartusiae
3318 3892 3496 3947 usque

196 3963 269 4018 ad
324 3981 537 4021 muros
573 3967 749 4032 urbis,
776 3976 832 4021 et
857 3965 1312 4038 comprehensam
1340 3977 1407 4016 eo
1435 3960 1612 4031 Spatio
1649 3958 1929 4013 moenium
1958 3968 2172 4028 partem
2206 3973 2271 4014 ac
2305 3967 2487 4014 turres
2516 3970 2731 4017 vestrae
2766 3961 2893 4018 ﬁdei
2934 3965 3232 4029 commisnt,
3272 3965 3494 4036 sapien-

223 4056 238 4131 Ι
272 4069 363 4112 ter
387 4069 683 4129 reputans,
705 4060 919 4114 nullum
940 4074 1061 4114 esse
1087 4057 1155 4112 ad
1188 4054 1418 4111 tuendas
1439 4052 1604 4107 urbes
1628 4051 1897 4106 munitius
1920 4050 2205 4121 Religione
2226 4052 2719 4123 propugnaculum.
2750 4056 3115 4112 Meminerant
3133 4057 3265 4128 quid
3289 4058 3496 4113 Romae

194 4156 548 4227 contigisset
577 4173 609 4212 a
636 4157 813 4228 V’itige
842 4173 971 4227 rege
996 4154 1301 4210 Gothorum
1335 4151 1613 4214 obsessae,
1644 4164 1809 4219 quam
1843 4164 2013 4217 quum
2051 4162 2404 4219 propugnans
2427 4149 2747 4216 Belisarius,
2786 4163 2998 4223 partem
3026 4155 3173 4209 muri
3198 4164 3415 4226 ruptam
3438 4165 3497 4211 et

197 4245 528 4304 insultibus
580 4265 756 4320 paene
800 4257 1081 4319 patentem
1116 4246 1425 4299 instaurare
1461 4256 1525 4296 ac
1554 4240 1773 4295 munire
1817 4238 2180 4303 decrevisset,
2229 4254 2501 4294 consensu
2551 4242 2903 4297 reclamantis
2949 4244 3138 4314 populi
3179 4245 3495 4315 prohibitus

190 4338 447 4403 abstitit,
486 4337 703 4393 civibus
733 4337 933 4409 passim
958 4334 1230 4391 universis
1256 4330 1671 4393 afﬁrmantibus,
1693 4328 1750 4385 S.
1780 4327 1929 4383 Petri
1960 4343 2018 4383 se
2054 4329 2256 4384 tutelae
2294 4330 2475 4385 locum
2507 4332 2659 4387 illum
2692 4333 3014 4402 credidisse,
3039 4348 3300 4409 certoque
3319 4342 3493 4396 confi-

190 4430 369 4485 deres
394 4446 711 4499 numquam
742 4430 973 4484 Romam
999 4443 1063 4483 ea
1092 4438 1248 4498 parte
1267 4426 1610 4498 capiendam.
1631 4422 1745 4478 Nec
1763 4436 1889 4491 spes
1914 4420 2040 4476 illos
2058 4421 2253 4477 fefellit
2281 4438 2398 4477 sua.
2427 4424 2797 4499 Nam.Vitiges
2828 4428 3031 4485 frustra
3053 4433 3237 4488 omnia
3263 4446 3497 4491 conatus

164 4525 429 4600 gsolvere
465 4524 815 4580 obsidionem
846 4533 931 4579 est
964 4532 1207 4588 coactus,
1236 4530 1403 4591 prout
1436 4519 1573 4573 haec
1605 4532 1673 4572 ex
1692 4514 1913 4570 oculato
1934 4514 2252 4570 testimonio
2271 4516 2440 4571 refert
2460 4517 2553 4586 qui
2576 4534 2837 4588 praesens
2858 4520 3034 4578 adfuit
3070 4523 3372 4595 Procopius
3391 4525 3491 4597 (8).

264 4615 497 4671 E'Tuis
526 4617 593 4671 ad
623 4617 699 4672 Te
719 4634 869 4672 nunc
892 4627 1160 4683 revertor,
1190 4613 1632 4670 venerabilissime
1662 4621 1833 4683 pater.
1869 4610 2053 4683 Spissa
2086 4622 2143 4668 et
2170 4611 2455 4683 multiplex
2482 4628 2716 4683 persona
2740 4615 2900 4671 vobis
2926 4615 3304 4675 Cartusiarum
3330 4637 3492 4691 prae-

183 4707 402 4774 positis
434 4707 771 4778 imponitur,
791 4722 859 4762 ex
878 4708 1091 4763 intimis
1121 4705 1586 4777 profundissimae
1615 4703 1795 4775 adytis
1829 4718 2082 4759 asceseos
2110 4703 2262 4765 exire
2301 4704 2406 4759 isto
2436 4704 2671 4760 subinde
2701 4707 2880 4763 oiiicio
2913 4711 3120 4776 coactis
3139 4711 3195 4765 in
3226 4721 3493 4769 tractatus

184 4817 320 4856 cum
359 4801 708 4872 proceribus
734 4810 791 4856 et
819 4801 1022 4871 populo
1054 4798 1417 4870 promiscuos,
1447 4797 1503 4851 in
1535 4796 1968 4868 hospitalitatem
1991 4810 2204 4850 comem
2260 4805 2316 4850 et
2344 4796 2699 4861 mundam,in
2735 4815 3019 4856 sermones
3055 4806 3496 4862 accommodatas

179 4893 584 4951 audientibus
609 4903 786 4948 status
814 4908 876 4948 ac
896 4891 1116 4963 generis
1146 4891 1412 4946 cuiusvis.
1432 4890 1599 4946 Pauci
1624 4891 1693 4945 ad
1726 4891 1955 4945 fundum
1980 4899 2292 4959 penetrant,
2318 4892 2627 4960 quantajvis
2656 4892 2729 4947 sit
2753 4893 2902 4950 illius
2928 4895 3082 4951 Pauli
3108 4899 3340 4968 apostoli
3366 4916 3493 4955 sen-

182 4988 415 5043 tcntiae
443 5006 458 5040 :
489 4985 742 5041 Omnibus
772 4987 951 5039 omnia
983 4984 1150 5055 factus
1181 5002 1319 5050 sum,
1344 4993 1402 5038 ut
1430 5001 1607 5038 omnes
1639 4984 1865 5054 facerem
1895 4984 2067 5039 salvos
2088 4983 2186 5055 (9).
2228 4983 2403 5050 Quam
2424 4983 2630 5048 vivida,
2653 4984 2898 5055 inquam,
2925 4996 2982 5043 et
3010 4988 3375 5045 scintillanter
3394 4991 3497 5046 mi-

180 5081 342 5135 canti
381 5079 605 5134 mentis
631 5089 987 5149 experrectae
1013 5079 1354 5150 praestantia
1382 5093 1521 5148 opus
1540 5076 1803 5146 Apostolo
1825 5078 2070 5148 gentium
2094 5078 2282 5139 fuerit,
2312 5086 2373 5130 ut
2399 5076 2467 5129 ab
2494 5078 2716 5143 ecstasi,
2739 5096 2845 5148 qua
2866 5090 3057 5150 raptus
3083 5081 3149 5135 ad
3177 5084 3494 5151 paradisum

180 5187 410 5226 arcana
466 5170 778 5227 ineffabilia
810 5172 1081 5238 audierat,
1113 5173 1184 5228 ad
1224 5172 1460 5227 facunde
1493 5170 1869 5241 perorandum
1900 5170 1955 5225 in
1998 5172 2183 5227 medio
2212 5173 2517 5244 Areopago,
2550 5173 2615 5227 ad
2643 5174 2858 5244 prolixe
2887 5174 3270 5231 disserendum
3307 5194 3494 5235 coram

180 5266 360 5323 Festo
391 5266 685 5337 praeside,
713 5283 840 5340 rege
880 5267 1118 5340 Agrippa
1150 5277 1208 5323 et
1241 5266 1430 5339 regina
1461 5265 1745 5329 Berenice,
1788 5266 1855 5320 ad
1880 5266 2089 5322 urbane
2126 5269 2565 5323 conversandum
2589 5284 2714 5324 cum
2747 5268 2939 5340 Sergio
2973 5270 3143 5328 Paulo
3171 5272 3334 5347 Cypri
3367 5290 3496 5346 pro-

1746 5360 1996 5416 NOTAE.

244 5449 345 5525 .(g)
379 5449 840 5525 _Cor_'r._,__l_{ossin.
870 5453 1121 5508 videmus.
1149 5454 1373 5516 EDITOR.
1986 5453 2062 5525 (7)
2093 5451 2251 5525 Cant:
2279 5454 2430 5525 V17.

378 5520 532 5601 133i.
561 5521 777 5601 X-XXV,
808 5524 858 5576 'I.
1913 5595 1957 5601 ﬂ
2093 5524 2441 5601 Gothic._l_ib.
2490 5524 2513 5578 Ι
2559 5540 2677 5596 cap.
2708 5525 2798 5591 55,
2843 5526 2932 5581 ed.
2966 5528 3098 5599 Reg.
3127 5545 3182 5601 p.
3218 5530 3357 5600 368;
3387 5532 3486 5590 lib.

281 5594 345 5662 4)
384 5591 767 5665 ἣξει-οχμίξεί
824 5664 833 5665 7

1913 5595 1957 5649 II
1996 5591 2117 5663 cap.
2148 5594 2183 5665 2
2221 5610 2275 5663 p.
2308 5594 2447 5665 4710.7
2626 5591 2643 5596 “

386 5662 551 5717 Gen.
579 5663 790 5728 XXXII,
813 5664 864 5718 2.

282 5736 343 5790 ti)
383 5734 569 5790 Cant.
608 5735 693 5790 Vl.
728 5735 775 5787 5.

1986 5662 2107 5736 (9)1
2133 5662 2259 5720 Cor.
2294 5664 2386 5732 IX,
2428 5664 2517 5720 22.
2556 5666 2599 5722 II
2621 5662 2747 5723 Cor.
2787 5666 2902 5735 XII,
2943 5669 2996 5724 4.

280 5734 343 5806 6)
383 5734 569 5790 Cant.
608 5735 693 5799 Vl,
728 5735 775 5787 5.
