3950 6562
474 294 576 350 saw
1600 288 1809 347 nam
1845 288 2110 347 POSSlNl
2147 288 2662 349 PROLEGOMENA
3098 330 3103 333 .
3639 294 3723 351 ωε

473 414 722 481 consule,
747 412 987 485 denique
1024 412 1093 468 ad
1115 412 1465 469 familiariter
1496 412 1771 483 simulque
1797 411 2012 468 utiliter
2038 410 2313 483 agendum
2349 413 2623 485 Philippis
2652 429 2778 470 cum
2813 414 2985 488 Lydia
3013 416 3370 488 purputaria,
3410 416 3582 472 lconii
3617 432 3723 472 cum

472 509 677 565 Thecla
706 507 941 580 virgine,
973 506 1207 577 aliisque
1227 506 1364 561 alias
1392 504 1701 560 innumeris
1722 502 1857 575 (i0).
1886 503 1980 559 Sic
2010 518 2282 573 nusquam
2321 504 2663 560 luculentius
2689 521 2854 576 quam
2876 506 2932 561 in
2964 506 3043 562 Te
3069 519 3316 579 apparet,
3347 508 3498 579 quod
3521 508 3723 580 quidam

469 612 721 660 veterum
748 600 953 665 aiebat,
971 598 1347 670 eloquentiam
1372 596 1579 653 silentii
1617 584 1833 667 prolem
1861 611 2007 661 esse,
2024 605 2083 652 et
2098 596 2380 652 neminem
2405 596 2558 668 loqui
2592 597 2827 654 uberius
2852 609 2910 655 et
2937 598 3177 666 dulcius,
3208 616 3374 672 quam
3406 601 3501 671 qui
3536 601 3626 657 diu
3645 616 3723 656 re-

468 696 817 769 ligiosissime
843 693 1109 759 tacuerit;
1138 692 1292 757 dum,
1323 700 1386 747 ut
1409 690 1724 746 Bernardus
1743 705 1813 746 ex
1840 690 2035 745 umbra
2064 698 2121 745 et
2144 704 2362 746 secessu
2383 691 2669 759 silvarum,
2693 692 2769 749 ita
2794 693 2875 749 Tu
2904 709 2937 750 e
2965 696 3316 751 severissima
3353 696 3581 752 claustri
3606 696 3725 752 taci-

470 797 759 857 turnitate.
793 789 950 861 quasi
975 804 1008 843 e
1042 789 1231 843 schola
1254 787 1540 843 rhetorum
1560 785 1825 857 prodiens
1844 785 2081 853 audiris,
2108 787 2567 859 quotiescumque
2600 789 2939 861 loquendum
2961 801 3069 857 est,
3105 792 3405 848 melliﬁuus
3435 804 3636 849 orator.

538 889 599 943 In
643 888 826 943 locum
866 900 955 939 me
995 883 1291 954 ancipitem
1345 884 1666 953 propulsum
1712 882 1924 949 sentio,
1956 882 2051 938 ubi
2092 883 2451 955 praedicare,
2506 886 2654 956 quod
2703 886 2841 942 haec
2893 887 3089 943 civitas
3144 890 3405 945 universa
3472 892 3635 946 sentit
3676 899 3728 946 et

472 985 738 1055 loquitur,
782 980 1083 1054 prohibeor
1112 979 1412 1035 modestiae
1451 978 1603 1033 Tuae
1636 986 1913 1049 respectu,
1953 995 2120 1050 quam
2170 995 2395 1035 suarum
2438 981 2759 1038 obtrusione
2793 982 3018 1038 laudum
3056 983 3170 1040 scio
3199 992 3466 1055 quantum
3495 985 3726 1040 oﬂ’ende-

467 1084 604 1135 rem.
652 1077 784 1134 Utar
809 1088 941 1147 ergo
972 1072 1173 1129 astutia
1212 1071 1369 1129 Pauli
1410 1070 1664 1142 apostoli,
1703 1069 1999 1126 artiﬁcium
2041 1086 2203 1126 suum
2242 1070 2518 1140 quoddam
2551 1070 2560 1143 |
2592 1073 2700 1127 tale
2728 1073 2865 1129 adeo
2897 1089 3007 1129 non
3042 1073 3460 1141 dissimulantis,
3496 1084 3559 1130 ut
3596 1076 3728 1131 ultro
3824 1090 3829 1097 ·

463 1160 789 1242 prodiderit,
815 1166 1036 1239 quando
1057 1164 1135 1219 ait
1157 1162 1460 1221 Corinthiis
1487 1181 1500 1217 :
1531 1162 1663 1218 Cum
1689 1178 1854 1217 essem
1876 1168 2104 1229 astutus,
2131 1161 2251 1216 dolo
2270 1178 2359 1217 vos
2382 1163 2493 1234 cepi
2516 1162 2650 1236 (11).
2668 1163 2874 1235 Nempe
2901 1160 3047 1220 idem
3069 1164 3375 1221 Corinthiis
3392 1166 3588 1221 iisdem
3605 1165 3727 1221 alibi

461 1268 773 1341 proﬁtetur,
810 1280 869 1321 se
895 1253 1185 1336 qua'edam,
1210 1274 1350 1332 quae
1370 1258 1439 1316 de
1482 1259 1637 1329 ipsis,
1665 1257 2027 1315 oﬁ‘ensionem
2055 1273 2250 1313 eorum
2278 1266 2552 1325 metuens,
2581 1259 2864 1316 declarare
2892 1262 3210 1327 verebatur,
3242 1262 3650 1335 transﬁgurasse
3674 1263 3729 1317 in

460 1386 515 1424 se
542 1375 591 1420 et
622 1379 784 1421 suum
811 1362 869 1417 in
889 1358 1296 1433 praedicatione
1333 1356 1403 1412 ad
1425 1355 1573 1427 ipsos
1603 1354 1814 1411 socium
1838 1354 1925 1409 vel
1950 1354 2335 1409 administrum
2363 1354 2576 1427 Apollo,
2614 1364 2828 1427 propter
2849 1357 2990 1428 ipsos
3026 1356 3161 1428 (12),
3196 1367 3257 1412 ut
3296 1357 3507 1433 pudori
3530 1358 3729 1415 scilicet

460 1463 707 1532 ipsorum
742 1461 1014 1527 parceret.
1053 1451 1146 1507 Sic
1177 1458 1235 1506 et
1268 1464 1370 1521 ego
1399 1448 1455 1503 in
1496 1446 1621 1501 aliis
1652 1445 1906 1517 personis
1935 1444 2054 1500 Tua
2091 1444 2294 1501 decora
2327 1445 2690 1513 constituens,
2726 1446 2890 1502 simul
2923 1446 3371 1503 erubescentiam
3400 1449 3525 1504 Tibi
3565 1448 3728 1506 Tuam

458 1552 822 1615 lucrifaciam,
854 1546 1018 1605 simul
1048 1555 1232 1603 tamen
1256 1543 1436 1600 oiiicio
1462 1558 1589 1597 meo
1618 1555 1730 1596 non
1754 1540 1921 1596 deero
1946 1540 2310 1613 signiﬁcandi,
2341 1557 2483 1612 quae
2508 1558 2671 1598 nosse
2698 1543 3000 1598 multorum
3034 1544 3285 1600 interest.

529 1654 607 1709 De
640 1652 832 1724 Magno
861 1646 1099 1705 Antonio
1127 1643 1185 1701 S.
1220 1640 1555 1698 Athanasius
1589 1638 1804 1704 scribit,
1831 1637 2002 1693 fuisse
2030 1638 2187 1693 illum
2219 1638 2297 1692 ita
2330 1638 2388 1693 in
2417 1653 2715 1710 congressu
2740 1646 2798 1695 et
2824 1654 3078 1696 sermone
3110 1655 3238 1695 cum
3266 1640 3419 1695 omni
3451 1641 3728 1699 hominum

458 1759 661 1816 genere
689 1742 991 1796 humanum
1016 1744 1073 1793 et
1097 1748 1343 1798 suavem,
1374 1739 1437 1786 ut
1461 1747 1573 1786 non
1612 1747 1644 1787 e
1679 1729 1913 1786 desertis
1941 1729 2243 1795 montibus,
2278 1730 2375 1784 ubi
2407 1745 2626 1786 omnem
2664 1738 2901 1787 aetatem
2934 1732 3218 1789 solitarius
3259 1742 3538 1806 exegerat,
3570 1735 3663 1790 sed
3698 1750 3729 1791 e

457 1838 583 1892 sinu
630 1835 903 1891 cultarum
943 1828 1167 1886 urbium
1203 1824 1429 1899 prodire
1454 1816 1761 1878 videretur.
1792 1821 1973 1878 Verba
2014 1821 2132 1892 ipsa
2162 1836 2362 1892 ponam
2401 1820 2710 1887 Athanasii,
2748 1838 2819 1879 ne
2854 1823 2980 1894 quis
3020 1838 3051 1877 a
3088 1839 3177 1879 me
3208 1822 3338 1896 ﬁngi
3370 1826 3680 1896 suspicetur
3713 1843 3727 1880 :

455 1932 555 2004 οὐχ
578 1930 653 1996 ὡς
680 1932 738 1985 ἐν
762 1930 879 2001 ὄρει
910 1925 1161 2000 τραφεὶς,
1192 1923 1357 1977 κάκεῖ
1385 1920 1567 1991 γέρων
1612 1918 1926 1989 γενόμενος,
1959 1919 2153 1987 ἄγριον
2180 1914 2294 1988 εἷχε
2344 1916 2405 1970 τὸ
2448 1912 2581 1987 ἦθος
2600 1933 2614 1948 ο
2650 1916 2789 1971 ἀλλὰ
2824 1918 2919 1972 καὶ
2964 1918 3175 1991 χαρίεις
3198 1915 3267 1991 ἦν
3295 1921 3394 1974 καὶ
3422 1920 3725 1985 πολιτικός·

452 2029 548 2083 τὸν
577 2027 637 2081 δὲ
671 2025 829 2094 λόγον
852 2018 998 2094 εἶχεν
1024 2017 1331 2092 ὴρτυμένον
1351 2013 1430 2086 τῷ
1459 2014 1589 2084 θείῳ
1616 2012 1794 2075 ἆλατι,
1823 2012 1930 2068 hoc
1959 2028 2012 2068 es

2168 2029 2229 2066 on
2256 2021 2314 2065 ut
2342 2013 2398 2066 in
2429 2018 2605 2067 monte
2628 2013 2857 2067 nutritus
2890 2022 2941 2068 et
2964 2014 3035 2068 ibi
3065 2030 3225 2070 senex
3256 2014 3447 2084 factus,
3472 2026 3728 2089 agrestem

454 2124 636 2179 habuit
669 2116 1140 2178 conversationem,
1167 2111 1259 2167 sed
1285 2110 1461 2164 suavis
1487 2117 1603 2161 erat
1632 2116 1682 2160 et
1715 2104 1901 2170 civilis,
1927 2121 2220 2159 sermonem
2253 2112 2431 2159 autem
2458 2104 2682 2159 habebat
2709 2105 2885 2161 divino
2912 2104 3027 2162 sale
3052 2108 3341 2164 conditum.
3376 2109 3524 2166 Haec
3561 2110 3729 2166 Atha-

453 2220 666 2285 nasius,
696 2217 793 2288 qui
823 2213 1071 2273 eiusdem
1095 2209 1227 2265 alibi
1252 2204 1478 2264 Antonii
1500 2202 1849 2273 eloquentiae
1878 2201 2176 2273 specimina
2201 2200 2412 2272 profert
2445 2200 2700 2273 insignia,
2737 2199 2929 2273 longas
2960 2202 3155 2274 ipsius,
3190 2203 3357 2260 etiam
3397 2204 3467 2261 ad
3502 2206 3734 2277 gentiles

452 2307 835 2382 philosophos,
869 2303 1150 2360 orationes
1185 2298 1444 2364 recitans,
1479 2296 1684 2367 quibus
1719 2294 1779 2349 in
1812 2292 2229 2348 admirationem
2269 2294 2350 2348 illi
2390 2302 2738 2364 raperentur.
2766 2294 2993 2350 Antonii
3029 2311 3249 2368 quoque
3279 2297 3585 2369 discipulus
3617 2298 3730 2355 Ma-

453 2406 639 2461 carius
662 2407 1026 2475 cognomento
1046 2394 1474 2459 Alexandrinus,
1505 2392 1609 2449 etsi
1634 2391 1803 2447 vitam
1829 2398 1887 2445 et
1911 2389 2028 2460 ipse
2071 2390 2130 2445 in
2158 2389 2380 2445 deserto
2406 2389 2627 2461 longam
2650 2389 2903 2457 duxerat,
2932 2399 3135 2457 tamen,
3177 2402 3238 2447 ut
3278 2392 3617 2450 Sozomenus
3649 2405 3728 2451 te-

452 2497 778 2570 statur(i'5),
802 2510 925 2551 eam
946 2492 1201 2550 exhibuit
1228 2491 1283 2547 in
1303 2488 1620 2562 promiscuo
1638 2500 1765 2541 cum
1786 2485 1940 2540 illum
1968 2483 2300 2540 adeuntibus
2323 2499 2426 2539 usu
2452 2499 2670 2539 morum
2692 2492 2749 2540 et
2772 2500 3090 2541 sermonum
3115 2486 3464 2558 elegantiam,
3483 2500 3549 2544 ut
3568 2501 3730 2561 vulgo

450 2594 932 2667 cognominaretur
961 2589 1146 2655 ἀστός,
1172 2587 1279 2643 hoc
1306 2594 1393 2642 est
1430 2584 1666 2639 urbanus
1697 2591 1757 2637 et
1798 2580 1984 2636 civilis.
2017 2580 2206 2636 Talem
2253 2579 2330 2636 Te
2368 2581 2573 2652 passim
2611 2582 2956 2652 gratulantur
2994 2582 3353 2651 admirantes,
3383 2586 3477 2656 qui
3524 2602 3557 2643 e
3597 2604 3730 2643 con-

448 2706 641 2763 gressu
672 2689 792 2745 Tuo
814 2686 1072 2752 redeunt,
1100 2683 1265 2740 simul
1304 2697 1336 2738 e
1364 2679 1659 2753 prudentia
1693 2677 2076 2743 consiliorum,
2115 2691 2148 2732 e
2176 2676 2444 2748 gravitate
2473 2676 2932 2744 admonitionum,
2957 2693 2989 2734 e
3027 2680 3424 2735 sententiarum
3464 2682 3731 2753 sapientia

448 2786 689 2838 fructum
716 2779 885 2835 animi
915 2791 1238 2834 mansurum
1274 2776 1330 2831 in
1364 2775 1489 2830 sinu
1523 2778 1890 2843 reportantes.

521 2880 635 2936 Nec
659 2884 851 2935 tenent
875 2890 955 2942 se,
979 2873 1115 2946 quin
1145 2872 1203 2928 in
1230 2870 1423 2927 laudes
1456 2876 1647 2940 postea
1687 2874 2003 2937 erumpant.
2028 2864 2206 2931 Unde,
2233 2873 2296 2920 ut
2325 2863 2405 2930 ﬁt,
2436 2864 2671 2936 gliscens
2698 2864 2863 2930 fama,
2893 2863 3116 2935 impleta
3141 2864 3383 2931 civitate,
3413 2865 3471 2921 in
3504 2867 3730 2937 provin-

448 2978 591 3034 ciam
625 2974 900 3032 redundat
930 2988 999 3029 eo
1032 2969 1288 3041 strepitu,
1328 2967 1489 3023 cuius
1529 2964 1745 3021 sonitus
1771 2979 1843 3019 ne
1881 2961 1950 3018 ad
1992 2962 2069 3018 Te
2098 2961 2404 3034 perveniat,
2429 2962 2543 3016 ulla
2580 2961 2806 3017 claustri
2840 2975 2906 3017 ac
2940 2959 3258 3016 solitudinis
3293 2961 3518 3018 obstare
3546 2963 3729 3017 muni-

448 3079 634 3126 menta
655 3074 878 3140 queant.
909 3066 1031 3122 Non
1056 3063 1224 3135 igitur
1254 3060 1331 3115 Te
1359 3060 1521 3125 latet;
1554 3057 1651 3112 sed
1691 3071 1796 3111 nec
1839 3054 1917 3111 Te
1950 3054 2140 3121 laedit,
2191 3055 2297 3110 hoc
2324 3061 2430 3119 est,
2471 3053 2737 3109 humilem
2776 3052 2881 3109 Tui
2915 3067 3161 3120 sensum,
3194 3052 3292 3124 qui
3331 3068 3498 3110 verae
3524 3055 3728 3110 sancti-

447 3166 576 3221 tatis
600 3136 1099 3220 indubitatissimus
1128 3160 1417 3215 character
1444 3164 1550 3220 est,
1581 3155 1638 3209 in
1664 3154 1743 3209 Te
1778 3154 1893 3208 ulla
1922 3168 1991 3209 ex
2026 3162 2181 3224 parte
2210 3152 2413 3207 minuit
2450 3152 2731 3222 publicum
2762 3150 2910 3207 istud
2944 3136 3071 3207 Tibi
3103 3149 3470 3207 honoriﬁcum
3500 3168 3727 3223 praeco-

446 3259 623 3316 nium.
656 3255 776 3324 Quo
798 3254 923 3327 plus
956 3252 1232 3317 eveheris,
1258 3264 1325 3305 eo
1348 3248 1425 3304 Te
1452 3247 1617 3302 altius
1638 3244 1783 3317 apud
1807 3245 1884 3300 Te
1906 3260 1972 3300 co
2004 3244 2014 3315 |
2046 3260 2164 3298 ram
2190 3245 2302 3299 Deo
2332 3243 2619 3315 deprimis,
2645 3251 2834 3299 sancta
2858 3240 2973 3308 illa,
3012 3243 3357 3315 philosophis
3385 3245 3575 3317 ignota
3597 3262 3727 3318 gen-

447 3355 660 3419 tilibus,
686 3351 853 3407 unius
896 3349 1121 3421 propria
1164 3342 1558 3401 christianismi
1594 3341 1932 3407 humilitate,
1976 3356 2117 3412 quae
2148 3355 2421 3411 nusquam
2455 3340 2664 3395 eminet
2698 3340 3003 3411 probatior,
3046 3356 3212 3411 quam
3240 3342 3336 3398 ubi
3363 3343 3510 3399 inter
3538 3344 3725 3399 faven-

448 3447 693 3504 tissimos
717 3441 869 3513 vulgi
894 3441 1120 3513 plausus
1145 3444 1203 3492 et
1227 3436 1401 3491 famae
1428 3433 1778 3489 buccinantis
1803 3432 1980 3503 elogia
2006 3446 2206 3486 sonora
2237 3432 2418 3487 locum
2448 3430 2813 3511 nihilominus
2838 3445 3020 3496 suum,
3043 3430 3149 3486 hoc
3170 3439 3254 3486 est
3277 3431 3552 3498 inﬁmum,
3578 3450 3727 3490 mor-

447 3540 607 3595 dicus
633 3535 855 3592 retinet.
884 3531 1084 3603 Magna
1114 3535 1163 3582 et
1193 3543 1324 3581 rara
1355 3526 1544 3590 uirtus,
1581 3532 1643 3579 ut
1682 3522 1915 3579 idoneus
1952 3522 2145 3577 talium
2178 3521 2369 3593 judex,
2392 3520 2637 3577 Tuorum
2674 3520 2955 3592 exemplar
2989 3521 3271 3590 decorum,
3311 3523 3369 3579 S.
3411 3523 3727 3581 Bernartius

446 3627 798 3703 pronunciat,
827 3623 1098 3679 humilitas
1127 3621 1388 3675 honorata
1415 3615 1551 3688 (M).

520 3723 695 3779 Huius
722 3719 847 3776 Tibi
876 3718 1193 3775 carissimae
1221 3712 1401 3786 pretio
1430 3711 1575 3767 dotis
1617 3710 2116 3766 commendandum
2164 3710 2311 3782 apud
2344 3709 2422 3766 Te
2458 3725 2623 3782 quem
2656 3709 2830 3765 oii‘ero
2872 3710 3076 3767 librum
3118 3721 3365 3778 autumo,
3411 3713 3469 3770 in
3511 3716 3727 3772 cunctis

445 3819 561 3876 fere
590 3815 798 3890 paginis
826 3808 1318 3870 christianissimae
1366 3821 1432 3862 ac
1477 3802 1923 3876 religiosissimae
1961 3802 2188 3859 virtutis
2228 3802 2393 3859 huius
2427 3802 2681 3861 encomia
2721 3803 3033 3871 ambitiose,
3064 3820 3237 3876 paene
3278 3805 3539 3874 dixerim,
3564 3824 3723 3879 pero-

445 3924 679 3972 rantem.
3418 3956 3429 3967 κ

515 4012 628 4068 Nec
655 4009 858 4073 minus,
896 4019 1080 4077 spero,
1108 4000 1351 4075 placebit
1378 3998 1579 4055 ascetis
1603 3997 1723 4053 istis
1749 3996 2082 4054 venerandis
2117 4005 2175 4053 et
2212 3996 2409 4053 domus
2452 3996 2545 4054 hic
2576 3996 2745 4055 huius
2771 3998 2923 4054 Tuae
2958 4006 3016 4054 et
3056 3998 3301 4054 universi
3339 3998 3474 4055 alibi
3507 3999 3719 4073 uspiam

447 4108 589 4165 sacri
614 4105 784 4162 vestri
810 4100 1048 4159 ordinis.
1074 4098 1292 4155 Iuvabit
1324 4096 1472 4169 ipsos
1501 4094 1614 4151 illic
1640 4093 2055 4159 abstinentiam,
2080 4108 2247 4166 quam
2276 4093 2411 4150 orbe
2433 4094 2857 4166 obstupescente
2895 4094 3036 4150 mire
3070 4094 3389 4149 continuam
3430 4103 3721 4161 exercent;

444 4198 726 4255 silentium
756 4205 1065 4259 aeternum,
1092 4191 1394 4247 coelituum
1428 4188 1687 4258 alloquiis
1711 4186 2184 4243 confabulationes
2210 4186 2495 4242 hominum
2524 4186 2930 4259 permutatione
2967 4195 3298 4257 quaestuosa
3326 4203 3719 4259 compcnsans;

445 4290 869 4363 abnegationem
897 4283 1270 4356 evangelicum
1302 4282 1410 4347 sui,
1449 4280 1852 4336 abdicationem
1881 4290 2250 4345 terrenorum,
2278 4281 2667 4336 adhaesionem
2689 4281 2803 4336 Deo
2833 4295 3001 4352 super
3028 4280 3211 4337 omnia
3241 4280 3576 4337 indivulsam
3600 4282 3720 4353 glu-

446 4391 565 4445 tino
588 4401 870 4458 nunquam
888 4382 1233 4440 intermissae
1258 4379 1409 4435 iuxta
1433 4378 1808 4450 suggestiones
1833 4376 2160 4448 apostolicas
2178 4377 2288 4450 (15)
2311 4377 2597 4444 orationis,
2625 4384 2978 4447 caeterasque
2998 4375 3441 4447 religiosissimas
3465 4376 3722 4429 observa-

446 4485 626 4541 tiones
660 4481 866 4553 ubique
891 4478 1281 4551 praescriptas,
1305 4474 1668 4547 praedicatas,
1696 4474 2008 4545 praeceptis
2035 4474 2244 4546 pariter
2278 4483 2338 4531 et
2375 4474 2642 4546 exemplis
2667 4472 3098 4561 commendans,
3126 4472 3451 4529 informatas
3492 4469 3716 4527 intueri.

444 4578 584 4635 Suas
603 4592 832 4648 prorsus
852 4575 1099 4646 ipsorum
1116 4573 1172 4628 in
1192 4571 1299 4627 hoc
1316 4570 1474 4643 quasi
1491 4570 1717 4643 speculo
1742 4569 1947 4625 formas
1968 4570 2260 4644 aspicient,
2276 4580 2334 4627 et
2348 4587 2489 4642 quae
2512 4570 2768 4626 instituto
2791 4569 3000 4626 dudum
3021 4578 3208 4626 vestro
3230 4568 3539 4625 domestico
3562 4582 3721 4623 usur-

442 4678 598 4741 pant,
626 4668 811 4733 dictis,
834 4667 993 4732 actis,
1019 4665 1235 4737 legibus
1255 4664 1769 4736 antiquissimorum
1795 4662 2074 4721 Ecclesiae
2113 4665 2339 4722 Patrum
2366 4664 2481 4737 jam
2516 4664 2649 4721 olim
2686 4664 2927 4721 exercita
2951 4664 3417 4737 comprobataque
3450 4675 3718 4732 recogno-

443 4770 601 4817 sccnt
619 4760 923 4831 voluptate,
950 4765 1217 4829 quantum
1245 4771 1505 4829 auguror,
1530 4771 1641 4812 non
1667 4773 1858 4829 parva.
1886 4758 2057 4815 Cuius
2083 4758 2140 4814 in
2162 4758 2503 4831 suggerenda
2525 4774 2625 4830 per
2650 4759 2792 4815 hanc
2817 4758 3115 4816 editionem
3144 4758 3433 4814 occasione
3461 4773 3527 4813 ac
3548 4755 3719 4811 facul-

443 4866 578 4922 tate,
606 4855 654 4911 si
686 4869 853 4926 quam
878 4852 1016 4908 mihi
1042 4852 1383 4925 contingeret
1409 4866 1443 4906 a
1464 4849 1542 4907 Te
1571 4860 1628 4906 et
1654 4851 1763 4909 illis
1787 4852 1929 4910 inire
1952 4854 2204 4926 gratiam,
2235 4853 2453 4910 abunde
2478 4853 2657 4923 ampla
2681 4853 2760 4910 illi
2788 4868 3000 4909 merces
3038 4852 3459 4923 rependeretur,
3486 4849 3578 4906 ubi
3610 4863 3716 4919 per

441 4953 669 5007 Vestrae
694 4946 1091 5019 indulgentiam
1116 4943 1366 5001 caritatis
1406 4944 1825 5016 participatione
1851 4947 2089 5016 quadam
2128 4946 2451 5003 meritorum
2488 4947 2985 5019 suil‘ragiorumque
3011 4945 3332 5002 Vestrormn
3370 4958 3713 5016 aspergerer.

440 5043 620 5113 Quod,
646 5042 883 5098 multum
910 5040 978 5097 iis
1008 5040 1280 5111 indigens,
1308 5039 1439 5095 licet
1476 5055 1589 5094 non
1632 5039 1817 5096 minus
1862 5041 2193 5109 immeritus,
2220 5053 2358 5114 opto
2384 5052 2441 5099 et
2465 5059 2661 5111 voveo,
2686 5042 3023 5099 faustissinta
3061 5041 3231 5098 Vobis
3266 5042 3450 5096 omnia
3482 5052 3715 5112 precans

438 5149 814 5209 etaugurans.
840 5135 992 5202 Vale,
1026 5135 1339 5191 venerabilis
1383 5142 1557 5207 pater,
1598 5146 1655 5191 et
1695 5135 1802 5192 hoc
1822 5138 1998 5223 'quale

2153 5155 2247 5210 que
2287 5139 2617 5211 obsequium
2640 5156 2711 5196 ne
2736 5139 2981 5213 graveris
3018 5138 3310 5194 admittere
3350 5134 3713 5193 addictissimi

440 5234 564 5289 Tibi
609 5242 666 5290 et
710 5234 975 5289 universo
1021 5242 1208 5288 vestro
1250 5231 1601 5288 sanctissimo
1644 5233 1829 5289 ordini
1886 5234 2229 5292 devotissimi
2277 5236 2515 5294 clientis.
2572 5236 2896 5294 Scribebam
2951 5236 3181 5291 Tolosae
3232 5232 3351 5289 XVI
3402 5233 3517 5288 Kal.
3554 5232 3709 5301 Sept.

432 5327 502 5384 Α.
545 5326 1027 5387 CIDIOCLXXXII.

1963 5492 2209 5551 NOTAE.

510 5604 624 5687 (to)
652 5607 775 5687 Act.
810 5605 984 5687 xvii,
1001 5605 1105 5687 2s.“
1133 5606 1299 5665 xxv.
1322 5609 1511 5666 xxvx.
1542 5609 1683 5675 xm,
1712 5610 1765 5665 7.
1807 5610 1944 5666 xvn.
2202 5612 2318 5687 (is)
2355 5613 2574 5687 §oz_om.
2618 5570 3082 5687 Hist.__Eccl.__l_ib.
3124 5610 3192 5666 lll
3228 5609 3461 5687 φιλῶ.

513 5613 603 5679 (ιυ
654 5613 775 5661 Act.
813 5613 974 5687 χγιι,
1001 5613 1093 5660 22.
1135 5613 1299 5665 XXV.
1322 5613 1511 5666 XXVI.
1542 5613 1683 5675 ΧΙΙΙ,
1712 5613 1765 5665 7.
1807 5613 1944 5666 XVI.
2232 5613 2295 5666 15
2355 5613 2574 5667 Sozom.
2618 5613 2759 5667 Hist.
2802 5613 2950 5667 Eccl.
2984 5613 3082 5666 lib.
3124 5613 3192 5666 ΙΙΙ
3228 5625 3350 5680 cap.
3375 5613 3461 5666 15.

513 5613 626 5819 (ﬂ;
652 5676 698 5731 ΙΙ
726 5675 853 5731 COP-
890 5676 1005 5739 λιι,
1040 5677 1123 5731 16.
2201 5613 2318 5827 ἕίέἒ
2352 5682 2409 5738 S.
2442 5682 2705 5738 Bernardi
2748 5681 2908 5738 Hom.
2945 5682 3014 5739 lV
3052 5697 3219 5753 super
3243 5681 3432 5739 Missus
3467 5685 3554 5735 est.

513 5746 606 5820 (12
658 5746 680 5802 Ι
708 5747 836 5802 Cor.
867 5746 956 5813 ιγ,
995 5747 1047 5803 6.
2231 5755 2253 5809 1
2350 5754 2371 5808 Ι
2399 5754 2594 5811 Thess.
2622 5753 2690 5821 Υ,
2716 5753 2810 5821 Πκ

513 5746 626 5820 (η)
658 5746 680 5802 ι
708 5747 836 5802 Cor.
867 5746 956 5813 1v,
995 5747 1047 5803 6.

2201 5746 2317 5821 (15.)
2350 5754 2371 5808 Ι
2399 5754 2594 5811 Thess.
2622 5753 2690 5821 ν,
2716 5753 2809 5821 17ς
