3950 6560
221 444 319 502 529

1192 441 1287 500 ao
1322 440 1685 501 OPUSCULA
1718 440 1777 501 s.
1815 440 2102 500 mean"
2138 398 2483 500 ascvprn.

858 576 1290 707 PETRI
1393 614 1972 711 POSSINI
2081 620 2364 716 soc.
2465 618 2793 713 JESU

991 786 1074 849 IN
1113 787 1590 851 THESAURUM
1629 789 2053 854 ASCETICUM
2093 793 2662 857 PROLEGOMENA

286 1079 299 1149 ι
326 1078 367 1134 l.
388 1077 686 1136 Duodecim
700 1094 1023 1153 graecorum
1040 1081 1265 1140 Patrum
1288 1093 1538 1141 veterum
1564 1084 1791 1141 octode-
1820 1093 1864 1151 Α
1896 1081 2058 1139 cuius
2089 1080 2282 1137 intima
2301 1083 2457 1138 notio
2475 1099 2601 1139 cum
2640 1083 2785 1140 tituli
2815 1082 2949 1140 huic
2969 1075 3280 1141 collectioni
3308 1099 3469 1155 prae-

203 1172 311 1230 cim
340 1172 637 1243 Opuscula,
667 1189 969 1245 numquam
996 1174 1266 1233 hactenus
1295 1178 1381 1233 vel
1411 1192 1607 1250 graece
1635 1177 1785 1234 edita

199 1265 284 1321 vel
305 1266 475 1322 latine
497 1267 730 1332 reddita,
749 1277 984 1339 utraque
1013 1268 1179 1325 simul
1197 1269 1446 1342 exposita
1470 1270 1658 1342 lingua
1676 1271 1784 1326 hoc

199 1359 427 1416 collecta
444 1370 782 1433 syntagmate
803 1362 924 1426 tibi.
946 1362 1128 1430 lector,
1145 1363 1387 1421 offerens
1422 1378 1543 1431 oro,
1572 1373 1634 1420 ut
1650 1364 1782 1419 dum

197 1450 264 1507 de
292 1449 366 1507 iis
391 1460 451 1508 et
484 1466 679 1507 eorum
718 1453 1041 1509 auctoribus
1073 1468 1306 1524 meaque
1337 1454 1394 1509 in
1426 1453 1537 1509 illis
1569 1454 1781 1509 exscri-

195 1541 398 1598 bend’is
441 1550 499 1597 et
535 1542 964 1614 interpretandis
997 1560 1167 1616 opera
1209 1545 1501 1616 quaedam,
1539 1562 1680 1616 quae
1727 1556 1782 1600 te

194 1649 362 1690 nosse
393 1634 621 1706 juverit,
651 1651 888 1707 expono,
912 1652 986 1693 ne
1025 1636 1252 1694 brevem
1288 1635 1639 1692 commodare
1679 1651 1781 1689 au-

192 1727 465 1783 dientiam
492 1743 743 1800 gravere.

258 1819 499 1875 Multum
533 1830 591 1877 et
629 1820 793 1878 dulce
811 1836 844 1876 a
860 1821 1041 1893 prima
1064 1821 1204 1878 mihi
1231 1820 1518 1879 iuventute
1534 1821 1781 1878 studium

192 1914 296 1970 fuit
317 1914 690 1971 bibliothecas
718 1923 936 1972 veteres
952 1914 1247 1982 lustrandi,
1261 1931 1512 1987 quaeque
1531 1915 1589 1970 in
1608 1915 1678 1971 iis
1697 1916 1783 1970 in-

188 2006 369 2073 edita,
392 2007 719 2077 praesertim
736 2024 952 2080 graeca,
977 2017 1333 2067 servarentur
1351 2007 1782 2079 ab-elegantibus

188 2099 324 2153 olim
376 2097 615 2169 ingeniis
647 2099 972 2171 composita,
1003 2115 1114 2155 non
1162 2098 1530 2172 cognoscendi
1576 2099 1778 2164 solum,

185 2190 342 2261 quod
379 2190 677 2249 insatiabili
713 2192 997 2263 voluptate
1042 2191 1330 2257 faciebam,
1365 2191 1463 2247 sed
1496 2190 1682 2255 etiam,
1721 2190 1781 2245 in

186 2295 296 2351 quo
317 2280 653 2337 vincendum
666 2296 828 2353 saepe
849 2281 1088 2337 taedium
1099 2282 1414 2338 aerumnosi
1430 2280 1636 2337 laboris
1652 2280 1778 2345 fuit,

186 2373 354 2444 longa
377 2372 726 2429 describendi
748 2373 1012 2445 patientia
1035 2373 1091 2428 in
1112 2374 1303 2430 literas
1336 2374 1485 2430 lectu
1504 2372 1780 2429 faciliores

183 2480 253 2520 ex
279 2463 604 2537 archetypis
619 2479 756 2521 aevo
779 2465 886 2520 iam
909 2464 1367 2521 evanescentibus
1391 2463 1779 2530 transferendi,
1813 2454 1855 2510 Β

184 2556 229 2612 si
249 2572 448 2626 quaex
474 2556 562 2612 bis
583 2557 816 2613 aliorum
844 2566 941 2613 aut
967 2572 1092 2612 meo
1121 2557 1246 2613 usui
1289 2557 1566 2628 quondam
1594 2556 1785 2628 profu-

187 2657 310 2703 tura
336 2658 719 2718 sperarentur.
740 2648 800 2704 in
818 2664 928 2719 quo
941 2648 1201 2720 equidem
1219 2663 1252 2705 a
1270 2649 1426 2705 nullo
1446 2648 1781 2720 scriptorum

182 2740 559 2797 laudabilium
588 2741 855 2797 abborrui
880 2757 1103 2814 genere,
1130 2741 1324 2813 utique
1360 2740 1457 2813 qui
1493 2741 1783 2795 rhetorum

181 2836 362 2891 etiam
393 2845 451 2892 et
472 2846 763 2908 poetarum
790 2836 1114 2892 nonnullam
1140 2836 1223 2892 sic
1262 2834 1636 2908 congesserim
1664 2833 1779 2889 far—

182 2927 466 2999 raginem,
497 2927 791 2985 historicos
812 2943 948 2984 vero
979 2927 1247 2999 quosdam
1274 2926 1574 2993 ediderim;
1605 2925 1783 2981 fateor

180 3025 405 3091 tamen,
453 3018 704 3089 proniori
743 3034 832 3074 me
864 3018 1070 3076 affectu
1113 3018 1434 3076 incubuisse
1466 3017 1537 3074 ad
1576 3018 1782 3088 scripta

180 3110 421 3167 Patrum
449 3125 517 3166 ac
534 3110 921 3183 Magistrorum
952 3110 1235 3167 Ecclesiae
1269 3110 1577 3181 priscorum
1598 3110 1783 3166 adhuc

173 3198 425 3254 latentia
444 3212 479 3255 e
510 3199 737 3270 pulvere
766 3201 1083 3271 pluteorum
1114 3200 1382 3267 eruenda,
1410 3216 1511 3256 seu
1540 3216 1683 3271 quae
1712 3200 1782 3255 ad

175 3290 474 3347 librorum
529 3293 924 3349 canonicorum
950 3280 1353 3364 expositionhi
1379 3302 1652 3363 spectant,
1682 3307 1781 3348 seu

170 3386 469 3441 culturam
492 3400 710 3440 morum
741 3384 1136 3457 religionisque
1175 3384 1528 3457 disciplinam
1557 3399 1625 3440 ex
1651 3399 1782 3455 pro-

169 3476 330 3531 fesso
362 3476 679 3533 tractantia.
726 3477 936 3538 Prioris
988 3477 1300 3549 argumenti
1356 3475 1624 3546 quaedam
1669 3477 1781 3532 luci

166 3567 335 3633 dedi,
370 3567 534 3639 plura
562 3567 618 3622 in
642 3568 862 3624 scriniis
892 3566 1090 3623 habeo.
1130 3566 1272 3622 Sunt
1299 3567 1447 3622 enim
1471 3582 1640 3636 penes
1668 3582 1778 3631 me,

166 3661 327 3717 ultra
369 3660 586 3717 dudum
614 3660 769 3717 datas
787 3661 1012 3717 Patrum
1053 3660 1329 3733 symbolas
1360 3659 1415 3714 in
1449 3659 1781 3715 Matthaeum

162 3764 223 3807 et
252 3752 543 3818 Marcum,
573 3753 954 3824 supplementa
977 3762 1036 3809 et
1073 3753 1316 3810 auctaria
1352 3751 1588 3823 insignia
1615 3751 1779 3807 Cate-

165 3859 386 3898 narum
426 3843 700 3900 editarum
728 3845 786 3901 in
817 3844 1024 3901 Lucam
1050 3861 1117 3901 ac
1139 3845 1404 3903 Joannem
1422 3854 1480 3901 et
1516 3846 1573 3899 in
1600 3844 1781 3901 Gene-

156 3936 274 3991 sim
300 3954 318 4003 ;
344 3935 599 3993 Catenae
617 3937 749 3994 item
767 3938 1015 4010 integrae
1047 3937 1459 4009 copiosissimae
1478 3937 1536 3993 in
1560 3938 1779 4005 Isaiam,
1812 3992 1815 3995 .

158 4027 567 4092 Ezechielem,
610 4028 927 4095 Danielem;
980 4029 1191 4085 scholia
1234 4029 1442 4101 pariter
1481 4045 1677 4101 graeca
1722 4029 1780 4086 in

157 4120 497 4191 prophetas
540 4135 784 4178 minores
829 4120 1162 4189 duodecim;
1215 4128 1516 4193 perpetuus
1556 4122 1783 4192 insuper

153 4212 639 4270 Commentarius
677 4211 839 4268 libris
884 4211 1179 4269 duodecim
1223 4227 1500 4283 expansus
1538 4210 1593 4271 S.
1645 4211 1780 4269 Gre-

151 4306 314 4379 gorii
377 4306 635 4379 episcopi
670 4305 1014 4379 Agrigentini
1062 4304 1121 4361 in
1164 4305 1557 4371 Ecclesiasten,
1612 4320 1778 4376 quem

150 4400 420 4456 erudito
448 4398 637 4455 iuveni
669 4398 861 4455 loanni
880 4398 1180 4456 Francisco
1200 4398 1269 4453 de
1293 4397 1504 4455 Rubeis
1530 4400 1779 4455 Romano

148 4491 469 4548 latinitate
497 4505 561 4546 ac
600 4490 722 4547 luce
754 4490 1072 4546 donandum
1131 4490 1142 4562 |
1172 4491 1371 4562 reliqui
1400 4491 1573 4547 Roma
1593 4492 1777 4548 disce-

144 4579 308 4634 dens
353 4593 518 4634 anno
539 4579 812 4650 superiori
839 4579 972 4635 1681
1000 4597 1017 4647 ;
1044 4580 1283 4652 denique
1319 4582 1783 4653 complementum

144 4673 369 4745 operis
430 4671 748 4743 imperfecte
786 4673 921 4729 editi
947 4672 1005 4729 S.
1029 4673 1279 4747 Gregorii
1307 4674 1538 4747 Nysseni
1559 4676 1617 4731 in
1641 4691 1784 4732 eun-

144 4764 291 4820 dem
324 4763 740 4829 Ecclesiasten,
771 4774 897 4836 post
919 4775 1065 4833 octo,
1088 4781 1230 4837 quae
1256 4776 1492 4833 exstant,
1530 4767 1785 4824 homilias

144 4857 600 4929 expositionem
625 4857 997 4927 perducentes
1022 4858 1091 4914 ad
1118 4859 1341 4915 tertium
1360 4861 1646 4926 duntaxat,
1680 4876 1785 4917 nec

1884 1172 1979 1229 ﬁxi
2024 1172 2388 1245 intelligentia
2435 1184 2494 1230 et
2534 1173 2794 1231 universo
2834 1184 3158 1247 argumento
3199 1174 3469 1232 librorum

1884 1265 1992 1323 hoc
2031 1275 2271 1338 systema
2321 1266 2685 1323 conﬂantium
2737 1266 3017 1337 implicata
3044 1276 3151 1332 est,
3184 1266 3389 1334 lucide,
3420 1268 3468 1323 si

1883 1373 2128 1431 possum,
2152 1358 2522 1431 distincteque
2553 1359 2891 1415 declarandi.
2914 1359 3187 1415 Graecum
3214 1359 3470 1426 verbum,

1883 1451 1974 1508 cui
2010 1451 2181 1507 latina
2202 1467 2443 1506 exercere
2463 1466 2527 1506 ac
2559 1450 2806 1506 meditari
2843 1450 3214 1522 reSpondent,
3253 1450 3362 1505 iam
3398 1450 3471 1505 ab

1881 1559 2019 1600 aevo
2034 1544 2341 1614 priscorum
2360 1543 2664 1599 Atticorum
2699 1558 2810 1598 non
2841 1543 2911 1598 ad
2949 1542 3193 1598 cuiusvis
3222 1542 3472 1599 exercitii

1882 1634 2340 1707 significationem
2369 1635 2705 1706 applicatum
2740 1645 2847 1702 est,
2867 1635 2965 1692 sed
2989 1643 3307 1693 constanter
3327 1646 3384 1692 et
3404 1652 3473 1692 ex

1882 1728 2131 1801 professo
2190 1729 2375 1786 iterati
2424 1730 2493 1785 ad
2549 1740 2764 1786 certum
2806 1730 2972 1787 finem
3009 1728 3333 1802 perficiendi
3382 1730 3471 1785 vel

1881 1821 2131 1891 corporis
2170 1822 2259 1877 vel
2323 1822 2515 1877 animi.
2538 1823 2676 1879 Nam
2728 1832 2787 1879 et
2830 1822 3027 1878 militia
3063 1831 3122 1878 et
3171 1822 3469 1893 pugilatus,

1881 1928 2099 1980 cursus,
2122 1914 2270 1971 lucta
2296 1914 2575 1985 ceterique
2594 1929 2817 1986 agones,
2832 1923 2889 1972 et
2906 1913 3147 1979 venatio,
3168 1920 3226 1969 et
3252 1920 3470 1979 cantus,

1880 2016 1938 2063 et
1955 2006 2218 2061 tibiarum
2237 2021 2304 2061 ac
2320 2006 2513 2061 ﬁdium
2534 2005 2792 2071 melodia,
2814 2004 3131 2075 similesque
3152 2014 3249 2060 aut
3271 2004 3471 2063 iucun-

1881 2099 1985 2154 dae
2012 2109 2110 2154 aut
2135 2097 2300 2154 utiles
2336 2098 2574 2169 ideoque
2610 2097 2668 2153 in
2688 2096 2868 2169 pretio
2904 2097 3127 2152 habitae
3154 2106 3321 2161 artes,
3344 2110 3474 2152 suas

1879 2191 2298 2262 habentcuique
2318 2190 2759 2247 accommodatas
2778 2204 2999 2253 asceses,
3020 2188 3399 2242 meditamenta
3416 2197 3475 2243 et

1881 2286 2435 2360 praeexercitationes,
2458 2284 2662 2354 quibus
2696 2282 2764 2360 ad
2784 2298 2879 2338 eas
2914 2281 3204 2337 initientur
3225 2280 3321 2351 qui
3357 2281 3474 2336 cla-

1882 2357 2106 2435 rescere
2125 2386 2223 2433 aut
2240 2376 2393 2432 beari
2414 2391 2513 2446 per
2531 2376 2654 2431 illas
2673 2357 2915 2446 s'perant.
2937 2374 3269 2444 Plerumque
3289 2381 3474 2427 tamen

1883 2469 2199 2542 philosophi
2236 2477 2455 2524 veteres
2474 2467 2544 2524 ad
2565 2467 2767 2523 mentis
2786 2466 3059 2521 culturam
3092 2466 3474 2535 virtutumque

1882 2565 2116 2637 praxim,
2154 2579 2257 2635 per
2293 2578 2432 2633 quas
2468 2562 2635 2617 homo
2672 2561 2743 2616 ad
2776 2559 3097 2616 felicitatem
3133 2558 3470 2629 disponitur,

1884 2673 2117 2714 asceseos
2137 2655 2563 2727 appellationem
2584 2653 2931 2723 adaptarunt.
2954 2651 3104 2720 Quos
3122 2651 3319 2706 imitati
3340 2664 3476 2706 una-

1882 2749 2020 2805 nimi
2056 2763 2330 2804 consensu
2368 2747 2475 2802 iam
2497 2763 2528 2802 a
2547 2745 2742 2817 primis
2774 2744 2912 2815 legis
2929 2756 3104 2802 novae
3123 2742 3357 2799 saeculis
3375 2757 3472 2798 ec-

1884 2839 2181 2897 clesiastici
2212 2839 2515 2910 scriptores
2552 2839 2757 2893 ascesin
2777 2853 2889 2893 non
2932 2836 3050 2892 fere
3100 2836 3263 2890 aliam
3306 2851 3474 2905 agno-

1884 2943 2048 2993 scunt
2064 2944 2123 2991 et
2158 2933 2502 3006 praedicant,
2525 2947 2690 3003 quam
2709 2946 2849 3003 quae
2869 2929 2939 2985 ab
2961 2928 3092 3000 ipsis
3112 2927 3473 3000 distinguitur

1887 3030 2148 3086 adiuncto
2178 3027 2397 3099 pietatis
2424 3042 2488 3082 ac
2535 3025 2816 3097 religionis
2837 3067 2851 3089 ,
2877 3039 3013 3095 quae
3038 3024 3277 3078 animam
3304 3021 3474 3092 pascit

1887 3119 2076 3174 divinis
2106 3117 2339 3173 sensibus
2359 3134 2379 3171 :
2402 3116 2571 3171 verba
2619 3124 2749 3172 sunt
2778 3114 2964 3169 Basilii
2997 3112 3196 3184 Magni,
3231 3113 3472 3182 scripto-

1885 3227 2009 3266 rum
2047 3210 2411 3266 asceticorum
2450 3209 2611 3264 facile
2655 3206 2940 3278 principis,
2975 3205 3033 3261 in
3072 3206 3216 3261 libro
3245 3205 3321 3259 De
3348 3203 3464 3260 vita

1882 3303 2147 3359 solitaria.
2177 3301 2412 3358 Addicta
2441 3302 2609 3373 igitur
2643 3315 2745 3355 usu
2779 3299 2887 3354 iam
2921 3298 3054 3354 olim
3099 3295 3472 3354 ecclesiastico

1882 3403 1967 3452 est
2018 3396 2207 3451 ascesis
2256 3409 2452 3466 graeca
2499 3408 2606 3448 vox
2670 3390 2994 3447 indicandae
3046 3389 3201 3461 praxi
3248 3399 3473 3445 actuum

1882 3488 2229 3544 internorum
2277 3487 2552 3541 humanae
2590 3486 2792 3540 mentis
2820 3491 2876 3539 et
2903 3481 3203 3539 voluntatis
3232 3482 3345 3538 Deo
3371 3497 3471 3539 co-

1882 3579 2049 3637 lendo
2066 3588 2123 3635 et
2152 3577 2258 3635 sibi
2278 3577 2651 3649 perﬁciendis,
2674 3589 2891 3645 semper
2910 3573 3134 3646 quidem
3154 3583 3213 3629 et
3244 3574 3471 3644 ubique,

1842 3656 1981 3728 'sed
2012 3671 2079 3726 in
2130 3686 2355 3727 secessu
2411 3672 2745 3741 praesertim
2793 3682 2861 3723 ac
2904 3665 3227 3732 solitudine,
3278 3674 3374 3721 aut
3415 3664 3474 3720 in

1886 3765 2145 3819 convictu
2187 3769 2245 3817 et
2293 3760 2660 3818 contubernio
2707 3760 2857 3815 idem
2908 3772 2978 3814 ex
3006 3750 3262 3814 instituto
3294 3756 3475 3811 medi-

1889 3856 2060 3912 tantis
2098 3852 2406 3910 sodalitatis
2426 3849 2854 3906 attendentium.

1938 3946 2028 4002 III.
2041 3944 2342 4001 Character
2350 3941 2628 3999 Ecclesiae
2645 3937 2851 3996 Christi
2865 3945 2971 4005 est,
2983 3937 3256 3992 honorare
3264 3949 3471 3990 numen

1882 4050 1995 4092 non
2022 4034 2183 4090 labiis
2211 4034 2388 4089 solum
2425 4039 2523 4086 aut
2568 4028 2926 4100 usurpatione
2960 4025 3209 4083 sensibili
3239 4024 3469 4089 rituum,

1882 4128 2029 4201 quod
2043 4126 2280 4183 faciebat
2297 4125 2598 4197 Synagoga,
2613 4121 2708 4178 sed
2723 4118 3003 4191 conceptis
3014 4118 3207 4173 intime
3219 4115 3474 4172 sensibus

1882 4221 2285 4291 afi'ectibusque
2312 4218 2498 4275 devoti
2539 4215 2762 4287 penitus
2794 4213 2983 4268 animi.
3027 4211 3143 4266 Hoc
3176 4208 3471 4265 discrimen

1885 4313 2140 4371 Christus
2154 4294 2415 4383 exprimit
2442 4308 2529 4364 his
2551 4306 2738 4363 verbis
2764 4304 3161 4361 Samaritanam
3190 4303 3475 4371 alloquens

1886 4406 2046 4465 Joan.
2085 4405 2191 4461 IV:
2225 4401 2443 4468 Mulier,
2474 4402 2618 4456 venit
2645 4401 2801 4463 hora,
2842 4405 2894 4451 et
2936 4394 3077 4451 nunc
3121 4402 3219 4460 est,
3262 4392 3474 4464 quando

1884 4500 1996 4555 veri
2017 4498 2324 4553 adoratores
2367 4493 2667 4551 adorabunt
2696 4490 2915 4546 Patrem
2943 4491 2999 4544 in
3024 4489 3215 4560 spiritu
3253 4494 3302 4540 et
3334 4486 3473 4540 veri-

1883 4601 2014 4649 tate.
2039 4592 2318 4648 Summam
2340 4586 2447 4644 sibi
2476 4582 2758 4656 religionis
2780 4592 2940 4638 vetus
2959 4581 3286 4637 Iudaeorum
3324 4576 3475 4633 natio

1881 4685 2125 4758 ponebat
2152 4684 2211 4739 in
2233 4679 2500 4753 speciosis
2532 4676 2857 4735 cerimoniis
2881 4681 2939 4731 et
2961 4673 3196 4746 pompis,
3226 4671 3473 4743 qualium

1881 4773 2351 4832 ostendendarum
2398 4769 2702 4842 prolessam
2758 4773 2818 4821 et
2860 4774 3250 4835 quaestuosam
3298 4772 3475 4815 artem

1884 4866 2111 4924 Scribae
2178 4864 2506 4936 praesertim
2553 4858 2947 4927 Pharisaeique
2998 4855 3339 4911 factitabant.
3405 4854 3477 4908 lis

141 4950 362 5021 ipsum
403 4958 589 5004 ῑοῐιιῐῐι
624 4949 766 5004 sacri
809 4949 931 5004 eius
961 4948 1089 5003 libri
1119 4960 1306 5021 caput.
1344 4950 1622 5022 reliquum
1652 4951 1780 5007 ιιῐιί-
1815 4994 1858 5049 D
1887 4958 2386 5032 quomodocunque
2419 4954 2595 5009 functi
2636 4951 2914 5023 perfectos
2946 4964 3006 5005 se
3039 4946 3473 5013 arbitrabantur,

140 5058 416 5100 versum
457 5042 638 5097 Patris
675 5041 926 5097 eiusdem
955 5042 1306 5099 disertissimi
1333 5060 1507 5114 usque
1539 5043 1608 5098 ad
1660 5060 1784 5099 ver-

139 5153 285 5192 sum
319 5133 608 5190 ultimum
652 5133 916 5203 postremi
940 5132 1251 5190 duodecimi
1288 5134 1485 5206 capitis
1508 5149 1785 5190 commen-

140 5232 386 5286 tarium
416 5226 709 5282 exhibens.

216 5325 298 5380 Il.
349 5319 639 5379 Confiteri
679 5329 864 5375 tamen
883 5317 1082 5385 debeo,
1103 5317 1435 5375 delectatum
1456 5335 1543 5383 me
1562 5317 1785 5390 potissi-

134 5431 317 5471 mum
395 5426 644 5467 occursu
687 5425 920 5482 operum
948 5410 1019 5466 ab
1040 5410 1285 5482 antiquis
1313 5412 1495 5483 magni
1544 5411 1785 5467 nominis

134 5508 459 5567 Patribus
477 5505 808 5576 scriptorum
828 5503 898 5559 de
920 5504 1172 5561 interiori
1193 5505 1477 5575 religionis
1494 5503 1783 5574 disciplina

132 5616 335 5674 quam
396 5598 625 5654 ascesin
667 5608 889 5663 vocant,
912 5612 1110 5669 graeco
1152 5597 1419 5653 vocabulo
1443 5599 1778 5652 exercitatio-

134 5714 275 5751 nem
315 5691 523 5749 latine
555 5702 809 5758 sonante,
851 5693 946 5748 sed
975 5692 1100 5762 plus
1130 5692 1408 5763 quippiam
1437 5692 1779 5765 signiﬁcante

133 5780 563 5856 quamprimo
579 5782 705 5838 eius
724 5782 877 5838 vocis
895 5782 1089 5838 auditu
1116 5783 1633 5839 mentisubiicitur.
1659 5783 1781 5851 Quo

136 5878 391 5954 iniungi
419 5874 562 5934 mihi
584 5874 821 5933 oliicium
851 5876 1052 5943 sentio,
1080 5891 1194 5932 rem
1218 5876 1386 5947 ipsam
1417 5877 1560 5933 hanc
1589 5884 1781 5943 totam,

1891 5051 2071 5109 securi
2130 5050 2434 5105 celatorum
2493 5047 2644 5101 intus
2692 5045 2943 5100 ulcerum
2997 5056 3124 5096 reae
3168 5038 3369 5094 mentis
3420 5046 3478 5093 et

1892 5144 2317 5199 criminosorum
2346 5139 2643 5196 afiectuum
2663 5135 2935 5193 consciae.
2959 5132 3116 5201 Quod
3136 5130 3478 5201 exprobrans

1884 5237 1995 5291 illis
2054 5235 2311 5291 Christus
2369 5233 2447 5289 ait
2488 5231 2682 5287 Matth.
2731 5228 2925 5293 XXIII,
2969 5226 3076 5281 ‘25:
3142 5224 3249 5279 Vae
3294 5223 3476 5289 vobis,

1881 5329 2098 5386 Scribae
2130 5336 2178 5382 et
2207 5325 2511 5389 Pharisaei,
2536 5324 2664 5395 quia
2697 5319 2967 5376 mundatis
3001 5316 3139 5388 quod
3178 5316 3373 5386 deforis
3401 5323 3479 5369 est

1882 5422 2061 5477 calicis
2089 5429 2138 5474 et
2168 5418 2488 5492 parapsidis,
2523 5415 2532 5488 |
2563 5416 2708 5470 intus
2737 5421 2917 5467 autem
2952 5410 3096 5483 pleni
3130 5411 3252 5463 estis
3282 5409 3476 5479 rapina

1881 5520 1929 5565 et
1960 5509 2365 5565 immunditia...
2419 5505 2617 5562 similes
2670 5502 2960 5575 sepulchris
3017 5500 3297 5564 dealbatis,
3340 5515 3477 5570 quae

1887 5602 2050 5673 aforis
2085 5608 2278 5673 parent
2326 5598 2620 5654 hominibus
2654 5598 2911 5670 speciosa,
2950 5595 3096 5648 intus
3146 5608 3270 5647 vero
3314 5591 3476 5662 plena

1885 5702 2007 5747 sunt
2047 5692 2245 5746 ossibus
2295 5698 2625 5745 mortuorum
2666 5698 2716 5743 et
2762 5687 2906 5742 omni
2946 5686 3224 5757 spurcitia.
3269 5682 3475 5751 Quem-

1889 5784 2181 5840 admodum
2198 5798 2335 5854 ergo
2345 5789 2551 5838 certam
2567 5780 2885 5837 methodum
2902 5794 2965 5834 ac
2980 5778 3268 5833 formulam
3287 5776 3479 5832 obser-

1890 5876 2169 5932 vationum
2211 5876 2439 5932 istarum
2461 5873 2819 5953 Mosaicarum
2846 5870 3033 5928 ludaci
3054 5869 3190 5943 legis
3222 5868 3487 5926 doctores
