3950 6570
482 440 600 499 351.

1603 424 1808 494 PETRI
1850 441 2111 494 possim
2152 439 2665 497 PROLEGOMENA
3618 451 3703 508 332

484 555 749 626 digestam
785 551 842 606 in
873 549 1088 622 regulas
1134 559 1191 604 et
1241 549 1599 620 compositam
1636 550 1912 606 habebant
1947 560 2059 605 tra-
2093 560 2134 613 Α
2167 554 2322 609 tariis
2359 555 2432 609 ita
2455 570 2486 609 e
2514 568 2710 625 graeca
2731 552 2956 607 latinam
2986 551 3188 619 facere,
3216 561 3277 608 ut
3301 552 3416 624 ipsa
3450 562 3609 615 tamen
3633 582 3704 618 ar-

485 648 798 717 debantque
822 644 890 699 ad
922 658 1081 698 usum
1116 643 1440 713 plerumque
1484 658 1695 696 merum
1740 642 2063 697 ambitiosae

483 738 890 803 ostentationis,
931 738 1006 791 ita
1034 752 1132 806 par
1163 736 1286 801 fuit,
1316 745 1535 790 sanctos
1558 735 1693 805 legis
1740 751 1914 790 novae
1944 751 2063 807 my-

486 842 600 888 stas
620 831 900 887 interioris
920 828 1087 884 huius
1107 828 1203 882 Dei
1224 827 1405 882 cultus
1429 827 1608 882 tacitis
1626 827 1882 882 sensibus
1908 843 2064 882 men-

489 926 560 982 tis
588 934 646 981 et
663 923 956 979 voluntatis
985 921 1226 976 motibus
1246 921 1474 975 exerciti
1505 929 1696 985 totam,
1729 922 2067 990 exploratam

488 1016 957 1074 animadversione
990 1014 1168 1084 longa,
1212 1021 1269 1068 et
1300 1013 1482 1068 literis
1522 1013 1871 1069 commissam
1892 1012 2068 1084 expli-

486 1126 610 1165 care
630 1111 915 1165 rationem.

558 1203 705 1258 Talis
748 1201 893 1273 hyle,
924 1200 1048 1256 talis
1092 1214 1293 1271 scopus
1326 1208 1411 1255 est
1450 1199 1648 1255 horum
1683 1214 1823 1270 quos
1856 1198 2073 1254 edimus

486 1295 775 1359 librorum,
810 1309 919 1348 non
960 1292 1244 1348 monachis
1276 1291 1540 1347 duntaxat
1573 1301 1669 1346 aut
1706 1291 2069 1356 anachoretis,

486 1384 635 1455 quod
661 1384 841 1440 videri
872 1383 1107 1454 cuipiam
1133 1392 1338 1453 posset,
1370 1382 1611 1446 utilium,
1638 1381 1730 1436 sed
1765 1381 2075 1452 promiscue

488 1478 704 1533 cunctis
740 1476 1014 1532 Ecclesiae
1048 1476 1285 1531 statibus
1322 1475 1722 1543 ordinibusque
1757 1473 2074 1543 profuturo—

494 1585 656 1635 rum;
688 1568 970 1639 quoniam,
993 1566 1095 1621 etsi
1128 1565 1333 1621 Christi
1362 1564 1605 1619 Ecclesia
1636 1580 1733 1635 per
1757 1564 2075 1619 Bethaniam

492 1659 720 1729 ﬁgurata
749 1659 970 1713 Mariam
1010 1658 1207 1712 habeat
1246 1657 1302 1710 in
1349 1656 1587 1711 solidum
1630 1655 2077 1726 contemplationi

490 1749 730 1805 deditam
771 1756 827 1803 et
860 1747 1123 1802 Martham
1150 1746 1295 1801 vitae
1322 1745 1531 1800 activae
1556 1744 1877 1799 ministeriis
1903 1753 2080 1798 atten-

490 1840 735 1905 dentem,
775 1848 957 1894 tamen
1004 1855 1071 1894 ex
1118 1839 1234 1894 suis
1280 1840 1579 1894 alterutrae
1616 1838 1808 1894 ofliciis
1845 1838 2077 1892 invicem

2166 650 2398 720 chctypa
2435 665 2545 703 non
2591 648 3015 718 supprimerem,
3050 646 3058 717 |
3091 662 3216 701 cum
3252 646 3320 701 ad
3358 648 3546 719 pignus
3586 669 3709 713 meae

2168 741 2295 797 ﬁdei
2340 741 2736 813 praebendum,
2774 748 2887 796 tum
2931 740 2999 795 ad
3052 740 3294 794 fructum
3342 745 3450 795 non
3505 742 3709 803 inviden-

2166 834 2298 888 dum
2340 834 2595 898 eruditis,
2624 848 2691 889 ex
2734 832 2872 904 ipsa,
2903 831 3052 903 quod
3094 832 3296 902 passim
3342 830 3562 899 malunt,
3591 835 3713 895 fonte

2169 927 2482 983 hauriendi.

2240 1022 2328 1076 IV.
2374 1018 2673 1075 Reddenda
2712 1017 2974 1088 deinceps
3016 1017 3157 1072 ratio
3196 1025 3283 1072 est
3327 1016 3714 1088 Opusculorum.

2169 1113 2536 1185 Inprimisque
2582 1109 2927 1183 prodendum
2969 1109 3115 1166 unde
3162 1109 3418 1181 quodque
3458 1110 3715 1170 hauserint.

2140 1205 2317 1260 ~lnter
2365 1202 2645 1257 volumina
2696 1216 2891 1256 manus
2944 1199 3202 1270 antiquae
3255 1216 3451 1271 graeca
3501 1202 3719 1271 plurima,

2172 1310 2313 1365 quae
2371 1293 2695 1351 Franciscus
2748 1291 3053 1346 Turrianus
3112 1290 3445 1346 Societatem
3513 1302 3721 1350 nostram

2174 1387 2379 1441 Romae
2414 1385 2591 1440 iniens
2615 1398 2760 1438 anno
2785 1383 2920 1438 1566
2950 1382 3003 1437 in
3031 1381 3195 1437 domo
3216 1381 3463 1451 professa
3493 1380 3722 1451 Romana,

2174 1479 2270 1535 ubi
2295 1479 2561 1533 hactenus
2584 1484 2955 1541 asservantur,
2981 1474 3255 1546 deposuit,
3280 1489 3451 1528 unum
3469 1483 3550 1528 est
3570 1486 3728 1531 aucto-

2177 1589 2298 1628 rum
2340 1571 2501 1627 facile
2546 1570 2770 1640 triginta
2823 1567 3233 1624 lucubrationes
3295 1566 3363 1621 de
3417 1582 3475 1621 re
3526 1570 3727 1625 ascetica

2176 1664 2460 1735 colligens,
2495 1661 2669 1716 veteri
2715 1660 3076 1716 transmarina
3115 1666 3398 1715 exaratum
3439 1675 3616 1723 manu,
3648 1676 3729 1715 an-

2176 1757 2263 1811 nis
2292 1755 2495 1810 abhinc
2531 1764 2681 1809 retro
2722 1753 2846 1824 plus
2883 1752 3216 1823 quingentis,
3249 1759 3515 1821 quantum
3554 1751 3731 1807 fumida

2179 1846 2400 1917 ferrugo
2439 1846 2662 1900 chartae
2696 1844 2826 1898 olim
2866 1842 3132 1898 candidae
3177 1842 3557 1915 augurandum
3600 1860 3733 1913 prac-

490 1932 769 1987 interdum
796 1931 1146 2002 participant.
1181 1930 1316 1986 Nam
1345 1938 1401 1985 et
1430 1930 1597 1984 Maria
1627 1928 1915 1983 ministerii
1949 1943 2073 1982 cor-
2107 1918 2147 1973 Β
2177 1945 2289 1998 bet.
2327 1943 2405 1997 Ex
2436 1958 2504 1996 ρο
2541 1940 2818 1996 sexdecim
2860 1937 3135 2009 Opuscula
3161 1937 3459 2006 descripsi,
3507 1937 3605 1991 hoc
3648 1948 3733 2002 est,

491 2025 647 2096 porci
722 2024 975 2079 nonnihil
1029 2024 1242 2095 attigit,
1292 2023 1425 2077 dum
1475 2022 1679 2078 Christi
1734 2021 2077 2092 hospitaliter

491 2116 769 2187 epulantis
803 2123 969 2186 caput
1009 2116 1218 2186 spicato
1262 2114 1496 2170 nardino
1538 2113 1845 2169 suavissimi
1891 2112 2076 2168 odoris

494 2207 778 2278 dapsiliter
816 2206 1069 2275 inunxit;
1100 2215 1157 2262 et
1185 2206 1299 2277 ipsa
1342 2206 1553 2275 Martha
1600 2206 1909 2261 orationum
1962 2221 2079 2259 mo-

494 2308 679 2355 menta
707 2300 824 2355 suis
856 2298 1310 2369 occupationibus
1347 2297 1585 2363 inﬁndit,
1611 2307 1776 2369 prout
1804 2298 1886 2352 vel
1912 2313 1979 2352 ex
2010 2312 2079 2351 eo

493 2401 667 2463 patet,
703 2392 849 2462 quod
887 2392 1039 2448 stetit
1079 2390 1361 2447 Christum
1404 2391 1687 2462 alloquens
1710 2400 1766 2445 et
1792 2405 1975 2453 orans,
2019 2397 2080 2444 ut

495 2484 673 2539 iuvari
702 2499 761 2540 se
796 2493 1018 2539 curaret
1044 2499 1075 2538 a
1104 2499 1313 2539 sorore.
1339 2484 1643 2539 Commune
1674 2483 1919 2554 profecto
1946 2498 2082 2538 cun-

494 2576 601 2633 ctis
656 2576 900 2632 cuiusvis
961 2592 1155 2641 sexus,
1218 2575 1431 2641 aetatis,
1492 2576 1702 2631 ordinis
1746 2575 2081 2632 Christianis

496 2668 692 2723 orandi
744 2678 802 2724 et
857 2677 1013 2723 actus
1066 2668 1360 2724 interiores
1414 2667 1581 2734 ﬁdei,
1623 2668 1760 2739 spei,
1803 2669 2078 2735 caritatis,

499 2762 782 2833 religionis
800 2761 1095 2817 exercendi
1118 2770 1471 2832 praeceptum
1492 2771 1595 2827 est,
1621 2763 1726 2817 hoc
1746 2764 1865 2818 solo
1888 2763 2084 2819 discri-

498 2853 648 2907 mine
696 2853 1112 2909 coenobitarum
1154 2861 1211 2908 et
1255 2854 1716 2909 anachoretarum
1749 2871 1781 2910 a
1818 2856 2080 2922 caeteris,

498 2946 645 3015 quod
676 2947 754 3003 illi
786 2963 1005 3018 semper
1038 2956 1097 3002 et
1130 2946 1290 3002 unice
1320 2947 1570 3019 religioni
1605 2963 1663 3003 se
1694 2957 1835 3004 totos
1868 2949 2084 3020 impen-

498 3038 658 3105 dunt,
695 3041 751 3094 hi
786 3040 1027 3111 cogitant
1060 3038 1285 3111 quidem
1318 3055 1458 3109 quae
1490 3049 1619 3095 sunt
1650 3033 1839 3097 mundi
1868 3058 1970 3111 pro
1998 3044 2084 3098 sui

499 3134 817 3191 conditione
858 3140 1054 3197 status,
1097 3131 1177 3186 sic
1228 3138 1430 3195 tamen,
1472 3140 1532 3187 ut
1585 3133 1865 3203 religionis
1912 3134 2087 3190 oﬁieia

2179 2036 2361 2092 omnia
2408 2032 2969 2104 exceptisduntaxat
3022 2031 3239 2086 duobus
3288 2030 3407 2085 XIII
3452 2039 3512 2084 et
3558 2030 3737 2097 XVIII;

2178 2144 2303 2184 nam
2332 2127 2486 2197 prius
2519 2141 2549 2180 e
2579 2124 2842 2179 Vaticano
2866 2122 3191 2193 perantiquo
3215 2121 3425 2186 codice,
3457 2121 3547 2176 cui
3572 2138 3738 2176 nume-

2181 2235 2275 2273 rus
2314 2216 2635 2271 inscribitur
2677 2214 2813 2280 750,
2871 2212 3207 2283 descriptum
3258 2220 3382 2277 est,
3430 2212 3677 2267 ultimum
3716 2230 3743 2269 e

2179 2306 2667 2381 Cryptoferratensi
2701 2304 3034 2360 bibliotheca
3058 2304 3407 2375 ‘deprompsi.

2250 2398 2508 2455 Omnium
2557 2398 2615 2451 in
2663 2396 2842 2451 fronte
2891 2395 3049 2466 posui
3102 2396 3390 2465 epistolam
3546 2395 3747 2450 Joannis

2180 2488 2557 2562 Chrysostomi
2605 2488 2673 2544 ad
2719 2488 3046 2555 monachos,
3096 2487 3170 2542 ita
3227 2487 3373 2543 clare
3434 2486 3498 2541 in
3544 2487 3746 2542 Turria-

2181 2584 2339 2640 nensi
2431 2582 2621 2639 codice
2706 2579 3045 2650 inscriptam.
3142 2578 3275 2634 Esse
3370 2578 3525 2632 illam
3603 2575 3752 2648 Chry-

2183 2674 2409 2732 sostomi
2449 2674 2496 2730 si
2533 2673 2659 2744 quis
2704 2680 2950 2743 negaret,
2992 2671 3062 2726 ab
3109 2670 3215 2726 hoc
3257 2671 3377 2725 iure
3418 2685 3549 2724 meo
3590 2669 3749 2739 exige-

2184 2786 2323 2835 rem,
2365 2777 2426 2824 ut
2465 2766 2839 2823 testimonium
2880 2781 2983 2837 pro
3020 2780 3079 2820 se
3124 2763 3441 2819 auctoritati
3486 2762 3751 2817 Turrianci

2185 2861 2391 2918 codicis
2420 2860 2709 2933 aequilibre
2735 2867 2831 2914 aut
2856 2858 3040 2929 potius
3058 2855 3510 2928 praeponderans
3532 2853 3748 2909 aﬁ‘erret.

2185 2953 2324 3010 Cum
2367 2961 2581 3009 certum
2624 2951 2697 3007 sit
2734 2950 2951 3005 Patrem
2991 2947 3145 3001 illum
3190 2943 3625 3009 sanctissimum,
3656 2943 3757 3014 ipso

2187 3049 2493 3103 afﬁrmante
2526 3047 2624 3102 lib.
2660 3046 2785 3100 [De
2822 3040 3151 3106 sacerdotio,
3193 3049 3281 3095 sat
3316 3040 3487 3109 longo
3537 3046 3758 3107 tempore

2188 3150 2481 3211 antequam
2522 3138 2808 3210 presbyter
2840 3142 2897 3192 et
2935 3133 3282 3191 ecclesiastes
3318 3130 3648 3187 Antiochiae
3677 3130 3758 3184 tie—

501 3244 614 3283 non
659 3226 956 3297 negligant,
990 3224 1104 3278 Deo
1133 3221 1425 3278 reddentes
1458 3239 1598 3293 quae
1632 3224 1729 3280 Dei
1765 3233 1913 3291 sunt,
1942 3225 2084 3281 inte-

2191 3243 2303 3300 ret,
2340 3234 2489 3290 unde
2540 3241 2626 3288 est
2674 3231 2742 3307 ad
2798 3230 3059 3285 thronum
3109 3223 3762 3294 Constantinopolitanum

503 3323 608 3378 rim
652 3321 785 3377 dum
830 3329 889 3376 et
928 3328 1138 3391 patriae
1184 3328 1240 3375 et
1282 3319 1522 3375 familiae
1571 3329 1738 3390 prout
1783 3335 1873 3376 res
1918 3320 2088 3391 exigit

504 3413 792 3471 consulere
818 3429 929 3467 non
960 3412 1252 3468 desistunt.
1283 3412 1438 3469 Unde
1474 3413 1541 3468 iis
1577 3428 1796 3484 quoque
1831 3428 1930 3468 sua
1962 3428 2089 3484 pars

504 3506 775 3562 ascetices
812 3504 1094 3577 competit.

578 3598 677 3653 Est
724 3596 891 3669 igitur
937 3612 1037 3652 cur
1090 3612 1342 3668 sperem,
1384 3611 1495 3650 non
1545 3594 1810 3667 ingratam
1858 3594 2089 3649 Publico

506 3688 752 3745 futuram
774 3704 807 3743 a
832 3704 919 3744 me
950 3698 1194 3744 curatam
1232 3689 1652 3759 productionem
1690 3688 1743 3743 in
1770 3687 1950 3765 lucem
1978 3703 2089 3742 uno

507 3782 863 3840 collectorum
909 3796 1138 3852 corpore
1202 3781 1573 3853 duodeviginti
1638 3780 1762 3835 talis
1829 3780 2089 3835 materiae

510 3874 646 3929 tanti
706 3890 839 3929 usus
898 3872 1302 3945 Opusculorum
1351 3890 1382 3929 a
1428 3873 1742 3929 celebribus
1799 3872 2088 3927 duodecim

507 3968 960 4024 clueubratorum
998 3968 1337 4033 auctoribus,
1368 3983 1494 4023 cum
1532 3968 1681 4037 paris
1713 3966 1769 4021 in
1802 3974 1953 4021 tanto
1983 3965 2088 4019 mi-

508 4076 615 4116 nus
666 4060 845 4132 dignis
894 4060 1183 4131 rariusque
1229 4060 1459 4115 utilibus
1506 4059 1707 4115 libellis
1754 4058 2088 4114 coniunctim

508 4152 738 4208 edendis
769 4152 1082 4223 diligentiae
1116 4153 1363 4222 exempla
1394 4151 1641 4207 faventcr
1688 4160 1911 4220 excepta
1935 4166 2092 4219 prae-

512 4243 737 4300 iverint.
772 4243 1041 4314 Equidem
1079 4243 1284 4299 sentire
1325 4259 1412 4299 me
1450 4258 1629 4308 secus,
1658 4258 1821 4312 quam
1860 4257 1959 4311 par
1990 4240 2088 4304 sit,

511 4336 582 4392 de
620 4336 931 4406 politissimi
980 4336 1148 4391 huius
1183 4336 1435 4390 acumine
1470 4344 1526 4390 et
1569 4334 1841 4404 aequitate
1888 4332 2091 4387 saeculi

512 4426 819 4492 crederem,
848 4428 917 4493 si,
952 4442 1077 4482 cum
1121 4427 1192 4481 ab
1228 4441 1297 4482 eo
1337 4426 1558 4480 laudata
1595 4434 1651 4481 et
1688 4425 1867 4496 magni
1909 4425 2092 4479 habita

512 4519 728 4574 videam
752 4528 1087 4591 syntagmata
1109 4519 1573 4591 cynegeticorum,
1595 4517 2088 4587 accipitrariorum,

2188 3336 2468 3393 evocatus,
2515 3326 2661 3381 inter
2713 3322 3011 3379 monachos
3052 3320 3277 3384 vixisse,
3314 3314 3763 3373 verisimillimum

2188 3428 2291 3485 est,
2326 3426 2435 3473 tam
2490 3415 2823 3473 fOecundum
2874 3413 3155 3486 ingenium
3210 3426 3319 3465 non
3371 3406 3705 3464 abstinuisse
3741 3418 3765 3456 a

2189 3510 2482 3566 scribendo
2515 3509 2583 3565 de
2622 3508 2787 3563 rebus
2836 3522 2972 3576 quas
3019 3514 3153 3559 tunc
3189 3500 3591 3563 meditabatur,
3624 3505 3765 3565 atque

2132 3664 2137 3667 _
2188 3604 2327 3659 adeo
2354 3604 2496 3657 hanc
2530 3616 2596 3656 eo
2626 3600 2734 3655 iam
2768 3606 2883 3653 tum
2909 3606 3157 3667 tempore
3195 3592 3515 3665 epistolam,
3549 3599 3608 3645 et
3634 3590 3769 3659 plura

2190 3694 2330 3750 forte
2367 3693 2472 3747 alia
2502 3692 2649 3762 paris
2698 3687 3004 3760 argumenti
3055 3684 3230 3740 literis
3273 3680 3594 3741 mandasse,
3629 3689 3767 3746 quac,

2190 3786 2337 3857 quod
2365 3801 2475 3839 non
2505 3789 2860 3853 compareant
2892 3780 2946 3833 in
2978 3774 3396 3833 collectionibus
3426 3772 3600 3841 vulgo
3632 3766 3775 3822 editis

2188 3880 2427 3948 Operum
2468 3877 2636 3941 illius,
2678 3888 2842 3929 causa
2885 3886 3007 3927 esse
3049 3868 3248 3939 potuit,
3279 3864 3551 3937 quoniam
3594 3877 3658 3915 ea
3688 3875 3771 3929 pe-

2190 3969 2462 4024 tissimum
2503 3982 2571 4021 ex
2608 3965 2716 4019 illis
2760 3964 2816 4019 in
2857 3961 3077 4018 codices
3117 3959 3366 4030 publicos
3399 3954 3777 4010 referebantur

2190 4077 2331 4133 quae
2359 4061 2427 4115 ad
2458 4057 2756 4131 promiscui
2792 4055 3009 4127 generis
3054 4053 3305 4108 homines
3343 4046 3636 4104 docendos
3668 4059 3775 4115 per-

2192 4158 2368 4213 tinere
2416 4155 2757 4219 viderentur,
2795 4152 2903 4207 alia
2958 4165 3208 4206 seorsum
3266 4148 3321 4203 in
3382 4143 3780 4200 monachorum

2190 4251 2411 4308 scriniis
2463 4258 2519 4306 et
2575 4246 2973 4304 coenobiorum
3023 4242 3229 4299 archiis
3285 4240 3366 4295 uti
3426 4234 3778 4308 professionis

2192 4352 2500 4400 ascetarum
2565 4340 2789 4413 propria
2864 4337 3189 4393 sinebantur
3260 4331 3564 4388 custodiri.
3637 4328 3781 4382 Istam

2192 4448 2359 4505 porro
2404 4432 2691 4503 epistolam
2735 4427 3026 4501 praeposui
3068 4424 3282 4481 cunctis
3332 4423 3461 4478 aliis
3504 4419 3781 4492 Opusculis

2192 4541 2305 4584 non
2352 4524 2698 4595 antiquitatis
2738 4519 3140 4593 praerogativa,
3181 4533 3289 4588 qua
3328 4516 3783 4587 Chrysost'omum

513 4611 927 4682 georgicorum.
999 4610 1463 4681 agrimensorum,
1516 4610 1969 4681 hippiatricorum
2034 4619 2091 4665 et
2119 4618 2456 4689 Dsupcrant
2510 4616 2781 4673 Macarius
2825 4623 2881 4669 et
2938 4610 3373 4682 Amphilochius,
3432 4609 3533 4664 ille
3594 4616 3783 4677 septem

514 4704 801 4769 similium,
835 4703 1043 4775 despici
1071 4718 1293 4759 vererer
1318 4712 1375 4759 et
1404 4719 1435 4758 a
1462 4703 1822 4759 delicatorum
1864 4704 2097 4761 fastidiis

514 4797 746 4869 frigere,
792 4796 925 4853 dum
978 4797 1340 4852 asceticorum
1398 4813 1511 4853 non
1567 4799 1798 4854 antehac
1854 4800 2096 4855 visorum

515 4905 747 4961 operum
784 4905 1089 4946 connexam
1130 4905 1240 4945 uno
1281 4901 1431 4945 serto
1467 4891 1665 4946 seriem
1707 4893 1908 4959 oﬁ‘ero;
1939 4893 2095 4963 quasi

515 4997 772 5054 agrorum
800 4983 887 5038 vel
916 4983 1163 5037 culturae
1191 4983 1275 5037 vel
1303 4982 1682 5051 dimensionis,
1712 4985 2096 5056 mulorumque

516 5075 823 5132 medicinae
859 5075 1153 5148 gratiosius
1191 5077 1265 5131 sit
1305 5086 1595 5147 praecepta
1626 5078 1847 5149 vulgare
1876 5079 1944 5134 ab
1970 5079 2097 5134 ista-

518 5184 643 5232 rum
670 5170 936 5225 consultis
957 5170 1160 5225 artium
1184 5170 1405 5235 tradita,
1428 5186 1592 5240 quam
1614 5171 1934 5242 disciplinae
1956 5173 2094 5228 scitu

518 5263 869 5335 dignissimae
915 5278 980 5318 ac
1022 5263 1236 5319 cunctis
1277 5264 1620 5327 necessariae
1666 5265 1778 5320 Deo
1822 5264 2093 5335 placendi,

517 5354 865 5410 mundandae
890 5355 1123 5421 animae,
1140 5354 1323 5421 ﬁdem,
1348 5371 1522 5426 spem,
1552 5356 1852 5421 caritatem,
1878 5358 2099 5412 humili-

520 5455 708 5512 tatem.
730 5447 1048 5517 patientiam
1090 5447 1404 5515 exercendi,
1445 5449 1637 5503 orandi
1672 5465 1781 5504 non
1806 5450 1981 5504 solum
2005 5450 2098 5504 illa

522 5538 720 5595 initiali
750 5540 966 5595 cunctis
995 5540 1137 5594 facili
1170 5542 1438 5607 oratione,
1466 5542 1562 5597 sed
1590 5543 1899 5598 sublimiori
1928 5544 2099 5598 altera

521 5648 687 5702 quam
723 5634 1239 5703 contemplationem
1272 5648 1492 5703 vocant,
1526 5637 1697 5692 multa
1738 5638 1990 5692 cautione
2027 5637 2099 5692 ob

522 5723 831 5795 periculum
879 5725 1197 5781 illusionum
1244 5737 1473 5799 egente,
1524 5738 1729 5784 certam
1780 5730 2101 5785 methodum

523 5815 971 5890 exploratamque
997 5818 1263 5873 rationem
1289 5834 1319 5871 a
1344 5817 1478 5873 viris
1500 5820 1875 5883 sanctissimis,
1900 5820 2101 5875 doctis-

524 5909 699 5977 simis,
730 5909 1142 5981 antiquissimis,
1176 5911 1443 5968 accuratis
1469 5912 1787 5983 explicatam
1822 5930 2100 5970 commcn-

2196 4712 2600 4783 Opusculorum
2632 4726 2662 4765 a
2694 4709 2738 4763 II
2768 4708 2837 4763 ad
2867 4706 3004 4770 VIII,
3025 4704 3115 4759 hic
3154 4703 3350 4758 decimi
3376 4711 3674 4764 auctores,
3704 4694 3787 4752 sed

2196 4806 2269 4861 ob
2299 4805 2602 4861 claritatem
2639 4812 2748 4858 tam
2782 4801 2896 4856 noti
2928 4807 2984 4854 et
3021 4796 3256 4853 celebris
3287 4794 3583 4849 Ecclesiae
3618 4793 3788 4845 docto-

2197 4900 2297 4964 ris,
2347 4896 2623 4968 quomodo
2669 4894 2812 4949 inter
2864 4891 3123 4948 Paulinas
3174 4888 3435 4959 epistolas
3498 4888 3791 4957 primatum

2197 4998 2428 5060 occupat
2454 4987 2718 5043 Romanis
2752 4986 2955 5055 scripta
2988 4991 3214 5053 propter
3244 4980 3537 5035 Romanae
3579 4978 3665 5032 vel
3706 4993 3790 5029 ur-

2198 5084 2284 5139 bis
2326 5083 2413 5139 vel
2458 5080 2735 5136 Ecclesiae
2782 5076 3201 5148 praecellentem
3252 5073 3633 5144 dignitatem,
3678 5070 3797 5124 licet

2198 5175 2478 5244 aliquanto
2504 5170 2782 5243 posterius
2811 5184 2976 5239 quam
3002 5165 3270 5236 quaedam
3299 5173 3627 5219 ceterarum
3660 5162 3791 5215 data.

2200 5268 2257 5322 In
2284 5268 2624 5337 reliquorum
2649 5278 2779 5318 sane
2810 5256 3622 5331 dispositione'Opusculorum
3656 5260 3798 5307 aeta-

2202 5360 2270 5415 tis
2298 5359 2566 5427 cuiusque
2598 5356 2883 5416 rationem,
2916 5359 3182 5421 quantum
3208 5348 3387 5412 licuit,
3416 5347 3628 5401 habui.

2270 5448 2492 5519 Septem
2538 5444 2812 5515 Opuscula
2847 5440 3129 5511 sequentia
3172 5439 3334 5493 unius
3372 5447 3514 5492 sunt
3560 5432 3801 5491 auctoris

2201 5543 2421 5599 Macarii
2472 5541 2683 5611 Magni,
2729 5545 2895 5608 prout
2940 5535 3147 5589 diserte
3196 5531 3556 5603 singulorum
3620 5528 3802 5583 titulus

2201 5635 2451 5707 signabat
2483 5634 2541 5687 in
2585 5631 2775 5688 codice
2817 5628 3143 5684 Turrianeo.
3187 5626 3359 5681 Erant
3395 5634 3603 5678 autem
3634 5637 3702 5675 ea
3732 5618 3801 5673 ibi

2200 5744 2311 5782 non
2347 5742 2457 5781 uno
2483 5725 2742 5780 continue
2770 5723 2936 5777 ductu
2968 5735 3228 5790 expansa,
3261 5716 3355 5773 sed
3386 5717 3445 5771 in
3483 5716 3611 5770 duo
3656 5728 3803 5781 sepa-

2204 5820 2384 5883 ratim,
2422 5818 2609 5872 multis
2651 5813 3009 5886 interpositis,
3045 5810 3221 5866 divisa
3271 5816 3582 5881 systemata
3633 5802 3801 5859 nomi-

2204 5913 2289 5967 nis
2315 5911 2581 5967 eiusdem.
2619 5909 2796 5965 Priori
2832 5906 3102 5979 siquidem
3131 5904 3220 5961 hic
3250 5901 3680 5975 pracﬁgebatur
3725 5898 3804 5952 in-
