  <div class='ocr_page' id='page_1' title='image "/cluster/home/n/w/nwhite01/storage/ocr_20150623/34/hvd.32044019207760/179.png"; bbox 0 0 3950 6556; ppageno 0'>
   <div class='ocr_carea' id='block_1_1' title="bbox 1623 368 2687 429">
    <p class='ocr_par' dir='ltr' id='par_1_1' title="bbox 1623 368 2687 429">
     <span class='ocr_line' id='line_1_1' title="bbox 1623 368 2687 429; baseline 0.005 -5"><span class='ocrx_word' id='word_1_1' title='bbox 1623 368 1831 425; x_wconf 81' lang='lat' dir='ltr'><strong>PETRI</strong></span> <span class='ocrx_word' id='word_1_2' title='bbox 1869 370 2131 429; x_wconf 82' lang='lat' dir='ltr'><strong>POSSINI</strong></span> <span class='ocrx_word' id='word_1_3' title='bbox 2171 368 2687 429; x_wconf 78' lang='lat' dir='ltr'><strong>PROLEGOMENA</strong></span> 
     </span>
    </p>
   </div>
   <div class='ocr_carea' id='block_1_2' title="bbox 3663 378 3763 436">
    <p class='ocr_par' dir='ltr' id='par_1_2' title="bbox 3663 378 3763 436">
     <span class='ocr_line' id='line_1_2' title="bbox 3663 378 3763 436; baseline 0 -2"><span class='ocrx_word' id='word_1_4' title='bbox 3663 378 3763 436; x_wconf 79' lang='lat'><strong>3&#39;56</strong></span> 
     </span>
    </p>
   </div>
   <div class='ocr_carea' id='block_1_3' title="bbox 497 470 3764 561">
    <p class='ocr_par' dir='ltr' id='par_1_3' title="bbox 497 470 3764 561">
     <span class='ocr_line' id='line_1_3' title="bbox 497 470 3764 561; baseline 0.007 -36"><span class='ocrx_word' id='word_1_5' title='bbox 497 470 634 528; x_wconf 90' lang='lat' dir='ltr'><strong>viris</strong></span> <span class='ocrx_word' id='word_1_6' title='bbox 657 471 970 535; x_wconf 74' lang='lat' dir='ltr'><strong>illustribus</strong></span> <span class='ocrx_word' id='word_1_7' title='bbox 995 476 1132 535; x_wconf 89' lang='lat' dir='ltr'><strong>haec</strong></span> <span class='ocrx_word' id='word_1_8' title='bbox 1161 480 1423 553; x_wconf 88' lang='lat' dir='ltr'><strong>leguntur</strong></span> <span class='ocrx_word' id='word_1_9' title='bbox 1453 484 1659 540; x_wconf 89' lang='lat' dir='ltr'><strong>verba:</strong></span> <span class='ocrx_word' id='word_1_10' title='bbox 1685 487 1955 543; x_wconf 74' lang='lat' dir='ltr'><strong>Macarius</strong></span> <span class='ocrx_word' id='word_1_11' title='bbox 1988 488 2081 543; x_wconf 88' lang='lat' dir='ltr'><strong>ille</strong></span> <span class='ocrx_word' id='word_1_12' title='bbox 2108 501 2152 555; x_wconf 78' lang='grc' dir='ltr'>Α</span> <span class='ocrx_word' id='word_1_13' title='bbox 2182 490 2331 561; x_wconf 87' lang='lat' dir='ltr'><strong>ginta</strong></span> <span class='ocrx_word' id='word_1_14' title='bbox 2355 490 2696 554; x_wconf 90' lang='lat' dir='ltr'><strong>milliarium,</strong></span> <span class='ocrx_word' id='word_1_15' title='bbox 2728 488 2798 545; x_wconf 88' lang='lat' dir='ltr'><strong>ad</strong></span> <span class='ocrx_word' id='word_1_16' title='bbox 2837 488 3021 545; x_wconf 91' lang='lat' dir='ltr'><strong>locum</strong></span> <span class='ocrx_word' id='word_1_17' title='bbox 3063 489 3358 546; x_wconf 74' lang='lat' dir='ltr'><strong>exterioris</strong></span> <span class='ocrx_word' id='word_1_18' title='bbox 3409 491 3633 557; x_wconf 88' lang='lat' dir='ltr'><strong>montis,</strong></span> <span class='ocrx_word' id='word_1_19' title='bbox 3681 494 3764 548; x_wconf 83' lang='lat' dir='ltr'><strong>in-</strong></span> 
     </span>
    </p>
   </div>
   <div class='ocr_carea' id='block_1_4' title="bbox 496 563 2079 645">
    <p class='ocr_par' dir='ltr' id='par_1_4' title="bbox 496 563 2079 645">
     <span class='ocr_line' id='line_1_4' title="bbox 496 563 2079 645; baseline 0.013 -31"><span class='ocrx_word' id='word_1_20' title='bbox 496 563 783 618; x_wconf 86' lang='lat' dir='ltr'><strong>monachus</strong></span> <span class='ocrx_word' id='word_1_21' title='bbox 814 565 1120 639; x_wconf 84' lang='lat' dir='ltr'><strong>Aegyptius,</strong></span> <span class='ocrx_word' id='word_1_22' title='bbox 1154 574 1315 643; x_wconf 85' lang='lat' dir='ltr'><strong>signis</strong></span> <span class='ocrx_word' id='word_1_23' title='bbox 1336 584 1382 628; x_wconf 87' lang='lat' dir='ltr'><strong>et</strong></span> <span class='ocrx_word' id='word_1_24' title='bbox 1405 576 1679 631; x_wconf 85' lang='lat' dir='ltr'><strong>virtutibus</strong></span> <span class='ocrx_word' id='word_1_25' title='bbox 1697 578 1893 645; x_wconf 84' lang='lat' dir='ltr'><strong>clarus,</strong></span> <span class='ocrx_word' id='word_1_26' title='bbox 1915 597 2079 634; x_wconf 87' lang='lat' dir='ltr'><strong>unam</strong></span> 
     </span>
    </p>
   </div>
   <div class='ocr_carea' id='block_1_5' title="bbox 498 659 2079 743">
    <p class='ocr_par' dir='ltr' id='par_1_5' title="bbox 498 659 2079 743">
     <span class='ocr_line' id='line_1_5' title="bbox 498 659 2079 743; baseline 0.014 -37"><span class='ocrx_word' id='word_1_27' title='bbox 498 663 707 709; x_wconf 87' lang='lat' dir='ltr'><strong>tantum</strong></span> <span class='ocrx_word' id='word_1_28' title='bbox 753 659 837 713; x_wconf 87' lang='lat' dir='ltr'><strong>ad.</strong></span> <span class='ocrx_word' id='word_1_29' title='bbox 842 659 1083 730; x_wconf 84' lang='lat' dir='ltr'><strong>juniores</strong></span> <span class='ocrx_word' id='word_1_30' title='bbox 1110 667 1444 736; x_wconf 76' lang='lat' dir='ltr'><strong>professionis</strong></span> <span class='ocrx_word' id='word_1_31' title='bbox 1466 686 1596 722; x_wconf 88' lang='lat' dir='ltr'><strong>suae</strong></span> <span class='ocrx_word' id='word_1_32' title='bbox 1638 671 1847 741; x_wconf 85' lang='lat' dir='ltr'><strong>scripsit</strong></span> <span class='ocrx_word' id='word_1_33' title='bbox 1888 675 2079 743; x_wconf 87' lang='lat' dir='ltr'><strong>episto-</strong></span> 
     </span>
    </p>
   </div>
   <div class='ocr_carea' id='block_1_6' title="bbox 500 744 2079 819">
    <p class='ocr_par' dir='ltr' id='par_1_6' title="bbox 500 744 2079 819">
     <span class='ocr_line' id='line_1_6' title="bbox 500 744 2079 819; baseline 0.014 -21"><span class='ocrx_word' id='word_1_34' title='bbox 500 744 629 800; x_wconf 91' lang='lat' dir='ltr'><strong>lam.</strong></span> <span class='ocrx_word' id='word_1_35' title='bbox 659 748 737 803; x_wconf 89' lang='lat' dir='ltr'><strong>Ita</strong></span> <span class='ocrx_word' id='word_1_36' title='bbox 761 751 890 806; x_wconf 89' lang='lat' dir='ltr'><strong>ille:</strong></span> <span class='ocrx_word' id='word_1_37' title='bbox 922 753 1082 809; x_wconf 91' lang='lat' dir='ltr'><strong>cuius</strong></span> <span class='ocrx_word' id='word_1_38' title='bbox 1113 766 1221 810; x_wconf 91' lang='lat' dir='ltr'><strong>tam</strong></span> <span class='ocrx_word' id='word_1_39' title='bbox 1243 758 1428 813; x_wconf 84' lang='lat' dir='ltr'><strong>idonei</strong></span> <span class='ocrx_word' id='word_1_40' title='bbox 1465 768 1576 814; x_wconf 86' lang='lat' dir='ltr'><strong>tam</strong></span> <span class='ocrx_word' id='word_1_41' title='bbox 1609 761 1848 817; x_wconf 82' lang='lat' dir='ltr'><strong>disertae</strong></span> <span class='ocrx_word' id='word_1_42' title='bbox 1889 772 2079 819; x_wconf 90' lang='lat' dir='ltr'><strong>aucto-</strong></span> 
     </span>
    </p>
   </div>
   <div class='ocr_carea' id='block_1_7' title="bbox 498 839 2081 915">
    <p class='ocr_par' dir='ltr' id='par_1_7' title="bbox 498 839 2081 915">
     <span class='ocr_line' id='line_1_7' title="bbox 498 839 2081 915; baseline 0.015 -23"><span class='ocrx_word' id='word_1_43' title='bbox 498 839 648 895; x_wconf 87' lang='lat' dir='ltr'><strong>ritati</strong></span> <span class='ocrx_word' id='word_1_44' title='bbox 681 844 836 898; x_wconf 89' lang='lat' dir='ltr'><strong>testis</strong></span> <span class='ocrx_word' id='word_1_45' title='bbox 863 846 995 915; x_wconf 91' lang='lat' dir='ltr'><strong>quid</strong></span> <span class='ocrx_word' id='word_1_46' title='bbox 1024 848 1157 903; x_wconf 91' lang='lat' dir='ltr'><strong>satis</strong></span> <span class='ocrx_word' id='word_1_47' title='bbox 1201 851 1443 907; x_wconf 89' lang='lat' dir='ltr'><strong>validum</strong></span> <span class='ocrx_word' id='word_1_48' title='bbox 1478 854 1705 909; x_wconf 89' lang='lat' dir='ltr'><strong>obtendi</strong></span> <span class='ocrx_word' id='word_1_49' title='bbox 1758 856 2081 915; x_wconf 81' lang='lat' dir='ltr'><strong>eluctandae</strong></span> 
     </span>
    </p>
   </div>
   <div class='ocr_carea' id='block_1_8' title="bbox 498 935 2076 1017">
    <p class='ocr_par' dir='ltr' id='par_1_8' title="bbox 498 935 2076 1017">
     <span class='ocr_line' id='line_1_8' title="bbox 498 935 2076 1017; baseline 0.013 -31"><span class='ocrx_word' id='word_1_50' title='bbox 498 944 683 1000; x_wconf 81' lang='lat' dir='ltr'><strong>queat,</strong></span> <span class='ocrx_word' id='word_1_51' title='bbox 710 935 854 991; x_wconf 91' lang='lat' dir='ltr'><strong>haud</strong></span> <span class='ocrx_word' id='word_1_52' title='bbox 881 938 1079 1005; x_wconf 87' lang='lat' dir='ltr'><strong>video;</strong></span> <span class='ocrx_word' id='word_1_53' title='bbox 1127 952 1293 1012; x_wconf 88' lang='lat' dir='ltr'><strong>atque</strong></span> <span class='ocrx_word' id='word_1_54' title='bbox 1342 944 1481 1001; x_wconf 91' lang='lat' dir='ltr'><strong>adeo</strong></span> <span class='ocrx_word' id='word_1_55' title='bbox 1530 963 1632 1016; x_wconf 87' lang='lat' dir='ltr'><strong>pro</strong></span> <span class='ocrx_word' id='word_1_56' title='bbox 1685 959 1839 1005; x_wconf 91' lang='lat' dir='ltr'><strong>certo</strong></span> <span class='ocrx_word' id='word_1_57' title='bbox 1896 960 2076 1017; x_wconf 83' lang='lat' dir='ltr'><strong>teneo,</strong></span> 
     </span>
    </p>
   </div>
   <div class='ocr_carea' id='block_1_9' title="bbox 497 1026 2079 1110">
    <p class='ocr_par' dir='ltr' id='par_1_9' title="bbox 497 1026 2079 1110">
     <span class='ocr_line' id='line_1_9' title="bbox 497 1026 2079 1110; baseline 0.015 -35"><span class='ocrx_word' id='word_1_58' title='bbox 497 1026 872 1091; x_wconf 85' lang='lat' dir='ltr'><strong>quaerendum</strong></span> <span class='ocrx_word' id='word_1_59' title='bbox 903 1028 1071 1084; x_wconf 90' lang='lat' dir='ltr'><strong>alium</strong></span> <span class='ocrx_word' id='word_1_60' title='bbox 1094 1047 1124 1085; x_wconf 92' lang='lat' dir='ltr'><strong>a</strong></span> <span class='ocrx_word' id='word_1_61' title='bbox 1156 1032 1394 1091; x_wconf 87' lang='lat' dir='ltr'><strong>Macario</strong></span> <span class='ocrx_word' id='word_1_62' title='bbox 1438 1037 1703 1110; x_wconf 84' lang='lat' dir='ltr'><strong>Aegyptio</strong></span> <span class='ocrx_word' id='word_1_63' title='bbox 1744 1040 2079 1097; x_wconf 83' lang='lat' dir='ltr'><strong>Macariana-</strong></span> 
     </span>
    </p>
   </div>
   <div class='ocr_carea' id='block_1_10' title="bbox 500 1118 1354 1184">
    <p class='ocr_par' dir='ltr' id='par_1_10' title="bbox 500 1118 1354 1184">
     <span class='ocr_line' id='line_1_10' title="bbox 500 1118 1354 1184; baseline 0.019 -16"><span class='ocrx_word' id='word_1_64' title='bbox 500 1131 622 1170; x_wconf 87' lang='lat' dir='ltr'><strong>rum</strong></span> <span class='ocrx_word' id='word_1_65' title='bbox 656 1118 1017 1177; x_wconf 83' lang='lat' dir='ltr'><strong>Ilomiliarum</strong></span> <span class='ocrx_word' id='word_1_66' title='bbox 1050 1138 1354 1184; x_wconf 89' lang='lat' dir='ltr'><strong>auctorem.</strong></span> 
     </span>
    </p>
   </div>
   <div class='ocr_carea' id='block_1_11' title="bbox 568 1202 2078 1284">
    <p class='ocr_par' dir='ltr' id='par_1_11' title="bbox 568 1202 2078 1284">
     <span class='ocr_line' id='line_1_11' title="bbox 568 1202 2078 1284; baseline 0.015 -27"><span class='ocrx_word' id='word_1_67' title='bbox 568 1202 835 1275; x_wconf 88' lang='lat' dir='ltr'><strong>Suggeret</strong></span> <span class='ocrx_word' id='word_1_68' title='bbox 866 1207 1008 1266; x_wconf 89' lang='lat' dir='ltr'><strong>forte</strong></span> <span class='ocrx_word' id='word_1_69' title='bbox 1034 1214 1308 1284; x_wconf 82' lang='lat' dir='ltr'><strong>quispiam</strong></span> <span class='ocrx_word' id='word_1_70' title='bbox 1364 1219 1599 1275; x_wconf 90' lang='lat' dir='ltr'><strong>alterum</strong></span> <span class='ocrx_word' id='word_1_71' title='bbox 1648 1222 1755 1279; x_wconf 91' lang='lat' dir='ltr'><strong>hoc</strong></span> <span class='ocrx_word' id='word_1_72' title='bbox 1807 1223 2078 1280; x_wconf 88' lang='lat' dir='ltr'><strong>iuniorem</strong></span> 
     </span>
    </p>
   </div>
   <div class='ocr_carea' id='block_1_12' title="bbox 498 1293 2078 1376">
    <p class='ocr_par' dir='ltr' id='par_1_12' title="bbox 498 1293 2078 1376">
     <span class='ocr_line' id='line_1_12' title="bbox 498 1293 2078 1376; baseline 0.016 -29"><span class='ocrx_word' id='word_1_73' title='bbox 498 1293 814 1364; x_wconf 81' lang='lat' dir='ltr'><strong>Maearium,</strong></span> <span class='ocrx_word' id='word_1_74' title='bbox 842 1303 1007 1374; x_wconf 86' lang='lat' dir='ltr'><strong>vulgo</strong></span> <span class='ocrx_word' id='word_1_75' title='bbox 1032 1305 1240 1361; x_wconf 89' lang='lat' dir='ltr'><strong>dictum</strong></span> <span class='ocrx_word' id='word_1_76' title='bbox 1268 1308 1699 1368; x_wconf 89' lang='lat' dir='ltr'><strong>Alexandrinum</strong></span> <span class='ocrx_word' id='word_1_77' title='bbox 1720 1329 1751 1368; x_wconf 91' lang='lat' dir='ltr'><strong>a</strong></span> <span class='ocrx_word' id='word_1_78' title='bbox 1780 1316 1999 1376; x_wconf 85' lang='lat' dir='ltr'><strong>civitate</strong></span> <span class='ocrx_word' id='word_1_79' title='bbox 2021 1317 2078 1371; x_wconf 92' lang='lat' dir='ltr'><strong>in</strong></span> 
     </span>
    </p>
   </div>
   <div class='ocr_carea' id='block_1_13' title="bbox 497 1396 2079 1477">
    <p class='ocr_par' dir='ltr' id='par_1_13' title="bbox 497 1396 2079 1477">
     <span class='ocr_line' id='line_1_13' title="bbox 497 1396 2079 1477; baseline 0.013 -32"><span class='ocrx_word' id='word_1_80' title='bbox 497 1399 794 1477; x_wconf 64' lang='lat' dir='ltr'><strong>quapatus</strong></span> <span class='ocrx_word' id='word_1_81' title='bbox 819 1405 921 1451; x_wconf 89' lang='lat' dir='ltr'><strong>est.</strong></span> <span class='ocrx_word' id='word_1_82' title='bbox 945 1396 1015 1453; x_wconf 91' lang='lat' dir='ltr'><strong>At</strong></span> <span class='ocrx_word' id='word_1_83' title='bbox 1041 1414 1167 1454; x_wconf 89' lang='lat' dir='ltr'><strong>cum</strong></span> <span class='ocrx_word' id='word_1_84' title='bbox 1212 1401 1357 1458; x_wconf 89' lang='lat' dir='ltr'><strong>inter</strong></span> <span class='ocrx_word' id='word_1_85' title='bbox 1413 1406 1604 1469; x_wconf 88' lang='lat' dir='ltr'><strong>multa,</strong></span> <span class='ocrx_word' id='word_1_86' title='bbox 1653 1423 1795 1477; x_wconf 89' lang='lat' dir='ltr'><strong>quae</strong></span> <span class='ocrx_word' id='word_1_87' title='bbox 1848 1408 1917 1463; x_wconf 88' lang='lat' dir='ltr'><strong>de</strong></span> <span class='ocrx_word' id='word_1_88' title='bbox 1972 1409 2079 1465; x_wconf 90' lang='lat' dir='ltr'><strong>isto</strong></span> 
     </span>
    </p>
   </div>
   <div class='ocr_carea' id='block_1_14' title="bbox 498 1474 2075 1565">
    <p class='ocr_par' dir='ltr' id='par_1_14' title="bbox 498 1474 2075 1565">
     <span class='ocr_line' id='line_1_14' title="bbox 498 1474 2075 1565; baseline 0.016 -36"><span class='ocrx_word' id='word_1_89' title='bbox 498 1474 733 1536; x_wconf 83' lang='lat' dir='ltr'><strong>Macario</strong></span> <span class='ocrx_word' id='word_1_90' title='bbox 763 1481 1103 1545; x_wconf 81' lang='lat' dir='ltr'><strong>Sozomenus</strong></span> <span class='ocrx_word' id='word_1_91' title='bbox 1149 1489 1245 1545; x_wconf 89' lang='lat' dir='ltr'><strong>lib.</strong></span> <span class='ocrx_word' id='word_1_92' title='bbox 1281 1492 1350 1548; x_wconf 93' lang='lat' dir='ltr'><strong>III</strong></span> <span class='ocrx_word' id='word_1_93' title='bbox 1385 1510 1504 1565; x_wconf 86' lang='lat' dir='ltr'><strong>cap.</strong></span> <span class='ocrx_word' id='word_1_94' title='bbox 1552 1497 1639 1563; x_wconf 77' lang='grc'><strong>15,</strong></span> <span class='ocrx_word' id='word_1_95' title='bbox 1671 1474 1930 1554; x_wconf 62' lang='lat' dir='ltr'><strong>Socrates</strong></span> <span class='ocrx_word' id='word_1_96' title='bbox 1976 1500 2075 1554; x_wconf 91' lang='lat' dir='ltr'><strong>lib.</strong></span> 
     </span>
    </p>
   </div>
   <div class='ocr_carea' id='block_1_15' title="bbox 497 1570 2078 1658">
    <p class='ocr_par' dir='ltr' id='par_1_15' title="bbox 497 1570 2078 1658">
     <span class='ocr_line' id='line_1_15' title="bbox 497 1570 2078 1658; baseline 0.013 -33"><span class='ocrx_word' id='word_1_97' title='bbox 497 1570 566 1627; x_wconf 83' lang='lat' dir='ltr'><strong>IV</strong></span> <span class='ocrx_word' id='word_1_98' title='bbox 599 1588 721 1643; x_wconf 87' lang='lat' dir='ltr'><strong>cap.</strong></span> <span class='ocrx_word' id='word_1_99' title='bbox 758 1576 849 1643; x_wconf 80' lang='grc'><strong>18,</strong></span> <span class='ocrx_word' id='word_1_100' title='bbox 895 1588 954 1635; x_wconf 94' lang='lat' dir='ltr'><strong>et</strong></span> <span class='ocrx_word' id='word_1_101' title='bbox 981 1596 1050 1635; x_wconf 87' lang='lat' dir='ltr'><strong>ex</strong></span> <span class='ocrx_word' id='word_1_102' title='bbox 1076 1582 1165 1638; x_wconf 88' lang='lat' dir='ltr'><strong>his</strong></span> <span class='ocrx_word' id='word_1_103' title='bbox 1194 1583 1263 1638; x_wconf 90' lang='lat' dir='ltr'><strong>de</strong></span> <span class='ocrx_word' id='word_1_104' title='bbox 1301 1600 1456 1641; x_wconf 92' lang='lat' dir='ltr'><strong>more</strong></span> <span class='ocrx_word' id='word_1_105' title='bbox 1492 1586 1837 1658; x_wconf 86' lang='lat' dir='ltr'><strong>Nicephorus</strong></span> <span class='ocrx_word' id='word_1_106' title='bbox 1871 1590 1968 1646; x_wconf 92' lang='lat' dir='ltr'><strong>lib.</strong></span> <span class='ocrx_word' id='word_1_107' title='bbox 2005 1591 2078 1645; x_wconf 79' lang='lat' dir='ltr'><strong>IX</strong></span> 
     </span>
    </p>
   </div>
   <div class='ocr_carea' id='block_1_16' title="bbox 498 1667 2078 1748">
    <p class='ocr_par' dir='ltr' id='par_1_16' title="bbox 498 1667 2078 1748">
     <span class='ocr_line' id='line_1_16' title="bbox 498 1667 2078 1748; baseline 0.012 -31"><span class='ocrx_word' id='word_1_108' title='bbox 498 1678 617 1735; x_wconf 85' lang='lat' dir='ltr'><strong>cap.</strong></span> <span class='ocrx_word' id='word_1_109' title='bbox 671 1667 740 1722; x_wconf 78' lang='lat' dir='ltr'><strong>M</strong></span> <span class='ocrx_word' id='word_1_110' title='bbox 792 1670 1082 1742; x_wconf 88' lang='lat' dir='ltr'><strong>colligunt,</strong></span> <span class='ocrx_word' id='word_1_111' title='bbox 1130 1674 1270 1730; x_wconf 88' lang='lat' dir='ltr'><strong>nihil</strong></span> <span class='ocrx_word' id='word_1_112' title='bbox 1320 1692 1547 1748; x_wconf 89' lang='lat' dir='ltr'><strong>prorsus</strong></span> <span class='ocrx_word' id='word_1_113' title='bbox 1607 1679 1867 1746; x_wconf 81' lang='lat' dir='ltr'><strong>referant,</strong></span> <span class='ocrx_word' id='word_1_114' title='bbox 1928 1681 2078 1736; x_wconf 90' lang='lat' dir='ltr'><strong>unde</strong></span> 
     </span>
    </p>
   </div>
   <div class='ocr_carea' id='block_1_17' title="bbox 496 1757 2076 1839">
    <p class='ocr_par' dir='ltr' id='par_1_17' title="bbox 496 1757 2076 1839">
     <span class='ocr_line' id='line_1_17' title="bbox 496 1757 2076 1839; baseline 0.011 -29"><span class='ocrx_word' id='word_1_115' title='bbox 496 1757 783 1828; x_wconf 76' lang='lat' dir='ltr'><strong>scripsisse</strong></span> <span class='ocrx_word' id='word_1_116' title='bbox 813 1762 1114 1834; x_wconf 89' lang='lat' dir='ltr'><strong>quidquam</strong></span> <span class='ocrx_word' id='word_1_117' title='bbox 1139 1782 1290 1835; x_wconf 91' lang='lat' dir='ltr'><strong>eum,</strong></span> <span class='ocrx_word' id='word_1_118' title='bbox 1318 1771 1466 1839; x_wconf 87' lang='lat' dir='ltr'><strong>quod</strong></span> <span class='ocrx_word' id='word_1_119' title='bbox 1498 1772 1553 1825; x_wconf 91' lang='lat' dir='ltr'><strong>in</strong></span> <span class='ocrx_word' id='word_1_120' title='bbox 1573 1772 1752 1828; x_wconf 86' lang='lat' dir='ltr'><strong>lucem</strong></span> <span class='ocrx_word' id='word_1_121' title='bbox 1781 1789 1845 1828; x_wconf 90' lang='lat' dir='ltr'><strong>ac</strong></span> <span class='ocrx_word' id='word_1_122' title='bbox 1875 1772 2076 1828; x_wconf 90' lang='lat' dir='ltr'><strong>famam</strong></span> 
     </span>
    </p>
   </div>
   <div class='ocr_carea' id='block_1_18' title="bbox 2186 580 3763 656">
    <p class='ocr_par' dir='ltr' id='par_1_18' title="bbox 2186 580 3763 656">
     <span class='ocr_line' id='line_1_18' title="bbox 2186 580 3763 656; baseline 0.003 -21"><span class='ocrx_word' id='word_1_123' title='bbox 2186 581 2372 636; x_wconf 86' lang='lat' dir='ltr'><strong>teriori</strong></span> <span class='ocrx_word' id='word_1_124' title='bbox 2402 582 2796 651; x_wconf 89' lang='lat' dir='ltr'><strong>propinquum,</strong></span> <span class='ocrx_word' id='word_1_125' title='bbox 2827 580 2918 635; x_wconf 90' lang='lat' dir='ltr'><strong>cui</strong></span> <span class='ocrx_word' id='word_1_126' title='bbox 2946 582 3067 637; x_wconf 89' lang='lat' dir='ltr'><strong>loco</strong></span> <span class='ocrx_word' id='word_1_127' title='bbox 3098 597 3299 637; x_wconf 86' lang='lat' dir='ltr'><strong>nomen</strong></span> <span class='ocrx_word' id='word_1_128' title='bbox 3326 594 3445 639; x_wconf 90' lang='lat' dir='ltr'><strong>erat</strong></span> <span class='ocrx_word' id='word_1_129' title='bbox 3465 584 3763 656; x_wconf 68' lang='lat' dir='ltr'><strong>Pisper(i),</strong></span> 
     </span>
    </p>
   </div>
   <div class='ocr_carea' id='block_1_19' title="bbox 2185 673 3767 742">
    <p class='ocr_par' dir='ltr' id='par_1_19' title="bbox 2185 673 3767 742">
     <span class='ocr_line' id='line_1_19' title="bbox 2185 673 3767 742; baseline 0.004 -14"><span class='ocrx_word' id='word_1_130' title='bbox 2185 673 2278 728; x_wconf 91' lang='lat' dir='ltr'><strong>ubi</strong></span> <span class='ocrx_word' id='word_1_131' title='bbox 2303 673 2566 729; x_wconf 88' lang='lat' dir='ltr'><strong>Amathas</strong></span> <span class='ocrx_word' id='word_1_132' title='bbox 2614 681 2671 729; x_wconf 89' lang='lat' dir='ltr'><strong>et</strong></span> <span class='ocrx_word' id='word_1_133' title='bbox 2708 674 2982 730; x_wconf 83' lang='lat' dir='ltr'><strong>Macarius</strong></span> <span class='ocrx_word' id='word_1_134' title='bbox 3028 675 3367 742; x_wconf 87' lang='lat' dir='ltr'><strong>residebant,</strong></span> <span class='ocrx_word' id='word_1_135' title='bbox 3411 677 3558 732; x_wconf 85' lang='lat' dir='ltr'><strong>soliti</strong></span> <span class='ocrx_word' id='word_1_136' title='bbox 3611 689 3767 735; x_wconf 86' lang='lat' dir='ltr'><strong>erant</strong></span> 
     </span>
    </p>
   </div>
   <div class='ocr_carea' id='block_1_20' title="bbox 2183 766 3767 838">
    <p class='ocr_par' dir='ltr' id='par_1_20' title="bbox 2183 766 3767 838">
     <span class='ocr_line' id='line_1_20' title="bbox 2183 766 3767 838; baseline 0.004 -19"><span class='ocrx_word' id='word_1_137' title='bbox 2183 766 2480 821; x_wconf 89' lang='lat' dir='ltr'><strong>convenire</strong></span> <span class='ocrx_word' id='word_1_138' title='bbox 2505 766 2812 822; x_wconf 91' lang='lat' dir='ltr'><strong>audiendae</strong></span> <span class='ocrx_word' id='word_1_139' title='bbox 2850 767 3025 838; x_wconf 85' lang='lat' dir='ltr'><strong>gratia</strong></span> <span class='ocrx_word' id='word_1_140' title='bbox 3057 782 3245 823; x_wconf 88' lang='lat' dir='ltr'><strong>sacrae</strong></span> <span class='ocrx_word' id='word_1_141' title='bbox 3285 769 3571 824; x_wconf 86' lang='lat' dir='ltr'><strong>doctrinae</strong></span> <span class='ocrx_word' id='word_1_142' title='bbox 3598 786 3628 825; x_wconf 91' lang='lat' dir='ltr'><strong>a</strong></span> <span class='ocrx_word' id='word_1_143' title='bbox 3654 770 3767 826; x_wconf 75' lang='lat' dir='ltr'><strong>Ma-</strong></span> 
     </span>
    </p>
   </div>
   <div class='ocr_carea' id='block_1_21' title="bbox 2182 858 3770 932">
    <p class='ocr_par' dir='ltr' id='par_1_21' title="bbox 2182 858 3770 932">
     <span class='ocr_line' id='line_1_21' title="bbox 2182 858 3770 932; baseline 0.004 -20"><span class='ocrx_word' id='word_1_144' title='bbox 2182 858 2331 913; x_wconf 86' lang='lat' dir='ltr'><strong>cario</strong></span> <span class='ocrx_word' id='word_1_145' title='bbox 2360 858 2584 913; x_wconf 84' lang='lat' dir='ltr'><strong>Antonii</strong></span> <span class='ocrx_word' id='word_1_146' title='bbox 2610 859 2935 930; x_wconf 87' lang='lat' dir='ltr'><strong>interprete,</strong></span> <span class='ocrx_word' id='word_1_147' title='bbox 2964 860 3099 931; x_wconf 89' lang='lat' dir='ltr'><strong>quin</strong></span> <span class='ocrx_word' id='word_1_148' title='bbox 3129 871 3186 916; x_wconf 89' lang='lat' dir='ltr'><strong>et</strong></span> <span class='ocrx_word' id='word_1_149' title='bbox 3222 861 3398 932; x_wconf 85' lang='lat' dir='ltr'><strong>ipsius</strong></span> <span class='ocrx_word' id='word_1_150' title='bbox 3430 862 3657 918; x_wconf 82' lang='lat' dir='ltr'><strong>Antonii</strong></span> <span class='ocrx_word' id='word_1_151' title='bbox 3690 864 3770 918; x_wconf 85' lang='lat' dir='ltr'><strong>vi-</strong></span> 
     </span>
    </p>
   </div>
   <div class='ocr_carea' id='block_1_22' title="bbox 2180 953 3768 1022">
    <p class='ocr_par' dir='ltr' id='par_1_22' title="bbox 2180 953 3768 1022">
     <span class='ocr_line' id='line_1_22' title="bbox 2180 953 3768 1022; baseline 0.003 -16"><span class='ocrx_word' id='word_1_152' title='bbox 2180 953 2359 1018; x_wconf 90' lang='lat' dir='ltr'><strong>sendi,</strong></span> <span class='ocrx_word' id='word_1_153' title='bbox 2407 954 2503 1022; x_wconf 90' lang='lat' dir='ltr'><strong>qui</strong></span> <span class='ocrx_word' id='word_1_154' title='bbox 2560 969 2628 1009; x_wconf 91' lang='lat' dir='ltr'><strong>eo</strong></span> <span class='ocrx_word' id='word_1_155' title='bbox 2689 965 3052 1010; x_wconf 80' lang='lat' dir='ltr'><strong>consueverat</strong></span> <span class='ocrx_word' id='word_1_156' title='bbox 3103 954 3272 1010; x_wconf 88' lang='lat' dir='ltr'><strong>certis</strong></span> <span class='ocrx_word' id='word_1_157' title='bbox 3317 954 3533 1009; x_wconf 84' lang='lat' dir='ltr'><strong>dierum</strong></span> <span class='ocrx_word' id='word_1_158' title='bbox 3594 956 3768 1010; x_wconf 85' lang='lat' dir='ltr'><strong>inter-</strong></span> 
     </span>
    </p>
   </div>
   <div class='ocr_carea' id='block_1_23' title="bbox 2180 1043 3763 1115">
    <p class='ocr_par' dir='ltr' id='par_1_23' title="bbox 2180 1043 3763 1115">
     <span class='ocr_line' id='line_1_23' title="bbox 2180 1043 3763 1115; baseline 0.002 -18"><span class='ocrx_word' id='word_1_159' title='bbox 2180 1043 2341 1098; x_wconf 91' lang='lat' dir='ltr'><strong>vallis</strong></span> <span class='ocrx_word' id='word_1_160' title='bbox 2369 1059 2428 1099; x_wconf 91' lang='lat' dir='ltr'><strong>se</strong></span> <span class='ocrx_word' id='word_1_161' title='bbox 2458 1044 2728 1100; x_wconf 89' lang='lat' dir='ltr'><strong>conferre.</strong></span> <span class='ocrx_word' id='word_1_162' title='bbox 2761 1045 2909 1099; x_wconf 85' lang='lat' dir='ltr'><strong>Nihil</strong></span> <span class='ocrx_word' id='word_1_163' title='bbox 2939 1044 3137 1099; x_wconf 91' lang='lat' dir='ltr'><strong>horum</strong></span> <span class='ocrx_word' id='word_1_164' title='bbox 3163 1045 3313 1100; x_wconf 89' lang='lat' dir='ltr'><strong>credi</strong></span> <span class='ocrx_word' id='word_1_165' title='bbox 3350 1044 3485 1098; x_wconf 89' lang='lat' dir='ltr'><strong>mihi</strong></span> <span class='ocrx_word' id='word_1_166' title='bbox 3526 1048 3763 1115; x_wconf 80' lang='lat' dir='ltr'><strong>postulo.</strong></span> 
     </span>
    </p>
   </div>
   <div class='ocr_carea' id='block_1_24' title="bbox 2181 1135 3769 1202">
    <p class='ocr_par' dir='ltr' id='par_1_24' title="bbox 2181 1135 3769 1202">
     <span class='ocr_line' id='line_1_24' title="bbox 2181 1135 3769 1202; baseline 0.002 -12"><span class='ocrx_word' id='word_1_167' title='bbox 2181 1135 2263 1190; x_wconf 88' lang='lat' dir='ltr'><strong>En</strong></span> <span class='ocrx_word' id='word_1_168' title='bbox 2292 1137 2591 1201; x_wconf 86' lang='lat' dir='ltr'><strong>oculatum,</strong></span> <span class='ocrx_word' id='word_1_169' title='bbox 2618 1136 2892 1192; x_wconf 85' lang='lat' dir='ltr'><strong>referente</strong></span> <span class='ocrx_word' id='word_1_170' title='bbox 2909 1135 3152 1191; x_wconf 86' lang='lat' dir='ltr'><strong>Palladio</strong></span> <span class='ocrx_word' id='word_1_171' title='bbox 3184 1137 3242 1191; x_wconf 91' lang='lat' dir='ltr'><strong>iu</strong></span> <span class='ocrx_word' id='word_1_172' title='bbox 3268 1135 3407 1194; x_wconf 80' lang='lat' dir='ltr'><strong>Vitis</strong></span> <span class='ocrx_word' id='word_1_173' title='bbox 3431 1138 3676 1202; x_wconf 87' lang='lat' dir='ltr'><strong>Patrum,</strong></span> <span class='ocrx_word' id='word_1_174' title='bbox 3701 1138 3769 1193; x_wconf 90' lang='lat' dir='ltr'><strong>de</strong></span> 
     </span>
    </p>
   </div>
   <div class='ocr_carea' id='block_1_25' title="bbox 2182 1230 3771 1300">
    <p class='ocr_par' dir='ltr' id='par_1_25' title="bbox 2182 1230 3771 1300">
     <span class='ocr_line' id='line_1_25' title="bbox 2182 1230 3771 1300; baseline -0.001 -16"><span class='ocrx_word' id='word_1_175' title='bbox 2182 1230 2270 1285; x_wconf 92' lang='lat' dir='ltr'><strong>his</strong></span> <span class='ocrx_word' id='word_1_176' title='bbox 2303 1230 2522 1285; x_wconf 90' lang='lat' dir='ltr'><strong>cunctis</strong></span> <span class='ocrx_word' id='word_1_177' title='bbox 2563 1230 2942 1285; x_wconf 89' lang='lat' dir='ltr'><strong>testimonium</strong></span> <span class='ocrx_word' id='word_1_178' title='bbox 2986 1230 3177 1287; x_wconf 91' lang='lat' dir='ltr'><strong>Cronii</strong></span> <span class='ocrx_word' id='word_1_179' title='bbox 3215 1230 3500 1285; x_wconf 89' lang='lat' dir='ltr'><strong>cuiusdam</strong></span> <span class='ocrx_word' id='word_1_180' title='bbox 3546 1230 3771 1300; x_wconf 74' lang='lat' dir='ltr'><strong>presby-</strong></span> 
     </span>
    </p>
   </div>
   <div class='ocr_carea' id='block_1_26' title="bbox 2183 1322 3769 1386">
    <p class='ocr_par' dir='ltr' id='par_1_26' title="bbox 2183 1322 3769 1386">
     <span class='ocr_line' id='line_1_26' title="bbox 2183 1322 3769 1386; baseline -0.001 -11"><span class='ocrx_word' id='word_1_181' title='bbox 2183 1322 2285 1377; x_wconf 91' lang='lat' dir='ltr'><strong>teri</strong></span> <span class='ocrx_word' id='word_1_182' title='bbox 2318 1322 2630 1386; x_wconf 88' lang='lat' dir='ltr'><strong>Nitriensis,</strong></span> <span class='ocrx_word' id='word_1_183' title='bbox 2663 1337 2722 1377; x_wconf 87' lang='lat' dir='ltr'><strong>se</strong></span> <span class='ocrx_word' id='word_1_184' title='bbox 2757 1322 2976 1378; x_wconf 89' lang='lat' dir='ltr'><strong>venisse</strong></span> <span class='ocrx_word' id='word_1_185' title='bbox 3012 1322 3213 1378; x_wconf 89' lang='lat' dir='ltr'><strong>aientis</strong></span> <span class='ocrx_word' id='word_1_186' title='bbox 3268 1323 3340 1377; x_wconf 90' lang='lat' dir='ltr'><strong>ad</strong></span> <span class='ocrx_word' id='word_1_187' title='bbox 3389 1323 3769 1375; x_wconf 73' lang='lat' dir='ltr'><strong>monasterium</strong></span> 
     </span>
    </p>
   </div>
   <div class='ocr_carea' id='block_1_27' title="bbox 2181 1413 3767 1488">
    <p class='ocr_par' dir='ltr' id='par_1_27' title="bbox 2181 1413 3767 1488">
     <span class='ocr_line' id='line_1_27' title="bbox 2181 1413 3767 1488; baseline -0.002 -18"><span class='ocrx_word' id='word_1_188' title='bbox 2181 1413 2239 1470; x_wconf 90' lang='lat' dir='ltr'><strong>S.</strong></span> <span class='ocrx_word' id='word_1_189' title='bbox 2271 1416 2486 1471; x_wconf 76' lang='lat' dir='ltr'><strong>Antonii</strong></span> <span class='ocrx_word' id='word_1_190' title='bbox 2508 1416 2563 1469; x_wconf 90' lang='lat' dir='ltr'><strong>in</strong></span> <span class='ocrx_word' id='word_1_191' title='bbox 2591 1415 2699 1470; x_wconf 90' lang='lat' dir='ltr'><strong>loco</strong></span> <span class='ocrx_word' id='word_1_192' title='bbox 2721 1418 2812 1487; x_wconf 90' lang='lat' dir='ltr'><strong>qui</strong></span> <span class='ocrx_word' id='word_1_193' title='bbox 2838 1414 3025 1487; x_wconf 88' lang='lat' dir='ltr'><strong>Pisper</strong></span> <span class='ocrx_word' id='word_1_194' title='bbox 3053 1416 3263 1471; x_wconf 87' lang='lat' dir='ltr'><strong>dicitur.</strong></span> <span class='ocrx_word' id='word_1_195' title='bbox 3285 1416 3351 1471; x_wconf 88' lang='lat' dir='ltr'><strong>In</strong></span> <span class='ocrx_word' id='word_1_196' title='bbox 3394 1433 3519 1488; x_wconf 90' lang='lat' dir='ltr'><strong>quo,</strong></span> <span class='ocrx_word' id='word_1_197' title='bbox 3566 1415 3767 1485; x_wconf 87' lang='lat' dir='ltr'><strong>inquit,</strong></span> 
     </span>
    </p>
   </div>
   <div class='ocr_carea' id='block_1_28' title="bbox 2177 1506 3771 1579">
    <p class='ocr_par' dir='ltr' id='par_1_28' title="bbox 2177 1506 3771 1579">
     <span class='ocr_line' id='line_1_28' title="bbox 2177 1506 3771 1579; baseline 0.001 -20"><span class='ocrx_word' id='word_1_198' title='bbox 2177 1507 2427 1561; x_wconf 85' lang='lat' dir='ltr'><strong>sedebant</strong></span> <span class='ocrx_word' id='word_1_199' title='bbox 2487 1508 2599 1561; x_wconf 86' lang='lat' dir='ltr'><strong>eius</strong></span> <span class='ocrx_word' id='word_1_200' title='bbox 2654 1508 2898 1579; x_wconf 83' lang='lat' dir='ltr'><strong>discipuli</strong></span> <span class='ocrx_word' id='word_1_201' title='bbox 2938 1508 3207 1563; x_wconf 80' lang='lat' dir='ltr'><strong>Macarius</strong></span> <span class='ocrx_word' id='word_1_202' title='bbox 3256 1516 3307 1561; x_wconf 91' lang='lat' dir='ltr'><strong>et</strong></span> <span class='ocrx_word' id='word_1_203' title='bbox 3352 1506 3635 1573; x_wconf 78' lang='lat' dir='ltr'><strong>Amathus,</strong></span> <span class='ocrx_word' id='word_1_204' title='bbox 3683 1508 3771 1579; x_wconf 75' lang='lat' dir='ltr'><strong>qui</strong></span> 
     </span>
    </p>
   </div>
   <div class='ocr_carea' id='block_1_29' title="bbox 2179 1598 3769 1672">
    <p class='ocr_par' dir='ltr' id='par_1_29' title="bbox 2179 1598 3769 1672">
     <span class='ocr_line' id='line_1_29' title="bbox 2179 1598 3769 1672; baseline 0 -20"><span class='ocrx_word' id='word_1_205' title='bbox 2179 1600 2340 1653; x_wconf 88' lang='lat' dir='ltr'><strong>etiam</strong></span> <span class='ocrx_word' id='word_1_206' title='bbox 2394 1615 2533 1666; x_wconf 88' lang='lat' dir='ltr'><strong>eum,</strong></span> <span class='ocrx_word' id='word_1_207' title='bbox 2590 1618 2710 1655; x_wconf 86' lang='lat' dir='ltr'><strong>cum</strong></span> <span class='ocrx_word' id='word_1_208' title='bbox 2761 1602 3057 1656; x_wconf 86' lang='lat' dir='ltr'><strong>dormiisset</strong></span> <span class='ocrx_word' id='word_1_209' title='bbox 3082 1641 3097 1666; x_wconf 95' lang='lat'><strong>,</strong></span> <span class='ocrx_word' id='word_1_210' title='bbox 3155 1598 3498 1672; x_wconf 79' lang='lat' dir='ltr'><strong>sepelierunt.</strong></span> <span class='ocrx_word' id='word_1_211' title='bbox 3562 1598 3769 1663; x_wconf 85' lang='lat' dir='ltr'><strong>Addit,</strong></span> 
     </span>
    </p>
   </div>
   <div class='ocr_carea' id='block_1_30' title="bbox 2180 1693 3773 1765">
    <p class='ocr_par' dir='ltr' id='par_1_30' title="bbox 2180 1693 3773 1765">
     <span class='ocr_line' id='line_1_30' title="bbox 2180 1693 3773 1765; baseline 0 -21"><span class='ocrx_word' id='word_1_212' title='bbox 2180 1701 2506 1763; x_wconf 76' lang='lat' dir='ltr'><strong>exspectasse</strong></span> <span class='ocrx_word' id='word_1_213' title='bbox 2534 1710 2590 1748; x_wconf 90' lang='lat' dir='ltr'><strong>se</strong></span> <span class='ocrx_word' id='word_1_214' title='bbox 2627 1693 2735 1748; x_wconf 90' lang='lat' dir='ltr'><strong>dies</strong></span> <span class='ocrx_word' id='word_1_215' title='bbox 2774 1695 3024 1765; x_wconf 87' lang='lat' dir='ltr'><strong>quinque,</strong></span> <span class='ocrx_word' id='word_1_216' title='bbox 3072 1702 3131 1748; x_wconf 90' lang='lat' dir='ltr'><strong>ut</strong></span> <span class='ocrx_word' id='word_1_217' title='bbox 3183 1693 3484 1748; x_wconf 82' lang='lat' dir='ltr'><strong>conveniret</strong></span> <span class='ocrx_word' id='word_1_218' title='bbox 3525 1698 3773 1746; x_wconf 73' lang='lat' dir='ltr'><strong>sanctum</strong></span> 
     </span>
    </p>
   </div>
   <div class='ocr_carea' id='block_1_31' title="bbox 2179 1782 3775 1851">
    <p class='ocr_par' dir='ltr' id='par_1_31' title="bbox 2179 1782 3775 1851">
     <span class='ocr_line' id='line_1_31' title="bbox 2179 1782 3775 1851; baseline -0.001 -13"><span class='ocrx_word' id='word_1_219' title='bbox 2179 1782 2487 1838; x_wconf 84' lang='lat' dir='ltr'><strong>Antonium.</strong></span> <span class='ocrx_word' id='word_1_220' title='bbox 2538 1783 2824 1839; x_wconf 84' lang='lat' dir='ltr'><strong>Dicebatur</strong></span> <span class='ocrx_word' id='word_1_221' title='bbox 2881 1786 3042 1849; x_wconf 89' lang='lat' dir='ltr'><strong>enim,</strong></span> <span class='ocrx_word' id='word_1_222' title='bbox 3100 1784 3199 1851; x_wconf 88' lang='lat' dir='ltr'><strong>ait,</strong></span> <span class='ocrx_word' id='word_1_223' title='bbox 3248 1785 3495 1839; x_wconf 88' lang='lat' dir='ltr'><strong>accedere</strong></span> <span class='ocrx_word' id='word_1_224' title='bbox 3551 1785 3626 1838; x_wconf 86' lang='lat' dir='ltr'><strong>ad</strong></span> <span class='ocrx_word' id='word_1_225' title='bbox 3680 1785 3775 1838; x_wconf 81' lang='lat' dir='ltr'><strong>hoc</strong></span> 
     </span>
    </p>
   </div>
   <div class='ocr_carea' id='block_1_32' title="bbox 497 1847 3773 1949">
    <p class='ocr_par' dir='ltr' id='par_1_32' title="bbox 497 1847 3773 1949">
     <span class='ocr_line' id='line_1_32' title="bbox 497 1847 3773 1949; baseline 0.009 -49"><span class='ocrx_word' id='word_1_226' title='bbox 497 1848 714 1917; x_wconf 79' lang='lat' dir='ltr'><strong>exierit,</strong></span> <span class='ocrx_word' id='word_1_227' title='bbox 740 1856 916 1949; x_wconf 78' lang='lat' dir='ltr'><strong>possit</strong></span> <span class='ocrx_word' id='word_1_228' title='bbox 944 1857 1199 1931; x_wconf 77' lang='lat' dir='ltr'><strong>intelligi,</strong></span> <span class='ocrx_word' id='word_1_229' title='bbox 1228 1877 1334 1917; x_wconf 89' lang='lat' dir='ltr'><strong>nec</strong></span> <span class='ocrx_word' id='word_1_230' title='bbox 1358 1862 1410 1917; x_wconf 90' lang='lat' dir='ltr'><strong>ei</strong></span> <span class='ocrx_word' id='word_1_231' title='bbox 1442 1864 1735 1935; x_wconf 89' lang='lat' dir='ltr'><strong>quisquam</strong></span> <span class='ocrx_word' id='word_1_232' title='bbox 1760 1866 1905 1921; x_wconf 91' lang='lat' dir='ltr'><strong>alius</strong></span> <span class='ocrx_word' id='word_1_233' title='bbox 1928 1874 2080 1922; x_wconf 86' lang='lat' dir='ltr'><strong>vete-</strong></span> <span class='ocrx_word' id='word_1_234' title='bbox 2109 1847 2153 1906; x_wconf 76' lang='grc' dir='ltr'>Β</span> <span class='ocrx_word' id='word_1_235' title='bbox 2182 1877 2566 1930; x_wconf 77' lang='lat' dir='ltr'><strong>monasterium</strong></span> <span class='ocrx_word' id='word_1_236' title='bbox 2622 1875 2913 1947; x_wconf 84' lang='lat' dir='ltr'><strong>aliquando</strong></span> <span class='ocrx_word' id='word_1_237' title='bbox 2956 1847 3194 1949; x_wconf 81' lang='lat' dir='ltr'><strong>quidem</strong></span> <span class='ocrx_word' id='word_1_238' title='bbox 3236 1884 3351 1948; x_wconf 84' lang='lat' dir='ltr'><strong>post</strong></span> <span class='ocrx_word' id='word_1_239' title='bbox 3400 1876 3576 1929; x_wconf 86' lang='lat' dir='ltr'><strong>decem</strong></span> <span class='ocrx_word' id='word_1_240' title='bbox 3638 1875 3773 1939; x_wconf 83' lang='lat' dir='ltr'><strong>dies,</strong></span> 
     </span>
    </p>
   </div>
   <div class='ocr_carea' id='block_1_33' title="bbox 498 1945 3775 2043">
    <p class='ocr_par' dir='ltr' id='par_1_33' title="bbox 498 1945 3775 2043">
     <span class='ocr_line' id='line_1_33' title="bbox 498 1945 3775 2043; baseline 0.002 -29"><span class='ocrx_word' id='word_1_241' title='bbox 498 1955 644 2043; x_wconf 45' lang='lat' dir='ltr'><strong>Tum:</strong></span> <span class='ocrx_word' id='word_1_242' title='bbox 683 1945 832 2043; x_wconf 53' lang='lat' dir='ltr'><strong>quo“!</strong></span> <span class='ocrx_word' id='word_1_243' title='bbox 868 1949 1061 2016; x_wconf 61' lang='grc' dir='ltr'><strong>δείδω,</strong></span> <span class='ocrx_word' id='word_1_244' title='bbox 1089 1962 1187 2008; x_wconf 69' lang='lat' dir='ltr'><strong>aut</strong></span> <span class='ocrx_word' id='word_1_245' title='bbox 1214 1956 1587 2012; x_wconf 64' lang='lat' dir='ltr'><strong>recentiorum</strong></span> <span class='ocrx_word' id='word_1_246' title='bbox 1630 1958 1737 2014; x_wconf 83' lang='lat' dir='ltr'><strong>hoc</strong></span> <span class='ocrx_word' id='word_1_247' title='bbox 1784 1975 1925 2031; x_wconf 82' lang='lat' dir='ltr'><strong>opus</strong></span> <span class='ocrx_word' id='word_1_248' title='bbox 1974 1961 2080 2015; x_wconf 73' lang='grc' dir='ltr'><strong>ιΐί-</strong></span> <span class='ocrx_word' id='word_1_249' title='bbox 2181 1968 2471 2041; x_wconf 84' lang='lat' dir='ltr'><strong>aliquando</strong></span> <span class='ocrx_word' id='word_1_250' title='bbox 2544 1987 2668 2026; x_wconf 84' lang='lat' dir='ltr'><strong>vero</strong></span> <span class='ocrx_word' id='word_1_251' title='bbox 2715 1945 3101 2043; x_wconf 15' lang='lat' dir='ltr'><strong>ipostevigiuti,</strong></span> <span class='ocrx_word' id='word_1_252' title='bbox 3148 1945 3438 2041; x_wconf 82' lang='lat' dir='ltr'><strong>aliquando</strong></span> <span class='ocrx_word' id='word_1_253' title='bbox 3488 1986 3611 2023; x_wconf 82' lang='lat' dir='ltr'><strong>vero</strong></span> <span class='ocrx_word' id='word_1_254' title='bbox 3658 1977 3775 2039; x_wconf 89' lang='lat' dir='ltr'><strong>post</strong></span> 
     </span>
    </p>
   </div>
   <div class='ocr_carea' id='block_1_34' title="bbox 498 2032 2082 2119">
    <p class='ocr_par' dir='ltr' id='par_1_34' title="bbox 498 2032 2082 2119">
     <span class='ocr_line' id='line_1_34' title="bbox 498 2032 2082 2119; baseline 0.014 -32"><span class='ocrx_word' id='word_1_255' title='bbox 498 2032 674 2091; x_wconf 88' lang='lat' dir='ltr'><strong>buat:</strong></span> <span class='ocrx_word' id='word_1_256' title='bbox 725 2038 852 2109; x_wconf 87' lang='lat' dir='ltr'><strong>quis</strong></span> <span class='ocrx_word' id='word_1_257' title='bbox 876 2056 988 2097; x_wconf 90' lang='lat' dir='ltr'><strong>non</strong></span> <span class='ocrx_word' id='word_1_258' title='bbox 1028 2043 1200 2112; x_wconf 86' lang='lat' dir='ltr'><strong>videt,</strong></span> <span class='ocrx_word' id='word_1_259' title='bbox 1232 2063 1428 2119; x_wconf 84' lang='lat' dir='ltr'><strong>magna</strong></span> <span class='ocrx_word' id='word_1_260' title='bbox 1477 2066 1580 2105; x_wconf 90' lang='lat' dir='ltr'><strong>nos</strong></span> <span class='ocrx_word' id='word_1_261' title='bbox 1632 2051 1852 2107; x_wconf 89' lang='lat' dir='ltr'><strong>invitari</strong></span> <span class='ocrx_word' id='word_1_262' title='bbox 1887 2053 2082 2108; x_wconf 84' lang='lat' dir='ltr'><strong>verisi-</strong></span> 
     </span>
    </p>
   </div>
   <div class='ocr_carea' id='block_1_35' title="bbox 497 2125 2081 2213">
    <p class='ocr_par' dir='ltr' id='par_1_35' title="bbox 497 2125 2081 2213">
     <span class='ocr_line' id='line_1_35' title="bbox 497 2125 2081 2213; baseline 0.014 -34"><span class='ocrx_word' id='word_1_263' title='bbox 497 2125 812 2187; x_wconf 85' lang='lat' dir='ltr'><strong>militudine</strong></span> <span class='ocrx_word' id='word_1_264' title='bbox 841 2133 911 2188; x_wconf 87' lang='lat' dir='ltr'><strong>ad</strong></span> <span class='ocrx_word' id='word_1_265' title='bbox 945 2135 1216 2194; x_wconf 80' lang='lat' dir='ltr'><strong>Homilias</strong></span> <span class='ocrx_word' id='word_1_266' title='bbox 1245 2139 1382 2195; x_wconf 90' lang='lat' dir='ltr'><strong>istas</strong></span> <span class='ocrx_word' id='word_1_267' title='bbox 1419 2142 1803 2213; x_wconf 89' lang='lat' dir='ltr'><strong>antiquissimo</strong></span> <span class='ocrx_word' id='word_1_268' title='bbox 1844 2145 2081 2201; x_wconf 80' lang='lat' dir='ltr'><strong>Macario</strong></span> 
     </span>
    </p>
   </div>
   <div class='ocr_carea' id='block_1_36' title="bbox 498 2216 2081 2302">
    <p class='ocr_par' dir='ltr' id='par_1_36' title="bbox 498 2216 2081 2302">
     <span class='ocr_line' id='line_1_36' title="bbox 498 2216 2081 2302; baseline 0.013 -30"><span class='ocrx_word' id='word_1_269' title='bbox 498 2216 675 2289; x_wconf 77' lang='lat' dir='ltr'><strong>Magni</strong></span> <span class='ocrx_word' id='word_1_270' title='bbox 702 2220 928 2279; x_wconf 85' lang='lat' dir='ltr'><strong>Antonii</strong></span> <span class='ocrx_word' id='word_1_271' title='bbox 960 2226 1157 2285; x_wconf 90' lang='lat' dir='ltr'><strong>intimo</strong></span> <span class='ocrx_word' id='word_1_272' title='bbox 1186 2242 1353 2302; x_wconf 89' lang='lat' dir='ltr'><strong>atque</strong></span> <span class='ocrx_word' id='word_1_273' title='bbox 1377 2234 1664 2290; x_wconf 90' lang='lat' dir='ltr'><strong>individuo</strong></span> <span class='ocrx_word' id='word_1_274' title='bbox 1680 2236 1936 2293; x_wconf 90' lang='lat' dir='ltr'><strong>ministro</strong></span> <span class='ocrx_word' id='word_1_275' title='bbox 1957 2239 2081 2292; x_wconf 89' lang='lat' dir='ltr'><strong>vin-</strong></span> 
     </span>
    </p>
   </div>
   <div class='ocr_carea' id='block_1_37' title="bbox 496 2310 2078 2399">
    <p class='ocr_par' dir='ltr' id='par_1_37' title="bbox 496 2310 2078 2399">
     <span class='ocr_line' id='line_1_37' title="bbox 496 2310 2078 2399; baseline 0.013 -34"><span class='ocrx_word' id='word_1_276' title='bbox 496 2310 798 2370; x_wconf 83' lang='lat' dir='ltr'><strong>dicandas?</strong></span> <span class='ocrx_word' id='word_1_277' title='bbox 851 2317 965 2375; x_wconf 86' lang='lat' dir='ltr'><strong>Nec</strong></span> <span class='ocrx_word' id='word_1_278' title='bbox 1008 2336 1118 2392; x_wconf 89' lang='lat' dir='ltr'><strong>qua</strong></span> <span class='ocrx_word' id='word_1_279' title='bbox 1168 2339 1263 2380; x_wconf 88' lang='lat' dir='ltr'><strong>eas</strong></span> <span class='ocrx_word' id='word_1_280' title='bbox 1305 2328 1592 2383; x_wconf 87' lang='lat' dir='ltr'><strong>occasione</strong></span> <span class='ocrx_word' id='word_1_281' title='bbox 1654 2343 1832 2399; x_wconf 88' lang='lat' dir='ltr'><strong>quove</strong></span> <span class='ocrx_word' id='word_1_282' title='bbox 1899 2330 2078 2387; x_wconf 84' lang='lat' dir='ltr'><strong>ollicio</strong></span> 
     </span>
    </p>
   </div>
   <div class='ocr_carea' id='block_1_38' title="bbox 497 2413 2080 2492">
    <p class='ocr_par' dir='ltr' id='par_1_38' title="bbox 497 2413 2080 2492">
     <span class='ocr_line' id='line_1_38' title="bbox 497 2413 2080 2492; baseline 0.012 -32"><span class='ocrx_word' id='word_1_283' title='bbox 497 2421 743 2476; x_wconf 86' lang='lat' dir='ltr'><strong>graecea</strong></span> <span class='ocrx_word' id='word_1_284' title='bbox 769 2425 828 2466; x_wconf 91' lang='lat' dir='ltr'><strong>se</strong></span> <span class='ocrx_word' id='word_1_285' title='bbox 878 2413 1124 2471; x_wconf 90' lang='lat' dir='ltr'><strong>redditas</strong></span> <span class='ocrx_word' id='word_1_286' title='bbox 1169 2431 1237 2472; x_wconf 86' lang='lat' dir='ltr'><strong>ex</strong></span> <span class='ocrx_word' id='word_1_287' title='bbox 1276 2418 1500 2474; x_wconf 83' lang='lat' dir='ltr'><strong>Antonii</strong></span> <span class='ocrx_word' id='word_1_288' title='bbox 1552 2422 1795 2492; x_wconf 81' lang='lat' dir='ltr'><strong>magistri</strong></span> <span class='ocrx_word' id='word_1_289' title='bbox 1859 2423 2080 2480; x_wconf 87' lang='lat' dir='ltr'><strong>dictatis</strong></span> 
     </span>
    </p>
   </div>
   <div class='ocr_carea' id='block_1_39' title="bbox 496 2502 2077 2584">
    <p class='ocr_par' dir='ltr' id='par_1_39' title="bbox 496 2502 2077 2584">
     <span class='ocr_line' id='line_1_39' title="bbox 496 2502 2077 2584; baseline 0.01 -30"><span class='ocrx_word' id='word_1_290' title='bbox 496 2502 807 2569; x_wconf 91' lang='lat' dir='ltr'><strong>protulerit,</strong></span> <span class='ocrx_word' id='word_1_291' title='bbox 862 2505 1034 2562; x_wconf 87' lang='lat' dir='ltr'><strong>latere</strong></span> <span class='ocrx_word' id='word_1_292' title='bbox 1065 2509 1269 2577; x_wconf 90' lang='lat' dir='ltr'><strong>poterit</strong></span> <span class='ocrx_word' id='word_1_293' title='bbox 1308 2520 1674 2581; x_wconf 86' lang='lat' dir='ltr'><strong>reputantem,</strong></span> <span class='ocrx_word' id='word_1_294' title='bbox 1705 2515 2077 2584; x_wconf 88' lang='lat' dir='ltr'><strong>praepositum</strong></span> 
     </span>
    </p>
   </div>
   <div class='ocr_carea' id='block_1_40' title="bbox 495 2595 2078 2673">
    <p class='ocr_par' dir='ltr' id='par_1_40' title="bbox 495 2595 2078 2673">
     <span class='ocr_line' id='line_1_40' title="bbox 495 2595 2078 2673; baseline 0.011 -28"><span class='ocrx_word' id='word_1_295' title='bbox 495 2608 622 2647; x_wconf 90' lang='lat' dir='ltr'><strong>eum</strong></span> <span class='ocrx_word' id='word_1_296' title='bbox 650 2595 720 2650; x_wconf 91' lang='lat' dir='ltr'><strong>ab</strong></span> <span class='ocrx_word' id='word_1_297' title='bbox 742 2595 983 2654; x_wconf 88' lang='lat' dir='ltr'><strong>Antonio</strong></span> <span class='ocrx_word' id='word_1_298' title='bbox 1013 2600 1024 2670; x_wconf 86' lang='grc' dir='ltr'><strong>Ι</strong></span> <span class='ocrx_word' id='word_1_299' title='bbox 1054 2599 1224 2656; x_wconf 88' lang='lat' dir='ltr'><strong>fuisse</strong></span> <span class='ocrx_word' id='word_1_300' title='bbox 1261 2603 1636 2673; x_wconf 88' lang='lat' dir='ltr'><strong>gubernandis</strong></span> <span class='ocrx_word' id='word_1_301' title='bbox 1673 2605 1795 2661; x_wconf 90' lang='lat' dir='ltr'><strong>eius</strong></span> <span class='ocrx_word' id='word_1_302' title='bbox 1855 2609 2078 2663; x_wconf 89' lang='lat' dir='ltr'><strong>nomine</strong></span> 
     </span>
    </p>
   </div>
   <div class='ocr_carea' id='block_1_41' title="bbox 495 2689 2078 2771">
    <p class='ocr_par' dir='ltr' id='par_1_41' title="bbox 495 2689 2078 2771">
     <span class='ocr_line' id='line_1_41' title="bbox 495 2689 2078 2771; baseline 0.009 -29"><span class='ocrx_word' id='word_1_303' title='bbox 495 2689 739 2761; x_wconf 89' lang='lat' dir='ltr'><strong>quinque</strong></span> <span class='ocrx_word' id='word_1_304' title='bbox 768 2692 1016 2749; x_wconf 88' lang='lat' dir='ltr'><strong>millibus</strong></span> <span class='ocrx_word' id='word_1_305' title='bbox 1052 2696 1472 2763; x_wconf 88' lang='lat' dir='ltr'><strong>monachorum,</strong></span> <span class='ocrx_word' id='word_1_306' title='bbox 1509 2700 1605 2768; x_wconf 92' lang='lat' dir='ltr'><strong>qui</strong></span> <span class='ocrx_word' id='word_1_307' title='bbox 1651 2700 1859 2755; x_wconf 90' lang='lat' dir='ltr'><strong>ultimis</strong></span> <span class='ocrx_word' id='word_1_308' title='bbox 1911 2702 2078 2771; x_wconf 89' lang='lat' dir='ltr'><strong>quin-</strong></span> 
     </span>
    </p>
   </div>
   <div class='ocr_carea' id='block_1_42' title="bbox 496 2784 2080 2863">
    <p class='ocr_par' dir='ltr' id='par_1_42' title="bbox 496 2784 2080 2863">
     <span class='ocr_line' id='line_1_42' title="bbox 496 2784 2080 2863; baseline 0.006 -24"><span class='ocrx_word' id='word_1_309' title='bbox 496 2784 673 2840; x_wconf 89' lang='lat' dir='ltr'><strong>decim</strong></span> <span class='ocrx_word' id='word_1_310' title='bbox 705 2786 850 2841; x_wconf 85' lang='lat' dir='ltr'><strong>vitae</strong></span> <span class='ocrx_word' id='word_1_311' title='bbox 882 2785 1105 2842; x_wconf 82' lang='lat' dir='ltr'><strong>Antonii</strong></span> <span class='ocrx_word' id='word_1_312' title='bbox 1148 2789 1305 2845; x_wconf 91' lang='lat' dir='ltr'><strong>annis</strong></span> <span class='ocrx_word' id='word_1_313' title='bbox 1360 2793 1753 2847; x_wconf 87' lang='lat' dir='ltr'><strong>monasterium</strong></span> <span class='ocrx_word' id='word_1_314' title='bbox 1795 2793 2080 2863; x_wconf 63' lang='lat' dir='ltr'><strong>Pispirita-</strong></span> 
     </span>
    </p>
   </div>
   <div class='ocr_carea' id='block_1_43' title="bbox 496 2877 2077 2948">
    <p class='ocr_par' dir='ltr' id='par_1_43' title="bbox 496 2877 2077 2948">
     <span class='ocr_line' id='line_1_43' title="bbox 496 2877 2077 2948; baseline 0.007 -16"><span class='ocrx_word' id='word_1_315' title='bbox 496 2893 630 2932; x_wconf 90' lang='lat' dir='ltr'><strong>num</strong></span> <span class='ocrx_word' id='word_1_316' title='bbox 654 2877 1095 2948; x_wconf 90' lang='lat' dir='ltr'><strong>frequentabant.</strong></span> <span class='ocrx_word' id='word_1_317' title='bbox 1130 2882 1248 2938; x_wconf 85' lang='lat' dir='ltr'><strong>Hoc</strong></span> <span class='ocrx_word' id='word_1_318' title='bbox 1278 2883 1640 2941; x_wconf 89' lang='lat' dir='ltr'><strong>disertissime</strong></span> <span class='ocrx_word' id='word_1_319' title='bbox 1674 2895 1908 2942; x_wconf 89' lang='lat' dir='ltr'><strong>testatur</strong></span> <span class='ocrx_word' id='word_1_320' title='bbox 1930 2888 2077 2943; x_wconf 86' lang='lat' dir='ltr'><strong>anti—</strong></span> 
     </span>
    </p>
   </div>
   <div class='ocr_carea' id='block_1_44' title="bbox 495 2970 2076 3053">
    <p class='ocr_par' dir='ltr' id='par_1_44' title="bbox 495 2970 2076 3053">
     <span class='ocr_line' id='line_1_44' title="bbox 495 2970 2076 3053; baseline 0.008 -29"><span class='ocrx_word' id='word_1_321' title='bbox 495 2970 798 3053; x_wconf 76' lang='lat' dir='ltr'><strong>quissimus</strong></span> <span class='ocrx_word' id='word_1_322' title='bbox 822 2972 969 3028; x_wconf 84' lang='lat' dir='ltr'><strong>vitae</strong></span> <span class='ocrx_word' id='word_1_323' title='bbox 998 2973 1214 3032; x_wconf 86' lang='lat' dir='ltr'><strong>abbatis</strong></span> <span class='ocrx_word' id='word_1_324' title='bbox 1242 2974 1549 3032; x_wconf 86' lang='lat' dir='ltr'><strong>Posthumii</strong></span> <span class='ocrx_word' id='word_1_325' title='bbox 1585 2979 1821 3050; x_wconf 87' lang='lat' dir='ltr'><strong>scriptor</strong></span> <span class='ocrx_word' id='word_1_326' title='bbox 1866 2996 2076 3053; x_wconf 82' lang='lat' dir='ltr'><strong>anony-</strong></span> 
     </span>
    </p>
   </div>
   <div class='ocr_carea' id='block_1_45' title="bbox 497 3066 2080 3134">
    <p class='ocr_par' dir='ltr' id='par_1_45' title="bbox 497 3066 2080 3134">
     <span class='ocr_line' id='line_1_45' title="bbox 497 3066 2080 3134; baseline 0.008 -17"><span class='ocrx_word' id='word_1_327' title='bbox 497 3078 641 3130; x_wconf 89' lang='lat' dir='ltr'><strong>mus,</strong></span> <span class='ocrx_word' id='word_1_328' title='bbox 670 3079 836 3134; x_wconf 89' lang='lat' dir='ltr'><strong>quem</strong></span> <span class='ocrx_word' id='word_1_329' title='bbox 864 3066 1113 3123; x_wconf 88' lang='lat' dir='ltr'><strong>referunt</strong></span> <span class='ocrx_word' id='word_1_330' title='bbox 1133 3077 1192 3123; x_wconf 89' lang='lat' dir='ltr'><strong>et</strong></span> <span class='ocrx_word' id='word_1_331' title='bbox 1224 3084 1254 3123; x_wconf 91' lang='lat' dir='ltr'><strong>a</strong></span> <span class='ocrx_word' id='word_1_332' title='bbox 1285 3068 1391 3124; x_wconf 85' lang='lat' dir='ltr'><strong>fide</strong></span> <span class='ocrx_word' id='word_1_333' title='bbox 1416 3070 1652 3127; x_wconf 82' lang='lat' dir='ltr'><strong>maxime</strong></span> <span class='ocrx_word' id='word_1_334' title='bbox 1689 3074 2080 3130; x_wconf 89' lang='lat' dir='ltr'><strong>commendant</strong></span> 
     </span>
    </p>
   </div>
   <div class='ocr_carea' id='block_1_46' title="bbox 498 3156 2078 3220">
    <p class='ocr_par' dir='ltr' id='par_1_46' title="bbox 498 3156 2078 3220">
     <span class='ocr_line' id='line_1_46' title="bbox 498 3156 2078 3220; baseline 0.006 -10"><span class='ocrx_word' id='word_1_335' title='bbox 498 3156 673 3212; x_wconf 88' lang='lat' dir='ltr'><strong>nostri</strong></span> <span class='ocrx_word' id='word_1_336' title='bbox 710 3156 1009 3213; x_wconf 89' lang='lat' dir='ltr'><strong>Bollandus</strong></span> <span class='ocrx_word' id='word_1_337' title='bbox 1048 3168 1107 3215; x_wconf 90' lang='lat' dir='ltr'><strong>et</strong></span> <span class='ocrx_word' id='word_1_338' title='bbox 1151 3159 1529 3216; x_wconf 86' lang='lat' dir='ltr'><strong>Henschenius</strong></span> <span class='ocrx_word' id='word_1_339' title='bbox 1578 3163 1789 3218; x_wconf 90' lang='lat' dir='ltr'><strong>Tom.l</strong></span> <span class='ocrx_word' id='word_1_340' title='bbox 1837 3166 2078 3220; x_wconf 88' lang='lat' dir='ltr'><strong>Ianuarii</strong></span> 
     </span>
    </p>
   </div>
   <div class='ocr_carea' id='block_1_47' title="bbox 497 3248 2079 3326">
    <p class='ocr_par' dir='ltr' id='par_1_47' title="bbox 497 3248 2079 3326">
     <span class='ocr_line' id='line_1_47' title="bbox 497 3248 2079 3326; baseline 0.007 -24"><span class='ocrx_word' id='word_1_341' title='bbox 497 3263 622 3320; x_wconf 88' lang='lat' dir='ltr'><strong>pag.</strong></span> <span class='ocrx_word' id='word_1_342' title='bbox 657 3248 813 3305; x_wconf 72' lang='lat'><strong>1006.</strong></span> <span class='ocrx_word' id='word_1_343' title='bbox 839 3250 891 3304; x_wconf 87' lang='lat' dir='ltr'><strong>Is</strong></span> <span class='ocrx_word' id='word_1_344' title='bbox 908 3251 1057 3305; x_wconf 87' lang='lat' dir='ltr'><strong>enim</strong></span> <span class='ocrx_word' id='word_1_345' title='bbox 1094 3266 1345 3319; x_wconf 89' lang='lat' dir='ltr'><strong>narrans,</strong></span> <span class='ocrx_word' id='word_1_346' title='bbox 1380 3253 1674 3309; x_wconf 84' lang='lat' dir='ltr'><strong>Macarium</strong></span> <span class='ocrx_word' id='word_1_347' title='bbox 1701 3265 1825 3326; x_wconf 91' lang='lat' dir='ltr'><strong>post</strong></span> <span class='ocrx_word' id='word_1_348' title='bbox 1868 3267 2079 3312; x_wconf 82' lang='lat' dir='ltr'><strong>rectum</strong></span> 
     </span>
    </p>
   </div>
   <div class='ocr_carea' id='block_1_48' title="bbox 499 3339 2086 3419">
    <p class='ocr_par' dir='ltr' id='par_1_48' title="bbox 499 3339 2086 3419">
     <span class='ocr_line' id='line_1_48' title="bbox 499 3339 2086 3419; baseline 0.006 -24"><span class='ocrx_word' id='word_1_349' title='bbox 499 3356 533 3395; x_wconf 89' lang='lat' dir='ltr'><strong>a</strong></span> <span class='ocrx_word' id='word_1_350' title='bbox 564 3354 624 3397; x_wconf 83' lang='lat' dir='ltr'><strong>se</strong></span> <span class='ocrx_word' id='word_1_351' title='bbox 660 3339 777 3396; x_wconf 91' lang='lat' dir='ltr'><strong>solo</strong></span> <span class='ocrx_word' id='word_1_352' title='bbox 809 3342 1019 3412; x_wconf 87' lang='lat' dir='ltr'><strong>aliquot</strong></span> <span class='ocrx_word' id='word_1_353' title='bbox 1055 3359 1087 3398; x_wconf 90' lang='lat' dir='ltr'><strong>a</strong></span> <span class='ocrx_word' id='word_1_354' title='bbox 1120 3353 1297 3399; x_wconf 89' lang='lat' dir='ltr'><strong>morte</strong></span> <span class='ocrx_word' id='word_1_355' title='bbox 1339 3344 1562 3401; x_wconf 85' lang='lat' dir='ltr'><strong>Antonii</strong></span> <span class='ocrx_word' id='word_1_356' title='bbox 1600 3347 1761 3403; x_wconf 91' lang='lat' dir='ltr'><strong>annis</strong></span> <span class='ocrx_word' id='word_1_357' title='bbox 1801 3349 2086 3419; x_wconf 81' lang='lat' dir='ltr'><strong>PiSpirita-</strong></span> 
     </span>
    </p>
   </div>
   <div class='ocr_carea' id='block_1_49' title="bbox 500 3433 2079 3508">
    <p class='ocr_par' dir='ltr' id='par_1_49' title="bbox 500 3433 2079 3508">
     <span class='ocr_line' id='line_1_49' title="bbox 500 3433 2079 3508; baseline 0.008 -23"><span class='ocrx_word' id='word_1_358' title='bbox 500 3447 634 3486; x_wconf 89' lang='lat' dir='ltr'><strong>num</strong></span> <span class='ocrx_word' id='word_1_359' title='bbox 707 3433 1059 3501; x_wconf 88' lang='lat' dir='ltr'><strong>coenobium,</strong></span> <span class='ocrx_word' id='word_1_360' title='bbox 1101 3435 1257 3491; x_wconf 91' lang='lat' dir='ltr'><strong>senio</strong></span> <span class='ocrx_word' id='word_1_361' title='bbox 1303 3451 1363 3491; x_wconf 89' lang='lat' dir='ltr'><strong>se</strong></span> <span class='ocrx_word' id='word_1_362' title='bbox 1411 3436 1671 3494; x_wconf 82' lang='lat' dir='ltr'><strong>fatiscere</strong></span> <span class='ocrx_word' id='word_1_363' title='bbox 1727 3441 2079 3508; x_wconf 89' lang='lat' dir='ltr'><strong>sentientem,</strong></span> 
     </span>
    </p>
   </div>
   <div class='ocr_carea' id='block_1_50' title="bbox 502 3526 2085 3601">
    <p class='ocr_par' dir='ltr' id='par_1_50' title="bbox 502 3526 2085 3601">
     <span class='ocr_line' id='line_1_50' title="bbox 502 3526 2085 3601; baseline 0.007 -21"><span class='ocrx_word' id='word_1_364' title='bbox 502 3526 559 3585; x_wconf 90' lang='lat' dir='ltr'><strong>in</strong></span> <span class='ocrx_word' id='word_1_365' title='bbox 607 3527 695 3582; x_wconf 87' lang='lat' dir='ltr'><strong>sui</strong></span> <span class='ocrx_word' id='word_1_366' title='bbox 750 3528 932 3583; x_wconf 90' lang='lat' dir='ltr'><strong>locum</strong></span> <span class='ocrx_word' id='word_1_367' title='bbox 970 3529 1203 3601; x_wconf 72' lang='lat' dir='ltr'><strong>elegisse</strong></span> <span class='ocrx_word' id='word_1_368' title='bbox 1245 3545 1630 3588; x_wconf 90' lang='lat' dir='ltr'><strong>successurum</strong></span> <span class='ocrx_word' id='word_1_369' title='bbox 1680 3534 1786 3589; x_wconf 87' lang='lat' dir='ltr'><strong>sibi</strong></span> <span class='ocrx_word' id='word_1_370' title='bbox 1850 3536 2085 3591; x_wconf 87' lang='lat' dir='ltr'><strong>Posthu-</strong></span> 
     </span>
    </p>
   </div>
   <div class='ocr_carea' id='block_1_51' title="bbox 502 3620 2081 3689">
    <p class='ocr_par' dir='ltr' id='par_1_51' title="bbox 502 3620 2081 3689">
     <span class='ocr_line' id='line_1_51' title="bbox 502 3620 2081 3689; baseline 0.008 -16"><span class='ocrx_word' id='word_1_371' title='bbox 502 3620 694 3685; x_wconf 91' lang='lat' dir='ltr'><strong>mium,</strong></span> <span class='ocrx_word' id='word_1_372' title='bbox 732 3621 1034 3678; x_wconf 88' lang='lat' dir='ltr'><strong>clarissime</strong></span> <span class='ocrx_word' id='word_1_373' title='bbox 1064 3622 1162 3689; x_wconf 87' lang='lat' dir='ltr'><strong>ait,</strong></span> <span class='ocrx_word' id='word_1_374' title='bbox 1191 3623 1361 3681; x_wconf 89' lang='lat' dir='ltr'><strong>fuisse</strong></span> <span class='ocrx_word' id='word_1_375' title='bbox 1390 3626 1695 3682; x_wconf 87' lang='lat' dir='ltr'><strong>Posthumii</strong></span> <span class='ocrx_word' id='word_1_376' title='bbox 1736 3628 2081 3685; x_wconf 87' lang='lat' dir='ltr'><strong>decessorem</strong></span> 
     </span>
    </p>
   </div>
   <div class='ocr_carea' id='block_1_52' title="bbox 500 3711 2082 3790">
    <p class='ocr_par' dir='ltr' id='par_1_52' title="bbox 500 3711 2082 3790">
     <span class='ocr_line' id='line_1_52' title="bbox 500 3711 2082 3790; baseline 0.009 -24"><span class='ocrx_word' id='word_1_377' title='bbox 500 3711 799 3768; x_wconf 75' lang='lat' dir='ltr'><strong>Macarium</strong></span> <span class='ocrx_word' id='word_1_378' title='bbox 856 3713 923 3770; x_wconf 85' lang='grc' dir='ltr'><strong>Β.</strong></span> <span class='ocrx_word' id='word_1_379' title='bbox 979 3716 1198 3771; x_wconf 78' lang='lat' dir='ltr'><strong>Antonii</strong></span> <span class='ocrx_word' id='word_1_380' title='bbox 1255 3718 1591 3790; x_wconf 88' lang='lat' dir='ltr'><strong>discipulum,</strong></span> <span class='ocrx_word' id='word_1_381' title='bbox 1636 3737 1701 3776; x_wconf 88' lang='lat' dir='ltr'><strong>ac</strong></span> <span class='ocrx_word' id='word_1_382' title='bbox 1757 3738 1883 3777; x_wconf 90' lang='lat' dir='ltr'><strong>mox</strong></span> <span class='ocrx_word' id='word_1_383' title='bbox 1918 3726 2082 3780; x_wconf 92' lang='lat' dir='ltr'><strong>tertio</strong></span> 
     </span>
    </p>
   </div>
   <div class='ocr_carea' id='block_1_53' title="bbox 500 3810 2082 3875">
    <p class='ocr_par' dir='ltr' id='par_1_53' title="bbox 500 3810 2082 3875">
     <span class='ocr_line' id='line_1_53' title="bbox 500 3810 2082 3875; baseline 0.008 -15"><span class='ocrx_word' id='word_1_384' title='bbox 500 3814 624 3875; x_wconf 90' lang='lat' dir='ltr'><strong>post</strong></span> <span class='ocrx_word' id='word_1_385' title='bbox 685 3822 851 3863; x_wconf 87' lang='lat' dir='ltr'><strong>versu</strong></span> <span class='ocrx_word' id='word_1_386' title='bbox 895 3824 909 3861; x_wconf 91' lang='lat'><strong>:</strong></span> <span class='ocrx_word' id='word_1_387' title='bbox 966 3826 1094 3863; x_wconf 88' lang='lat' dir='ltr'><strong>nam</strong></span> <span class='ocrx_word' id='word_1_388' title='bbox 1134 3810 1275 3864; x_wconf 88' lang='lat' dir='ltr'><strong>idem</strong></span> <span class='ocrx_word' id='word_1_389' title='bbox 1326 3811 1595 3867; x_wconf 84' lang='lat' dir='ltr'><strong>Macarius</strong></span> <span class='ocrx_word' id='word_1_390' title='bbox 1634 3813 1699 3868; x_wconf 92' lang='lat' dir='ltr'><strong>ab</strong></span> <span class='ocrx_word' id='word_1_391' title='bbox 1728 3814 1927 3869; x_wconf 87' lang='lat' dir='ltr'><strong>illustri</strong></span> <span class='ocrx_word' id='word_1_392' title='bbox 1969 3818 2082 3873; x_wconf 81' lang='lat' dir='ltr'><strong>viro</strong></span> 
     </span>
    </p>
   </div>
   <div class='ocr_carea' id='block_1_54' title="bbox 499 3896 2083 3973">
    <p class='ocr_par' dir='ltr' id='par_1_54' title="bbox 499 3896 2083 3973">
     <span class='ocr_line' id='line_1_54' title="bbox 499 3896 2083 3973; baseline 0.004 -22"><span class='ocrx_word' id='word_1_393' title='bbox 499 3896 728 3952; x_wconf 88' lang='lat' dir='ltr'><strong>Antonio</strong></span> <span class='ocrx_word' id='word_1_394' title='bbox 782 3900 1161 3953; x_wconf 84' lang='lat' dir='ltr'><strong>monachorum</strong></span> <span class='ocrx_word' id='word_1_395' title='bbox 1217 3899 1326 3969; x_wconf 79' lang='lat' dir='ltr'><strong>fere</strong></span> <span class='ocrx_word' id='word_1_396' title='bbox 1395 3902 1625 3973; x_wconf 85' lang='lat' dir='ltr'><strong>quinque</strong></span> <span class='ocrx_word' id='word_1_397' title='bbox 1685 3902 1857 3956; x_wconf 88' lang='lat' dir='ltr'><strong>millia</strong></span> <span class='ocrx_word' id='word_1_398' title='bbox 1931 3922 2083 3959; x_wconf 87' lang='lat' dir='ltr'><strong>acce-</strong></span> 
     </span>
    </p>
   </div>
   <div class='ocr_carea' id='block_1_55' title="bbox 500 3989 2083 4064">
    <p class='ocr_par' dir='ltr' id='par_1_55' title="bbox 500 3989 2083 4064">
     <span class='ocr_line' id='line_1_55' title="bbox 500 3989 2083 4064; baseline 0.008 -24"><span class='ocrx_word' id='word_1_399' title='bbox 500 3997 650 4057; x_wconf 86' lang='lat' dir='ltr'><strong>perat</strong></span> <span class='ocrx_word' id='word_1_400' title='bbox 674 3989 1042 4059; x_wconf 87' lang='lat' dir='ltr'><strong>gubernanda.</strong></span> <span class='ocrx_word' id='word_1_401' title='bbox 1068 3990 1341 4046; x_wconf 87' lang='lat' dir='ltr'><strong>Nimirum</strong></span> <span class='ocrx_word' id='word_1_402' title='bbox 1368 3991 1425 4047; x_wconf 90' lang='lat' dir='ltr'><strong>S.</strong></span> <span class='ocrx_word' id='word_1_403' title='bbox 1455 3991 1749 4059; x_wconf 79' lang='lat' dir='ltr'><strong>Antonius,</strong></span> <span class='ocrx_word' id='word_1_404' title='bbox 1772 3995 1865 4064; x_wconf 91' lang='lat' dir='ltr'><strong>qui</strong></span> <span class='ocrx_word' id='word_1_405' title='bbox 1895 3995 2083 4052; x_wconf 88' lang='lat' dir='ltr'><strong>literas</strong></span> 
     </span>
    </p>
   </div>
   <div class='ocr_carea' id='block_1_56' title="bbox 499 4081 2083 4159">
    <p class='ocr_par' dir='ltr' id='par_1_56' title="bbox 499 4081 2083 4159">
     <span class='ocr_line' id='line_1_56' title="bbox 499 4081 2083 4159; baseline 0.008 -26"><span class='ocrx_word' id='word_1_406' title='bbox 499 4096 530 4133; x_wconf 87' lang='lat' dir='ltr'><strong>a</strong></span> <span class='ocrx_word' id='word_1_407' title='bbox 558 4096 733 4150; x_wconf 86' lang='lat' dir='ltr'><strong>puero</strong></span> <span class='ocrx_word' id='word_1_408' title='bbox 758 4095 872 4136; x_wconf 90' lang='lat' dir='ltr'><strong>non</strong></span> <span class='ocrx_word' id='word_1_409' title='bbox 893 4081 1197 4148; x_wconf 87' lang='lat' dir='ltr'><strong>didicisset,</strong></span> <span class='ocrx_word' id='word_1_410' title='bbox 1226 4094 1283 4139; x_wconf 92' lang='lat' dir='ltr'><strong>et</strong></span> <span class='ocrx_word' id='word_1_411' title='bbox 1312 4085 1491 4154; x_wconf 89' lang='lat' dir='ltr'><strong>patria</strong></span> <span class='ocrx_word' id='word_1_412' title='bbox 1520 4102 1629 4140; x_wconf 90' lang='lat' dir='ltr'><strong>una</strong></span> <span class='ocrx_word' id='word_1_413' title='bbox 1663 4086 1845 4158; x_wconf 91' lang='lat' dir='ltr'><strong>lingua</strong></span> <span class='ocrx_word' id='word_1_414' title='bbox 1868 4088 2083 4159; x_wconf 89' lang='lat' dir='ltr'><strong>coptica</strong></span> 
     </span>
    </p>
   </div>
   <div class='ocr_carea' id='block_1_57' title="bbox 500 4173 2079 4248">
    <p class='ocr_par' dir='ltr' id='par_1_57' title="bbox 500 4173 2079 4248">
     <span class='ocr_line' id='line_1_57' title="bbox 500 4173 2079 4248; baseline 0.007 -22"><span class='ocrx_word' id='word_1_415' title='bbox 500 4187 719 4243; x_wconf 88' lang='lat' dir='ltr'><strong>semper</strong></span> <span class='ocrx_word' id='word_1_416' title='bbox 775 4173 1029 4244; x_wconf 89' lang='lat' dir='ltr'><strong>loquens,</strong></span> <span class='ocrx_word' id='word_1_417' title='bbox 1080 4190 1273 4246; x_wconf 89' lang='lat' dir='ltr'><strong>graeca</strong></span> <span class='ocrx_word' id='word_1_418' title='bbox 1332 4192 1442 4231; x_wconf 90' lang='lat' dir='ltr'><strong>non</strong></span> <span class='ocrx_word' id='word_1_419' title='bbox 1490 4179 1743 4248; x_wconf 79' lang='lat' dir='ltr'><strong>expedite</strong></span> <span class='ocrx_word' id='word_1_420' title='bbox 1810 4190 2079 4248; x_wconf 87' lang='lat' dir='ltr'><strong>uteretur,</strong></span> 
     </span>
    </p>
   </div>
   <div class='ocr_carea' id='block_1_58' title="bbox 501 4266 2086 4343">
    <p class='ocr_par' dir='ltr' id='par_1_58' title="bbox 501 4266 2086 4343">
     <span class='ocr_line' id='line_1_58' title="bbox 501 4266 2086 4343; baseline 0.007 -26"><span class='ocrx_word' id='word_1_421' title='bbox 501 4275 796 4335; x_wconf 89' lang='lat' dir='ltr'><strong>propterea</strong></span> <span class='ocrx_word' id='word_1_422' title='bbox 828 4266 1023 4321; x_wconf 91' lang='lat' dir='ltr'><strong>solitus</strong></span> <span class='ocrx_word' id='word_1_423' title='bbox 1048 4282 1172 4320; x_wconf 91' lang='lat' dir='ltr'><strong>cum</strong></span> <span class='ocrx_word' id='word_1_424' title='bbox 1199 4266 1426 4323; x_wconf 87' lang='lat' dir='ltr'><strong>Graecis</strong></span> <span class='ocrx_word' id='word_1_425' title='bbox 1461 4285 1625 4339; x_wconf 86' lang='lat' dir='ltr'><strong>agere</strong></span> <span class='ocrx_word' id='word_1_426' title='bbox 1670 4286 1769 4340; x_wconf 88' lang='lat' dir='ltr'><strong>per</strong></span> <span class='ocrx_word' id='word_1_427' title='bbox 1815 4271 2086 4343; x_wconf 82' lang='lat' dir='ltr'><strong>interpre-</strong></span> 
     </span>
    </p>
   </div>
   <div class='ocr_carea' id='block_1_59' title="bbox 504 4359 2080 4431">
    <p class='ocr_par' dir='ltr' id='par_1_59' title="bbox 504 4359 2080 4431">
     <span class='ocr_line' id='line_1_59' title="bbox 504 4359 2080 4431; baseline 0.004 -18"><span class='ocrx_word' id='word_1_428' title='bbox 504 4366 636 4421; x_wconf 90' lang='lat' dir='ltr'><strong>tem,</strong></span> <span class='ocrx_word' id='word_1_429' title='bbox 672 4367 735 4414; x_wconf 93' lang='lat' dir='ltr'><strong>ut</strong></span> <span class='ocrx_word' id='word_1_430' title='bbox 783 4359 920 4414; x_wconf 88' lang='lat' dir='ltr'><strong>haec</strong></span> <span class='ocrx_word' id='word_1_431' title='bbox 970 4360 1157 4415; x_wconf 85' lang='lat' dir='ltr'><strong>omnia</strong></span> <span class='ocrx_word' id='word_1_432' title='bbox 1193 4359 1399 4415; x_wconf 91' lang='lat' dir='ltr'><strong>diserte</strong></span> <span class='ocrx_word' id='word_1_433' title='bbox 1438 4361 1772 4419; x_wconf 88' lang='lat' dir='ltr'><strong>Athanasius</strong></span> <span class='ocrx_word' id='word_1_434' title='bbox 1828 4374 2080 4431; x_wconf 89' lang='lat' dir='ltr'><strong>testatur,</strong></span> 
     </span>
    </p>
   </div>
   <div class='ocr_carea' id='block_1_60' title="bbox 402 4442 2081 4515">
    <p class='ocr_par' dir='ltr' id='par_1_60' title="bbox 402 4442 2081 4515">
     <span class='ocr_line' id='line_1_60' title="bbox 402 4442 2081 4515; baseline 0.005 -12"><span class='ocrx_word' id='word_1_435' title='bbox 402 4442 405 4447; x_wconf 34' lang='grc' dir='ltr'><strong><em>λ</em></strong></span> <span class='ocrx_word' id='word_1_436' title='bbox 503 4449 712 4505; x_wconf 83' lang='lat' dir='ltr'><strong>addens</strong></span> <span class='ocrx_word' id='word_1_437' title='bbox 740 4451 926 4515; x_wconf 88' lang='lat' dir='ltr'><strong>etiam,</strong></span> <span class='ocrx_word' id='word_1_438' title='bbox 944 4452 1012 4506; x_wconf 91' lang='lat' dir='ltr'><strong>ad</strong></span> <span class='ocrx_word' id='word_1_439' title='bbox 1044 4452 1149 4506; x_wconf 90' lang='lat' dir='ltr'><strong>hoc</strong></span> <span class='ocrx_word' id='word_1_440' title='bbox 1172 4451 1240 4506; x_wconf 91' lang='lat' dir='ltr'><strong>ad</strong></span> <span class='ocrx_word' id='word_1_441' title='bbox 1271 4468 1493 4510; x_wconf 87' lang='lat' dir='ltr'><strong>manum</strong></span> <span class='ocrx_word' id='word_1_442' title='bbox 1518 4454 1776 4509; x_wconf 89' lang='lat' dir='ltr'><strong>habuisse</strong></span> <span class='ocrx_word' id='word_1_443' title='bbox 1804 4456 2081 4512; x_wconf 88' lang='lat' dir='ltr'><strong>hominem</strong></span> 
     </span>
    </p>
   </div>
   <div class='ocr_carea' id='block_1_61' title="bbox 504 4546 2160 4617">
    <p class='ocr_par' dir='ltr' id='par_1_61' title="bbox 504 4546 2160 4617">
     <span class='ocr_line' id='line_1_61' title="bbox 504 4546 2160 4617; baseline 0.005 -17"><span class='ocrx_word' id='word_1_444' title='bbox 504 4547 761 4615; x_wconf 84' lang='lat' dir='ltr'><strong>idoneum</strong></span> <span class='ocrx_word' id='word_1_445' title='bbox 790 4547 1045 4611; x_wconf 79' lang='lat' dir='ltr'><strong>maxime,</strong></span> <span class='ocrx_word' id='word_1_446' title='bbox 1072 4561 1181 4600; x_wconf 88' lang='lat' dir='ltr'><strong>non</strong></span> <span class='ocrx_word' id='word_1_447' title='bbox 1211 4546 1401 4611; x_wconf 91' lang='lat' dir='ltr'><strong>alium,</strong></span> <span class='ocrx_word' id='word_1_448' title='bbox 1424 4546 1640 4617; x_wconf 89' lang='lat' dir='ltr'><strong>opinor,</strong></span> <span class='ocrx_word' id='word_1_449' title='bbox 1665 4564 1695 4601; x_wconf 91' lang='lat' dir='ltr'><strong>a</strong></span> <span class='ocrx_word' id='word_1_450' title='bbox 1715 4548 1971 4616; x_wconf 83' lang='lat' dir='ltr'><strong>Macario,</strong></span> <span class='ocrx_word' id='word_1_451' title='bbox 1996 4552 2080 4606; x_wconf 91' lang='lat' dir='ltr'><strong>in-</strong></span> <span class='ocrx_word' id='word_1_452' title='bbox 2110 4547 2160 4609; x_wconf 87' lang='lat' dir='ltr'><strong>D</strong></span> 
     </span>
    </p>
   </div>
   <div class='ocr_carea' id='block_1_62' title="bbox 502 4638 2087 4711">
    <p class='ocr_par' dir='ltr' id='par_1_62' title="bbox 502 4638 2087 4711">
     <span class='ocr_line' id='line_1_62' title="bbox 502 4638 2087 4711; baseline 0.003 -17"><span class='ocrx_word' id='word_1_453' title='bbox 502 4655 779 4711; x_wconf 89' lang='lat' dir='ltr'><strong>superque</strong></span> <span class='ocrx_word' id='word_1_454' title='bbox 808 4639 878 4694; x_wconf 88' lang='lat' dir='ltr'><strong>ab</strong></span> <span class='ocrx_word' id='word_1_455' title='bbox 905 4638 1159 4694; x_wconf 87' lang='lat' dir='ltr'><strong>instituto</strong></span> <span class='ocrx_word' id='word_1_456' title='bbox 1189 4655 1291 4695; x_wconf 91' lang='lat' dir='ltr'><strong>suo</strong></span> <span class='ocrx_word' id='word_1_457' title='bbox 1324 4640 1497 4696; x_wconf 88' lang='lat' dir='ltr'><strong>veteri</strong></span> <span class='ocrx_word' id='word_1_458' title='bbox 1531 4640 1952 4707; x_wconf 83' lang='lat' dir='ltr'><strong>anachoreseos,</strong></span> <span class='ocrx_word' id='word_1_459' title='bbox 1981 4643 2087 4699; x_wconf 89' lang='lat' dir='ltr'><strong>hoc</strong></span> 
     </span>
    </p>
   </div>
   <div class='ocr_carea' id='block_1_63' title="bbox 500 4732 2085 4801">
    <p class='ocr_par' dir='ltr' id='par_1_63' title="bbox 500 4732 2085 4801">
     <span class='ocr_line' id='line_1_63' title="bbox 500 4732 2085 4801; baseline 0.002 -12"><span class='ocrx_word' id='word_1_460' title='bbox 500 4743 589 4789; x_wconf 89' lang='lat' dir='ltr'><strong>est</strong></span> <span class='ocrx_word' id='word_1_461' title='bbox 618 4735 761 4789; x_wconf 89' lang='lat' dir='ltr'><strong>vitae</strong></span> <span class='ocrx_word' id='word_1_462' title='bbox 795 4732 1094 4797; x_wconf 89' lang='lat' dir='ltr'><strong>solitariae,</strong></span> <span class='ocrx_word' id='word_1_463' title='bbox 1126 4733 1384 4789; x_wconf 87' lang='lat' dir='ltr'><strong>recedere</strong></span> <span class='ocrx_word' id='word_1_464' title='bbox 1423 4750 1536 4789; x_wconf 90' lang='lat' dir='ltr'><strong>non</strong></span> <span class='ocrx_word' id='word_1_465' title='bbox 1587 4734 1799 4801; x_wconf 85' lang='lat' dir='ltr'><strong>volens,</strong></span> <span class='ocrx_word' id='word_1_466' title='bbox 1859 4751 1985 4790; x_wconf 91' lang='lat' dir='ltr'><strong>cum</strong></span> <span class='ocrx_word' id='word_1_467' title='bbox 2028 4737 2085 4792; x_wconf 94' lang='lat' dir='ltr'><strong>in</strong></span> 
     </span>
    </p>
   </div>
   <div class='ocr_carea' id='block_1_64' title="bbox 504 4826 2083 4893">
    <p class='ocr_par' dir='ltr' id='par_1_64' title="bbox 504 4826 2083 4893">
     <span class='ocr_line' id='line_1_64' title="bbox 504 4826 2083 4893; baseline 0 -12"><span class='ocrx_word' id='word_1_468' title='bbox 504 4836 689 4882; x_wconf 89' lang='lat' dir='ltr'><strong>monte</strong></span> <span class='ocrx_word' id='word_1_469' title='bbox 718 4826 990 4891; x_wconf 88' lang='lat' dir='ltr'><strong>interiori,</strong></span> <span class='ocrx_word' id='word_1_470' title='bbox 1017 4826 1139 4881; x_wconf 89' lang='lat' dir='ltr'><strong>loco</strong></span> <span class='ocrx_word' id='word_1_471' title='bbox 1171 4827 1277 4882; x_wconf 89' lang='lat' dir='ltr'><strong>sibi</strong></span> <span class='ocrx_word' id='word_1_472' title='bbox 1308 4826 1574 4882; x_wconf 85' lang='lat' dir='ltr'><strong>divinitus</strong></span> <span class='ocrx_word' id='word_1_473' title='bbox 1618 4836 1945 4893; x_wconf 89' lang='lat' dir='ltr'><strong>monstrato,</strong></span> <span class='ocrx_word' id='word_1_474' title='bbox 1992 4843 2083 4882; x_wconf 86' lang='lat' dir='ltr'><strong>so-</strong></span> 
     </span>
    </p>
   </div>
   <div class='ocr_carea' id='block_1_65' title="bbox 503 4920 2087 4993">
    <p class='ocr_par' dir='ltr' id='par_1_65' title="bbox 503 4920 2087 4993">
     <span class='ocr_line' id='line_1_65' title="bbox 503 4920 2087 4993; baseline -0.001 -16"><span class='ocrx_word' id='word_1_475' title='bbox 503 4923 591 4978; x_wconf 90' lang='lat' dir='ltr'><strong>lus</strong></span> <span class='ocrx_word' id='word_1_476' title='bbox 624 4936 979 4993; x_wconf 86' lang='lat' dir='ltr'><strong>perseverare</strong></span> <span class='ocrx_word' id='word_1_477' title='bbox 1012 4935 1186 4989; x_wconf 88' lang='lat' dir='ltr'><strong>usque</strong></span> <span class='ocrx_word' id='word_1_478' title='bbox 1218 4921 1285 4975; x_wconf 91' lang='lat' dir='ltr'><strong>ad</strong></span> <span class='ocrx_word' id='word_1_479' title='bbox 1319 4930 1571 4985; x_wconf 89' lang='lat' dir='ltr'><strong>mortem,</strong></span> <span class='ocrx_word' id='word_1_480' title='bbox 1601 4928 1765 4990; x_wconf 89' lang='lat' dir='ltr'><strong>prout</strong></span> <span class='ocrx_word' id='word_1_481' title='bbox 1790 4935 1981 4975; x_wconf 87' lang='lat' dir='ltr'><strong>revera</strong></span> <span class='ocrx_word' id='word_1_482' title='bbox 2008 4920 2087 4975; x_wconf 90' lang='lat' dir='ltr'><strong>fe-</strong></span> 
     </span>
    </p>
   </div>
   <div class='ocr_carea' id='block_1_66' title="bbox 504 5010 2088 5077">
    <p class='ocr_par' dir='ltr' id='par_1_66' title="bbox 504 5010 2088 5077">
     <span class='ocr_line' id='line_1_66' title="bbox 504 5010 2088 5077; baseline -0.001 -11"><span class='ocrx_word' id='word_1_483' title='bbox 504 5013 600 5077; x_wconf 90' lang='lat' dir='ltr'><strong>cit,</strong></span> <span class='ocrx_word' id='word_1_484' title='bbox 630 5013 983 5076; x_wconf 86' lang='lat' dir='ltr'><strong>decrevisset,</strong></span> <span class='ocrx_word' id='word_1_485' title='bbox 1022 5027 1125 5066; x_wconf 91' lang='lat' dir='ltr'><strong>nec</strong></span> <span class='ocrx_word' id='word_1_486' title='bbox 1151 5020 1334 5065; x_wconf 92' lang='lat' dir='ltr'><strong>tamen</strong></span> <span class='ocrx_word' id='word_1_487' title='bbox 1364 5010 1553 5065; x_wconf 88' lang='lat' dir='ltr'><strong>deesse</strong></span> <span class='ocrx_word' id='word_1_488' title='bbox 1584 5012 1751 5066; x_wconf 85' lang='lat' dir='ltr'><strong>vellet</strong></span> <span class='ocrx_word' id='word_1_489' title='bbox 1795 5019 1877 5067; x_wconf 89' lang='lat' dir='ltr'><strong>tot</strong></span> <span class='ocrx_word' id='word_1_490' title='bbox 1921 5011 2088 5066; x_wconf 86' lang='lat' dir='ltr'><strong>milli-</strong></span> 
     </span>
    </p>
   </div>
   <div class='ocr_carea' id='block_1_67' title="bbox 506 5102 2088 5174">
    <p class='ocr_par' dir='ltr' id='par_1_67' title="bbox 506 5102 2088 5174">
     <span class='ocr_line' id='line_1_67' title="bbox 506 5102 2088 5174; baseline 0 -16"><span class='ocrx_word' id='word_1_491' title='bbox 506 5105 609 5159; x_wconf 92' lang='lat' dir='ltr'><strong>bus</strong></span> <span class='ocrx_word' id='word_1_492' title='bbox 630 5105 936 5169; x_wconf 89' lang='lat' dir='ltr'><strong>hominum,</strong></span> <span class='ocrx_word' id='word_1_493' title='bbox 968 5102 1064 5174; x_wconf 89' lang='lat' dir='ltr'><strong>qui</strong></span> <span class='ocrx_word' id='word_1_494' title='bbox 1092 5102 1337 5173; x_wconf 90' lang='lat' dir='ltr'><strong>undique</strong></span> <span class='ocrx_word' id='word_1_495' title='bbox 1383 5102 1450 5157; x_wconf 88' lang='lat' dir='ltr'><strong>ad</strong></span> <span class='ocrx_word' id='word_1_496' title='bbox 1488 5118 1613 5158; x_wconf 91' lang='lat' dir='ltr'><strong>eum</strong></span> <span class='ocrx_word' id='word_1_497' title='bbox 1653 5103 1837 5158; x_wconf 88' lang='lat' dir='ltr'><strong>studio</strong></span> <span class='ocrx_word' id='word_1_498' title='bbox 1875 5103 1945 5158; x_wconf 92' lang='lat' dir='ltr'><strong>ad</strong></span> <span class='ocrx_word' id='word_1_499' title='bbox 2002 5119 2088 5158; x_wconf 88' lang='lat' dir='ltr'><strong>sa-</strong></span> 
     </span>
    </p>
   </div>
   <div class='ocr_carea' id='block_1_68' title="bbox 504 5194 2085 5266">
    <p class='ocr_par' dir='ltr' id='par_1_68' title="bbox 504 5194 2085 5266">
     <span class='ocr_line' id='line_1_68' title="bbox 504 5194 2085 5266; baseline -0.001 -16"><span class='ocrx_word' id='word_1_500' title='bbox 504 5196 675 5250; x_wconf 86' lang='lat' dir='ltr'><strong>lutem</strong></span> <span class='ocrx_word' id='word_1_501' title='bbox 708 5203 987 5251; x_wconf 88' lang='lat' dir='ltr'><strong>aeternam</strong></span> <span class='ocrx_word' id='word_1_502' title='bbox 1031 5211 1100 5251; x_wconf 86' lang='lat' dir='ltr'><strong>ex</strong></span> <span class='ocrx_word' id='word_1_503' title='bbox 1152 5195 1271 5266; x_wconf 89' lang='lat' dir='ltr'><strong>ipso</strong></span> <span class='ocrx_word' id='word_1_504' title='bbox 1330 5194 1654 5266; x_wconf 87' lang='lat' dir='ltr'><strong>proﬁciendi</strong></span> <span class='ocrx_word' id='word_1_505' title='bbox 1714 5197 2085 5263; x_wconf 85' lang='lat' dir='ltr'><strong>confluebant,</strong></span> 
     </span>
    </p>
   </div>
   <div class='ocr_carea' id='block_1_69' title="bbox 503 5286 2087 5358">
    <p class='ocr_par' dir='ltr' id='par_1_69' title="bbox 503 5286 2087 5358">
     <span class='ocr_line' id='line_1_69' title="bbox 503 5286 2087 5358; baseline -0.002 -13"><span class='ocrx_word' id='word_1_506' title='bbox 503 5303 696 5345; x_wconf 88' lang='lat' dir='ltr'><strong>eorum</strong></span> <span class='ocrx_word' id='word_1_507' title='bbox 731 5286 1147 5344; x_wconf 86' lang='lat' dir='ltr'><strong>commorationi</strong></span> <span class='ocrx_word' id='word_1_508' title='bbox 1182 5287 1481 5358; x_wconf 88' lang='lat' dir='ltr'><strong>assignavit</strong></span> <span class='ocrx_word' id='word_1_509' title='bbox 1514 5298 1754 5342; x_wconf 88' lang='lat' dir='ltr'><strong>montem</strong></span> <span class='ocrx_word' id='word_1_510' title='bbox 1793 5289 1959 5342; x_wconf 88' lang='lat' dir='ltr'><strong>alium</strong></span> <span class='ocrx_word' id='word_1_511' title='bbox 2010 5288 2087 5342; x_wconf 90' lang='lat' dir='ltr'><strong>illi</strong></span> 
     </span>
    </p>
   </div>
   <div class='ocr_carea' id='block_1_70' title="bbox 505 5380 2085 5447">
    <p class='ocr_par' dir='ltr' id='par_1_70' title="bbox 505 5380 2085 5447">
     <span class='ocr_line' id='line_1_70' title="bbox 505 5380 2085 5447; baseline 0 -12"><span class='ocrx_word' id='word_1_512' title='bbox 505 5394 607 5436; x_wconf 90' lang='lat' dir='ltr'><strong>suo</strong></span> <span class='ocrx_word' id='word_1_513' title='bbox 662 5380 927 5447; x_wconf 89' lang='lat' dir='ltr'><strong>vicinum,</strong></span> <span class='ocrx_word' id='word_1_514' title='bbox 966 5391 1024 5436; x_wconf 88' lang='lat' dir='ltr'><strong>et</strong></span> <span class='ocrx_word' id='word_1_515' title='bbox 1062 5381 1131 5436; x_wconf 90' lang='lat' dir='ltr'><strong>ad</strong></span> <span class='ocrx_word' id='word_1_516' title='bbox 1170 5382 1293 5437; x_wconf 91' lang='lat' dir='ltr'><strong>eius</strong></span> <span class='ocrx_word' id='word_1_517' title='bbox 1330 5380 1698 5436; x_wconf 81' lang='lat' dir='ltr'><strong>differentiam</strong></span> <span class='ocrx_word' id='word_1_518' title='bbox 1754 5380 2085 5435; x_wconf 80' lang='lat' dir='ltr'><strong>exteriorem</strong></span> 
     </span>
    </p>
   </div>
   <div class='ocr_carea' id='block_1_71' title="bbox 504 5473 2086 5545">
    <p class='ocr_par' dir='ltr' id='par_1_71' title="bbox 504 5473 2086 5545">
     <span class='ocr_line' id='line_1_71' title="bbox 504 5473 2086 5545; baseline -0.001 -18"><span class='ocrx_word' id='word_1_519' title='bbox 504 5483 777 5538; x_wconf 88' lang='lat' dir='ltr'><strong>vocatum,</strong></span> <span class='ocrx_word' id='word_1_520' title='bbox 828 5474 884 5529; x_wconf 92' lang='lat' dir='ltr'><strong>in</strong></span> <span class='ocrx_word' id='word_1_521' title='bbox 940 5489 1052 5544; x_wconf 88' lang='lat' dir='ltr'><strong>quo</strong></span> <span class='ocrx_word' id='word_1_522' title='bbox 1088 5473 1480 5545; x_wconf 88' lang='lat' dir='ltr'><strong>Pispiritanum</strong></span> <span class='ocrx_word' id='word_1_523' title='bbox 1536 5473 1928 5528; x_wconf 83' lang='lat' dir='ltr'><strong>monasterium</strong></span> <span class='ocrx_word' id='word_1_524' title='bbox 1993 5488 2086 5527; x_wconf 82' lang='lat' dir='ltr'><strong>ex-</strong></span> 
     </span>
    </p>
   </div>
   <div class='ocr_carea' id='block_1_72' title="bbox 506 5564 2085 5635">
    <p class='ocr_par' dir='ltr' id='par_1_72' title="bbox 506 5564 2085 5635">
     <span class='ocr_line' id='line_1_72' title="bbox 506 5564 2085 5635; baseline -0.004 -13"><span class='ocrx_word' id='word_1_525' title='bbox 506 5576 775 5622; x_wconf 83' lang='lat' dir='ltr'><strong>structum</strong></span> <span class='ocrx_word' id='word_1_526' title='bbox 808 5576 914 5632; x_wconf 89' lang='lat' dir='ltr'><strong>est,</strong></span> <span class='ocrx_word' id='word_1_527' title='bbox 940 5582 972 5621; x_wconf 90' lang='lat' dir='ltr'><strong>a</strong></span> <span class='ocrx_word' id='word_1_528' title='bbox 992 5566 1275 5621; x_wconf 86' lang='lat' dir='ltr'><strong>monachis</strong></span> <span class='ocrx_word' id='word_1_529' title='bbox 1298 5565 1729 5635; x_wconf 86' lang='lat' dir='ltr'><strong>frequentatum,</strong></span> <span class='ocrx_word' id='word_1_530' title='bbox 1764 5564 1858 5633; x_wconf 90' lang='lat' dir='ltr'><strong>qui</strong></span> <span class='ocrx_word' id='word_1_531' title='bbox 1879 5564 2085 5617; x_wconf 89' lang='lat' dir='ltr'><strong>discre-</strong></span> 
     </span>
    </p>
   </div>
   <div class='ocr_carea' id='block_1_73' title="bbox 507 5656 2084 5731">
    <p class='ocr_par' dir='ltr' id='par_1_73' title="bbox 507 5656 2084 5731">
     <span class='ocr_line' id='line_1_73' title="bbox 507 5656 2084 5731; baseline -0.001 -18"><span class='ocrx_word' id='word_1_532' title='bbox 507 5660 581 5714; x_wconf 87' lang='lat' dir='ltr'><strong>tis</strong></span> <span class='ocrx_word' id='word_1_533' title='bbox 596 5660 810 5715; x_wconf 89' lang='lat' dir='ltr'><strong>cellulis</strong></span> <span class='ocrx_word' id='word_1_534' title='bbox 830 5661 1039 5715; x_wconf 90' lang='lat' dir='ltr'><strong>circum</strong></span> <span class='ocrx_word' id='word_1_535' title='bbox 1073 5659 1357 5731; x_wconf 73' lang='lat' dir='ltr'><strong>degentes,</strong></span> <span class='ocrx_word' id='word_1_536' title='bbox 1389 5658 1563 5730; x_wconf 86' lang='lat' dir='ltr'><strong>sparsi</strong></span> <span class='ocrx_word' id='word_1_537' title='bbox 1596 5675 1693 5729; x_wconf 82' lang='lat' dir='ltr'><strong>per</strong></span> <span class='ocrx_word' id='word_1_538' title='bbox 1723 5658 1958 5729; x_wconf 89' lang='lat' dir='ltr'><strong>spatium</strong></span> <span class='ocrx_word' id='word_1_539' title='bbox 1987 5656 2084 5712; x_wconf 88' lang='lat' dir='ltr'><strong>tri-</strong></span> 
     </span>
    </p>
   </div>
   <div class='ocr_carea' id='block_1_74' title="bbox 2107 3200 2149 3257">
    <p class='ocr_par' dir='ltr' id='par_1_74' title="bbox 2107 3200 2149 3257">
     <span class='ocr_line' id='line_1_74' title="bbox 2107 3200 2149 3257; baseline 0 0"><span class='ocrx_word' id='word_1_540' title='bbox 2107 3200 2149 3257; x_wconf 87' lang='lat' dir='ltr'>C</span> 
     </span>
    </p>
   </div>
   <div class='ocr_carea' id='block_1_75' title="bbox 2179 2060 3775 2133">
    <p class='ocr_par' dir='ltr' id='par_1_75' title="bbox 2179 2060 3775 2133">
     <span class='ocr_line' id='line_1_75' title="bbox 2179 2060 3775 2133; baseline -0.001 -20"><span class='ocrx_word' id='word_1_541' title='bbox 2179 2061 2429 2131; x_wconf 87' lang='lat' dir='ltr'><strong>quinque,</strong></span> <span class='ocrx_word' id='word_1_542' title='bbox 2481 2069 2636 2133; x_wconf 89' lang='lat' dir='ltr'><strong>prout</strong></span> <span class='ocrx_word' id='word_1_543' title='bbox 2681 2061 2985 2133; x_wconf 73' lang='lat' dir='ltr'><strong>expediebat</strong></span> <span class='ocrx_word' id='word_1_544' title='bbox 3038 2077 3133 2132; x_wconf 86' lang='lat' dir='ltr'><strong>pro</strong></span> <span class='ocrx_word' id='word_1_545' title='bbox 3186 2060 3431 2129; x_wconf 82' lang='lat' dir='ltr'><strong>beneﬁcio</strong></span> <span class='ocrx_word' id='word_1_546' title='bbox 3465 2076 3650 2114; x_wconf 89' lang='lat' dir='ltr'><strong>eorum</strong></span> <span class='ocrx_word' id='word_1_547' title='bbox 3682 2060 3775 2129; x_wconf 81' lang='lat' dir='ltr'><strong>qui</strong></span> 
     </span>
    </p>
   </div>
   <div class='ocr_carea' id='block_1_76' title="bbox 2178 2153 3776 2223">
    <p class='ocr_par' dir='ltr' id='par_1_76' title="bbox 2178 2153 3776 2223">
     <span class='ocr_line' id='line_1_76' title="bbox 2178 2153 3776 2223; baseline 0 -16"><span class='ocrx_word' id='word_1_548' title='bbox 2178 2154 2453 2208; x_wconf 84' lang='lat' dir='ltr'><strong>veniebant</strong></span> <span class='ocrx_word' id='word_1_549' title='bbox 2479 2155 2549 2209; x_wconf 88' lang='lat' dir='ltr'><strong>ad</strong></span> <span class='ocrx_word' id='word_1_550' title='bbox 2578 2154 2976 2209; x_wconf 85' lang='lat' dir='ltr'><strong>monasterium.</strong></span> <span class='ocrx_word' id='word_1_551' title='bbox 3006 2154 3178 2209; x_wconf 86' lang='lat' dir='ltr'><strong>Porro</strong></span> <span class='ocrx_word' id='word_1_552' title='bbox 3205 2154 3291 2219; x_wconf 90' lang='lat' dir='ltr'><strong>iis,</strong></span> <span class='ocrx_word' id='word_1_553' title='bbox 3322 2153 3417 2223; x_wconf 91' lang='lat' dir='ltr'><strong>qui</strong></span> <span class='ocrx_word' id='word_1_554' title='bbox 3444 2154 3501 2207; x_wconf 93' lang='lat' dir='ltr'><strong>in</strong></span> <span class='ocrx_word' id='word_1_555' title='bbox 3520 2169 3589 2208; x_wconf 90' lang='lat' dir='ltr'><strong>eo</strong></span> <span class='ocrx_word' id='word_1_556' title='bbox 3613 2165 3776 2207; x_wconf 89' lang='lat' dir='ltr'><strong>erant</strong></span> 
     </span>
    </p>
   </div>
   <div class='ocr_carea' id='block_1_77' title="bbox 2179 2245 3773 2317">
    <p class='ocr_par' dir='ltr' id='par_1_77' title="bbox 2179 2245 3773 2317">
     <span class='ocr_line' id='line_1_77' title="bbox 2179 2245 3773 2317; baseline -0.001 -17"><span class='ocrx_word' id='word_1_557' title='bbox 2179 2246 2533 2314; x_wconf 89' lang='lat' dir='ltr'><strong>monasterio,</strong></span> <span class='ocrx_word' id='word_1_558' title='bbox 2562 2246 2865 2317; x_wconf 89' lang='lat' dir='ltr'><strong>praefuisse</strong></span> <span class='ocrx_word' id='word_1_559' title='bbox 2909 2246 3176 2302; x_wconf 90' lang='lat' dir='ltr'><strong>vicarium</strong></span> <span class='ocrx_word' id='word_1_560' title='bbox 3212 2246 3436 2301; x_wconf 87' lang='lat' dir='ltr'><strong>Antonii</strong></span> <span class='ocrx_word' id='word_1_561' title='bbox 3470 2245 3773 2300; x_wconf 81' lang='lat' dir='ltr'><strong>Macarium</strong></span> 
     </span>
    </p>
   </div>
   <div class='ocr_carea' id='block_1_78' title="bbox 2178 2338 3771 2411">
    <p class='ocr_par' dir='ltr' id='par_1_78' title="bbox 2178 2338 3771 2411">
     <span class='ocr_line' id='line_1_78' title="bbox 2178 2338 3771 2411; baseline 0 -18"><span class='ocrx_word' id='word_1_562' title='bbox 2178 2339 2325 2395; x_wconf 87' lang='lat' dir='ltr'><strong>clare</strong></span> <span class='ocrx_word' id='word_1_563' title='bbox 2353 2339 2522 2395; x_wconf 89' lang='lat' dir='ltr'><strong>tradit</strong></span> <span class='ocrx_word' id='word_1_564' title='bbox 2548 2339 2694 2394; x_wconf 90' lang='lat' dir='ltr'><strong>idem</strong></span> <span class='ocrx_word' id='word_1_565' title='bbox 2749 2340 2845 2410; x_wconf 90' lang='lat' dir='ltr'><strong>qui</strong></span> <span class='ocrx_word' id='word_1_566' title='bbox 2898 2340 3114 2395; x_wconf 87' lang='lat' dir='ltr'><strong>viderat</strong></span> <span class='ocrx_word' id='word_1_567' title='bbox 3160 2338 3399 2395; x_wconf 88' lang='lat' dir='ltr'><strong>Cronius</strong></span> <span class='ocrx_word' id='word_1_568' title='bbox 3456 2339 3771 2411; x_wconf 80' lang='lat' dir='ltr'><strong>presbyter,</strong></span> 
     </span>
    </p>
   </div>
   <div class='ocr_carea' id='block_1_79' title="bbox 2178 2429 3773 2504">
    <p class='ocr_par' dir='ltr' id='par_1_79' title="bbox 2178 2429 3773 2504">
     <span class='ocr_line' id='line_1_79' title="bbox 2178 2429 3773 2504; baseline 0 -19"><span class='ocrx_word' id='word_1_569' title='bbox 2178 2429 2285 2487; x_wconf 90' lang='lat' dir='ltr'><strong>hoc</strong></span> <span class='ocrx_word' id='word_1_570' title='bbox 2312 2431 2476 2486; x_wconf 91' lang='lat' dir='ltr'><strong>modo</strong></span> <span class='ocrx_word' id='word_1_571' title='bbox 2505 2446 2671 2501; x_wconf 91' lang='lat' dir='ltr'><strong>supra</strong></span> <span class='ocrx_word' id='word_1_572' title='bbox 2705 2432 2992 2503; x_wconf 86' lang='lat' dir='ltr'><strong>descriptis</strong></span> <span class='ocrx_word' id='word_1_573' title='bbox 3032 2431 3372 2504; x_wconf 82' lang='lat' dir='ltr'><strong>adiungens:</strong></span> <span class='ocrx_word' id='word_1_574' title='bbox 3413 2432 3619 2487; x_wconf 80' lang='lat' dir='ltr'><strong>Accidit</strong></span> <span class='ocrx_word' id='word_1_575' title='bbox 3674 2449 3773 2487; x_wconf 85' lang='lat' dir='ltr'><strong>au-</strong></span> 
     </span>
    </p>
   </div>
   <div class='ocr_carea' id='block_1_80' title="bbox 2179 2523 3774 2599">
    <p class='ocr_par' dir='ltr' id='par_1_80' title="bbox 2179 2523 3774 2599">
     <span class='ocr_line' id='line_1_80' title="bbox 2179 2523 3774 2599; baseline 0.001 -21"><span class='ocrx_word' id='word_1_576' title='bbox 2179 2530 2319 2589; x_wconf 89' lang='lat' dir='ltr'><strong>tem,</strong></span> <span class='ocrx_word' id='word_1_577' title='bbox 2364 2534 2423 2579; x_wconf 91' lang='lat' dir='ltr'><strong>ut</strong></span> <span class='ocrx_word' id='word_1_578' title='bbox 2458 2524 2567 2579; x_wconf 89' lang='lat' dir='ltr'><strong>alio</strong></span> <span class='ocrx_word' id='word_1_579' title='bbox 2614 2526 2698 2579; x_wconf 90' lang='lat' dir='ltr'><strong>die</strong></span> <span class='ocrx_word' id='word_1_580' title='bbox 2730 2528 2929 2580; x_wconf 86' lang='lat' dir='ltr'><strong>veniret</strong></span> <span class='ocrx_word' id='word_1_581' title='bbox 2966 2525 3193 2597; x_wconf 84' lang='lat' dir='ltr'><strong>Magnus</strong></span> <span class='ocrx_word' id='word_1_582' title='bbox 3242 2523 3603 2599; x_wconf 86' lang='lat' dir='ltr'><strong>[Antonius]</strong></span> <span class='ocrx_word' id='word_1_583' title='bbox 3658 2542 3774 2581; x_wconf 86' lang='lat' dir='ltr'><strong>sero</strong></span> 
     </span>
    </p>
   </div>
   <div class='ocr_carea' id='block_1_81' title="bbox 2177 2617 3773 2690">
    <p class='ocr_par' dir='ltr' id='par_1_81' title="bbox 2177 2617 3773 2690">
     <span class='ocr_line' id='line_1_81' title="bbox 2177 2617 3773 2690; baseline 0 -18"><span class='ocrx_word' id='word_1_584' title='bbox 2177 2634 2409 2689; x_wconf 86' lang='lat' dir='ltr'><strong>vespere,</strong></span> <span class='ocrx_word' id='word_1_585' title='bbox 2428 2618 2651 2673; x_wconf 89' lang='lat' dir='ltr'><strong>amictus</strong></span> <span class='ocrx_word' id='word_1_586' title='bbox 2677 2618 2952 2690; x_wconf 85' lang='lat' dir='ltr'><strong>chlamyde</strong></span> <span class='ocrx_word' id='word_1_587' title='bbox 2970 2617 3212 2690; x_wconf 89' lang='lat' dir='ltr'><strong>pellicea.</strong></span> <span class='ocrx_word' id='word_1_588' title='bbox 3242 2618 3517 2690; x_wconf 83' lang='lat' dir='ltr'><strong>Ingressus</strong></span> <span class='ocrx_word' id='word_1_589' title='bbox 3548 2626 3627 2673; x_wconf 82' lang='lat' dir='ltr'><strong>est</strong></span> <span class='ocrx_word' id='word_1_590' title='bbox 3652 2635 3773 2689; x_wconf 87' lang='lat' dir='ltr'><strong>ergo</strong></span> 
     </span>
    </p>
   </div>
   <div class='ocr_carea' id='block_1_82' title="bbox 2176 2711 3771 2767">
    <p class='ocr_par' dir='ltr' id='par_1_82' title="bbox 2176 2711 3771 2767">
     <span class='ocr_line' id='line_1_82' title="bbox 2176 2711 3771 2767; baseline 0 -2"><span class='ocrx_word' id='word_1_591' title='bbox 2176 2728 2332 2765; x_wconf 87' lang='lat' dir='ltr'><strong>suum</strong></span> <span class='ocrx_word' id='word_1_592' title='bbox 2372 2714 2776 2766; x_wconf 85' lang='lat' dir='ltr'><strong>monasterium.</strong></span> <span class='ocrx_word' id='word_1_593' title='bbox 2809 2711 2947 2767; x_wconf 86' lang='lat' dir='ltr'><strong>Erat</strong></span> <span class='ocrx_word' id='word_1_594' title='bbox 2976 2721 3154 2767; x_wconf 88' lang='lat' dir='ltr'><strong>autem</strong></span> <span class='ocrx_word' id='word_1_595' title='bbox 3179 2715 3307 2767; x_wconf 89' lang='lat' dir='ltr'><strong>haec</strong></span> <span class='ocrx_word' id='word_1_596' title='bbox 3334 2713 3445 2766; x_wconf 87' lang='lat' dir='ltr'><strong>eius</strong></span> <span class='ocrx_word' id='word_1_597' title='bbox 3486 2720 3771 2765; x_wconf 84' lang='lat' dir='ltr'><strong>consuetu-</strong></span> 
     </span>
    </p>
   </div>
   <div class='ocr_carea' id='block_1_83' title="bbox 2178 2800 3775 2874">
    <p class='ocr_par' dir='ltr' id='par_1_83' title="bbox 2178 2800 3775 2874">
     <span class='ocr_line' id='line_1_83' title="bbox 2178 2800 3775 2874; baseline 0.002 -20"><span class='ocrx_word' id='word_1_598' title='bbox 2178 2800 2267 2865; x_wconf 89' lang='lat' dir='ltr'><strong>do,</strong></span> <span class='ocrx_word' id='word_1_599' title='bbox 2303 2811 2361 2855; x_wconf 91' lang='lat' dir='ltr'><strong>ut</strong></span> <span class='ocrx_word' id='word_1_600' title='bbox 2388 2802 2753 2873; x_wconf 87' lang='lat' dir='ltr'><strong>alloqueretur</strong></span> <span class='ocrx_word' id='word_1_601' title='bbox 2798 2801 3115 2869; x_wconf 83' lang='lat' dir='ltr'><strong>Macarium,</strong></span> <span class='ocrx_word' id='word_1_602' title='bbox 3152 2810 3201 2857; x_wconf 93' lang='lat' dir='ltr'><strong>et</strong></span> <span class='ocrx_word' id='word_1_603' title='bbox 3230 2818 3347 2857; x_wconf 88' lang='lat' dir='ltr'><strong>eum</strong></span> <span class='ocrx_word' id='word_1_604' title='bbox 3373 2804 3735 2874; x_wconf 71' lang='lat' dir='ltr'><strong>interrogaret</strong></span> <span class='ocrx_word' id='word_1_605' title='bbox 3755 2820 3775 2857; x_wconf 90' lang='lat'><strong><em>:</em></strong></span> 
     </span>
    </p>
   </div>
   <div class='ocr_carea' id='block_1_84' title="bbox 2179 2892 3774 2967">
    <p class='ocr_par' dir='ltr' id='par_1_84' title="bbox 2179 2892 3774 2967">
     <span class='ocr_line' id='line_1_84' title="bbox 2179 2892 3774 2967; baseline 0.001 -19"><span class='ocrx_word' id='word_1_606' title='bbox 2179 2892 2372 2948; x_wconf 87' lang='lat' dir='ltr'><strong>Frater</strong></span> <span class='ocrx_word' id='word_1_607' title='bbox 2394 2895 2621 2960; x_wconf 82' lang='lat' dir='ltr'><strong>Macari,</strong></span> <span class='ocrx_word' id='word_1_608' title='bbox 2673 2906 2998 2950; x_wconf 84' lang='lat' dir='ltr'><strong>veneruntne</strong></span> <span class='ocrx_word' id='word_1_609' title='bbox 3046 2897 3146 2950; x_wconf 85' lang='lat' dir='ltr'><strong>huc</strong></span> <span class='ocrx_word' id='word_1_610' title='bbox 3192 2895 3363 2967; x_wconf 88' lang='lat' dir='ltr'><strong>aliqui</strong></span> <span class='ocrx_word' id='word_1_611' title='bbox 3403 2896 3429 2949; x_wconf 85' lang='lat'><strong><em>?</em></strong></span> <span class='ocrx_word' id='word_1_612' title='bbox 3470 2894 3774 2967; x_wconf 85' lang='lat' dir='ltr'><strong>Responde-</strong></span> 
     </span>
    </p>
   </div>
   <div class='ocr_carea' id='block_1_85' title="bbox 2178 2986 3777 3059">
    <p class='ocr_par' dir='ltr' id='par_1_85' title="bbox 2178 2986 3777 3059">
     <span class='ocr_line' id='line_1_85' title="bbox 2178 2986 3777 3059; baseline 0.002 -18"><span class='ocrx_word' id='word_1_613' title='bbox 2178 2986 2267 3042; x_wconf 85' lang='lat' dir='ltr'><strong>bat</strong></span> <span class='ocrx_word' id='word_1_614' title='bbox 2286 2986 2583 3043; x_wconf 78' lang='lat' dir='ltr'><strong>Macarius:</strong></span> <span class='ocrx_word' id='word_1_615' title='bbox 2598 2987 2881 3042; x_wconf 87' lang='lat' dir='ltr'><strong>Venerunt.</strong></span> <span class='ocrx_word' id='word_1_616' title='bbox 2900 2987 3116 3043; x_wconf 87' lang='lat' dir='ltr'><strong>Dicebat</strong></span> <span class='ocrx_word' id='word_1_617' title='bbox 3137 2997 3313 3043; x_wconf 88' lang='lat' dir='ltr'><strong>autem</strong></span> <span class='ocrx_word' id='word_1_618' title='bbox 3334 2988 3594 3059; x_wconf 58' lang='lat' dir='ltr'><strong>Magnus;</strong></span> <span class='ocrx_word' id='word_1_619' title='bbox 3616 2986 3777 3044; x_wconf 82' lang='lat' dir='ltr'><strong>Suni-</strong></span> 
     </span>
    </p>
   </div>
   <div class='ocr_carea' id='block_1_86' title="bbox 2180 3078 3772 3153">
    <p class='ocr_par' dir='ltr' id='par_1_86' title="bbox 2180 3078 3772 3153">
     <span class='ocr_line' id='line_1_86' title="bbox 2180 3078 3772 3153; baseline -0.001 -17"><span class='ocrx_word' id='word_1_620' title='bbox 2180 3096 2245 3136; x_wconf 88' lang='lat' dir='ltr'><strong>ne</strong></span> <span class='ocrx_word' id='word_1_621' title='bbox 2305 3078 2548 3153; x_wconf 84' lang='lat' dir='ltr'><strong>Aegyptii</strong></span> <span class='ocrx_word' id='word_1_622' title='bbox 2598 3099 2669 3135; x_wconf 89' lang='lat' dir='ltr'><strong>an</strong></span> <span class='ocrx_word' id='word_1_623' title='bbox 2714 3080 3232 3152; x_wconf 82' lang='lat' dir='ltr'><strong>Hierosolymitani?</strong></span> <span class='ocrx_word' id='word_1_624' title='bbox 3290 3080 3525 3135; x_wconf 88' lang='lat' dir='ltr'><strong>Dederat</strong></span> <span class='ocrx_word' id='word_1_625' title='bbox 3595 3090 3772 3135; x_wconf 84' lang='lat' dir='ltr'><strong>autem</strong></span> 
     </span>
    </p>
   </div>
   <div class='ocr_carea' id='block_1_87' title="bbox 2180 3170 3772 3247">
    <p class='ocr_par' dir='ltr' id='par_1_87' title="bbox 2180 3170 3772 3247">
     <span class='ocr_line' id='line_1_87' title="bbox 2180 3170 3772 3247; baseline -0.001 -18"><span class='ocrx_word' id='word_1_626' title='bbox 2180 3172 2407 3247; x_wconf 84' lang='lat' dir='ltr'><strong>Magnus</strong></span> <span class='ocrx_word' id='word_1_627' title='bbox 2441 3176 2488 3228; x_wconf 90' lang='lat' dir='ltr'><strong>ei</strong></span> <span class='ocrx_word' id='word_1_628' title='bbox 2515 3175 2724 3244; x_wconf 81' lang='lat' dir='ltr'><strong>signum</strong></span> <span class='ocrx_word' id='word_1_629' title='bbox 2755 3172 2971 3228; x_wconf 87' lang='lat' dir='ltr'><strong>dicens:</strong></span> <span class='ocrx_word' id='word_1_630' title='bbox 2998 3171 3132 3228; x_wconf 83' lang='lat' dir='ltr'><strong>Cum</strong></span> <span class='ocrx_word' id='word_1_631' title='bbox 3178 3173 3367 3227; x_wconf 79' lang='lat' dir='ltr'><strong>videris</strong></span> <span class='ocrx_word' id='word_1_632' title='bbox 3409 3174 3618 3227; x_wconf 82' lang='lat' dir='ltr'><strong>venisse</strong></span> <span class='ocrx_word' id='word_1_633' title='bbox 3671 3170 3772 3227; x_wconf 84' lang='lat' dir='ltr'><strong>ali-</strong></span> 
     </span>
    </p>
   </div>
   <div class='ocr_carea' id='block_1_88' title="bbox 2183 3265 3773 3339">
    <p class='ocr_par' dir='ltr' id='par_1_88' title="bbox 2183 3265 3773 3339">
     <span class='ocr_line' id='line_1_88' title="bbox 2183 3265 3773 3339; baseline -0.001 -19"><span class='ocrx_word' id='word_1_634' title='bbox 2183 3284 2312 3339; x_wconf 91' lang='lat' dir='ltr'><strong>quos</strong></span> <span class='ocrx_word' id='word_1_635' title='bbox 2336 3267 2517 3339; x_wconf 83' lang='lat' dir='ltr'><strong>quibus</strong></span> <span class='ocrx_word' id='word_1_636' title='bbox 2544 3275 2621 3321; x_wconf 85' lang='lat' dir='ltr'><strong>est</strong></span> <span class='ocrx_word' id='word_1_637' title='bbox 2652 3267 2825 3321; x_wconf 89' lang='lat' dir='ltr'><strong>minus</strong></span> <span class='ocrx_word' id='word_1_638' title='bbox 2859 3266 3073 3337; x_wconf 85' lang='lat' dir='ltr'><strong>negotii,</strong></span> <span class='ocrx_word' id='word_1_639' title='bbox 3113 3266 3196 3320; x_wconf 85' lang='lat' dir='ltr'><strong>dic</strong></span> <span class='ocrx_word' id='word_1_640' title='bbox 3218 3283 3235 3321; x_wconf 90' lang='lat'><strong><em>:</em></strong></span> <span class='ocrx_word' id='word_1_641' title='bbox 3261 3265 3463 3320; x_wconf 83' lang='lat' dir='ltr'><strong>Adsunt</strong></span> <span class='ocrx_word' id='word_1_642' title='bbox 3490 3265 3773 3336; x_wconf 77' lang='lat' dir='ltr'><strong>Aegyptii;</strong></span> 
     </span>
    </p>
   </div>
   <div class='ocr_carea' id='block_1_89' title="bbox 2184 3356 3775 3431">
    <p class='ocr_par' dir='ltr' id='par_1_89' title="bbox 2184 3356 3775 3431">
     <span class='ocr_line' id='line_1_89' title="bbox 2184 3356 3775 3431; baseline -0.001 -18"><span class='ocrx_word' id='word_1_643' title='bbox 2184 3361 2399 3431; x_wconf 86' lang='lat' dir='ltr'><strong>quando</strong></span> <span class='ocrx_word' id='word_1_644' title='bbox 2425 3368 2607 3413; x_wconf 87' lang='lat' dir='ltr'><strong>autem</strong></span> <span class='ocrx_word' id='word_1_645' title='bbox 2648 3359 2840 3413; x_wconf 87' lang='lat' dir='ltr'><strong>videris</strong></span> <span class='ocrx_word' id='word_1_646' title='bbox 2866 3360 3067 3413; x_wconf 73' lang='lat' dir='ltr'><strong>venisse</strong></span> <span class='ocrx_word' id='word_1_647' title='bbox 3110 3356 3316 3430; x_wconf 87' lang='lat' dir='ltr'><strong>aliquos</strong></span> <span class='ocrx_word' id='word_1_648' title='bbox 3342 3356 3703 3429; x_wconf 86' lang='lat' dir='ltr'><strong>religiosiores</strong></span> <span class='ocrx_word' id='word_1_649' title='bbox 3728 3366 3775 3411; x_wconf 80' lang='lat' dir='ltr'><strong>et</strong></span> 
     </span>
    </p>
   </div>
   <div class='ocr_carea' id='block_1_90' title="bbox 2184 3447 3771 3524">
    <p class='ocr_par' dir='ltr' id='par_1_90' title="bbox 2184 3447 3771 3524">
     <span class='ocr_line' id='line_1_90' title="bbox 2184 3447 3771 3524; baseline -0.002 -17"><span class='ocrx_word' id='word_1_650' title='bbox 2184 3451 2345 3524; x_wconf 89' lang='lat' dir='ltr'><strong>paulo</strong></span> <span class='ocrx_word' id='word_1_651' title='bbox 2395 3451 2850 3517; x_wconf 87' lang='lat' dir='ltr'><strong>consideratiores,</strong></span> <span class='ocrx_word' id='word_1_652' title='bbox 2901 3450 3022 3506; x_wconf 89' lang='lat' dir='ltr'><strong>dic:</strong></span> <span class='ocrx_word' id='word_1_653' title='bbox 3053 3450 3065 3522; x_wconf 92' lang='grc' dir='ltr'><strong>Ι</strong></span> <span class='ocrx_word' id='word_1_654' title='bbox 3095 3447 3231 3506; x_wconf 86' lang='lat' dir='ltr'><strong>Sunt</strong></span> <span class='ocrx_word' id='word_1_655' title='bbox 3279 3450 3771 3522; x_wconf 84' lang='lat' dir='ltr'><strong>Hierosolymitani.</strong></span> 
     </span>
    </p>
   </div>
   <div class='ocr_carea' id='block_1_91' title="bbox 2184 3538 3772 3615">
    <p class='ocr_par' dir='ltr' id='par_1_91' title="bbox 2184 3538 3772 3615">
     <span class='ocr_line' id='line_1_91' title="bbox 2184 3538 3772 3615; baseline -0.002 -15"><span class='ocrx_word' id='word_1_656' title='bbox 2184 3545 2331 3600; x_wconf 87' lang='lat' dir='ltr'><strong>Ilaec</strong></span> <span class='ocrx_word' id='word_1_657' title='bbox 2358 3538 2614 3609; x_wconf 85' lang='lat' dir='ltr'><strong>Cronius,</strong></span> <span class='ocrx_word' id='word_1_658' title='bbox 2639 3561 2780 3614; x_wconf 90' lang='lat' dir='ltr'><strong>quae</strong></span> <span class='ocrx_word' id='word_1_659' title='bbox 2800 3543 3017 3600; x_wconf 91' lang='lat' dir='ltr'><strong>viderat</strong></span> <span class='ocrx_word' id='word_1_660' title='bbox 3040 3542 3148 3599; x_wconf 81' lang='lat' dir='ltr'><strong>ﬁde</strong></span> <span class='ocrx_word' id='word_1_661' title='bbox 3171 3542 3479 3615; x_wconf 80' lang='lat' dir='ltr'><strong>presbyteri</strong></span> <span class='ocrx_word' id='word_1_662' title='bbox 3502 3544 3772 3598; x_wconf 81' lang='lat' dir='ltr'><strong>referens.</strong></span> 
     </span>
    </p>
   </div>
   <div class='ocr_carea' id='block_1_92' title="bbox 2183 3631 3776 3708">
    <p class='ocr_par' dir='ltr' id='par_1_92' title="bbox 2183 3631 3776 3708">
     <span class='ocr_line' id='line_1_92' title="bbox 2183 3631 3776 3708; baseline -0.004 -17"><span class='ocrx_word' id='word_1_663' title='bbox 2183 3637 2265 3692; x_wconf 87' lang='lat' dir='ltr'><strong>Ex</strong></span> <span class='ocrx_word' id='word_1_664' title='bbox 2301 3637 2505 3708; x_wconf 90' lang='lat' dir='ltr'><strong>quibus</strong></span> <span class='ocrx_word' id='word_1_665' title='bbox 2552 3636 2841 3691; x_wconf 87' lang='lat' dir='ltr'><strong>manifeste</strong></span> <span class='ocrx_word' id='word_1_666' title='bbox 2890 3644 3063 3707; x_wconf 88' lang='lat' dir='ltr'><strong>patet,</strong></span> <span class='ocrx_word' id='word_1_667' title='bbox 3114 3634 3335 3690; x_wconf 88' lang='lat' dir='ltr'><strong>assidue</strong></span> <span class='ocrx_word' id='word_1_668' title='bbox 3393 3631 3667 3687; x_wconf 88' lang='lat' dir='ltr'><strong>mansisse</strong></span> <span class='ocrx_word' id='word_1_669' title='bbox 3720 3632 3776 3685; x_wconf 93' lang='lat' dir='ltr'><strong>in</strong></span> 
     </span>
    </p>
   </div>
   <div class='ocr_carea' id='block_1_93' title="bbox 2182 3726 3779 3803">
    <p class='ocr_par' dir='ltr' id='par_1_93' title="bbox 2182 3726 3779 3803">
     <span class='ocr_line' id='line_1_93' title="bbox 2182 3726 3779 3803; baseline -0.006 -15"><span class='ocrx_word' id='word_1_670' title='bbox 2182 3732 2517 3803; x_wconf 86' lang='lat' dir='ltr'><strong>Pispiritano</strong></span> <span class='ocrx_word' id='word_1_671' title='bbox 2545 3730 2815 3787; x_wconf 91' lang='lat' dir='ltr'><strong>coenobio</strong></span> <span class='ocrx_word' id='word_1_672' title='bbox 2846 3729 3165 3794; x_wconf 87' lang='lat' dir='ltr'><strong>Macarium,</strong></span> <span class='ocrx_word' id='word_1_673' title='bbox 3186 3729 3340 3783; x_wconf 87' lang='lat' dir='ltr'><strong>vices</strong></span> <span class='ocrx_word' id='word_1_674' title='bbox 3370 3726 3623 3789; x_wconf 87' lang='lat' dir='ltr'><strong>Antonii,</strong></span> <span class='ocrx_word' id='word_1_675' title='bbox 3643 3741 3779 3796; x_wconf 83' lang='lat' dir='ltr'><strong>quo-</strong></span> 
     </span>
    </p>
   </div>
   <div class='ocr_carea' id='block_1_94' title="bbox 2182 3819 3777 3895">
    <p class='ocr_par' dir='ltr' id='par_1_94' title="bbox 2182 3819 3777 3895">
     <span class='ocr_line' id='line_1_94' title="bbox 2182 3819 3777 3895; baseline -0.001 -18"><span class='ocrx_word' id='word_1_676' title='bbox 2182 3823 2253 3877; x_wconf 91' lang='lat' dir='ltr'><strong>ad</strong></span> <span class='ocrx_word' id='word_1_677' title='bbox 2284 3822 2331 3878; x_wconf 90' lang='lat' dir='ltr'><strong>is</strong></span> <span class='ocrx_word' id='word_1_678' title='bbox 2376 3822 2533 3890; x_wconf 84' lang='lat' dir='ltr'><strong>vixit,</strong></span> <span class='ocrx_word' id='word_1_679' title='bbox 2568 3832 2850 3895; x_wconf 89' lang='lat' dir='ltr'><strong>gerentem</strong></span> <span class='ocrx_word' id='word_1_680' title='bbox 2891 3831 2949 3877; x_wconf 92' lang='lat' dir='ltr'><strong>et</strong></span> <span class='ocrx_word' id='word_1_681' title='bbox 2997 3821 3255 3877; x_wconf 90' lang='lat' dir='ltr'><strong>videlicet</strong></span> <span class='ocrx_word' id='word_1_682' title='bbox 3294 3819 3650 3891; x_wconf 89' lang='lat' dir='ltr'><strong>quotidianas</strong></span> <span class='ocrx_word' id='word_1_683' title='bbox 3683 3828 3777 3875; x_wconf 90' lang='lat' dir='ltr'><strong>aut</strong></span> 
     </span>
    </p>
   </div>
   <div class='ocr_carea' id='block_1_95' title="bbox 2183 3910 3776 3986">
    <p class='ocr_par' dir='ltr' id='par_1_95' title="bbox 2183 3910 3776 3986">
     <span class='ocr_line' id='line_1_95' title="bbox 2183 3910 3776 3986; baseline -0.004 -17"><span class='ocrx_word' id='word_1_684' title='bbox 2183 3912 2502 3986; x_wconf 85' lang='lat' dir='ltr'><strong>frequentes</strong></span> <span class='ocrx_word' id='word_1_685' title='bbox 2564 3914 2887 3970; x_wconf 83' lang='lat' dir='ltr'><strong>erudiendis</strong></span> <span class='ocrx_word' id='word_1_686' title='bbox 2938 3922 3096 3985; x_wconf 90' lang='lat' dir='ltr'><strong>aptas</strong></span> <span class='ocrx_word' id='word_1_687' title='bbox 3150 3912 3439 3967; x_wconf 91' lang='lat' dir='ltr'><strong>monachis</strong></span> <span class='ocrx_word' id='word_1_688' title='bbox 3508 3910 3776 3964; x_wconf 84' lang='lat' dir='ltr'><strong>Homilias</strong></span> 
     </span>
    </p>
   </div>
   <div class='ocr_carea' id='block_1_96' title="bbox 2185 4005 3779 4078">
    <p class='ocr_par' dir='ltr' id='par_1_96' title="bbox 2185 4005 3779 4078">
     <span class='ocr_line' id='line_1_96' title="bbox 2185 4005 3779 4078; baseline -0.003 -16"><span class='ocrx_word' id='word_1_689' title='bbox 2185 4008 2502 4073; x_wconf 89' lang='lat' dir='ltr'><strong>habentem,</strong></span> <span class='ocrx_word' id='word_1_690' title='bbox 2527 4022 2763 4078; x_wconf 88' lang='lat' dir='ltr'><strong>quarum</strong></span> <span class='ocrx_word' id='word_1_691' title='bbox 2790 4005 2906 4076; x_wconf 88' lang='lat' dir='ltr'><strong>ipse</strong></span> <span class='ocrx_word' id='word_1_692' title='bbox 2930 4021 3042 4060; x_wconf 90' lang='lat' dir='ltr'><strong>non</strong></span> <span class='ocrx_word' id='word_1_693' title='bbox 3062 4014 3172 4061; x_wconf 89' lang='lat' dir='ltr'><strong>tam</strong></span> <span class='ocrx_word' id='word_1_694' title='bbox 3197 4014 3389 4059; x_wconf 90' lang='lat' dir='ltr'><strong>auctor</strong></span> <span class='ocrx_word' id='word_1_695' title='bbox 3409 4020 3578 4075; x_wconf 89' lang='lat' dir='ltr'><strong>quam</strong></span> <span class='ocrx_word' id='word_1_696' title='bbox 3608 4005 3779 4058; x_wconf 83' lang='lat' dir='ltr'><strong>inter-</strong></span> 
     </span>
    </p>
   </div>
   <div class='ocr_carea' id='block_1_97' title="bbox 2183 4093 3775 4169">
    <p class='ocr_par' dir='ltr' id='par_1_97' title="bbox 2183 4093 3775 4169">
     <span class='ocr_line' id='line_1_97' title="bbox 2183 4093 3775 4169; baseline -0.004 -16"><span class='ocrx_word' id='word_1_697' title='bbox 2183 4114 2312 4169; x_wconf 89' lang='lat' dir='ltr'><strong>pres</strong></span> <span class='ocrx_word' id='word_1_698' title='bbox 2342 4106 2508 4153; x_wconf 84' lang='lat' dir='ltr'><strong>esset.</strong></span> <span class='ocrx_word' id='word_1_699' title='bbox 2560 4097 2762 4152; x_wconf 89' lang='lat' dir='ltr'><strong>Audita</strong></span> <span class='ocrx_word' id='word_1_700' title='bbox 2811 4097 2961 4151; x_wconf 90' lang='lat' dir='ltr'><strong>enim</strong></span> <span class='ocrx_word' id='word_1_701' title='bbox 3020 4095 3091 4151; x_wconf 92' lang='lat' dir='ltr'><strong>ab</strong></span> <span class='ocrx_word' id='word_1_702' title='bbox 3131 4093 3371 4151; x_wconf 90' lang='lat' dir='ltr'><strong>Antonio</strong></span> <span class='ocrx_word' id='word_1_703' title='bbox 3422 4095 3641 4165; x_wconf 74' lang='lat' dir='ltr'><strong>comice</strong></span> <span class='ocrx_word' id='word_1_704' title='bbox 3694 4093 3775 4147; x_wconf 78' lang='lat' dir='ltr'><strong>lo-</strong></span> 
     </span>
    </p>
   </div>
   <div class='ocr_carea' id='block_1_98' title="bbox 2185 4186 3775 4262">
    <p class='ocr_par' dir='ltr' id='par_1_98' title="bbox 2185 4186 3775 4262">
     <span class='ocr_line' id='line_1_98' title="bbox 2185 4186 3775 4262; baseline -0.003 -16"><span class='ocrx_word' id='word_1_705' title='bbox 2185 4200 2388 4262; x_wconf 90' lang='lat' dir='ltr'><strong>quente</strong></span> <span class='ocrx_word' id='word_1_706' title='bbox 2417 4190 2534 4261; x_wconf 90' lang='lat' dir='ltr'><strong>ipse</strong></span> <span class='ocrx_word' id='word_1_707' title='bbox 2560 4186 2753 4261; x_wconf 82' lang='lat' dir='ltr'><strong>graece</strong></span> <span class='ocrx_word' id='word_1_708' title='bbox 2783 4188 3096 4259; x_wconf 82' lang='lat' dir='ltr'><strong>perorabat.</strong></span> <span class='ocrx_word' id='word_1_709' title='bbox 3136 4187 3279 4243; x_wconf 89' lang='lat' dir='ltr'><strong>Audi</strong></span> <span class='ocrx_word' id='word_1_710' title='bbox 3323 4188 3471 4242; x_wconf 87' lang='lat' dir='ltr'><strong>enim</strong></span> <span class='ocrx_word' id='word_1_711' title='bbox 3521 4188 3775 4243; x_wconf 78' lang='lat' dir='ltr'><strong>Athana-</strong></span> 
     </span>
    </p>
   </div>
   <div class='ocr_carea' id='block_1_99' title="bbox 2185 4280 3772 4350">
    <p class='ocr_par' dir='ltr' id='par_1_99' title="bbox 2185 4280 3772 4350">
     <span class='ocr_line' id='line_1_99' title="bbox 2185 4280 3772 4350; baseline -0.001 -11"><span class='ocrx_word' id='word_1_712' title='bbox 2185 4286 2328 4340; x_wconf 90' lang='lat' dir='ltr'><strong>sium</strong></span> <span class='ocrx_word' id='word_1_713' title='bbox 2361 4285 2417 4339; x_wconf 90' lang='lat' dir='ltr'><strong>in</strong></span> <span class='ocrx_word' id='word_1_714' title='bbox 2444 4283 2567 4341; x_wconf 79' lang='lat' dir='ltr'><strong>Vita</strong></span> <span class='ocrx_word' id='word_1_715' title='bbox 2586 4282 2809 4338; x_wconf 89' lang='lat' dir='ltr'><strong>Antonii</strong></span> <span class='ocrx_word' id='word_1_716' title='bbox 2840 4282 2997 4337; x_wconf 91' lang='lat' dir='ltr'><strong>Tom.</strong></span> <span class='ocrx_word' id='word_1_717' title='bbox 3028 4282 3074 4336; x_wconf 94' lang='lat' dir='ltr'><strong>lI</strong></span> <span class='ocrx_word' id='word_1_718' title='bbox 3093 4280 3603 4337; x_wconf 89' lang='lat' dir='ltr'><strong>Athanasianorum</strong></span> <span class='ocrx_word' id='word_1_719' title='bbox 3623 4280 3772 4350; x_wconf 82' lang='lat' dir='ltr'><strong>Ope-</strong></span> 
     </span>
    </p>
   </div>
   <div class='ocr_carea' id='block_1_100' title="bbox 2185 4374 3772 4447">
    <p class='ocr_par' dir='ltr' id='par_1_100' title="bbox 2185 4374 3772 4447">
     <span class='ocr_line' id='line_1_100' title="bbox 2185 4374 3772 4447; baseline -0.003 -16"><span class='ocrx_word' id='word_1_720' title='bbox 2185 4393 2307 4432; x_wconf 88' lang='lat' dir='ltr'><strong>rum</strong></span> <span class='ocrx_word' id='word_1_721' title='bbox 2333 4377 2466 4432; x_wconf 89' lang='lat' dir='ltr'><strong>edit.</strong></span> <span class='ocrx_word' id='word_1_722' title='bbox 2491 4376 2666 4432; x_wconf 85' lang='lat' dir='ltr'><strong>Paris.</strong></span> <span class='ocrx_word' id='word_1_723' title='bbox 2699 4375 2830 4430; x_wconf 90' lang='lat' dir='ltr'><strong>anni</strong></span> <span class='ocrx_word' id='word_1_724' title='bbox 2859 4375 2994 4430; x_wconf 69' lang='lat'><strong>1627</strong></span> <span class='ocrx_word' id='word_1_725' title='bbox 3022 4392 3142 4447; x_wconf 90' lang='lat' dir='ltr'><strong>pag.</strong></span> <span class='ocrx_word' id='word_1_726' title='bbox 3170 4375 3293 4439; x_wconf 66' lang='grc'><strong>479,</strong></span> <span class='ocrx_word' id='word_1_727' title='bbox 3323 4374 3439 4437; x_wconf 90' lang='lat' dir='ltr'><strong>ubi,</strong></span> <span class='ocrx_word' id='word_1_728' title='bbox 3474 4383 3772 4444; x_wconf 85' lang='lat' dir='ltr'><strong>postquam</strong></span> 
     </span>
    </p>
   </div>
   <div class='ocr_carea' id='block_1_101' title="bbox 2185 4466 3775 4537">
    <p class='ocr_par' dir='ltr' id='par_1_101' title="bbox 2185 4466 3775 4537">
     <span class='ocr_line' id='line_1_101' title="bbox 2185 4466 3775 4537; baseline -0.004 -13"><span class='ocrx_word' id='word_1_729' title='bbox 2185 4469 2345 4534; x_wconf 89' lang='lat' dir='ltr'><strong>dixit,</strong></span> <span class='ocrx_word' id='word_1_730' title='bbox 2380 4467 2679 4524; x_wconf 88' lang='lat' dir='ltr'><strong>Antonium</strong></span> <span class='ocrx_word' id='word_1_731' title='bbox 2722 4466 3084 4523; x_wconf 84' lang='lat' dir='ltr'><strong>Alexandriae</strong></span> <span class='ocrx_word' id='word_1_732' title='bbox 3129 4476 3475 4537; x_wconf 87' lang='lat' dir='ltr'><strong>praesentem</strong></span> <span class='ocrx_word' id='word_1_733' title='bbox 3520 4476 3775 4535; x_wconf 83' lang='lat' dir='ltr'><strong>tempore</strong></span> 
     </span>
    </p>
   </div>
   <div class='ocr_carea' id='block_1_102' title="bbox 2183 4557 3773 4634">
    <p class='ocr_par' dir='ltr' id='par_1_102' title="bbox 2183 4557 3773 4634">
     <span class='ocr_line' id='line_1_102' title="bbox 2183 4557 3773 4634; baseline -0.003 -18"><span class='ocrx_word' id='word_1_734' title='bbox 2183 4560 2584 4634; x_wconf 90' lang='lat' dir='ltr'><strong>persecutionis</strong></span> <span class='ocrx_word' id='word_1_735' title='bbox 2610 4559 2888 4614; x_wconf 82' lang='lat' dir='ltr'><strong>Maximini</strong></span> <span class='ocrx_word' id='word_1_736' title='bbox 2920 4558 3182 4614; x_wconf 90' lang='lat' dir='ltr'><strong>obtulisse</strong></span> <span class='ocrx_word' id='word_1_737' title='bbox 3231 4573 3290 4613; x_wconf 89' lang='lat' dir='ltr'><strong>se</strong></span> <span class='ocrx_word' id='word_1_738' title='bbox 3330 4557 3397 4612; x_wconf 90' lang='lat' dir='ltr'><strong>ad</strong></span> <span class='ocrx_word' id='word_1_739' title='bbox 3444 4559 3773 4628; x_wconf 73' lang='lat' dir='ltr'><strong>martyrium</strong></span> 
     </span>
    </p>
   </div>
   <div class='ocr_carea' id='block_1_103' title="bbox 2181 4648 3772 4723">
    <p class='ocr_par' dir='ltr' id='par_1_103' title="bbox 2181 4648 3772 4723">
     <span class='ocr_line' id='line_1_103' title="bbox 2181 4648 3772 4723; baseline -0.003 -18"><span class='ocrx_word' id='word_1_740' title='bbox 2181 4650 2423 4723; x_wconf 87' lang='lat' dir='ltr'><strong>praesidi</strong></span> <span class='ocrx_word' id='word_1_741' title='bbox 2470 4650 2673 4720; x_wconf 91' lang='lat' dir='ltr'><strong>alioqui</strong></span> <span class='ocrx_word' id='word_1_742' title='bbox 2721 4650 2841 4706; x_wconf 89' lang='lat' dir='ltr'><strong>fero</strong></span> <span class='ocrx_word' id='word_1_743' title='bbox 2883 4660 2941 4705; x_wconf 89' lang='lat' dir='ltr'><strong>et</strong></span> <span class='ocrx_word' id='word_1_744' title='bbox 2989 4648 3358 4720; x_wconf 87' lang='lat' dir='ltr'><strong>sanguinario,</strong></span> <span class='ocrx_word' id='word_1_745' title='bbox 3415 4665 3520 4702; x_wconf 89' lang='lat' dir='ltr'><strong>nec</strong></span> <span class='ocrx_word' id='word_1_746' title='bbox 3564 4660 3772 4711; x_wconf 86' lang='lat' dir='ltr'><strong>tamen,</strong></span> 
     </span>
    </p>
   </div>
   <div class='ocr_carea' id='block_1_104' title="bbox 2182 4732 3774 4811">
    <p class='ocr_par' dir='ltr' id='par_1_104' title="bbox 2182 4732 3774 4811">
     <span class='ocr_line' id='line_1_104' title="bbox 2182 4732 3774 4811; baseline -0.003 -16"><span class='ocrx_word' id='word_1_747' title='bbox 2182 4732 2331 4811; x_wconf 85' lang='lat' dir='ltr'><strong>quod</strong></span> <span class='ocrx_word' id='word_1_748' title='bbox 2399 4740 2644 4809; x_wconf 87' lang='lat' dir='ltr'><strong>impense</strong></span> <span class='ocrx_word' id='word_1_749' title='bbox 2712 4740 2991 4810; x_wconf 90' lang='lat' dir='ltr'><strong>cupiebat,</strong></span> <span class='ocrx_word' id='word_1_750' title='bbox 3046 4737 3214 4793; x_wconf 89' lang='lat' dir='ltr'><strong>fuisse</strong></span> <span class='ocrx_word' id='word_1_751' title='bbox 3282 4739 3774 4808; x_wconf 83' lang='lat' dir='ltr'><strong>comprehensum,</strong></span> 
     </span>
    </p>
   </div>
   <div class='ocr_carea' id='block_1_105' title="bbox 2182 4829 3777 4903">
    <p class='ocr_par' dir='ltr' id='par_1_105' title="bbox 2182 4829 3777 4903">
     <span class='ocr_line' id='line_1_105' title="bbox 2182 4829 3777 4903; baseline -0.003 -16"><span class='ocrx_word' id='word_1_752' title='bbox 2182 4832 2466 4903; x_wconf 82' lang='lat' dir='ltr'><strong>adiungit:</strong></span> <span class='ocrx_word' id='word_1_753' title='bbox 2500 4832 2639 4887; x_wconf 88' lang='lat' dir='ltr'><strong>Erat</strong></span> <span class='ocrx_word' id='word_1_754' title='bbox 2673 4841 2850 4886; x_wconf 85' lang='lat' dir='ltr'><strong>autem</strong></span> <span class='ocrx_word' id='word_1_755' title='bbox 2892 4830 3149 4885; x_wconf 88' lang='lat' dir='ltr'><strong>Dominus</strong></span> <span class='ocrx_word' id='word_1_756' title='bbox 3188 4829 3344 4883; x_wconf 88' lang='lat' dir='ltr'><strong>illum</strong></span> <span class='ocrx_word' id='word_1_757' title='bbox 3390 4847 3674 4883; x_wconf 78' lang='lat' dir='ltr'><strong>reservans</strong></span> <span class='ocrx_word' id='word_1_758' title='bbox 3722 4832 3777 4883; x_wconf 88' lang='lat' dir='ltr'><strong>in</strong></span> 
     </span>
    </p>
   </div>
   <div class='ocr_carea' id='block_1_106' title="bbox 2184 4921 3779 4990">
    <p class='ocr_par' dir='ltr' id='par_1_106' title="bbox 2184 4921 3779 4990">
     <span class='ocr_line' id='line_1_106' title="bbox 2184 4921 3779 4990; baseline -0.006 -10"><span class='ocrx_word' id='word_1_759' title='bbox 2184 4935 2417 4980; x_wconf 88' lang='lat' dir='ltr'><strong>nostram</strong></span> <span class='ocrx_word' id='word_1_760' title='bbox 2446 4934 2495 4978; x_wconf 85' lang='lat' dir='ltr'><strong>et</strong></span> <span class='ocrx_word' id='word_1_761' title='bbox 2519 4924 2751 4979; x_wconf 89' lang='lat' dir='ltr'><strong>aliorum</strong></span> <span class='ocrx_word' id='word_1_762' title='bbox 2794 4923 3101 4986; x_wconf 86' lang='lat' dir='ltr'><strong>utilitatem,</strong></span> <span class='ocrx_word' id='word_1_763' title='bbox 3145 4932 3203 4976; x_wconf 88' lang='lat' dir='ltr'><strong>ut</strong></span> <span class='ocrx_word' id='word_1_764' title='bbox 3257 4922 3312 4975; x_wconf 86' lang='lat' dir='ltr'><strong>in</strong></span> <span class='ocrx_word' id='word_1_765' title='bbox 3362 4921 3549 4983; x_wconf 88' lang='lat' dir='ltr'><strong>ascesi,</strong></span> <span class='ocrx_word' id='word_1_766' title='bbox 3606 4937 3779 4990; x_wconf 82' lang='lat' dir='ltr'><strong>quam</strong></span> 
     </span>
    </p>
   </div>
   <div class='ocr_carea' id='block_1_107' title="bbox 2184 5008 3778 5088">
    <p class='ocr_par' dir='ltr' id='par_1_107' title="bbox 2184 5008 3778 5088">
     <span class='ocr_line' id='line_1_107' title="bbox 2184 5008 3778 5088; baseline -0.006 -17"><span class='ocrx_word' id='word_1_767' title='bbox 2184 5034 2211 5071; x_wconf 87' lang='lat' dir='ltr'><strong>e</strong></span> <span class='ocrx_word' id='word_1_768' title='bbox 2246 5017 2535 5088; x_wconf 86' lang='lat' dir='ltr'><strong>Scripturis</strong></span> <span class='ocrx_word' id='word_1_769' title='bbox 2591 5018 2701 5087; x_wconf 88' lang='lat' dir='ltr'><strong>ipse</strong></span> <span class='ocrx_word' id='word_1_770' title='bbox 2762 5016 3039 5081; x_wconf 87' lang='lat' dir='ltr'><strong>didicerat,</strong></span> <span class='ocrx_word' id='word_1_771' title='bbox 3076 5014 3256 5068; x_wconf 83' lang='lat' dir='ltr'><strong>multis</strong></span> <span class='ocrx_word' id='word_1_772' title='bbox 3300 5008 3555 5083; x_wconf 77' lang='lat' dir='ltr'><strong>magister</strong></span> <span class='ocrx_word' id='word_1_773' title='bbox 3593 5012 3778 5080; x_wconf 80' lang='lat' dir='ltr'><strong>ﬁeret.</strong></span> 
     </span>
    </p>
   </div>
   <div class='ocr_carea' id='block_1_108' title="bbox 2184 5104 3779 5181">
    <p class='ocr_par' dir='ltr' id='par_1_108' title="bbox 2184 5104 3779 5181">
     <span class='ocr_line' id='line_1_108' title="bbox 2184 5104 3779 5181; baseline -0.005 -16"><span class='ocrx_word' id='word_1_774' title='bbox 2184 5110 2553 5181; x_wconf 85' lang='lat' dir='ltr'><strong>Magistcrium</strong></span> <span class='ocrx_word' id='word_1_775' title='bbox 2587 5119 2771 5163; x_wconf 90' lang='lat' dir='ltr'><strong>autem</strong></span> <span class='ocrx_word' id='word_1_776' title='bbox 2810 5107 2954 5163; x_wconf 90' lang='lat' dir='ltr'><strong>istud</strong></span> <span class='ocrx_word' id='word_1_777' title='bbox 2991 5106 3262 5163; x_wconf 86' lang='lat' dir='ltr'><strong>Antonius</strong></span> <span class='ocrx_word' id='word_1_778' title='bbox 3297 5106 3546 5160; x_wconf 85' lang='lat' dir='ltr'><strong>exercuit</strong></span> <span class='ocrx_word' id='word_1_779' title='bbox 3585 5104 3779 5173; x_wconf 79' lang='lat' dir='ltr'><strong>capti—</strong></span> 
     </span>
    </p>
   </div>
   <div class='ocr_carea' id='block_1_109' title="bbox 2185 5195 3779 5271">
    <p class='ocr_par' dir='ltr' id='par_1_109' title="bbox 2185 5195 3779 5271">
     <span class='ocr_line' id='line_1_109' title="bbox 2185 5195 3779 5271; baseline -0.005 -16"><span class='ocrx_word' id='word_1_780' title='bbox 2185 5216 2268 5265; x_wconf 90' lang='lat' dir='ltr'><strong>ca,</strong></span> <span class='ocrx_word' id='word_1_781' title='bbox 2311 5216 2474 5271; x_wconf 87' lang='lat' dir='ltr'><strong>quam</strong></span> <span class='ocrx_word' id='word_1_782' title='bbox 2520 5201 2712 5264; x_wconf 89' lang='lat' dir='ltr'><strong>solam,</strong></span> <span class='ocrx_word' id='word_1_783' title='bbox 2758 5208 2820 5253; x_wconf 91' lang='lat' dir='ltr'><strong>ut</strong></span> <span class='ocrx_word' id='word_1_784' title='bbox 2859 5199 2992 5264; x_wconf 90' lang='lat' dir='ltr'><strong>dixi,</strong></span> <span class='ocrx_word' id='word_1_785' title='bbox 3022 5200 3274 5263; x_wconf 86' lang='lat' dir='ltr'><strong>callebat,</strong></span> <span class='ocrx_word' id='word_1_786' title='bbox 3306 5198 3514 5268; x_wconf 90' lang='lat' dir='ltr'><strong>lingua.</strong></span> <span class='ocrx_word' id='word_1_787' title='bbox 3550 5195 3635 5249; x_wconf 87' lang='lat' dir='ltr'><strong>Ex</strong></span> <span class='ocrx_word' id='word_1_788' title='bbox 3667 5211 3779 5265; x_wconf 87' lang='lat' dir='ltr'><strong>qua</strong></span> 
     </span>
    </p>
   </div>
   <div class='ocr_carea' id='block_1_110' title="bbox 2187 5289 3783 5364">
    <p class='ocr_par' dir='ltr' id='par_1_110' title="bbox 2187 5289 3783 5364">
     <span class='ocr_line' id='line_1_110' title="bbox 2187 5289 3783 5364; baseline -0.005 -16"><span class='ocrx_word' id='word_1_789' title='bbox 2187 5293 2243 5348; x_wconf 92' lang='lat' dir='ltr'><strong>S.</strong></span> <span class='ocrx_word' id='word_1_790' title='bbox 2278 5293 2610 5348; x_wconf 89' lang='lat' dir='ltr'><strong>Athanasius</strong></span> <span class='ocrx_word' id='word_1_791' title='bbox 2635 5309 2825 5364; x_wconf 87' lang='lat' dir='ltr'><strong>graece</strong></span> <span class='ocrx_word' id='word_1_792' title='bbox 2848 5292 3028 5348; x_wconf 90' lang='lat' dir='ltr'><strong>reddit</strong></span> <span class='ocrx_word' id='word_1_793' title='bbox 3056 5292 3197 5346; x_wconf 90' lang='lat' dir='ltr'><strong>bene</strong></span> <span class='ocrx_word' id='word_1_794' title='bbox 3251 5291 3441 5360; x_wconf 86' lang='lat' dir='ltr'><strong>longas</strong></span> <span class='ocrx_word' id='word_1_795' title='bbox 3482 5289 3605 5343; x_wconf 87' lang='lat' dir='ltr'><strong>eius</strong></span> <span class='ocrx_word' id='word_1_796' title='bbox 3652 5304 3783 5341; x_wconf 84' lang='lat' dir='ltr'><strong>ora-</strong></span> 
     </span>
    </p>
   </div>
   <div class='ocr_carea' id='block_1_111' title="bbox 2186 5382 3780 5456">
    <p class='ocr_par' dir='ltr' id='par_1_111' title="bbox 2186 5382 3780 5456">
     <span class='ocr_line' id='line_1_111' title="bbox 2186 5382 3780 5456; baseline -0.006 -17"><span class='ocrx_word' id='word_1_797' title='bbox 2186 5385 2365 5441; x_wconf 74' lang='lat' dir='ltr'><strong>tiones</strong></span> <span class='ocrx_word' id='word_1_798' title='bbox 2405 5385 2562 5450; x_wconf 91' lang='lat' dir='ltr'><strong>duas,</strong></span> <span class='ocrx_word' id='word_1_799' title='bbox 2591 5386 2833 5456; x_wconf 88' lang='lat' dir='ltr'><strong>priorem</strong></span> <span class='ocrx_word' id='word_1_800' title='bbox 2860 5400 2889 5437; x_wconf 93' lang='lat' dir='ltr'><strong>a</strong></span> <span class='ocrx_word' id='word_1_801' title='bbox 2911 5400 3031 5455; x_wconf 87' lang='lat' dir='ltr'><strong>pag.</strong></span> <span class='ocrx_word' id='word_1_802' title='bbox 3058 5383 3153 5438; x_wconf 71' lang='grc'><strong>461</strong></span> <span class='ocrx_word' id='word_1_803' title='bbox 3186 5383 3255 5437; x_wconf 90' lang='lat' dir='ltr'><strong>ad</strong></span> <span class='ocrx_word' id='word_1_804' title='bbox 3288 5382 3412 5445; x_wconf 69' lang='grc'>477,</span> <span class='ocrx_word' id='word_1_805' title='bbox 3446 5382 3687 5434; x_wconf 87' lang='lat' dir='ltr'><strong>alteram</strong></span> <span class='ocrx_word' id='word_1_806' title='bbox 3750 5392 3780 5429; x_wconf 85' lang='lat' dir='ltr'><strong>a</strong></span> 
     </span>
    </p>
   </div>
   <div class='ocr_carea' id='block_1_112' title="bbox 2187 5471 3783 5546">
    <p class='ocr_par' dir='ltr' id='par_1_112' title="bbox 2187 5471 3783 5546">
     <span class='ocr_line' id='line_1_112' title="bbox 2187 5471 3783 5546; baseline -0.004 -17"><span class='ocrx_word' id='word_1_807' title='bbox 2187 5491 2309 5546; x_wconf 88' lang='lat' dir='ltr'><strong>pag.</strong></span> <span class='ocrx_word' id='word_1_808' title='bbox 2341 5476 2444 5529; x_wconf 65' lang='lat'><strong>492</strong></span> <span class='ocrx_word' id='word_1_809' title='bbox 2466 5477 2533 5531; x_wconf 90' lang='lat' dir='ltr'><strong>ad</strong></span> <span class='ocrx_word' id='word_1_810' title='bbox 2564 5478 2685 5541; x_wconf 67' lang='grc'>497,</span> <span class='ocrx_word' id='word_1_811' title='bbox 2715 5492 2877 5545; x_wconf 89' lang='lat' dir='ltr'><strong>saepe</strong></span> <span class='ocrx_word' id='word_1_812' title='bbox 2904 5475 3069 5531; x_wconf 90' lang='lat' dir='ltr'><strong>etiam</strong></span> <span class='ocrx_word' id='word_1_813' title='bbox 3096 5473 3229 5529; x_wconf 88' lang='lat' dir='ltr'><strong>alias</strong></span> <span class='ocrx_word' id='word_1_814' title='bbox 3250 5473 3494 5529; x_wconf 89' lang='lat' dir='ltr'><strong>eruditas</strong></span> <span class='ocrx_word' id='word_1_815' title='bbox 3530 5471 3665 5525; x_wconf 83' lang='lat' dir='ltr'><strong>eius</strong></span> <span class='ocrx_word' id='word_1_816' title='bbox 3711 5483 3783 5523; x_wconf 89' lang='lat' dir='ltr'><strong>eo</strong></span> 
     </span>
    </p>
   </div>
   <div class='ocr_carea' id='block_1_113' title="bbox 2185 5554 3781 5638">
    <p class='ocr_par' dir='ltr' id='par_1_113' title="bbox 2185 5554 3781 5638">
     <span class='ocr_line' id='line_1_113' title="bbox 2185 5554 3781 5638; baseline -0.001 -19"><span class='ocrx_word' id='word_1_817' title='bbox 2185 5566 2254 5619; x_wconf 74' lang='lat' dir='ltr'><strong>de</strong></span> <span class='ocrx_word' id='word_1_818' title='bbox 2279 5582 2479 5637; x_wconf 90' lang='lat' dir='ltr'><strong>genere</strong></span> <span class='ocrx_word' id='word_1_819' title='bbox 2502 5566 2821 5631; x_wconf 88' lang='lat' dir='ltr'><strong>sententias,</strong></span> <span class='ocrx_word' id='word_1_820' title='bbox 2844 5581 3104 5638; x_wconf 83' lang='lat' dir='ltr'><strong>reSponsa</strong></span> <span class='ocrx_word' id='word_1_821' title='bbox 3133 5575 3185 5621; x_wconf 91' lang='lat' dir='ltr'><strong>et</strong></span> <span class='ocrx_word' id='word_1_822' title='bbox 3228 5574 3514 5636; x_wconf 88' lang='lat' dir='ltr'><strong>praecepta</strong></span> <span class='ocrx_word' id='word_1_823' title='bbox 3550 5554 3781 5617; x_wconf 81' lang='lat' dir='ltr'><strong>memo-</strong></span> 
     </span>
    </p>
   </div>
   <div class='ocr_carea' id='block_1_114' title="bbox 2185 5656 3783 5730">
    <p class='ocr_par' dir='ltr' id='par_1_114' title="bbox 2185 5656 3783 5730">
     <span class='ocr_line' id='line_1_114' title="bbox 2185 5656 3783 5730; baseline 0.001 -19"><span class='ocrx_word' id='word_1_824' title='bbox 2185 5673 2336 5724; x_wconf 89' lang='lat' dir='ltr'><strong>rans,</strong></span> <span class='ocrx_word' id='word_1_825' title='bbox 2361 5674 2596 5728; x_wconf 81' lang='lat' dir='ltr'><strong>quorum</strong></span> <span class='ocrx_word' id='word_1_826' title='bbox 2635 5658 2895 5730; x_wconf 86' lang='lat' dir='ltr'><strong>pleraque</strong></span> <span class='ocrx_word' id='word_1_827' title='bbox 2923 5658 3116 5715; x_wconf 88' lang='lat' dir='ltr'><strong>eadem</strong></span> <span class='ocrx_word' id='word_1_828' title='bbox 3146 5658 3200 5713; x_wconf 91' lang='lat' dir='ltr'><strong>in</strong></span> <span class='ocrx_word' id='word_1_829' title='bbox 3248 5657 3466 5713; x_wconf 77' lang='lat' dir='ltr'><strong>Macarii</strong></span> <span class='ocrx_word' id='word_1_830' title='bbox 3512 5656 3783 5713; x_wconf 81' lang='lat' dir='ltr'><strong>Ilomiliis</strong></span> 
     </span>
    </p>
   </div>
   <div class='ocr_carea' id='block_1_115' title="bbox 2026 5775 2277 5833">
    <p class='ocr_par' dir='ltr' id='par_1_115' title="bbox 2026 5775 2277 5833">
     <span class='ocr_line' id='line_1_115' title="bbox 2026 5775 2277 5833; baseline 0.012 -3"><span class='ocrx_word' id='word_1_831' title='bbox 2026 5775 2277 5833; x_wconf 77' lang='lat' dir='ltr'><strong>NOTAE.</strong></span> 
     </span>
    </p>
   </div>
   <div class='ocr_carea' id='block_1_116' title="bbox 578 5846 1019 5918">
    <p class='ocr_par' dir='ltr' id='par_1_116' title="bbox 578 5846 1019 5918">
     <span class='ocr_line' id='line_1_116' title="bbox 578 5846 1019 5918; baseline -0.002 -17"><span class='ocrx_word' id='word_1_832' title='bbox 578 5847 656 5918; x_wconf 73' lang='lat'><strong>(2)</strong></span> <span class='ocrx_word' id='word_1_833' title='bbox 693 5846 782 5901; x_wconf 90' lang='lat' dir='ltr'><strong>Sic</strong></span> <span class='ocrx_word' id='word_1_834' title='bbox 812 5848 824 5900; x_wconf 90' lang='lat'><strong>!</strong></span> <span class='ocrx_word' id='word_1_835' title='bbox 868 5847 1019 5902; x_wconf 81' lang='grc' dir='ltr'><strong>Ευιτ.</strong></span> 
     </span>
    </p>
   </div>
  </div>
