3950 6546
188 390 280 446 357

1131 342 1222 435 An
1257 379 1616 438 OPUSCULA
1652 375 1713 438 s.
1751 376 2032 439 manu
2070 381 2420 442 suumn.

3287 378 3396 436 338

188 502 424 569 librisque
448 490 606 550 hodie
629 502 912 563 apparent,
943 493 1090 549 haud
1143 494 1313 551 dubio
1359 495 1568 551 indicio
1601 496 1719 550 ori—
1743 499 1791 558 Α
1818 497 1969 566 prior
1994 506 2213 567 praeter
2237 504 2454 551 caetera
2469 508 2687 549 errores
2715 491 3161 548 damnatissimos
3179 493 3394 548 Monta-

182 592 305 668 ginis
326 586 443 643 inde
463 584 707 637 haustae.
734 582 803 636 Et
839 583 963 637 illae
1018 583 1185 653 igitur
1240 583 1506 640 Homiliae
1549 585 1718 640 Anto-

182 687 351 742 nianae
373 676 562 748 potius,
586 689 751 744 quam
783 675 1119 730 Macarianae
1150 685 1297 740 sunt,
1337 677 1539 747 quippe
1580 694 1716 747 qua—

180 791 283 833 rum
317 784 476 826 verus
508 776 697 822 auctor
742 767 1035 833 Antonius,
1085 783 1273 823 merus
1318 768 1490 824 ferme
1544 769 1717 824 inter-

176 880 284 937 pres
308 857 562 916 Macarius
584 854 769 920 fuerit,
810 871 1037 926 prorsus
1074 856 1218 911 idem
1257 873 1529 927 unusque,
1561 859 1719 913 cuius

174 968 349 1011 nomen
376 957 488 1003 tum
526 945 799 1011 Homiliis,
830 954 945 1000 tum
998 957 1207 1016 septem
1258 948 1422 1002 modo
1470 963 1569 1017 per
1616 963 1718 1002 nos

172 1045 313 1101 editis
347 1037 632 1110 Opusculis
668 1037 1010 1108 praeﬁgitur.
1050 1040 1268 1095 Etenim
1315 1040 1362 1095 si
1410 1056 1522 1095 non
1575 1041 1716 1097 alius

172 1152 196 1189 a
245 1132 411 1202 prisco
454 1127 707 1192 Macario,
767 1138 932 1198 prout
960 1130 1319 1197 ostendimus,
1367 1132 1715 1201 quaerendus

169 1232 335 1280 auctor
364 1228 445 1274 est
478 1218 837 1273 Ilomiliarum
869 1221 1265 1293 quinquaginta
1295 1238 1327 1277 a
1361 1222 1490 1277 Pico
1532 1223 1712 1279 edita-

168 1330 290 1378 rum,
322 1318 567 1381 repertus
608 1312 773 1368 nobis
802 1329 972 1383 opera
996 1314 1188 1369 eadem
1215 1315 1386 1371 fuerit
1408 1331 1576 1371 verus
1610 1332 1710 1371 au-

163 1414 265 1461 ctor
290 1412 492 1471 septem
523 1417 665 1470 quae
695 1419 844 1460 nunc
872 1404 1066 1460 damus
1087 1404 1506 1476 Opusculorum.
1538 1406 1713 1462 Tanta

164 1497 345 1567 quippe
395 1493 731 1563 germanitas
786 1497 1155 1565 comparando
1202 1497 1517 1568 agnoscitur
1571 1498 1712 1552 scri-

161 1587 382 1658 ptionum
414 1582 722 1650 ambarum,
765 1594 826 1640 ut
857 1585 1100 1640 dubitari
1128 1585 1243 1641 fere
1280 1595 1540 1656 nequeat,
1575 1586 1712 1657 quin

161 1679 312 1734 Patris
339 1676 502 1731 unius
529 1676 643 1732 duo
671 1677 852 1734 foetus
890 1679 1021 1734 sint.
1072 1678 1243 1735 Sensa
1292 1680 1529 1735 invicem
1575 1695 1711 1735 con-

157 1769 398 1842 gruentia,
422 1770 797 1838 expressionis
840 1787 985 1826 unus
1021 1772 1237 1843 genius,
1286 1772 1616 1828 elocutionis
1653 1781 1711 1827 et

1823 587 2092 642 nistarum
2131 629 2147 654 ,
2205 588 2343 643 alter
2419 584 2916 654 Semipelagianum
2988 583 3395 637 odiosissimum

1820 678 2035 747 dogma,
2094 678 2224 749 quia
2255 678 2347 732 illa
2396 685 2632 746 uterque
2670 676 2803 730 vitia
2843 674 3056 745 magnis
3099 674 3397 729 virtutibus

1820 774 2122 841 redimunt,
2152 774 2289 829 adeo
2330 788 2441 828 non
2472 772 2881 828 interdicuntur
2906 787 3010 826 usu
3041 785 3105 825 ac
3147 769 3291 834 luce,
3335 778 3396 823 ut

1817 879 2010 919 eorum
2043 866 2210 920 etiam
2255 862 2554 919 suadeatur
2613 865 2778 919 lectio
2825 861 3391 919 et'commendetur:

1816 956 1942 1027 quis
1976 965 2084 1011 tam
2142 957 2365 1027 iniquus
2425 972 2617 1012 arcere
2639 965 2869 1011 cunctos
2909 955 3033 1010 visu
3061 964 3115 1010 et
3135 963 3393 1041 contactu

1815 1049 2257 1104 lucubrationum
2288 1049 2465 1120 Magni
2494 1048 2717 1103 Macarii
2749 1056 2980 1103 conetur
3011 1056 3237 1118 propter
3280 1056 3393 1102 tres

1815 1150 2159 1211 quatuorque
2202 1154 2395 1194 versus
2447 1138 2697 1192 labecula
2727 1137 2863 1190 nulli
2898 1136 3061 1191 hodie
3090 1135 3252 1189 noxia
3301 1151 3390 1190 re-

1813 1246 2004 1301 persos
2029 1231 2083 1283 in
2105 1230 2263 1284 libris
2300 1238 2510 1299 septem
2546 1243 2700 1290 sana,
2731 1226 3188 1296 inculpatissima,
3242 1226 3391 1281 salu-

1812 1321 2053 1377 berrima
2086 1320 2401 1377 eruditione
2434 1317 2918 1374 redundantibus?

1883 1413 2099 1469 Licebit
2157 1412 2327 1483 igitur
2354 1426 2455 1481 per
2500 1424 2695 1464 omnes
2744 1422 2954 1476 aequos
2982 1414 3041 1461 et
3092 1406 3393 1477 prudentes

1810 1505 1974 1561 nobis
2021 1504 2080 1559 in
2114 1504 2220 1558 hoc
2246 1516 2469 1573 quoque
2521 1501 2684 1555 horto
2736 1514 2990 1554 rosarum
3034 1498 3205 1552 odore
3244 1497 3388 1561 frui,

1808 1595 2002 1660 vitato,
2028 1592 2176 1664 quod
2201 1592 2457 1647 facillime
2481 1604 2795 1661 possumus,
2835 1588 3027 1658 spinae
3056 1586 3223 1641 unius
3256 1602 3389 1641 acu-

1806 1686 1934 1753 leo;
1992 1685 2049 1741 in
2088 1683 2194 1739 hoc
2236 1698 2431 1753 campo
2468 1689 2677 1736 metere
2729 1688 2939 1751 purum
2961 1678 3298 1734 frumentum
3332 1678 3389 1733 in

1810 1792 2104 1843 annonam,
2129 1776 2378 1847 neglecto
2406 1775 2723 1844 reiectoque
2756 1773 2925 1828 unius
2968 1772 3085 1827 illic
3114 1771 3256 1826 forte
3288 1771 3389 1826 ad-

156 1860 261 1932 styli
299 1860 484 1925 saliva,
512 1869 827 1918 structurae
875 1872 1041 1935 atque
1094 1864 1307 1920 ordinis
1357 1864 1533 1919 forma
1582 1880 1703 1935 par,
1734 1844 1783 1905 3
1808 1870 1923 1926 nati
1948 1868 2171 1925 surculo
2203 1844 2481 1921 lolii.Non
2504 1865 2745 1936 vulgaris
2794 1879 2920 1934 spes
2947 1863 3013 1918 ad
3047 1863 3153 1918 hoc
3190 1878 3389 1933 operae

153 1961 413 2008 contextus
460 1953 987 2025 compositionisque
1039 1954 1209 2010 totius
1238 1956 1388 2010 color
1419 1962 1476 2010 et
1512 1971 1709 2011 succus

155 2047 296 2109 idem,
326 2053 386 2100 ut
417 2045 554 2100 mihi
600 2047 823 2117 quidem
866 2062 977 2102 non
1026 2048 1143 2113 nix,
1182 2047 1330 2118 quod
1380 2047 1553 2111 aiunt,
1593 2047 1704 2102 nivi

150 2139 206 2194 ad
231 2148 526 2209 aspectum,
562 2155 675 2194 non
704 2126 788 2194 lac
839 2140 967 2195 lacti
1004 2150 1101 2195 aut
1130 2141 1237 2195 mel
1290 2140 1438 2195 melli
1494 2140 1563 2194 ad
1608 2156 1708 2211 gu-

150 2239 273 2284 stum
297 2228 547 2293 similior,
591 2244 754 2298 quam
805 2229 906 2284 ista
946 2228 1058 2284 duo
1103 2229 1171 2284 ad
1218 2228 1450 2299 legentis
1481 2243 1703 2282 sensum

149 2321 325 2390 scripta
356 2320 676 2375 videantur.
723 2320 951 2375 Accedit
1011 2320 1336 2391 suffragium
1395 2319 1704 2374 communis

146 2412 369 2482 utrisque
398 2412 585 2477 naevi,
620 2413 768 2482 quali
800 2412 1037 2467 maxime
1062 2412 1177 2482 rapi
1206 2411 1272 2466 ad
1294 2411 1701 2481 persuasionem

146 2505 317 2570 solent,
350 2504 463 2574 qui,
492 2506 805 2575 eXpositum
827 2521 1022 2562 recens
1049 2521 1080 2561 a
1108 2512 1268 2577 partu
1300 2513 1396 2558 aut
1434 2504 1542 2559 alio
1572 2519 1701 2558 casu

142 2597 298 2667 aliquo
328 2598 627 2669 abreptum
663 2614 695 2654 a
729 2599 963 2654 nutricis
1011 2598 1220 2669 gremio
1266 2597 1526 2652 infantem
1553 2607 1703 2667 post»

137 2704 275 2759 quam
307 2688 398 2743 diu
429 2690 752 2760 quaesiere,
789 2690 1046 2745 dubitant
1084 2706 1155 2745 an
1209 2706 1349 2761 puer
1390 2690 1499 2745 iam
1545 2690 1701 2745 adul-

137 2778 228 2833 tior
260 2794 354 2849 pro
400 2780 496 2835 tali
538 2789 794 2852 oggestus
825 2780 972 2836 idem
1000 2797 1130 2838 vere
1168 2783 1259 2837 sit.
1313 2783 1470 2841 Tunc
1526 2784 1697 2850 enim,

135 2868 216 2923 ubi
262 2871 538 2926 maculam
590 2883 686 2929 aut
731 2890 1019 2929 verrucam
1069 2875 1127 2929 in
1178 2875 1380 2941 ﬁliolo,
1435 2891 1562 2931 cum
1614 2890 1699 2934 est

132 2969 291 3027 natus,
316 2962 677 3018 observatam
729 2975 908 3020 mater
949 2974 1045 3020 aut
1093 2966 1361 3021 obstetrix
1403 2968 1459 3022 in
1514 2968 1698 3024 oblato

132 3066 322 3122 quoque
350 3070 596 3124 corpore
623 3064 903 3122 notarunt,
925 3058 1232 3114 exclamare
1260 3070 1693 3116 consueverunt:

1807 1961 1973 2032 pretii
2021 1968 2201 2016 vocat.
2250 1957 2453 2028 Utique
2496 1957 2591 2011 vix
2625 1956 2840 2026 uspiam
2889 1955 3020 2010 alibi
3072 1964 3390 2025 reperturos

1801 2054 2172 2117 enucleatius,
2204 2051 2492 2115 disertius,
2525 2048 2921 2119 intelligentius
2950 2047 3280 2102 declaratam
3298 2061 3387 2100 ra-

1806 2145 2012 2200 tionem
2040 2159 2261 2199 omnem
2286 2159 2351 2198 ac
2376 2141 2698 2197 methodum
2728 2140 2867 2194 artis
2919 2138 3127 2208 alioqui
3189 2153 3387 2193 recon-

1805 2237 1951 2292 ditae
1980 2251 2045 2291 ac
2073 2236 2387 2306 perplexae,
2418 2232 2696 2289 serviendi
2745 2230 2861 2286 Deo
2891 2230 2947 2285 in
2972 2230 3193 2300 spiritu,
3229 2244 3387 2283 men—

1805 2330 1986 2399 tisque
2013 2344 2077 2383 ac
2095 2328 2397 2383 voluntatis
2427 2327 2695 2396 cuiusque
2746 2332 3064 2381 nostrarum
3118 2324 3206 2377 via
3237 2332 3386 2377 recta

1802 2429 2062 2491 certaque
2088 2419 2591 2490 promovendarum
2614 2419 2682 2474 ad
2707 2427 2922 2488 gratum
2951 2415 3138 2472 divino
3162 2414 3384 2470 Numini

1801 2513 2125 2583 obsequium
2177 2512 2591 2583 praestandum,
2640 2527 2852 2581 uosque
2894 2525 2993 2580 per
3038 2508 3386 2563 heroicarum

1800 2607 2057 2662 exercitia
2119 2606 2387 2659 virtutum
2456 2603 2763 2660 elimandos
2825 2602 2893 2657 ad
2954 2600 3384 2672 perfectionem,

1800 2708 2005 2769 quanta
2032 2699 2243 2753 homini
2269 2705 2454 2770 potest
2489 2700 2547 2753 in
2592 2700 2698 2753 hac
2731 2699 2844 2757 vita
2876 2697 3222 2767 contingere,
3274 2695 3387 2749 sic-

1798 2806 1908 2862 que
1951 2789 2321 2860 disponendos
2371 2789 2438 2844 ad
2498 2789 2796 2844 ineundam
2856 2788 3043 2843 statim
3101 2786 3170 2840 ab
3230 2786 3385 2839 obitu

1797 2882 2205 2952 possessionem
2266 2881 2422 2953 regni
2478 2880 2838 2952 diligentibus
2885 2880 3059 2933 Deum
3106 2878 3385 2948 promissi.

1797 2972 2012 3029 Iuvabit
2034 2974 2200 3029 etiam
2228 2973 2284 3028 in
2318 2973 2557 3043 puritate
2595 2972 2850 3027 catholici
2883 2971 3155 3043 dogmatis
3198 2979 3254 3026 et
3290 2985 3384 3025 ca-

1796 3067 2006 3137 pitibus
2033 3065 2347 3137 praecipuis
2376 3065 2811 3120 orthodoxarum
2840 3064 3160 3128 veritatum,
3217 3062 3387 3118 hodie

129 3142 534 3245 Nihiiamplius
565 3148 962 3245 quaerendum,
998 3149 1091 3203 hic
1115 3164 1365 3245 prorsus,
1410 3150 1501 3207 hic
1544 3152 1695 3221 ipsus
1720 3181 1770 3245 ο
1794 3173 1925 3213 cum
1946 3159 2181 3213 maxime
2209 3158 2760 3241 adversushaereses
2782 3156 3159 3228 propugnatis,
3187 3155 3386 3210 miram

128 3245 216 3290 est.
252 3235 392 3291 idem
424 3254 543 3292 usu
572 3239 757 3295 veniat
800 3255 901 3310 par
931 3250 1017 3296 est
1059 3241 1221 3295 nobis
1251 3241 1546 3297 Macarium
1589 3244 1698 3298 Ho-
1723 3228 1770 3245 "
1797 3249 2076 3305 Ecclesiae
2095 3265 2236 3320 quae
2261 3264 2412 3305 nunc
2448 3228 2607 3314 vivit,
2640 3263 2766 3303 cum
2790 3264 2856 3302 ea
2896 3263 3037 3317 quae
3064 3246 3385 3317 Magnorum

129 3328 378 3383 miliarum
407 3330 750 3400 scriptorem
780 3331 837 3386 in
865 3338 1085 3403 ‘septem
1124 3333 1486 3389 asceticorum
1528 3334 1698 3389 libro-

127 3435 232 3474 rum
272 3429 495 3477 auctore
564 3423 977 3492 quaerentibus.
1041 3424 1369 3481 Deformitas
1426 3426 1694 3496 quaedam

125 3510 346 3567 cernitur
369 3512 426 3567 in
450 3512 775 3569 Macariana
799 3515 1034 3570 Humilia
1049 3516 1211 3601 tertia
1240 3516 1522 3573 doctrinae
1545 3534 1694 3577 nunc

129 3600 230 3657 falsi
260 3606 568 3672 convictae,
606 3606 738 3661 olim
754 3607 966 3679 magnis
998 3600 1254 3664 Patribus
1298 3609 1446 3666 visae
1496 3610 1693 3681 proba-

130 3692 257 3761 bilis,
286 3696 352 3753 de
373 3700 757 3770 eorporeitate
782 3700 1101 3770 angelorum
1120 3710 1179 3756 et
1205 3701 1532 3758 animarum.
1581 3704 1689 3759 Ea-

129 3785 236 3841 dem
261 3804 424 3858 porro
449 3806 582 3846 cum
611 3790 890 3862 Opusculo
926 3791 1092 3847 huius
1139 3792 1409 3847 Thesauri
1449 3794 1519 3849 Vl
1567 3811 1687 3865 cap.

127 3877 240 3933 item
267 3880 331 3936 Vl
362 3898 487 3954 pag.
524 3883 628 3937 121
671 3883 902 3954 legatur,
950 3893 1008 3939 et
1054 3883 1275 3954 quidem
1329 3884 1524 3940 iisdem
1575 3886 1691 3943 fere

125 3972 307 4039 verbis,
337 3976 538 4045 quidni
566 3991 670 4031 nos
700 3991 920 4047 quoque
952 3975 1060 4031 iam
1110 3977 1350 4032 convicti
1379 3979 1686 4034 fateamur:

126 4061 296 4122 Manus
327 4068 467 4126 haec
498 4068 730 4123 omnino
771 4084 992 4133 manus,
1056 4069 1166 4124 imo
1209 4079 1268 4126 et
1308 4087 1415 4126 vox
1469 4087 1689 4143 quoque

125 4152 465 4211 Homiliarum
499 4157 750 4212 auctoris
783 4157 1006 4212 Macarii
1042 4167 1146 4213 est.

181 4243 282 4305 νη.
306 4250 491 4305 Nolim
514 4259 700 4306 tamen
731 4251 836 4305 hac
867 4249 1138 4306 oll'ensum
1178 4251 1523 4309 confessione
1552 4255 1692 4311 labis

118 4340 359 4396 lectorem
393 4343 668 4397 continuo
700 4340 710 4413 ῖ
740 4342 1120 4413 praeiudicare
1154 4344 1279 4400 luce
1314 4345 1599 4416 indignum
1634 4357 1692 4403 et

120 4442 267 4496 opera
283 4430 523 4485 editoris
555 4445 622 4485 ea
641 4431 805 4486 sorde
837 4431 1185 4502 inquinatum
1210 4438 1686 4493 commentarium.

1795 3339 2021 3394 Antonii
2043 3347 2100 3394 et
2125 3339 2410 3395 Athanasii
2434 3354 2570 3395 aevo
2611 3337 2822 3404 ﬂoruit,
2877 3337 3298 3393 consensionem
3325 3337 3384 3391 in

1801 3429 1890 3485 his
1918 3430 2079 3485 libris
2109 3446 2428 3502 agnoscere.
2456 3429 2723 3484 Absoluta
2750 3429 2809 3483 in
2837 3429 3097 3483 omnibus
3138 3427 3384 3483 necessi-

1793 3529 1879 3577 tas
1918 3523 2124 3593 gratiae
2159 3522 2592 3592 supernaturalis
2645 3520 2714 3575 ad
2753 3520 2894 3575 bene
2935 3519 3271 3590 operandum
3325 3518 3382 3573 in

1793 3614 1989 3669 ordine
2031 3612 2100 3668 ad
2139 3614 2373 3669 salutem
2427 3620 2731 3677 aeternam,
2772 3628 2897 3667 cum
2935 3613 3142 3681 ubique
3180 3610 3383 3681 passim

1794 3705 2134 3771 insinuatur,
2188 3714 2303 3760 tum
2365 3704 2727 3760 disertissime
2784 3704 3055 3760 asseritur
3096 3718 3216 3771 cap.
3285 3700 3382 3756 XV

1791 3796 1995 3867 Opusc.
2019 3796 2235 3867 Vltpag.
2262 3796 2385 3861 154,
2412 3795 2509 3850 ubi
2534 3810 2647 3851 non
2676 3796 2853 3865 magis
2882 3808 3046 3863 posse
3092 3791 3236 3845 bene
3282 3805 3378 3844 co-

1791 3887 1953 3957 gitari
1986 3895 2081 3940 aut
2116 3886 2203 3956 agi
2231 3886 2349 3941 sine
2379 3886 2605 3954 speciali
2640 3892 2874 3939 naturae
2915 3880 3175 3936 meritum
3210 3893 3378 3933 exce-

1790 3976 1957 4033 dente
1982 3979 2078 4033 Dei
2096 3978 2372 4033 adiutorio
2400 3977 2627 4042 dicitur,
2651 3991 2815 4046 quam
2832 3972 3008 4028 videri
3038 3972 3158 4026 sine
3191 3970 3377 4034 oculo,

1790 4068 1902 4124 dici
1942 4069 2062 4124 sine
2115 4070 2322 4140 lingua,
2384 4069 2505 4123 sine
2554 4067 2792 4138 pedibus
2846 4063 3139 4120 ambulari.
3185 4061 3379 4131 Capite

1790 4174 1923 4214 vero
1942 4159 2065 4214 XIX
2091 4159 2294 4230 Opusc.
2325 4160 2419 4215 νη
2470 4175 2593 4231 pag.
2632 4158 2735 4213 165
2791 4154 3163 4228 pulcherrime
3226 4152 3378 4207 idem

1792 4250 2098 4305 adstruitur
2151 4251 2471 4306 inductione
2517 4249 2761 4321 generali
2812 4255 3121 4303 creatarum
3166 4259 3376 4309 rerum,

1790 4343 2073 4398 naturales
2109 4343 2275 4397 etiam
2328 4358 2455 4397 suas
2502 4341 2856 4411 operationes
2883 4337 3110 4407 exsequi
3140 4351 3251 4390 non
3275 4350 3375 4389 va-

1791 4435 2041 4500 lentium,
2069 4435 2175 4489 nisi
2192 4435 2261 4491 iis
2283 4434 2573 4490 subveniat
2590 4433 2800 4487 alienae
2821 4438 3051 4485 naturae
3077 4426 3368 4482 auxilium.

117 4518 273 4574 Nimis
300 4522 513 4577 multos
537 4529 649 4577 tam
679 4538 943 4593 praeceps
982 4525 1252 4579 sententia
1295 4527 1682 4597 proscriberet.
1716 4533 1765 4592 D
1788 4529 1937 4584 ldem
1988 4535 2148 4583 antea
2173 4527 2618 4582 demonstratum
2652 4525 2837 4579 fuerat
2867 4537 2989 4592 cap.
3046 4520 3116 4576 IV
3169 4519 3371 4590 Opusc.

118 4610 235 4666 Nam
272 4629 303 4670 e
344 4615 571 4686 graecis
613 4613 670 4668 8.
716 4613 1029 4669 Methodius
1064 4624 1294 4686 martyr,
1343 4615 1399 4671 S.
1454 4617 1686 4676 Basilius

117 4700 342 4772 Magnus,
404 4705 492 4759 uti
550 4713 609 4760 et
660 4704 829 4760 huius
877 4706 1120 4775 aequalis
1169 4715 1225 4761 et
1288 4708 1571 4765 familiaris
1625 4712 1682 4766 S.

116 4792 337 4863 Ephrem
376 4797 580 4869 Syrus,
613 4797 942 4853 Severianus
967 4798 1309 4865 Gabalensis,
1344 4800 1401 4856 S.
1450 4800 1686 4874 Cyrillus

113 4884 533 4953 Alexandrinus,
559 4888 870 4956 Caesarius,
910 4889 1232 4946 Anastasius
1255 4892 1463 4948 Sinaita
1488 4903 1544 4949 et
1569 4880 1683 4960 alii,

113 4991 139 5031 e
163 4978 339 5036 latinis
364 4997 508 5037 vero
536 4982 930 5047 Tertullianus,
964 4982 1021 5037 S.
1060 4983 1420 5058 Augusﬁius,
1456 4985 1513 5041 8.
1554 4987 1684 5041 Ful-

110 5072 332 5139 gentius,
370 5073 429 5129 8.
463 5072 667 5129 Petrus
704 5072 1095 5145 Chrysologus,
1123 5074 1422 5140 Arnobius,
1475 5076 1685 5132 Cassia-

111 5174 219 5225 nus,
269 5164 554 5220 Maximus
580 5165 955 5230 Taurinensis,
998 5164 1347 5233 Gennadius,
1382 5168 1682 5238 Rupertus,

109 5252 157 5306 S.
185 5255 529 5323 Bernardus,
563 5257 708 5312 hunc
740 5272 989 5312 errorem
1017 5258 1292 5329 hodieque
1319 5260 1434 5317 suis
1459 5270 1683 5318 exstan-

110 5345 243 5401 tibus
278 5349 675 5420 consignatum
707 5349 866 5405 libris
907 5350 1244 5420 praeferunt,
1266 5360 1433 5421 prout
1480 5354 1683 5425 allega-
1778 5362 1791 5409 ‘5

108 5435 239 5492 tione
260 5438 525 5495 locorum
558 5440 894 5497 demonstrat
921 5442 1212 5513 Dionysius
1239 5443 1496 5499 Petavius
1523 5445 1679 5501 Tom.

107 5523 168 5578 lll
204 5526 675 5599 Theologicorum
703 5522 1020 5600 dogmatum
1048 5530 1145 5585 lib.
1178 5529 1199 5585 Ι
1229 5531 1297 5587 de
1329 5533 1536 5604 angelis
1557 5550 1680 5605 cap.

108 5613 162 5670 ll.
210 5618 352 5685 Quid
392 5621 580 5690 quod,
613 5636 738 5678 cum
766 5638 834 5677 ex
876 5622 1041 5677 modo
1092 5623 1388 5679 nominatis
1431 5624 1679 5695 quidam,

106 5708 176 5760 uti
225 5710 616 5769 Tertullianus
655 5723 712 5770 et
740 5714 1053 5781 Cassianus,
1084 5715 1188 5770 alia
1227 5717 1535 5786 perniciosa
1580 5734 1682 5774 suo

104 5802 541 5862 superseminata
619 5804 802 5861 tritico
861 5805 1067 5862 zizania
1148 5805 1447 5875 habeant,
1484 5825 1680 5873 nempe

1791 4621 1857 4678 Vl
1887 4637 2008 4691 pag.
2045 4619 2168 4685 118,
2197 4636 2266 4675 eo
2316 4627 2506 4690 argute
2532 4618 2804 4689 applicata
2835 4613 3164 4683 Evangelica
3214 4627 3377 4681 para-

1791 4712 1917 4768 bola
1939 4713 2129 4767 decem
2162 4712 2460 4782 virginum,
2494 4724 2728 4779 quarum
2759 4721 2902 4777 quae
2923 4703 3225 4775 prudentes
3253 4717 3375 4756 me-

1791 4806 1901 4861 rito
1926 4805 2187 4859 dicuntur
2225 4803 2471 4873 quinque
2510 4819 2525 4855 :
2565 4801 2934 4871 Peregrinum,
2974 4796 3053 4850 ait
3097 4802 3307 4856 auctor,
3338 4811 3374 4847 α

1790 4914 1891 4951 sua
1915 4897 2159 4967 ipsarum
2184 4903 2384 4948 natura
2409 4892 2604 4956 oleum,
2637 4889 2774 4959 quod
2795 4897 2870 4942 est
2900 4887 3118 4957 spiritus
3142 4884 3371 4954 gratiae,

1789 4990 1845 5043 in
1866 4988 2004 5059 uasis
2027 4987 2196 5040 cordis
2224 4988 2803 5057 praesumpserant.....
2845 4977 3072 5048 quinque
3122 4990 3241 5027 vero
3285 4974 3371 5043 [αα

1791 5088 1915 5133 tuae
1964 5095 2027 5133 ea
2069 5078 2165 5131 sibi
2180 5074 2421 5146 sufﬁcere
2462 5074 2727 5136 ducentes,
2761 5084 2896 5139 quae
2923 5072 3123 5119 natura
3172 5064 3298 5133 ipsis
3331 5062 3345 5133 ι

1788 5170 2158 5243 suppeditabat
2205 5185 2337 5232 sua,
2406 5165 2613 5235 excludi
2660 5181 2694 5218 α
2750 5159 2986 5215 thalamo
3045 5162 3369 5221 meruerunt,

1789 5264 1845 5317 in
1876 5279 2027 5333 quem
2051 5261 2249 5332 priores
2287 5257 2724 5313 sunt-admissae.

1858 5354 1998 5409 VIII.
2028 5352 2125 5406 llis
2151 5350 2355 5420 Opponi
2387 5348 2529 5401 forte
2578 5348 2763 5415 posset
2793 5342 2951 5395 locus
2980 5356 3049 5396 ex
3074 5340 3183 5395 fine
3215 5337 3368 5408 capi-

1787 5445 1861 5500 tis
1884 5443 2059 5500 XXIX
2100 5441 2303 5511 Opusc.
2339 5438 2457 5494 Vlll
2486 5452 2609 5508 pag.
2657 5434 2783 5498 221,
2826 5433 2923 5487 ubi
2951 5432 3223 5487 Macarius
3268 5431 3367 5496 ait,

1789 5553 2008 5592 renuere
2032 5536 2293 5589 hominem
2320 5541 2369 5585 et
2429 5548 2534 5584 non
2564 5526 2915 5583 condelectari
2966 5524 3370 5596 cogitationibus

1789 5629 1965 5700 pravis
1996 5628 2107 5681 sine
2138 5624 2244 5679 Deo
2274 5624 2560 5678 adiuvante
2591 5635 2702 5674 esse
2721 5616 2985 5689 possibile.
3006 5615 3085 5670 Ac
3115 5614 3252 5669 nihil
3282 5614 3377 5670 hic

1788 5719 2069 5774 doctrinae
2096 5713 2434 5770 orthodoxae
2470 5711 2539 5766 de
2564 5707 2891 5764 necessitate
2949 5704 3139 5760 auxilii
3163 5704 3369 5791 gratiae

1789 5810 2021 5868 actualis
2054 5808 2121 5864 ad
2152 5822 2372 5864 omnem
2402 5813 2586 5861 actum
2632 5802 2839 5859 bonum
2884 5798 3185 5871 positivum
3231 5811 3367 5853 con-
