3950 6556
553 422 660 477 539

558 533 713 589 trarii
746 540 849 589 est.
879 532 1005 604 Agit
1029 531 1401 586 enim-auctor
1431 526 1499 583 de
1539 526 1792 581 dissensu
1826 535 1974 576 mere
2025 530 2126 570 ne-

556 627 760 696 gativo,
815 625 919 679 hoc
944 634 1029 678 est
1080 621 1436 692 suspensione
1474 630 1750 678 assensus,
1800 625 1963 681 quae,
2005 622 2132 662 cum

558 730 709 769 mera
743 714 959 783 negatio
992 721 1048 766 et
1073 726 1270 781 purum
1304 708 1441 762 nihil
1494 706 1587 769 sit,
1620 702 1826 758 auxilio
1858 716 1970 755 non
2009 702 2135 767 eget

557 806 665 859 nisi
724 804 933 875 pariter
978 801 1249 872 negativo.
1283 800 1469 853 Talem
1500 812 1620 851 esse
1645 793 1865 849 Macarii
1894 797 2135 845 mentem

534 911 731 965 .prope
778 895 1062 949 manifeste
1098 899 1247 962 patet
1304 905 1372 944 ex
1426 889 1515 943 his
1558 886 1681 941 eius
1715 884 1900 939 verbis
1940 882 2137 936 imme-

560 984 707 1038 diate
734 983 1191 1053 praecedentibus
1232 998 1245 1033 :
1272 982 1383 1034 sine
1409 978 1518 1032 Deo
1549 976 1834 1030 adiuvante
1863 980 1912 1027 et
1958 988 2050 1043 per
2083 987 2139 1025 se

557 1076 732 1147 ipsum
760 1074 981 1129 liberare
1006 1089 1061 1126 se
1084 1089 1420 1143 quemquam,
1457 1068 1628 1136 quoad
1676 1068 1838 1131 lucta,
1883 1081 2019 1136 quae
2040 1064 2140 1133 ipsi

561 1175 640 1222 est
674 1184 790 1220 cum
821 1165 1238 1236 cogitationibus,
1280 1163 1551 1233 expeditus
1586 1161 1764 1231 fuerit,
1792 1166 1868 1213 est
1892 1156 2138 1227 impossi-

562 1258 682 1312 bile.
716 1258 999 1327 Siquidem
1031 1255 1255 1309 liberare
1281 1271 1357 1319 se,
1386 1264 1436 1309 et
1461 1255 1601 1308 lucta
1632 1252 2007 1323 cogitationum
2042 1264 2135 1302 ea:-

563 1350 742 1420 pedire
786 1366 861 1414 se,
913 1358 1068 1403 actus
1115 1347 1354 1402 hominis
1403 1345 1666 1415 positivos
1737 1341 2015 1405 indicant,
2071 1340 2140 1394 ad

561 1438 755 1507 quales
800 1452 993 1492 omnes
1041 1451 1267 1506 prorsus
1322 1432 1825 1503 indispensabiliter
1888 1445 2141 1486 necessa-

565 1529 713 1582 rium
777 1528 871 1582 Dei
922 1544 1023 1598 per
1089 1526 1317 1598 gratiam
1373 1524 1586 1579 actuale
1648 1521 1980 1577 adiutorium
2022 1535 2143 1575 esse

566 1628 763 1675 auctor
811 1618 1171 1689 pronunciat;
1201 1616 1269 1671 de
1310 1614 1668 1686 suspensione
1718 1628 1852 1669 vero
1885 1626 2144 1667 assensus

566 1725 740 1775 mera,
798 1724 940 1778 quae
996 1724 1124 1762 vere
1174 1706 1409 1761 nihilum
1469 1704 1573 1769 sit,
1624 1703 1877 1759 concedit
1942 1702 2143 1757 actuali

566 1816 689 1856 eam
735 1801 936 1855 auxilio
988 1816 1098 1855 non
1165 1812 1347 1870 egere.
1377 1796 1522 1861 Scio,
1568 1795 1951 1866 aquibusdam
1979 1794 2143 1849 hodie

1648 403 1851 465 PETRI
1888 396 2147 457 POSSINI
2185 385 2695 449 PROLEGOMENA

2158 522 2203 577 Î‘
2228 524 2381 564 omne
2430 506 2648 559 liberum
2674 542 2690 567 ,
2765 515 2797 555 a
2862 493 3111 568 periculo
3181 488 3441 546 videlicet

3688 360 3774 418 340

2234 597 2399 669 Atqui
2457 595 2710 665 Magnum
2761 588 3061 645 Antonium
3116 583 3333 638 viderat
3379 578 3477 649 qui
3526 577 3631 631 hoc
3663 574 3781 628 scri-

2234 689 2335 752 bit,
2374 685 2566 740 intimo
2590 683 2641 737 ei
2675 679 2929 735 convictu
2961 676 3057 731 diu
3088 670 3397 728 familiaris.

2303 776 2629 834 Contrarius
2650 781 2735 828 est
2766 770 3027 840 scopulus
3053 780 3241 823 sanam
3269 761 3477 833 gratiae
3502 756 3783 815 doctrinam

2240 869 2592 926 tradentibus
2614 864 2891 928 vitandus,
2921 859 3207 931 oppressio
3233 855 3461 911 humani
3501 848 3706 906 arbitrii
3735 861 3788 900 ac

2234 960 2506 1023 vertibilis
2555 958 2612 1012 in
2650 955 2927 1011 contraria
2982 961 3041 1007 et
3091 945 3522 1004 contradictoria
3547 939 3788 996 inficiatio

2236 1050 2530 1107 libertatis.
2560 1048 2720 1103 Hunc
2741 1059 2961 1114 semper
2988 1037 3391 1097 studiosissime
3417 1033 3657 1089 declinat
3692 1030 3789 1083 Ma-

2238 1142 2421 1197 carius
2448 1140 2539 1195 hic
2564 1147 2774 1202 noster,
2812 1135 2956 1189 velis
2976 1146 3275 1200 numquam
3302 1143 3414 1183 non
3436 1124 3710 1193 remisque
3743 1120 3790 1174 in

2238 1232 2544 1302 oppositam
2594 1228 2918 1284 incumbens
2980 1222 3378 1295 professionem
3443 1213 3793 1272 vertibilitatis

2240 1323 2623 1379 indifferenter
2684 1319 2892 1373 liberae
2923 1316 3008 1371 sui
3044 1313 3314 1383 compotis
3351 1308 3685 1369 voluntatis,
3732 1307 3791 1360 ita

2240 1430 2456 1485 semper
2502 1423 2597 1468 aut
2651 1412 2858 1484 gratiae
2896 1408 3176 1480 praesenti
3243 1406 3310 1461 ad
3349 1406 3490 1460 bene
3520 1402 3793 1473 agendum,

2241 1511 2338 1560 aut
2385 1502 2673 1560 tentationi
2737 1516 2834 1555 seu
2894 1495 3373 1568 concupiscentiae
3420 1491 3699 1564 instiganti
3739 1488 3797 1543 ad

2243 1597 2385 1651 male
2416 1594 2753 1665 operandum
2787 1589 3205 1653 consentientis,
3254 1598 3318 1644 ut
3346 1586 3521 1658 possit
3550 1599 3652 1655 pro
3672 1581 3801 1636 arbi-

2244 1688 2352 1744 trio
2398 1687 2656 1742 resistere
2698 1684 2801 1739 :in
2836 1699 2946 1754 quo
2989 1683 3197 1737 fontem
3242 1678 3486 1734 residere
3537 1674 3718 1731 meriti
3756 1682 3803 1727 et

2243 1780 2506 1849 vituperii
2557 1793 2862 1848 verumque
2916 1776 3200 1831 cardinem
3274 1769 3480 1842 negotii
3550 1768 3803 1823 humanae

566 1891 908 1947 scholasticis
960 1891 1171 1962 negari,
1219 1906 1339 1945 esse
1402 1889 1694 1959 possibiles
1731 1903 1899 1957 puras
1954 1886 2145 1941 istius-

2255 1867 2649 1924 iustificationis
2681 1877 2777 1921 aut
2806 1861 3237 1935 depravationis,
3279 1869 3556 1931 quatenus
3589 1856 3691 1910 hae
3713 1854 3802 1908 im-

569 1981 720 2035 modi
759 1982 1102 2036 emissiones.
1154 1981 1236 2036 Ab
1264 1982 1386 2036 aliis
1436 1991 1619 2035 tamen
1668 1994 1765 2034 eae
1818 1991 1930 2034 non
1960 1976 2148 2047 paucis

571 2087 676 2127 nec
698 2088 892 2143 parum
946 2073 1253 2128 illustribus
1294 2071 1683 2147 admittuntur.
1721 2069 1967 2136 Quorum
2017 2084 2146 2121 sen-

571 2163 778 2218 tentiae
806 2162 1073 2218 Macarius
1102 2163 1206 2217 hoc
1236 2163 1357 2217 loco
1395 2162 1765 2232 suffragatur;
1800 2174 1960 2229 agere
2000 2157 2148 2213 enim

571 2268 631 2307 se
681 2253 749 2308 de
800 2268 972 2317 mera,
1006 2264 1068 2311 ut
1097 2255 1231 2319 dixi,
1276 2254 1580 2308 cessatione
1636 2251 1936 2308 voluntatis
1966 2250 2150 2321 pravis

569 2342 998 2413 cogitationibus
1030 2354 1268 2400 tentatae
1302 2360 1370 2400 eo
1399 2343 1688 2415 significat,
1708 2343 1854 2412 quod
1885 2357 2009 2396 cum
2026 2356 2149 2396 sus-

573 2436 896 2505 pensionem
921 2451 1177 2493 assensus
1217 2438 1578 2507 expressisset
1610 2437 1781 2491 verbo
1814 2451 2033 2489 renuere
2059 2443 2152 2489 aut

570 2524 958 2589 contradicere,
991 2525 1048 2578 in
1079 2541 1189 2594 quo
1217 2536 1339 2580 erat
1361 2524 1638 2595 emphasis
1662 2524 1930 2594 quaedam
1958 2522 2152 2593 positi-

574 2610 630 2666 vi
681 2621 863 2677 actus,
917 2613 1075 2683 quasi
1126 2614 1409 2685 corrigens
1468 2625 1564 2670 aut
1625 2614 1908 2684 explicans
1965 2613 2152 2668 statim

575 2702 824 2773 adiungit
848 2708 941 2757 :et
969 2721 1073 2758 non
1093 2705 1467 2773 condetcctari,
1500 2707 1595 2761 ubi
1628 2715 1696 2771 et,
1733 2714 1794 2759 ut
1817 2720 1977 2775 saepe
1993 2705 2150 2768 alias,

572 2795 944 2864 cxpositivum
964 2806 1069 2861 est,
1100 2798 1257 2867 quasi
1290 2798 1570 2853 diceretur
1608 2798 1663 2851 id
1679 2806 1774 2851 est.
1806 2797 1903 2851 His
1952 2796 2153 2851 adiun-

576 2896 686 2957 gat,
716 2888 761 2942 si
793 2888 919 2958 quis
955 2890 1124 2954 volet,
1153 2891 1443 2961 plerosque
1486 2891 1772 2961 theologos
1810 2889 2031 2954 docere,
2082 2888 2152 2944 ad

575 2986 735 3033 actus
777 2980 1004 3049 quidem
1040 2997 1233 3037 omnes
1276 2998 1407 3038 vere
1448 2983 1718 3037 salutares
1739 2990 1796 3036 et
1838 2980 2154 3035 meritorios

577 3066 724 3123 vitae
758 3078 1017 3126 aeternae
1057 3071 1269 3141 requiri
1298 3072 1569 3127 actualem
1619 3072 1850 3143 gratiam
1886 3086 2154 3141 superna-

579 3159 813 3215 turalem
834 3161 890 3215 in
932 3163 1251 3228 substantia,
1288 3164 1423 3228 sive,
1451 3173 1514 3220 ut
1552 3164 1855 3234 loquuntur
1877 3205 1891 3229 ,
1922 3166 1978 3218 in
2017 3165 2155 3218 enti-

2246 1961 2521 2032 putabiles
2554 1957 2764 2013 homini
2791 1964 2919 2011 sunt
2946 1956 3033 2011 vel
3059 1954 3128 2009 ad
3162 1951 3391 2024 praemii
3430 1949 3709 2013 meritum,
3732 1946 3806 2002 vel

2245 2051 2315 2106 ad
2344 2066 2552 2121 poenae
2571 2049 2907 2105 iustissimae
2938 2057 3172 2110 reatum,
3198 2043 3483 2099 verissime
3510 2042 3605 2096 hic
3633 2050 3809 2094 auctor

2249 2153 2453 2200 censet.
2503 2142 2650 2197 Haec
2684 2157 2809 2197 cum
2839 2141 3051 2212 paginis
3095 2139 3211 2205 fere
3264 2136 3520 2192 omnibus
3559 2143 3811 2204 perpetuo

2250 2246 2346 2291 aut
2368 2236 2607 2290 inculcat
2636 2244 2733 2291 aut
2778 2235 2962 2289 innuit
2992 2243 3108 2288 tum
3146 2229 3471 2302 praesertim
3526 2226 3727 2296 Opusc.
3772 2223 3810 2279 ll

2249 2342 2369 2398 cap.
2397 2326 2493 2380 Xll
2538 2335 2595 2381 ct
2637 2325 2838 2396 Opusc.
2898 2323 3015 2379 VIII
3058 2337 3177 2391 cap.
3228 2320 3297 2374 lll
3332 2334 3488 2389 pagg.
3524 2316 3594 2369 57
3626 2325 3683 2369 et
3726 2313 3813 2367 l85

2250 2434 2316 2473 ex
2348 2417 2592 2487 professo
2612 2426 2721 2472 tam
2762 2415 3069 2471 luculenter
3095 2412 3372 2475 enunciat,
3408 2420 3469 2464 ut
3497 2407 3593 2478 qui
3621 2407 3703 2460 sic
3740 2405 3813 2459 lo-

2250 2515 2440 2584 quitur
2465 2513 2683 2568 saeculo
2704 2508 2979 2565 Ecclesiae
3014 2507 3218 2561 fluente
3244 2513 3460 2574 quarto,
3495 2502 3677 2556 videri
3700 2515 3815 2569 pos-

2252 2604 2326 2659 sit
2349 2601 2709 2657 orthodoxam
2750 2597 2819 2653 de
2880 2597 3059 2651 libero
3110 2594 3341 2649 arbitrio
3390 2591 3573 2661 deque
3624 2589 3817 2660 gratiae

2252 2709 2378 2748 cum
2408 2692 2526 2762 ipso
2551 2707 2616 2745 ac
2634 2686 3111 2758 concupiscentiae
3136 2672 3466 2754 coeperante
3519 2681 3814 2737 doctrinam

2252 2802 2364 2840 non
2386 2784 2632 2854 potuisse
2671 2781 2954 2845 disertius,
3000 2778 3230 2835 uberius
3260 2774 3816 2845 circumspectiusque

2253 2893 2582 2950 proponere,
2629 2876 2675 2931 si
2729 2875 2950 2930 decreta
3008 2880 3065 2929 et
3133 2885 3371 2927 canones
3397 2883 3586 2924 sacrae
3638 2864 3816 2937 synodi

2254 2970 2609 3025 Tridentinae
2634 2967 2905 3023 Sessio'nis
2934 2966 3003 3021 VI
3034 2965 3157 3035 plus
3181 2962 3329 3018 mille
3368 2961 3529 3016 annis
3556 2957 3819 3030 posterius

2255 3064 2565 3120 celebratae
2590 3061 2697 3115 iam
2724 3068 2841 3115 tum
2864 3058 3120 3129 legisset;
3151 3055 3290 3111 adeo
3327 3054 3437 3108 illis
3460 3058 3818 3107 consentanee

2256 3154 2583 3211 catholicam
2609 3151 2678 3208 de
2704 3150 2989 3207 hominum
3007 3146 3399 3221 justifieatione
3424 3143 3591 3199 ï¬dem
3620 3142 3819 3197 edisse-

581 3254 739 3313 tate;
777 3250 845 3304 ad
882 3267 994 3306 non
1038 3252 1505 3308 succumbendum
1531 3264 1713 3308 autem
1740 3254 2028 3308 tentationi
2061 3268 2159 3323 per
2184 3246 2228 3306 C
2261 3249 2354 3303 rit.

581 3342 886 3412 simplicem
916 3358 1173 3402 renatum
1204 3365 1355 3404 mere
1378 3350 1645 3404 naturalis
1674 3350 1884 3405 ordinis
1908 3350 2157 3405 suï¬‚icere

584 3435 856 3489 actualem
909 3438 1139 3507 gratiam
1187 3440 1662 3508 supernaturalem
1718 3450 1929 3495 tantum
1985 3440 2159 3511 quoad

585 3527 834 3593 modum,
882 3545 993 3583 non
1024 3546 1158 3585 vero
1202 3532 1259 3584 in
1298 3531 1614 3585 substantia.
1678 3530 1833 3597 Quod
1859 3531 1903 3584 si
1938 3538 2162 3600 putetur

587 3614 679 3671 hic
727 3618 992 3673 Macarius
1063 3620 1307 3676 indicare
1344 3620 1606 3685 voluisse,
1649 3621 1816 3675 etiam
1848 3621 1928 3675 sic
1963 3635 2162 3690 expers

584 3709 798 3763 erroris
825 3711 950 3766 erit.
985 3711 1226 3782 Apparet
1250 3720 1569 3781 praeterea,
1604 3719 1812 3781 septem
1844 3713 1946 3767 hos
1990 3713 2163 3767 libros

588 3801 822 3870 scriptos
855 3812 980 3858 ante
1028 3814 1211 3859 natam
1255 3803 1474 3874 Evagrii
1520 3805 1731 3859 Pontici
1782 3805 2159 3876 Origenistae,

586 3904 643 3950 et
668 3892 873 3948 alumni
899 3894 1085 3959 huius,
1137 3895 1372 3965 Pelagii,
1408 3895 1713 3949 doctrinam
1734 3937 1749 3961 ,
1783 3911 1923 3965 quae
1960 3896 2165 3966 impec-

587 3987 924 4044 Cabilitatem
975 3993 1033 4039 et
1078 3984 1273 4039 salutis
1319 3984 1670 4040 securitatem
1710 4000 1836 4039 cum
1880 3985 2039 4054 plena
2073 4000 2167 4038 exâ€”

588 4079 881 4133 stinctione
913 4076 1227 4146 passionum
1260 4077 1579 4132 hominibus
1612 4078 1668 4132 in
1695 4078 1798 4131 hac
1829 4077 1942 4132 vita
1983 4075 2163 4146 possi-

591 4167 753 4221 bilem
781 4166 953 4220 ï¬nxit.
980 4164 1182 4220 Contra
1221 4165 1367 4219 enim
1391 4166 1591 4219 horum
1630 4175 1822 4219 auctor
1852 4164 2160 4218 absolutam

590 4254 941 4309 securitatem
998 4252 1191 4306 salutis
1226 4252 1283 4306 in
1310 4253 1414 4307 hac
1440 4254 1552 4308 vita
1589 4262 1813 4323 propter
1850 4253 2160 4307 vertibilem

593 4346 648 4399 in
675 4346 875 4398 malum
899 4344 1065 4398 etiam
1087 4352 1212 4412 post
1248 4352 1487 4398 ecstases
1522 4353 1579 4398 et
1605 4344 1724 4397 visa
1752 4342 1936 4397 divina
1969 4344 2165 4398 volun-

595 4445 759 4492 tatem
792 4450 862 4488 ne
905 4434 1099 4503 primis
1133 4432 1356 4502 quidem
1409 4433 1688 4503 Apostolis
1719 4442 1844 4503 post
1878 4441 2161 4503 acceptum

593 4525 683 4579 die
729 4526 1077 4579 Pcntecostes
1128 4522 1400 4592 Spiritum
1448 4530 1700 4576 sanctum
1745 4522 1998 4577 concedit
2038 4537 2157 4591 cap.

2331 3340 2423 3395 1X.
2455 3338 2755 3394 Dicendum
2771 3335 2865 3390 hic
2882 3332 3087 3404 aliquid
3110 3340 3363 3402 superest
3383 3328 3453 3384 de
3470 3337 3824 3399 cognomento

2260 3432 2464 3503 Magni,
2490 3426 2933 3485 Macariinomini
2951 3424 3230 3479 adiuncto.
3254 3422 3591 3492 Expressum
3617 3420 3674 3474 id
3693 3418 3823 3473 clare

2260 3522 2505 3594 praefert
2548 3519 2964 3590 antiquissimus
2989 3530 3152 3585 quem
3206 3512 3473 3583 exscripsi
3521 3511 3700 3567 codex
3728 3525 3823 3563 non

2262 3616 2437 3670 solum
2474 3614 2530 3668 in
2564 3611 2995 3667 Macarianorum
3051 3605 3455 3676 Opusculorum
3500 3602 3691 3665 titulo,
3741 3598 3825 3655 sed

2262 3715 2551 3778 praeterea
2592 3704 2647 3758 in
2677 3701 2954 3774 Opusculo
3003 3698 3073 3752 IX
3110 3698 3257 3768 quod
3322 3696 3652 3752 inscribitur
3695 3695 3826 3763 Apo-

2266 3798 2609 3868 pltthegmata
2642 3794 2890 3856 Patrum,
2919 3803 2981 3847 ut
3018 3791 3209 3845 videre
3241 3797 3326 3844 est
3360 3803 3483 3857 pag.
3524 3787 3656 3850 245,
3708 3786 3827 3855 quin

2261 3888 2396 3944 etin
2420 3887 2622 3957 Opusc.
2649 3885 2793 3941 XVll
2820 3884 3139 3956 Nicephori,
3171 3887 3518 3952 argumento,
3549 3879 3606 3932 ni
3660 3876 3828 3936 fallor,

2262 3978 2394 4033 satis
2417 3986 2589 4041 certo,
2633 3986 2914 4045 receptum
2946 3977 3077 4031 olim
3122 3974 3227 4028 hoc
3283 3971 3453 4026 fuisse
3475 3980 3535 4024 et
3580 3985 3690 4023 usu
3721 3969 3830 4020 vul-

2261 4069 2376 4142 gari
2432 4069 2643 4122 tritum.
2672 4067 2841 4123 Cuius
2864 4067 3059 4137 triplex
3083 4063 3381 4134 excogitari
3440 4062 3586 4116 ratio
3640 4067 3828 4130 potest.

2333 4162 2539 4226 Prima,
2568 4160 2759 4231 ingens
2784 4159 2885 4213 viri
2920 4159 3179 4213 meritum
3203 4174 3219 4224 ;
3242 4154 3548 4219 doctrinae,
3592 4153 3829 4222 inquam,

2261 4255 2383 4311 eius
2428 4264 2488 4309 et
2530 4253 2927 4307 sanctimoniae
2974 4249 3342 4322 praeutantia,
3382 4263 3521 4318 quas
3561 4245 3829 4315 quotidia-

2263 4361 2337 4400 no
2389 4344 2611 4415 proprie
2648 4345 2881 4414 quisque
2924 4343 3087 4413 longo
3141 4358 3247 4398 usu
3295 4338 3677 4410 experientiae
3720 4350 3832 4390 cum

2262 4436 2660 4505 perspicerent,
2676 4443 2734 4489 et
2759 4432 3036 4504 praesenti
3061 4432 3243 4487 fructu
3266 4431 3541 4486 sentirent
3565 4437 3651 4483 tot
3673 4426 3832 4481 millia

2264 4527 2677 4591 monachorum,
2695 4542 2833 4597 quos
2843 4535 2968 4580 ante
2990 4535 3046 4581 et
3064 4524 3428 4596 postjmortem
3448 4521 3678 4577 Antonii
3692 4518 3837 4573 annis

594 4615 712 4672 XVI
756 4615 956 4685 Opusc.
990 4616 1057 4670 Vl
1086 4631 1206 4685 pag.
1240 4612 1364 4679 155,
1404 4622 1465 4668 Î¹Î¹Î¹
1497 4614 1690 4668 timere
1744 4612 2001 4667 videlicet
2036 4628 2161 4666 cum
2194 4619 2236 4673 D
2264 4615 2517 4685 plurimis
2566 4614 2706 4670 lacte
2753 4614 2925 4669 divini
2979 4613 3133 4668 verbi
3187 4613 3324 4668 aluit
3375 4620 3434 4666 et
3466 4609 3836 4665 eï¬‚icacissima

594 4708 762 4764 Paulo
793 4707 1093 4776 potuerint,
1136 4722 1200 4759 ne
1241 4722 1359 4759 cum
1410 4703 1528 4758 aliis
1565 4704 2024 4775 praedicavisscnt,
2058 4705 2159 4774 ipsi

591 4799 800 4869 reprobi
825 4797 1179 4868 efï¬cerentur.
1204 4796 1358 4853 Unde
1393 4796 1571 4866 capite
1608 4796 1737 4851 libri
1767 4794 2015 4849 eiusdem
2062 4793 2163 4849 XX

592 4908 715 4963 pag.
746 4891 853 4959 159
887 4890 1197 4960 exemplum
1237 4888 1400 4944 affert
1421 4888 1677 4943 monachi
1711 4898 1838 4959 post
1874 4889 2052 4942 visum
2104 4889 2163 4943 in

594 4995 755 5057 raptu
786 4985 1099 5056 paradisum
1126 4985 1285 5040 foede
1316 4984 1475 5053 lapsi.
1517 4984 1698 5051 Quare
1736 4985 2007 5055 capitibus
2047 4985 2163 5040 VIII

592 5089 652 5137 et
693 5078 763 5134 IX
821 5080 1020 5150 Opusc.
1078 5078 1171 5134 Vll
1224 5094 1347 5149 pag.
1394 5078 1496 5133 152
1550 5087 1607 5133 et
1639 5078 1741 5133 155
1775 5077 2165 5147 perfectionem

590 5172 850 5227 omnibus
890 5171 1197 5226 absolutam
1232 5170 1482 5225 numeris
1512 5180 1569 5225 et
1594 5170 1809 5239 plenam
1856 5169 2165 5239 impeccan-

595 5264 725 5319 tiam
785 5263 993 5316 homini
1036 5262 1244 5317 viventi
1274 5261 1595 5332 contingere
1648 5261 1727 5317 ait
1773 5276 1935 5331 posse
1988 5261 2166 5315 solum

595 5361 1033 5409 momentaneam
1085 5353 1142 5408 in
1201 5360 1407 5424 puncto
1454 5361 1645 5423 raptus
1673 5363 1731 5408 et
1766 5352 1985 5417 ecstasi,
2042 5361 2167 5421 post

595 5464 737 5517 quae
759 5447 959 5502 iterum
996 5448 1326 5516 peccabilem
1352 5446 1432 5501 sic
1466 5461 1686 5515 passum
1729 5444 1915 5499 divina
1959 5445 2163 5499 nihilo-

597 5541 781 5595 minus
818 5556 940 5595 esse
1000 5540 1345 5610 pronunciat.
1404 5538 1594 5607 Capite
1656 5547 1839 5592 autem
1902 5534 2165 5605 Opusculi

595 5634 844 5688 eiusdem
875 5633 969 5687 VII
1016 5632 1342 5687 duodecimo
1384 5647 1503 5701 pag.
1541 5632 1640 5686 157
1668 5630 1805 5684 haec
1834 5644 1906 5682 no
1938 5628 1946 5697 |
1981 5627 2167 5682 tabilia

600 5724 757 5791 ponit
792 5725 959 5778 verba
1002 5743 1015 5777 Îµ
1051 5723 1299 5778 Nondum
1326 5732 1503 5776 autem
1541 5737 1857 5792 quemquam
1886 5719 1992 5773 vidi
2015 5718 2167 5774 Chri-

598 5813 832 5871 stianum
876 5816 1179 5886 perfectum,
1234 5822 1327 5867 aut
1383 5814 1527 5868 omni
1575 5829 1638 5867 ex
1700 5821 1851 5879 parte
1881 5814 1937 5866 in
1969 5820 2167 5881 tempus

2255 4705 2578 4762 dexteritate
2602 4705 2669 4760 ad
2696 4704 2998 4775 profectum
3021 4704 3246 4774 Spiritus
3269 4702 3565 4773 promovit,
3593 4698 3839 4767 exemplo

2257 4815 2475 4869 semper
2498 4798 2752 4868 praeiens
2780 4797 2838 4851 in
2890 4796 3041 4852 omni
3066 4796 3352 4860 iunctione
3374 4792 3625 4864 religiosi
3660 4788 3837 4851 ofï¬cii,

2259 4904 2370 4951 tam
2402 4893 2762 4949 excellentem
2794 4890 3114 4960 magistrum
3151 4887 3257 4941 sibi
3278 4886 3381 4940 visi
3408 4886 3523 4940 sint
3548 4884 3648 4939 tali
3676 4883 3842 4936 hono-

2260 4998 2384 5037 rare
2405 4981 2769 5052 appellatione
2793 4979 3070 5041 debuisse,
3090 4976 3384 5046 Evangelio
3401 4975 3570 5029 etiam
3594 4982 3837 5033 auctore,

2262 5076 2356 5130 ubi
2378 5074 2630 5145 legebant
2670 5072 2860 5127 Matth.
2904 5071 2969 5135 Î³,
3004 5070 3069 5125 19
3101 5088 3114 5122 :
3147 5068 3249 5134 Qui
3282 5068 3463 5137 fecerit
3493 5075 3543 5120 et
3589 5063 3838 5125 docuerit,

2262 5169 2344 5222 hic
2367 5183 2590 5237 magnus
2621 5164 2888 5219 vocabitur
2916 5163 2970 5215 in
3002 5177 3163 5232 regno
3191 5159 3477 5214 caelorum.

2330 5258 2537 5322 Altera,
2573 5255 2721 5327 quod
2772 5269 2898 5310 cum
2951 5252 3250 5307 Antonium
3300 5250 3545 5305 solerent
3589 5246 3843 5315 Magnus

2262 5350 2381 5406 sine
2411 5348 2597 5404 addito
2623 5360 2845 5410 vocare,
2885 5343 3022 5399 adeo
3048 5350 3110 5397 ut
3139 5340 3285 5396 istud
3313 5339 3638 5394 adiunctum
3665 5337 3719 5389 in
3746 5349 3840 5388 no-

2262 5457 2387 5496 men
2412 5441 2517 5493 iam
2552 5438 2832 5509 preprium
2873 5436 3179 5506 migrasset,
3205 5441 3370 5503 prout
3408 5430 3743 5499 intelligitur
3780 5439 3843 5476 ex

2262 5546 2428 5601 supra
2463 5529 2704 5585 recitatis
2744 5526 2934 5584 Cranii
2984 5522 3289 5595 presbyteri
3337 5522 3482 5591 apud
3538 5518 3841 5574 Palladium

2261 5624 2467 5687 verbis,
2506 5629 2563 5677 et
2599 5619 2895 5675 Macarium
2929 5616 3181 5671 viderent
3220 5630 3253 5669 e
3289 5614 3418 5669 sinu
3454 5609 3682 5666 Antonii
3721 5619 3847 5676 pro-

2263 5716 2507 5779 ductum,
2550 5712 2698 5768 vices
2721 5712 2841 5767 eius
2866 5710 2922 5765 in
2958 5710 3200 5779 ipsorum
3235 5704 3501 5776 regimine
3538 5709 3841 5775 gerentem.

2264 5818 2320 5864 et
2356 5808 2410 5861 in
2458 5806 2607 5862 omni
2648 5804 2808 5861 laude
2855 5801 3226 5867 simillimum,
3270 5812 3508 5869 aequum
3550 5788 3841 5851 duxerint.
