3950 6548
139 409 231 470 541

1133 409 1224 466 AD
1261 409 1621 468 OPUSCULA
1656 412 1711 469 S.
1749 414 2035 472 MACAR"
2075 416 2419 491 AEGYPTII.

3295 430 3404 489 542

136 533 250 598 post
277 521 500 579 Antonii
539 522 866 594 praesertim
907 533 1160 588 mortem,
1190 524 1384 579 eodem
1411 524 1709 579 Macarium
1741 533 1784 589 Α
1812 540 2003 584 octava
2034 547 2263 587 numero
2292 533 2517 603 ponitur
2553 533 2674 590 eius
2702 535 2881 591 oratio
2906 537 3167 610 inscripta
3193 543 3257 595 de
3280 560 3404 613 poe-

138 614 411 685 impertire
444 614 625 678 titulo,
672 630 782 683 quo
821 613 1036 668 Patrem
1083 623 1139 668 et
1181 630 1342 668 suum
1381 624 1703 668 cunctorum

136 720 508 770 communem,
547 714 604 760 et
646 720 713 775 pe
746 706 756 774 Ι
786 705 1051 760 culiaretn
1096 706 1289 776 ipsius.
1318 706 1705 776 exemplarque

133 800 481 869 archetypum
524 797 778 869 Magnum
814 796 1138 864 Antonium,
1176 798 1307 852 dum
1344 798 1577 863 viveret,
1607 798 1707 853 ho—

134 899 482 946 noraverant.

194 981 475 1036 Postrema
493 980 660 1043 huius
680 980 759 1035 rei
784 989 869 1035 sat
888 979 1206 1035 verisimilis
1228 995 1393 1036 causa
1416 979 1702 1051 est,quod,

129 1089 245 1130 cum
291 1073 402 1126 iam
440 1080 555 1126 tum
593 1072 735 1126 fama
776 1071 1039 1127 ﬂorerent
1079 1072 1192 1127 duo
1236 1072 1361 1137 alii,
1395 1072 1463 1127 de
1504 1072 1708 1141 quibus

129 1165 376 1235 superius
420 1171 506 1220 est
546 1163 778 1229 dictum,
824 1163 1072 1219 iuniores
1114 1164 1338 1219 Macarii
1376 1172 1432 1219 et
1473 1163 1708 1219 diversis

128 1261 180 1314 in
206 1257 461 1328 partibus
493 1256 757 1327 degentes
784 1256 1080 1328 Aegyptius
1111 1266 1169 1312 et
1193 1256 1618 1323 Alexandrinus,
1647 1266 1709 1311 ut

127 1364 279 1405 suum
317 1347 684 1417 antiquiorem
708 1348 777 1402 ab
801 1347 912 1402 illis
935 1347 1356 1419 distinguerent,
1380 1346 1561 1418 Magni
1580 1362 1707 1401 eum

126 1438 528 1507 insigniendum
552 1437 798 1506 epitheto
819 1438 1133 1507 putaverint
1151 1436 1247 1507 qui
1273 1446 1405 1492 tunc
1423 1437 1704 1492 vivebant.

124 1531 271 1598 Quod
319 1531 529 1585 utinam
570 1518 912 1585 Constantius
954 1530 1149 1585 fuisset
1189 1545 1221 1584 a
1251 1530 1486 1600 posteris
1522 1529 1711 1585 obser-

125 1632 342 1687 vatum;
372 1623 450 1677 sic
471 1621 619 1676 enim
657 1621 799 1676 foret
829 1622 1093 1677 damnosa
1122 1631 1179 1677 et
1207 1622 1496 1691 periniqua
1520 1619 1710 1676 confu-

125 1716 198 1771 sio
221 1715 421 1779 vitata,
446 1730 586 1784 quae
621 1712 975 1769 veneratione
1004 1714 1226 1783 propria
1268 1716 1323 1768 in
1354 1714 1509 1769 fastis
1535 1714 1711 1770 eccle-

123 1808 359 1863 siasticis
398 1807 576 1862 Patris
613 1807 744 1861 olim
786 1805 1114 1860 sanctissimi
1149 1815 1205 1860 et
1242 1806 1562 1863 eoelestium
1596 1821 1711 1861 me-

125 1900 426 1954 rentissimi
476 1900 749 1954 honorum
797 1897 1051 1952 obrutam
1095 1897 1452 1968 ambiguitate
1503 1913 1711 1954 memo-

123 1990 250 2045 riam
278 1989 588 2055 fraudavit;
618 1998 678 2044 ut
700 2005 825 2044 cum
855 1989 974 2044 dies
1001 1990 1308 2061 assignatus
1332 1989 1711 2044 anniversario

122 2084 293 2139 cultui
322 2082 585 2153 proprius
612 2081 668 2136 in
688 2074 1088 2153 Martyrologiis
1108 2091 1166 2137 et
1186 2081 1505 2152 Menologiis
1527 2081 1709 2152 signe-

125 2185 208 2230 tur
249 2175 526 2247 Aegyptio
560 2182 617 2229 et
664 2173 1036 2228 Alexandrino
1078 2173 1366 2239 Macariis,
1408 2188 1711 2243 eorumque

122 2269 246 2323 Acta
292 2265 594 2336 separatim
643 2264 916 2335 descripta
956 2265 1224 2336 legantur,
1259 2266 1410 2320 solus
1436 2266 1713 2335 antiquior

121 2358 395 2415 ambobus
420 2364 476 2413 et
502 2364 702 2412 neutro
725 2356 911 2411 minus
942 2356 1174 2412 illustris
1196 2357 1466 2412 Macarius
1487 2358 1714 2428 Magnus

124 2449 504 2504 iunominatus
532 2454 929 2519 praetereatur.
956 2446 1079 2513 Cui,
1110 2462 1292 2517 spero,
1343 2447 1713 2503 medebuntur

124 2542 476 2597 incommodo
542 2541 972 2613 Antuerpienses
1031 2543 1239 2607 nostri,
1300 2558 1534 2612 quorum
1595 2544 1715 2598 laus

125 2650 271 2697 tanta
323 2650 411 2697 est
455 2642 510 2696 in
552 2641 705 2697 Actis
751 2642 1076 2697 Sanctorum
1118 2642 1473 2707 illustrandis,
1507 2642 1550 2696 si
1582 2658 1713 2711 pro-

123 2734 297 2805 priam
333 2733 623 2789 historiam
668 2734 814 2789 vitae
862 2734 1076 2789 abbatis
1109 2734 1421 2804 Pispirilani
1462 2734 1712 2799 Macarii,

124 2829 191 2883 ab
230 2843 514 2899 anonymo
560 2827 765 2892 veteri,
803 2826 897 2896 qui
944 2826 1247 2881 Posthumii
1284 2826 1335 2881 ei
1373 2826 1717 2881 succedentis

123 2919 255 2976 Acta
293 2920 480 2975 literis
516 2919 772 2984 tradidit,
810 2928 872 2974 ut
917 2919 1032 2987 ipse
1068 2918 1291 2982 indicat,
1327 2920 1714 2988 compositam,

120 3010 375 3079 reperire
417 3009 618 3063 alicubi
658 3008 960 3078 potuerint,
994 3023 1120 3063 cum
1164 3008 1327 3063 tineis
1356 3007 1497 3063 forte
1536 3007 1718 3063 adhuc

124 3102 430 3173 hlattisque
460 3103 780 3157 luctantem.

1807 623 2029 677 nitentia
2084 632 2133 677 et
2181 626 2321 694 quod
2371 643 2473 679 non
2519 628 2588 680 sit
2638 627 3063 699 desperandum,
3112 633 3250 688 duas
3296 635 3402 690 hoc

1806 716 1951 784 quod
1998 716 2192 773 damus
2229 734 2497 789 expansas
2543 720 2750 791 scripto
2795 725 3142 781 narrationes
3172 728 3401 781 totidem

1805 808 1964 877 plane
1992 810 2185 865 recitat
2213 812 2400 867 verbis
2444 813 2703 868 continua
2734 815 2878 870 serie
2919 818 2988 872 ab
3026 827 3271 874 extrema
3307 836 3403 889 pa-

1806 898 1931 969 gina
1956 902 2278 967 centesima,
2318 919 2458 973 quae
2493 903 2643 958 illius
2684 906 2951 962 orationis
2991 908 3067 962 ibi
3108 924 3251 963 nona
3293 919 3399 974 est,

1808 1006 1982 1060 usque
2020 992 2087 1047 ad
2120 997 2474 1049 centesimam
2519 996 2921 1053 duodecimam.
2954 999 3024 1054 Et
3050 1009 3179 1055 sunt
3207 1000 3400 1055 ambae

1807 1083 1930 1137 illae
1961 1083 2221 1139 historiae
2264 1085 2403 1139 adeo
2432 1086 2747 1155 inopinatae
2773 1104 2837 1143 ac
2870 1089 3062 1155 mirae,
3093 1099 3153 1144 ut
3184 1090 3400 1149 descri—

1807 1173 1960 1229 benti
2002 1174 2138 1228 mihi
2185 1174 2614 1231 sollicitudinem
2647 1188 2968 1243 moverent,
3011 1194 3081 1233 ne
3123 1195 3225 1250 pro
3270 1194 3402 1250 apo-

1808 1281 1903 1337 cry
1934 1264 1943 1335 |
1974 1264 2100 1335 phis
2148 1273 2206 1322 et
2252 1274 2459 1322 temere
2526 1267 2778 1324 conﬁctis
2839 1270 3221 1326 reiieerentur.
3280 1272 3401 1339 Quo

1807 1357 1990 1412 carius
2026 1358 2204 1413 habeo
2245 1358 2449 1413 muniri
2492 1374 2585 1415 eas
2622 1368 2731 1414 tam
2776 1360 3171 1434 irrefragabilis
3206 1373 3398 1418 aucto-

1808 1447 1885 1502 ris
1912 1446 2141 1503 minime
2172 1447 2342 1504 dubio
2366 1464 2470 1504 nec
2497 1450 2754 1520 cuiquam
2781 1452 3074 1506 recusabili
3115 1453 3395 1524 suffragio.

1808 1540 1950 1595 Puto
1995 1550 2179 1597 autem
2214 1542 2363 1599 hunc
2406 1544 2863 1600 commentarium
2906 1546 2975 1600 ab
3016 1545 3400 1615 Amphilochio

1809 1637 1990 1692 adhuc
2023 1638 2294 1693 monacho
2323 1647 2382 1694 et
2408 1640 2804 1695 monachorum
2835 1638 3149 1693 institutore
3179 1654 3402 1709 compo-

1809 1731 1997 1795 situm,
2029 1745 2098 1784 ex
2129 1746 2240 1800 quo
2274 1730 2418 1785 idem
2462 1739 2652 1801 postea
2685 1730 2988 1786 lconiensis
3034 1730 3291 1796 antistes,
3342 1731 3400 1785 in

1811 1822 2096 1877 occasione
2131 1822 2551 1893 praemuniendi
2608 1840 2771 1878 suum
2820 1824 3083 1893 populum
3133 1823 3401 1877 adversus

1812 1915 2172 1969 tentationem
2204 1914 2626 1985 desperationis,
2664 1916 2775 1970 duo
2808 1917 2910 1971 ista
2943 1917 3193 1985 exempla
3217 1916 3402 1971 verbis

1810 2007 1971 2076 plane
2009 2005 2203 2061 iisdem
2259 2007 2547 2072 retulerit,
2589 2008 2693 2061 alia
2748 2009 2903 2077 plura
2951 2007 3213 2061 omittens
3258 2023 3399 2077 quae

1810 2098 2097 2153 monachis
2148 2098 2282 2153 alias
2340 2098 2568 2168 allegata
2609 2100 2845 2163 utiliter,
2880 2099 3257 2153 saecularibus
3304 2098 3402 2155 do-

1811 2190 2002 2245 cendis
2019 2190 2203 2245 minus
2227 2200 2535 2260 opportuna
2559 2191 2903 2245 viderentur.

1882 2282 1973 2337 XI.
2007 2276 2342 2351 Opusculum
2371 2282 2725 2337 undecimum
2761 2282 3019 2352 equidem
3060 2281 3283 2352 plurimi
3325 2280 3405 2335 fa-

1812 2374 1898 2430 cio
1926 2382 2149 2445 propter
2167 2373 2600 2429 elilorescentem
2632 2373 2687 2427 in
2720 2374 2814 2428 illo
2842 2374 3132 2443 genuinam
3160 2373 3401 2426 indolem

1812 2481 1943 2520 vere
1970 2465 2332 2520 asceticorum
2374 2481 2656 2531 sensuum,
2687 2473 2744 2520 et
2774 2466 3048 2536 quendam
3080 2466 3404 2520 suavissime

1813 2558 2146 2629 fragrantem
2172 2573 2239 2611 ex
2262 2557 2443 2622 uberi,
2461 2574 2568 2628 qua
2589 2559 2809 2629 penitus
2831 2558 3118 2621 imbuitur,
3140 2557 3403 2613 unctione

1815 2651 2040 2719 spiritus
2082 2650 2336 2705 heroicae
2377 2651 2773 2705 sanctimoniae
2802 2650 3049 2704 odorem.
3081 2651 3303 2704 Nullum
3338 2649 3407 2703 li—

1816 2741 2037 2796 bentius
2064 2741 2351 2810 exscripsi,
2373 2741 2428 2795 in
2451 2742 2606 2795 nullo
2637 2741 3053 2812 interpretando
3083 2748 3294 2795 tantum
3323 2741 3406 2793 in-

1817 2834 1980 2889 timae
2011 2834 2321 2889 dulcedinis
2352 2849 2473 2888 sum
2507 2845 2786 2903 expertus.
2836 2834 2955 2901 Quo
2995 2834 3129 2888 mihi
3173 2844 3403 2889 conten-

1815 2925 2056 2981 dendum
2096 2925 2311 2980 enixius
2349 2925 2515 2980 statui
2561 2925 2628 2979 ad
2675 2926 2797 2996 ejus
2835 2935 3052 2995 tempus
3097 2933 3408 2978 auctorem-

1816 3034 1944 3087 que,
1980 3018 2380 3089 ignotissimum
2410 3026 2729 3087 utrumque,
2758 3018 3004 3089 vestigiis
3036 3017 3292 3071 omnibus
3324 3015 3407 3070 in—

1817 3108 2147 3178 dagandum.

191 3193 258 3248 X.
314 3195 421 3248 Diu
455 3207 557 3248 nos
600 3192 779 3247 tenuit
820 3192 1110 3247 Macarius.
1158 3191 1380 3247 Utinam
1408 3191 1712 3262 transigere

1887 3199 2145 3255 Continct
2187 3199 2242 3255 id
2285 3199 2524 3270 alloquia
2553 3199 2965 3270 quatuordecim
3018 3198 3202 3255 studio
3248 3197 3407 3253 audi-

120 3285 376 3341 velocius
421 3300 688 3355 queamus
724 3300 865 3356 quae
909 3283 979 3340 de
1021 3284 1146 3339 aliis
1188 3283 1537 3353 sequentium
1569 3283 1716 3353 Opu-

121 3377 409 3432 sculorum
473 3376 793 3432 auctoribus
839 3375 1152 3430 necessario
1211 3374 1508 3444 praefanda
1564 3375 1718 3429 vide-

120 3468 358 3524 buntur.
394 3468 609 3523 Nonum
643 3467 982 3538 Opusculum
1013 3469 1270 3538 anonymi
1296 3478 1380 3525 est
1405 3469 1717 3524 collectoris

117 3562 526 3618 sententiarum
563 3562 806 3617 Patrum.
841 3560 1017 3615 Huius
1058 3568 1293 3616 aetatem
1334 3561 1537 3630 prodit,
1568 3561 1715 3631 quod

121 3671 226 3708 non
268 3650 387 3705 nisi
429 3650 937 3720 antiquissimorum
982 3650 1206 3705 nomina
1251 3651 1447 3706 recitat
1491 3670 1504 3705 :
1550 3668 1714 3724 argu-

116 3755 341 3810 mento,
404 3760 532 3799 eum
587 3754 715 3801 ante
769 3745 1044 3815 posterius
1100 3745 1404 3801 celebrium
1471 3755 1717 3817 tempora

116 3837 343 3892 vixisse.
372 3838 711 3906 Opusculum
740 3837 790 3892 X
831 3837 1135 3907 simplicem
1171 3837 1226 3891 in
1266 3854 1389 3893 meo
1422 3839 1715 3910 archetypo

116 3928 432 3984 Turrianeo
468 3930 1037 4000 codicepraeferebat
1060 3930 1279 3985 titulum
1311 3931 1527 3999 qualem
1558 3931 1713 3985 exhi-

116 4021 222 4076 beo
260 4039 274 4074 :
311 4019 378 4075 S.
408 4020 759 4092 Amphilochii
786 4022 849 4076 de
889 4039 993 4075 non
1035 4022 1383 4092 desperando.
1419 4021 1573 4088 Quod
1604 4038 1715 4076 non

114 4114 175 4168 ﬁt
223 4114 322 4169 hic
378 4115 585 4169 mentio
621 4114 922 4169 lconiensis
973 4115 1351 4184 episcopatus,
1404 4116 1482 4169 uti
1536 4132 1714 4184 neque

113 4222 283 4275 supra
321 4206 384 4259 in
430 4206 591 4260 titulo
626 4206 646 4259 l
678 4188 953 4275 Opusculi.
987 4206 1043 4261 S.
1089 4206 1283 4261 Joanni
1326 4206 1713 4277 Chrysostomo

115 4298 315 4353 tributi
352 4298 495 4353 citra
526 4298 693 4351 ullam
735 4298 883 4353 sedis
923 4297 1559 4368 Constantinopolitanae
1604 4316 1714 4353 me-

112 4386 381 4450 moriam,
417 4384 620 4439 indicio
653 4392 757 4451 est,
788 4396 1262 4457 opus'utrumque
1304 4389 1373 4443 ab
1420 4390 1488 4444 iis
1542 4390 1714 4444 Patri-

111 4476 218 4531 bus
244 4476 427 4531 fuisse
456 4477 747 4547 scriptum,
770 4477 901 4531 dum
926 4479 1108 4534 adhuc
1130 4480 1328 4550 privati
1357 4482 1500 4536 inter
1525 4498 1711 4536 mona-

1818 3293 1953 3347 toris
1988 3294 2045 3347 in
2072 3293 2258 3348 literas
2295 3293 2481 3359 missa,
2513 3300 2679 3362 prout
2706 3300 2931 3362 excepta
2960 3292 3179 3346 fuerant
3212 3306 3279 3345 ex
3307 3306 3406 3346 ore

1817 3387 1965 3441 senis
1988 3386 2291 3456 cuiuspiam
2319 3384 2633 3456 grandaevi,
2672 3385 2833 3455 longo
2866 3401 2969 3439 usu
3001 3384 3147 3439 vitae
3186 3383 3405 3453 religio-

1817 3496 1907 3534 sae
1940 3495 2038 3548 per
2076 3494 2267 3534 omnes
2304 3476 2659 3548 perfectionis
2696 3477 3055 3548 Evangelicae
3093 3476 3296 3548 gradus
3337 3475 3406 3531 ad

1816 3572 2028 3643 apicem
2069 3573 2245 3627 evecti
2310 3571 2648 3638 sanctitatis,
2705 3581 2966 3642 quantam
3015 3571 3160 3641 capit
3208 3570 3408 3627 divinis

1815 3667 2000 3721 adiuta
2042 3664 2327 3719 beneficiis
2370 3665 2608 3719 humana
2650 3664 2976 3719 mortalitas.
3023 3665 3405 3734 Alloquiorum

1815 3765 2006 3813 auctor
2045 3755 2363 3809 nominatur
2408 3756 2603 3811 beatus
2646 3754 2818 3809 abbas
2867 3754 3133 3808 Zosimas.
3188 3756 3265 3811 De
3307 3771 3406 3809 ex-

1815 3857 2037 3917 ceptore
2063 3854 2275 3901 tantum
2311 3847 2585 3913 innuitur,
2614 3847 2783 3902 fuisse
2823 3846 2977 3901 illum
3012 3863 3081 3901 ex
3113 3846 3234 3901 eius
3272 3846 3408 3901 assi-

1814 3941 1939 3995 duis
1966 3940 2315 3995 auditoribus
2347 3956 2538 4005 unum,
2565 3940 2940 3995 verisimiliter
2957 3939 3212 4005 sodalem
3257 3942 3408 3994 eius-

1814 4034 1941 4088 dem
1975 4033 2031 4087 in
2070 4048 2180 4103 quo
2211 4032 2445 4103 degebat
2470 4032 2715 4087 Zosimas
2756 4032 3028 4086 eoenobii.
3066 4031 3167 4085 Diu
3208 4031 3277 4084 de
3321 4031 3408 4086 his

1812 4136 1869 4180 et
1903 4125 2134 4179 sollicite
2173 4123 2502 4194 disquirenti
2547 4123 2683 4177 mihi
2728 4138 2793 4177 ea
2838 4123 3057 4178 tandem
3102 4122 3246 4178 sedit
3283 4139 3406 4177 sen-

1814 4217 2003 4280 tentia,
2029 4215 2266 4270 eundem
2304 4214 2469 4270 istum
2505 4230 2626 4270 esse
2665 4214 2939 4269 Zosimam
2973 4230 3095 4268 cum
3134 4213 3228 4267 illo
3256 4214 3402 4268 cele-

1814 4309 2125 4365 bratissima
2155 4308 2423 4363 divinitus
2463 4308 2661 4373 electo,
2708 4316 2770 4361 ut
2811 4316 3029 4361 sanctae
3070 4306 3407 4376 poenitentis

1813 4401 2011 4456 Mariae
2041 4402 2336 4473 Aegyptiae
2357 4442 2372 4465 ,
2409 4417 2504 4455 seu
2527 4441 2542 4465 ,
2573 4408 2634 4454 ut
2678 4401 2840 4470 vulgo
2870 4401 3173 4468 loquuntur
3192 4439 3206 4463 ,
3234 4399 3405 4471 Aegy-

1812 4494 2045 4564 ptiacae,
2082 4502 2140 4548 et
2188 4502 2543 4563 cognosceret
2602 4492 2771 4547 vitam
2818 4501 2873 4547 et
2932 4492 3100 4545 funus
3162 4501 3398 4546 curaret.

111 4570 248 4624 chos
276 4570 553 4634 viverent,
582 4580 874 4640 antequam
891 4571 947 4625 in
973 4572 1202 4628 thronos
1219 4586 1703 4643 promoverentur;
1741 4573 1781 4627 D
1811 4585 1999 4639 Εχειιιι
2046 4583 2115 4639 de
2158 4584 2245 4639 his
2283 4584 2713 4639 commentarius
2765 4584 2914 4639 omni
2963 4583 3070 4639 ﬁde
3132 4586 3401 4649 ﬁrmatus,

112 4679 255 4733 quae
293 4664 590 4717 amborum
627 4664 750 4719 talis
799 4665 1063 4733 temporis
1102 4661 1160 4721 et
1203 4670 1511 4737 argumenti
1554 4670 1709 4723 lucu-

112 4756 411 4812 brationes
438 4758 494 4811 in
520 4758 915 4812 monachorum
942 4758 1226 4813 tabulariis
1246 4761 1468 4815 relictae
1486 4760 1709 4827 fuerint,

114 4856 389 4918 tanquam
407 4848 476 4904 iis
489 4849 622 4903 solis
633 4851 1093 4906 accommodatae.
1112 4852 1257 4917 Scio,
1278 4869 1387 4907 non
1409 4870 1578 4908 unum
1590 4870 1712 4909 esse

112 4940 171 4995 in
204 4943 443 5011 antiqua
463 4942 845 4999 Ecclesiastica
867 4943 1130 4999 memoria
1150 4946 1421 5000 celebrem
1436 4945 1717 5015 Amphilo-

114 5034 348 5098 chium;
381 5044 560 5089 tamen
588 5036 775 5100 huius,
800 5053 964 5106 quem
1006 5037 1099 5092 hic
1137 5037 1373 5101 edimus,
1410 5038 1581 5092 libelli
1623 5054 1716 5093 ve-

115 5141 242 5179 rum
272 5125 451 5180 fuisse
475 5134 687 5195 patrem
723 5128 1160 5198 antiquissimum
1191 5130 1345 5183 illum
1377 5130 1625 5215 doctrina
1660 5138 1717 5185 et

114 5220 493 5275 sanctimonia
526 5222 635 5275 late
676 5223 959 5293 inclytum,
988 5239 1055 5278 ex
1083 5225 1351 5279 monacho
1382 5225 1715 5279 lconiensem

114 5313 451 5381 episcopum
483 5312 924 5383 Amphilochium
943 5356 957 5380 ,
999 5332 1030 5369 a
1059 5315 1156 5369 SS.
1182 5316 1412 5381 Basilio,
1453 5316 1718 5387 Gregorio

116 5402 510 5468 Nazianzeno,
562 5404 893 5476 Hieronymo
948 5406 1247 5475 multisque
1299 5406 1423 5461 aliis
1469 5417 1718 5462 veterum

116 5495 421 5566 magniﬁce
447 5496 748 5561 laudatum,
774 5497 931 5551 cuius
967 5497 1023 5550 in
1060 5497 1443 5569 Martyrologio
1472 5499 1718 5554 Romano

116 5588 185 5641 ad
213 5587 379 5641 diem
416 5587 489 5641 IX
512 5588 629 5642 Kal.
655 5590 807 5654 Dec.,
847 5589 903 5643 in
933 5588 1158 5644 Graecis
1177 5590 1382 5645 Meneis
1409 5591 1602 5646 eodem
1629 5592 1719 5648 die

116 5676 422 5746 splendida
451 5679 627 5749 elogia
656 5679 931 5749 leguntur,
968 5679 1253 5735 manifeste
1282 5691 1496 5737 constat
1522 5699 1587 5737 ex
1628 5698 1717 5749 eo,

118 5769 275 5837 quod
304 5771 371 5824 in
393 5772 649 5840 operibus
671 5772 917 5826 eiusdem
956 5772 1012 5827 S.
1046 5774 1220 5828 Patris
1249 5783 1374 5831 ante
1404 5775 1505 5830 hos
1547 5792 1721 5831 annos

120 5860 215 5918 XL
265 5879 474 5936 graece
520 5866 684 5920 simul
736 5865 1012 5936 latineque
1060 5867 1281 5924 Parisiis
1333 5869 1523 5935 editis,
1580 5887 1718 5939 quae

1815 4692 1925 4731 non
1991 4676 2303 4747 Sophronii,
2357 4686 2416 4731 ut
2462 4692 2749 4746 perperam
2811 4676 3129 4732 inscribitur
3181 4694 3210 4732 a
3256 4678 3401 4732 mul-

1816 4768 1915 4833 tis,
1970 4767 2117 4837 quod
2168 4766 2387 4830 invictis
2439 4765 2773 4836 argumentis
2828 4765 3145 4821 confutatur
3200 4766 3269 4820 ab
3322 4765 3405 4819 ul-

1816 4860 1949 4913 timo
1983 4860 2105 4914 eius
2142 4859 2331 4929 scripti
2357 4858 2589 4923 editore,
2629 4864 2820 4912 nostro
2861 4857 3087 4912 Daniele
3123 4857 3404 4927 Papebro-

1816 4950 1942 5005 chio
1971 4949 2126 5003 Tom.
2172 4950 2193 5003 Ι
2238 4949 2440 5019 Aprilis
2479 4964 2601 5018 pag.
2642 4947 2741 5013 69,
2777 4946 2874 5001 sed
2920 4946 3175 5017 anonymi
3210 4962 3403 5003 mona—

1816 5043 1905 5097 chi
1943 5042 2194 5097 eoenobii
2234 5058 2403 5112 prope
2438 5040 2735 5095 Jordanem
2774 5039 2887 5105 siti,
2929 5039 2987 5093 in
3016 5054 3125 5108 quo
3159 5037 3404 5093 Zosimas

1817 5136 2039 5190 ultimos
2085 5150 2216 5190 suae
2263 5134 2408 5187 vitae
2465 5148 2639 5188 annos
2697 5132 2906 5202 exegit,
2950 5139 3116 5201 prout
3162 5129 3276 5200 ipse
3322 5129 3404 5184 in-

1818 5228 1939 5281 nuit
1998 5235 2192 5281 auctor
2215 5225 2295 5281 sic
2354 5224 2602 5281 scribens
2665 5223 2769 5278 sub
2841 5221 3004 5277 ﬁnem
3070 5222 3405 5277 narrationis

1819 5334 1980 5384 suae,
2032 5325 2322 5388 postquam
2368 5312 2678 5381 docuisset,
2724 5330 3004 5370 reversum
3039 5329 3069 5368 a
3100 5314 3157 5369 S.
3202 5313 3404 5368 Mariae

1818 5410 2178 5483 Aegyptiacae
2204 5409 2395 5464 funere
2423 5409 2695 5464 Zosimam
2735 5423 2875 5478 quae
2909 5406 3121 5461 viderat
3161 5415 3218 5461 et
3243 5406 3402 5460 audi-

1818 5512 1973 5559 verat
2008 5518 2169 5573 saepe
2199 5502 2489 5558 retulisse:
2526 5500 2939 5555 Perseverarunt
2963 5509 3139 5553 autem
3164 5501 3405 5553 monachi

1822 5597 1968 5667 [post
2006 5594 2253 5650 Zosimae
2291 5593 2547 5650 videlicet
2587 5592 2823 5664 obitum]
2851 5593 2979 5647 haec
3019 5592 3137 5663 ipsa
3168 5609 3262 5663 per
3295 5600 3408 5647 tra-

1822 5689 2071 5742 ditionem
2091 5688 2343 5741 discentes
2376 5694 2534 5757 atque
2559 5686 2629 5740 ad
2656 5685 2942 5739 communis
2972 5684 3216 5738 utilitatis
3246 5701 3407 5754 argu-

1825 5787 2056 5832 mentum
2090 5784 2436 5848 proponentes
2476 5775 2663 5829 audire
2693 5773 3002 5838 uolentibus,
3031 5774 3122 5827 sed
3158 5790 3261 5827 non
3299 5790 3403 5828 au-

1824 5872 1927 5927 divi
1977 5888 2288 5932 aucnwuum
2329 5872 2521 5939 scripto
2566 5871 2801 5938 signasse
2858 5868 3239 5923 narrationem.
3293 5866 3406 5937 Ego
