3950 6552
599 414 706 471 545

1690 404 1896 460 PETRI
1934 402 2196 459 POSSINI
2233 404 2745 462 PHOLECOMENA

3707 428 3782 491 3“

600 549 721 587 vero
753 546 891 603 quae
924 530 1055 583 citra
1101 529 1419 597 scripturam
1449 522 1698 591 comperi,
1732 536 1826 591 per
1864 518 2045 573 literas
2083 534 2177 570 cu-
2207 522 2255 581 Α
2282 526 2455 573 retur.
2486 520 2620 577 Utut
2640 520 2709 575 de
2734 521 2807 575 iis
2835 521 2927 587 sit,
2954 530 3168 577 certum
3188 522 3426 590 videtur,
3448 536 3565 595 post
3584 531 3786 602 Iudaeam

600 628 717 679 τ·αυὶ
746 634 874 679 nota
904 623 1096 692 facere.
1124 620 1325 677 Indicia
1355 619 1483 672 hinc
1511 630 1803 685 exsequar,
1838 612 2039 683 quibus
2067 626 2183 666 mo-

602 732 735 772 veor
772 715 841 771 ad
871 713 1232 785 opinandum,
1266 712 1460 765 horum
1493 714 1774 762 auctorem
1803 704 2183 774 Alloquiorum

599 807 874 861 Zosim‘am
903 822 1013 861 non
1044 805 1212 859 alium
1244 817 1363 856 esse
1393 800 1461 854 ab
1494 815 1581 862 eo,
1613 797 1701 853 cui
1734 796 1857 850 testi
1891 795 2052 850 unico
2076 795 2185 849 Ma-

604 895 717 948 riae
748 894 1105 965 Aegyptiacae
1137 891 1387 945 notitiam
1419 889 1583 943 debet
1610 887 1873 949 Ecclesia,
1904 886 2047 939 sicut
2072 886 2183 939 An-

606 986 758 1040 tonio
792 986 942 1039 Pauli
973 984 1131 1053 primi
1160 982 1441 1037 eremitae.

628 1140 637 1152 .
675 1076 913 1130 Primum
941 1094 959 1130 :
995 1077 1241 1131 detector
1280 1074 1617 1129 latebrarum
1662 1070 2021 1142 Aegyptiacae
2071 1069 2183 1124 Ma-

604 1168 720 1223 riae
752 1168 1016 1232 Zosimas,
1065 1184 1096 1223 a
1142 1184 1314 1239 puero
1365 1166 1600 1221 traditus
1644 1165 1977 1221 monasticae
2024 1164 2187 1219 disci-

606 1259 786 1329 plinae
820 1259 875 1312 in
898 1258 1136 1329 quodam
1160 1258 1427 1313 coenobio
1447 1258 1807 1321 Palaestinae,
1835 1257 1892 1310 in
1912 1271 1978 1311 eo
2001 1255 2187 1310 lauda-

609 1349 819 1404 tissime
857 1350 1026 1405 vitam
1060 1350 1348 1405 asceticam
1387 1348 1634 1404 exercuit
1671 1363 1769 1417 per
1808 1362 1982 1401 annos
2022 1361 2187 1415 supra

607 1440 1027 1511 quinquaginta,
1081 1449 1311 1495 testante
1367 1440 1422 1494 id
1469 1440 1607 1510 ipso,
1653 1440 1811 1509 cujus
1850 1439 1988 1493 haec
2018 1438 2187 1493 verba

609 1544 913 1601 anonymus
928 1532 1230 1585 monachus
1256 1530 1516 1584 exscribit
1537 1544 1689 1584 num.
1712 1528 1747 1583 5
1768 1545 1899 1584 suae
1922 1529 2189 1585 narratio-

610 1623 738 1677 nis:
784 1623 999 1677 Dicebat
1049 1632 1227 1677 autem
1271 1623 1380 1692 ipse
1429 1622 1492 1674 de
1536 1637 1592 1675 se
1632 1619 1893 1687 Zosimas,
1939 1621 2077 1692 quod
2123 1622 2187 1675 ab

613 1714 773 1778 ulnis,
814 1723 871 1768 ut
903 1717 978 1769 sic
1008 1716 1216 1786 loquar,
1252 1717 1484 1787 paternis
1532 1716 1589 1768 in
1632 1714 2011 1771 monasta'ium
2049 1714 2189 1768 istud

611 1805 801 1870 datus,
850 1822 946 1876 per
997 1823 1164 1860 annos
1201 1805 1587 1876 quinquaginta
1639 1812 1742 1857 tres
1786 1805 1843 1857 in
1900 1804 2188 1859 monastico

611 1913 769 1949 cursu
811 1899 1179 1966 perseveravit.
1214 1898 1223 1967 |
1255 1896 1643 1951 Monasterium
1684 1910 1852 1964 porro
1899 1895 2075 1961 istud,
2131 1906 2192 1951 ut
2222 1877 2266 1933 Β

614 1986 773 2041 initio
803 1988 1133 2044 narrationis
1155 1990 1300 2044 clare
1322 1988 1543 2052 dicitur,
1569 1987 1665 2057 fuit
1692 2003 1855 2039 unum
1883 2003 1948 2041 ea:
1970 1988 2035 2041 iis
2058 2003 2193 2058 quae

614 2096 707 2149 per
745 2079 1113 2135 Palaestinam
1145 2089 1268 2134 sunt
1303 2081 1652 2134 monasteriis.
1688 2079 1855 2148 Atqui
1889 2078 2026 2134 haec
2048 2080 2195 2135 Allo-

612 2171 743 2241 quia
769 2172 888 2225 eius
924 2180 1072 2234 sunt,
1104 2171 1197 2241 qui
1245 2172 1300 2225 in
1343 2172 1647 2226 Palaestina
1678 2171 1880 2227 vixerit
1906 2180 1963 2227 et
1998 2187 2194 2227 conse-

614 2257 819 2321 nuerit,
854 2274 956 2312 nec
982 2260 1142 2313 aliam
1170 2260 1462 2314 admodum
1491 2260 1639 2314 orbis
1670 2270 1901 2330 partem,
1930 2270 2195 2331 quantum

610 2359 680 2401 ex
708 2350 829 2402 eius
862 2350 1045 2403 verbis
1071 2350 1412 2421 intelligitur,
1446 2349 1755 2405 incoluerit.
1780 2351 1919 2405 Nam
1942 2351 2197 2421 Alioquin

620 2440 683 2493 Vl
716 2441 850 2495 haec
887 2442 1130 2511 loquitur
1155 2460 1169 2494 :
1193 2441 1305 2496 Iter
1332 2442 1615 2515 agebamus
1658 2459 1751 2513 ego
1781 2452 1829 2498 et
1867 2444 2036 2514 frater
2062 2462 2196 2499 unus

618 2532 702 2586 via
732 2531 1090 2603 Neapolitana
1136 2551 1254 2587 cum
1292 2534 1602 2605 quibusdam
1638 2535 2019 2601 saecularibus,
2050 2538 2197 2591 ueni-

617 2638 833 2691 musque
868 2624 938 2676 ad
976 2623 1145 2676 locum
1185 2624 1271 2677 ubi
1317 2632 1433 2677 erat
1472 2624 1721 2679 telonium
1764 2635 1870 2681 cet.
1908 2627 2036 2681 Fuit
2066 2626 2198 2681 olim

614 2710 872 2781 Neapolis
898 2713 1255 2767 celeberrima
1286 2714 1624 2769 Palaestinae
1652 2715 1866 2780 civitas,
1894 2724 2032 2772 teste
2056 2716 2199 2771 inter

614 2802 935 2857 innumeros
959 2804 1095 2858 alios
1144 2804 1341 2870 Plinio,
1400 2806 1559 2860 cuius
1596 2806 1733 2861 haec
1770 2807 1866 2861 lib.
1893 2807 1937 2863 γ
1970 2823 2089 2878 cap.
2132 2808 2200 2863 15

614 2894 782 2949 verba
812 2904 944 2950 sunt
985 2913 998 2949 :
1049 2895 1333 2952 Samariae
1370 2899 1563 2969 oppida
1600 2898 1881 2970 Neapolis,
1916 2901 2054 2972 quod
2084 2901 2202 2957 Ma—

617 2996 791 3041 morta
839 2987 1110 3043 dicebatur
1150 2998 1257 3044 eet.
1290 2989 1493 3045 Iterum
1519 2992 1773 3061 Alloquio
1810 2992 1858 3046 X
1887 2991 2023 3049 dicit
2050 2993 2202 3051 Zosi-

616 3091 733 3131 mas
764 3095 777 3130 :
811 3076 943 3132 Cum
981 3095 1143 3133 essem
1180 3081 1235 3133 in
1277 3083 1598 3136 monasterio
1629 3082 1766 3152 quod
1800 3090 1877 3136 est
1921 3084 2065 3154 apud
2098 3084 2200 3156 Ty-

616 3180 754 3220 rum.
787 3166 883 3221 Est
911 3168 1133 3237 quidem
1164 3168 1342 3241 Tyrus
1367 3170 1696 3227 Phoeniciae
1719 3172 1876 3238 urbs,
1907 3174 2002 3229 sed
2036 3190 2197 3244 quae,

625 3260 702 3315 uti
750 3266 809 3313 et
844 3256 1014 3312 Sidon
1036 3299 1050 3323 ,
1100 3269 1325 3330 propter
1358 3262 1823 3331 propinquitatem
1865 3264 2203 3321 Palaestinae

618 3348 1010 3404 contribuitur.
1048 3350 1305 3406 Hodierni
1339 3352 1633 3423 geographi
1672 3354 2034 3411 Palaestinam
2067 3356 2203 3412 duo-

618 3440 799 3494 decim
821 3440 1247 3496 lsraelitiearum
1274 3442 1517 3497 tribuum
1546 3444 1881 3500 habitatione
1910 3445 2199 3511 deﬁniunt,

624 3545 728 3585 nec
754 3546 878 3584 cum
908 3531 1118 3586 Veteris
1148 3547 1249 3587 nec
1277 3548 1401 3587 cum
1439 3533 1574 3587 Novi
1600 3533 1932 3589 Testamenti
1962 3535 2204 3591 historiis

619 3621 1051 3675 consentientes.
1099 3620 1235 3675 Nam
1280 3638 1373 3677 rex
1418 3621 1708 3677 duodecim
1762 3623 2003 3679 tribuum
2050 3623 2199 3689 Saul,

626 3718 686 3765 ut
712 3724 779 3764 ex
807 3709 828 3764 Ι
863 3710 1067 3781 Regum
1097 3721 1265 3782 patet,
1297 3722 1353 3766 et
1396 3713 1491 3783 qui
1532 3713 1585 3768 ei
1613 3716 1877 3770 successit
1910 3715 2100 3780 David,
2142 3727 2204 3772 ut

622 3817 694 3857 ex
739 3801 804 3866 ll,
848 3802 1088 3872 itemque
1135 3818 1203 3857 ex
1242 3802 1262 3857 Ι
1296 3803 1529 3874 Paralip.
1560 3805 1906 3861 manifestum
1935 3815 2038 3873 est,
2076 3808 2203 3863 uni-

624 3908 837 3947 versam
882 3892 975 3947 Xll
1026 3893 1268 3948 tribuum
1317 3893 1582 3950 ditionem
1641 3896 1973 3962 obtinentes,
2034 3900 2204 3954 multa

625 3985 767 4040 bella
792 4002 916 4041 cum
933 3986 1260 4052 Philistaeis,
1283 3987 1387 4043 hoc
1410 3996 1496 4043 est
1512 3988 1852 4054 Palaestinis,
1870 3990 2201 4057 habuerunt,

625 4076 719 4145 qui
750 4076 937 4146 utique
967 4076 1127 4131 aliam
1150 4077 1218 4131 ab
1248 4077 1546 4133 lsraelitide
1575 4086 1719 4133 terra
1748 4078 2025 4150 regionem
2052 4081 2207 4136 habi-

630 4169 834 4223 tnlmnt.
887 4168 1141 4223 Christus
1171 4184 1305 4223 vero
1358 4168 1494 4238 ipse,
1529 4170 1623 4238 qui
1657 4184 1715 4223 se
1750 4168 1931 4224 aiebat
1976 4187 2082 4224 non
2120 4188 2207 4225 ve-

628 4262 764 4313 nisse
784 4262 881 4314 nisi
913 4260 982 4314 ad
1002 4276 1119 4314 oves
1148 4277 1284 4330 quae
1308 4262 1572 4331 perierant
1594 4261 1776 4315 domus
1804 4261 1995 4328 Israel,
2014 4263 2202 4319 Matth.

627 4350 743 4415 XV,
773 4351 863 4415 24,
890 4360 1093 4414 tamen,
1130 4361 1192 4406 ut
1221 4350 1425 4406 ibidem
1453 4351 1517 4417 V,
1544 4351 1608 4405 2i
1660 4352 1886 4417 dicitur,
1907 4355 2113 4407 secessit
2148 4355 2205 4408 in

629 4452 807 4508 partes
830 4441 951 4515 Tyri
980 4453 1029 4496 et
1052 4442 1282 4509 Sidonis,
1309 4443 1455 4513 quod
1478 4452 1535 4499 et
1563 4444 1777 4501 Marcus
1805 4461 1925 4515 cap.
1961 4445 2053 4500 VH
2077 4460 2207 4500 con-

2227 3214 2270 3273 C

2282 607 2519 663 deletam
2563 610 2758 680 primis
2805 612 3084 668 Ecclesiae
3133 616 3388 681 saeculis,
3420 624 3478 669 et
3527 617 3588 675 ιν
3619 629 3788 693 potissi-

2282 716 2456 767 mum,
2481 717 2591 772 quo
2625 702 2872 759 Zosimas
2892 704 3132 770 vivebat,
3168 716 3232 761 ut
3257 707 3615 777 ostendemus,
3635 715 3788 789 Tyrum

2283 792 2586 849 Palaestina
2611 794 2777 850 fuisse
2802 798 3273 867 comprehensam.
3295 799 3494 854 Herodi
3514 816 3627 859 sane
3647 808 3791 885 Agrip.

2283 901 2423 955 pae,
2471 886 2657 956 nepoti
2719 888 2952 945 Herodis
3009 891 3226 961 Magni,
3283 907 3409 945 cum
3462 893 3561 948 sub
3612 898 3793 963 Caesare

2284 978 2514 1033 Claudio
2544 988 2763 1049 pareret
2800 981 3035 1036 maxima
3057 982 3296 1038 Judaeae
3331 999 3477 1053 pars,
3506 989 3792 1053 uldocetlo-

2285 1066 2489 1139 sepbus
2537 1071 2637 1125 lib.
2704 1072 2828 1127 XIX
2872 1073 3084 1144 Antiq.,
3151 1075 3429 1146 subjectos
3460 1076 3617 1135 fuisse
3653 1083 3798 1156 Tyrio.

2284 1168 2343 1215 et
2396 1162 2668 1233 Sydonios
2728 1163 2939 1219 indicat
2982 1164 3039 1220 S.
3076 1165 3253 1219 Lucas
3297 1165 3556 1221 Actorum
3600 1169 3795 1237 101,90,

2284 1251 2435 1319 Quae
2463 1269 2585 1309 cum
2620 1255 2694 1309 ita
2727 1257 2839 1312 sint
2867 1256 3071 1320 omnia,
3108 1272 3206 1312 cur
3230 1257 3499 1313 aliirmare
3524 1258 3798 1333 dubitemus,

2287 1346 2703 1413 monasterium,
2726 1347 2875 1417 quod
2902 1349 3047 1419 apud
3082 1349 3286 1421 Tyrum
3313 1349 3500 1416 fuerit,
3532 1368 3646 1409 vere
3674 1358 3799 1416 situm

2289 1436 2347 1490 in
2376 1436 2681 1491 Palaestina
2706 1438 2817 1494 dici
2843 1440 3132 1509 potuisse?
3168 1440 3417 1495 Meminit
3450 1451 3706 1511 praeterea
3728 1448 3802 1503 Zo-

2288 1527 2457 1582 simas
2488 1527 2543 1581 in
2563 1528 2803 1597 quodam
2841 1530 3098 1601 Alloquio
3126 1533 3523 1603 campestrium,
3552 1532 3637 1588 ubi
3670 1537 3731 1591 ait
3760 1556 3801 1595 se

2289 1618 2482 1675 fuisse.
2506 1619 2657 1686 Quae
2692 1619 2831 1677 haec
2857 1624 3196 1693 campestria,
3238 1622 3345 1679 nisi
3383 1637 3604 1692 campus
3627 1641 3805 1697 magnus

2288 1711 2562 1768 Galilaeae
2600 1721 2658 1768 et
2704 1714 2971 1770 latissima
3004 1715 3095 1770 illa
3139 1715 3397 1785 planities
3442 1724 3551 1769 tam
3581 1732 3721 1788 saepe
3764 1722 3803 1775 in

2293 1802 2595 1873 Scripturis
2623 1806 2965 1862 memorata?
2986 1806 3134 1861 Alibi
3158 1807 3255 1871 ait,
3277 1822 3339 1861 se
3371 1806 3734 1879 Hierosolymis
3748 1811 3809 1863 di-

2294 1905 2593 1962 versatum,
2644 1898 2798 1964 alias,
2837 1898 3130 1969 quemdam
3182 1914 3242 1953 se
3292 1897 3501 1952 vidisse
3533 1895 3806 1966 Caesareae;

2292 1989 2411 2043 loca
2440 1989 2574 2044 haec
2593 1989 2777 2044 omnia
2798 1990 3121 2045 Palestinae.
3156 1988 3401 2059 Denique
3428 1987 3585 2042 initio
3622 1990 3810 2061 Alloquii

2293 2078 2412 2134 XIII
2470 2079 2680 2134 lauram
2721 2080 2936 2135 abbatis
2986 2080 3253 2136 Gerasimi
3301 2089 3567 2134 memorat
3607 2089 3810 2151 tanquam

2292 2168 2532 2223 vicinam
2561 2169 2682 2224 loco
2706 2169 2761 2223 in
2791 2186 2902 2240 quo
2925 2178 3056 2225 tunc
3073 2170 3319 2225 Zosimas
3360 2169 3619 2239 degebat;
3654 2186 3811 2225 coeno-

2294 2261 2389 2315 bio
2407 2276 2600 2331 nempe
2622 2277 2792 2332 prope
2812 2262 3128 2326 Iordanem,
3168 2278 3279 2331 quo
3315 2277 3383 2317 ex
3415 2260 3581 2331 Tyrio
3605 2263 3799 2333 migrare

2296 2362 2381 2408 rat
2397 2372 2409 2407 :
2426 2353 2596 2408 fuisse
2608 2362 2791 2408 autem
2811 2353 3021 2408 lauram
3036 2369 3254 2424 quoque
3272 2353 3387 2408 sive
3402 2362 3646 2407 monaste
3673 2353 3682 2421 ι
3709 2354 3815 2407 rium

2296 2446 2563 2502 Gerasimi
2622 2446 2991 2517 propinquum
3032 2446 3299 2511 Jordani,
3349 2445 3501 2500 clare
3551 2444 3698 2498 docet
3738 2445 3817 2497 Mo-

2296 2538 2463 2591 schus
2481 2552 2599 2607 cap.
2626 2536 2761 2593 CVII
2791 2537 2937 2593 Prati
2964 2538 3045 2593 sic
3070 2538 3317 2593 scribens
3343 2554 3357 2591 :
3389 2553 3496 2590 uno
3539 2536 3639 2606 fere
3664 2536 3815 2589 millia-

2298 2633 2379 2685 rio
2413 2631 2576 2685 distat
2622 2648 2655 2684 a
2696 2630 2933 2685 Iordane
2955 2631 3336 2684 monasterium
3365 2628 3509 2700 quod
3554 2628 3732 2681 abbatis
3752 2628 3822 2682 Ce-

2298 2723 2483 2776 rasimi
2507 2722 2721 2775 dicitur.
2755 2721 2837 2776 Ex
2864 2721 2952 2776 his
2994 2719 3305 2786 conﬁcitur,
3324 2730 3432 2776 tam
3472 2720 3726 2775 Zosimam
3750 2720 3819 2773 Al-

2298 2813 2610 2884 loquiorum
2668 2821 2948 2867 auctorem
2972 2850 2988 2877 ,
3051 2827 3214 2882 quam
3272 2819 3612 2882 repertorem
3668 2810 3822 2865 Mariae

2298 2906 2658 2977 Aegyptiacae
2680 2907 2736 2962 in
2768 2908 3075 2964 Palaestina
3107 2906 3329 2962 vixisse.

2370 3000 2485 3055 ΧΠ.
2522 2998 2789 3056 Secundus
2809 3010 2895 3056 est
2925 3001 3211 3055 character
3240 2995 3553 3053 identitatis
3588 2995 3825 3065 utriusque

2299 3092 2572 3159 Zosimae,
2602 3093 2799 3165 genius
2821 3092 3107 3147 amborum
3139 3107 3284 3146 unus
3310 3105 3374 3144 ac
3416 3105 3621 3144 mores.
3652 3088 3826 3143 Relator

2300 3185 2563 3241 Actorum
2586 3185 2804 3250 Mariae,
2827 3184 2975 3255 quod
3008 3200 3039 3239 e
3062 3183 3269 3255 scripto
3311 3181 3573 3253 anonymi
3622 3177 3828 3234 monachi

2303 3284 2473 3347 patet,
2508 3276 2705 3333 doctus
2754 3276 2978 3347 quidem
3016 3282 3074 3331 et
3106 3275 3349 3330 disertus
3385 3272 3475 3327 vir
3520 3271 3642 3335 fuit,
3674 3270 3828 3325 docere

2304 3376 2482 3423 tamen
2514 3368 2637 3423 viva
2675 3376 2995 3439 praesentes
3026 3382 3159 3422 voce
3198 3372 3498 3422 contentus
3524 3380 3555 3420 a
3589 3361 3832 3419 scribendo

2302 3458 2589 3513 abstinuit.
2651 3458 2954 3515 Audiamus
3002 3457 3109 3513 hoc
3166 3466 3461 3512 testantem
3516 3468 3831 3525 anonymnm;

2302 3551 2383 3606 sic
2420 3566 2570 3605 num.
2606 3549 2642 3604 2
2679 3550 2873 3605 scribit
2911 3568 2926 3604 :
2972 3549 3081 3605 Iste
3125 3548 3363 3603 Zosimas
3400 3548 3715 3602 orthodoxus
3746 3545 3834 3614 fuit,

2302 3643 2392 3712 qui
2414 3642 2468 3695 in
2499 3657 2604 3695 uno
2627 3641 3072 3695 monasteriorum
3097 3638 3119 3712 ἶ
3144 3656 3341 3710 nempe
3387 3639 3582 3711 Tyrio,
3612 3654 3677 3693 ex
3710 3650 3834 3703 supra

2302 3730 2497 3804 dictis]
2536 3734 2599 3787 ab
2636 3733 2785 3787 initio
2837 3741 3188 3797 conversatus,
3231 3748 3323 3802 per
3349 3748 3507 3785 omne
3552 3729 3837 3784 exercitatio-

2302 3827 2383 3879 nis
2411 3824 2625 3897 [graece
2649 3824 2869 3899 ascesis]
2898 3840 3059 3896 genus
3088 3824 3336 3895 probatus
3366 3833 3467 3888 est,
3498 3831 3550 3877 et
3580 3823 3649 3876 ad
3675 3835 3837 3874 omnem

2304 3918 2553 3972 uirtutem
2579 3924 2925 3987 congruenter
2951 3918 3247 3982 institutus,
3286 3924 3461 3969 totum
3493 3915 3701 3987 quidem
3728 3912 3838 3966 ordi-

2304 4025 2423 4065 nem
2446 4009 2502 4063 in
2529 4008 2782 4063 eiusmodi
2807 4007 3082 4079 palaestra
3118 4008 3335 4062 solitum
3359 4007 3573 4062 servari
3590 4006 3838 4063 custodirit.

2304 4100 2473 4155 multa
2510 4116 2629 4154 vero
2658 4108 2705 4153 et
2741 4109 2927 4171 sponte
2956 4100 3166 4165 adiecit,
3192 4100 3369 4154 volens
3410 4115 3635 4154 carnem
3677 4095 3840 4167 spiritui

2303 4192 2593 4258 subiicere;
2620 4190 2756 4262 quod
2803 4192 2880 4245 ita
2911 4191 2958 4245 ei
3004 4192 3267 4256 successit,
3302 4201 3364 4245 ut
3400 4202 3625 4262 prapter
3666 4187 3841 4242 multa:

2305 4301 2481 4339 rerum
2513 4284 2876 4356 spiritualium
2919 4285 3295 4355 experientiam
3332 4284 3556 4356 saepius
3587 4299 3649 4336 ea:
3684 4280 3843 4337 cicutis.

2306 4380 2580 4433 autetiam
2619 4378 2981 4432 remotioribus
3027 4378 3357 4432 monasteriis
3384 4378 3458 4431 ad
3506 4393 3628 4431 eum
3659 4374 3845 4442 conﬂue-

2306 4482 2422 4526 rent
2476 4471 2672 4542 plures,
2701 4472 2864 4543 ipsius
2912 4471 3154 4525 doctrina
3208 4469 3278 4525 ad
3313 4470 3689 4541 perfectionem
3721 4463 3848 4533 infor-

631 4536 830 4599 ﬁrmat,
862 4543 918 4589 et
944 4535 1018 4589 ibi
1052 4535 1263 4591 curavit
1297 4535 1461 4590 ﬁliam
1489 4535 1866 4599 Chananaeae,
1899 4546 2065 4607 prout
2103 4536 2205 4592 ibi-
2234 4558 2279 4618 ι)
2305 4535 2505 4617 mandi.
2528 4562 2607 4617 na
2634 4535 2744 4617 ille:
2783 4562 2868 4617 An
2901 4578 3011 4617 non
3053 4563 3187 4618 haec
3215 4570 3273 4617 ει
3312 4535 3669 4618 δοὼείοηεω
3711 4566 3760 4613 ε,
3784 4572 3849 4609 π.

625 4632 749 4682 «lem
798 4626 1175 4697 Evangelistae
1226 4638 1483 4693 narrant;
1545 4628 1699 4697 quasi
1749 4638 1808 4683 ut
1852 4628 2201 4694 ostenderet,

630 4717 955 4773 Phoenicem
976 4718 1086 4788 jam
1113 4726 1227 4771 tum
1252 4717 1317 4771 ad
1345 4716 1737 4782 PalaeStinam,
1766 4726 1930 4787 prout
1958 4717 2094 4773 haec
2128 4718 2207 4773 Is-
2305 4716 2503 4803 gubd“
2542 4762 2668 4802 mox

2305 4666 2623 4726 gumentum
2645 4655 2843 4710 horum
2871 4655 3250 4725 Alloquiorum
3277 4654 3579 4710 manifeste
3615 4646 3851 4707 indicant?

2716 4747 2862 4803 idem
2891 4765 2905 4800 :
2950 4746 3083 4803 Cum
3116 4755 3293 4801 autem
3324 4754 3546 4801 tantam
3592 4747 3852 4801 animarum

631 4810 930 4866 raeliticam
966 4811 1242 4883 regionem
1272 4811 1515 4875 denotat,
1561 4813 1910 4882 pertinuisse.
1938 4812 2100 4869 Certe
2146 4812 2205 4867 in
2305 4842 2712 4895 tractandan
2768 4841 3019 4911 pen-“am
3065 4849 3333 4896 mecum,
3377 4849 3521 4895 me,
3554 4853 3851 4903 “mam-

629 4904 875 4959 historiis
910 4920 1188 4959 sacrarum
1228 4905 1635 4974 expeditionum
1672 4905 1895 4977 Tyrum,
1922 4904 2201 4972 Sidonem,

626 5008 685 5052 et
717 4997 1064 5051 Phoeniciam
1094 4996 1403 5050 universam
1442 4996 1777 5050 Palaestinae
1814 5004 2023 5066 partem
2057 4996 2206 5051 vide-

629 5109 754 5148 mus
798 5093 1059 5147 habitam.
1105 5090 1458 5160 Autiquiores
1492 5104 1624 5143 vero
1660 5090 1819 5159 longe
1864 5091 2026 5146 latius
2069 5090 2205 5147 lines

630 5188 967 5243 Palaestinae
984 5193 1364 5257 porrexerunt,
1387 5194 1445 5237 ut
1459 5182 1705 5247 Ovidius,
1724 5184 1817 5253 qui
1835 5183 2009 5254 ripam
2026 5184 2203 5256 Tigris

631 5279 811 5335 amnis
830 5280 1130 5351 marginem
1152 5280 1488 5335 Palaestinae
1510 5291 1666 5335 vocat
1686 5279 1779 5333 illo
1792 5296 1947 5334 versu
1974 5280 2116 5335 Fast.
2135 5279 2201 5334 II.

824 5382 993 5453 Inque
1020 5382 1357 5438 Palaestinae
1388 5386 1625 5456 margine
1650 5384 1783 5438 sedit
1818 5401 2011 5455 aquae,

631 5486 998 5557 adstipulante
1042 5488 1253 5553 Plinio,
1306 5490 1400 5560 qui
1454 5490 1549 5545 lib.
1599 5490 1661 5545 γι
1697 5505 1817 5560 cap.
1852 5490 1923 5544 28
1970 5489 2203 5547 Sittace-

634 5594 758 5632 nem
798 5580 1073 5649 regionem
1103 5580 1249 5651 Tigri
1288 5582 1604 5637 continuam
1634 5582 1972 5637 Palaestinae
1999 5576 2204 5637 accen-

635 5678 751 5733 set;
776 5677 837 5722 ut
856 5670 1103 5725 omittam
1131 5671 1277 5741 quod
1310 5681 1543 5727 testatur
1585 5674 1929 5737 Plutarchus,
1964 5674 2208 5744 Strymo-

638 5775 762 5813 nem
788 5759 1132 5816 Macedoniae
1156 5761 1381 5816 ﬂuvium
1411 5762 1779 5818 Palaestinum
1803 5762 1933 5817 olim
1954 5762 2164 5817 dictum
2189 5779 2202 5817 :

637 5851 778 5907 cur?
810 5851 913 5907 nisi
939 5852 1087 5922 quod
1123 5854 1427 5910 Palaestina
1456 5870 1522 5911 eo
1551 5870 1721 5921 usque
1759 5853 2009 5924 protendi
2054 5853 2206 5910 vidc-

2305 4950 2467 5003 quam
2497 4932 2767 4987 remissius
2794 4934 2897 5005 egit
2926 4935 2982 4987 in
3017 4934 3359 4988 meditatione
3385 4932 3726 5004 eloquiorum
3751 4927 3855 4981 diri-

2306 5043 2515 5089 norum,
2540 5027 2631 5080 sed
2667 5026 2941 5081 insistebat
2970 5027 3177 5092 iisdem,
3216 5044 3308 5082 seu
3332 5026 3672 5079 decumberet
3700 5029 3855 5079 strato,

2302 5136 2395 5174 seu
2432 5128 2751 5190 assurgeret,
2771 5118 2853 5172 vel
2876 5119 3149 5189 quidpiam
3175 5120 3415 5174 manibus
3440 5127 3756 5189 aperaretsr
3773 5120 3855 5167 cet.

2303 5211 2582 5281 Nusquam
2616 5211 2707 5266 hic
2734 5212 3051 5282 scriptionis
3080 5212 3326 5277 mentio;
3358 5228 3472 5281 qua
3490 5222 3652 5267 certo
3682 5217 3733 5263 et
3754 5208 3859 5259 irre-

2304 5304 2538 5359 vocabili
2573 5303 2783 5375 judicio
2821 5303 3155 5360 abstinuisse
3194 5303 3475 5359 Zosimam
3532 5304 3675 5358 nihil
3725 5313 3862 5369 magis

2305 5392 2569 5461 declarat,
2604 5410 2770 5466 quam
2815 5395 2964 5467 quod
2997 5395 3132 5451 Acta
3170 5404 3281 5450 tam
3330 5394 3478 5449 mira
3532 5394 3732 5449 Mariae
3756 5406 3859 5462 poe-

2306 5483 2555 5549 nitentis,
2594 5498 2829 5553 quorum
2876 5500 3022 5539 unus
3057 5494 3203 5539 esset
3247 5483 3364 5555 ipse
3412 5484 3713 5545 conscius,
3757 5478 3865 5534 sui-

2307 5577 2418 5647 ptis
2438 5576 2585 5631 haud
2610 5577 2970 5641 commiserit,
3001 5592 3228 5633 narrare
3259 5576 3433 5631 verbo
3477 5576 3622 5631 satis
3671 5572 3861 5629 habeas.

2308 5669 2400 5723 Sic
2430 5667 2579 5722 enim
2618 5668 2853 5723 habetur
2893 5683 3046 5722 num.
3092 5667 3160 5722 40
3200 5666 3452 5722 eiusdem
3504 5661 3863 5723 narrationis:

2307 5761 2545 5817 Zosimas
2574 5779 2809 5818 reversus
2854 5764 2911 5819 in
2942 5766 3245 5820 coenobium
3269 5762 3337 5834 [a
3374 5774 3581 5820 curato
3604 5763 3661 5818 S.
3701 5756 3866 5814 Mariae

2310 5854 2667 5927 Aegyptiacae
2696 5856 2931 5928 funere]
2966 5859 3205 5913 narravit
3232 5858 3410 5913 omnia
3441 5856 3737 5919 monachis,
3765 5843 3869 5906 nihil
