3950 6546
138 233 232 290 διδ

1102 238 1194 294 AD
1230 236 1593 296 OPUSCULA
1631 238 1687 296 Β.
1730 237 2011 293 MACARII
2051 238 2391 297 AEGYPTII.

3263 247 3375 307 316

137 371 304 410 eorum
326 371 463 426 quae
485 355 731 412 audierat
748 373 812 413 ac
830 358 1032 414 viderat
1051 360 1291 415 reticens.
1320 362 1490 418 Paulo
1527 372 1652 433 post
1682 379 1696 415 :
1725 370 1774 426 Α
1800 362 1944 416 malo
1974 371 2059 417 est
2096 361 2395 418 abscedere
2432 364 2770 434 compulsus.
2802 366 2958 423 Unde
2999 368 3062 423 ob
3098 384 3215 425 eam
3242 387 3373 426 catt-

134 447 598 502 Perseuerauerunt
642 458 823 505 autem
869 453 1114 507 monachi
1155 453 1284 507 haec
1313 456 1429 525 ipsa
1462 472 1555 525 per
1582 465 1696 508 tra-

134 538 374 591 ditionem
430 538 775 595 discentes....
831 542 924 596 sed
973 559 1079 597 non
1145 544 1323 599 audiui
1381 562 1697 616 quemquam

133 631 318 701 scripto
349 631 602 701 signasse.
646 632 797 687 Adeo
844 649 875 687 a
903 635 1194 690 scribendo
1226 636 1390 691 alieni
1430 645 1587 691 erant
1618 637 1697 691 illi

132 729 340 776 veteres
393 729 609 777 ascetae
648 724 844 789 sancti,
894 725 998 779 sibi
1040 726 1297 782 videlicet
1342 743 1411 782 ex
1445 728 1721 783 instituto-

133 813 261 882 unis.
280 821 559 878 vacantes,
593 816 846 884 exemplo
886 815 1109 872 Antonii
1149 818 1347 889 Magni,
1383 818 1478 889 qui
1513 820 1699 891 cogni-

130 913 234 959 tam
264 918 296 957 a
328 919 387 958 se
416 904 534 959 solo
565 904 875 960 mirabilem
906 907 1074 961 vitam
1111 908 1265 963 Pauli
1290 908 1454 980 primi
1492 910 1694 965 eremi-

129 1004 229 1060 tae,
262 994 453 1049 multis
501 995 634 1050 licet
680 996 838 1053 annis
874 998 927 1053 ei
979 1007 1279 1071 superstes,
1318 1016 1423 1057 nec
1454 1002 1693 1073 scripsit,

126 1101 222 1141 nec
250 1086 502 1152 dictavit,
542 1102 678 1143 voce
725 1096 935 1143 tantum
978 1105 1205 1145 narrare
1251 1099 1562 1159 contentus,
1600 1109 1697 1164 po-

125 1178 369 1235 steritate
403 1179 458 1234 id
498 1179 834 1250 ignoratura,
864 1181 972 1237 nisi
1004 1181 1367 1255 Hieronymus
1389 1185 1542 1239 Pauli
1575 1201 1694 1240 me-

124 1271 350 1325 moriam
376 1286 408 1325 e
438 1270 724 1342 discipulis
741 1270 966 1328 Antonii
988 1282 1326 1344 compertam
1351 1275 1529 1331 literis
1560 1292 1693 1331 con-

122 1362 407 1432 signasset.
440 1364 525 1419 Ad
556 1379 719 1435 quem
755 1365 979 1419 modum
998 1365 1260 1433 Zosimas,
1291 1383 1431 1438 quae
1455 1368 1694 1425 admira-

122 1455 252 1510 bilia
284 1456 356 1510 de
388 1456 555 1512 Maria
584 1457 903 1527 poenitente
930 1458 1185 1515 sensibus
1209 1475 1471 1530 praesens
1499 1462 1697 1517 hause-

124 1556 220 1609 rat,
247 1549 375 1611 etsi,
406 1563 532 1603 cum
579 1549 954 1604 centenariam
990 1550 1232 1621 attigerit
1261 1560 1516 1619 aetatem,
1545 1561 1607 1608 ut
1636 1554 1691 1609 in

123 1641 261 1694 Vitis
301 1642 527 1696 Patrum
566 1641 664 1695 lib.
702 1641 869 1713 lpag.
897 1643 1002 1698 299
1040 1644 1245 1699 diserte
1286 1645 1538 1711 traditur,
1595 1648 1695 1702 tri-

122 1734 267 1804 ginta
307 1734 439 1789 totis
463 1734 752 1789 minimum
784 1736 944 1791 annis
975 1736 1176 1793 Mariae
1212 1738 1571 1810 Aegyptiacae
1598 1756 1694 1795 su-

120 1826 454 1897 pervixerit,
500 1834 686 1882 tamen
734 1842 840 1884 nec
889 1828 1028 1898 ipse,
1075 1845 1181 1885 nec
1219 1830 1342 1885 eius
1382 1847 1549 1886 suasu
1601 1842 1697 1887 aut

120 1926 311 1990 sponte
353 1934 453 1974 sua
499 1918 792 1989 quisquam
834 1921 1148 1977 auditorum
1183 1922 1332 1978 illius
1376 1939 1439 1978 ea
1485 1925 1696 1979 curavit

118 2010 168 2064 in
195 2009 457 2067 chartam
489 2008 731 2075 mittere,
762 2008 939 2064 donec
985 2026 1110 2065 sero
1138 2011 1349 2066 exstitit
1394 2028 1697 2085 anonymus

117 2102 440 2166 monachus,
474 2101 568 2170 qui
604 2102 718 2156 Deo
742 2108 998 2157 movente
1024 2102 1186 2157 talem
1214 2117 1433 2172 operam
1460 2105 1698 2174 posteris

118 2202 422 2266 praestaret
459 2212 472 2247 :
513 2210 678 2264 quem
725 2194 985 2265 equidem
1025 2195 1227 2267 ipsum,
1260 2206 1358 2252 aut
1399 2198 1587 2253 divino
1624 2198 1697 2253 si-

116 2287 225 2341 mili
272 2295 485 2342 motum
524 2288 762 2358 impulsu
811 2288 982 2344 alium
1013 2304 1045 2345 e
1078 2290 1383 2347 coenobitis
1426 2293 1511 2348 vel
1547 2293 1697 2365 Tyrii

117 2377 348 2449 prioris,
380 2378 477 2433 ubi
507 2378 753 2434 Zosimas
779 2379 875 2434 diu
904 2380 1062 2446 vixit,
1091 2381 1179 2436 vel
1213 2382 1441 2438 alterius
1471 2382 1694 2438 Jordani

114 2467 436 2540 propinqui,
495 2483 605 2539 quo
662 2468 771 2524 iam
820 2460 987 2526 senex
1048 2471 1323 2542 migravit,
1377 2473 1695 2528 monasterii

114 2558 433 2628 quempiam
461 2557 794 2613 crediderim
825 2558 962 2614 haec
987 2560 1168 2625 nobis,
1214 2576 1354 2630 quae
1393 2571 1489 2616 aut
1516 2563 1631 2633 ipse
1664 2578 1696 2617 a

110 2650 331 2704 Zosima
364 2648 636 2713 audierat,
673 2657 768 2703 aut
795 2649 1212 2705 erel'erentibus
1238 2659 1518 2721 cognorat,
1551 2651 1699 2707 Allo-

114 2742 236 2812 quia
260 2730 540 2803 servasse,
572 2739 643 2793 iis
672 2740 879 2810 scripto
911 2742 1363 2812 complectendis.

205 2835 216 2904 |
250 2834 495 2888 Tertium
519 2841 697 2887 exstat
718 2832 983 2887 indicium
1016 2848 1048 2888 a
1086 2843 1333 2905 tempore
1352 2837 1603 2901 ductum,
1637 2836 1694 2890 ni

111 2926 290 3002 fallor,
319 2927 629 2981 vehemens
658 2924 728 2979 ad
758 2925 1124 2991 suadendum,
1165 2927 1226 2982 B.
1266 2928 1561 2993 Zosimam,
1597 2945 1697 2984 cu-

1798 468 1916 506 sam
1934 452 2144 506 tandem
2161 455 2310 507 cessit
2332 455 2651 525 episcopatu,
2667 464 2725 508 ut
2741 458 3023 527 pristinum
3047 459 3143 513 sibi
3163 460 3379 531 linguae

1798 542 2032 613 officium
2058 544 2364 599 redderetur
2390 561 2410 599 :
2437 546 2603 601 verba
2624 554 2753 601 sunt
2783 547 3108 612 Marcellini,
3132 550 3227 618 qui
3250 566 3374 605 mox

1797 634 1953 691 addit
1989 652 2001 689 :
2030 653 2133 689 non
2162 652 2244 691 res
2282 638 2529 708 antiquas
2558 639 2948 709 referimus.....
2980 656 3107 693 nam
3136 650 3185 693 et
3228 642 3382 695 hodie

1797 726 2038 782 Zosimas
2067 729 2123 803 in
2152 744 2370 799 corpore
2408 740 2506 795 est,
2538 747 2694 784 usum
2733 730 2944 802 linguae
2982 747 3086 785 non
3108 722 3379 798 amittens,

1796 828 2076 890 postquam
2116 819 2309 876 maluit
2351 838 2470 876 cum
2505 823 2787 877 amissione
2822 824 3147 893 episcopatus
3184 825 3378 878 vivere.

1796 910 1982 966 Videri
2018 920 2201 981 potest
2246 912 2338 967 hic
2372 913 2618 968 Zosimas
2661 923 2773 969 tam
2825 914 3068 969 evidenti
3111 915 3381 969 miraculo

1796 998 2115 1069 resipuisse,
2148 1015 2289 1070 quae
2328 1015 2494 1055 causa
2528 1001 2758 1057 fortasse
2797 1003 2966 1057 fuerit
3002 1017 3272 1074 anonymo
3310 1003 3379 1059 de

1795 1089 1917 1144 eius
1945 1104 2134 1145 errore
2174 1100 2234 1145 ut
2255 1092 2554 1161 praeterito
2585 1093 2866 1162 loquendi.
2896 1094 3172 1165 Quidquid
3219 1096 3276 1150 in
3318 1111 3381 1151 re

1796 1181 1887 1247 sit,
1921 1197 1990 1237 ex
2016 1182 2103 1237 his
2130 1182 2418 1248 habemus,
2459 1191 2517 1239 et
2548 1183 2604 1238 S.
2629 1184 2900 1239 Zosimam
2927 1196 2983 1240 et
3024 1187 3192 1241 alium
3230 1187 3381 1242 eius-

1796 1269 1920 1325 dem
1948 1271 2189 1327 nominis
2214 1287 2325 1326 non
2350 1280 2602 1326 sanctum
2627 1272 2823 1327 eodem
2852 1282 3117 1344 tempore,
3138 1276 3243 1331 hoc
3270 1286 3377 1342 est,

1796 1363 1900 1417 sub
1925 1362 2089 1418 ﬁnem
2117 1364 2300 1433 quarti
2345 1363 2549 1419 saeculi
2579 1363 2802 1418 vixisse.
2836 1364 2951 1419 Hoc
2988 1366 3211 1435 quidem
3252 1366 3377 1421 hie-

1798 1454 2133 1507 romonacho
2169 1454 2229 1507 Β.
2262 1452 2446 1507 abbati
2485 1453 2733 1509 Zosimae
2762 1456 3043 1525 competit.
3073 1457 3209 1510 Nam
3249 1474 3377 1513 cum

1795 1541 1984 1597 Daniel
2005 1544 2414 1614 Papebrochius
2446 1553 2636 1599 noster
2662 1544 2818 1599 Tom.
2858 1545 2879 1600 Ι
2912 1545 3087 1617 April.
3140 1564 3263 1619 pag.
3306 1550 3379 1603 68

1797 1643 1988 1705 argute
2017 1634 2360 1690 demonstret
2400 1651 2469 1689 ex
2508 1635 2828 1691 charactere
2856 1637 3118 1703 Paschae,
3162 1639 3217 1694 S.
3266 1640 3378 1696 Ma-

1797 1728 1934 1782 riam
1987 1728 2373 1801 Aegyptiacam
2414 1729 2617 1785 obiisse
2672 1731 2761 1785 die
2816 1730 2836 1785 l
2876 1731 3052 1801 April.
3084 1748 3375 1802 parasceve

1796 1819 2035 1875 PaSchae
2066 1835 2210 1875 anno
2240 1820 2445 1877 Christi
2473 1820 2598 1886 452,
2659 1830 2951 1892 postquam
2994 1825 3173 1893 pridie
3213 1841 3244 1880 a
3272 1827 3378 1880 Zo-

1797 1910 1933 1965 sima
1962 1910 2184 1966 circiter
2226 1911 2647 1982 septuagenario
2674 1927 2889 1966 sacrum
2927 1912 3131 1969 Christi
3177 1931 3375 1989 corpo-

1796 2002 1876 2057 ris
1913 2010 1970 2057 et
2009 2002 2289 2073 sanguinis
2326 2002 2587 2057 viaticum
2631 2004 2988 2074 percepisset,
3021 2007 3373 2062 manifestum

1796 2101 1900 2156 est,
1940 2109 2069 2148 eum
2106 2093 2296 2148 multis
2332 2093 2493 2147 annis
2518 2100 2643 2147 ante
2683 2094 3183 2166 quingentesimum
3214 2113 3374 2153 aerae

1795 2185 1997 2241 Christi
2017 2202 2129 2241 non
2160 2186 2335 2240 solum
2373 2185 2596 2251 vixisse,
2637 2185 2733 2241 sed
2773 2186 2937 2241 vitam
2978 2187 3145 2241 etiam
3182 2189 3378 2242 asceti-

1796 2293 1915 2333 cam
1960 2278 2303 2333 sanctissime
2348 2278 2585 2332 coluisse
2654 2278 2709 2332 in
2756 2279 2927 2349 priori
2969 2280 3113 2350 apud
3172 2280 3377 2351 Tyrum

1796 2368 2148 2433 monasterio,
2172 2385 2238 2423 ex
2263 2384 2394 2438 quo,
2437 2378 2732 2438 antequam
2767 2371 2822 2423 in
2854 2369 2999 2424 aliud
3044 2370 3260 2425 lordani
3300 2371 3379 2425 ci-

1798 2458 1992 2513 timum
2057 2460 2337 2530 migraret,
2399 2461 2567 2514 vitam
2620 2460 2931 2530 religiosam
2983 2477 3042 2516 se
3090 2462 3146 2517 in
3197 2464 3378 2532 primo

1795 2550 2106 2606 exercuisse
2153 2566 2252 2620 per
2290 2566 2463 2613 annos
2510 2560 2623 2605 tres
2672 2560 2728 2606 et
2778 2552 3172 2622 quinquaginta
3237 2552 3379 2622 ipse,

1798 2656 1861 2699 ut
1893 2643 2050 2713 prius
2075 2643 2337 2707 vidimus,
2383 2651 2634 2697 testatur.
2686 2642 2988 2698 Conﬁrmat
3028 2644 3171 2700 hanc
3213 2645 3382 2698 chro-

1796 2734 2068 2805 nologiam
2127 2742 2273 2788 totus
2316 2734 2696 2803 Alloquiorum
2762 2734 3009 2789 Zosimae
3063 2744 3377 2789 contextus.

1795 2825 1932 2880 Nam
1982 2824 2059 2878 ibi
2120 2834 2177 2879 et
2220 2825 2505 2895 Evagrius,
2569 2841 2680 2879 non
2734 2826 2825 2880 ille
2887 2826 3214 2896 Origenista,
3280 2826 3378 2883 sed

1797 2916 1940 2970 alius
1970 2916 2247 2985 antiquior
2273 2916 2652 2971 sanctissimus
2692 2916 2913 2971 Macarii
2956 2917 3279 2987 discipulus,
3321 2926 3380 2974 et

111 3021 192 3076 ius
218 3020 369 3074 haec
404 3020 656 3090 Alloquia
688 3034 891 3074 nomen
914 3019 1255 3090 praeferunt,
1294 3022 1531 3076 eundem
1579 3038 1698 3078 esse

1801 3007 2146 3071 Pachomius,
2179 3008 2380 3077 aliique
2414 3008 2561 3078 paris
2600 3008 2945 3078 antiquitatis
2984 3018 3243 3079 tanquam
3280 3009 3382 3065 ho-

112 3115 312 3184 ipsum,
344 3114 441 3183 qui
482 3112 535 3168 S.
566 3115 791 3169 Mariam
831 3114 1219 3186 Aegyptiacam
1259 3115 1531 3186 sepelivit.
1577 3116 1698 3171 Non

109 3207 314 3260 multos
342 3220 444 3275 per
486 3221 550 3260 ea
580 3213 827 3275 tempora
868 3205 1013 3260 fama
1045 3206 1293 3261 celebres
1340 3207 1509 3262 fuisse
1544 3208 1699 3262 Zosi-

110 3312 224 3351 mas
248 3296 468 3350 indicat
506 3310 810 3367 anonymus
844 3296 1027 3351 editor
1055 3296 1313 3352 Actorum
1346 3298 1567 3365 Mariae,
1604 3299 1700 3369 qui

108 3403 268 3444 suum
322 3402 455 3441 cum
499 3397 691 3441 nostro
723 3387 1103 3458 cognominem
1143 3397 1219 3454 et,
1277 3398 1338 3444 ut
1383 3391 1696 3456 credimus,

110 3494 282 3533 unum
344 3479 695 3549 eundemque
744 3494 777 3534 a
822 3480 1036 3536 cunctis
1086 3482 1403 3553 synonymis
1455 3498 1514 3537 se
1568 3485 1702 3539 satis

105 3572 437 3627 distinxisse
470 3571 725 3638 credidit,
757 3572 850 3627 ubi
895 3588 1023 3628 eum
1055 3574 1125 3628 ab
1167 3590 1279 3629 uno
1329 3575 1697 3642 discrevisset,

106 3662 223 3715 solo
266 3661 541 3715 videlicet
586 3671 719 3716 tunc
752 3669 886 3717 noto
929 3662 1037 3717 alio
1084 3662 1321 3718 Zosima.
1356 3665 1439 3719 En
1490 3664 1545 3719 id
1581 3668 1701 3722 eius

107 3754 376 3810 testantia
409 3754 578 3809 verba
607 3772 621 3808 :
648 3753 816 3811 Nemo
869 3766 1049 3808 autem
1079 3755 1426 3827 appellationi
1469 3756 1569 3811 soli
1613 3759 1700 3812 in-

103 3848 335 3901 haerens
362 3863 661 3901 sermonem
695 3846 823 3900 mihi
862 3846 1121 3901 existimet
1156 3864 1267 3901 esse
1304 3848 1367 3902 de
1387 3865 1447 3903 eo
1464 3848 1698 3916 Zosima,

100 3941 194 4010 qui
262 3942 417 3994 circa
471 3939 769 3992 doctrinam
829 3936 1013 4008 lapsus
1070 3940 1243 3993 minus
1301 3948 1438 3994 recte
1500 3942 1695 4011 sapuit.

101 4034 257 4089 Alius
298 4034 450 4087 enim
477 4033 578 4097 hic,
629 4038 681 4085 et
732 4030 824 4086 ille
871 4031 1032 4097 alius,
1082 4032 1409 4103 multumque
1453 4033 1703 4105 differunt

101 4124 247 4178 inter
272 4139 359 4188 se,
393 4123 631 4192 quamvis
660 4120 1121 4176 nomenclaturam
1163 4123 1317 4177 ambo
1342 4123 1563 4177 eandem
1583 4140 1702 4177 sor-

102 4216 208 4269 titi.
253 4214 358 4269 Sic
398 4214 518 4268 ille.
559 4212 623 4267 In
669 4212 831 4269 cuius
877 4213 1063 4268 verbis
1109 4213 1157 4269 si
1208 4215 1527 4284 quaerimus
1581 4215 1706 4286 quis

98 4305 173 4361 sit
227 4306 329 4360 ine
387 4305 528 4361 alius
568 4304 835 4370 Zosimas,
882 4306 971 4376 qui
1008 4307 1149 4360 circa
1181 4306 1477 4361 doctrinam
1522 4306 1702 4380 lapsus

1804 3100 1979 3154 mines
2006 3099 2242 3154 recentis
2264 3102 2561 3154 memoriae
2596 3101 2985 3167 nominantur;
3029 3099 3126 3155 sed
3158 3110 3215 3155 et
3253 3116 3379 3155 cum

1801 3192 1906 3245 alia
1947 3191 2255 3245 referantur
2294 3207 2361 3244 ex
2385 3191 2523 3245 Vitis
2543 3200 2599 3245 et
2629 3191 2780 3246 Actis
2809 3193 3053 3257 Patrum,
3084 3192 3224 3246 nihil
3259 3209 3380 3247 om-

1800 3282 1933 3336 nino
1974 3282 2225 3352 proditur
2262 3298 2373 3336 non
2436 3297 2580 3337 anno
2631 3283 2836 3338 Christi
2867 3284 3385 3356 sesquiquingente-

1801 3374 1941 3429 simo
1990 3373 2257 3427 anterius.
2317 3374 2396 3427 Ex
2450 3373 2537 3428 his
2589 3374 2801 3445 corrige
2852 3391 2992 3445 quae
3059 3376 3383 3431 Rosweidus

1800 3476 1990 3521 noster
2014 3506 2030 3530 ,
2067 3464 2240 3535 decep
2272 3464 2281 3535 Ι
2316 3475 2404 3520 tus
2452 3476 2714 3535 corrupto
2759 3467 3073 3538 apographo
3116 3466 3382 3521 Actorum

1799 3564 2160 3637 Aegyptiacae
2213 3563 2415 3618 Mariae
2462 3563 2566 3618 sub
2615 3564 2754 3618 falso
2809 3563 3033 3618 nomine
3087 3563 3380 3633 Sophronii

1798 3660 2040 3729 vulgato,
2075 3656 2358 3710 annotavit
2404 3654 2474 3709 ad
2513 3655 2664 3710 Vitas
2706 3657 2927 3710 Patrum
2978 3670 3101 3725 pag.
3142 3655 3249 3709 299
3297 3655 3384 3709 his

1799 3751 1985 3807 verbis
2024 3767 2037 3803 :
2082 3749 2292 3805 Claruit
2330 3747 2506 3802 Maria
2546 3748 2867 3818 Aegyptiam
2916 3747 3233 3817 temporibus
3280 3745 3380 3800 Ju-

1798 3843 1925 3896 stini
1976 3841 2198 3896 senioris
2248 3841 2390 3893 circa
2441 3856 2644 3893 annum
2693 3837 2908 3892 Domini
2952 3837 3074 3891 520.
3126 3837 3203 3891 Ea
3232 3837 3381 3891 enim

1800 3934 2264 3991 metacbronismo
2310 3932 2560 3986 laborare
2611 3929 2810 4000 integri
2856 3928 2970 3983 fere
3011 3927 3217 3982 saeculi
3250 3943 3383 3982 eru-

1801 4027 1914 4082 dite
1942 4026 2282 4080 demonstrat
2301 4038 2465 4093 supra
2490 4020 2743 4075 laudatus
2766 4020 3193 4090 Papebrochius,
3218 4035 3383 4089 quem

1801 4120 1929 4175 vide
1965 4119 2121 4172 Tom.
2157 4118 2178 4171 Ι
2210 4115 2414 4186 Aprilis
2442 4130 2471 4167 a
2517 4130 2636 4184 pag.
2680 4114 2747 4167 67
2794 4113 2863 4168 ad
2911 4114 2996 4166 70.
3036 4113 3160 4167 lure
3216 4112 3387 4182 igitur

1803 4217 1993 4264 nostro
2032 4207 2138 4261 hoc
2165 4204 2523 4276 Opusculum,
2556 4204 2615 4258 B.
2645 4203 2893 4257 Zosimae
2930 4201 3185 4271 Alloquia
3230 4217 3384 4255 com-

1805 4301 2092 4372 plectens,
2129 4295 2436 4367 superiori,
2484 4295 2631 4366 quod
2678 4295 2733 4349 S.
2778 4292 3221 4363 Amphilochium
3271 4291 3388 4345 lco-

99 4400 287 4452 minus
326 4406 474 4452 recte
497 4398 698 4468 sapuit,
744 4396 967 4453 docebit
1002 4398 1057 4453 id
1108 4413 1212 4453 nos
1248 4398 1597 4454 Marcellinus
1642 4398 1701 4453 in
1733 4388 1776 4443 Ι)
1804 4394 2053 4450 niensem
2096 4390 2415 4461 episcopum
2466 4388 2632 4442 ιιθδθῐ
2677 4396 2991 4449 auctorem,
3037 4384 3153 4437 Sine
3202 4382 3387 4437 1ηοάίο

100 4490 200 4545 lib.
226 4492 314 4547 De
353 4490 657 4546 schismate
692 4490 925 4547 Ursicini
956 4499 1013 4546 et
1038 4491 1277 4554 Damasi,
1312 4506 1475 4561 quem
1499 4491 1703 4545 librum

97 4598 228 4637 cum
282 4599 363 4637 ex
416 4583 628 4637 recenti
689 4583 955 4637 memoria
1000 4583 1305 4653 scripserit,
1351 4583 1706 4655 intelligimus

98 4675 225 4729 eius
245 4683 547 4730 auctorem
576 4674 680 4729 sub
707 4676 959 4738 Damaso,
988 4683 1085 4729 aut
1110 4674 1275 4744 paulo
1294 4682 1435 4745 post,
1464 4676 1569 4730 hoc
1599 4685 1703 4742 est,

96 4766 345 4820 circiter
402 4779 611 4819 annum
647 4764 859 4820 Christi
912 4764 1015 4819 590
1068 4764 1341 4820 ﬂoruisse.
1398 4765 1480 4819 Ibi
1520 4775 1706 4821 autem

97 4856 375 4914 meminit
404 4854 690 4911 cuiusdam
716 4854 917 4911 Zosimi
940 4856 1054 4911 sive
1071 4856 1317 4911 Zosimae
1330 4871 1491 4927 quem
1518 4856 1706 4912 Ariani

94 4947 218 5001 suis
256 4947 515 5001 tinctum
565 4944 853 5000 erroribus
884 4946 943 4999 in
988 4945 1365 5016 episcopatum
1402 4946 1558 5002 urbis
1607 4962 1707 5017 per

96 5036 331 5091 Italiam
375 5036 558 5090 clarae
600 5034 881 5105 Neapolis,
914 5035 1094 5090 eiecto
1142 5035 1272 5090 inde
1315 5036 1622 5091 orthodoxo
1651 5045 1709 5092 et

94 5138 305 5182 sancto
384 5127 649 5198 episcopo
698 5127 953 5191 Maximo,
1008 5127 1371 5183 intruserunt.
1403 5128 1560 5183 Hunc
1609 5144 1708 5185 sua

98 5236 288 5289 poena
310 5220 600 5275 celebrem
622 5218 770 5275 fecit.
798 5219 1067 5290 Aggresso
1093 5219 1238 5274 enim
1256 5220 1564 5291 episcopale
1587 5218 1706 5275 olli-

95 5312 252 5366 cium
306 5312 378 5364 in
398 5309 636 5365 ecclesia
672 5309 1031 5379 Neapolitana
1051 5309 1226 5375 obire,
1259 5309 1629 5364 intumescens
1654 5308 1704 5363 ei

95 5404 298 5475 lingua
332 5410 493 5459 extra
514 5416 583 5457 os
609 5401 864 5467 excessit,
895 5416 999 5456 nec
1023 5399 1129 5455 nisi
1159 5401 1373 5456 Zosima
1394 5411 1547 5456 extra
1571 5410 1708 5454 tem-

96 5497 258 5566 plum
295 5509 532 5566 egresso
556 5493 765 5549 retrahi
788 5493 988 5564 potuit.
1014 5491 1132 5559 Quo
1158 5493 1321 5557 facto,
1358 5508 1482 5547 cum
1506 5492 1706 5547 iterum

95 5605 161 5645 ac
205 5588 398 5644 tertio
448 5587 697 5642 Zosimas
752 5594 1016 5642 tentasset
1048 5586 1328 5659 ingressus
1376 5586 1569 5641 aedem
1618 5600 1707 5639 sa-

94 5697 256 5736 cram
293 5680 609 5751 episcopali
649 5679 803 5751 l'ungi
839 5695 1088 5744 munere,
1131 5680 1294 5736 toties
1324 5681 1443 5750 pari
1482 5689 1706 5736 coactus

1804 4484 2211 4555 coniungimus,
2244 4482 2496 4537 ordinem
2533 4491 2839 4550 temporum
2875 4476 3068 4540 secuti,
3101 4491 3210 4545 quo
3240 4474 3386 4529 vitae

1804 4581 2131 4653 digeruntur
2160 4576 2446 4632 amborum
2476 4574 2551 4629 ita
2577 4582 2943 4643 comparatae,
2976 4578 3039 4623 ut
3066 4582 3387 4623 communes

1805 4688 1980 4728 annos
2022 4670 2234 4740 aliquot
2281 4668 2614 4732 habuerint,
2671 4661 3041 4734 Amphilochii
3100 4668 3386 4715 senectute

1806 4770 2172 4821 concurrente
2199 4778 2325 4817 cum
2355 4761 2607 4815 Zosimae
2635 4754 3024 4812 adolescentia.

1874 4856 1996 4912 Non
2022 4855 2129 4911 erit
2175 4854 2273 4909 abs
2314 4868 2410 4919 re,
2464 4852 2556 4907 hic
2599 4851 2665 4905 ad
2715 4859 3021 4905 extremum
3068 4845 3384 4907 admonere,

1806 4950 2066 5005 Ioannem
2114 4947 2393 5003 Moschum
2420 4987 2435 5012 ,
2466 4944 2594 5000 libri
2639 4943 2874 5000 celebris
2918 4943 3029 5013 jam
3079 4939 3210 4994 olim
3271 4948 3328 4992 et
3355 4953 3385 4993 a

1809 5048 1962 5094 sexta
2017 5036 2265 5109 generali
2302 5035 2520 5108 Synodo
2553 5034 2783 5097 laudati,
2827 5032 2916 5089 cui
2964 5030 3189 5085 Pratum
3233 5028 3388 5097 spiri-

1809 5128 1951 5182 tuale
1978 5128 2307 5193 titulusest,
2347 5137 2649 5192 auctorem,
2686 5125 2822 5189 haec
2870 5123 2985 5177 sine
3025 5120 3194 5174 dubio
3230 5117 3389 5170 Zosi—

1808 5234 1929 5275 mae
1966 5220 2220 5290 Alloquia
2259 5219 2480 5274 vidisse.
2511 5218 2645 5272 Nam
2677 5232 2796 5286 cap.
2832 5212 2989 5270 CCXI
3021 5228 3089 5267 ex
3132 5210 3200 5265 iis
3236 5208 3387 5263 deci-

1808 5330 1957 5369 mum
2005 5313 2290 5377 describit,
2325 5312 2511 5368 verbis
2547 5310 2673 5365 inde
2712 5308 2827 5363 fere
2870 5305 3097 5362 totidem
3135 5301 3388 5357 referens

1807 5403 2094 5459 historiam
2125 5400 2404 5467 monachi,
2438 5402 2533 5470 qui
2571 5397 2800 5469 expilari
2835 5397 3028 5451 cellam
3059 5408 3215 5448 suam
3245 5405 3278 5445 a
3304 5388 3387 5443 vi-

1807 5494 1932 5548 cino
1959 5493 2229 5548 monacho
2262 5508 2385 5548 cum
2416 5493 2561 5548 clare
2588 5490 2837 5555 vidisset,
2873 5485 3268 5559 patientissime
3298 5491 3385 5536 to-

1805 5586 1990 5642 lerans
2020 5626 2036 5651 ,
2094 5585 2261 5640 etiam
2316 5594 2604 5655 postquam
2658 5580 2870 5636 audivit
2913 5574 3382 5649 improbissimum

1808 5679 1963 5734 illum
2016 5678 2193 5735 furem
2244 5679 2316 5735 ob
2356 5680 2409 5735 id
2454 5678 2665 5734 facinus
2710 5677 2950 5733 delatum
3005 5672 3073 5728 ad
3138 5667 3381 5725 iudicem
