3950 6546
650 264 756 323 547

1756 260 1965 318 PETRI
2003 259 2266 318 POSSINI
2307 256 2820 315 PROLEGOMENA
3758 274 3831 335 ωδ

650 377 899 430 clausum
930 387 1151 429 carcere
1199 372 1378 428 teneri
1400 412 1415 438 ,
1463 371 1703 443 primum
1736 382 2054 443 corrogatos
2084 370 2241 426 cibos
2270 378 2315 434 Α
2341 369 2437 426 XV
2474 369 2715 425 conficit.
2747 367 2906 436 Quod
2921 368 3045 423 'non
3083 383 3347 439 ponerem
3386 368 3492 427 hoc
3512 370 3621 427 loco
3644 389 3743 438 ante
3761 391 3829 445 ιτς,

655 468 724 523 ad
752 484 878 522 eum
911 466 965 521 in
998 466 1306 522 custodiam
1341 466 1557 531 detulit,
1587 466 1787 521 deinde
1820 482 1850 521 a
1878 466 2060 520 iudice
2098 465 2236 519 Iibe-

652 558 922 613 rationem
962 556 1084 613 eius
1128 557 1459 628 impetravit.
1496 557 1555 611 Id
1589 557 1765 611 solum
1797 557 2095 611 discrimen
2128 565 2233 620 est,

652 650 822 720 quod,
858 665 982 704 cum
1009 650 1253 704 Zosimas
1281 648 1446 713 dicat,
1480 664 1665 704 senem
1701 664 2023 719 corrogasse
2044 663 2147 703 ova
2181 658 2239 703 et

652 742 898 804 cathara,
924 755 1063 810 quae
1088 739 1157 794 ad
1187 739 1365 795 furem
1408 740 1654 794 vinctum
1689 740 1948 805 deferret,
1982 739 2239 795 Moschus

652 847 756 901 pro
786 831 855 886 iis
884 830 1040 901 ponit
1070 871 1084 895 ,
1116 829 1299 899 aliqua
1337 829 1623 895 esculenta,
1654 830 1836 885 vitans
1862 829 2002 885 forte
2042 845 2237 885 neces-

655 935 871 981 sitatem
913 923 1222 995 exponendi
1259 923 1391 994 quid
1426 934 1613 979 essent
1641 924 1885 978 cathara.
1932 922 2104 990 Quam
2136 940 2238 980 vo-

654 1032 773 1073 cem
808 1031 983 1086 neque
1023 1016 1079 1069 in
1108 1016 1233 1071 ullis
1264 1016 1541 1087 glossariis
1569 1016 1898 1071 declaratam
1934 1016 2137 1087 reperi,
2184 1026 2241 1072 et

654 1124 779 1161 cum
800 1108 867 1161 de
894 1124 957 1162 ea
983 1106 1222 1162 Graecos
1249 1108 1303 1161 in
1321 1108 1476 1163 Italia
1497 1107 1795 1162 monachos
1819 1108 2237 1179 interrogarem,

655 1201 888 1255 fatentes
918 1201 1102 1255 audivi
1130 1200 1343 1255 nescire
1374 1216 1431 1256 se
1463 1216 1690 1270 prorsus
1726 1200 1857 1271 quid
1891 1216 1955 1254 ea
1977 1201 2238 1270 signaret,

656 1292 801 1347 unde
827 1293 1008 1363 ipsum
1043 1292 1375 1348 vocabulum
1405 1292 1593 1347 latinis
1618 1308 1939 1362 expressum
1970 1292 2147 1347 literis
2185 1292 2241 1346 in

632 1374 777 1439 'mea
816 1385 1271 1456 interpretatione
1332 1399 1454 1438 sum
1501 1391 1723 1439 coactus
1760 1386 2092 1454 relinquere.
2131 1383 2244 1438 Mo-

654 1478 823 1532 schus
861 1477 1007 1532 idem
1044 1492 1165 1547 cap.
1211 1476 1393 1531 CCXII
1428 1477 1694 1532 exscribit
1742 1490 1810 1531 ex
1838 1476 2091 1547 Alloquio
2122 1475 2242 1530 XIII

656 1566 767 1622 duo
814 1566 1063 1637 exempla
1123 1582 1319 1621 senum
1376 1577 1693 1621 sanctorum
1747 1568 1891 1622 ultro
1938 1568 2243 1623 latronibus

655 1654 1003 1710 offerentium
1038 1670 1137 1709 sua
1175 1655 1359 1708 omnia
1384 1695 1399 1719 ,
1443 1670 1508 1709 ea
1550 1656 1664 1711 sola
1710 1654 2057 1722 d’iﬂ‘erentia,
2092 1657 2241 1727 quod

655 1764 846 1803 vocem
888 1747 1577 1817 scalidien'interpretatur
1612 1750 1941 1819 marsupium
1986 1751 2237 1820 pendens,

654 1849 1037 1912 praeterquam
1076 1840 1260 1895 minus
1309 1843 1522 1911 perite,
1574 1857 1699 1896 eum
1745 1852 1903 1897 vetus
1961 1843 2239 1899 Theocriti

654 1933 978 1988 scholiastes
1000 1933 1069 1988 ad
1100 1933 1352 2004 Idyllium
1384 1934 1434 1988 X
1460 1934 1788 1989 vocabulum
1817 1934 1975 1990 scalis
2004 1936 2241 2006 explicet

654 2026 1065 2079 instrumentum
1096 2024 1477 2096 agriculturae,
1511 2025 1659 2080 unde
1689 2026 1965 2081 sarculum
2004 2042 2125 2082 sum
2153 2027 2240 2081 in-

657 2124 1011 2187 terpretatus,
1041 2117 1137 2172 sed
1160 2116 1327 2171 etiam
1359 2116 1800 2187 improbabiliter
1822 2134 2117 2173 numerans
2151 2120 2239 2173 in-

654 2218 740 2263 ter
766 2208 990 2264 mobilia
1022 2209 1191 2264 cellae
1224 2210 1556 2265 monasticae
1596 2212 1944 2282 marsupium,
1988 2227 2241 2281 praeser-

657 2300 755 2354 tim
791 2298 939 2370 quod
979 2299 1135 2354 addit
1178 2299 1442 2370 pendens,
1488 2300 1634 2369 quod
1670 2302 1853 2355 statim
1886 2301 2128 2355 latrones
2154 2302 2237 2356 vi-

653 2387 887 2454 dissent,
917 2404 1020 2443 nec
1040 2404 1179 2459 opus
1209 2387 1530 2443 habuissent
1553 2390 1820 2445 abeuntes
1840 2407 1869 2444 a
1897 2400 2085 2445 sancto
2108 2406 2238 2447 sene

654 2480 965 2545 admoneri,
1010 2488 1072 2535 ut
1109 2480 1255 2551 quod
1298 2495 1411 2534 non
1458 2480 1809 2537 advertentcs
1854 2482 2238 2552 relinquebant

655 2571 933 2626 tollerent.
964 2571 1061 2627 Est
1091 2580 1378 2641 praeterea
1408 2572 1792 2643 caputCCXVI
1818 2574 1966 2629 Prati
1994 2591 2063 2628 ex
2089 2574 2238 2629 Allo-

653 2661 786 2731 quio
802 2661 1057 2716 Zosimae
1088 2672 1244 2717 sexto
1262 2662 1622 2733 descriptum.
1641 2662 1818 2733 Caput
1838 2679 1969 2719 vero
1985 2663 2235 2719 CCXVIII

651 2768 721 2809 ex
768 2753 1081 2809 undecimo.
1126 2753 1374 2824 Denique
1403 2762 1567 2824 caput
1606 2753 1817 2810 CCXIX
1862 2770 1930 2810 ex
1974 2756 2236 2813 tertiode-

592 2876 611 2887 κ
650 2844 815 2901 cimo.
848 2845 955 2901 Sed
992 2846 1060 2901 de
1084 2846 1171 2901 his
1200 2846 1307 2900 iam
1347 2846 1501 2900 satis.

725 2938 866 2995 XIII.
890 2938 1138 2994 Zosimae
1160 2939 1309 2994 Isaae
1329 2938 1527 3011 Syrum
1546 2937 1810 3009 Opusculi
1828 2938 1925 2995 XII
1951 2948 2232 2996 auctorem

2336 463 2643 533 sequentia,
2670 462 2717 516 si
2757 461 3065 526 crederem.
3099 461 3223 516 eius
3247 471 3549 527 auctorem,
3571 470 3693 535 quod
3716 476 3833 549 aliqui

2336 562 2658 620 autumant,
2708 568 2831 609 esse
2878 554 3068 619 illum,‘
3100 554 3259 609 cuius
3301 553 3551 610 meminit
3588 556 3834 628 Spondanu,

2338 648 2496 702 Tom.
2529 646 2791 702 IContin.
2822 646 2891 701 ad
2916 662 3091 701 annos
3133 646 3291 710 1550,
3324 647 3482 711 1554,
3511 646 3635 704 1555
3659 663 3706 707 et
3726 659 3835 718 I362,

2340 736 2437 791 His
2456 751 2526 790 ne
2555 735 2843 801 assentiar,
2874 735 2977 790 tria
3006 729 3329 789 retrahunt:
3362 732 3405 788 I.
3428 734 3571 803 quod
3596 738 3729 797 titulo
3753 764 3838 805 san.

2339 827 2546 884 ctitatis
2586 828 2717 883 huic
2756 827 2813 881 in
2844 836 3034 882 nostro
3078 828 3269 883 codice
3310 826 3514 881 tributo
3544 843 3710 897 parum
3746 853 3839 896 con.

2340 930 2541 993 gruant
2573 920 2815 975 hominis
2854 935 3058 983 mores,
3084 919 3179 989 qui
3221 934 3280 973 se
3334 918 3717 980 schismaticum
3746 934 3840 990 actis

2339 1022 2396 1068 et
2424 1011 2646 1081 scriptis
2664 1026 2846 1065 acrem
2868 1010 3205 1080 praebuerit,
3232 1009 3437 1079 quique
3462 1008 3839 1091 Constantinopo—

2340 1104 2571 1159 litanum
2594 1104 3049 1174 patriarchatnm,
3081 1103 3289 1157 scelere
3322 1112 3559 1171 partum,
3576 1104 3701 1173 iusta
3720 1126 3841 1179 poem

2341 1196 2647 1267 perdiderit
2666 1213 2679 1260 ;
2695 1196 2760 1249 II.
2776 1195 2903 1265 quia
2918 1195 3055 1248 nihil
3070 1194 3292 1249 videtur
3307 1208 3524 1257 causae,
3538 1210 3725 1254 curnon
3736 1219 3840 1259 com-

2341 1297 2561 1360 pareret
2582 1288 2637 1341 in
2657 1289 2817 1341 titulo
2840 1287 3192 1357 episcopatus
3215 1285 3593 1340 Heracleensis
3608 1299 3657 1342 et
3672 1296 3842 1359 patriar.

2343 1382 2537 1437 chatus
2581 1379 3252 1449 Constantinopolitanus,
3297 1377 3502 1446 quibus
3541 1377 3726 1436 duabus
3756 1401 3843 1439 suc-

2343 1475 2555 1530 cessive
2584 1473 2880 1544 insignitus
2900 1471 3091 1527 infulis
3120 1471 3213 1525 ille
3232 1470 3557 1524 Philotheus
3572 1471 3844 1540 dicitur;lll.

2344 1568 2603 1638 quoniam
2630 1567 2870 1636 scriptor
2898 1565 3104 1621 saeculi
3133 1564 3251 1620 XIV
3280 1580 3392 1619 non
3417 1572 3595 1635 potest
3624 1567 3747 1621 credi
3778 1586 3845 1623 au-

2346 1668 2465 1714 ctor
2519 1658 2703 1730 operis
2746 1659 2803 1713 in
2855 1657 3046 1714 c’odice
3097 1657 3395 1727 descripti,
3440 1656 3847 1723 cuiusmanusel

2343 1755 2535 1810 charta
2560 1761 2798 1808 aetatem
2822 1750 3145 1822 praeferunt
3174 1764 3447 1803 annorum
3463 1788 3479 1812 ,
3506 1757 3567 1801 ut
3591 1764 3731 1818 supra
3754 1750 3845 1815 dixi,

2342 1849 2799 1918 quingentorum,
2849 1842 3175 1915 praesertim
3214 1856 3339 1896 cum
3377 1839 3453 1894 ibi
3496 1847 3616 1909 post
3648 1841 3757 1896 illud
3779 1846 3848 1897 alia

2342 1949 2617 2011 ponantur
2646 1938 2843 1994 aetatis
2866 1935 3170 1992 manifeste
3194 1932 3450 1989 senioris.
3480 1931 3850 2008 Scripseritergo

2342 2034 2490 2089 hunc
2525 2047 2839 2088 sermonem
2885 2030 3061 2085 multo
3102 2028 3385 2099 antiquior
3428 2026 3645 2097 quidam
3686 2036 3734 2081 et
3770 2044 3853 2083 san-

2342 2125 2483 2180 ctior
2513 2139 2544 2178 e
2572 2122 2829 2194 plurimis
2868 2122 3019 2176 omni
3048 2134 3185 2176 aevo
3211 2116 3494 2190 insignitis
3516 2116 3760 2173 Philotbei
3786 2136 3847 2175 ro-

2341 2216 2538 2271 cabulo
2570 2213 2876 2268 monachis.

2410 2306 2487 2360 De
2539 2304 2832 2360 Theodoro
2882 2302 3296 2374 archiepiscopo
3346 2302 3623 2358 Edesseno
3659 2301 3853 2373 Opusculi

2340 2397 2457 2453 XVI
2492 2406 2716 2452 auctore
2736 2412 2847 2451 non
2866 2404 3081 2451 constat
3104 2396 3230 2465 quis
3246 2394 3431 2459 fuerit,
3464 2394 3609 2449 unde
3634 2394 3855 2459 oriundus,

2340 2489 2435 2545 ubi
2470 2489 2660 2553 vitam,
2694 2488 2841 2558 quod
2888 2495 3137 2558 apparet,
3176 2486 3538 2541 monasticam
3570 2493 3686 2539 ante
3724 2486 3853 2539 archi-

2337 2578 2714 2648 episcopatum
2752 2576 3083 2641 exercuerit,
3107 2575 3327 2647 quando
3348 2584 3405 2630 et
3438 2591 3550 2646 qua
3580 2575 3817 2629 occasione
3838 2593 3856 2628 a

2338 2667 2607 2722 coenobio
2640 2667 2709 2721 ad
2739 2667 3073 2723 Edessenam
3093 2666 3413 2721 cathedram
3434 2665 3603 2721 fuerit
3621 2674 3853 2735 promotus.

2338 2761 2495 2816 Tom.
2526 2761 2674 2816 XXI‘I
2701 2760 3077 2816 Bibliothecae
3109 2760 3333 2814 Patrum
3380 2758 3641 2813 editionis
3679 2758 3856 2812 novissi-

2337 2864 2459 2904 mae
2498 2849 2883 2921 Lugdunensis
2921 2850 3319 2920 quinquaginta
3356 2864 3426 2904 ex
3473 2848 3597 2903 eius
3644 2848 3855 2918 capitulis,

2337 2943 2444 2999 hoc
2475 2954 2560 3000 est
2588 2960 2697 2999 non
2736 2953 2913 3000 totum
2944 2944 3235 2999 dimidium
3254 2943 3385 2998 libri
3414 2943 3540 2998 eius
3569 2941 3735 3015 [quem
3760 2942 3855 2995 intc-

651 3028 903 3103 proxime
930 3030 1211 3085 admotum
1239 3029 1640 3101 subiungimus,
1658 3030 1919 3100 quoniam
1939 3030 2087 3085 hunc
2106 3032 2236 3087 Pos-
2261 3063 2304 3121 α
2337 3052 2495 3106 grum
2526 3034 2764 3109 damus],
2784 3037 2948 3108 idque
2975 3052 3125 3091 mere
3156 3038 3327 3092 latine
3344 3036 3692 3100 exhibentur,
3734 3034 3858 3103 deque

651 3123 894 3188 sevinus,
932 3138 1000 3177 ex
1026 3121 1311 3178 Gennadio
1340 3122 1603 3188 referens,
1639 3123 1796 3194 ponit
1840 3124 2232 3195 imperatorum

650 3212 899 3269 Martiani
939 3228 1003 3269 ac
1028 3213 1229 3268 Leonis
1275 3223 1586 3284 temporum
1625 3216 1930 3284 aequalem.
1967 3214 2140 3281 Quem
2177 3223 2234 3270 et

650 3306 749 3373 ait,
793 3316 1014 3377 praeter
1050 3306 1222 3362 multa
1272 3314 1466 3361 contra
1504 3306 1842 3372 haereticos,
1869 3307 2036 3360 etiam
2075 3320 2230 3361 asce-

652 3398 760 3453 tica
793 3398 1099 3469 scripsisse.
1134 3398 1313 3469 Supra
1344 3398 1547 3469 Opusc.
1572 3398 1645 3453 IX
1661 3414 1783 3470 pag.
1816 3398 1918 3453 9.47
1940 3399 2000 3453 fit
2025 3400 2233 3474 mentip

648 3488 938 3542 cuiusdam
969 3488 1138 3553 Isaac,
1170 3490 1263 3558 qui
1309 3486 1475 3543 fuerit
1512 3488 1817 3559 discipulus
1858 3489 2033 3560 Magni
2062 3490 2231 3547 Arse-

649 3578 749 3632 nii.
794 3579 942 3633 Idem
986 3579 1030 3634 is
1080 3594 1212 3635 sane
1267 3596 1395 3635 cum
1439 3581 1546 3635 hoc
1602 3590 1792 3637 nostro
1853 3596 1974 3638 esse
2028 3583 2228 3653 potuit.

649 3672 889 3729 Dubium
919 3672 1145 3742 quidem
1177 3673 1313 3727 mihi
1358 3687 1469 3727 non
1506 3681 1630 3739 est,
1684 3674 1819 3744 quin
1844 3714 1859 3740 ,
1903 3690 2043 3745 quae
2089 3675 2233 3731 infra

648 3765 852 3835 Opusc.
873 3764 1016 3821 XVII
1047 3764 1341 3835 Nicephori
1384 3765 1639 3820 monachi
1679 3781 1747 3820 ex
1778 3766 1925 3820 Isaac
1954 3766 2090 3835 Syro
2133 3767 2231 3823 de-

649 3859 1001 3924 scribuntur,
1067 3859 1317 3915 eiusdem
1367 3859 1532 3914 huius
1590 3859 1765 3914 nostri
1820 3860 1947 3915 sint.
2011 3860 2230 3915 Memini

648 3952 786 4007 alias
816 3952 871 4005 in
914 3950 1253 4007 Bibliotheca
1285 3951 1546 4007 Vaticana
1591 3951 1797 4007 vidisse
1842 3968 1931 4007 me
1977 3954 2147 4007 multa
2175 3962 2232 4008 et

648 4044 931 4116 praeclara
974 4043 1125 4098 Isaac
1156 4044 1165 4114 |
1198 4043 1318 4116 Syri
1363 4059 1552 4114 opera,
1600 4059 1741 4114 quae
1780 4044 2011 4098 multum
2038 4044 2229 4115 profu-

650 4144 795 4200 tura,
830 4136 877 4189 si
927 4135 1235 4207 prodirent,
1280 4136 1601 4209 interpretis
1643 4146 1700 4192 et
1744 4137 1973 4193 editoris
2005 4153 2229 4207 operam

650 4229 965 4299 implorant.
1012 4228 1365 4283 Theodorum
1414 4229 1687 4285 Studitam
1728 4230 1878 4286 Isaac
1912 4231 2048 4302 Syro
2093 4245 2229 4285 con-

650 4321 830 4387 tinuo,
870 4320 1017 4391 quod
1054 4322 1210 4376 illum
1239 4320 1385 4375 inter
1414 4322 1707 4392 plerosque
1750 4323 2096 4392 sequentium
2127 4340 2228 4377 att-

2341 3144 2409 3184 eo
2465 3129 2523 3184 in
2578 3129 2821 3200 generali
2869 3128 3051 3184 indice
3102 3128 3277 3184 Tom.
3331 3129 3354 3184 Ι
3405 3128 3615 3183 dicitur
3674 3127 3857 3181 ﬂoruisse

2342 3219 2498 3275 illum
2530 3220 2626 3275 XII
2660 3220 2901 3275 saeculo.
2939 3219 3082 3275 Sane
3109 3221 3286 3275 serius
3314 3235 3427 3274 non
3456 3219 3639 3290 potuit
3666 3217 3857 3273 Theodo-

2341 3328 2439 3368 rus
2466 3320 2675 3377 noster,
2702 3329 2866 3383 quam
2889 3312 3050 3367 istius
3083 3312 3290 3368 saeculi
3316 3311 3479 3367 initio
3497 3313 3696 3367 vivere.
3725 3311 3856 3366 Iesu-

2340 3413 2433 3459 tur
2468 3403 2617 3459 enim
2650 3402 2930 3475 Eugenius
2973 3402 3043 3457 Ill
3075 3417 3324 3458 summus
3362 3401 3617 3457 Pontifex
3653 3399 3859 3456 literisad

2340 3498 2679 3554 Ludovicum
2712 3512 2895 3569 regem
2925 3496 3261 3551 Francorum
3294 3494 3540 3565 scriptis,
3571 3510 3702 3563 quas
3721 3492 3859 3547 recitat

2340 3589 2610 3645 Baronius
2630 3588 2791 3642 Tom.
2830 3586 2927 3642 XII
2964 3602 3117 3641 num.
3142 3584 3487 3640 XXXIvanni
3512 3585 3667 3647 1145,
3705 3593 3860 3653 captam

2340 3693 2371 3733 a
2405 3677 2693 3733 Saracenis
2724 3692 2792 3731 eo
2824 3692 2968 3731 anno
3001 3676 3285 3739 Edessam,
3318 3674 3507 3730 occiso
3531 3674 3602 3729 ab
3650 3674 3710 3728 iis
3736 3672 3859 3727 archi-

2337 3770 2597 3840 episcopo
2628 3769 2988 3839 pluribusque
3015 3768 3155 3825 aliis.
3193 3769 3272 3824 Ex
3296 3783 3405 3837 quo
3432 3777 3678 3838 tempore
3702 3780 3861 3821 vacasse

2339 3861 2489 3914 illam
2528 3859 2715 3914 sedem
2751 3868 3000 3929 apparet,
3037 3858 3217 3930 quoad
3256 3868 3447 3930 erepta
3495 3858 3765 3914 Saracenis
3797 3871 3862 3926 per

2339 3953 2578 4008 Francos
2606 3952 2812 4008 Edessa
2839 3963 2943 4019 est,
2987 3953 3082 4024 qui
3112 3952 3393 4024 deinceps,
3434 3952 3697 4023 quamdiu
3723 3951 3863 4006 Hiero-

2338 4046 2563 4118 solymis
2596 4055 2913 4117 regnarunt,
2948 4046 3389 4116 archiepiscopos
3428 4046 3483 4101 ei
3522 4046 3715 4100 latinos
3740 4044 3860 4097 dede-

2340 4144 2487 4191 runt.
2518 4136 2631 4191 Nec
2660 4136 2879 4191 videtur
2910 4137 3234 4202 verisimile,
3265 4136 3733 4208 archiepiscopum
3758 4133 3862 4188 αδα-

2338 4230 2554 4285 racenis
2586 4229 2937 4286 interfectum
2969 4230 3117 4284 hunc
3153 4230 3334 4301 ipsum
3358 4229 3535 4285 fuisse
3554 4229 3859 4283 Theodorum.

2337 4323 2541 4395 Martyr
2579 4323 2727 4377 enim
2776 4322 2970 4378 fuisset
3005 4323 3206 4387 dictus,
3245 4321 3342 4393 qui
3392 4323 3450 4377 in
3496 4323 3863 4377 Turrianeom-

650 4422 834 4469 ctores
860 4411 1264 4483 Opusculorum
1313 4422 1495 4468 certae
1536 4422 1593 4468 et
1640 4422 1803 4469 notae
1845 4416 2042 4471 aetatis
2068 4415 2229 4471 video
2263 4429 2311 4489 ι)
2338 4415 2461 4470 dice
2521 4414 2789 4470 duntaxat
2839 4412 3067 4469 Sanctus
3130 4424 3282 4485 pater
3339 4423 3524 4467 noster
3585 4409 3861 4466 inscribitur.

648 4523 793 4563 esse.
827 4507 976 4562 Vixit
1003 4514 1198 4562 octavo
1227 4506 1465 4561 saeculo.
1510 4506 1698 4572 Multa,
1742 4524 1882 4577 quae
1920 4508 1989 4563 de
2033 4524 2100 4563 eo
2145 4510 2229 4565 di-

650 4600 824 4655 cenda
881 4606 1049 4665 sunt,
1114 4599 1393 4654 cumulate
1443 4611 1705 4670 congeret
1748 4601 1834 4655 vir
1879 4601 2229 4659 doctissimus

648 4690 899 4746 omnium
928 4689 1052 4745 eius
1081 4704 1311 4760 Operum
1342 4690 1558 4759 plenam
1583 4698 1639 4745 et
1672 4690 2007 4747 luculentam
2032 4693 2230 4748 editio-

648 4800 775 4841 nem
807 4783 1103 4839 adornans.

716 4873 949 4931 Abbatis
978 4874 1151 4929 Isaiae
1177 4883 1434 4945 quartum
1466 4875 1741 4931 decimum
1764 4888 1848 4932 est
1867 4877 2223 4947 Opusculum.

647 4965 805 5022 Ilunc
844 4967 937 5022 alii
986 4965 1202 5020 Esaiam
1246 4966 1541 5036 appellant,
1576 4983 1678 5039 ego
1707 4970 1984 5024 Ecclesiae
2027 4970 2229 5025 latinae

648 5074 809 5113 usum
849 5068 1131 5130 receptum
1163 5059 1220 5112 in
1245 5059 1415 5114 Isaiae
1444 5061 1711 5115 vocabulo
1736 5062 2017 5118 efferendo
2051 5064 2225 5128 tenui,

649 5167 877 5206 securus
906 5152 1211 5221 scripturae
1239 5149 1574 5206 Graecorum
1626 5152 1683 5205 in
1726 5153 1897 5207 verbo
1930 5154 2228 5212 Hebraicae

648 5242 898 5313 originis.
925 5241 1290 5296 Bellarminus
1311 5242 1366 5296 in
1389 5241 1530 5295 libro
1557 5241 1633 5295 De
1661 5242 2022 5312 scriptoribus
2049 5247 2228 5301 eccle-

647 5334 885 5390 siasticis
910 5333 978 5389 de
1003 5349 1071 5389 eo
1088 5335 1183 5399 ait,
1212 5350 1291 5398 se,
1312 5348 1423 5404 quo
1452 5343 1698 5403 tempore
1716 5334 1947 5399 vixerit,
1980 5337 2229 5392 invenire

647 5428 980 5500 nequivisse.
1014 5428 1151 5483 Vide
1190 5429 1357 5483 etiam
1389 5426 1459 5481 de
1503 5427 1598 5482 illo
1632 5428 2008 5483 Possevinum.
2054 5430 2230 5485 Iluius

649 5536 869 5593 quoque
896 5521 1199 5576 honorifice
1227 5520 1479 5577 meminit
1502 5520 1641 5576 infra
1664 5521 2006 5592 Nicephorus
2034 5538 2227 5577 mona-

652 5614 789 5667 chus
812 5612 1012 5682 Opusc.
1041 5612 1203 5667 XVII.

709 5700 903 5757 Sermo
919 5701 975 5758 S.
1001 5701 1269 5757 Pliilothci
1294 5702 1359 5759 de
1376 5703 1864 5763 'mandatisCliristi
1888 5706 2223 5777 Opusculum

2333 4506 2549 4564 Obiisse
2580 4522 2711 4578 ergo
2750 4507 2907 4561 illum
2932 4508 3169 4561 naturali
3202 4516 3377 4561 morte
3406 4515 3541 4561 ante
3570 4498 3867 4559 annuatim

2332 4599 2597 4654 credibile
2624 4607 2730 4663 est,
2765 4599 2877 4653 imo
2914 4598 3056 4653 forte
3083 4599 3365 4669 aliquanto
3388 4598 3730 4654 submotiore
3758 4594 3848 4657 re-l

2332 4700 2420 4745 tro
2452 4698 2653 4755 aetate,
2671 4701 2753 4756 ut,
2780 4707 2942 4761 quem
2973 4691 3231 4746 Saraceni
3258 4691 3501 4745 Edessae
3522 4695 3868 4759 expugnatores

2331 4780 2678 4845 occiderunt,
2712 4796 3000 4836 successor
3045 4781 3195 4836 illius
3240 4796 3351 4835 non
3400 4780 3766 4839 immediatus,
3802 4773 3866 4827 sed

2330 4875 2629 4939 secundus,
2667 4875 2884 4939 tertius,
2912 4884 3209 4944 quartusve
3236 4873 3422 4928 fuerit.

2404 4966 2561 5022 Paris
2590 4982 2716 5021 cum
2757 4965 3052 5021 Theodoro
3087 4965 3367 5019 Edesseno
3413 4964 3617 5019 aetatis
3652 4956 3869 5026 Nicepho-

2330 5072 2456 5113 rum
2501 5060 2834 5114 monachum
2875 5057 3091 5128 opinari
3122 5058 3253 5113 licet
3280 5056 3552 5128 Opusculi
3596 5053 3748 5115 XVII,
3781 5046 3871 5103 libri

2330 5152 2490 5207 valde
2518 5152 2691 5218 utilis,
2727 5162 3033 5219 auctorem,
3062 5166 3187 5205 cum
3217 5150 3443 5205 certiori
3472 5165 3663 5206 rerum
3688 5158 3738 5202 et
3761 5152 3873 5198 acto-

2294 5240 2295 5243 “
2330 5262 2454 5301 rum
2488 5246 2610 5301 eius
2640 5246 2955 5300 testimonio
2988 5260 3295 5299 careamus.

2402 5338 2517 5393 Hoc
2558 5338 2699 5392 forte
2751 5338 3030 5407 antiquior
3076 5338 3245 5391 fuerit
3287 5345 3488 5391 auctor
3538 5335 3703 5391 XVIII
3739 5330 3874 5385 ultimi

2330 5427 2615 5499 Opusculi,
2662 5445 2967 5502 anonymus
3004 5431 3308 5485 monachus
3339 5431 3601 5485 coenobii
3628 5426 3787 5501 graeci
3810 5440 3873 5475 or-

2330 5520 2480 5575 dinis
2513 5521 2569 5575 S.
2606 5522 2791 5577 Basilii
2814 5523 2872 5576 in
2899 5536 3031 5593 agro
3051 5522 3387 5586 Tusculano,
3408 5538 3437 5576 a
3462 5522 3524 5577 S.
3560 5521 3683 5576 Nilo
3704 5516 3875 5588 juniorr

2331 5612 2479 5667 circa
2517 5613 2681 5669 ﬁnem
2724 5615 2930 5669 saeculi
2978 5614 3027 5669 X
3064 5614 3301 5680 fundati,
3350 5614 3519 5669 cuius
3562 5610 3873 5685 ampliﬁcatur

2333 5703 2562 5776 insignis
2611 5706 2821 5762 exstitit
2853 5723 2995 5761 unus
3040 5724 3070 5762 e
3115 5706 3221 5763 Nili
3268 5706 3600 5780 discipulis,
3648 5702 3875 5760 eiusdem-
