3950 6548
180 263 268 323 549
1126 254 1220 310 AD
1248 253 1610 312 OPUSCULA
1648 253 1706 310 S.
1747 253 2031 311 MACARII
2068 254 2410 313 AEGYPTII.
3290 259 3399 316 550

181 394 269 451 que
301 382 576 429 successor
599 367 820 432 tertius,
855 365 912 421 S.
943 366 1414 433 Bartholomaeus,
1446 383 1572 423 cum
1610 382 1721 437 quo
1748 371 1795 429 Α
1821 366 2180 423 Benedictum
2209 369 2325 424 VIII
2347 409 2363 434 ,
2410 368 2502 424 alii
2545 369 2619 424 IX
2656 380 2983 438 numerant,
3039 388 3187 430 anno
3235 374 3399 432 Chri-

178 462 426 525 sevixisse
448 459 543 529 qui
562 458 706 514 hanc
734 457 856 511 eius
886 457 1058 512 vitam
1086 458 1412 528 conscripsit
1432 456 1720 528 signiﬁcat.
1823 460 1893 514 sti
1936 460 2074 514 1055
2125 471 2346 516 creatus
2385 461 2597 516 ambitu
2650 470 2707 517 et
2750 462 2988 518 factione
3038 476 3397 537 cognatorum

179 560 316 615 Certo
347 559 530 605 autem
588 550 905 605 charactere
947 549 1005 604 S.
1058 550 1461 604 Bartholomaei
1509 549 1725 605 abbatis
1823 548 2257 605 Tusculanorum
2287 551 2548 605 comitum
2575 550 3013 608 adolescentulus
3036 554 3258 610 vixdum
3291 574 3399 627 pu-

177 643 666 721 cryptol‘erratensis
691 648 840 697 aetas
872 643 1224 713 consignatur
1258 643 1314 697 in
1353 642 1459 697 hoc
1496 642 1722 712 scripto,
1823 639 1943 696 ber.
1978 640 2082 708 Qui
2110 641 2401 697 duodecim
2435 642 2594 696 annis
2623 643 2922 698 Romanam
2944 647 3161 701 vexavit
3189 657 3246 702 et
3262 665 3398 705 con-

177 744 287 799 dum
319 735 538 800 dicitur,
568 734 907 800 Pontiﬁcem,
937 734 1033 804 qui
1074 744 1205 789 tunc
1240 735 1541 790 Romanam
1567 749 1725 804 rege-
1824 732 2105 801 spurcavit
2126 733 2464 796 Ecclesiam,
2502 748 2648 787 anno
2685 733 2909 788 tandem
2954 735 3092 791 1045
3130 737 3396 794 deiectus.

177 839 253 892 bat
290 828 613 893 Ecclesiam,
661 828 915 883 iuvenem
962 826 1034 881 ob
1072 841 1237 898 grave
1275 827 1537 881 delictum
1583 825 1726 879 clam
1821 823 1962 880 Vide
1988 823 2057 880 de
2099 824 2187 880 his
2213 823 2532 880 Ciaconium
2571 825 2706 880 edit.
2752 827 3079 882 novissimae
3122 829 3398 885 Romanae

174 932 424 1001 patratum
476 937 661 977 morsu
712 920 967 976 adactum
1019 911 1389 976 conscientiae
1434 918 1724 974 Bartholo-
1822 914 1978 969 Tom.
2022 915 2045 969 Ι
2082 929 2114 969 a
2142 914 2247 970 col.
2303 915 2407 970 775
2449 914 2518 970 ad
2569 917 2690 972 779.
2734 916 2993 972 Ultimam
3034 917 3166 973 huic
3212 920 3397 973 sedem

173 1030 362 1075 maeum
388 1013 730 1068 consuluisse
751 1053 766 1077 ,
805 1028 837 1068 a
876 1028 987 1082 quo
1015 1027 1142 1066 cum
1161 1011 1449 1077 audiisset,
1484 1009 1633 1081 quod
1667 1010 1724 1064 in
1819 1006 2096 1078 Opusculo
2134 1007 2377 1072 decrevi,
2409 1007 2557 1077 quod
2595 1024 2705 1063 non
2729 1049 2743 1074 ,
2785 1017 2847 1063 ut
2878 1010 2984 1064 alia
3005 1051 3020 1074 ,
3065 1010 3397 1067 didacticum

174 1114 259 1167 hac
289 1108 405 1163 Vita
436 1106 639 1177 legitur
673 1124 685 1159 :
730 1106 848 1160 Non
899 1104 1017 1159 licet
1064 1105 1155 1158 tibi
1181 1120 1334 1158 sacro
1365 1103 1513 1174 fungi
1542 1118 1722 1156 sacer-
1820 1098 2300 1169 dogmaticumque
2343 1100 2417 1154 sit
2438 1139 2453 1164 ,
2486 1100 2771 1154 doctrinae
2810 1102 3079 1157 asceticae
3106 1114 3398 1173 praecepta

173 1202 327 1264 datio;
354 1214 481 1270 Opus
511 1205 587 1251 est
618 1197 853 1267 redigere
889 1204 939 1250 te
969 1196 1027 1249 in
1069 1196 1328 1259 ordinem,
1373 1204 1423 1249 et
1464 1194 1714 1265 privatim
1821 1187 2083 1253 tradens,
2130 1204 2326 1243 verum
2374 1189 2496 1243 eius
2539 1191 2748 1259 praxim
2799 1191 2855 1245 in
2900 1194 3152 1262 exemplo
3200 1194 3397 1249 illustri

171 1293 356 1346 animae
404 1294 526 1340 tuae
571 1285 799 1339 remedio
844 1300 1056 1350 vacare,
1096 1302 1160 1338 ac
1214 1285 1450 1339 divinum
1500 1282 1717 1354 placare
1822 1288 2035 1334 ascetae
2064 1279 2351 1335 clarissimi
2377 1280 2780 1345 demonstrans.
2815 1282 2910 1337 llis
2933 1284 3039 1338 iam
3060 1284 3226 1338 nimis
3252 1287 3398 1339 mul-

171 1396 359 1442 numen,
397 1377 542 1431 cuius
573 1378 711 1430 iram
746 1377 1007 1447 peccando
1036 1378 1367 1449 provocasti;
1406 1375 1717 1444 obsequens
1823 1370 1896 1425 tis
1923 1371 2029 1425 etsi
2069 1387 2210 1441 quae
2237 1372 2591 1444 adjungerem
2633 1383 2691 1428 se
2730 1373 2986 1438 oll‘erant,
3027 1377 3257 1429 verbum
3288 1394 3397 1432 non

171 1475 245 1527 ille
260 1470 458 1533 statim,
480 1477 541 1523 ut
562 1468 767 1523 ibidem
791 1468 1031 1534 additur,
1054 1470 1241 1522 throno
1258 1467 1458 1531 relicto,
1478 1468 1716 1537 privatus
1823 1460 2044 1528 addam,
2072 1478 2143 1518 ne
2169 1464 2226 1518 in
2254 1463 2458 1519 librum
2490 1473 2774 1520 excrescat
2808 1465 3096 1537 praefatio.
3125 1468 3278 1533 Vale,
3318 1468 3395 1523 le-

169 1563 414 1637 apparuit.
443 1560 570 1615 Fuit
604 1559 697 1615 hic
739 1559 859 1615 sine
902 1559 1073 1616 dubio
1112 1558 1382 1625 Pontifex,
1415 1574 1581 1629 quem
1625 1555 1719 1611 alii
1752 1565 1794 1622 B
1822 1563 1955 1622 ctor,
1995 1564 2052 1610 et
2089 1554 2232 1611 fave.

809 1786 1061 1841 Facultas
1091 1786 1432 1858 provincialis
1462 1784 1581 1841 Soc.
1612 1785 1740 1840 Iesu
1769 1792 1819 1839 et
1857 1784 2259 1838 communicatio
2287 1782 2545 1855 privilegii
2579 1783 2729 1853 regii.

222 1894 537 1969 EgoI’etrus
562 1896 865 1969 Allemand,
897 1899 1251 1968 provincialis
1277 1897 1569 1969 Societatis
1588 1896 1750 1969 Iesu
1762 1895 1829 1969 in
1851 1895 2474 1969 provincia__Tolo§ana,
2503 1894 2676 1969 juxta
2696 1893 3039 1969 privilegium
3076 1910 3396 1969 concessum

162 1962 958 2039 aRegibusChristianissim'is
1010 1970 1245 2024 Henrico
1292 1969 1360 2023 III
1396 1968 1463 2021 10
1497 1968 1621 2039 Maii
1655 1962 1813 2039 1583,
1851 1962 2092 2039 Henrico
2122 1966 2190 2020 IV
2222 1965 2292 2018 ΞΟ
2318 1962 2577 2039 Decemb.
2615 1962 2772 2039 1606,
2823 1962 3105 2039 Ludovico
3159 1965 3279 2018 XIII
3330 1966 3399 2020 14

160 2034 304 2095 Febr:
332 2036 477 2092 1612
499 2048 554 2094 et
580 2039 861 2105 Ludovico
887 2040 1004 2094 XIV
1034 2057 1183 2095 nunc
1208 2048 1472 2109 regnante
1494 2038 1563 2109 25
1582 2037 1873 2091 Decembr.
1904 2036 2061 2109 16510,
2091 2052 2200 2109 quo
2220 2036 2549 2109 prohibetur
2588 2034 2853 2109 omnibus
2878 2035 3121 2109 librariis
3150 2046 3213 2109 et
3242 2047 3398 2105 typo-

160 2108 375 2183 grapliis,
426 2125 496 2183 ne
519 2110 691 2183 libros
719 2110 789 2183 ab
821 2110 1087 2183 eiusdemi
1108 2105 1398 2183 Sociefatis
1419 2107 2107 2183 hominibus_compositos
2136 2105 2341 2183 absque
2365 2105 3020 2183 permissuusuperiﬂorum
3060 2106 3396 2183 imprimant,

159 2174 396 2252 permitto
443 2180 724 2252 Guillelmo
751 2180 903 2246 Bosc,
939 2191 1002 2235 ut
1032 2182 1236 2235 librum
1268 2180 1358 2235 cui
1398 2180 1601 2252 titulus
1628 2177 1728 2252 est:
1742 2174 2036 2252 Thesafztrus
2074 2174 2460 2252 asceticus_etc,
2500 2176 2576 2252 ab
2599 2175 2808 2244 aliquot
2831 2174 3155 2252 ﬁocietatis'
3176 2185 3399 2252 nostrae

159 2242 411 2392 theolioglis
436 2251 750 2322 probatum,
785 2242 1058 2308 excudere
1084 2260 1138 2307 et
1165 2252 1405 2307 vendere
1458 2249 1653 2321 possit.
1698 2242 2159 2303 Datum'Tolosae
2198 2247 2289 2302 die
2314 2246 2379 2300 21
2405 2245 2612 2316 Aprilis
2646 2242 2792 2299 anno
2823 2245 2979 2300 1682.
3025 2246 3215 2301 Petrus
3245 2245 3397 2300 Alle-

159 2339 265 2377 man
306 2364 317 2376 .

157 2339 317 2377 mana.

1247 2500 1561 2562 SERIES
1607 2496 2238 2563 OPUSCULORUM.

157 2624 477 2699 Opusculum
532 2624 555 2680 Ι
592 2625 778 2699 Sancti
813 2626 1031 2699 Ioannis
1060 2627 1413 2699 Chrysostomi
1444 2628 1687 2699 Epistola
1719 2629 1789 2682 ad
1822 2628 2128 2684 monachos.
3367 2639 3394 2692 1

156 2695 337 2769 Opusc.
377 2697 445 2769 II_
681 2697 910 2769 Macarii
936 2697 1117 2769 Magni
1143 2695 1207 2752 de
1235 2699 1473 2754 custodia
1494 2695 1670 2753 cordis
1704 2699 1853 2753 liber.
3332 2710 3402 2765 19

129 2767 334 2840 ,Opusc.
374 2767 446 2840 111
596 2767 847 2840 Eiusdem
877 2767 940 2840 de
966 2767 1281 2840 perfectione
1308 2771 1365 2823 in
1400 2770 1591 2840 spiritu
1627 2769 1779 2823 liber.
3330 2780 3401 2833 47

153 2839 335 2908 Opusc.
373 2838 445 2892 IV
592 2838 846 2893 Eiusdem
876 2838 939 2892 de
968 2838 1218 2892 oratione
1252 2839 1400 2894 liber.
1430 2838 1437 2840 ⁷
2222 2892 2225 2893 ν
3331 2850 3402 2903 65

152 2908 336 2980 Opusc.
376 2908 442 2980 γΔ
638 2926 657 2959 ι
780 2928 798 2961 ι
869 2908 933 2980 de
968 2910 1227 2980 patientia
1251 2918 1302 2963 et
1329 2910 1640 2963 discretione
1664 2908 1812 2963 liber.
3330 2919 3394 2973 81

151 2977 335 3049 Opusc.
373 2977 444 3033 VI
635 2996 654 3031 ι
776 2998 796 3031 ι
868 2978 933 3049 de
970 2977 1262 3034 elevatione
1294 2981 1480 3033 mentis
1517 2980 1666 3035 liber.
2716 3028 2727 3042 .
3296 2988 3402 3043 115

152 3048 335 3118 Opusc.
376 3049 475 3104 VII
629 3067 649 3100 ι
771 3068 791 3101 ι
862 3048 926 3101 de
962 3051 1188 3103 caritate
1219 3050 1367 3104 liber.
3295 3057 3394 3113 141

151 3118 335 3189 Opusc.
374 3119 499 3174 VIII
622 3138 655 3189 Δ›
774 3138 793 3171 ι
866 3118 930 3171 de
955 3118 1197 3174 libertate
1224 3122 1412 3175 mentis
1438 3120 1588 3175 liber.
2106 3140 2120 3153 ν
3294 3127 3402 3181 185

150 3187 333 3260 Opusc.
372 3189 449 3260 IX
597 3187 1052 3260 Apophthegmata
1073 3190 1322 3245 Patrum.
3295 3196 3401 3251 228

150 3258 335 3331 qusc.
372 3259 424 3331 Χ
598 3258 657 3331 ξ.
686 3258 1037 3331 Amphilochii
1065 3260 1128 3314 de
1151 3277 1255 3315 non
1290 3262 1615 3331 desperando
1651 3261 1801 3316 liber.
3293 3267 3402 3323 (255

150 3328 333 3399 Opusc.
372 3329 471 3403 XI,
699 3328 898 3403 abbptis
926 3330 1170 3403 Zosimae
1188 3328 1461 3403 Alloquia.
1493 3402 1497 3403 ν
1555 3400 1585 3403 η
3293 3336 3400 3391 279

148 3404 333 3473 qusc.
371 3400 499 3473 XII!
596 3399 752 3473 I_saa_c
777 3399 899 3473 Syri
930 3399 1419 3473 de_cogitationibus
1444 3400 1669 3473 libellus.
3294 3406 3401 3461 308

149 3466 332 3544 qusc.
371 3471 503 3544 XIII
684 3466 952 3544 Theodori
993 3466 1235 3544 Studitae
1265 3470 1526 3544 capitula.
3294 3475 3392 3531 511

372 3540 499 3598 XIV
596 3541 810 3595 Abbatis
835 3540 1012 3595 Isaiae
1034 3542 1291 3609 capitula.
1332 3536 1343 3544 ’
3292 3546 3400 3601 515

147 3607 333 3678 Opusc.
371 3611 473 3667 XV
602 3609 660 3665 S.
695 3610 953 3665 Philothei
979 3612 1041 3664 de
1056 3607 1325 3667 Mandatis
1347 3612 1560 3667 Domini
1591 3612 1759 3666 nostri
1795 3610 1915 3665 Iesu
1940 3610 2131 3667 Christi
2156 3626 2349 3670 sermo.
3293 3616 3400 3671 ⁸526

146 3676 330 3754 qusc.
372 3681 525 3754 XVI
688 3680 939 3754 Theodori
965 3684 1268 3754 archiepisc.
1298 3683 1530 3737 Edessae
1560 3681 1801 3754 capitula
1836 3681 1957 3737 CII.
2565 3684 2574 3693 “
3290 3685 3400 3742 345

145 3747 331 3822 qusc.
372 3752 548 3822 XVII,
590 3751 872 3822 Nicephori
895 3747 1151 3822 monachi
1170 3754 1233 3806 de
1255 3754 1492 3808 custodia
1524 3747 1694 3807 cordis
1734 3752 1881 3806 liber.
2438 3758 2455 3775 ‘
3292 3756 3400 3810 404

143 3815 333 3889 Opusc.
370 3821 551 3877 XVIII
600 3815 808 3877 Vita-S.
836 3820 1235 3878 Bartholomaei
1264 3824 1383 3878 abb.
1417 3824 1949 3895 Cryptoferratensis.
3292 3825 3399 3881 429

1038 3936 1352 4002 [Sequuntur
1372 3938 1618 4003 Opuscula
1640 3950 1787 4001 pagg.
1814 3937 1979 3999 1-455,
2006 3943 2109 3988 tum
2132 3935 2295 3987 Index
2311 3934 2522 4000 rerum]

212 4122 443 4226 fi
472 4126 1283 4226 prssinpnggiti‘censgram
1315 4131 1516 4226 hanc,
1541 4154 1704 4216 quae
1734 4143 1934 4226 esstat
1965 4135 2231 4226 in_Actis
2269 4136 2657 4226 eruditorum
2693 4136 2861 4226 Lips.
2900 4134 3089 4226 [liber
3116 4135 3397 4226 prohibi-

141 4203 233 4263 tus
272 4202 449 4267 decr.
484 4205 566 4269 ab
594 4224 653 4269 a.
696 4206 847 4270 1685
874 4207 953 4271 ad
977 4226 1035 4271 a.
1074 4209 1247 4288 1757]
1270 4228 1327 4274 a.
1372 4202 1523 4275 1685
1550 4202 1752 4279 mens.
1785 4215 2091 4279 Novemb.
2124 4232 2311 4295 pagg.
2349 4212 2634 4292 488-491,
2663 4202 2933 4279 adiicere
2959 4202 3156 4279 lubet.

1055 4334 1353 4411 Thesaurus
1392 4340 1643 4411 asceticus
1668 4342 1776 4395 sive
1794 4348 2076 4411 syntagma
2109 4338 2481 4411 opusculorum

1068 4407 1353 4462 octodecim
1380 4425 1413 4462 a
1441 4409 1652 4465 Graecis
1675 4411 1802 4466 olim
1824 4407 2076 4466 Patribus
2098 4407 2162 4463 de
2188 4426 2245 4463 re
2270 4411 2495 4464 ascetica

1060 4479 1398 4552 scriptorum.
1436 4479 1521 4552 Ea
1564 4497 1704 4535 nunc
1738 4483 1968 4552 primum
2001 4481 2259 4552 prodeunt
2305 4497 2333 4534 e
2372 4496 2462 4534 ve-

1128 4549 1425 4602 tustissimis
1453 4549 1577 4604 Mss.
1604 4549 1858 4605 codicibus
1888 4549 2060 4604 eruta.
2089 4549 2376 4606 Collectore

1251 4627 1408 4690 atque
1430 4621 1727 4746 interprete!
1742 4620 1900 4676 Petro
1925 4621 2142 4676 Possino
2162 4619 2280 4677 Soc.

1730 4709 1839 4746 esu.

1730 4709 1839 4746 esu.
2312 4721 2316 4725 ‘

1158 4802 1384 4858 Parisiis
1420 4806 1563 4876 apud
1584 4805 1709 4860 Ant.
1745 4805 2034 4861 Dezallier.
2071 4804 2209 4860 1684
2235 4806 2374 4861 in—d.

196 4892 353 4970 cum,
381 4894 484 4970 qui
499 4894 853 4970 ‘Scriptorum
872 4894 1157 4966 gentilium
1181 4895 1495 4970 fragmenta
1512 4898 1778 4970 colligunt
1797 4906 1962 4970 atque
1986 4897 2129 4969 typis
2148 4897 2387 4970 publicis
2409 4896 2649 4970 exscribi
2670 4908 2884 4964 curant,
2906 4912 3018 4953 non
3041 4897 3164 4954 leve
3188 4914 3390 4970 operae

134 4968 369 5051 pretium
400 4967 607 5023 fecisse
640 4976 926 5051 putantur,
963 4967 1292 5051 tum‘maiu‘s
1319 4967 1401 5021 illi
1430 4968 1633 5022 laboris
1651 4967 1968 5038 praemium
1990 4967 2271 5051 meruisse
2298 4969 2563 5051 censendi
2586 4977 2735 5051 sunt,
2763 4971 2856 5051 qui
2878 4967 3391 5051 sanctorum—viro-

136 5050 247 5110 rum
289 5036 827 5110 fragmentapietati
859 5036 1410 5110 excitandaeidonea
1445 5036 1699 5110 typorum
1742 5055 1909 5107 opera
1952 5038 2237 5110 vindicant
2264 5039 2333 5110 ab
2367 5040 2623 5110 interitu.
2666 5036 2818 5093 Fecit
2842 5040 2897 5093 id
2945 5039 3208 5110 laudabili
3256 5056 3389 5097 sane

135 5104 405 5179 industria
421 5104 837 5179 eruditissimus
859 5107 1127 5162 Possinus.
1156 5108 1291 5162 Nam
1320 5104 1582 5163 Thesauro
1610 5110 1715 5179 hoc
1741 5104 1961 5162 ascetico
2003 5108 2377 5179 duodeviginti
2396 5109 2667 5179 Opuscula
2712 5109 3124 5179 compicctitur;
3154 5126 3390 5179 quorum

134 5177 366 5248 sedecim
399 5194 475 5233 ex
512 5178 893 5248 antiquissimo
922 5179 1200 5233 volumine
1233 5179 1331 5233 Ms.
1356 5192 1556 5248 graeco
1599 5178 1821 5248 triginta
1854 5177 2265 5233 lucubrationes
2296 5179 2365 5234 de
2393 5177 2454 5234 re
2474 5180 2707 5234 ascetica
2739 5177 3053 5233 continente
3078 5187 3134 5233 et
3161 5177 3191 5233 a
3220 5182 3389 5235 Fran-

134 5244 270 5318 cisco
298 5244 662 5302 Turrianoiii
697 5249 860 5303 domo
886 5249 1129 5318 professa
1159 5244 1381 5303 Romae'
1407 5264 1552 5302 anno
1595 5244 1731 5303 1566
1781 5249 2049 5318 deposito,
2077 5265 2201 5302 cum
2232 5249 2521 5305 Soeietatis
2554 5251 2674 5304 Iesu
2714 5249 2805 5304 ille
2848 5250 3157 5303 membrum
3210 5250 3387 5314 ﬁeret,

133 5314 445 5392 descripsit.
464 5318 705 5392 _R_e_liqua
720 5320 854 5392 duo,
878 5314 1073 5392 ne_mp_e
1101 5318 1438 5392 S._Theodori
1469 5318 1714 5392 Studitae
1739 5314 2010 5392 capitula,
2042 5334 2112 5392 ex
2133 5319 2321 5392 codice
2355 5321 2617 5392 Vaticano
2644 5321 2991 5392 perantiquo,
3014 5321 3103 5374 cui
3124 5333 3391 5392 numerus

134 5388 436 5461 inscriptus
463 5388 591 5451 750,
627 5397 682 5461 et
704 5389 889 5461 I'itam
918 5388 976 5443 S.
1018 5388 1413 5461 Bartholomaei
1438 5389 1554 5444 abb.
1591 5388 2130 5461 Cryptoferratensis,
2174 5389 2321 5459 quod
2357 5391 2608 5445 ultimum
2644 5388 2730 5445 est
2762 5390 2817 5443 in
2852 5388 2957 5445 hoc
2984 5391 3282 5456 volumine,
3321 5408 3389 5446 ex

130 5452 635 5529 Cryptoferratensi
663 5459 998 5514 bibliotheca
1025 5460 1344 5529 depromsit.

242 5531 447 5604 rimum
486 5531 734 5604 omnium
768 5531 999 5604 istorum
1039 5528 1437 5604 Opusculorum
1462 5540 1549 5586 est
1578 5529 1637 5586 S.
1678 5529 1897 5604 Ioannis
1918 5528 2273 5604 Chrysostomi
2315 5529 2557 5604 Epistola
2587 5532 2657 5604 ad
2680 5531 2962 5604 monachos
3012 5531 3067 5585 in
3116 5529 3388 5604 Turriano

131 5596 312 5671 codice
343 5596 829 5671 inscriptakquam
866 5596 1327 5671 scripsisscjllum
1366 5611 1540 5670 putat,
1566 5616 1691 5656 cum
1718 5596 2047 5656 Antiochiae
2083 5600 2227 5655 inter
2257 5596 2556 5656 monachos
2586 5602 2807 5666 vixerit,
2845 5610 3139 5671 antequam
3167 5600 3386 5670 episco-

134 5679 227 5732 pus
261 5668 423 5727 tierct
445 5668 1110 5743 Constantinopolim—nus.
1138 5669 1346 5742 Septem
1370 5668 1623 5741 opuscula
1654 5688 1793 5742 quae
1823 5680 1945 5743 post
1971 5671 2247 5727 laudatam
2275 5671 2570 5743 Epistolam
2607 5674 2972 5736 collocantur,
2993 5668 3065 5729 ἰιι
3104 5672 3180 5726 De
3203 5668 3383 5728 casto--
