3950 6554
150 407 237 464 555
942 403 1037 460 AD
1071 400 1449 459 EDITIONEM
1477 401 1641 458 HOM.
1684 402 1741 457 S.
1783 402 2063 458 MACARII
2100 401 2439 459 AEGYPTII.
3222 410 3330 467 555

148 517 303 579 Caroli
329 514 608 582 Guilielmi,
634 518 973 583 cancellario,
997 517 1297 574 consiliario
1314 518 1498 573 intimo
1522 527 1570 572 et
1598 519 1735 573 sacri
1764 519 2053 573 consistorii
2079 516 2330 588 praesidi,
2354 517 2777 585 eminentissimo,
2804 529 3026 591 patrono
3053 524 3337 594 singulari,

148 613 425 679 lusorium,
448 615 834 669 sanctissimum
862 614 1096 681 Patrem,
1119 623 1279 686 atque
1306 616 1535 687 seipeum
1564 616 2010 685 obsequiosissimo
2039 616 2182 671 cultu
2210 628 2260 673 et
2288 616 2459 671 studio
2482 615 2628 687 offert
2656 612 2742 669 Jo.
2773 613 3023 686 Georgius
3044 614 3263 673 Pritius.
3297 619 3309 688 |

1514 756 1604 811 Vir
1647 757 1876 813 illustris
1899 760 1919 813 !

203 894 367 962 Quum
404 892 500 948 Dei
535 893 739 965 Optimi
781 894 997 950 Maximi
1042 894 1305 965 singulari
1347 903 1505 960 nutu,
1545 904 1603 950 et
1638 895 1986 952 Serenissimi
2024 895 2203 953 Caroli
2239 896 2504 955 Guilielmi
2539 894 2738 952 summi
2776 896 3045 968 Principis
3090 898 3239 954 iussu
3281 908 3339 954 et

143 984 395 1057 auspiciis,
429 984 565 1041 Tuis
610 994 794 1043 tamen
820 988 987 1044 etiam
1039 990 1305 1056 consiliis,
1342 989 1546 1060 Lipsia,
1586 1006 1618 1045 e
1667 990 1988 1046 charissima
2038 992 2283 1048 omnium
2334 992 2531 1064 patria,
2569 993 2639 1049 ad
2684 995 3036 1051 Servestanos
3080 1004 3340 1052 evocatus

142 1083 327 1139 abitum
357 1079 670 1145 meditarer,
703 1081 1087 1139 adducendum
1135 1083 1356 1139 insimul
1390 1082 1695 1139 existimavi
1747 1083 2003 1138 comitem
2047 1085 2419 1140 venerandum
2446 1085 2743 1141 Macarium
2790 1087 2944 1141 illum
2986 1086 3333 1158 Aegyptium,

142 1181 266 1235 inter
292 1177 475 1232 Patres
498 1176 773 1233 Ecclesiae
803 1177 1141 1235 Christianae
1172 1180 1391 1252 pietatis
1421 1179 1701 1234 solidioris
1729 1178 1890 1235 laude
1925 1188 1983 1235 et
2024 1179 2148 1234 viva
2175 1196 2359 1237 rerum
2386 1181 2713 1252 spiritalium
2746 1178 2973 1233 scientia
2998 1177 3339 1248 incompara-

140 1274 304 1329 bilem.
336 1268 508 1337 Quem
545 1272 695 1327 enim
735 1273 1006 1339 dabimus,
1041 1276 1159 1345 qui,
1191 1276 1297 1331 nisi
1342 1275 1654 1331 divinorum
1698 1275 2081 1347 mysteriorum
2126 1291 2158 1330 a
2192 1276 2428 1346 Spiritus
2467 1276 2640 1333 sancti
2682 1275 2854 1347 gratia
2888 1274 3054 1330 fuerit
3092 1274 3336 1345 peculia-

142 1368 260 1422 riter
286 1364 555 1435 particeps
585 1365 781 1431 factus,
806 1366 875 1422 de
903 1369 1359 1424 excellentissima
1396 1369 1607 1425 animae
1648 1370 2002 1440 praestantia,
2035 1371 2103 1426 de
2146 1370 2302 1441 lapsu
2351 1372 2589 1427 hominis
2634 1367 2959 1433 miserrimo,
2992 1366 3061 1421 de
3095 1374 3340 1421 extrema

139 1457 395 1513 hominum
427 1456 485 1511 in
517 1460 753 1527 peccatis
794 1460 1088 1515 iacentium
1120 1461 1408 1532 pravitate,
1443 1461 1510 1515 de
1554 1461 1768 1517 insidiis
1815 1462 2056 1517 hostium
2094 1462 2443 1519 infernalium
2487 1472 2544 1520 et
2587 1460 2962 1517 molitionibus
3001 1458 3057 1512 in
3099 1467 3341 1512 mentem

139 1556 405 1610 humanam
456 1555 951 1624 periculosissimis,
986 1559 1054 1614 de
1097 1559 1422 1614 suavissimo
1471 1557 1646 1612 divini
1695 1556 1933 1627 Spiritus
1976 1558 2166 1626 ductu,
2206 1559 2273 1615 de
2322 1560 2494 1632 gratia
2530 1558 2647 1623 Dei,
2681 1558 2691 1629 Î™
2721 1556 3033 1628 gratiaeque
3072 1570 3104 1608 a
3145 1562 3341 1608 natura

135 1647 481 1715 distinctione,
500 1651 862 1723 universaque
898 1654 1089 1709 salutis
1119 1663 1339 1709 nostrae
1370 1653 1687 1710 oeconomia
1714 1654 1944 1711 solidius
1976 1656 2277 1726 scripserit,
2309 1671 2472 1726 quam
2502 1664 2793 1711 veteranus
2835 1652 2925 1707 ille
2966 1654 3109 1705 inter
3138 1648 3341 1705 Christi

137 1743 408 1801 Salvatoris
450 1744 731 1804 ministros
766 1748 1067 1803 Macarius?
1098 1749 1330 1804 Tantum
1361 1746 1543 1802 virum
1576 1744 1722 1816 quod
1755 1745 1808 1801 in
1842 1746 2137 1815 hospitium
2178 1745 2464 1811 deducam,
2497 1745 2603 1801 nisi
2635 1745 2702 1799 ad
2741 1745 2839 1810 Te,
2876 1745 2961 1799 vir
2997 1742 3341 1798 excellentis-

133 1836 289 1893 sime?
317 1835 520 1906 quippe
545 1839 639 1907 qui
668 1856 767 1910 pro
799 1839 1055 1895 inusitata
1085 1855 1270 1895 rerum
1296 1837 1624 1901 divinarum,
1656 1853 1764 1907 qua
1792 1838 1986 1907 polles,
2018 1838 2215 1908 peritia
2247 1852 2307 1891 es
2339 1853 2482 1892 unus
2521 1838 2765 1892 omnium
2795 1836 3026 1890 maxime
3058 1834 3123 1890 ad
3157 1834 3344 1889 existi-

135 1928 368 1982 mandum
400 1928 654 1993 idoneus,
679 1932 954 2001 quodnam
991 1932 1063 1987 sit
1092 1941 1201 1987 tam
1235 1930 1450 1986 eximiis
1495 1930 1782 1986 animabus
1828 1932 2179 1986 statuendum
2208 1933 2465 2002 pretium.
2515 1931 2668 1998 Quod
2708 1930 2798 2000 qui
2831 1930 3065 1995 noverit,
3094 1945 3255 2000 quam
3288 1933 3345 1982 et

131 2017 304 2087 cupide
332 2016 618 2088 calideque
641 2020 769 2074 olim
796 2021 996 2076 nostris
1028 2021 1198 2076 sacris
1228 2020 1444 2076 dederis
1475 2035 1717 2091 operam,
1748 2036 1911 2090 quam
1946 2022 2152 2092 amplas
2183 2022 2461 2078 interioris
2492 2021 2790 2092 sapientiae
2818 2021 3034 2077 divinae
3067 2020 3345 2091 possideas

132 2116 407 2178 facultates,
435 2129 600 2183 quam
628 2125 685 2171 et
710 2132 925 2173 morum
954 2125 1196 2187 praestes
1219 2116 1481 2188 singulari
1513 2117 1842 2188 integritate,
1869 2125 2181 2187 quantoque
2217 2132 2401 2173 amore
2433 2117 2489 2172 in
2520 2116 2776 2187 pietatem
2811 2117 3078 2171 sinceram
3117 2114 3345 2183 eiusque

131 2208 344 2261 cultores
379 2204 602 2271 feraris,
638 2208 786 2264 iuxta
816 2224 1030 2265 mecum
1062 2217 1318 2280 agnoscet
1346 2209 1581 2264 libenter
1610 2218 1666 2264 et
1697 2209 2053 2280 praedicabit.
2092 2210 2225 2265 Mihi
2263 2224 2397 2265 vero
2432 2218 2490 2265 et
2517 2208 2620 2265 ista
2649 2209 2788 2264 ratio
2817 2208 2924 2264 fuit
2954 2208 3010 2263 in
3041 2207 3346 2262 clientelam

130 2297 281 2351 Tuam
307 2297 561 2353 tradendi
594 2299 839 2355 divinum
868 2302 1159 2356 Macarium
1189 2312 1455 2369 nostrum,
1488 2302 1691 2358 nostris
1721 2303 2191 2373 qualibuscunque
2220 2303 2421 2374 vigiliis
2448 2317 2597 2357 nunc
2624 2301 2786 2372 paulo
2818 2299 3042 2372 politius
3070 2299 3347 2369 prodeun-

130 2399 222 2444 tem
247 2388 298 2443 in
325 2388 632 2458 publicum,
659 2399 721 2444 ut
753 2406 839 2445 me
870 2406 1087 2460 quoque
1116 2392 1219 2447 hac
1252 2393 1462 2447 ratione
1496 2392 1747 2447 sisterem
1778 2392 1923 2457 Tibi,
1956 2392 2042 2447 vir
2081 2393 2332 2458 illustris,
2360 2392 2426 2447 ad
2463 2401 2726 2463 perpetua
2754 2391 2995 2455 servitia,
3030 2406 3094 2445 ac
3129 2388 3349 2459 aliquod

127 2488 281 2535 exstet
311 2480 451 2550 grati
480 2480 652 2535 animi
683 2496 811 2551 erga
840 2481 916 2536 Te
956 2482 1343 2538 documentum
1372 2500 1385 2536 :
1413 2482 1501 2536 cui
1540 2482 1811 2552 imprimis
1854 2482 2034 2538 refero
2065 2490 2369 2554 acceptum,
2398 2483 2543 2554 quod
2576 2482 2719 2553 apud
2751 2482 3105 2538 Servestanos
3136 2492 3351 2537 vestros

126 2581 174 2628 et
196 2572 248 2628 in
278 2572 513 2627 ecclesia
541 2583 598 2628 et
628 2572 683 2628 in
714 2573 973 2629 cathedra
1003 2575 1222 2645 publica
1249 2590 1315 2630 ea
1352 2582 1435 2630 tra
1464 2574 1474 2646 |
1505 2574 1669 2629 dendi
1714 2590 1974 2630 concessa
2006 2575 2140 2630 mihi
2174 2575 2246 2630 sit
2276 2574 2525 2641 facultas,
2556 2589 2694 2645 quae
2722 2574 2923 2644 popqu
2953 2572 3264 2629 Christiano
3294 2584 3352 2629 et

126 2664 378 2719 studiosae
408 2664 686 2719 iuventuti
715 2667 927 2735 possint
953 2681 1073 2721 esse
1104 2666 1172 2721 ad
1200 2666 1369 2721 vitam
1392 2665 1760 2721 Christianam
1804 2674 1954 2720 recte
1992 2664 2403 2735 ingrediendam
2435 2675 2596 2734 atque
2628 2663 2932 2728 colendam,
2967 2679 3032 2719 ac
3064 2664 3131 2717 ad
3165 2680 3351 2718 veram

125 2755 470 2809 eruditionem
514 2754 935 2825 comparandam
979 2756 1285 2811 necessaria
1321 2766 1378 2812 et
1419 2756 1611 2821 utilia;
1657 2771 1766 2826 quo
1809 2755 1956 2811 vitae
2003 2770 2106 2826 ego
2150 2770 2350 2827 genere
2394 2755 2628 2810 maxime
2669 2755 2912 2809 omnium
2949 2756 3057 2809 iam
3096 2770 3128 2809 a
3164 2756 3353 2812 multis

124 2850 262 2907 annis
290 2849 654 2904 vehementer
687 2850 950 2906 delector.
991 2851 1194 2922 Recipe
1240 2851 1429 2922 igitur,
1460 2850 1548 2905 vir
1578 2849 1830 2916 illustris,
1863 2850 2134 2921 hospitem
2170 2850 2318 2906 hunc
2361 2865 2563 2904 novum
2607 2864 2673 2904 ea
2716 2848 2918 2911 fronte,
2958 2864 3065 2918 qua
3112 2848 3180 2903 ad
3227 2863 3353 2902 sua-

124 2944 376 3000 vissimam
430 2942 872 3009 humanitatem,
913 2945 1097 2999 dotem
1135 2944 1257 2999 Tibi
1302 2960 1335 3001 a
1375 2952 1571 2999 natura
1608 2942 1855 2999 faventer
1904 2942 2259 3014 impertitam,
2303 2950 2361 2997 et
2408 2940 2813 3012 elegantissima
2859 2941 3078 2995 vivendi
3138 2942 3353 2996 ratione

122 3038 394 3107 plurimum
429 3047 676 3103 auctam,
703 3035 1058 3105 compositus,
1084 3050 1195 3089 non
1220 3035 1409 3091 doctos
1437 3044 1669 3101 tantum,
1699 3035 1797 3091 sed
1826 3035 2151 3105 praesertim
2182 3033 2401 3105 pietatis
2429 3034 2670 3088 cultores
2692 3032 2759 3085 ad
2791 3044 3142 3101 conspectum
3174 3033 3355 3089 Tuum

122 3129 495 3203 benignissime
526 3128 789 3185 admittis.
821 3127 1024 3197 Recipe
1055 3136 1112 3183 et
1141 3142 1227 3182 me
1266 3127 1323 3182 in
1352 3127 1613 3193 favorem,
1647 3128 1742 3197 qui
1783 3126 1987 3182 enixim
2034 3126 2090 3179 in
2125 3126 2181 3180 id
2228 3124 2495 3189 connitar,
2529 3134 2591 3179 ut
2633 3123 2833 3193 quibus
2879 3126 3202 3181 muneribus
3236 3126 3357 3182 Tuo

119 3221 362 3279 beneï¬cio
398 3222 717 3295 praeï¬cior,
752 3220 1079 3277 satisfaciam
1128 3235 1367 3291 semper,
1402 3228 1459 3275 et
1491 3219 1559 3275 de
1598 3229 1784 3275 cetero
1826 3218 2247 3289 quibuscunque
2280 3217 2485 3287 possim
2528 3216 2721 3272 ofï¬ciis
2763 3216 2829 3271 ad
2856 3215 2952 3281 Te,
2992 3218 3074 3271 vir
3105 3220 3357 3274 eminen-

119 3316 323 3381 tissime,
358 3314 675 3370 ornandum
705 3313 807 3368 sim
830 3310 1227 3382 paratissimus.
1259 3313 1407 3366 Vale.
1437 3311 1651 3381 Lipsiae
1680 3311 1737 3365 in
1765 3310 1917 3366 abitu
1948 3326 2071 3366 meo
2098 3310 2212 3366 Cal.
2248 3308 2472 3366 Octobr.
2506 3310 2571 3364 A.
2597 3308 2661 3364 ÎŸ.
2695 3310 2761 3364 R.
2790 3310 2873 3364 clo
2903 3310 2985 3365 Ioc
3016 3310 3247 3367 XCVIII.

199 3405 437 3476 |Lectori
469 3404 732 3459 Benevola
772 3403 997 3457 salutem
1034 3404 1156 3457 dicit
1189 3403 1267 3457 Io.
1307 3404 1556 3475 Georgius
1597 3404 1814 3469 Pritius,
1849 3402 1947 3459 SS.
1987 3402 2299 3473 Theologiae
2335 3402 2657 3457 Licentiatus
2694 3411 2745 3456 et
2779 3402 3052 3473 Professor
3087 3405 3357 3464 Publicus.

174 3500 494 3572 Evulgamus
553 3503 653 3565 hic,
695 3500 832 3570 quod
866 3499 1006 3553 Deus
1052 3500 1284 3568 faustum
1331 3515 1440 3554 esse
1485 3500 1682 3563 iubeat,
1721 3499 1777 3553 in
1814 3497 2082 3554 Ecclesiae
2131 3514 2389 3569 veraeque
2437 3500 2644 3570 pietatis
2684 3501 3038 3555 studiosorum
3074 3501 3361 3560 utilitatem

114 3589 331 3658 Macarii,
365 3592 607 3646 Patrum
643 3591 1013 3660 antiquissimi,
1048 3589 1329 3655 Homilias,
1363 3591 1513 3644 rebus
1549 3592 1779 3659 optimae
1818 3591 1985 3661 frugis
2016 3590 2443 3660 divinissimaque
2474 3590 2726 3661 mysteria
2761 3590 3041 3661 complexis
3074 3595 3359 3662 refertissi-

116 3698 231 3736 mas.
259 3682 335 3736 De
364 3700 476 3753 qua
518 3699 653 3736 nova
684 3682 907 3735 editione
942 3690 999 3735 ut
1031 3681 1212 3735 lectori
1237 3681 1397 3753 paulo
1429 3683 1727 3736 accuratius
1757 3689 1976 3746 constet,
2008 3689 2163 3735 erunt
2195 3680 2399 3752 aliqua,
2432 3680 2548 3735 licet
2585 3682 2918 3747 brevissimis,
2950 3686 3358 3754 praemittenda,

113 3786 378 3848 antequam
405 3780 479 3833 ad
509 3778 783 3832 lectionem
811 3776 928 3832 libri
956 3776 1225 3832 utilissimi
1258 3778 1588 3831 admittatur.
1624 3776 1946 3841 Editionem,
1977 3784 2037 3829 ut
2070 3783 2313 3847 apparet,
2349 3774 2850 3846 Francofurtanam,
2881 3794 3041 3847 quam
3072 3778 3360 3835 Zacharias

115 3870 404 3927 Palthenius
455 3889 606 3927 anno
649 3870 847 3927 saeculi
882 3873 1167 3943 superioris
1216 3872 1553 3942 nonagesimo
1601 3882 1790 3942 quarto
1842 3872 2229 3936 adornaverat,
2276 3873 2607 3942 repetivimus
2673 3874 2917 3943 quidem;
2960 3876 3050 3928 sed
3096 3884 3152 3927 ut
3199 3878 3361 3946 paulo

110 3968 307 4019 somtior
338 3975 529 4020 tamen
564 3966 797 4037 prodiret
838 3964 1241 4018 elaboravimus.
1278 3964 1418 4018 Nam
1459 3980 1705 4035 graecum
1751 3973 1949 4018 textum
1992 3973 2241 4018 accurato
2279 3964 2453 4017 studio
2499 3965 2793 4029 revisimus,
2821 3965 3041 4021 sublatis
3084 3969 3202 4021 hinc
3240 3971 3361 4024 inde

113 4060 311 4125 mendis,
341 4076 484 4131 quae
516 4061 577 4113 in
619 4060 847 4129 priorem
896 4057 1176 4111 editionem
1216 4058 1559 4127 irrepserunt.
1604 4056 1698 4111 Ubi
1733 4056 1941 4127 quidem
1990 4056 2046 4109 in
2096 4055 2295 4124 voltis
2342 4054 2487 4109 nobis
2536 4056 2737 4125 fuisset,
2776 4064 2833 4109 ut
2880 4058 2950 4111 ad
2994 4075 3183 4113 manus
3219 4062 3361 4116 nobis

108 4152 250 4207 coclea:
274 4155 574 4209 exstitisset
606 4170 770 4207 manu
809 4162 1083 4216 exoratus,
1118 4168 1278 4222 quum
1320 4150 1511 4205 alicubi
1554 4151 1687 4204 satis
1728 4158 1861 4204 esset
1908 4150 2267 4219 manifestum,
2311 4149 2583 4203 lectionem
2620 4150 2737 4204 libri
2770 4154 2944 4205 excusi
2989 4154 3045 4207 in
3091 4155 3215 4207 vitio
3266 4174 3362 4210 cu-

109 4243 236 4299 bare.
264 4246 449 4301 Multis
478 4246 538 4300 id
572 4245 694 4299 locis
726 4253 893 4315 posset
925 4243 1146 4308 ostendi,
1180 4243 1270 4296 sed
1310 4259 1473 4296 unum
1502 4242 1691 4295 saltem
1721 4242 2015 4312 speciminis
2054 4240 2164 4294 loco
2187 4241 2397 4310 adferre
2425 4242 2666 4311 sufï¬ciat.
2698 4242 2928 4298 llomilia
2960 4244 3006 4298 Î§
3027 4263 3079 4315 Ï.
3113 4244 3211 4299 221
3248 4248 3365 4301 edi-

107 4340 242 4395 tionis
268 4341 746 4412 Francofurtanae
777 4338 924 4393 nullo
955 4356 1111 4393 sensu
1146 4338 1332 4409 legitur
1358 4340 1598 4391 á¼ÎºÏ€ÎµÎ¹Î½Îµá½·
1628 4354 1659 4390 Îº

1802 4337 1943 4407 Î¹Î´Î¹Ïˆá¾·
1980 4337 2305 4408 á½‘Ï€á½±ÏÏ‡Î¿Ï…ÏƒÎ¹,
2337 4338 2394 4391 in
2428 4353 2655 4407 quorum
2686 4339 2959 4394 verborum
2998 4340 3168 4394 locum
3207 4357 3362 4413 repo-

107 4435 284 4488 suimus
316 4438 375 4489 á½²Î½
416 4437 591 4508 Ï€Îµá½·Î½á¿ƒ
614 4437 706 4489 ÎºÎ±á½¶
730 4434 858 4507 Î´á½·Ïˆá¿ƒ
883 4434 1211 4505 á½‘Ï€á½±ÏÏ‡Î¿Ï…ÏƒÎ¹.
1251 4432 1500 4498 Quamvis
1542 4450 1667 4487 nec1

1808 4449 1832 4486 s
1856 4443 2203 4502 congruenter
2233 4431 2336 4503 legi
2377 4434 2538 4503 possit
2572 4433 2822 4487 Exnewm'
2845 4436 2939 4489 ÎºÎ±á½¶
2976 4436 3201 4506 á¼”ÎºÎ´Î¹ÏˆÎ¿Î¹,
3227 4454 3363 4509 quae

106 4528 240 4582 verba
266 4528 431 4600 paulo
465 4536 592 4601 post
620 4529 675 4581 in
703 4529 814 4599 ipso
837 4543 1041 4598 quoque
1069 4532 1312 4580 contextu
1338 4534 1638 4579 occurrunt.
1670 4524 1763 4579 Ubi
1786 4541 1908 4595 ergo
1931 4532 1980 4576 et
2004 4526 2342 4595 manifestum
2372 4526 2492 4595 fuit,
2515 4526 2672 4580 verba
2700 4529 2928 4582 auctoris
2953 4545 3060 4583 esse
3088 4540 3359 4601 corrupta,

108 4629 147 4671 et
175 4622 459 4692 manifesta
496 4636 710 4691 quoque
740 4621 1118 4674 emendationis
1154 4618 1290 4673 ratio
1320 4620 1513 4689 patuit,
1546 4620 1859 4672 tentavimus
1898 4630 2168 4674 auctorem
2203 4620 2299 4674 sibi
2338 4622 2633 4674 restituere.
2670 4620 2944 4692 Aliquibus
2986 4639 3106 4677 vero
3142 4625 3198 4678 in
3238 4624 3362 4680 locis

106 4713 328 4772 Cotelerii
354 4719 647 4789 diligentia
680 4718 821 4771 nobis
851 4717 1106 4779 inserviit,
1136 4732 1199 4769 ea:
1233 4716 1597 4784 manuscriptis
1630 4715 1887 4768 codicibus
1922 4716 1980 4768 in
2009 4714 2275 4769 Ecclesiae
2300 4714 2533 4770 Graecae
2564 4714 2933 4781 Monumentis,
2963 4734 3099 4787 quae
3137 4717 3362 4774 Parisiis

107 4806 253 4863 lucem
279 4811 676 4877 adspexerunt,
704 4809 920 4863 subinde
942 4810 1210 4863 variantes
1243 4805 1484 4860 lectiones
1511 4806 1836 4871 adnotantis,
1863 4824 1993 4877 quas
2024 4806 2104 4861 vel
2128 4808 2185 4861 in
2215 4816 2414 4861 textum
2445 4809 2734 4878 recepimus
2762 4809 2843 4862 vel
2874 4810 2941 4861 ad
2966 4809 3104 4863 latus
3132 4812 3359 4866 adnota-

104 4901 269 4958 vimus.
300 4904 513 4959 Latina
550 4904 719 4957 versio
751 4905 1041 4957 miserrime
1083 4904 1294 4956 omnino
1327 4918 1381 4955 se
1406 4900 1646 4977 habebat,
1680 4901 1810 4954 adeo
1838 4902 2067 4971 quidem,
2098 4912 2155 4955 ut
2192 4902 2370 4956 multis
2414 4904 2469 4955 in
2504 4902 2627 4957 locis
2654 4904 2806 4973 foeda
2832 4905 3121 4975 stribligine
3153 4915 3203 4960 et
3235 4907 3360 4961 bar-

104 4991 323 5048 barismis
362 4998 642 5060 horreret,
677 5013 770 5050 nec
808 4996 1113 5065 saepissime
1142 5011 1322 5048 verum
1352 4993 1574 5047 Macarii
1605 5009 1815 5047 sensum
1851 4995 2185 5064 exprimeret.
2216 4994 2465 5048 Dedimus
2505 4995 2669 5065 igitur
2704 5013 2943 5067 operam,
2976 5006 3084 5050 tum
3116 5006 3174 5051 ut
3200 4998 3361 5067 paulo

104 5086 247 5154 magis
281 5086 518 5141 Latinus
552 5088 621 5139 sit
653 5088 930 5157 interpres,
962 5096 1071 5140 tum
1101 5094 1159 5139 ut
1184 5084 1415 5153 ï¬delius,
1444 5099 1581 5154 quae
1618 5085 1838 5137 senserit
1871 5086 1980 5155 ipse
2016 5093 2220 5150 auctor,
2254 5102 2348 5139 suo
2387 5102 2627 5140 sermone
2659 5089 2915 5143 exhibeat.
2968 5088 3287 5161 Quanquam
3321 5092 3331 5163 á¾—

105 5188 180 5225 nec
203 5177 274 5229 sic
303 5178 532 5246 quidem
561 5180 816 5248 possimus
847 5179 1123 5249 spondere,
1159 5176 1289 5231 nihil
1318 5192 1588 5247 superesse
1627 5177 1681 5229 in
1720 5178 1957 5231 versione
1999 5179 2247 5250 amplius,
2282 5178 2421 5250 quod
2455 5180 2725 5234 emendari
2762 5191 3048 5245 mereatur,
3090 5200 3250 5253 quum
3291 5186 3360 5238 sit

102 5262 471 5333 difficillimum,
509 5286 654 5339 quae
687 5280 899 5340 peccata
932 5279 1055 5323 sunt
1094 5268 1157 5321 ab
1198 5268 1337 5332 aliis,
1373 5269 1449 5321 ita
1492 5267 1643 5338 plene
1677 5268 1974 5333 sustollere,
2009 5278 2066 5321 ut
2102 5268 2279 5324 nullus
2320 5272 2545 5341 amplius
2580 5286 2773 5324 naevus
2812 5282 3091 5341 appareat.
3128 5273 3202 5327 Ac
3232 5276 3360 5329 mihi

104 5357 287 5420 quidem
321 5360 546 5428 facilius
579 5359 729 5431 longe
751 5360 1025 5414 videbatur
1055 5360 1186 5431 fore,
1217 5376 1406 5413 novam
1430 5360 1743 5415 concinnare
1775 5363 2081 5426 versionem,
2108 5379 2267 5432 quam
2296 5372 2518 5416 veterem
2548 5362 2699 5416 illam
2728 5370 2803 5415 tot
2833 5362 2958 5416 locis
2990 5365 3355 5435 incongruam,

104 5459 144 5503 et
171 5452 300 5507 male
329 5453 585 5509 auctoris
616 5457 776 5509 menti
809 5456 1207 5526 respondentem
1236 5455 1514 5525 corrigere.
1554 5455 1771 5509 Textum
1813 5457 1869 5509 in
1911 5458 2160 5510 sectiones
2199 5457 2591 5528 dispescuimus,
2624 5459 2959 5527 interpretem
2996 5464 3357 5529 germanicum

103 5556 152 5595 ea
175 5547 222 5597 in
247 5562 303 5599 re
327 5549 529 5611 secuti,
556 5556 618 5599 ut
638 5548 893 5612 videlicet,
921 5550 1010 5618 qui
1037 5550 1397 5617 germanicum
1424 5549 1618 5601 idioma
1641 5565 1759 5601 cum
1784 5566 1975 5619 graeca
2001 5553 2229 5604 auctoris
2252 5554 2489 5605 oratione
2512 5552 2749 5621 conferre
2779 5554 3013 5622 cupiant,
3037 5556 3173 5625 quod
3198 5574 3359 5627 quaeâ€”

103 5649 222 5704 runt,
249 5641 487 5711 faciliori
514 5643 725 5711 negotio
756 5642 985 5694 invenire
1009 5641 1227 5711 possint,
1256 5656 1347 5694 nec
1362 5641 1661 5710 ceteroquin
1688 5639 1871 5711 aliqua
1898 5643 2104 5695 oriatur
2123 5644 2307 5696 exinde
2330 5644 2581 5713 confusio.
2615 5641 2863 5708 Quamvis
2889 5662 2993 5699 non
3024 5663 3289 5717 negemus,
3313 5652 3361 5703 si

104 5740 260 5786 nostra
285 5735 548 5789 libertate
572 5735 651 5786 uti
673 5733 752 5787 hic
769 5734 911 5787 nobis
936 5735 1119 5787 datum
1141 5734 1340 5803 fuisset,
1370 5732 1533 5786 aliam
1556 5749 1647 5786 nos
1672 5734 1814 5787 haud
1840 5734 2195 5805 infrequenter
2223 5736 2575 5806 distinguendi
2597 5736 2857 5790 rationem
2882 5737 3039 5806 fuisse
3066 5747 3352 5794 secuturos.

102 5820 403 5893 Argumenta
424 5825 690 5881 Homiliis
706 5828 831 5897 ipsis
852 5829 1145 5895 praemissa
1169 5827 1481 5882 retinuimus
1502 5826 1734 5896 quidem,
1758 5830 1996 5898 quamvis
2023 5846 2126 5885 non
2146 5832 2309 5901 ipsius
2332 5832 2436 5886 sint
2456 5830 2699 5897 Macarii,
2721 5831 2812 5885 sed
2838 5833 3057 5888 alterius
3077 5834 3352 5888 cuiusdam

390 5922 688 5981 Parnm.
732 5921 847 5981 Gn.
890 5921 1153 5981 XXXIV.
2918 5924 2991 5985 12
