3950 6556
171 380 258 434 357
996 377 1087 433 AD
1123 374 1499 433 EDITIONEM
1535 375 1773 433 OPUSC.
1816 375 1873 432 S.
1914 374 2196 431 MACARII
2233 371 2569 429 AEGYPTll.
3278 371 3383 427 35%

170 491 357 564 XLVllg
457 489 754 564 Explicatio
786 491 1069 564 allegorica
1103 492 1433 564 quorundam
1466 492 1559 545 sub
1602 492 1711 563 lege
1740 490 1910 563 [bene]
1944 491 2222 561 factorum.

168 563 361 639 ξμῃιι
456 554 794 639 Qe'perfecta
822 554 1246 639 Ῑῖᾴὲ-ἱηυεὶιτη..⁸
1613 554 1673 639 ..⁷
1721 554 1760 639 μ’
2087 632 2099 639 _
2201 629 2213 639 ι
2302 632 2314 639 _
2863 624 2894 639 ν
3281 554 3384 608 547

168 632 317 690 XLIX
448 624 596 775 N03;
600 624 734 757 2:133:
770 624 844 687 est
868 635 1019 690 huius
1047 634 1247 688 saeculi
1289 631 1502 687 delicias
1545 631 1836 703 reliquisse,
1871 633 1973 686 nisi
2010 632 2125 702 quis
2157 629 2376 686 alterius
2405 628 2601 685 saeculi
2644 624 3016 682 beatitudinem
3064 640 3242 678 conse-
3283 693 3389 747 554

165 775 200 830 L
451 762 591 829 Deus
618 783 715 838 est,
750 775 839 845 qui
864 790 957 845 per
983 784 1191 829 sanctos
1216 789 1337 827 suos
1365 780 1415 825 et
1446 780 1718 826 creaturas
1744 772 1851 826 edit
1879 771 2159 826 miracula.
3284 762 3381 818 561

162 910 462 977 [Sequuntur
479 909 722 960 Homiliae
740 922 851 973 pag.
877 910 1042 971 1-566,
1066 910 1184 961 dein
1214 911 1373 962 ludes:
1390 906 2013 1035 rerumofgiflin‘t‘eiztég‘rurzni
2030 909 2081 959 in
2122 911 2182 961 B.
2209 909 2417 961 Macarii
2455 906 2688 961 Homiliis
2730 914 3056 961 contentarum
3091 904 3389 970 alplmbelico

1124 1318 1663 1411 EIUSDEM
1735 1316 2413 1412 PRAEFATIO

765 1520 862 1586 ΔΙ)
902 1518 1323 1583 EDITIONEM
1381 1515 1942 1581 OPUSCULORUM
1982 1519 2044 1580 S.
2091 1517 2410 1583 MACARII
2450 1523 2806 1585 AEGYPTII

1623 1699 1677 1738 IN
1689 1699 1938 1739 SCRIPTAM
1973 1698 1988 1738 ε

150 1831 325 1907 Sancti
361 1828 539 1883 Patris
578 1825 799 1907 Macarii
827 1823 1067 1907 Aegyptii
1107 1819 1379 1907 ΟρτιεςιιιᾳΔ
1406 1819 1664 1907 nonnulla
1691 1825 1755 1872 -et
1787 1819 2275 1907 ApOplztbegmata._
2301 1822 2387 1907 Io;
2410 1821 2893 1907 GeorgiusuPritiui
2926 1823 3153 1907 collegit,
3190 1826 3395 1907 recidit,

216 1902 447 1955 latinam
497 1899 781 1968 versionem
810 1891 1044 1968 studiose
1087 1891 1414 1968 emendabit,
1450 1891 1806 1968 iudicibusque
1855 1892 2068 1968 adiectis
2108 1892 2308 1968 edidit.
2347 1892 2479 1968 Cum
2526 1891 2817 1968 Briuilegio
2854 1894 2917 1968 S.
2958 1891 3152 1968 Regia;
3184 1896 3395 1968 blaJest.

211 1972 403 2027 Polon.
447 1977 498 2023 et
530 1968 699 2022 Elect.
731 1965 862 2022 Sarc.
902 1965 1132 2036 Lipsiae,
1166 1964 1222 2017 in
1267 1960 1566 2032 bibliopolio
1606 1960 1909 2018 Grossiano.
1954 1961 2145 2017 Literis
2184 1962 2480 2036 ChristOph.
2542 1960 2842 2021 Fleisclieri.
2886 1960 3151 2022 Anno'clo
3179 1960 3396 2024 Ioc'IC.

211 2215 337 2271 Viro
368 2214 651 2286 magniﬁco
690 2213 930 2268 Adriano
970 2211 1185 2283 Stegero
1222 2212 1356 2277 Icto,
1395 2212 1700 2266 scabinatus
1734 2209 2031 2265 electoralis
2072 2210 2334 2264 adsessori
2375 2217 2427 2263 et
2459 2188 2683 2267 ciuitatis
2730 2188 3013 2284 Lipsiensis
3055 2212 3257 2270 consuli
3306 2191 3408 2271 hoc.

141 2320 378 2381 tempore
411 2311 610 2380 regenti
652 2309 960 2381 gravissimo
1003 2310 1115 2363 viro
1152 2309 1215 2363 de
1256 2310 1435 2380 patria
1460 2306 1874 2379 splendidissime
1906 2307 2112 2371 merito,
2148 2305 2293 2361 Haec
2334 2305 2560 2363 Macarii
2596 2298 2937 2366 monumenta
2979 2328 3013 2367 a
3057 2328 3113 2367 se
3153 2313 3322 2369 recisa
3350 2318 3404 2367 et

136 2403 426 2462 emendata
452 2419 609 2458 sacra
638 2419 747 2457 esse
784 2403 923 2457 iubet
953 2405 1090 2458 tanti
1129 2403 1356 2458 nominis
1394 2408 1677 2472 perpetuus
1707 2398 1877 2454 cultor
1909 2398 1989 2454 Io.
2029 2397 2281 2470 Georgius
2314 2398 2535 2454 Pritius.
2569 2399 2581 2468 Ι

1717 2546 1790 2559 —

1555 2652 1644 2707 Vir
1693 2651 2007 2725 magniﬁce!

195 2767 343 2825 Cum
388 2784 567 2839 nuper
602 2768 897 2824 admodum
937 2769 1159 2825 Macarii
1204 2770 1469 2826 Homilias
1504 2771 1688 2826 studio
1718 2772 2090 2842 qualicunque
2131 2778 2321 2826 nostro
2361 2770 2592 2842 politius
2626 2772 2849 2843 prodire
2878 2772 3206 2841 faceremus,
3242 2774 3406 2832 ﬁdem

126 2862 341 2931 pariter
384 2861 882 2933 obstringebamus,
912 2862 1052 2927 fore,
1083 2872 1146 2918 ut
1174 2863 1329 2919 brevi
1362 2879 1583 2934 quoque
1615 2873 1882 2935 tempore,
1909 2878 2049 2934 quae
2080 2862 2293 2934 reliqua
2318 2872 2505 2919 essent
2531 2863 2772 2930 Macarii,
2802 2867 2922 2935 pari
2951 2867 3165 2923 ratione
3188 2884 3219 2923 a
3244 2869 3408 2923 nobis

125 2953 435 3009 emendata
465 2966 953 3024 consequerentur.
997 2955 1172 3022 Quam
1207 2957 1509 3013 dissolvere
1552 2972 1721 3023 nunc,
1756 2956 1903 3026 quod
1936 2955 2068 3011 boni
2109 2964 2194 3010 est
2234 2955 2522 3020 debitoris,
2558 2971 2683 3011 cum
2718 2956 2863 3027 apud
2911 2959 3155 3014 animum
3197 2960 3407 3016 consti-

122 3048 440 3115 tuerimus,
487 3048 570 3102 Tu
604 3049 895 3119 imprimis,
939 3050 1025 3104 vir
1054 3052 1390 3122 amplissima
1416 3053 1649 3107 illustris
1684 3053 2035 3118 auctoritate,
2066 3049 2403 3106 obveniebas
2431 3051 2635 3117 animo,
2669 3052 2757 3106 cui
2788 3054 3055 3124 quicquid
3094 3054 3151 3109 id
3178 3066 3264 3113 est
3298 3064 3411 3111 tra-

121 3139 361 3193 deretur
413 3140 470 3193 in
492 3140 822 3196 clientelam.
857 3141 1137 3196 Summam
1161 3142 1434 3213 Opuscula
1469 3145 1607 3200 haec
1635 3152 1692 3200 et
1727 3144 1870 3199 dicta
1895 3144 2115 3200 Macarii
2150 3143 2362 3213 spirant
2391 3142 2597 3212 ubique
2636 3142 2917 3212 pietatem,
2950 3161 3093 3215 quae
3125 3148 3409 3204 coelestis-

116 3233 260 3287 sima
298 3234 499 3287 virtus
553 3242 838 3304 tantOpere
889 3234 1011 3289 Tibi
1055 3235 1209 3291 cordi
1240 3245 1326 3291 est
1361 3244 1418 3292 et
1467 3253 1656 3303 curae,
1702 3246 1765 3292 ιιι
1804 3236 2230 3308 haudquaquam
2275 3234 2399 3290 Tibi
2446 3235 2581 3289 satis
2618 3233 2787 3288 fuerit
2834 3232 3043 3305 ingenti
3083 3236 3410 3305 prudentiae

118 3326 304 3380 civilis
343 3326 554 3383 ﬂorere
581 3328 763 3394 laude,
810 3338 865 3385 et
897 3331 1303 3400 00piosissimas
1348 3332 1649 3402 sapientiae
1687 3331 1868 3387 omnis
1910 3332 2195 3402 possidere
2238 3344 2393 3400 opes,
2438 3327 2548 3383 nisi
2595 3336 2651 3382 et
2689 3327 2922 3382 eandem
2960 3328 3410 3398 exquisitissimis

116 3415 260 3484 istis,
307 3420 530 3489 quibus
566 3420 832 3488 abundas,
868 3423 1029 3478 bonis
1066 3423 1413 3494 adiungeres,
1442 3441 1583 3495 quae
1620 3425 1765 3480 bona
1803 3425 1913 3479 iam
1950 3440 2073 3480 esse
2110 3423 2393 3489 desinunt,
2426 3422 2473 3477 si
2511 3422 2789 3487 comitem,
2822 3423 2912 3477 vel
2947 3421 3145 3477 ducem
3178 3425 3409 3493 rectius,

112 3526 227 3565 non
259 3511 525 3565 habeant
565 3512 843 3581 pietatem.
890 3514 1132 3579 Memini,
1172 3531 1277 3570 nec
1320 3515 1440 3570 sine
1472 3515 1480 3586 Ι
1511 3516 1792 3586 voluptate
1827 3516 2055 3570 memini
2090 3514 2508 3585 prudentissimi
2557 3514 2707 3569 illius
2746 3514 3036 3579 sermonis,
3072 3531 3236 3585 quem
3270 3519 3412 3574 hau-

110 3602 223 3658 rire
251 3602 598 3673 aliquando,
631 3620 753 3659 cum
786 3605 947 3660 oﬁicii
984 3623 1147 3662 causa
1178 3608 1255 3663 Te
1295 3617 1615 3664 reverenter
1651 3609 1967 3675 salutarem,
2009 3624 2077 3663 ex
2114 3624 2212 3662 ore
2238 3608 2356 3662 Tuo
2388 3606 2793 3677 sapientissimo
2821 3606 2958 3660 mihi
3000 3607 3236 3665 feliciter
3274 3627 3410 3666 con-

105 3696 257 3767 tigit,
287 3711 434 3751 cum
473 3696 542 3753 de
577 3698 798 3769 pietatis
826 3700 1009 3755 studio
1032 3711 1178 3755 recte
1210 3710 1267 3756 et
1290 3717 1402 3756 non
1435 3701 1726 3757 ambitiose
1762 3700 2066 3755 excolendo
2091 3716 2224 3755 sane
2257 3714 2423 3769 quam
2459 3698 2867 3770 elegantissime
2906 3698 3228 3768 dissereres,
3256 3712 3318 3758 ut
3354 3714 3414 3760 et

101 3789 236 3843 ﬁdei
284 3791 609 3859 puritatem
648 3806 773 3845 cum
811 3806 943 3846 cura
979 3792 1414 3857 custodiendam,
1438 3800 1495 3846 et
1521 3792 1666 3847 vitae
1701 3801 1882 3846 tamen
1920 3789 2142 3845 insimul
2180 3788 2527 3843 sanctitatem
2562 3786 2847 3851 fervidius,
2886 3804 3051 3857 quam
3086 3790 3251 3859 vulgo
3290 3791 3411 3848 ﬁeri

101 3880 355 3946 adsolet,
404 3880 698 3935 colendam
724 3896 866 3946 esse,
900 3881 1222 3951 tempestive
1261 3880 1556 3935 admodum
1593 3882 1943 3952 graviterque
1980 3895 2257 3934 moneres.
2297 3878 2495 3933 Fateor
2535 3878 2837 3941 enimvero,
2865 3880 2951 3935 his
2998 3881 3160 3937 dictis
3188 3882 3321 3938 Tuis
3353 3885 3413 3941 in

94 3977 280 4030 animi
323 3976 631 4046 proposito
659 3976 727 4031 de
764 3977 986 4033 virtutis
1026 3977 1209 4032 studio
1237 3977 1637 4047 amplectendo,
1682 3986 1739 4032 et
1773 3986 1926 4032 recto
1970 3976 2039 4031 de
2074 3973 2448 4029 incidentibus
2477 3974 2870 4029 controversiis
2897 3990 3083 4043 sensu,
3109 3992 3198 4031 me
3245 3992 3411 4046 prae-

95 4067 254 4122 clare
287 4067 487 4122 fuisse
531 4067 934 4123 conﬁrmatum.
981 4068 1222 4122 Mirabar
1261 4083 1394 4123 vero
1428 4067 1670 4132 insimul,
1712 4066 1916 4131 virum,
1962 4064 2197 4135 negotiis
2249 4062 2507 4118 civilibus
2546 4061 2876 4127 districtum,
2919 4074 2974 4119 et
3018 4064 3076 4119 in
3125 4066 3427 4138 republica.

89 4160 376 4229 quotidie
429 4168 769 4225 versantem,
809 4160 878 4214 de
921 4159 1090 4214 rebus
1118 4161 1323 4229 pariter
1364 4159 1566 4214 divinis
1613 4168 1721 4213 tam
1754 4166 2026 4229 prompte,
2066 4164 2178 4211 tam
2219 4155 2511 4226 exquisite,
2547 4164 2767 4225 tamque
2805 4156 2977 4211 solide
3005 4173 3166 4227 posse
3195 4174 3408 4214 sermo-

90 4250 308 4304 cinari.
349 4248 480 4305 Sed
512 4265 578 4305 ea
606 4265 929 4321 magnorum
958 4251 1226 4316 virorum,
1263 4265 1402 4321 quos
1436 4266 1568 4305 cura
1610 4250 1891 4304 felicitatis
1930 4264 2062 4303 suae
2098 4255 2270 4311 tenet,
2305 4249 2448 4303 ratio
2482 4242 2586 4312 est,
2628 4255 2689 4301 ut
2733 4247 2874 4303 levia
2910 4251 3094 4305 omnia
3130 4264 3251 4306 esse
3288 4252 3434 4306 exi--

84 4340 370 4405 stfment,
412 4341 655 4395 summis
683 4340 893 4411 fulgere
922 4340 1246 4406 honoribus,
1269 4340 1670 4405 circumfluere,
1700 4356 1839 4410 quae
1872 4340 1928 4393 in
1962 4338 2122 4393 bonis
2155 4345 2303 4404 sunt,
2336 4340 2617 4404 omnibus,
2651 4340 2898 4395 scientiis
2930 4342 3261 4398 instructum
3286 4360 3428 4406 esse.

82 4436 645 4502 excellentissimis,
681 4436 788 4491 nisi
830 4446 888 4492 et
919 4436 1137 4492 colendi
1181 4436 1433 4491 Numinis
1481 4436 1704 4491 modum
1742 4435 2032 4489 sollicitius
2075 4434 2427 4505 investigent,
2472 4433 2968 4507 investigatumque
3000 4436 3148 4491 haud
3186 4437 3410 4508 segnius

78 4526 431 4582 retmeant.
464 4526 627 4581 Haud
656 4542 790 4599 ergo
816 4528 1091 4600 ingratum
1124 4529 1362 4584 arbitror
1389 4528 1511 4582 Tibi
1537 4528 1654 4582 fore
1686 4528 1791 4581 hoc
1819 4528 2231 4591 munusculum,
2262 4526 2569 4581 Macariana
2598 4526 2894 4596 Opuscula,
2929 4527 2938 4599 Ι
2970 4542 3117 4595 cum,
3149 4529 3192 4583 si
3220 4530 3438 4589 cuius-2

77 4634 271 4687 quam,
297 4620 481 4674 alius
514 4619 721 4691 ingenii
750 4627 1130 4683 monumenta,
1162 4635 1252 4675 res
1282 4617 1655 4673 divinissimas
1681 4616 1969 4686 bonaeque
1998 4615 2193 4686 frugis,
2227 4615 2284 4669 in
2323 4623 2604 4671 aeternam
2633 4630 2855 4686 quoque
2888 4617 3059 4672 vitam
3085 4617 3431 4692 duraturae,_

72 4711 517 4770 fertilissimas
549 4712 888 4768 contineant.
920 4712 1242 4769 Cuiusmodi
1271 4713 1644 4768 voluminibUs
1670 4711 1818 4766 haud
1847 4712 1983 4765 mihi
2007 4711 2251 4781 ignotum
2280 4719 2383 4774 est,
2409 4718 2675 4781 quantum
2705 4726 2855 4767 nunc
2894 4712 3206 4777 delecteris,
3231 4712 3395 4767 decli-
3421 4756 3443 4769 ..

70 4808 227 4864 viori
280 4810 652 4879 praesertim
691 4818 870 4864 aetate
908 4810 975 4864 ad
1013 4810 1205 4865 beatae
1252 4809 1381 4864 hinc
1422 4808 1838 4879 demigrationis
1878 4806 2290 4861 meditationem
2336 4805 2412 4861 Te
2444 4806 2734 4873 invitante,
2770 4819 2830 4862 ut
2862 4808 3298 4878 quandocunque
3329 4807 3424 4860 Te,

65 4916 338 4957 evocare
382 4900 676 4971 placuerit
719 4901 785 4955 ad
824 4900 1005 4955 felicia
1052 4901 1144 4955 illa
1179 4917 1343 4972 regna
1382 4918 1479 4956 sua
1522 4902 1655 4965 Deo,
1700 4901 1778 4956 Te
1819 4901 2146 4956 inventurus
2177 4902 2251 4956 sit
2288 4901 2547 4955 omnibus
2578 4901 2873 4956 momentis
2915 4901 2983 4955 ad
3019 4901 3271 4955 ultimum
3301 4900 3430 4967 iter.

68 4992 565 5064 ingrediendum
605 4992 1034 5061 paratissimum.
1072 4993 1186 5063 Ego
1224 5008 1357 5047 vero
1399 5008 1466 5047 ex
1513 4994 1696 5048 animo
1739 5002 1891 5063 opto,
1928 5004 1991 5048 ut
2025 4993 2479 5063 benignissimum
2523 4994 2738 5048 Numen
2781 4993 2877 5058 Te,
2918 4993 3003 5047 vir
3038 4992 3429 5059 nobilissime,‘.

65 5085 228 5142 inter
266 5093 415 5142 tota
460 5083 705 5154 egregia,
735 5083 936 5154 quibus
962 5082 1149 5153 Lipsia
1174 5099 1293 5138 mea
1324 5082 1392 5137 ad
1426 5084 1687 5138 invidiam
1714 5084 2027 5149 eﬂlorescit,
2060 5084 2259 5139 decora
2286 5084 2379 5138 diu
2410 5085 2590 5141 adhuc
2619 5092 2676 5139 et
2704 5100 2932 5153 corpore
2967 5094 3023 5140 et
3054 5086 3235 5139 animo
3262 5086 3404 5141 vali-

64 5181 210 5235 dum
246 5187 598 5236 conservet
629 5194 644 5231 :
672 5177 749 5231 ita
776 5178 925 5232 enim
950 5186 1007 5231 et
1040 5177 1248 5247 patriae
1278 5192 1453 5241 meae,
1484 5176 1571 5230 vel
1604 5175 1819 5230 absenti
1853 5175 2189 5241 carissimae,
2222 5178 2589 5248 prospicietur
2605 5192 2771 5247 porro
2803 5177 3151 5242 utilitatibus,
3176 5176 3424 5257 Tuaque:

61 5278 289 5335 merita
328 5275 547 5345 magis
575 5278 857 5345 magisque
890 5276 1134 5344 impense
1179 5275 1548 5344 augebuntur.
1585 5273 1663 5327 De
1691 5271 1877 5327 favore
1907 5272 2047 5335 Tuo,
2097 5272 2260 5327 toties
2284 5289 2315 5326 a
2361 5273 2437 5327 Te
2480 5283 2537 5327 et
2575 5274 2833 5327 universa
2871 5272 3212 5328 nobilissima
3240 5282 3402 5345 gente

62 5372 189 5426 Tua
221 5370 396 5425 mihi
433 5367 847 5433 demonstrato,
875 5368 983 5422 iam
1009 5384 1119 5421 non
1143 5368 1379 5437 amplius
1405 5365 1659 5420 dubitare
1684 5380 1771 5419 me
1793 5365 2002 5434 patitur
2030 5363 2195 5417 animi
2219 5364 2320 5418 Tui
2342 5364 2788 5419 constantissima
2811 5364 3210 5429 benevolentia,
3234 5379 3401 5434 quam

58 5472 221 5521 certe
253 5472 323 5519 et
361 5460 674 5529 religiosis
698 5461 957 5529 precibus
980 5477 1355 5531 compensare,
1379 5470 1454 5523 et,
1496 5460 1540 5513 si
1572 5475 1680 5529 qua
1714 5473 1960 5529 possum,
1999 5456 2337 5513 inserviendi
2375 5458 2813 5526 promptitudine
2854 5458 3065 5514 nutrire
3107 5457 3402 5514 studiosis-

58 5556 208 5610 sime
240 5563 527 5619 semper
557 5549 825 5604 connitar.
858 5551 1008 5607 Vale.
1042 5550 1257 5621 Lipsiae
1288 5550 1376 5604 die
1404 5549 1471 5603 Vl
1506 5548 1702 5603 Iduum
1738 5548 1918 5604 Martii
1956 5548 2113 5605 Anno
2142 5548 2207 5601 [ἰ.
2238 5546 2302 5603 Ο.
2335 5548 2420 5602 cla
2459 5562 2543 5603 ιορ
2576 5548 2656 5603 lC.
2693 5547 2702 5618 |
3299 5534 3329 5552 ⁸

1725 5758 1796 5771 α-..ο
