3950 6568
592 402 704 463 ὃιῖθ

1692 395 1785 452 JO.
1824 391 2103 450 GEORGII
2143 389 2350 447 PRITII
2391 386 2777 444 PRAEFATIO
3690 380 3780 439 500

643 516 3746 549 ,Μ

1596 686 1767 785 ΙΟ.
1862 685 2362 782 GEORGII
2453 681 2840 773 PRITII

1234 903 1347 958 "SS.
1387 899 1825 958 THEOLOGIAE
1884 895 2273 953 LICENTIATI
2308 894 2396 949 ET
2435 890 2900 949 PROFESSORIS
2934 889 3201 948 PUBLICI

1439 1077 1552 1139 AD
1594 1072 2091 1138 MACARIANA
2142 1069 2419 1132 OPERA
2460 1068 2959 1131 PRAEFATIO.

655 1453 707 1509 'I.
730 1453 867 1510 Cum
884 1451 1071 1511 Patris
1110 1446 1440 1503 sanctissimi
1471 1446 1822 1515 nominisque
1849 1446 1904 1499 in
1919 1443 2165 1499 Ecclesia
2192 1449 2238 1506 Α
2266 1443 2403 1498 tonii
2456 1442 2727 1513 discipulo
2774 1458 2993 1498 sacrum
3042 1458 3163 1498 esse
3194 1451 3251 1497 et
3293 1455 3540 1501 sanctum
3577 1454 3795 1500 testatur.

580 1548 836 1613 maximi,
884 1544 1061 1617 magni
1089 1542 1235 1597 illius
1255 1538 1491 1603 Macarii,
1515 1547 1865 1593 monumenta
1901 1554 2040 1608 quae
2073 1553 2164 1592 re-

595 1638 765 1707 periri
783 1646 1079 1708 potuerunt
1104 1633 1305 1697 omnia,
1334 1629 1704 1685 divinissimae
1722 1628 2019 1698 sapientiae
2046 1628 2164 1697 ple-

594 1728 839 1794 nissima,
900 1738 961 1782 ut
1004 1727 1231 1781 collecta
1278 1739 1307 1777 a
1334 1722 1493 1777 nobis
1530 1729 1586 1776 et
1641 1721 1821 1774 studio
1868 1734 1977 1772 non
2002 1716 2165 1788 plane

591 1820 746 1873 nullo
797 1818 974 1873 revisa
1012 1826 1163 1880 sunt,
1219 1812 1487 1884 prodeant
1537 1825 1686 1864 nunc
1734 1810 1790 1862 in
1839 1807 2160 1877 publicum:

591 1909 815 1965 lectoris
846 1911 1110 1964 interesse
1141 1914 1413 1977 putamus,
1464 1912 1525 1957 ιιι
1546 1918 1655 1956 non
1681 1910 1891 1955 tantum
1916 1915 2054 1970 quae
2096 1898 2163 1953 ad

592 2001 771 2071 Ipsum
798 2001 1113 2065 Macarium,
1150 1998 1247 2054 sed
1273 2007 1329 2053 et
1349 2012 1488 2066 quae
1511 1994 1578 2048 ad
1606 1993 1754 2048 illius
1803 1992 1981 2061 Opera
2032 1990 2165 2044 insi-

592 2108 860 2165 gnemque
880 2092 1047 2155 illam,
1077 2105 1217 2160 quae
1236 2086 1576 2143 admirabilis
1602 2083 1659 2137 in
1686 2084 1780 2137 illo
1803 2094 1906 2147 est,
1932 2080 2164 2135 docendi

589 2184 883 2247 rationem,
915 2190 970 2237 et
1014 2191 1256 2236 nostram
1302 2178 1558 2247 denique,
1592 2191 1756 2245 quam
1802 2175 1950 2229 Patri
1994 2188 2162 2227 vene-

588 2276 765 2331 rando
797 2285 857 2331 ut
884 2275 1005 2331 orbi
1027 2274 1244 2328 literato
1286 2271 1495 2340 integer
1529 2268 1834 2331 sisteretur,
1882 2263 2162 2336 praestiti-

591 2383 717 2421 mus
767 2382 1010 2437 Operam,
1066 2365 1343 2435 pertinerc
1389 2362 1685 2423 videntur,
1730 2358 1785 2411 in
1838 2357 1942 2411 hoc
1995 2355 2165 2411 veluti

588 2458 866 2513 vestibulo
909 2456 1305 2519 exhibeantur;
1356 2453 1411 2508 id
1442 2449 1589 2521 quod
1646 2464 1823 2518 nuper
1847 2445 2160 2510 admodum,

590 2562 719 2602 cum
750 2547 1015 2602 Homilias
1040 2545 1369 2616 praecedere
1394 2552 1603 2614 partem
1632 2542 1772 2595 hanc
1792 2540 2021 2595 alteram
2075 2539 2161 2593 iu-

590 2631 874 2699 beremns,
903 2634 1109 2689 fuimus
1132 2633 1388 2703 polliciti.

664 2724 731 2779 II.
761 2727 909 2781 Duos
931 2734 1112 2781 autem
1140 2726 1244 2779 hoc
1266 2724 1507 2795 insignes
1560 2721 1829 2793 imprimis
1859 2720 2081 2776 nomine
2107 2720 2163 2774 in

584 2815 825 2871 historia
875 2831 975 2870 res
1005 2828 1376 2886 personasque
1424 2813 1820 2869 ecclesiasticas
1857 2820 2162 2881 exponente

588 2922 885 2963 occurrere
916 2907 1121 2969 videas,
1163 2921 1397 2975 quorum
1424 2920 1594 2958 unum
1625 2903 1922 2959 Macarium
1973 2902 2165 2957 dicunt

589 2998 932 3070 Aegyptium,
968 2999 1201 3053 alterum
1234 3013 1364 3052 vero
1385 2994 1808 3051 Alexandrinum
1832 3012 1846 3061 ;
1868 2994 1965 3049 sed
1989 2995 2161 3059 ambo,

592 3101 654 3146 ιιι
673 3091 839 3146 habet
879 3090 1243 3161 Menologium
1282 3090 1588 3162 antiquum,
1628 3086 2000 3142 exercitatione
2048 3104 2163 3140 mo-

594 3183 819 3246 nastica,
874 3183 1003 3245 vita,
1049 3180 1299 3245 moribus,
1364 3177 1669 3233 admirabili
1701 3178 1709 3248 Ι
1744 3177 2063 3231 abstinentia
2114 3183 2164 3229 et

594 3273 861 3329 miraculis
896 3272 1041 3341 fuere
1088 3269 1321 3324 illustres
1343 3270 1442 3341 (l).
1472 3270 1585 3324 Nec
1604 3268 1787 3323 minus
1812 3276 1867 3322 et
1889 3268 2160 3333 Socrates,

591 3360 993 3437 ecclesiaSticae
1020 3358 1279 3414 historiae
1302 3358 1570 3421 conditor,
1598 3357 1785 3422 refert,
1821 3357 1991 3412 fuisse
2034 3358 2163 3412 duos

590 3455 729 3507 inter
768 3452 1046 3506 monachos
1086 3450 1264 3503 eodem
1294 3456 1523 3520 tempore
1542 3451 1699 3513 viros,
1743 3448 1852 3502 Deo
1886 3448 2158 3513 amabiles,

592 3553 874 3613 utrumque
897 3541 1121 3595 Macarii
1153 3541 1391 3604 nomine,
1419 3557 1583 3592 unum
1619 3555 1682 3593 ea:
1722 3540 1956 3611 Aegypto
2001 3557 2159 3611 supe-

588 3638 749 3699 riore,
777 3634 1003 3688 alterum
1020 3632 1460 3695 Alexandrinum,
1488 3640 1769 3702 utrumque
1806 3630 1983 3685 multis
2011 3631 2160 3686 rebus

590 3725 868 3794 insignem,
911 3730 960 3776 et
983 3723 1243 3793 imprimis
1278 3730 1496 3792 propter
1520 3720 1914 3785 abstinentiam,
1944 3737 2161 3774 conver-

588 3818 864 3880 sationem,
904 3830 1093 3879 mores,
1129 3813 1508 3885 miraculoque,
1545 3830 1678 3885 quae
1713 3830 1889 3868 eorum
1922 3814 2161 3869 manibus

584 3908 665 3981 (2)
701 3908 1139 3979 perpetrabantur
1174 3907 1270 3978 (5).

658 3998 747 4053 Ill.
782 3998 962 4054 Unum
987 4013 1055 4051 ex
1087 3997 1279 4052 iisdem
1332 3996 1514 4065 magni
1550 3994 1697 4049 illius
1717 3994 1963 4059 Antonii,
1998 3993 2162 4050 disci-

2265 1538 2587 1609 Quanquam
2608 1537 2919 1593 Galesinius
2941 1545 2996 1593 et
3037 1538 3303 1593 Baronius
3341 1539 3457 1593 suis
3502 1539 3554 1593 in
3574 1538 3803 1609 Martyro-

2264 1629 2424 1701 logiis
2446 1629 2612 1699 priori
2664 1629 2742 1683 illi
2780 1628 3135 1683 Alexandrini
3176 1627 3507 1682 vocabulum
3543 1627 3799 1689 adiiciunt,

2264 1734 2325 1777 ut
2346 1721 2473 1776 inde
2499 1722 2859 1792 posteriorem
2881 1722 3206 1792 Aegyptium
3227 1736 3345 1775 esse
3368 1720 3618 1776 hariolari
3642 1722 3800 1776 liceat.

2264 1815 2515 1870 Vicissim
2539 1824 2722 1869 tamen
2746 1814 3040 1879 Palladius,
3083 1830 3207 1868 cum
3230 1813 3298 1868 de
3322 1813 3552 1869 Macario
3572 1813 3807 1884 Aegyptio

2263 1905 2392 1976 agit,
2422 1904 2557 1959 adeo
2579 1920 2689 1958 non
2717 1911 3005 1966 memorat,
3039 1902 3277 1957 eundem
3326 1901 3547 1956 Antonii
3592 1902 3810 1971 discipu-

2263 1997 2378 2051 lum
2424 1996 2615 2060 fuisse,
2667 2005 2727 2049 ut
2769 1993 2823 2048 id
2870 1995 3054 2064 potius
3080 1993 3148 2048 de
3198 1994 3436 2048 Macario
3469 1994 3811 2048 Alexandrino

2264 2087 2466 2142 referat
2497 2086 2595 2158 (4).
2621 2086 2729 2141 Res
2754 2101 2884 2157 ergo
2930 2086 3067 2140 haec
3097 2100 3218 2140 esse
3271 2085 3490 2140 videtur
3536 2086 3588 2140 in
3622 2086 3629 2155 |
3660 2096 3814 2151 certa,

2264 2179 2370 2234 nisi
2393 2179 2593 2248 aliquis
2621 2194 2744 2233 cum
2768 2179 2931 2232 Petro
2956 2178 3185 2232 Possino
3215 2176 3284 2231 de
3324 2185 3557 2246 utroque
3606 2193 3817 2247 persua-

2264 2270 2383 2325 deri
2408 2270 2511 2325 sibi
2538 2268 2700 2334 sinat,
2728 2286 2831 2322 non
2865 2268 3001 2339 falso
3042 2269 3245 2323 eosdem
3297 2269 3515 2324 Antonii
3557 2270 3820 2339 discipulos

2263 2364 2459 2427 vocari,
2512 2363 2703 2433 quippe
2748 2363 2837 2432 qui
2896 2361 3123 2416 viderint
3170 2361 3325 2416 illum
3391 2362 3821 2431 audiverintque,

2264 2455 2500 2523 quamvis
2546 2454 2803 2506 seniorem
2845 2453 3076 2517 iuvenes,
3113 2470 3175 2506 ac
3194 2468 3308 2505 sero
3348 2452 3559 2505 tandem
3584 2463 3631 2505 et
3652 2454 3822 2515 obiter,

2263 2559 2381 2595 cum
2405 2542 2473 2595 ad
2510 2542 2681 2611 ipsum
2721 2542 2790 2594 ad
2820 2541 3024 2595 brevem
3071 2528 3679 2595 venerationem'essent
3713 2560 3825 2613 pro-

2264 2635 2401 2704 fecti,
2432 2650 2551 2687 mox
2575 2635 2764 2687 iterum
2794 2634 2863 2687 ad
2886 2633 3232 2688 habitationes
3280 2652 3429 2699 suas,
3473 2652 3609 2705 quae
3650 2655 3681 2690 a
3725 2646 3825 2689 stas

2266 2726 2405 2779 tione
2433 2724 2650 2779 Antonii
2672 2724 2960 2796 plurimum
2986 2725 3199 2778 dissitas
3222 2725 3436 2796 fuerint,
3455 2729 3717 2781 reversuri
3741 2728 3825 2797 (5).

2263 2817 2376 2872 Nec
2419 2826 2566 2872 certe
2610 2817 2861 2871 videmus
2894 2816 3026 2887 quid
3070 2817 3271 2881 obstet,
3320 2828 3441 2882 cur,
3480 2833 3606 2872 cum
3647 2818 3829 2872 eodem

2267 2916 2510 2975 tempore
2532 2921 2656 2960 cum
2681 2905 2918 2961 Antonio
2965 2905 3200 2960 vixerint
3241 2906 3485 2973 Macarii,
3515 2924 3642 2962 cum
3676 2910 3831 2963 vitam

2264 2998 2319 3052 in
2355 2997 2648 3053 solitudine
2679 2996 3041 3052 sanctissimis
3098 2997 3552 3055 meditationibus
3599 2998 3831 3054 deditam

2264 3089 2561 3143 consectati
2604 3088 2813 3144 fuerint
2838 3087 2939 3159 (6),
2975 3088 3135 3142 cuius
3184 3088 3418 3145 instituti
3444 3091 3708 3161 princeps
3729 3102 3835 3145 erat

2262 3179 2551 3246 Antonius,
2577 3180 2728 3236 credi
2751 3197 2863 3235 non
2894 3180 3088 3251 possit,
3116 3180 3183 3235 ad
3208 3182 3446 3237 eundem
3475 3198 3535 3237 se
3562 3186 3834 3254 recepisse

2262 3272 2410 3326 viros
2433 3271 2568 3325 istos
2591 3270 2915 3341 disciplinae
2944 3272 3221 3343 rigidioris
3246 3273 3708 3339 studiosissimos,
3739 3286 3837 3330 uta

2262 3363 2382 3418 viro
2407 3362 2709 3419 sanctitatis
2745 3363 3004 3434 opinione
3036 3365 3186 3420 claro
3231 3365 3287 3419 in
3310 3381 3396 3431 eo,
3460 3366 3617 3437 quod
3667 3382 3839 3423 susce-

2262 3464 2474 3525 perant,
2507 3455 2651 3510 vitae
2676 3456 2957 3525 proposito
2980 3455 3460 3511 conﬁrmarentur.

2331 3545 2418 3599 IV.
2451 3544 2555 3599 Sed
2579 3553 2820 3615 praestat
2852 3545 3095 3616 singulos
3124 3546 3327 3601 intueri
3349 3548 3701 3604 distinctius.
3749 3549 3844 3603 Ma.

2262 3638 2443 3692 carius
2470 3637 2653 3708 igitur,
2689 3652 2850 3707 quem
2875 3637 3198 3709 Aegyptium
3228 3649 3281 3694 et
3308 3640 3590 3695 seniorem
3638 3642 3841 3707 dicunt,

2262 3745 2292 3783 e
2319 3730 2544 3799 regione
2563 3729 2841 3784 Thebaide
2883 3743 3038 3783 suam
3087 3731 3545 3801 traxitoriginem
3592 3733 3703 3802 ('7).
3731 3733 3843 3787 Fle-

2262 3831 2417 3876 rente
2445 3821 2553 3876 iam
2612 3828 2789 3875 aetate
2832 3830 3035 3875 etcum
3071 3822 3251 3877 adhuc
3273 3832 3417 3877 esset
3464 3824 3720 3889 iuvenis,
3749 3828 3847 3879 vir-

2261 3911 2394 3966 tutis
2423 3909 2666 3964 studinm
2708 3909 3163 3979 amplectebatur,
3192 3920 3413 3981 tamque
3440 3924 3684 3968 austero
3713 3916 3846 3969 vitae.

2260 4003 2447 4073 generi
2468 4002 2632 4056 dabat
2653 4017 2897 4071 operam,
2935 4013 2995 4057 ut
3019 4002 3455 4074 παιδαριογέρων
3501 4021 3532 4059 a
3562 4008 3847 4062 monachis

490 4082 493 4083 ⁷
582 4091 768 4162 plinae
792 4089 1123 4144 monasticae
1143 4087 1381 4143 auctoris
1412 4087 1677 4158 primarii,
1704 4086 1870 4141 fuisse
1912 4086 2156 4157 discipu-
2184 4129 2225 4187 Ο
2263 4093 2695 4162 appellitaretur.
2733 4089 2872 4146 Cum
2917 4090 3009 4145 XL
3037 4093 3143 4147 iam
3182 4108 3355 4147 annos
3377 4105 3547 4149 natus
3601 4108 3776 4158 esset,
3801 4097 3849 4149 in

588 4184 725 4247 lum,
773 4182 1127 4251 antiquorum
1177 4181 1490 4236 testimonia
1543 4179 1869 4249 perhibent:
1900 4178 1997 4233 sed
2032 4186 2156 4233 uter
2191 4178 2225 4187 '
2257 4183 2634 4253 presbyterum
2666 4190 3016 4237 consecratus
3034 4191 3135 4237 est.
3166 4184 3259 4238 LX
3283 4200 3413 4240 vero
3462 4203 3654 4241 annos
3683 4190 3852 4257 exegit

590 4276 809 4339 illorum
830 4275 878 4329 is
899 4272 1470 4343 luerit,Aegyptinsne
1502 4289 1570 4326 an
1595 4271 2014 4335 Alexandrinus,
2047 4286 2155 4335 res,

2257 4273 2313 4327 in
2336 4273 2649 4340 solitudine;
2674 4274 3003 4345 demumque
3015 4292 3138 4331 cum
3159 4276 3248 4332 XC
3270 4294 3445 4334 annos
3470 4278 3728 4336 vivendo
3749 4282 3851 4334 fere

591 4374 653 4420 ut
676 4366 918 4430 videtur,
951 4365 1094 4435 apud
1119 4374 1371 4418 auctores
1404 4364 1650 4418 nondum
1676 4362 1923 4417 confecta
1953 4372 2065 4427 est;
2105 4361 2160 4416 id
2256 4365 2607 4434 explevisset,
2633 4366 2868 4420 animam
2908 4382 3085 4432 suam,
3145 4369 3429 4437 corporeis
3485 4372 3748 4429 vinculis
3792 4372 3853 4425 li-

590 4458 738 4529 quod
764 4467 821 4514 et
882 4458 940 4513 in
966 4472 1130 4511 causa
1154 4455 1341 4519 fuerit,
1370 4468 1432 4510 ut
1479 4455 1546 4510 de
1570 4455 1739 4509 natali
1796 4454 1904 4519 die,
1942 4454 2162 4523 utrique
2258 4455 2473 4523 heram,
2504 4456 2616 4511 Deo
2640 4458 2882 4513 reddidit
2920 4458 3064 4512 circa
3098 4475 3303 4514 annum
3333 4460 3616 4519 CCCXCI.
3682 4464 3857 4519 Multis

588 4554 847 4609 distincte
896 4549 1264 4623 adsignando,
1315 4558 1526 4603 certum
1573 4549 1778 4618 aliquid
1817 4548 2163 4618 pronuntiari

592 4651 848 4715 nequeat.
905 4644 1040 4698 Nam
1075 4642 1457 4714 Martyrologia
1497 4641 1720 4710 antiqua
1746 4640 1885 4695 duos
1934 4640 2158 4710 quidem

589 4736 747 4793 fastis
794 4736 911 4790 suis
958 4735 1312 4789 inseruerunt
1374 4733 1656 4797 Macarios,
1697 4748 1931 4802 quorum
1990 4749 2158 4786 unum

590 4826 736 4881 beati
780 4826 1002 4881 Antonii
1037 4826 1203 4880 fuisse
1259 4826 1588 4895 discipulum
1655 4840 1785 4880 sane
1823 4836 2156 4892 memorant;

589 4919 685 4974 sed
708 4918 933 4988 quinam
960 4918 1051 4973 ille
1080 4934 1148 4972 ex
1181 4917 1397 4971 duobus
1427 4933 1459 4971 ιι
1491 4916 1653 4970 nobis
1694 4915 2011 4971 memoratis
2037 4916 2159 4972 fue-

590 5011 681 5074 rit,
728 5025 838 5063 non
868 5009 1098 5080 perinde
1131 5008 1453 5079 adiungunt.
1506 5008 1597 5063 Sic
1645 5007 1792 5061 enim
1835 5007 2159 5079 Martyrolo-

587 5102 737 5172 gium
760 5102 1066 5157 Romanum
1106 5118 1214 5156 non
1264 5110 1474 5156 tantum
1518 5109 1697 5166 vetus,
1747 5101 1843 5156 sed
1886 5112 1943 5156 et
1964 5102 2160 5156 Bellini

588 5194 733 5248 diem
766 5194 811 5249 Il
838 5194 1075 5249 Ianuarii
1099 5194 1260 5249 beato
1286 5193 1524 5248 Macario
1548 5193 1871 5263 simpliciter
1896 5193 1969 5248 ita
1990 5193 2156 5260 dicto,

584 5287 734 5343 diem
760 5302 891 5342 vero
916 5286 1011 5343 XV
1034 5286 1280 5342 eiusdem
1325 5285 1530 5340 mensis
1577 5284 1811 5340 Macario
1844 5285 2027 5342 abbati
2050 5286 2160 5341 An-

2262 4547 2542 4602 miraculis
2565 4548 2832 4619 insignem
2864 4549 3033 4605 fuisse
3056 4550 3530 4620 produntomnes,
3573 4556 3679 4626 qui
3703 4556 3772 4609 de
3800 4570 3857 4606 eo

2262 4642 2471 4697 faciunt
2502 4644 2841 4709 memoriam,
2867 4642 3232 4716 Hieronymus
3256 4644 3555 4716 imprimis,
3582 4647 3861 4703 Palladius

2265 4750 2329 4789 ac
2360 4734 2693 4790 Sozomenus
2726 4733 2822 4805 (8).

2333 4827 2398 4881 V.
2453 4826 2604 4882 Solet
2651 4836 2938 4897 praeterea
2982 4826 3427 4897 frequentissime
3479 4832 3715 4886 nomini
3746 4832 3865 4884 eius

2264 4916 2445 4987 Magni
2466 4932 2767 4987 cognomen
2795 4917 2943 4982 addi,
2987 4918 3151 4973 credo
3187 4935 3297 4973 non
3342 4920 3670 4977 imitatione
3703 4925 3716 4993 ι
3748 4932 3865 4975 tan-

2265 5018 2382 5064 tum
2400 5009 2579 5080 magni
2606 5008 2753 5064 illius
2773 5009 3017 5075 Antonii,
3044 5026 3209 5079 quem
3236 5012 3354 5066 sine
3378 5011 3581 5067 addito
3603 5013 3869 5083 Magnum

2264 5116 2462 5157 vocare
2520 5101 2793 5165 solebant,
2836 5110 2917 5164 ut,
2954 5116 3078 5155 cum
3130 5101 3401 5156 Macarius
3438 5102 3552 5173 ipsi
3610 5104 3676 5157 in
3722 5103 3870 5155 omni

2263 5194 2426 5249 laude
2467 5202 2614 5248 esset
2649 5191 2984 5255 simillimus,
3030 5192 3223 5247 eodem
3270 5209 3492 5263 quoque
3527 5211 3671 5249 cum
3720 5204 3872 5247 tanto

2264 5296 2422 5358 patre
2475 5287 2635 5343 titulo
2674 5285 3073 5357 insigniretur;
3134 5286 3232 5341 sed
3277 5287 3563 5358 imprimis
3621 5288 3688 5343 id
3756 5288 3871 5340 ﬁeri

2087 5401 2339 5458 NOTAE.

660 5494 735 5637 (ιζ
760 5492 858 5549 Die
883 5510 971 5548 xxx
1017 5494 1138 5549 .Ian.

660 5568 712 5619 t2
759 5566 850 5621 Sic
884 5564 1121 5631 Pritius;

658 5570 712 5619 t2

590 5648 712 5685 ron.

659 5704 734 5775 (3)
763 5706 976 5775 Socrat.
1009 5704 1144 5758 Hist.
1177 5703 1379 5759 Eccles.
1417 5704 1504 5758 lib.
1539 5705 1616 5761 IV
1645 5722 1764 5775 cap.
1800 5706 1889 5759 25.

661 5705 713 5770 (5
763 5706 976 5759 Socrat.
1009 5704 1144 5758 Hist.
1177 5704 1245 5757 Ec

764 5774 964 5827 Pallad.
1006 5775 1245 5855 cap._‘20.

661 5854 713 5914 (ι)
762 5845 955 5899 Petrus
1000 5845 1245 5899 Possum:

660 5845 734 5915 (Si)
762 5845 955 5899 Petrus
1000 5845 1259 5899 Possinus
1282 5845 1580 5919 Prolcgom.
1608 5848 1662 5902 in
1690 5847 1941 5903 Thesaur.
1970 5846 2039 5901 As
2052 5855 2147 5901 cet.

759 5566 850 5621 Sic
884 5564 1121 5631 Pritius;
1153 5565 1256 5635 leg.
1286 5580 1421 5635 quae
1443 5580 1535 5635 per
1564 5580 1748 5619 eorum
1774 5581 1983 5619 manus.
2021 5562 2165 5630 (Eol-

2368 5564 2420 5639 6)
2455 5565 2591 5639 Vide
2615 5565 2756 5639 infra
2773 5564 3121 5639 p.
3218 5633 3271 5639 __
3353 5633 3383 5639 _
3657 5630 3691 5639 η

2368 5566 2420 5633 6)
2455 5566 2591 5621 Vide
2615 5566 2756 5619 inl'ra
2773 5581 2827 5635 p.
2855 5566 2975 5619 156.
2998 5566 3121 5618 245.
3682 5632 3691 5639 ⁸

2343 5566 3274 5741 ἐπ),ιιξεέιςειεςέίθ.έῐηεαιεοξε
3304 5650 3319 5697 ;
3351 5633 3579 5688 Sozam.
3648 5629 3750 5683 ιιθ.

2268 5705 2509 5777 εαρζΜς
2539 5706 2747 5788 Socrat.
2780 5706 2868 5759 lib.
2902 5705 2976 5759 IV
3003 5722 3119 5775 cap.
3144 5705 3233 5757 9.5.
3532 5776 3545 5783 -

2337 5776 2413 5848 (8)
2437 5777 2515 5830 De
2554 5776 2927 5848 VitzsPatrum
2953 5774 3196 5848 rap.__9._8;
3231 5774 3433 5848 Pallad.
3469 5774 3693 5827 Hister.
3724 5766 3875 5821 Lan-

2262 5845 2401 5903 sia‘c.’
2422 5865 2540 5918 cap.
2571 5848 2657 5914 i9;
2686 5846 2898 5902 Sozom.
2944 5845 3029 5899 lib.
3068 5845 3153 5900 III
3185 5862 3300 5915 cap.
3345 5845 3429 5898 15.
