  <div class='ocr_page' id='page_1' title='image "/cluster/home/n/w/nwhite01/storage/ocr_20150623/34/hvd.32044019207760/192.png"; bbox 0 0 3950 6538; ppageno 0'>
   <div class='ocr_carea' id='block_1_1' title="bbox 149 414 242 470">
    <p class='ocr_par' dir='ltr' id='par_1_1' title="bbox 149 414 242 470">
     <span class='ocr_line' id='line_1_1' title="bbox 149 414 242 470; baseline 0 0"><span class='ocrx_word' id='word_1_1' title='bbox 149 414 242 470; x_wconf 78' lang='grc'><strong>561</strong></span> 
     </span>
    </p>
   </div>
   <div class='ocr_carea' id='block_1_2' title="bbox 984 421 2547 493">
    <p class='ocr_par' dir='ltr' id='par_1_2' title="bbox 984 421 2547 493">
     <span class='ocr_line' id='line_1_2' title="bbox 984 421 2547 493; baseline 0.011 -17"><span class='ocrx_word' id='word_1_2' title='bbox 984 421 1074 476; x_wconf 88' lang='lat' dir='ltr'><strong>AD</strong></span> <span class='ocrx_word' id='word_1_3' title='bbox 1105 421 1479 479; x_wconf 77' lang='lat' dir='ltr'><strong>EDITIONEM</strong></span> <span class='ocrx_word' id='word_1_4' title='bbox 1519 424 1756 481; x_wconf 84' lang='lat' dir='ltr'><strong>OPUSC.</strong></span> <span class='ocrx_word' id='word_1_5' title='bbox 1798 425 1853 481; x_wconf 92' lang='lat' dir='ltr'><strong>S.</strong></span> <span class='ocrx_word' id='word_1_6' title='bbox 1893 427 2173 488; x_wconf 81' lang='lat' dir='ltr'><strong>MACARII</strong></span> <span class='ocrx_word' id='word_1_7' title='bbox 2212 434 2547 493; x_wconf 75' lang='lat' dir='ltr'><strong>AEGYPTII.</strong></span> 
     </span>
    </p>
   </div>
   <div class='ocr_carea' id='block_1_3' title="bbox 3260 442 3366 499">
    <p class='ocr_par' dir='ltr' id='par_1_3' title="bbox 3260 442 3366 499">
     <span class='ocr_line' id='line_1_3' title="bbox 3260 442 3366 499; baseline 0.019 -1"><span class='ocrx_word' id='word_1_8' title='bbox 3260 442 3366 499; x_wconf 76' lang='lat'><strong>362</strong></span> 
     </span>
    </p>
   </div>
   <div class='ocr_carea' id='block_1_4' title="bbox 146 528 3364 619">
    <p class='ocr_par' dir='ltr' id='par_1_4' title="bbox 146 528 3364 619">
     <span class='ocr_line' id='line_1_4' title="bbox 146 528 3364 619; baseline 0.008 -37"><span class='ocrx_word' id='word_1_9' title='bbox 146 537 291 599; x_wconf 89' lang='lat' dir='ltr'><strong>patet</strong></span> <span class='ocrx_word' id='word_1_10' title='bbox 318 528 389 584; x_wconf 90' lang='lat' dir='ltr'><strong>ob</strong></span> <span class='ocrx_word' id='word_1_11' title='bbox 420 529 658 601; x_wconf 86' lang='lat' dir='ltr'><strong>ingentia</strong></span> <span class='ocrx_word' id='word_1_12' title='bbox 679 532 785 587; x_wconf 89' lang='lat' dir='ltr'><strong>vlri</strong></span> <span class='ocrx_word' id='word_1_13' title='bbox 810 533 1005 590; x_wconf 84' lang='lat' dir='ltr'><strong>merita</strong></span> <span class='ocrx_word' id='word_1_14' title='bbox 1029 546 1084 591; x_wconf 90' lang='lat' dir='ltr'><strong>et</strong></span> <span class='ocrx_word' id='word_1_15' title='bbox 1104 536 1175 591; x_wconf 92' lang='lat' dir='ltr'><strong>ob</strong></span> <span class='ocrx_word' id='word_1_16' title='bbox 1198 538 1525 609; x_wconf 68' lang='lat' dir='ltr'><strong>singularem</strong></span> <span class='ocrx_word' id='word_1_17' title='bbox 1547 539 1706 609; x_wconf 84' lang='lat' dir='ltr'><strong>plane</strong></span> <span class='ocrx_word' id='word_1_18' title='bbox 1733 544 1781 600; x_wconf 83' lang='lat' dir='ltr'><strong>A</strong></span> <span class='ocrx_word' id='word_1_19' title='bbox 1808 539 1907 596; x_wconf 84' lang='lat' dir='ltr'><strong>ista</strong></span> <span class='ocrx_word' id='word_1_20' title='bbox 1928 558 2146 614; x_wconf 88' lang='lat' dir='ltr'><strong>quoque</strong></span> <span class='ocrx_word' id='word_1_21' title='bbox 2178 546 2236 601; x_wconf 90' lang='lat' dir='ltr'><strong>ln</strong></span> <span class='ocrx_word' id='word_1_22' title='bbox 2270 549 2539 603; x_wconf 84' lang='lat' dir='ltr'><strong>sententia</strong></span> <span class='ocrx_word' id='word_1_23' title='bbox 2594 564 2653 605; x_wconf 90' lang='lat' dir='ltr'><strong>se</strong></span> <span class='ocrx_word' id='word_1_24' title='bbox 2694 549 3037 619; x_wconf 79' lang='lat' dir='ltr'><strong>acquiescere</strong></span> <span class='ocrx_word' id='word_1_25' title='bbox 3079 552 3364 619; x_wconf 80' lang='lat' dir='ltr'><strong>scriberet,</strong></span> 
     </span>
    </p>
   </div>
   <div class='ocr_carea' id='block_1_5' title="bbox 146 617 1709 696">
    <p class='ocr_par' dir='ltr' id='par_1_5' title="bbox 146 617 1709 696">
     <span class='ocr_line' id='line_1_5' title="bbox 146 617 1709 696; baseline 0.008 -24"><span class='ocrx_word' id='word_1_26' title='bbox 146 617 423 673; x_wconf 74' lang='lat' dir='ltr'><strong>doctrinae</strong></span> <span class='ocrx_word' id='word_1_27' title='bbox 476 628 641 690; x_wconf 90' lang='lat' dir='ltr'><strong>atque</strong></span> <span class='ocrx_word' id='word_1_28' title='bbox 695 622 1125 691; x_wconf 79' lang='lat' dir='ltr'><strong>sanctimoniae,</strong></span> <span class='ocrx_word' id='word_1_29' title='bbox 1168 627 1368 696; x_wconf 86' lang='lat' dir='ltr'><strong>quibus</strong></span> <span class='ocrx_word' id='word_1_30' title='bbox 1412 628 1709 684; x_wconf 75' lang='lat' dir='ltr'><strong>virtutibus</strong></span> 
     </span>
    </p>
   </div>
   <div class='ocr_carea' id='block_1_6' title="bbox 86 710 1382 785">
    <p class='ocr_par' dir='ltr' id='par_1_6' title="bbox 86 710 1382 785">
     <span class='ocr_line' id='line_1_6' title="bbox 86 710 1382 785; baseline 0.007 -23"><span class='ocrx_word' id='word_1_31' title='bbox 86 738 89 739; x_wconf 53' lang='grc' dir='ltr'><em>ν</em></span> <span class='ocrx_word' id='word_1_32' title='bbox 143 710 341 766; x_wconf 90' lang='lat' dir='ltr'><strong>mirum</strong></span> <span class='ocrx_word' id='word_1_33' title='bbox 369 710 422 765; x_wconf 91' lang='lat' dir='ltr'><strong>in</strong></span> <span class='ocrx_word' id='word_1_34' title='bbox 451 712 671 767; x_wconf 90' lang='lat' dir='ltr'><strong>modum</strong></span> <span class='ocrx_word' id='word_1_35' title='bbox 705 712 931 779; x_wconf 75' lang='lat' dir='ltr'><strong>effulsit,</strong></span> <span class='ocrx_word' id='word_1_36' title='bbox 973 720 1382 785; x_wconf 84' lang='lat' dir='ltr'><strong>praestantiam.</strong></span> 
     </span>
    </p>
   </div>
   <div class='ocr_carea' id='block_1_7' title="bbox 211 802 1709 875">
    <p class='ocr_par' dir='ltr' id='par_1_7' title="bbox 211 802 1709 875">
     <span class='ocr_line' id='line_1_7' title="bbox 211 802 1709 875; baseline 0.007 -19"><span class='ocrx_word' id='word_1_37' title='bbox 211 802 299 856; x_wconf 80' lang='lat' dir='ltr'><strong>VI.</strong></span> <span class='ocrx_word' id='word_1_38' title='bbox 350 802 604 868; x_wconf 87' lang='lat' dir='ltr'><strong>Eremus,</strong></span> <span class='ocrx_word' id='word_1_39' title='bbox 650 804 707 858; x_wconf 92' lang='lat' dir='ltr'><strong>in</strong></span> <span class='ocrx_word' id='word_1_40' title='bbox 739 820 847 875; x_wconf 90' lang='lat' dir='ltr'><strong>qua</strong></span> <span class='ocrx_word' id='word_1_41' title='bbox 881 807 1190 863; x_wconf 85' lang='lat' dir='ltr'><strong>divinarum</strong></span> <span class='ocrx_word' id='word_1_42' title='bbox 1227 826 1409 864; x_wconf 89' lang='lat' dir='ltr'><strong>rerum</strong></span> <span class='ocrx_word' id='word_1_43' title='bbox 1444 811 1627 867; x_wconf 90' lang='lat' dir='ltr'><strong>studio</strong></span> <span class='ocrx_word' id='word_1_44' title='bbox 1651 819 1709 867; x_wconf 82' lang='lat' dir='ltr'><strong>et</strong></span> 
     </span>
    </p>
   </div>
   <div class='ocr_carea' id='block_1_8' title="bbox 139 894 1707 973">
    <p class='ocr_par' dir='ltr' id='par_1_8' title="bbox 139 894 1707 973">
     <span class='ocr_line' id='line_1_8' title="bbox 139 894 1707 973; baseline 0.007 -25"><span class='ocrx_word' id='word_1_45' title='bbox 139 894 469 950; x_wconf 86' lang='lat' dir='ltr'><strong>coelestibus</strong></span> <span class='ocrx_word' id='word_1_46' title='bbox 484 896 898 966; x_wconf 89' lang='lat' dir='ltr'><strong>cogitationibus</strong></span> <span class='ocrx_word' id='word_1_47' title='bbox 918 900 1163 965; x_wconf 89' lang='lat' dir='ltr'><strong>vacabat,</strong></span> <span class='ocrx_word' id='word_1_48' title='bbox 1187 900 1360 957; x_wconf 89' lang='lat' dir='ltr'><strong>Scetis</strong></span> <span class='ocrx_word' id='word_1_49' title='bbox 1382 911 1517 968; x_wconf 89' lang='lat' dir='ltr'><strong>erat,</strong></span> <span class='ocrx_word' id='word_1_50' title='bbox 1543 919 1707 973; x_wconf 89' lang='lat' dir='ltr'><strong>quam</strong></span> 
     </span>
    </p>
   </div>
   <div class='ocr_carea' id='block_1_9' title="bbox 138 986 1703 1062">
    <p class='ocr_par' dir='ltr' id='par_1_9' title="bbox 138 986 1703 1062">
     <span class='ocr_line' id='line_1_9' title="bbox 138 986 1703 1062; baseline 0.008 -23"><span class='ocrx_word' id='word_1_51' title='bbox 138 994 323 1040; x_wconf 88' lang='lat' dir='ltr'><strong>tamen</strong></span> <span class='ocrx_word' id='word_1_52' title='bbox 351 986 583 1042; x_wconf 89' lang='lat' dir='ltr'><strong>diversis</strong></span> <span class='ocrx_word' id='word_1_53' title='bbox 602 988 916 1045; x_wconf 90' lang='lat' dir='ltr'><strong>nominibus</strong></span> <span class='ocrx_word' id='word_1_54' title='bbox 970 1000 1027 1045; x_wconf 91' lang='lat' dir='ltr'><strong>et</strong></span> <span class='ocrx_word' id='word_1_55' title='bbox 1069 990 1355 1060; x_wconf 89' lang='lat' dir='ltr'><strong>Sceticam,</strong></span> <span class='ocrx_word' id='word_1_56' title='bbox 1412 992 1703 1062; x_wconf 89' lang='lat' dir='ltr'><strong>Scetinam,</strong></span> 
     </span>
    </p>
   </div>
   <div class='ocr_carea' id='block_1_10' title="bbox 135 1074 1706 1157">
    <p class='ocr_par' dir='ltr' id='par_1_10' title="bbox 135 1074 1706 1157">
     <span class='ocr_line' id='line_1_10' title="bbox 135 1074 1706 1157; baseline 0.006 -26"><span class='ocrx_word' id='word_1_57' title='bbox 135 1074 463 1143; x_wconf 86' lang='lat' dir='ltr'><strong>Scetiacam,</strong></span> <span class='ocrx_word' id='word_1_58' title='bbox 524 1077 830 1149; x_wconf 66' lang='lat' dir='ltr'><strong>Sey-ticam,</strong></span> <span class='ocrx_word' id='word_1_59' title='bbox 892 1080 1195 1153; x_wconf 88' lang='lat' dir='ltr'><strong>Scytiacam</strong></span> <span class='ocrx_word' id='word_1_60' title='bbox 1252 1094 1309 1140; x_wconf 89' lang='lat' dir='ltr'><strong>et</strong></span> <span class='ocrx_word' id='word_1_61' title='bbox 1360 1083 1706 1157; x_wconf 89' lang='lat' dir='ltr'><strong>Scytioticam</strong></span> 
     </span>
    </p>
   </div>
   <div class='ocr_carea' id='block_1_11' title="bbox 134 1168 1705 1245">
    <p class='ocr_par' dir='ltr' id='par_1_11' title="bbox 134 1168 1705 1245">
     <span class='ocr_line' id='line_1_11' title="bbox 134 1168 1705 1245; baseline 0.008 -24"><span class='ocrx_word' id='word_1_62' title='bbox 134 1169 444 1239; x_wconf 81' lang='lat' dir='ltr'><strong>nuncupari</strong></span> <span class='ocrx_word' id='word_1_63' title='bbox 478 1168 775 1227; x_wconf 89' lang='lat' dir='ltr'><strong>identidem</strong></span> <span class='ocrx_word' id='word_1_64' title='bbox 809 1171 1015 1229; x_wconf 86' lang='lat' dir='ltr'><strong>videas.</strong></span> <span class='ocrx_word' id='word_1_65' title='bbox 1040 1172 1266 1245; x_wconf 78' lang='lat' dir='ltr'><strong>Aegypti</strong></span> <span class='ocrx_word' id='word_1_66' title='bbox 1294 1191 1425 1231; x_wconf 89' lang='lat' dir='ltr'><strong>vero</strong></span> <span class='ocrx_word' id='word_1_67' title='bbox 1470 1178 1705 1233; x_wconf 84' lang='lat' dir='ltr'><strong>solitudo</strong></span> 
     </span>
    </p>
   </div>
   <div class='ocr_carea' id='block_1_12' title="bbox 132 1258 1708 1328">
    <p class='ocr_par' dir='ltr' id='par_1_12' title="bbox 132 1258 1708 1328">
     <span class='ocr_line' id='line_1_12' title="bbox 132 1258 1708 1328; baseline 0.01 -15"><span class='ocrx_word' id='word_1_68' title='bbox 132 1258 271 1314; x_wconf 89' lang='lat' dir='ltr'><strong>haec</strong></span> <span class='ocrx_word' id='word_1_69' title='bbox 288 1259 411 1325; x_wconf 86' lang='lat' dir='ltr'><strong>fuit,</strong></span> <span class='ocrx_word' id='word_1_70' title='bbox 429 1262 681 1317; x_wconf 88' lang='lat' dir='ltr'><strong>confluxu</strong></span> <span class='ocrx_word' id='word_1_71' title='bbox 694 1263 937 1323; x_wconf 88' lang='lat' dir='ltr'><strong>virorum</strong></span> <span class='ocrx_word' id='word_1_72' title='bbox 953 1266 1226 1321; x_wconf 86' lang='lat' dir='ltr'><strong>sanctitati</strong></span> <span class='ocrx_word' id='word_1_73' title='bbox 1242 1268 1577 1326; x_wconf 88' lang='lat' dir='ltr'><strong>studentium</strong></span> <span class='ocrx_word' id='word_1_74' title='bbox 1597 1270 1708 1328; x_wconf 90' lang='lat' dir='ltr'><strong>fre-</strong></span> 
     </span>
    </p>
   </div>
   <div class='ocr_carea' id='block_1_13' title="bbox 128 1351 1706 1432">
    <p class='ocr_par' dir='ltr' id='par_1_13' title="bbox 128 1351 1706 1432">
     <span class='ocr_line' id='line_1_13' title="bbox 128 1351 1706 1432; baseline 0.01 -29"><span class='ocrx_word' id='word_1_75' title='bbox 128 1351 509 1419; x_wconf 90' lang='lat' dir='ltr'><strong>quentissima.</strong></span> <span class='ocrx_word' id='word_1_76' title='bbox 525 1353 701 1409; x_wconf 88' lang='lat' dir='ltr'><strong>Testis</strong></span> <span class='ocrx_word' id='word_1_77' title='bbox 720 1355 863 1409; x_wconf 91' lang='lat' dir='ltr'><strong>enim</strong></span> <span class='ocrx_word' id='word_1_78' title='bbox 879 1354 1234 1415; x_wconf 85' lang='lat' dir='ltr'><strong>Cassiodorus</strong></span> <span class='ocrx_word' id='word_1_79' title='bbox 1250 1359 1324 1432; x_wconf 86' lang='lat' dir='ltr'><strong>(l)</strong></span> <span class='ocrx_word' id='word_1_80' title='bbox 1342 1372 1445 1426; x_wconf 91' lang='lat' dir='ltr'><strong>est,</strong></span> <span class='ocrx_word' id='word_1_81' title='bbox 1464 1363 1518 1417; x_wconf 80' lang='lat' dir='ltr'><strong>in</strong></span> <span class='ocrx_word' id='word_1_82' title='bbox 1534 1380 1706 1419; x_wconf 86' lang='lat' dir='ltr'><strong>eremo</strong></span> 
     </span>
    </p>
   </div>
   <div class='ocr_carea' id='block_1_14' title="bbox 128 1443 1704 1525">
    <p class='ocr_par' dir='ltr' id='par_1_14' title="bbox 128 1443 1704 1525">
     <span class='ocr_line' id='line_1_14' title="bbox 128 1443 1704 1525; baseline 0.011 -29"><span class='ocrx_word' id='word_1_83' title='bbox 128 1444 233 1497; x_wconf 83' lang='lat' dir='ltr'><strong>hac</strong></span> <span class='ocrx_word' id='word_1_84' title='bbox 276 1443 421 1515; x_wconf 83' lang='lat' dir='ltr'><strong>Scyti</strong></span> <span class='ocrx_word' id='word_1_85' title='bbox 461 1450 836 1503; x_wconf 73' lang='lat' dir='ltr'><strong>monachorum</strong></span> <span class='ocrx_word' id='word_1_86' title='bbox 873 1452 1267 1521; x_wconf 77' lang='lat' dir='ltr'><strong>probatissimos</strong></span> <span class='ocrx_word' id='word_1_87' title='bbox 1300 1464 1476 1525; x_wconf 77' lang='lat' dir='ltr'><strong>patres</strong></span> <span class='ocrx_word' id='word_1_88' title='bbox 1502 1466 1552 1512; x_wconf 91' lang='lat' dir='ltr'><strong>et</strong></span> <span class='ocrx_word' id='word_1_89' title='bbox 1590 1475 1704 1513; x_wconf 90' lang='lat' dir='ltr'><strong>om-</strong></span> 
     </span>
    </p>
   </div>
   <div class='ocr_carea' id='block_1_15' title="bbox 128 1535 1705 1617">
    <p class='ocr_par' dir='ltr' id='par_1_15' title="bbox 128 1535 1705 1617">
     <span class='ocr_line' id='line_1_15' title="bbox 128 1535 1705 1617; baseline 0.012 -31"><span class='ocrx_word' id='word_1_90' title='bbox 128 1535 281 1587; x_wconf 84' lang='lat' dir='ltr'><strong>nium</strong></span> <span class='ocrx_word' id='word_1_91' title='bbox 331 1545 635 1591; x_wconf 85' lang='lat' dir='ltr'><strong>sanctorum</strong></span> <span class='ocrx_word' id='word_1_92' title='bbox 688 1552 951 1596; x_wconf 83' lang='lat' dir='ltr'><strong>moratam</strong></span> <span class='ocrx_word' id='word_1_93' title='bbox 1000 1560 1109 1598; x_wconf 88' lang='lat' dir='ltr'><strong>esse</strong></span> <span class='ocrx_word' id='word_1_94' title='bbox 1156 1546 1539 1615; x_wconf 78' lang='lat' dir='ltr'><strong>perfectionem.</strong></span> <span class='ocrx_word' id='word_1_95' title='bbox 1589 1549 1705 1617; x_wconf 86' lang='lat' dir='ltr'><strong>Qua</strong></span> 
     </span>
    </p>
   </div>
   <div class='ocr_carea' id='block_1_16' title="bbox 128 1628 1701 1707">
    <p class='ocr_par' dir='ltr' id='par_1_16' title="bbox 128 1628 1701 1707">
     <span class='ocr_line' id='line_1_16' title="bbox 128 1628 1701 1707; baseline 0.012 -29"><span class='ocrx_word' id='word_1_96' title='bbox 128 1628 424 1683; x_wconf 87' lang='lat' dir='ltr'><strong>occasione</strong></span> <span class='ocrx_word' id='word_1_97' title='bbox 446 1645 577 1684; x_wconf 85' lang='lat' dir='ltr'><strong>vero</strong></span> <span class='ocrx_word' id='word_1_98' title='bbox 604 1631 839 1686; x_wconf 91' lang='lat' dir='ltr'><strong>istumin</strong></span> <span class='ocrx_word' id='word_1_99' title='bbox 859 1634 1040 1690; x_wconf 91' lang='lat' dir='ltr'><strong>locum</strong></span> <span class='ocrx_word' id='word_1_100' title='bbox 1064 1650 1123 1691; x_wconf 92' lang='lat' dir='ltr'><strong>se</strong></span> <span class='ocrx_word' id='word_1_101' title='bbox 1152 1640 1442 1707; x_wconf 87' lang='lat' dir='ltr'><strong>receperit,</strong></span> <span class='ocrx_word' id='word_1_102' title='bbox 1472 1656 1701 1697; x_wconf 89' lang='lat' dir='ltr'><strong>narran-</strong></span> 
     </span>
    </p>
   </div>
   <div class='ocr_carea' id='block_1_17' title="bbox 127 1716 1701 1803">
    <p class='ocr_par' dir='ltr' id='par_1_17' title="bbox 127 1716 1701 1803">
     <span class='ocr_line' id='line_1_17' title="bbox 127 1716 1701 1803; baseline 0.013 -37"><span class='ocrx_word' id='word_1_103' title='bbox 127 1723 242 1768; x_wconf 90' lang='lat' dir='ltr'><strong>tem</strong></span> <span class='ocrx_word' id='word_1_104' title='bbox 266 1716 446 1785; x_wconf 91' lang='lat' dir='ltr'><strong>ipsum</strong></span> <span class='ocrx_word' id='word_1_105' title='bbox 469 1719 680 1785; x_wconf 89' lang='lat' dir='ltr'><strong>audire,</strong></span> <span class='ocrx_word' id='word_1_106' title='bbox 721 1723 815 1792; x_wconf 87' lang='lat' dir='ltr'><strong>qui</strong></span> <span class='ocrx_word' id='word_1_107' title='bbox 844 1725 1011 1791; x_wconf 90' lang='lat' dir='ltr'><strong>volet,</strong></span> <span class='ocrx_word' id='word_1_108' title='bbox 1042 1726 1243 1796; x_wconf 90' lang='lat' dir='ltr'><strong>poterit</strong></span> <span class='ocrx_word' id='word_1_109' title='bbox 1282 1727 1575 1786; x_wconf 87' lang='lat' dir='ltr'><strong>Macarium</strong></span> <span class='ocrx_word' id='word_1_110' title='bbox 1605 1732 1701 1803; x_wconf 82' lang='lat'><strong>(‘2).</strong></span> 
     </span>
    </p>
   </div>
   <div class='ocr_carea' id='block_1_18' title="bbox 196 1806 1702 1891">
    <p class='ocr_par' dir='ltr' id='par_1_18' title="bbox 196 1806 1702 1891">
     <span class='ocr_line' id='line_1_18' title="bbox 196 1806 1702 1891; baseline 0.011 -31"><span class='ocrx_word' id='word_1_111' title='bbox 196 1806 316 1861; x_wconf 64' lang='grc' dir='ltr'><strong>ΥΠ.</strong></span> <span class='ocrx_word' id='word_1_112' title='bbox 353 1808 461 1864; x_wconf 88' lang='lat' dir='ltr'><strong>Sed</strong></span> <span class='ocrx_word' id='word_1_113' title='bbox 486 1810 554 1865; x_wconf 90' lang='lat' dir='ltr'><strong>de</strong></span> <span class='ocrx_word' id='word_1_114' title='bbox 591 1812 827 1870; x_wconf 85' lang='lat' dir='ltr'><strong>Macario</strong></span> <span class='ocrx_word' id='word_1_115' title='bbox 862 1816 1232 1874; x_wconf 86' lang='lat' dir='ltr'><strong>Alexandrino</strong></span> <span class='ocrx_word' id='word_1_116' title='bbox 1275 1821 1483 1891; x_wconf 91' lang='lat' dir='ltr'><strong>aliquid</strong></span> <span class='ocrx_word' id='word_1_117' title='bbox 1538 1824 1702 1879; x_wconf 87' lang='lat' dir='ltr'><strong>etiam</strong></span> 
     </span>
    </p>
   </div>
   <div class='ocr_carea' id='block_1_19' title="bbox 124 1896 1777 1983">
    <p class='ocr_par' dir='ltr' id='par_1_19' title="bbox 124 1896 1777 1983">
     <span class='ocr_line' id='line_1_19' title="bbox 124 1896 1777 1983; baseline 0.01 -31"><span class='ocrx_word' id='word_1_118' title='bbox 124 1896 428 1955; x_wconf 86' lang='lat' dir='ltr'><strong>dicendum</strong></span> <span class='ocrx_word' id='word_1_119' title='bbox 469 1910 571 1957; x_wconf 89' lang='lat' dir='ltr'><strong>est.</strong></span> <span class='ocrx_word' id='word_1_120' title='bbox 634 1903 792 1960; x_wconf 83' lang='lat' dir='ltr'><strong>Hunc</strong></span> <span class='ocrx_word' id='word_1_121' title='bbox 819 1907 1076 1963; x_wconf 87' lang='lat' dir='ltr'><strong>iuniorem</strong></span> <span class='ocrx_word' id='word_1_122' title='bbox 1120 1911 1396 1980; x_wconf 90' lang='lat' dir='ltr'><strong>appellant</strong></span> <span class='ocrx_word' id='word_1_123' title='bbox 1436 1922 1493 1969; x_wconf 89' lang='lat' dir='ltr'><strong>et</strong></span> <span class='ocrx_word' id='word_1_124' title='bbox 1528 1913 1703 1983; x_wconf 85' lang='lat' dir='ltr'><strong>politi-</strong></span> <span class='ocrx_word' id='word_1_125' title='bbox 1731 1900 1777 1956; x_wconf 80' lang='grc' dir='ltr'>Β</span> 
     </span>
    </p>
   </div>
   <div class='ocr_carea' id='block_1_20' title="bbox 121 1992 1702 2070">
    <p class='ocr_par' dir='ltr' id='par_1_20' title="bbox 121 1992 1702 2070">
     <span class='ocr_line' id='line_1_20' title="bbox 121 1992 1702 2070; baseline 0.013 -29"><span class='ocrx_word' id='word_1_126' title='bbox 121 2004 248 2042; x_wconf 85' lang='lat' dir='ltr'><strong>cum</strong></span> <span class='ocrx_word' id='word_1_127' title='bbox 296 2007 316 2045; x_wconf 91' lang='lat'><strong><em>:</em></strong></span> <span class='ocrx_word' id='word_1_128' title='bbox 366 1992 637 2049; x_wconf 88' lang='lat' dir='ltr'><strong>iuniorem</strong></span> <span class='ocrx_word' id='word_1_129' title='bbox 694 1996 955 2066; x_wconf 89' lang='lat' dir='ltr'><strong>quidem,</strong></span> <span class='ocrx_word' id='word_1_130' title='bbox 1006 2002 1265 2070; x_wconf 90' lang='lat' dir='ltr'><strong>quoniam</strong></span> <span class='ocrx_word' id='word_1_131' title='bbox 1324 2002 1557 2061; x_wconf 89' lang='lat' dir='ltr'><strong>Macario</strong></span> <span class='ocrx_word' id='word_1_132' title='bbox 1622 2005 1702 2061; x_wconf 89' lang='lat' dir='ltr'><strong>illi</strong></span> 
     </span>
    </p>
   </div>
   <div class='ocr_carea' id='block_1_21' title="bbox 122 2079 1701 2163">
    <p class='ocr_par' dir='ltr' id='par_1_21' title="bbox 122 2079 1701 2163">
     <span class='ocr_line' id='line_1_21' title="bbox 122 2079 1701 2163; baseline 0.013 -29"><span class='ocrx_word' id='word_1_133' title='bbox 122 2079 396 2153; x_wconf 81' lang='lat' dir='ltr'><strong>Aegyptio</strong></span> <span class='ocrx_word' id='word_1_134' title='bbox 425 2096 702 2156; x_wconf 81' lang='lat' dir='ltr'><strong>superstes</strong></span> <span class='ocrx_word' id='word_1_135' title='bbox 734 2091 961 2158; x_wconf 79' lang='lat' dir='ltr'><strong>exstitit,</strong></span> <span class='ocrx_word' id='word_1_136' title='bbox 999 2104 1250 2151; x_wconf 90' lang='lat' dir='ltr'><strong>mortuus</strong></span> <span class='ocrx_word' id='word_1_137' title='bbox 1304 2095 1544 2163; x_wconf 92' lang='lat' dir='ltr'><strong>demum,</strong></span> <span class='ocrx_word' id='word_1_138' title='bbox 1576 2113 1701 2155; x_wconf 90' lang='lat' dir='ltr'><strong>cum</strong></span> 
     </span>
    </p>
   </div>
   <div class='ocr_carea' id='block_1_22' title="bbox 123 2169 1703 2247">
    <p class='ocr_par' dir='ltr' id='par_1_22' title="bbox 123 2169 1703 2247">
     <span class='ocr_line' id='line_1_22' title="bbox 123 2169 1703 2247; baseline 0.013 -22"><span class='ocrx_word' id='word_1_139' title='bbox 123 2169 163 2225; x_wconf 89' lang='lat' dir='ltr'>C</span> <span class='ocrx_word' id='word_1_140' title='bbox 227 2188 408 2231; x_wconf 87' lang='lat' dir='ltr'><strong>annos</strong></span> <span class='ocrx_word' id='word_1_141' title='bbox 450 2178 703 2245; x_wconf 79' lang='lat' dir='ltr'><strong>vixisset,</strong></span> <span class='ocrx_word' id='word_1_142' title='bbox 755 2196 898 2237; x_wconf 86' lang='lat' dir='ltr'><strong>anno</strong></span> <span class='ocrx_word' id='word_1_143' title='bbox 948 2182 1208 2241; x_wconf 87' lang='lat' dir='ltr'><strong>CCCCIV.</strong></span> <span class='ocrx_word' id='word_1_144' title='bbox 1272 2186 1525 2243; x_wconf 85' lang='lat' dir='ltr'><strong>Politicus</strong></span> <span class='ocrx_word' id='word_1_145' title='bbox 1568 2206 1703 2247; x_wconf 91' lang='lat' dir='ltr'><strong>vero</strong></span> 
     </span>
    </p>
   </div>
   <div class='ocr_carea' id='block_1_23' title="bbox 121 2263 1701 2340">
    <p class='ocr_par' dir='ltr' id='par_1_23' title="bbox 121 2263 1701 2340">
     <span class='ocr_line' id='line_1_23' title="bbox 121 2263 1701 2340; baseline 0.014 -23"><span class='ocrx_word' id='word_1_146' title='bbox 121 2263 314 2321; x_wconf 85' lang='lat' dir='ltr'><strong>dictus</strong></span> <span class='ocrx_word' id='word_1_147' title='bbox 361 2276 465 2333; x_wconf 91' lang='lat' dir='ltr'><strong>est,</strong></span> <span class='ocrx_word' id='word_1_148' title='bbox 500 2271 647 2340; x_wconf 91' lang='lat' dir='ltr'><strong>quod</strong></span> <span class='ocrx_word' id='word_1_149' title='bbox 697 2288 808 2328; x_wconf 88' lang='lat' dir='ltr'><strong>non</strong></span> <span class='ocrx_word' id='word_1_150' title='bbox 847 2274 904 2329; x_wconf 91' lang='lat' dir='ltr'><strong>in</strong></span> <span class='ocrx_word' id='word_1_151' title='bbox 940 2277 1239 2333; x_wconf 89' lang='lat' dir='ltr'><strong>solitudine</strong></span> <span class='ocrx_word' id='word_1_152' title='bbox 1293 2280 1555 2337; x_wconf 79' lang='lat' dir='ltr'><strong>duntaxat</strong></span> <span class='ocrx_word' id='word_1_153' title='bbox 1601 2284 1701 2339; x_wconf 83' lang='lat' dir='ltr'><strong>Ni-</strong></span> 
     </span>
    </p>
   </div>
   <div class='ocr_carea' id='block_1_24' title="bbox 122 2358 1700 2434">
    <p class='ocr_par' dir='ltr' id='par_1_24' title="bbox 122 2358 1700 2434">
     <span class='ocr_line' id='line_1_24' title="bbox 122 2358 1700 2434; baseline 0.013 -24"><span class='ocrx_word' id='word_1_154' title='bbox 122 2358 346 2425; x_wconf 85' lang='lat' dir='ltr'><strong>triensi,</strong></span> <span class='ocrx_word' id='word_1_155' title='bbox 372 2361 428 2416; x_wconf 92' lang='lat' dir='ltr'><strong>in</strong></span> <span class='ocrx_word' id='word_1_156' title='bbox 455 2379 617 2432; x_wconf 91' lang='lat' dir='ltr'><strong>quam</strong></span> <span class='ocrx_word' id='word_1_157' title='bbox 657 2376 973 2434; x_wconf 87' lang='lat' dir='ltr'><strong>secesserat,</strong></span> <span class='ocrx_word' id='word_1_158' title='bbox 996 2369 1164 2425; x_wconf 77' lang='lat' dir='ltr'><strong>vitam</strong></span> <span class='ocrx_word' id='word_1_159' title='bbox 1197 2375 1547 2429; x_wconf 90' lang='lat' dir='ltr'><strong>monasticam</strong></span> <span class='ocrx_word' id='word_1_160' title='bbox 1583 2391 1700 2432; x_wconf 87' lang='lat' dir='ltr'><strong>am—</strong></span> 
     </span>
    </p>
   </div>
   <div class='ocr_carea' id='block_1_25' title="bbox 116 2450 1699 2531">
    <p class='ocr_par' dir='ltr' id='par_1_25' title="bbox 116 2450 1699 2531">
     <span class='ocr_line' id='line_1_25' title="bbox 116 2450 1699 2531; baseline 0.013 -29"><span class='ocrx_word' id='word_1_161' title='bbox 116 2450 322 2520; x_wconf 79' lang='lat' dir='ltr'><strong>plexus</strong></span> <span class='ocrx_word' id='word_1_162' title='bbox 352 2466 687 2523; x_wconf 76' lang='lat' dir='ltr'><strong>versaretur,</strong></span> <span class='ocrx_word' id='word_1_163' title='bbox 724 2460 818 2513; x_wconf 91' lang='lat' dir='ltr'><strong>sed</strong></span> <span class='ocrx_word' id='word_1_164' title='bbox 867 2462 1013 2531; x_wconf 92' lang='lat' dir='ltr'><strong>quod</strong></span> <span class='ocrx_word' id='word_1_165' title='bbox 1060 2464 1225 2518; x_wconf 88' lang='lat' dir='ltr'><strong>etiam</strong></span> <span class='ocrx_word' id='word_1_166' title='bbox 1282 2466 1337 2520; x_wconf 91' lang='lat' dir='ltr'><strong>in</strong></span> <span class='ocrx_word' id='word_1_167' title='bbox 1384 2467 1575 2522; x_wconf 92' lang='lat' dir='ltr'><strong>urbem</strong></span> <span class='ocrx_word' id='word_1_168' title='bbox 1599 2467 1699 2522; x_wconf 89' lang='lat' dir='ltr'><strong>ali-</strong></span> 
     </span>
    </p>
   </div>
   <div class='ocr_carea' id='block_1_26' title="bbox 116 2540 1701 2626">
    <p class='ocr_par' dir='ltr' id='par_1_26' title="bbox 116 2540 1701 2626">
     <span class='ocr_line' id='line_1_26' title="bbox 116 2540 1701 2626; baseline 0.014 -35"><span class='ocrx_word' id='word_1_169' title='bbox 116 2540 352 2607; x_wconf 88' lang='lat' dir='ltr'><strong>quando</strong></span> <span class='ocrx_word' id='word_1_170' title='bbox 400 2544 635 2611; x_wconf 83' lang='lat' dir='ltr'><strong>veniret,</strong></span> <span class='ocrx_word' id='word_1_171' title='bbox 682 2547 778 2617; x_wconf 90' lang='lat' dir='ltr'><strong>qui</strong></span> <span class='ocrx_word' id='word_1_172' title='bbox 826 2558 882 2604; x_wconf 92' lang='lat' dir='ltr'><strong>et</strong></span> <span class='ocrx_word' id='word_1_173' title='bbox 912 2565 1164 2621; x_wconf 85' lang='lat' dir='ltr'><strong>magnam</strong></span> <span class='ocrx_word' id='word_1_174' title='bbox 1203 2555 1347 2610; x_wconf 90' lang='lat' dir='ltr'><strong>vitae</strong></span> <span class='ocrx_word' id='word_1_175' title='bbox 1387 2564 1596 2626; x_wconf 89' lang='lat' dir='ltr'><strong>partem</strong></span> <span class='ocrx_word' id='word_1_176' title='bbox 1643 2558 1701 2611; x_wconf 76' lang='lat' dir='ltr'><strong>in</strong></span> 
     </span>
    </p>
   </div>
   <div class='ocr_carea' id='block_1_27' title="bbox 114 2631 1702 2716">
    <p class='ocr_par' dir='ltr' id='par_1_27' title="bbox 114 2631 1702 2716">
     <span class='ocr_line' id='line_1_27' title="bbox 114 2631 1702 2716; baseline 0.014 -33"><span class='ocrx_word' id='word_1_177' title='bbox 114 2631 247 2685; x_wconf 89' lang='lat' dir='ltr'><strong>luce</strong></span> <span class='ocrx_word' id='word_1_178' title='bbox 293 2641 359 2687; x_wconf 89' lang='lat' dir='ltr'><strong>et</strong></span> <span class='ocrx_word' id='word_1_179' title='bbox 388 2635 563 2690; x_wconf 92' lang='lat' dir='ltr'><strong>oculis</strong></span> <span class='ocrx_word' id='word_1_180' title='bbox 602 2638 886 2694; x_wconf 88' lang='lat' dir='ltr'><strong>hominum</strong></span> <span class='ocrx_word' id='word_1_181' title='bbox 918 2645 1291 2716; x_wconf 86' lang='lat' dir='ltr'><strong>transegisset.</strong></span> <span class='ocrx_word' id='word_1_182' title='bbox 1318 2646 1476 2702; x_wconf 88' lang='lat' dir='ltr'><strong>Anno</strong></span> <span class='ocrx_word' id='word_1_183' title='bbox 1507 2650 1702 2705; x_wconf 89' lang='lat' dir='ltr'><strong>aetatis</strong></span> 
     </span>
    </p>
   </div>
   <div class='ocr_carea' id='block_1_28' title="bbox 114 2722 1700 2810">
    <p class='ocr_par' dir='ltr' id='par_1_28' title="bbox 114 2722 1700 2810">
     <span class='ocr_line' id='line_1_28' title="bbox 114 2722 1700 2810; baseline 0.013 -34"><span class='ocrx_word' id='word_1_184' title='bbox 114 2722 209 2777; x_wconf 80' lang='lat' dir='ltr'><strong>XL</strong></span> <span class='ocrx_word' id='word_1_185' title='bbox 240 2724 582 2795; x_wconf 91' lang='lat' dir='ltr'><strong>baptismum</strong></span> <span class='ocrx_word' id='word_1_186' title='bbox 606 2732 908 2801; x_wconf 87' lang='lat' dir='ltr'><strong>suscepisse</strong></span> <span class='ocrx_word' id='word_1_187' title='bbox 931 2734 1151 2800; x_wconf 90' lang='lat' dir='ltr'><strong>dicitur,</strong></span> <span class='ocrx_word' id='word_1_188' title='bbox 1189 2738 1476 2810; x_wconf 87' lang='lat' dir='ltr'><strong>presbyter</strong></span> <span class='ocrx_word' id='word_1_189' title='bbox 1503 2739 1700 2796; x_wconf 91' lang='lat' dir='ltr'><strong>deinde</strong></span> 
     </span>
    </p>
   </div>
   <div class='ocr_carea' id='block_1_29' title="bbox 112 2814 1701 2898">
    <p class='ocr_par' dir='ltr' id='par_1_29' title="bbox 112 2814 1701 2898">
     <span class='ocr_line' id='line_1_29' title="bbox 112 2814 1701 2898; baseline 0.009 -27"><span class='ocrx_word' id='word_1_190' title='bbox 112 2814 297 2871; x_wconf 84' lang='lat' dir='ltr'><strong>factus</strong></span> <span class='ocrx_word' id='word_1_191' title='bbox 328 2828 387 2871; x_wconf 83' lang='lat' dir='ltr'><strong>et</strong></span> <span class='ocrx_word' id='word_1_192' title='bbox 414 2820 841 2879; x_wconf 89' lang='lat' dir='ltr'><strong>archimandrita</strong></span> <span class='ocrx_word' id='word_1_193' title='bbox 886 2825 1200 2882; x_wconf 83' lang='lat' dir='ltr'><strong>Nitriensis.</strong></span> <span class='ocrx_word' id='word_1_194' title='bbox 1235 2829 1244 2898; x_wconf 95' lang='lat'><strong><em>|</em></strong></span> <span class='ocrx_word' id='word_1_195' title='bbox 1275 2828 1412 2884; x_wconf 90' lang='lat' dir='ltr'><strong>Cum</strong></span> <span class='ocrx_word' id='word_1_196' title='bbox 1466 2846 1599 2885; x_wconf 87' lang='lat' dir='ltr'><strong>vero</strong></span> <span class='ocrx_word' id='word_1_197' title='bbox 1643 2832 1701 2886; x_wconf 89' lang='lat' dir='ltr'><strong>in</strong></span> 
     </span>
    </p>
   </div>
   <div class='ocr_carea' id='block_1_30' title="bbox 111 2911 1701 2991">
    <p class='ocr_par' dir='ltr' id='par_1_30' title="bbox 111 2911 1701 2991">
     <span class='ocr_line' id='line_1_30' title="bbox 111 2911 1701 2991; baseline 0.008 -27"><span class='ocrx_word' id='word_1_198' title='bbox 111 2924 182 2964; x_wconf 87' lang='lat' dir='ltr'><strong>eo</strong></span> <span class='ocrx_word' id='word_1_199' title='bbox 229 2926 370 2965; x_wconf 89' lang='lat' dir='ltr'><strong>cum</strong></span> <span class='ocrx_word' id='word_1_200' title='bbox 407 2911 641 2969; x_wconf 84' lang='lat' dir='ltr'><strong>Macario</strong></span> <span class='ocrx_word' id='word_1_201' title='bbox 664 2915 927 2987; x_wconf 71' lang='lat' dir='ltr'><strong>Aegyptio</strong></span> <span class='ocrx_word' id='word_1_202' title='bbox 958 2920 1295 2985; x_wconf 79' lang='lat' dir='ltr'><strong>conveniret,</strong></span> <span class='ocrx_word' id='word_1_203' title='bbox 1319 2921 1466 2991; x_wconf 91' lang='lat' dir='ltr'><strong>quod</strong></span> <span class='ocrx_word' id='word_1_204' title='bbox 1505 2923 1701 2977; x_wconf 91' lang='lat' dir='ltr'><strong>solitu-</strong></span> 
     </span>
    </p>
   </div>
   <div class='ocr_carea' id='block_1_31' title="bbox 110 3002 1700 3082">
    <p class='ocr_par' dir='ltr' id='par_1_31' title="bbox 110 3002 1700 3082">
     <span class='ocr_line' id='line_1_31' title="bbox 110 3002 1700 3082; baseline 0.011 -27"><span class='ocrx_word' id='word_1_205' title='bbox 110 3002 312 3057; x_wconf 87' lang='lat' dir='ltr'><strong>dinem</strong></span> <span class='ocrx_word' id='word_1_206' title='bbox 387 3014 615 3071; x_wconf 88' lang='lat' dir='ltr'><strong>amaret,</strong></span> <span class='ocrx_word' id='word_1_207' title='bbox 670 3016 725 3062; x_wconf 90' lang='lat' dir='ltr'><strong>et</strong></span> <span class='ocrx_word' id='word_1_208' title='bbox 766 3010 1031 3064; x_wconf 88' lang='lat' dir='ltr'><strong>severiori</strong></span> <span class='ocrx_word' id='word_1_209' title='bbox 1072 3011 1393 3082; x_wconf 88' lang='lat' dir='ltr'><strong>disciplinae</strong></span> <span class='ocrx_word' id='word_1_210' title='bbox 1452 3028 1519 3069; x_wconf 90' lang='lat' dir='ltr'><strong>ac</strong></span> <span class='ocrx_word' id='word_1_211' title='bbox 1557 3015 1700 3071; x_wconf 88' lang='lat' dir='ltr'><strong>vitae</strong></span> 
     </span>
    </p>
   </div>
   <div class='ocr_carea' id='block_1_32' title="bbox 110 3096 1700 3177">
    <p class='ocr_par' dir='ltr' id='par_1_32' title="bbox 110 3096 1700 3177">
     <span class='ocr_line' id='line_1_32' title="bbox 110 3096 1700 3177; baseline 0.007 -29"><span class='ocrx_word' id='word_1_212' title='bbox 110 3096 421 3151; x_wconf 85' lang='lat' dir='ltr'><strong>sanctioris</strong></span> <span class='ocrx_word' id='word_1_213' title='bbox 455 3097 635 3153; x_wconf 92' lang='lat' dir='ltr'><strong>studio</strong></span> <span class='ocrx_word' id='word_1_214' title='bbox 659 3109 805 3154; x_wconf 88' lang='lat' dir='ltr'><strong>esset</strong></span> <span class='ocrx_word' id='word_1_215' title='bbox 837 3100 1243 3177; x_wconf 88' lang='lat' dir='ltr'><strong>addictissimus</strong></span> <span class='ocrx_word' id='word_1_216' title='bbox 1273 3122 1285 3157; x_wconf 94' lang='lat'>:</span> <span class='ocrx_word' id='word_1_217' title='bbox 1320 3113 1438 3159; x_wconf 92' lang='lat' dir='ltr'><strong>tum</strong></span> <span class='ocrx_word' id='word_1_218' title='bbox 1460 3121 1593 3159; x_wconf 91' lang='lat' dir='ltr'><strong>vero</strong></span> <span class='ocrx_word' id='word_1_219' title='bbox 1643 3105 1700 3159; x_wconf 92' lang='lat' dir='ltr'><strong>in</strong></span> 
     </span>
    </p>
   </div>
   <div class='ocr_carea' id='block_1_33' title="bbox 108 3188 1699 3266">
    <p class='ocr_par' dir='ltr' id='par_1_33' title="bbox 108 3188 1699 3266">
     <span class='ocr_line' id='line_1_33' title="bbox 108 3188 1699 3266; baseline 0.006 -25"><span class='ocrx_word' id='word_1_220' title='bbox 108 3202 175 3241; x_wconf 90' lang='lat' dir='ltr'><strong>ea</strong></span> <span class='ocrx_word' id='word_1_221' title='bbox 218 3195 393 3258; x_wconf 89' lang='lat' dir='ltr'><strong>parte</strong></span> <span class='ocrx_word' id='word_1_222' title='bbox 440 3188 510 3243; x_wconf 89' lang='lat' dir='ltr'><strong>ab</strong></span> <span class='ocrx_word' id='word_1_223' title='bbox 568 3190 759 3245; x_wconf 92' lang='lat' dir='ltr'><strong>eodem</strong></span> <span class='ocrx_word' id='word_1_224' title='bbox 805 3191 1103 3261; x_wconf 88' lang='lat' dir='ltr'><strong>plurimum</strong></span> <span class='ocrx_word' id='word_1_225' title='bbox 1149 3194 1511 3264; x_wconf 88' lang='lat' dir='ltr'><strong>discrepabat,</strong></span> <span class='ocrx_word' id='word_1_226' title='bbox 1554 3195 1699 3266; x_wconf 90' lang='lat' dir='ltr'><strong>quod</strong></span> 
     </span>
    </p>
   </div>
   <div class='ocr_carea' id='block_1_34' title="bbox 107 3278 1700 3357">
    <p class='ocr_par' dir='ltr' id='par_1_34' title="bbox 107 3278 1700 3357">
     <span class='ocr_line' id='line_1_34' title="bbox 107 3278 1700 3357; baseline 0.004 -22"><span class='ocrx_word' id='word_1_227' title='bbox 107 3278 283 3335; x_wconf 71' lang='lat' dir='ltr'><strong>hilari</strong></span> <span class='ocrx_word' id='word_1_228' title='bbox 328 3280 515 3336; x_wconf 89' lang='lat' dir='ltr'><strong>fronte</strong></span> <span class='ocrx_word' id='word_1_229' title='bbox 558 3282 854 3338; x_wconf 86' lang='lat' dir='ltr'><strong>invisentes</strong></span> <span class='ocrx_word' id='word_1_230' title='bbox 887 3283 956 3338; x_wconf 90' lang='lat' dir='ltr'><strong>ad</strong></span> <span class='ocrx_word' id='word_1_231' title='bbox 1000 3285 1178 3356; x_wconf 91' lang='lat' dir='ltr'><strong>ipsum</strong></span> <span class='ocrx_word' id='word_1_232' title='bbox 1226 3286 1521 3357; x_wconf 85' lang='lat' dir='ltr'><strong>exciperet,</strong></span> <span class='ocrx_word' id='word_1_233' title='bbox 1560 3288 1700 3357; x_wconf 82' lang='lat' dir='ltr'><strong>lepi-</strong></span> 
     </span>
    </p>
   </div>
   <div class='ocr_carea' id='block_1_35' title="bbox 105 3371 1702 3442">
    <p class='ocr_par' dir='ltr' id='par_1_35' title="bbox 105 3371 1702 3442">
     <span class='ocr_line' id='line_1_35' title="bbox 105 3371 1702 3442; baseline 0.007 -18"><span class='ocrx_word' id='word_1_234' title='bbox 105 3371 320 3442; x_wconf 89' lang='lat' dir='ltr'><strong>disque</strong></span> <span class='ocrx_word' id='word_1_235' title='bbox 382 3372 679 3429; x_wconf 89' lang='lat' dir='ltr'><strong>oblectaret</strong></span> <span class='ocrx_word' id='word_1_236' title='bbox 702 3376 1066 3441; x_wconf 89' lang='lat' dir='ltr'><strong>sermonibus,</strong></span> <span class='ocrx_word' id='word_1_237' title='bbox 1100 3377 1344 3433; x_wconf 90' lang='lat' dir='ltr'><strong>iuniores</strong></span> <span class='ocrx_word' id='word_1_238' title='bbox 1390 3378 1702 3435; x_wconf 86' lang='lat' dir='ltr'><strong>urbanitate</strong></span> 
     </span>
    </p>
   </div>
   <div class='ocr_carea' id='block_1_36' title="bbox 105 3465 1696 3535">
    <p class='ocr_par' dir='ltr' id='par_1_36' title="bbox 105 3465 1696 3535">
     <span class='ocr_line' id='line_1_36' title="bbox 105 3465 1696 3535; baseline 0.004 -16"><span class='ocrx_word' id='word_1_239' title='bbox 105 3465 367 3535; x_wconf 86' lang='lat' dir='ltr'><strong>quadam</strong></span> <span class='ocrx_word' id='word_1_240' title='bbox 395 3466 465 3520; x_wconf 87' lang='lat' dir='ltr'><strong>ad</strong></span> <span class='ocrx_word' id='word_1_241' title='bbox 496 3466 637 3521; x_wconf 80' lang='lat' dir='ltr'><strong>vitae</strong></span> <span class='ocrx_word' id='word_1_242' title='bbox 687 3468 1017 3523; x_wconf 89' lang='lat' dir='ltr'><strong>monasticae</strong></span> <span class='ocrx_word' id='word_1_243' title='bbox 1065 3470 1270 3524; x_wconf 87' lang='lat' dir='ltr'><strong>cultum</strong></span> <span class='ocrx_word' id='word_1_244' title='bbox 1310 3470 1583 3535; x_wconf 89' lang='lat' dir='ltr'><strong>alliciens;</strong></span> <span class='ocrx_word' id='word_1_245' title='bbox 1639 3470 1696 3525; x_wconf 90' lang='lat' dir='ltr'><strong>id</strong></span> 
     </span>
    </p>
   </div>
   <div class='ocr_carea' id='block_1_37' title="bbox 99 3557 1702 3628">
    <p class='ocr_par' dir='ltr' id='par_1_37' title="bbox 99 3557 1702 3628">
     <span class='ocr_line' id='line_1_37' title="bbox 99 3557 1702 3628; baseline 0.006 -19"><span class='ocrx_word' id='word_1_246' title='bbox 99 3557 264 3626; x_wconf 88' lang='lat' dir='ltr'><strong>quod</strong></span> <span class='ocrx_word' id='word_1_247' title='bbox 293 3558 357 3611; x_wconf 91' lang='lat' dir='ltr'><strong>in</strong></span> <span class='ocrx_word' id='word_1_248' title='bbox 398 3558 657 3628; x_wconf 84' lang='lat' dir='ltr'><strong>Aegyptio</strong></span> <span class='ocrx_word' id='word_1_249' title='bbox 705 3574 864 3614; x_wconf 88' lang='lat' dir='ltr'><strong>secus</strong></span> <span class='ocrx_word' id='word_1_250' title='bbox 909 3575 967 3615; x_wconf 92' lang='lat' dir='ltr'><strong>se</strong></span> <span class='ocrx_word' id='word_1_251' title='bbox 1014 3560 1270 3615; x_wconf 88' lang='lat' dir='ltr'><strong>habebat.</strong></span> <span class='ocrx_word' id='word_1_252' title='bbox 1322 3562 1438 3617; x_wconf 89' lang='lat' dir='ltr'><strong>Nec</strong></span> <span class='ocrx_word' id='word_1_253' title='bbox 1489 3563 1702 3618; x_wconf 90' lang='lat' dir='ltr'><strong>minora</strong></span> 
     </span>
    </p>
   </div>
   <div class='ocr_carea' id='block_1_38' title="bbox 98 3650 1699 3723">
    <p class='ocr_par' dir='ltr' id='par_1_38' title="bbox 98 3650 1699 3723">
     <span class='ocr_line' id='line_1_38' title="bbox 98 3650 1699 3723; baseline 0.004 -21"><span class='ocrx_word' id='word_1_254' title='bbox 98 3666 269 3714; x_wconf 80' lang='lat' dir='ltr'><strong>vero,</strong></span> <span class='ocrx_word' id='word_1_255' title='bbox 318 3666 491 3720; x_wconf 89' lang='lat' dir='ltr'><strong>quam</strong></span> <span class='ocrx_word' id='word_1_256' title='bbox 521 3650 587 3704; x_wconf 92' lang='lat' dir='ltr'><strong>de</strong></span> <span class='ocrx_word' id='word_1_257' title='bbox 612 3651 901 3723; x_wconf 82' lang='lat' dir='ltr'><strong>Aegyptio,</strong></span> <span class='ocrx_word' id='word_1_258' title='bbox 936 3652 1005 3707; x_wconf 89' lang='lat' dir='ltr'><strong>de</strong></span> <span class='ocrx_word' id='word_1_259' title='bbox 1061 3655 1180 3708; x_wconf 91' lang='lat' dir='ltr'><strong>eius</strong></span> <span class='ocrx_word' id='word_1_260' title='bbox 1234 3654 1549 3721; x_wconf 90' lang='lat' dir='ltr'><strong>virtutibus,</strong></span> <span class='ocrx_word' id='word_1_261' title='bbox 1616 3655 1699 3709; x_wconf 89' lang='lat' dir='ltr'><strong>vi-</strong></span> 
     </span>
    </p>
   </div>
   <div class='ocr_carea' id='block_1_39' title="bbox 98 3742 1701 3817">
    <p class='ocr_par' dir='ltr' id='par_1_39' title="bbox 98 3742 1701 3817">
     <span class='ocr_line' id='line_1_39' title="bbox 98 3742 1701 3817; baseline 0.004 -21"><span class='ocrx_word' id='word_1_262' title='bbox 98 3743 283 3797; x_wconf 83' lang='lat' dir='ltr'><strong>vendi</strong></span> <span class='ocrx_word' id='word_1_263' title='bbox 343 3758 548 3814; x_wconf 84' lang='lat' dir='ltr'><strong>genere</strong></span> <span class='ocrx_word' id='word_1_264' title='bbox 594 3742 957 3814; x_wconf 86' lang='lat' dir='ltr'><strong>frugalissimo</strong></span> <span class='ocrx_word' id='word_1_265' title='bbox 1003 3748 1395 3817; x_wconf 89' lang='lat' dir='ltr'><strong>miraculisque</strong></span> <span class='ocrx_word' id='word_1_266' title='bbox 1450 3748 1701 3803; x_wconf 88' lang='lat' dir='ltr'><strong>referun-</strong></span> 
     </span>
    </p>
   </div>
   <div class='ocr_carea' id='block_1_40' title="bbox 100 3835 1699 3910">
    <p class='ocr_par' dir='ltr' id='par_1_40' title="bbox 100 3835 1699 3910">
     <span class='ocr_line' id='line_1_40' title="bbox 100 3835 1699 3910; baseline 0.004 -21"><span class='ocrx_word' id='word_1_267' title='bbox 100 3843 221 3899; x_wconf 90' lang='lat' dir='ltr'><strong>tur,</strong></span> <span class='ocrx_word' id='word_1_268' title='bbox 260 3850 418 3905; x_wconf 89' lang='lat' dir='ltr'><strong>quae</strong></span> <span class='ocrx_word' id='word_1_269' title='bbox 452 3835 546 3905; x_wconf 83' lang='lat' dir='ltr'><strong>qui</strong></span> <span class='ocrx_word' id='word_1_270' title='bbox 590 3835 767 3907; x_wconf 89' lang='lat' dir='ltr'><strong>legere</strong></span> <span class='ocrx_word' id='word_1_271' title='bbox 797 3837 1069 3908; x_wconf 91' lang='lat' dir='ltr'><strong>descripta</strong></span> <span class='ocrx_word' id='word_1_272' title='bbox 1100 3839 1306 3910; x_wconf 89' lang='lat' dir='ltr'><strong>cupiat,</strong></span> <span class='ocrx_word' id='word_1_273' title='bbox 1323 3841 1539 3896; x_wconf 89' lang='lat' dir='ltr'><strong>evolvat</strong></span> <span class='ocrx_word' id='word_1_274' title='bbox 1574 3840 1699 3895; x_wconf 89' lang='lat' dir='ltr'><strong>Pal-</strong></span> 
     </span>
    </p>
   </div>
   <div class='ocr_carea' id='block_1_41' title="bbox 92 3926 464 3999">
    <p class='ocr_par' dir='ltr' id='par_1_41' title="bbox 92 3926 464 3999">
     <span class='ocr_line' id='line_1_41' title="bbox 92 3926 464 3999; baseline 0 -18"><span class='ocrx_word' id='word_1_275' title='bbox 92 3926 328 3981; x_wconf 85' lang='lat' dir='ltr'><strong>ladium</strong></span> <span class='ocrx_word' id='word_1_276' title='bbox 362 3926 464 3999; x_wconf 67' lang='grc' dir='ltr'><strong>(δ).</strong></span> 
     </span>
    </p>
   </div>
   <div class='ocr_carea' id='block_1_42' title="bbox 171 4019 1701 4093">
    <p class='ocr_par' dir='ltr' id='par_1_42' title="bbox 171 4019 1701 4093">
     <span class='ocr_line' id='line_1_42' title="bbox 171 4019 1701 4093; baseline 0.005 -20"><span class='ocrx_word' id='word_1_277' title='bbox 171 4019 332 4073; x_wconf 79' lang='lat' dir='ltr'><strong>Vill.</strong></span> <span class='ocrx_word' id='word_1_278' title='bbox 387 4019 635 4075; x_wconf 87' lang='lat' dir='ltr'><strong>Tertium</strong></span> <span class='ocrx_word' id='word_1_279' title='bbox 658 4037 789 4077; x_wconf 89' lang='lat' dir='ltr'><strong>vero</strong></span> <span class='ocrx_word' id='word_1_280' title='bbox 829 4022 1067 4092; x_wconf 89' lang='lat' dir='ltr'><strong>aliquem</strong></span> <span class='ocrx_word' id='word_1_281' title='bbox 1116 4021 1410 4077; x_wconf 84' lang='lat' dir='ltr'><strong>Macarium</strong></span> <span class='ocrx_word' id='word_1_282' title='bbox 1446 4024 1701 4093; x_wconf 83' lang='lat' dir='ltr'><strong>producit</strong></span> 
     </span>
    </p>
   </div>
   <div class='ocr_carea' id='block_1_43' title="bbox 90 4109 1699 4184">
    <p class='ocr_par' dir='ltr' id='par_1_43' title="bbox 90 4109 1699 4184">
     <span class='ocr_line' id='line_1_43' title="bbox 90 4109 1699 4184; baseline 0.005 -21"><span class='ocrx_word' id='word_1_283' title='bbox 90 4109 317 4165; x_wconf 79' lang='lat' dir='ltr'><strong>Petrus</strong></span> <span class='ocrx_word' id='word_1_284' title='bbox 352 4111 637 4179; x_wconf 89' lang='lat' dir='ltr'><strong>Pessinus,</strong></span> <span class='ocrx_word' id='word_1_285' title='bbox 676 4116 744 4170; x_wconf 87' lang='lat' dir='ltr'><strong>ab</strong></span> <span class='ocrx_word' id='word_1_286' title='bbox 783 4123 1017 4184; x_wconf 92' lang='lat' dir='ltr'><strong>utroque</strong></span> <span class='ocrx_word' id='word_1_287' title='bbox 1046 4115 1137 4169; x_wconf 91' lang='lat' dir='ltr'><strong>illo</strong></span> <span class='ocrx_word' id='word_1_288' title='bbox 1163 4113 1395 4170; x_wconf 87' lang='lat' dir='ltr'><strong>Macario</strong></span> <span class='ocrx_word' id='word_1_289' title='bbox 1423 4116 1699 4171; x_wconf 81' lang='lat' dir='ltr'><strong>diversum</strong></span> 
     </span>
    </p>
   </div>
   <div class='ocr_carea' id='block_1_44' title="bbox 85 4204 1701 4276">
    <p class='ocr_par' dir='ltr' id='par_1_44' title="bbox 85 4204 1701 4276">
     <span class='ocr_line' id='line_1_44' title="bbox 85 4204 1701 4276; baseline 0.003 -20"><span class='ocrx_word' id='word_1_290' title='bbox 85 4213 147 4257; x_wconf 87' lang='lat' dir='ltr'><strong>et</strong></span> <span class='ocrx_word' id='word_1_291' title='bbox 181 4204 484 4260; x_wconf 87' lang='lat' dir='ltr'><strong>ambobus</strong></span> <span class='ocrx_word' id='word_1_292' title='bbox 511 4207 803 4273; x_wconf 87' lang='lat' dir='ltr'><strong>seniorem,</strong></span> <span class='ocrx_word' id='word_1_293' title='bbox 836 4208 1057 4263; x_wconf 85' lang='lat' dir='ltr'><strong>Antonii</strong></span> <span class='ocrx_word' id='word_1_294' title='bbox 1089 4207 1421 4276; x_wconf 88' lang='lat' dir='ltr'><strong>discipulum</strong></span> <span class='ocrx_word' id='word_1_295' title='bbox 1452 4216 1507 4261; x_wconf 92' lang='lat' dir='ltr'><strong>et</strong></span> <span class='ocrx_word' id='word_1_296' title='bbox 1528 4208 1701 4262; x_wconf 89' lang='lat' dir='ltr'><strong>comi-</strong></span> 
     </span>
    </p>
   </div>
   <div class='ocr_carea' id='block_1_45' title="bbox 88 4296 1701 4368">
    <p class='ocr_par' dir='ltr' id='par_1_45' title="bbox 88 4296 1701 4368">
     <span class='ocr_line' id='line_1_45' title="bbox 88 4296 1701 4368; baseline 0.004 -21"><span class='ocrx_word' id='word_1_297' title='bbox 88 4300 236 4359; x_wconf 84' lang='lat' dir='ltr'><strong>tem,</strong></span> <span class='ocrx_word' id='word_1_298' title='bbox 302 4296 579 4350; x_wconf 84' lang='lat' dir='ltr'><strong>Amathae</strong></span> <span class='ocrx_word' id='word_1_299' title='bbox 645 4298 893 4362; x_wconf 77' lang='lat' dir='ltr'><strong>socient,</strong></span> <span class='ocrx_word' id='word_1_300' title='bbox 955 4314 1117 4368; x_wconf 88' lang='lat' dir='ltr'><strong>quem</strong></span> <span class='ocrx_word' id='word_1_301' title='bbox 1169 4314 1364 4368; x_wconf 85' lang='lat' dir='ltr'><strong>magno</strong></span> <span class='ocrx_word' id='word_1_302' title='bbox 1420 4299 1701 4354; x_wconf 87' lang='lat' dir='ltr'><strong>molimine</strong></span> 
     </span>
    </p>
   </div>
   <div class='ocr_carea' id='block_1_46' title="bbox 82 4386 1725 4460">
    <p class='ocr_par' dir='ltr' id='par_1_46' title="bbox 82 4386 1725 4460">
     <span class='ocr_line' id='line_1_46' title="bbox 82 4386 1725 4460; baseline 0.006 -22"><span class='ocrx_word' id='word_1_303' title='bbox 82 4386 317 4454; x_wconf 82' lang='lat' dir='ltr'><strong>probat</strong></span> <span class='ocrx_word' id='word_1_304' title='bbox 347 4387 590 4456; x_wconf 86' lang='lat' dir='ltr'><strong>Operum</strong></span> <span class='ocrx_word' id='word_1_305' title='bbox 624 4389 1053 4444; x_wconf 86' lang='lat' dir='ltr'><strong>Macarianerum</strong></span> <span class='ocrx_word' id='word_1_306' title='bbox 1092 4406 1211 4445; x_wconf 89' lang='lat' dir='ltr'><strong>esse</strong></span> <span class='ocrx_word' id='word_1_307' title='bbox 1266 4402 1577 4460; x_wconf 90' lang='lat' dir='ltr'><strong>auctorem,</strong></span> <span class='ocrx_word' id='word_1_308' title='bbox 1632 4406 1725 4448; x_wconf 92' lang='lat' dir='ltr'><strong>eo</strong></span> 
     </span>
    </p>
   </div>
   <div class='ocr_carea' id='block_1_47' title="bbox 82 4477 1699 4558">
    <p class='ocr_par' dir='ltr' id='par_1_47' title="bbox 82 4477 1699 4558">
     <span class='ocr_line' id='line_1_47' title="bbox 82 4477 1699 4558; baseline 0.006 -27"><span class='ocrx_word' id='word_1_309' title='bbox 82 4477 155 4531; x_wconf 88' lang='lat' dir='ltr'><strong>ad</strong></span> <span class='ocrx_word' id='word_1_310' title='bbox 203 4478 377 4533; x_wconf 83' lang='lat' dir='ltr'><strong>hanc</strong></span> <span class='ocrx_word' id='word_1_311' title='bbox 410 4496 528 4534; x_wconf 90' lang='lat' dir='ltr'><strong>rem</strong></span> <span class='ocrx_word' id='word_1_312' title='bbox 568 4481 904 4550; x_wconf 87' lang='lat' dir='ltr'><strong>probandam</strong></span> <span class='ocrx_word' id='word_1_313' title='bbox 961 4492 1122 4538; x_wconf 90' lang='lat' dir='ltr'><strong>utens</strong></span> <span class='ocrx_word' id='word_1_314' title='bbox 1158 4494 1505 4555; x_wconf 89' lang='lat' dir='ltr'><strong>argumento,</strong></span> <span class='ocrx_word' id='word_1_315' title='bbox 1552 4487 1699 4558; x_wconf 92' lang='lat' dir='ltr'><strong>quod</strong></span> 
     </span>
    </p>
   </div>
   <div class='ocr_carea' id='block_1_48' title="bbox 78 4571 1775 4657">
    <p class='ocr_par' dir='ltr' id='par_1_48' title="bbox 78 4571 1775 4657">
     <span class='ocr_line' id='line_1_48' title="bbox 78 4571 1775 4657; baseline 0.006 -32"><span class='ocrx_word' id='word_1_316' title='bbox 78 4571 461 4627; x_wconf 82' lang='lat' dir='ltr'><strong>Athanasius</strong></span> <span class='ocrx_word' id='word_1_317' title='bbox 483 4572 539 4626; x_wconf 92' lang='lat' dir='ltr'><strong>in</strong></span> <span class='ocrx_word' id='word_1_318' title='bbox 569 4573 690 4628; x_wconf 81' lang='lat' dir='ltr'><strong>Vita</strong></span> <span class='ocrx_word' id='word_1_319' title='bbox 722 4574 947 4629; x_wconf 86' lang='lat' dir='ltr'><strong>Antonii</strong></span> <span class='ocrx_word' id='word_1_320' title='bbox 975 4583 1031 4629; x_wconf 88' lang='lat' dir='ltr'><strong>et</strong></span> <span class='ocrx_word' id='word_1_321' title='bbox 1058 4575 1433 4647; x_wconf 88' lang='lat' dir='ltr'><strong>Hieronymus</strong></span> <span class='ocrx_word' id='word_1_322' title='bbox 1462 4579 1519 4633; x_wconf 91' lang='lat' dir='ltr'><strong>in</strong></span> <span class='ocrx_word' id='word_1_323' title='bbox 1574 4582 1695 4637; x_wconf 78' lang='lat' dir='ltr'><strong>Vita</strong></span> <span class='ocrx_word' id='word_1_324' title='bbox 1727 4598 1775 4657; x_wconf 83' lang='grc' dir='ltr'><strong>ι)</strong></span> 
     </span>
    </p>
   </div>
   <div class='ocr_carea' id='block_1_49' title="bbox 78 4664 1700 4742">
    <p class='ocr_par' dir='ltr' id='par_1_49' title="bbox 78 4664 1700 4742">
     <span class='ocr_line' id='line_1_49' title="bbox 78 4664 1700 4742; baseline 0.007 -25"><span class='ocrx_word' id='word_1_325' title='bbox 78 4664 250 4718; x_wconf 87' lang='lat' dir='ltr'><strong>Pauli</strong></span> <span class='ocrx_word' id='word_1_326' title='bbox 297 4664 616 4719; x_wconf 84' lang='lat' dir='ltr'><strong>Antonium</strong></span> <span class='ocrx_word' id='word_1_327' title='bbox 644 4668 1107 4723; x_wconf 89' lang='lat' dir='ltr'><strong>memorentduos</strong></span> <span class='ocrx_word' id='word_1_328' title='bbox 1154 4684 1340 4723; x_wconf 89' lang='lat' dir='ltr'><strong>secum</strong></span> <span class='ocrx_word' id='word_1_329' title='bbox 1401 4670 1700 4742; x_wconf 90' lang='lat' dir='ltr'><strong>discipulos</strong></span> 
     </span>
    </p>
   </div>
   <div class='ocr_carea' id='block_1_50' title="bbox 74 4752 1700 4823">
    <p class='ocr_par' dir='ltr' id='par_1_50' title="bbox 74 4752 1700 4823">
     <span class='ocr_line' id='line_1_50' title="bbox 74 4752 1700 4823; baseline 0.007 -18"><span class='ocrx_word' id='word_1_330' title='bbox 74 4752 349 4807; x_wconf 87' lang='lat' dir='ltr'><strong>intimos</strong></span> <span class='ocrx_word' id='word_1_331' title='bbox 390 4754 727 4823; x_wconf 89' lang='lat' dir='ltr'><strong>comitesque</strong></span> <span class='ocrx_word' id='word_1_332' title='bbox 761 4754 1073 4811; x_wconf 82' lang='lat' dir='ltr'><strong>individuus</strong></span> <span class='ocrx_word' id='word_1_333' title='bbox 1094 4757 1371 4823; x_wconf 90' lang='lat' dir='ltr'><strong>habuisse,</strong></span> <span class='ocrx_word' id='word_1_334' title='bbox 1401 4759 1700 4816; x_wconf 85' lang='lat' dir='ltr'><strong>Maearium</strong></span> 
     </span>
    </p>
   </div>
   <div class='ocr_carea' id='block_1_51' title="bbox 70 4846 1698 4920">
    <p class='ocr_par' dir='ltr' id='par_1_51' title="bbox 70 4846 1698 4920">
     <span class='ocr_line' id='line_1_51' title="bbox 70 4846 1698 4920; baseline 0.003 -18"><span class='ocrx_word' id='word_1_335' title='bbox 70 4856 135 4902; x_wconf 87' lang='lat' dir='ltr'><strong>et</strong></span> <span class='ocrx_word' id='word_1_336' title='bbox 169 4846 505 4901; x_wconf 78' lang='lat' dir='ltr'><strong>Amatham</strong></span> <span class='ocrx_word' id='word_1_337' title='bbox 534 4866 551 4901; x_wconf 85' lang='lat'><strong>:</strong></span> <span class='ocrx_word' id='word_1_338' title='bbox 579 4863 686 4902; x_wconf 92' lang='lat' dir='ltr'><strong>non</strong></span> <span class='ocrx_word' id='word_1_339' title='bbox 714 4849 1014 4905; x_wconf 89' lang='lat' dir='ltr'><strong>concedere</strong></span> <span class='ocrx_word' id='word_1_340' title='bbox 1038 4864 1172 4904; x_wconf 89' lang='lat' dir='ltr'><strong>vero</strong></span> <span class='ocrx_word' id='word_1_341' title='bbox 1234 4851 1495 4920; x_wconf 90' lang='lat' dir='ltr'><strong>temporis</strong></span> <span class='ocrx_word' id='word_1_342' title='bbox 1528 4853 1698 4907; x_wconf 88' lang='lat' dir='ltr'><strong>ratio-</strong></span> 
     </span>
    </p>
   </div>
   <div class='ocr_carea' id='block_1_52' title="bbox 66 4937 1701 5012">
    <p class='ocr_par' dir='ltr' id='par_1_52' title="bbox 66 4937 1701 5012">
     <span class='ocr_line' id='line_1_52' title="bbox 66 4937 1701 5012; baseline 0.004 -21"><span class='ocrx_word' id='word_1_343' title='bbox 66 4953 241 5002; x_wconf 85' lang='lat' dir='ltr'><strong>nem,</strong></span> <span class='ocrx_word' id='word_1_344' title='bbox 259 4938 394 4992; x_wconf 87' lang='lat' dir='ltr'><strong>hoc</strong></span> <span class='ocrx_word' id='word_1_345' title='bbox 421 4946 481 4992; x_wconf 94' lang='lat' dir='ltr'><strong>ut</strong></span> <span class='ocrx_word' id='word_1_346' title='bbox 503 4937 559 4991; x_wconf 90' lang='lat' dir='ltr'><strong>in</strong></span> <span class='ocrx_word' id='word_1_347' title='bbox 588 4938 883 4993; x_wconf 87' lang='lat' dir='ltr'><strong>Macarium</strong></span> <span class='ocrx_word' id='word_1_348' title='bbox 912 4940 1001 4994; x_wconf 88' lang='lat' dir='ltr'><strong>vel</strong></span> <span class='ocrx_word' id='word_1_349' title='bbox 1026 4940 1350 5012; x_wconf 87' lang='lat' dir='ltr'><strong>Aegyptium</strong></span> <span class='ocrx_word' id='word_1_350' title='bbox 1370 4943 1454 4997; x_wconf 91' lang='lat' dir='ltr'><strong>vel</strong></span> <span class='ocrx_word' id='word_1_351' title='bbox 1468 4942 1701 4998; x_wconf 85' lang='lat' dir='ltr'><strong>Alexan-</strong></span> 
     </span>
    </p>
   </div>
   <div class='ocr_carea' id='block_1_53' title="bbox 68 5027 1697 5102">
    <p class='ocr_par' dir='ltr' id='par_1_53' title="bbox 68 5027 1697 5102">
     <span class='ocr_line' id='line_1_53' title="bbox 68 5027 1697 5102; baseline 0.002 -20"><span class='ocrx_word' id='word_1_352' title='bbox 68 5027 341 5090; x_wconf 84' lang='lat' dir='ltr'><strong>drinum</strong></span> <span class='ocrx_word' id='word_1_353' title='bbox 385 5027 695 5082; x_wconf 82' lang='lat' dir='ltr'><strong>conveniat.</strong></span> <span class='ocrx_word' id='word_1_354' title='bbox 752 5028 1138 5099; x_wconf 87' lang='lat' dir='ltr'><strong>Fatemurque,</strong></span> <span class='ocrx_word' id='word_1_355' title='bbox 1197 5030 1330 5084; x_wconf 88' lang='lat' dir='ltr'><strong>tanti</strong></span> <span class='ocrx_word' id='word_1_356' title='bbox 1380 5030 1483 5085; x_wconf 92' lang='lat' dir='ltr'><strong>hoc</strong></span> <span class='ocrx_word' id='word_1_357' title='bbox 1531 5047 1697 5102; x_wconf 89' lang='lat' dir='ltr'><strong>argu-</strong></span> 
     </span>
    </p>
   </div>
   <div class='ocr_carea' id='block_1_54' title="bbox 67 5120 1696 5192">
    <p class='ocr_par' dir='ltr' id='par_1_54' title="bbox 67 5120 1696 5192">
     <span class='ocr_line' id='line_1_54' title="bbox 67 5120 1696 5192; baseline 0.001 -15"><span class='ocrx_word' id='word_1_358' title='bbox 67 5130 374 5179; x_wconf 81' lang='lat' dir='ltr'><strong>mentum</strong></span> <span class='ocrx_word' id='word_1_359' title='bbox 406 5120 669 5173; x_wconf 88' lang='lat' dir='ltr'><strong>momenti</strong></span> <span class='ocrx_word' id='word_1_360' title='bbox 728 5120 908 5174; x_wconf 90' lang='lat' dir='ltr'><strong>visum</strong></span> <span class='ocrx_word' id='word_1_361' title='bbox 941 5120 1110 5176; x_wconf 85' lang='lat' dir='ltr'><strong>fuisse</strong></span> <span class='ocrx_word' id='word_1_362' title='bbox 1144 5122 1265 5176; x_wconf 87' lang='lat' dir='ltr'><strong>viro</strong></span> <span class='ocrx_word' id='word_1_363' title='bbox 1309 5122 1696 5192; x_wconf 88' lang='lat' dir='ltr'><strong>antiquitatum</strong></span> 
     </span>
    </p>
   </div>
   <div class='ocr_carea' id='block_1_55' title="bbox 66 5209 1698 5280">
    <p class='ocr_par' dir='ltr' id='par_1_55' title="bbox 66 5209 1698 5280">
     <span class='ocr_line' id='line_1_55' title="bbox 66 5209 1698 5280; baseline 0 -13"><span class='ocrx_word' id='word_1_364' title='bbox 66 5209 624 5269; x_wconf 83' lang='lat' dir='ltr'><strong>ecclesiasticarum</strong></span> <span class='ocrx_word' id='word_1_365' title='bbox 674 5210 1008 5280; x_wconf 87' lang='lat' dir='ltr'><strong>peritissimo</strong></span> <span class='ocrx_word' id='word_1_366' title='bbox 1060 5211 1351 5267; x_wconf 86' lang='lat' dir='ltr'><strong>Guilielmo</strong></span> <span class='ocrx_word' id='word_1_367' title='bbox 1402 5212 1588 5278; x_wconf 88' lang='lat' dir='ltr'><strong>Cavio,</strong></span> <span class='ocrx_word' id='word_1_368' title='bbox 1636 5222 1698 5268; x_wconf 92' lang='lat' dir='ltr'><strong>ut</strong></span> 
     </span>
    </p>
   </div>
   <div class='ocr_carea' id='block_1_56' title="bbox 1808 636 3367 711">
    <p class='ocr_par' dir='ltr' id='par_1_56' title="bbox 1808 636 3367 711">
     <span class='ocr_line' id='line_1_56' title="bbox 1808 636 3367 711; baseline 0.007 -24"><span class='ocrx_word' id='word_1_369' title='bbox 1808 636 2131 701; x_wconf 88' lang='lat' dir='ltr'><strong>praesertim</strong></span> <span class='ocrx_word' id='word_1_370' title='bbox 2162 652 2286 693; x_wconf 90' lang='lat' dir='ltr'><strong>cum</strong></span> <span class='ocrx_word' id='word_1_371' title='bbox 2333 637 2609 695; x_wconf 87' lang='lat' dir='ltr'><strong>Oudinum</strong></span> <span class='ocrx_word' id='word_1_372' title='bbox 2651 656 2867 711; x_wconf 89' lang='lat' dir='ltr'><strong>quoque</strong></span> <span class='ocrx_word' id='word_1_373' title='bbox 2909 640 3139 696; x_wconf 86' lang='lat' dir='ltr'><strong>Possino</strong></span> <span class='ocrx_word' id='word_1_374' title='bbox 3195 644 3367 699; x_wconf 78' lang='lat' dir='ltr'><strong>sucei—</strong></span> 
     </span>
    </p>
   </div>
   <div class='ocr_carea' id='block_1_57' title="bbox 1807 726 3365 804">
    <p class='ocr_par' dir='ltr' id='par_1_57' title="bbox 1807 726 3365 804">
     <span class='ocr_line' id='line_1_57' title="bbox 1807 726 3365 804; baseline 0.008 -27"><span class='ocrx_word' id='word_1_375' title='bbox 1807 738 1941 778; x_wconf 91' lang='lat' dir='ltr'><strong>nere</strong></span> <span class='ocrx_word' id='word_1_376' title='bbox 1961 726 2433 786; x_wconf 89' lang='lat' dir='ltr'><strong>animadvertisset</strong></span> <span class='ocrx_word' id='word_1_377' title='bbox 2452 730 2547 801; x_wconf 66' lang='lat'><strong>(4).</strong></span> <span class='ocrx_word' id='word_1_378' title='bbox 2574 732 2795 787; x_wconf 82' lang='lat' dir='ltr'><strong>Interim</strong></span> <span class='ocrx_word' id='word_1_379' title='bbox 2816 748 2875 787; x_wconf 90' lang='lat' dir='ltr'><strong>re</strong></span> <span class='ocrx_word' id='word_1_380' title='bbox 2894 732 3091 787; x_wconf 91' lang='lat' dir='ltr'><strong>melius</strong></span> <span class='ocrx_word' id='word_1_381' title='bbox 3107 748 3365 804; x_wconf 90' lang='lat' dir='ltr'><strong>expensa,</strong></span> 
     </span>
    </p>
   </div>
   <div class='ocr_carea' id='block_1_58' title="bbox 1808 814 3369 892">
    <p class='ocr_par' dir='ltr' id='par_1_58' title="bbox 1808 814 3369 892">
     <span class='ocr_line' id='line_1_58' title="bbox 1808 814 3369 892; baseline 0.008 -24"><span class='ocrx_word' id='word_1_382' title='bbox 1808 814 1915 870; x_wconf 89' lang='lat' dir='ltr'><strong>alia</strong></span> <span class='ocrx_word' id='word_1_383' title='bbox 1949 832 2097 873; x_wconf 91' lang='lat' dir='ltr'><strong>nunc</strong></span> <span class='ocrx_word' id='word_1_384' title='bbox 2114 830 2297 876; x_wconf 90' lang='lat' dir='ltr'><strong>mente</strong></span> <span class='ocrx_word' id='word_1_385' title='bbox 2323 823 2609 892; x_wconf 86' lang='lat' dir='ltr'><strong>praeditus</strong></span> <span class='ocrx_word' id='word_1_386' title='bbox 2631 833 2715 878; x_wconf 91' lang='lat' dir='ltr'><strong>est</strong></span> <span class='ocrx_word' id='word_1_387' title='bbox 2742 824 2827 878; x_wconf 92' lang='lat' dir='ltr'><strong>vir</strong></span> <span class='ocrx_word' id='word_1_388' title='bbox 2858 824 3283 890; x_wconf 89' lang='lat' dir='ltr'><strong>eruditissimus,</strong></span> <span class='ocrx_word' id='word_1_389' title='bbox 3308 837 3369 882; x_wconf 87' lang='lat' dir='ltr'><strong>ut</strong></span> 
     </span>
    </p>
   </div>
   <div class='ocr_carea' id='block_1_59' title="bbox 1807 909 3369 983">
    <p class='ocr_par' dir='ltr' id='par_1_59' title="bbox 1807 909 3369 983">
     <span class='ocr_line' id='line_1_59' title="bbox 1807 909 3369 983; baseline 0.008 -23"><span class='ocrx_word' id='word_1_390' title='bbox 1807 915 2025 976; x_wconf 89' lang='lat' dir='ltr'><strong>praeter</strong></span> <span class='ocrx_word' id='word_1_391' title='bbox 2061 909 2381 983; x_wconf 71' lang='lat' dir='ltr'><strong>Aegyptium</strong></span> <span class='ocrx_word' id='word_1_392' title='bbox 2418 923 2479 969; x_wconf 88' lang='lat' dir='ltr'><strong>et</strong></span> <span class='ocrx_word' id='word_1_393' title='bbox 2521 916 2942 972; x_wconf 87' lang='lat' dir='ltr'><strong>Alexandrinum</strong></span> <span class='ocrx_word' id='word_1_394' title='bbox 2994 918 3216 973; x_wconf 87' lang='lat' dir='ltr'><strong>tertium</strong></span> <span class='ocrx_word' id='word_1_395' title='bbox 3260 919 3369 973; x_wconf 83' lang='lat' dir='ltr'><strong>Ma-</strong></span> 
     </span>
    </p>
   </div>
   <div class='ocr_carea' id='block_1_60' title="bbox 1806 999 3369 1079">
    <p class='ocr_par' dir='ltr' id='par_1_60' title="bbox 1806 999 3369 1079">
     <span class='ocr_line' id='line_1_60' title="bbox 1806 999 3369 1079; baseline 0.008 -27"><span class='ocrx_word' id='word_1_396' title='bbox 1806 999 1921 1053; x_wconf 90' lang='lat' dir='ltr'><strong>cari</strong></span> <span class='ocrx_word' id='word_1_397' title='bbox 1953 999 1962 1071; x_wconf 93' lang='lat'><strong><em>|</em></strong></span> <span class='ocrx_word' id='word_1_398' title='bbox 1994 1016 2087 1055; x_wconf 91' lang='lat' dir='ltr'><strong>um</strong></span> <span class='ocrx_word' id='word_1_399' title='bbox 2113 1003 2349 1073; x_wconf 90' lang='lat' dir='ltr'><strong>aliquem</strong></span> <span class='ocrx_word' id='word_1_400' title='bbox 2371 1005 2660 1061; x_wconf 88' lang='lat' dir='ltr'><strong>admittere</strong></span> <span class='ocrx_word' id='word_1_401' title='bbox 2681 1007 3100 1079; x_wconf 84' lang='lat' dir='ltr'><strong>haudquaquam</strong></span> <span class='ocrx_word' id='word_1_402' title='bbox 3132 1010 3280 1064; x_wconf 83' lang='lat' dir='ltr'><strong>velit.</strong></span> <span class='ocrx_word' id='word_1_403' title='bbox 3302 1012 3369 1065; x_wconf 85' lang='lat' dir='ltr'><strong>Et</strong></span> 
     </span>
    </p>
   </div>
   <div class='ocr_carea' id='block_1_61' title="bbox 1807 1094 3369 1165">
    <p class='ocr_par' dir='ltr' id='par_1_61' title="bbox 1807 1094 3369 1165">
     <span class='ocr_line' id='line_1_61' title="bbox 1807 1094 3369 1165; baseline 0.006 -19"><span class='ocrx_word' id='word_1_404' title='bbox 1807 1100 1956 1147; x_wconf 83' lang='lat' dir='ltr'><strong>certe</strong></span> <span class='ocrx_word' id='word_1_405' title='bbox 2019 1094 2165 1162; x_wconf 89' lang='lat' dir='ltr'><strong>quod</strong></span> <span class='ocrx_word' id='word_1_406' title='bbox 2196 1096 2540 1151; x_wconf 87' lang='lat' dir='ltr'><strong>observatum</strong></span> <span class='ocrx_word' id='word_1_407' title='bbox 2596 1105 2652 1153; x_wconf 91' lang='lat' dir='ltr'><strong>et</strong></span> <span class='ocrx_word' id='word_1_408' title='bbox 2697 1096 2877 1153; x_wconf 17' lang='lat' dir='ltr'><strong>Gavio.</strong></span> <span class='ocrx_word' id='word_1_409' title='bbox 2906 1107 3025 1165; x_wconf 89' lang='lat' dir='ltr'><strong>est,</strong></span> <span class='ocrx_word' id='word_1_410' title='bbox 3087 1115 3197 1154; x_wconf 91' lang='lat' dir='ltr'><strong>non</strong></span> <span class='ocrx_word' id='word_1_411' title='bbox 3234 1101 3369 1156; x_wconf 90' lang='lat' dir='ltr'><strong>alios</strong></span> 
     </span>
    </p>
   </div>
   <div class='ocr_carea' id='block_1_62' title="bbox 1805 1180 3393 1259">
    <p class='ocr_par' dir='ltr' id='par_1_62' title="bbox 1805 1180 3393 1259">
     <span class='ocr_line' id='line_1_62' title="bbox 1805 1180 3393 1259; baseline 0.008 -24"><span class='ocrx_word' id='word_1_412' title='bbox 1805 1180 2087 1251; x_wconf 85' lang='lat' dir='ltr'><strong>Maearies,</strong></span> <span class='ocrx_word' id='word_1_413' title='bbox 2114 1186 2209 1255; x_wconf 92' lang='lat' dir='ltr'><strong>qui</strong></span> <span class='ocrx_word' id='word_1_414' title='bbox 2240 1187 2462 1243; x_wconf 85' lang='lat' dir='ltr'><strong>Antonii</strong></span> <span class='ocrx_word' id='word_1_415' title='bbox 2491 1188 2746 1259; x_wconf 90' lang='lat' dir='ltr'><strong>discipuli</strong></span> <span class='ocrx_word' id='word_1_416' title='bbox 2790 1189 3019 1257; x_wconf 86' lang='lat' dir='ltr'><strong>fuerint,</strong></span> <span class='ocrx_word' id='word_1_417' title='bbox 3048 1190 3247 1246; x_wconf 90' lang='lat' dir='ltr'><strong>sistunt</strong></span> <span class='ocrx_word' id='word_1_418' title='bbox 3265 1208 3367 1247; x_wconf 88' lang='lat' dir='ltr'><strong>no-</strong></span> <span class='ocrx_word' id='word_1_419' title='bbox 3392 1228 3393 1231; x_wconf 61' lang='grc' dir='ltr'><strong>η</strong></span> 
     </span>
    </p>
   </div>
   <div class='ocr_carea' id='block_1_63' title="bbox 1805 1268 3369 1351">
    <p class='ocr_par' dir='ltr' id='par_1_63' title="bbox 1805 1268 3369 1351">
     <span class='ocr_line' id='line_1_63' title="bbox 1805 1268 3369 1351; baseline 0.008 -27"><span class='ocrx_word' id='word_1_420' title='bbox 1805 1268 1891 1326; x_wconf 89' lang='lat' dir='ltr'><strong>bis</strong></span> <span class='ocrx_word' id='word_1_421' title='bbox 1935 1271 2204 1339; x_wconf 88' lang='lat' dir='ltr'><strong>Socrates,</strong></span> <span class='ocrx_word' id='word_1_422' title='bbox 2237 1274 2591 1343; x_wconf 84' lang='lat' dir='ltr'><strong>Sezemenus,</strong></span> <span class='ocrx_word' id='word_1_423' title='bbox 2622 1276 3017 1344; x_wconf 86' lang='lat' dir='ltr'><strong>Theodoretus,</strong></span> <span class='ocrx_word' id='word_1_424' title='bbox 3055 1290 3111 1336; x_wconf 91' lang='lat' dir='ltr'><strong>et</strong></span> <span class='ocrx_word' id='word_1_425' title='bbox 3151 1281 3244 1351; x_wconf 90' lang='lat' dir='ltr'><strong>qui</strong></span> <span class='ocrx_word' id='word_1_426' title='bbox 3283 1282 3369 1337; x_wconf 92' lang='lat' dir='ltr'><strong>his</strong></span> 
     </span>
    </p>
   </div>
   <div class='ocr_carea' id='block_1_64' title="bbox 1806 1363 3367 1440">
    <p class='ocr_par' dir='ltr' id='par_1_64' title="bbox 1806 1363 3367 1440">
     <span class='ocr_line' id='line_1_64' title="bbox 1806 1363 3367 1440; baseline 0.005 -20"><span class='ocrx_word' id='word_1_427' title='bbox 1806 1363 1940 1435; x_wconf 90' lang='lat' dir='ltr'><strong>ipsis</strong></span> <span class='ocrx_word' id='word_1_428' title='bbox 1976 1364 2033 1419; x_wconf 92' lang='lat' dir='ltr'><strong>in</strong></span> <span class='ocrx_word' id='word_1_429' title='bbox 2078 1365 2214 1422; x_wconf 91' lang='lat' dir='ltr'><strong>locis</strong></span> <span class='ocrx_word' id='word_1_430' title='bbox 2250 1368 2439 1423; x_wconf 87' lang='lat' dir='ltr'><strong>ethoc</strong></span> <span class='ocrx_word' id='word_1_431' title='bbox 2470 1368 2875 1440; x_wconf 70' lang='lat' dir='ltr'><strong>temporervixit</strong></span> <span class='ocrx_word' id='word_1_432' title='bbox 2908 1371 3199 1437; x_wconf 89' lang='lat' dir='ltr'><strong>Palladius,</strong></span> <span class='ocrx_word' id='word_1_433' title='bbox 3242 1388 3367 1427; x_wconf 93' lang='lat' dir='ltr'><strong>cum</strong></span> 
     </span>
    </p>
   </div>
   <div class='ocr_carea' id='block_1_65' title="bbox 1806 1456 3365 1529">
    <p class='ocr_par' dir='ltr' id='par_1_65' title="bbox 1806 1456 3365 1529">
     <span class='ocr_line' id='line_1_65' title="bbox 1806 1456 3365 1529; baseline 0.006 -19"><span class='ocrx_word' id='word_1_434' title='bbox 1806 1466 1987 1511; x_wconf 88' lang='lat' dir='ltr'><strong>tamen</strong></span> <span class='ocrx_word' id='word_1_435' title='bbox 2013 1456 2303 1529; x_wconf 89' lang='lat' dir='ltr'><strong>diligenter</strong></span> <span class='ocrx_word' id='word_1_436' title='bbox 2331 1460 2398 1515; x_wconf 92' lang='lat' dir='ltr'><strong>de</strong></span> <span class='ocrx_word' id='word_1_437' title='bbox 2435 1460 2521 1515; x_wconf 92' lang='lat' dir='ltr'><strong>his</strong></span> <span class='ocrx_word' id='word_1_438' title='bbox 2547 1461 2713 1517; x_wconf 91' lang='lat' dir='ltr'><strong>rebus</strong></span> <span class='ocrx_word' id='word_1_439' title='bbox 2748 1461 2950 1518; x_wconf 85' lang='lat' dir='ltr'><strong>fuerint</strong></span> <span class='ocrx_word' id='word_1_440' title='bbox 2996 1466 3365 1519; x_wconf 89' lang='lat' dir='ltr'><strong>commentati.</strong></span> 
     </span>
    </p>
   </div>
   <div class='ocr_carea' id='block_1_66' title="bbox 1802 1547 3367 1624">
    <p class='ocr_par' dir='ltr' id='par_1_66' title="bbox 1802 1547 3367 1624">
     <span class='ocr_line' id='line_1_66' title="bbox 1802 1547 3367 1624; baseline 0.004 -21"><span class='ocrx_word' id='word_1_441' title='bbox 1802 1547 1916 1603; x_wconf 85' lang='lat' dir='ltr'><strong>Nec</strong></span> <span class='ocrx_word' id='word_1_442' title='bbox 1948 1563 2078 1604; x_wconf 90' lang='lat' dir='ltr'><strong>vero</strong></span> <span class='ocrx_word' id='word_1_443' title='bbox 2109 1557 2214 1615; x_wconf 90' lang='lat' dir='ltr'><strong>est,</strong></span> <span class='ocrx_word' id='word_1_444' title='bbox 2244 1566 2362 1616; x_wconf 91' lang='lat' dir='ltr'><strong>cur,</strong></span> <span class='ocrx_word' id='word_1_445' title='bbox 2403 1556 2542 1621; x_wconf 86' lang='lat' dir='ltr'><strong>quae</strong></span> <span class='ocrx_word' id='word_1_446' title='bbox 2590 1552 2851 1610; x_wconf 91' lang='lat' dir='ltr'><strong>Pessinus</strong></span> <span class='ocrx_word' id='word_1_447' title='bbox 2899 1554 3113 1624; x_wconf 84' lang='lat' dir='ltr'><strong>allegat,</strong></span> <span class='ocrx_word' id='word_1_448' title='bbox 3158 1556 3367 1610; x_wconf 80' lang='lat' dir='ltr'><strong>moveri</strong></span> 
     </span>
    </p>
   </div>
   <div class='ocr_carea' id='block_1_67' title="bbox 1804 1637 3367 1713">
    <p class='ocr_par' dir='ltr' id='par_1_67' title="bbox 1804 1637 3367 1713">
     <span class='ocr_line' id='line_1_67' title="bbox 1804 1637 3367 1713; baseline 0.003 -20"><span class='ocrx_word' id='word_1_449' title='bbox 1804 1652 1863 1693; x_wconf 87' lang='lat' dir='ltr'><strong>se</strong></span> <span class='ocrx_word' id='word_1_450' title='bbox 1888 1637 2081 1693; x_wconf 90' lang='lat' dir='ltr'><strong>iisdem</strong></span> <span class='ocrx_word' id='word_1_451' title='bbox 2112 1639 2310 1708; x_wconf 88' lang='lat' dir='ltr'><strong>aliquis</strong></span> <span class='ocrx_word' id='word_1_452' title='bbox 2354 1640 2613 1709; x_wconf 89' lang='lat' dir='ltr'><strong>patiatur.</strong></span> <span class='ocrx_word' id='word_1_453' title='bbox 2651 1641 2787 1696; x_wconf 84' lang='lat' dir='ltr'><strong>Nam</strong></span> <span class='ocrx_word' id='word_1_454' title='bbox 2812 1642 2959 1713; x_wconf 89' lang='lat' dir='ltr'><strong>quod</strong></span> <span class='ocrx_word' id='word_1_455' title='bbox 3012 1642 3367 1699; x_wconf 88' lang='lat' dir='ltr'><strong>Athanasium</strong></span> 
     </span>
    </p>
   </div>
   <div class='ocr_carea' id='block_1_68' title="bbox 1804 1729 3367 1804">
    <p class='ocr_par' dir='ltr' id='par_1_68' title="bbox 1804 1729 3367 1804">
     <span class='ocr_line' id='line_1_68' title="bbox 1804 1729 3367 1804; baseline 0.005 -22"><span class='ocrx_word' id='word_1_456' title='bbox 1804 1743 1961 1783; x_wconf 90' lang='lat' dir='ltr'><strong>suam</strong></span> <span class='ocrx_word' id='word_1_457' title='bbox 1986 1729 2042 1784; x_wconf 92' lang='lat' dir='ltr'><strong>in</strong></span> <span class='ocrx_word' id='word_1_458' title='bbox 2072 1745 2187 1785; x_wconf 90' lang='lat' dir='ltr'><strong>rem</strong></span> <span class='ocrx_word' id='word_1_459' title='bbox 2220 1730 2372 1795; x_wconf 91' lang='lat' dir='ltr'><strong>citat,</strong></span> <span class='ocrx_word' id='word_1_460' title='bbox 2402 1730 2609 1787; x_wconf 90' lang='lat' dir='ltr'><strong>fallitur</strong></span> <span class='ocrx_word' id='word_1_461' title='bbox 2629 1731 2686 1787; x_wconf 91' lang='lat' dir='ltr'><strong>in</strong></span> <span class='ocrx_word' id='word_1_462' title='bbox 2716 1748 2783 1788; x_wconf 93' lang='lat' dir='ltr'><strong>eo</strong></span> <span class='ocrx_word' id='word_1_463' title='bbox 2813 1733 2930 1804; x_wconf 90' lang='lat' dir='ltr'><strong>ipse</strong></span> <span class='ocrx_word' id='word_1_464' title='bbox 2966 1742 3021 1789; x_wconf 91' lang='lat' dir='ltr'><strong>et</strong></span> <span class='ocrx_word' id='word_1_465' title='bbox 3042 1734 3179 1789; x_wconf 90' lang='lat' dir='ltr'><strong>fallit</strong></span> <span class='ocrx_word' id='word_1_466' title='bbox 3201 1775 3218 1801; x_wconf 86' lang='lat'><strong>,</strong></span> <span class='ocrx_word' id='word_1_467' title='bbox 3240 1750 3367 1790; x_wconf 88' lang='lat' dir='ltr'><strong>eum</strong></span> 
     </span>
    </p>
   </div>
   <div class='ocr_carea' id='block_1_69' title="bbox 1804 1819 3387 1896">
    <p class='ocr_par' dir='ltr' id='par_1_69' title="bbox 1804 1819 3387 1896">
     <span class='ocr_line' id='line_1_69' title="bbox 1804 1819 3387 1896; baseline 0.004 -22"><span class='ocrx_word' id='word_1_468' title='bbox 1804 1819 1873 1875; x_wconf 90' lang='lat' dir='ltr'><strong>de</strong></span> <span class='ocrx_word' id='word_1_469' title='bbox 1891 1821 2127 1876; x_wconf 83' lang='lat' dir='ltr'><strong>Macario</strong></span> <span class='ocrx_word' id='word_1_470' title='bbox 2152 1823 2296 1893; x_wconf 87' lang='lat' dir='ltr'><strong>apud</strong></span> <span class='ocrx_word' id='word_1_471' title='bbox 2318 1823 2677 1880; x_wconf 89' lang='lat' dir='ltr'><strong>Athanasium</strong></span> <span class='ocrx_word' id='word_1_472' title='bbox 2701 1826 2859 1896; x_wconf 91' lang='lat' dir='ltr'><strong>plane</strong></span> <span class='ocrx_word' id='word_1_473' title='bbox 2880 1825 3018 1880; x_wconf 88' lang='lat' dir='ltr'><strong>nihil</strong></span> <span class='ocrx_word' id='word_1_474' title='bbox 3048 1835 3243 1882; x_wconf 83' lang='lat' dir='ltr'><strong>exstet.</strong></span> <span class='ocrx_word' id='word_1_475' title='bbox 3275 1826 3387 1882; x_wconf 78' lang='lat' dir='ltr'><strong>Sic</strong></span> 
     </span>
    </p>
   </div>
   <div class='ocr_carea' id='block_1_70' title="bbox 1802 1913 3367 1987">
    <p class='ocr_par' dir='ltr' id='par_1_70' title="bbox 1802 1913 3367 1987">
     <span class='ocr_line' id='line_1_70' title="bbox 1802 1913 3367 1987; baseline 0.003 -20"><span class='ocrx_word' id='word_1_476' title='bbox 1802 1922 1857 1968; x_wconf 91' lang='lat' dir='ltr'><strong>et</strong></span> <span class='ocrx_word' id='word_1_477' title='bbox 1879 1913 2239 1985; x_wconf 83' lang='lat' dir='ltr'><strong>Hieronymus</strong></span> <span class='ocrx_word' id='word_1_478' title='bbox 2257 1915 2509 1970; x_wconf 92' lang='lat' dir='ltr'><strong>meminit</strong></span> <span class='ocrx_word' id='word_1_479' title='bbox 2526 1916 2746 1987; x_wconf 89' lang='lat' dir='ltr'><strong>quidem</strong></span> <span class='ocrx_word' id='word_1_480' title='bbox 2768 1916 2985 1972; x_wconf 82' lang='lat' dir='ltr'><strong>Macarii</strong></span> <span class='ocrx_word' id='word_1_481' title='bbox 3020 1925 3078 1972; x_wconf 91' lang='lat' dir='ltr'><strong>et</strong></span> <span class='ocrx_word' id='word_1_482' title='bbox 3104 1918 3367 1974; x_wconf 88' lang='lat' dir='ltr'><strong>Amathae</strong></span> 
     </span>
    </p>
   </div>
   <div class='ocr_carea' id='block_1_71' title="bbox 1801 2005 3368 2080">
    <p class='ocr_par' dir='ltr' id='par_1_71' title="bbox 1801 2005 3368 2080">
     <span class='ocr_line' id='line_1_71' title="bbox 1801 2005 3368 2080; baseline 0.004 -21"><span class='ocrx_word' id='word_1_483' title='bbox 1801 2005 1970 2061; x_wconf 92' lang='lat' dir='ltr'><strong>veluti</strong></span> <span class='ocrx_word' id='word_1_484' title='bbox 1998 2005 2392 2079; x_wconf 89' lang='lat' dir='ltr'><strong>discipulorum</strong></span> <span class='ocrx_word' id='word_1_485' title='bbox 2421 2010 2685 2076; x_wconf 90' lang='lat' dir='ltr'><strong>Antonii,</strong></span> <span class='ocrx_word' id='word_1_486' title='bbox 2739 2010 2835 2080; x_wconf 88' lang='lat' dir='ltr'><strong>qui</strong></span> <span class='ocrx_word' id='word_1_487' title='bbox 2871 2020 2927 2066; x_wconf 89' lang='lat' dir='ltr'><strong>et</strong></span> <span class='ocrx_word' id='word_1_488' title='bbox 2953 2011 3239 2073; x_wconf 88' lang='lat' dir='ltr'><strong>Amatham</strong></span> <span class='ocrx_word' id='word_1_489' title='bbox 3291 2013 3368 2067; x_wconf 90' lang='lat' dir='ltr'><strong>ait</strong></span> 
     </span>
    </p>
   </div>
   <div class='ocr_carea' id='block_1_72' title="bbox 1800 2097 3393 2168">
    <p class='ocr_par' dir='ltr' id='par_1_72' title="bbox 1800 2097 3393 2168">
     <span class='ocr_line' id='line_1_72' title="bbox 1800 2097 3393 2168; baseline 0.004 -18"><span class='ocrx_word' id='word_1_490' title='bbox 1800 2097 2122 2168; x_wconf 86' lang='lat' dir='ltr'><strong>magistrum</strong></span> <span class='ocrx_word' id='word_1_491' title='bbox 2154 2114 2317 2153; x_wconf 91' lang='lat' dir='ltr'><strong>suum</strong></span> <span class='ocrx_word' id='word_1_492' title='bbox 2348 2100 2559 2155; x_wconf 91' lang='lat' dir='ltr'><strong>tumulo</strong></span> <span class='ocrx_word' id='word_1_493' title='bbox 2596 2100 2845 2157; x_wconf 87' lang='lat' dir='ltr'><strong>intulisse</strong></span> <span class='ocrx_word' id='word_1_494' title='bbox 2866 2118 2880 2168; x_wconf 91' lang='lat'>;</span> <span class='ocrx_word' id='word_1_495' title='bbox 2900 2100 3011 2156; x_wconf 86' lang='lat' dir='ltr'><strong>sed</strong></span> <span class='ocrx_word' id='word_1_496' title='bbox 3032 2101 3105 2157; x_wconf 88' lang='lat' dir='ltr'><strong>de</strong></span> <span class='ocrx_word' id='word_1_497' title='bbox 3131 2102 3366 2157; x_wconf 86' lang='lat' dir='ltr'><strong>Macario</strong></span> <span class='ocrx_word' id='word_1_498' title='bbox 3392 2130 3393 2133; x_wconf 56' lang='grc' dir='ltr'><strong>η</strong></span> 
     </span>
    </p>
   </div>
   <div class='ocr_carea' id='block_1_73' title="bbox 1801 2182 3395 2258">
    <p class='ocr_par' dir='ltr' id='par_1_73' title="bbox 1801 2182 3395 2258">
     <span class='ocr_line' id='line_1_73' title="bbox 1801 2182 3395 2258; baseline 0.004 -23"><span class='ocrx_word' id='word_1_499' title='bbox 1801 2182 1938 2237; x_wconf 87' lang='lat' dir='ltr'><strong>nihil</strong></span> <span class='ocrx_word' id='word_1_500' title='bbox 1971 2193 2254 2253; x_wconf 90' lang='lat' dir='ltr'><strong>praetcrea</strong></span> <span class='ocrx_word' id='word_1_501' title='bbox 2307 2186 2484 2242; x_wconf 91' lang='lat' dir='ltr'><strong>docet.</strong></span> <span class='ocrx_word' id='word_1_502' title='bbox 2520 2188 2591 2243; x_wconf 83' lang='lat' dir='ltr'><strong>Et</strong></span> <span class='ocrx_word' id='word_1_503' title='bbox 2633 2203 2801 2258; x_wconf 88' lang='lat' dir='ltr'><strong>quare</strong></span> <span class='ocrx_word' id='word_1_504' title='bbox 2856 2205 2923 2244; x_wconf 88' lang='lat' dir='ltr'><strong>ex</strong></span> <span class='ocrx_word' id='word_1_505' title='bbox 2980 2188 3194 2245; x_wconf 85' lang='lat' dir='ltr'><strong>duobus</strong></span> <span class='ocrx_word' id='word_1_506' title='bbox 3247 2191 3395 2247; x_wconf 76' lang='lat' dir='ltr'><strong>istis.</strong></span> 
     </span>
    </p>
   </div>
   <div class='ocr_carea' id='block_1_74' title="bbox 1799 2274 3389 2346">
    <p class='ocr_par' dir='ltr' id='par_1_74' title="bbox 1799 2274 3389 2346">
     <span class='ocr_line' id='line_1_74' title="bbox 1799 2274 3389 2346; baseline 0.005 -17"><span class='ocrx_word' id='word_1_507' title='bbox 1799 2274 2069 2341; x_wconf 86' lang='lat' dir='ltr'><strong>Macariis,</strong></span> <span class='ocrx_word' id='word_1_508' title='bbox 2106 2291 2244 2346; x_wconf 91' lang='lat' dir='ltr'><strong>quos</strong></span> <span class='ocrx_word' id='word_1_509' title='bbox 2276 2278 2546 2335; x_wconf 81' lang='lat' dir='ltr'><strong>exstitisse</strong></span> <span class='ocrx_word' id='word_1_510' title='bbox 2576 2280 2821 2335; x_wconf 91' lang='lat' dir='ltr'><strong>omnium</strong></span> <span class='ocrx_word' id='word_1_511' title='bbox 2855 2280 3197 2338; x_wconf 85' lang='lat' dir='ltr'><strong>confessione</strong></span> <span class='ocrx_word' id='word_1_512' title='bbox 3231 2298 3389 2337; x_wconf 18' lang='lat' dir='ltr'><strong>con-7</strong></span> 
     </span>
    </p>
   </div>
   <div class='ocr_carea' id='block_1_75' title="bbox 1800 2368 3377 2443">
    <p class='ocr_par' dir='ltr' id='par_1_75' title="bbox 1800 2368 3377 2443">
     <span class='ocr_line' id='line_1_75' title="bbox 1800 2368 3377 2443; baseline 0.008 -25"><span class='ocrx_word' id='word_1_513' title='bbox 1800 2372 1928 2430; x_wconf 89' lang='lat' dir='ltr'><strong>stat,</strong></span> <span class='ocrx_word' id='word_1_514' title='bbox 1966 2381 2111 2421; x_wconf 90' lang='lat' dir='ltr'><strong>unus</strong></span> <span class='ocrx_word' id='word_1_515' title='bbox 2130 2368 2351 2423; x_wconf 88' lang='lat' dir='ltr'><strong>Antonii</strong></span> <span class='ocrx_word' id='word_1_516' title='bbox 2387 2386 2572 2425; x_wconf 89' lang='lat' dir='ltr'><strong>comes</strong></span> <span class='ocrx_word' id='word_1_517' title='bbox 2599 2386 2719 2426; x_wconf 89' lang='lat' dir='ltr'><strong>esse</strong></span> <span class='ocrx_word' id='word_1_518' title='bbox 2752 2388 2861 2426; x_wconf 91' lang='lat' dir='ltr'><strong>non</strong></span> <span class='ocrx_word' id='word_1_519' title='bbox 2914 2373 3175 2443; x_wconf 89' lang='lat' dir='ltr'><strong>potuerit,</strong></span> <span class='ocrx_word' id='word_1_520' title='bbox 3224 2391 3377 2430; x_wconf 32' lang='lat' dir='ltr'><strong>non-e</strong></span> 
     </span>
    </p>
   </div>
   <div class='ocr_carea' id='block_1_76' title="bbox 1801 2451 3368 2527">
    <p class='ocr_par' dir='ltr' id='par_1_76' title="bbox 1801 2451 3368 2527">
     <span class='ocr_line' id='line_1_76' title="bbox 1801 2451 3368 2527; baseline 0.008 -21"><span class='ocrx_word' id='word_1_521' title='bbox 1801 2451 1931 2507; x_wconf 93' lang='lat' dir='ltr'><strong>dum</strong></span> <span class='ocrx_word' id='word_1_522' title='bbox 1996 2469 2289 2525; x_wconf 91' lang='lat' dir='ltr'><strong>possumus</strong></span> <span class='ocrx_word' id='word_1_523' title='bbox 2345 2458 2681 2527; x_wconf 89' lang='lat' dir='ltr'><strong>perspicere.</strong></span> <span class='ocrx_word' id='word_1_524' title='bbox 2747 2459 3040 2515; x_wconf 90' lang='lat' dir='ltr'><strong>lncoluerit</strong></span> <span class='ocrx_word' id='word_1_525' title='bbox 3099 2461 3368 2520; x_wconf 84' lang='lat' dir='ltr'><strong>Macarius</strong></span> 
     </span>
    </p>
   </div>
   <div class='ocr_carea' id='block_1_77' title="bbox 1798 2544 3361 2617">
    <p class='ocr_par' dir='ltr' id='par_1_77' title="bbox 1798 2544 3361 2617">
     <span class='ocr_line' id='line_1_77' title="bbox 1798 2544 3361 2617; baseline 0.007 -19"><span class='ocrx_word' id='word_1_526' title='bbox 1798 2544 2095 2617; x_wconf 87' lang='lat' dir='ltr'><strong>Aegyptius</strong></span> <span class='ocrx_word' id='word_1_527' title='bbox 2137 2564 2253 2617; x_wconf 39' lang='lat' dir='ltr'><strong>per.</strong></span> <span class='ocrx_word' id='word_1_528' title='bbox 2279 2547 2371 2603; x_wconf 82' lang='lat' dir='ltr'><strong>LX</strong></span> <span class='ocrx_word' id='word_1_529' title='bbox 2429 2566 2602 2605; x_wconf 89' lang='lat' dir='ltr'><strong>annos</strong></span> <span class='ocrx_word' id='word_1_530' title='bbox 2650 2551 3002 2607; x_wconf 87' lang='lat' dir='ltr'><strong>solitudinem</strong></span> <span class='ocrx_word' id='word_1_531' title='bbox 3046 2552 3361 2610; x_wconf 90' lang='lat' dir='ltr'><strong>Sceticam:</strong></span> 
     </span>
    </p>
   </div>
   <div class='ocr_carea' id='block_1_78' title="bbox 1799 2634 3365 2713">
    <p class='ocr_par' dir='ltr' id='par_1_78' title="bbox 1799 2634 3365 2713">
     <span class='ocr_line' id='line_1_78' title="bbox 1799 2634 3365 2713; baseline 0.007 -25"><span class='ocrx_word' id='word_1_532' title='bbox 1799 2634 2208 2705; x_wconf 90' lang='lat' dir='ltr'><strong>putabimusne,</strong></span> <span class='ocrx_word' id='word_1_533' title='bbox 2236 2652 2334 2707; x_wconf 91' lang='lat' dir='ltr'><strong>per</strong></span> <span class='ocrx_word' id='word_1_534' title='bbox 2374 2637 2647 2708; x_wconf 86' lang='lat' dir='ltr'><strong>integrum</strong></span> <span class='ocrx_word' id='word_1_535' title='bbox 2672 2639 2726 2693; x_wconf 93' lang='lat' dir='ltr'><strong>id</strong></span> <span class='ocrx_word' id='word_1_536' title='bbox 2780 2648 2993 2711; x_wconf 88' lang='lat' dir='ltr'><strong>tempus</strong></span> <span class='ocrx_word' id='word_1_537' title='bbox 3039 2657 3148 2697; x_wconf 93' lang='lat' dir='ltr'><strong>uno</strong></span> <span class='ocrx_word' id='word_1_538' title='bbox 3188 2642 3365 2713; x_wconf 90' lang='lat' dir='ltr'><strong>ipsum</strong></span> 
     </span>
    </p>
   </div>
   <div class='ocr_carea' id='block_1_79' title="bbox 1797 2725 3383 2803">
    <p class='ocr_par' dir='ltr' id='par_1_79' title="bbox 1797 2725 3383 2803">
     <span class='ocr_line' id='line_1_79' title="bbox 1797 2725 3383 2803; baseline 0.004 -23"><span class='ocrx_word' id='word_1_539' title='bbox 1797 2725 1920 2781; x_wconf 92' lang='lat' dir='ltr'><strong>loco</strong></span> <span class='ocrx_word' id='word_1_540' title='bbox 1947 2726 2476 2803; x_wconf 24' lang='lat' dir='ltr'><strong>adﬁxum&#39;aliorsum</strong></span> <span class='ocrx_word' id='word_1_541' title='bbox 2507 2730 2800 2800; x_wconf 89' lang='lat' dir='ltr'><strong>aliquando</strong></span> <span class='ocrx_word' id='word_1_542' title='bbox 2856 2747 2967 2786; x_wconf 89' lang='lat' dir='ltr'><strong>non</strong></span> <span class='ocrx_word' id='word_1_543' title='bbox 3014 2732 3383 2803; x_wconf 66' lang='lat' dir='ltr'><strong>migravisse?</strong></span> 
     </span>
    </p>
   </div>
   <div class='ocr_carea' id='block_1_80' title="bbox 1799 2820 3369 2891">
    <p class='ocr_par' dir='ltr' id='par_1_80' title="bbox 1799 2820 3369 2891">
     <span class='ocr_line' id='line_1_80' title="bbox 1799 2820 3369 2891; baseline 0.004 -18"><span class='ocrx_word' id='word_1_544' title='bbox 1799 2820 1963 2890; x_wconf 88' lang='lat' dir='ltr'><strong>Atqui</strong></span> <span class='ocrx_word' id='word_1_545' title='bbox 1996 2836 2128 2877; x_wconf 89' lang='lat' dir='ltr'><strong>vero</strong></span> <span class='ocrx_word' id='word_1_546' title='bbox 2168 2830 2508 2891; x_wconf 90' lang='lat' dir='ltr'><strong>compertum</strong></span> <span class='ocrx_word' id='word_1_547' title='bbox 2534 2831 2636 2888; x_wconf 89' lang='lat' dir='ltr'><strong>est,</strong></span> <span class='ocrx_word' id='word_1_548' title='bbox 2673 2824 2970 2878; x_wconf 88' lang='lat' dir='ltr'><strong>solitariam</strong></span> <span class='ocrx_word' id='word_1_549' title='bbox 2990 2824 3156 2879; x_wconf 83' lang='lat' dir='ltr'><strong>vitam</strong></span> <span class='ocrx_word' id='word_1_550' title='bbox 3183 2842 3369 2881; x_wconf 87' lang='lat' dir='ltr'><strong>aman-</strong></span> 
     </span>
    </p>
   </div>
   <div class='ocr_carea' id='block_1_81' title="bbox 1800 2914 3368 2984">
    <p class='ocr_par' dir='ltr' id='par_1_81' title="bbox 1800 2914 3368 2984">
     <span class='ocr_line' id='line_1_81' title="bbox 1800 2914 3368 2984; baseline 0.004 -17"><span class='ocrx_word' id='word_1_551' title='bbox 1800 2920 1883 2967; x_wconf 88' lang='lat' dir='ltr'><strong>tes</strong></span> <span class='ocrx_word' id='word_1_552' title='bbox 1930 2926 2058 2967; x_wconf 87' lang='lat' dir='ltr'><strong>suas</strong></span> <span class='ocrx_word' id='word_1_553' title='bbox 2113 2928 2273 2984; x_wconf 88' lang='lat' dir='ltr'><strong>saepe</strong></span> <span class='ocrx_word' id='word_1_554' title='bbox 2329 2914 2485 2969; x_wconf 90' lang='lat' dir='ltr'><strong>sedes</strong></span> <span class='ocrx_word' id='word_1_555' title='bbox 2510 2916 2947 2971; x_wconf 85' lang='lat' dir='ltr'><strong>commutavisse.</strong></span> <span class='ocrx_word' id='word_1_556' title='bbox 2998 2916 3137 2984; x_wconf 88' lang='lat' dir='ltr'><strong>Quid</strong></span> <span class='ocrx_word' id='word_1_557' title='bbox 3188 2919 3368 2973; x_wconf 90' lang='lat' dir='ltr'><strong>obstat</strong></span> 
     </span>
    </p>
   </div>
   <div class='ocr_carea' id='block_1_82' title="bbox 1799 3006 3368 3080">
    <p class='ocr_par' dir='ltr' id='par_1_82' title="bbox 1799 3006 3368 3080">
     <span class='ocr_line' id='line_1_82' title="bbox 1799 3006 3368 3080; baseline 0.004 -21"><span class='ocrx_word' id='word_1_558' title='bbox 1799 3020 1963 3076; x_wconf 91' lang='lat' dir='ltr'><strong>ergo,</strong></span> <span class='ocrx_word' id='word_1_559' title='bbox 2013 3006 2158 3075; x_wconf 93' lang='lat' dir='ltr'><strong>quod</strong></span> <span class='ocrx_word' id='word_1_560' title='bbox 2198 3021 2299 3061; x_wconf 91' lang='lat' dir='ltr'><strong>nec</strong></span> <span class='ocrx_word' id='word_1_561' title='bbox 2356 3007 2471 3077; x_wconf 91' lang='lat' dir='ltr'><strong>ipse</strong></span> <span class='ocrx_word' id='word_1_562' title='bbox 2516 3007 2778 3063; x_wconf 91' lang='lat' dir='ltr'><strong>Pessinus</strong></span> <span class='ocrx_word' id='word_1_563' title='bbox 2839 3016 3029 3080; x_wconf 85' lang='lat' dir='ltr'><strong>negat,</strong></span> <span class='ocrx_word' id='word_1_564' title='bbox 3075 3010 3368 3079; x_wconf 89' lang='lat' dir='ltr'><strong>quominus</strong></span> 
     </span>
    </p>
   </div>
   <div class='ocr_carea' id='block_1_83' title="bbox 1800 3096 3369 3167">
    <p class='ocr_par' dir='ltr' id='par_1_83' title="bbox 1800 3096 3369 3167">
     <span class='ocr_line' id='line_1_83' title="bbox 1800 3096 3369 3167; baseline 0.004 -17"><span class='ocrx_word' id='word_1_565' title='bbox 1800 3096 2068 3152; x_wconf 84' lang='lat' dir='ltr'><strong>Macarius</strong></span> <span class='ocrx_word' id='word_1_566' title='bbox 2100 3096 2333 3153; x_wconf 90' lang='lat' dir='ltr'><strong>subinde</strong></span> <span class='ocrx_word' id='word_1_567' title='bbox 2367 3114 2426 3153; x_wconf 91' lang='lat' dir='ltr'><strong>se</strong></span> <span class='ocrx_word' id='word_1_568' title='bbox 2484 3098 2551 3153; x_wconf 85' lang='lat' dir='ltr'><strong>ad</strong></span> <span class='ocrx_word' id='word_1_569' title='bbox 2582 3098 2880 3154; x_wconf 88' lang='lat' dir='ltr'><strong>Antonium</strong></span> <span class='ocrx_word' id='word_1_570' title='bbox 2930 3101 3244 3167; x_wconf 84' lang='lat' dir='ltr'><strong>contulerit,</strong></span> <span class='ocrx_word' id='word_1_571' title='bbox 3300 3118 3369 3157; x_wconf 85' lang='lat' dir='ltr'><strong>ex</strong></span> 
     </span>
    </p>
   </div>
   <div class='ocr_carea' id='block_1_84' title="bbox 1803 3188 3369 3263">
    <p class='ocr_par' dir='ltr' id='par_1_84' title="bbox 1803 3188 3369 3263">
     <span class='ocr_line' id='line_1_84' title="bbox 1803 3188 3369 3263; baseline 0.003 -21"><span class='ocrx_word' id='word_1_572' title='bbox 1803 3202 1900 3243; x_wconf 91' lang='lat' dir='ltr'><strong>ore</strong></span> <span class='ocrx_word' id='word_1_573' title='bbox 1932 3188 2106 3259; x_wconf 91' lang='lat' dir='ltr'><strong>ipsius</strong></span> <span class='ocrx_word' id='word_1_574' title='bbox 2126 3188 2488 3245; x_wconf 89' lang='lat' dir='ltr'><strong>saluberrima</strong></span> <span class='ocrx_word' id='word_1_575' title='bbox 2522 3199 2814 3261; x_wconf 88' lang='lat' dir='ltr'><strong>praecepta</strong></span> <span class='ocrx_word' id='word_1_576' title='bbox 2847 3190 3145 3246; x_wconf 87' lang='lat' dir='ltr'><strong>hausturus</strong></span> <span class='ocrx_word' id='word_1_577' title='bbox 3164 3193 3187 3245; x_wconf 68' lang='grc' dir='ltr'><em>ἲ</em></span> <span class='ocrx_word' id='word_1_578' title='bbox 3204 3208 3369 3263; x_wconf 85' lang='lat' dir='ltr'><strong>quem</strong></span> 
     </span>
    </p>
   </div>
   <div class='ocr_carea' id='block_1_85' title="bbox 1803 3278 3381 3353">
    <p class='ocr_par' dir='ltr' id='par_1_85' title="bbox 1803 3278 3381 3353">
     <span class='ocr_line' id='line_1_85' title="bbox 1803 3278 3381 3353; baseline 0.003 -21"><span class='ocrx_word' id='word_1_579' title='bbox 1803 3285 2033 3342; x_wconf 88' lang='lat' dir='ltr'><strong>et,cum</strong></span> <span class='ocrx_word' id='word_1_580' title='bbox 2090 3278 2230 3334; x_wconf 86' lang='lat' dir='ltr'><strong>mori</strong></span> <span class='ocrx_word' id='word_1_581' title='bbox 2296 3296 2425 3334; x_wconf 91' lang='lat' dir='ltr'><strong>eum</strong></span> <span class='ocrx_word' id='word_1_582' title='bbox 2472 3281 2790 3353; x_wconf 84' lang='lat' dir='ltr'><strong>contigisset</strong></span> <span class='ocrx_word' id='word_1_583' title='bbox 2840 3296 2928 3345; x_wconf 91' lang='lat' dir='ltr'><strong>eo,</strong></span> <span class='ocrx_word' id='word_1_584' title='bbox 2974 3298 3082 3351; x_wconf 93' lang='lat' dir='ltr'><strong>quo</strong></span> <span class='ocrx_word' id='word_1_585' title='bbox 3111 3298 3381 3352; x_wconf 32' lang='lat' dir='ltr'><strong>praesens»</strong></span> 
     </span>
    </p>
   </div>
   <div class='ocr_carea' id='block_1_86' title="bbox 1803 3368 3358 3444">
    <p class='ocr_par' dir='ltr' id='par_1_86' title="bbox 1803 3368 3358 3444">
     <span class='ocr_line' id='line_1_86' title="bbox 1803 3368 3358 3444; baseline 0.003 -20"><span class='ocrx_word' id='word_1_586' title='bbox 1803 3368 2009 3431; x_wconf 87' lang='lat' dir='ltr'><strong>aderat.</strong></span> <span class='ocrx_word' id='word_1_587' title='bbox 2058 3378 2301 3441; x_wconf 89' lang='lat' dir='ltr'><strong>tempore</strong></span> <span class='ocrx_word' id='word_1_588' title='bbox 2332 3389 2441 3428; x_wconf 87' lang='lat' dir='ltr'><strong>una</strong></span> <span class='ocrx_word' id='word_1_589' title='bbox 2489 3389 2614 3427; x_wconf 90' lang='lat' dir='ltr'><strong>cum</strong></span> <span class='ocrx_word' id='word_1_590' title='bbox 2667 3373 2896 3428; x_wconf 84' lang='lat' dir='ltr'><strong>Amalha</strong></span> <span class='ocrx_word' id='word_1_591' title='bbox 2949 3376 3222 3444; x_wconf 82' lang='lat' dir='ltr'><strong>sepultura</strong></span> <span class='ocrx_word' id='word_1_592' title='bbox 3274 3376 3358 3428; x_wconf 90' lang='lat' dir='ltr'><strong>he-</strong></span> 
     </span>
    </p>
   </div>
   <div class='ocr_carea' id='block_1_87' title="bbox 1801 3463 3371 3522">
    <p class='ocr_par' dir='ltr' id='par_1_87' title="bbox 1801 3463 3371 3522">
     <span class='ocr_line' id='line_1_87' title="bbox 1801 3463 3371 3522; baseline 0.003 -6"><span class='ocrx_word' id='word_1_593' title='bbox 1801 3463 2138 3518; x_wconf 86' lang='lat' dir='ltr'><strong>nestaverit?</strong></span> <span class='ocrx_word' id='word_1_594' title='bbox 2163 3466 2274 3520; x_wconf 88' lang='lat' dir='ltr'><strong>Nec</strong></span> <span class='ocrx_word' id='word_1_595' title='bbox 2307 3481 2439 3521; x_wconf 92' lang='lat' dir='ltr'><strong>vero</strong></span> <span class='ocrx_word' id='word_1_596' title='bbox 2468 3466 2803 3521; x_wconf 87' lang='lat' dir='ltr'><strong>Sozomenus</strong></span> <span class='ocrx_word' id='word_1_597' title='bbox 2826 3466 3118 3521; x_wconf 85' lang='lat' dir='ltr'><strong>Macarium</strong></span> <span class='ocrx_word' id='word_1_598' title='bbox 3151 3467 3207 3520; x_wconf 92' lang='lat' dir='ltr'><strong>in</strong></span> <span class='ocrx_word' id='word_1_599' title='bbox 3263 3483 3371 3522; x_wconf 89' lang='lat' dir='ltr'><strong>uua</strong></span> 
     </span>
    </p>
   </div>
   <div class='ocr_carea' id='block_1_88' title="bbox 1803 3553 3370 3627">
    <p class='ocr_par' dir='ltr' id='par_1_88' title="bbox 1803 3553 3370 3627">
     <span class='ocr_line' id='line_1_88' title="bbox 1803 3553 3370 3627; baseline 0.001 -17"><span class='ocrx_word' id='word_1_600' title='bbox 1803 3553 1969 3620; x_wconf 84' lang='lat' dir='ltr'><strong>Sceti,</strong></span> <span class='ocrx_word' id='word_1_601' title='bbox 2002 3556 2099 3612; x_wconf 89' lang='lat' dir='ltr'><strong>sed</strong></span> <span class='ocrx_word' id='word_1_602' title='bbox 2133 3556 2191 3611; x_wconf 91' lang='lat' dir='ltr'><strong>in</strong></span> <span class='ocrx_word' id='word_1_603' title='bbox 2230 3557 2526 3613; x_wconf 90' lang='lat' dir='ltr'><strong>solitudine</strong></span> <span class='ocrx_word' id='word_1_604' title='bbox 2571 3558 2665 3613; x_wconf 79' lang='lat' dir='ltr'><strong>LX</strong></span> <span class='ocrx_word' id='word_1_605' title='bbox 2720 3573 2891 3613; x_wconf 91' lang='lat' dir='ltr'><strong>annos</strong></span> <span class='ocrx_word' id='word_1_606' title='bbox 2919 3559 3161 3627; x_wconf 81' lang='lat' dir='ltr'><strong>exegisse</strong></span> <span class='ocrx_word' id='word_1_607' title='bbox 3217 3574 3370 3613; x_wconf 86' lang='lat' dir='ltr'><strong>cem-</strong></span> 
     </span>
    </p>
   </div>
   <div class='ocr_carea' id='block_1_89' title="bbox 1801 3646 3370 3714">
    <p class='ocr_par' dir='ltr' id='par_1_89' title="bbox 1801 3646 3370 3714">
     <span class='ocr_line' id='line_1_89' title="bbox 1801 3646 3370 3714; baseline 0.003 -15"><span class='ocrx_word' id='word_1_608' title='bbox 1801 3655 2085 3701; x_wconf 90' lang='lat' dir='ltr'><strong>memorat.</strong></span> <span class='ocrx_word' id='word_1_609' title='bbox 2128 3646 2318 3714; x_wconf 87' lang='lat' dir='ltr'><strong>Qualia</strong></span> <span class='ocrx_word' id='word_1_610' title='bbox 2352 3656 2409 3703; x_wconf 91' lang='lat' dir='ltr'><strong>et</strong></span> <span class='ocrx_word' id='word_1_611' title='bbox 2449 3648 2517 3703; x_wconf 90' lang='lat' dir='ltr'><strong>de</strong></span> <span class='ocrx_word' id='word_1_612' title='bbox 2545 3648 2777 3703; x_wconf 87' lang='lat' dir='ltr'><strong>Macario</strong></span> <span class='ocrx_word' id='word_1_613' title='bbox 2808 3650 3171 3704; x_wconf 84' lang='lat' dir='ltr'><strong>Alexandrino</strong></span> <span class='ocrx_word' id='word_1_614' title='bbox 3214 3649 3370 3704; x_wconf 84' lang='lat' dir='ltr'><strong>facile</strong></span> 
     </span>
    </p>
   </div>
   <div class='ocr_carea' id='block_1_90' title="bbox 1800 3741 3341 3812">
    <p class='ocr_par' dir='ltr' id='par_1_90' title="bbox 1800 3741 3341 3812">
     <span class='ocr_line' id='line_1_90' title="bbox 1800 3741 3341 3812; baseline 0.002 -19"><span class='ocrx_word' id='word_1_615' title='bbox 1800 3749 2023 3810; x_wconf 91' lang='lat' dir='ltr'><strong>possent</strong></span> <span class='ocrx_word' id='word_1_616' title='bbox 2059 3741 2302 3811; x_wconf 87' lang='lat' dir='ltr'><strong>probari,</strong></span> <span class='ocrx_word' id='word_1_617' title='bbox 2359 3741 2405 3795; x_wconf 89' lang='lat' dir='ltr'><strong>si</strong></span> <span class='ocrx_word' id='word_1_618' title='bbox 2456 3742 2718 3797; x_wconf 88' lang='lat' dir='ltr'><strong>vellemus</strong></span> <span class='ocrx_word' id='word_1_619' title='bbox 2778 3742 2883 3796; x_wconf 91' lang='lat' dir='ltr'><strong>hoc</strong></span> <span class='ocrx_word' id='word_1_620' title='bbox 2936 3757 3117 3811; x_wconf 84' lang='lat' dir='ltr'><strong>agere.</strong></span> <span class='ocrx_word' id='word_1_621' title='bbox 3162 3741 3341 3812; x_wconf 80' lang='lat' dir='ltr'><strong>Suasl</strong></span> 
     </span>
    </p>
   </div>
   <div class='ocr_carea' id='block_1_91' title="bbox 1798 3832 3368 3904">
    <p class='ocr_par' dir='ltr' id='par_1_91' title="bbox 1798 3832 3368 3904">
     <span class='ocr_line' id='line_1_91' title="bbox 1798 3832 3368 3904; baseline -0.001 -15"><span class='ocrx_word' id='word_1_622' title='bbox 1798 3850 1930 3904; x_wconf 86' lang='lat' dir='ltr'><strong>ergo</strong></span> <span class='ocrx_word' id='word_1_623' title='bbox 1960 3850 2048 3889; x_wconf 90' lang='lat' dir='ltr'><strong>res</strong></span> <span class='ocrx_word' id='word_1_624' title='bbox 2072 3834 2339 3889; x_wconf 84' lang='lat' dir='ltr'><strong>Macarius</strong></span> <span class='ocrx_word' id='word_1_625' title='bbox 2374 3833 2479 3889; x_wconf 89' lang='lat' dir='ltr'><strong>sibi</strong></span> <span class='ocrx_word' id='word_1_626' title='bbox 2507 3833 2705 3887; x_wconf 90' lang='lat' dir='ltr'><strong>habeat</strong></span> <span class='ocrx_word' id='word_1_627' title='bbox 2727 3850 2756 3886; x_wconf 93' lang='lat' dir='ltr'><strong>a</strong></span> <span class='ocrx_word' id='word_1_628' title='bbox 2786 3832 3011 3886; x_wconf 87' lang='lat' dir='ltr'><strong>Possino</strong></span> <span class='ocrx_word' id='word_1_629' title='bbox 3030 3842 3247 3901; x_wconf 88' lang='lat' dir='ltr'><strong>praeter</strong></span> <span class='ocrx_word' id='word_1_630' title='bbox 3269 3848 3368 3887; x_wconf 90' lang='lat' dir='ltr'><strong>ne-</strong></span> 
     </span>
    </p>
   </div>
   <div class='ocr_carea' id='block_1_92' title="bbox 1800 3921 3393 3993">
    <p class='ocr_par' dir='ltr' id='par_1_92' title="bbox 1800 3921 3393 3993">
     <span class='ocr_line' id='line_1_92' title="bbox 1800 3921 3393 3993; baseline -0.001 -14"><span class='ocrx_word' id='word_1_631' title='bbox 1800 3924 2109 3980; x_wconf 88' lang='lat' dir='ltr'><strong>cessitatem</strong></span> <span class='ocrx_word' id='word_1_632' title='bbox 2130 3924 2500 3993; x_wconf 83' lang='lat' dir='ltr'><strong>historiaeque</strong></span> <span class='ocrx_word' id='word_1_633' title='bbox 2535 3922 2695 3977; x_wconf 88' lang='lat' dir='ltr'><strong>fidem</strong></span> <span class='ocrx_word' id='word_1_634' title='bbox 2716 3921 3040 3991; x_wconf 86' lang='lat' dir='ltr'><strong>productus;</strong></span> <span class='ocrx_word' id='word_1_635' title='bbox 3067 3922 3225 3976; x_wconf 90' lang='lat' dir='ltr'><strong>nobis</strong></span> <span class='ocrx_word' id='word_1_636' title='bbox 3239 3938 3371 3977; x_wconf 90' lang='lat' dir='ltr'><strong>vero</strong></span> <span class='ocrx_word' id='word_1_637' title='bbox 3390 3960 3393 3965; x_wconf 86' lang='lat'><strong><em>-</em></strong></span> 
     </span>
    </p>
   </div>
   <div class='ocr_carea' id='block_1_93' title="bbox 1798 4011 3370 4084">
    <p class='ocr_par' dir='ltr' id='par_1_93' title="bbox 1798 4011 3370 4084">
     <span class='ocr_line' id='line_1_93' title="bbox 1798 4011 3370 4084; baseline -0.001 -12"><span class='ocrx_word' id='word_1_638' title='bbox 1798 4016 2293 4072; x_wconf 84' lang='lat' dir='ltr'><strong>sulliciantMacarii</strong></span> <span class='ocrx_word' id='word_1_639' title='bbox 2306 4016 2435 4080; x_wconf 91' lang='lat' dir='ltr'><strong>duo,</strong></span> <span class='ocrx_word' id='word_1_640' title='bbox 2454 4016 2554 4071; x_wconf 91' lang='lat' dir='ltr'><strong>sub</strong></span> <span class='ocrx_word' id='word_1_641' title='bbox 2564 4029 2796 4084; x_wconf 91' lang='lat' dir='ltr'><strong>quorum</strong></span> <span class='ocrx_word' id='word_1_642' title='bbox 2812 4014 3200 4070; x_wconf 88' lang='lat' dir='ltr'><strong>uniusnomine</strong></span> <span class='ocrx_word' id='word_1_643' title='bbox 3213 4011 3370 4081; x_wconf 83' lang='lat' dir='ltr'><strong>haec,</strong></span> 
     </span>
    </p>
   </div>
   <div class='ocr_carea' id='block_1_94' title="bbox 1800 4103 3367 4177">
    <p class='ocr_par' dir='ltr' id='par_1_94' title="bbox 1800 4103 3367 4177">
     <span class='ocr_line' id='line_1_94' title="bbox 1800 4103 3367 4177; baseline 0.001 -17"><span class='ocrx_word' id='word_1_644' title='bbox 1800 4123 1938 4177; x_wconf 90' lang='lat' dir='ltr'><strong>quae</strong></span> <span class='ocrx_word' id='word_1_645' title='bbox 1960 4123 2106 4161; x_wconf 91' lang='lat' dir='ltr'><strong>nunc</strong></span> <span class='ocrx_word' id='word_1_646' title='bbox 2142 4107 2319 4161; x_wconf 90' lang='lat' dir='ltr'><strong>lucem</strong></span> <span class='ocrx_word' id='word_1_647' title='bbox 2348 4105 2674 4177; x_wconf 88' lang='lat' dir='ltr'><strong>adspiciunt,</strong></span> <span class='ocrx_word' id='word_1_648' title='bbox 2698 4103 3159 4161; x_wconf 90' lang='lat' dir='ltr'><strong>circumferuntur</strong></span> <span class='ocrx_word' id='word_1_649' title='bbox 3172 4104 3367 4176; x_wconf 88' lang='lat' dir='ltr'><strong>Opera.</strong></span> 
     </span>
    </p>
   </div>
   <div class='ocr_carea' id='block_1_95' title="bbox 1869 4197 3371 4264">
    <p class='ocr_par' dir='ltr' id='par_1_95' title="bbox 1869 4197 3371 4264">
     <span class='ocr_line' id='line_1_95' title="bbox 1869 4197 3371 4264; baseline 0 -10"><span class='ocrx_word' id='word_1_650' title='bbox 1869 4199 1960 4254; x_wconf 75' lang='lat' dir='ltr'><strong>1X.</strong></span> <span class='ocrx_word' id='word_1_651' title='bbox 1994 4198 2098 4255; x_wconf 84' lang='lat' dir='ltr'><strong>Sed</strong></span> <span class='ocrx_word' id='word_1_652' title='bbox 2137 4213 2285 4252; x_wconf 91' lang='lat' dir='ltr'><strong>nunc</strong></span> <span class='ocrx_word' id='word_1_653' title='bbox 2325 4197 2785 4253; x_wconf 89' lang='lat' dir='ltr'><strong>considerandum</strong></span> <span class='ocrx_word' id='word_1_654' title='bbox 2825 4197 2932 4253; x_wconf 90' lang='lat' dir='ltr'><strong>erit</strong></span> <span class='ocrx_word' id='word_1_655' title='bbox 2963 4198 3224 4264; x_wconf 83' lang='lat' dir='ltr'><strong>exactius,</strong></span> <span class='ocrx_word' id='word_1_656' title='bbox 3259 4200 3371 4255; x_wconf 90' lang='lat' dir='ltr'><strong>utri</strong></span> 
     </span>
    </p>
   </div>
   <div class='ocr_carea' id='block_1_96' title="bbox 1801 4290 3373 4347">
    <p class='ocr_par' dir='ltr' id='par_1_96' title="bbox 1801 4290 3373 4347">
     <span class='ocr_line' id='line_1_96' title="bbox 1801 4290 3373 4347; baseline -0.003 0"><span class='ocrx_word' id='word_1_657' title='bbox 1801 4291 2020 4347; x_wconf 88' lang='lat' dir='ltr'><strong>illorum</strong></span> <span class='ocrx_word' id='word_1_658' title='bbox 2056 4290 2238 4346; x_wconf 89' lang='lat' dir='ltr'><strong>foetus</strong></span> <span class='ocrx_word' id='word_1_659' title='bbox 2270 4290 2361 4345; x_wconf 90' lang='lat' dir='ltr'><strong>isti</strong></span> <span class='ocrx_word' id='word_1_660' title='bbox 2400 4291 2510 4345; x_wconf 90' lang='lat' dir='ltr'><strong>sint</strong></span> <span class='ocrx_word' id='word_1_661' title='bbox 2566 4290 2957 4347; x_wconf 89' lang='lat' dir='ltr'><strong>adscribendi?</strong></span> <span class='ocrx_word' id='word_1_662' title='bbox 2994 4294 3061 4347; x_wconf 89' lang='lat' dir='ltr'><strong>Et</strong></span> <span class='ocrx_word' id='word_1_663' title='bbox 3107 4291 3373 4346; x_wconf 85' lang='lat' dir='ltr'><strong>Homilias</strong></span> 
     </span>
    </p>
   </div>
   <div class='ocr_carea' id='block_1_97' title="bbox 1802 4380 3370 4455">
    <p class='ocr_par' dir='ltr' id='par_1_97' title="bbox 1802 4380 3370 4455">
     <span class='ocr_line' id='line_1_97' title="bbox 1802 4380 3370 4455; baseline -0.004 -16"><span class='ocrx_word' id='word_1_664' title='bbox 1802 4384 2023 4455; x_wconf 89' lang='lat' dir='ltr'><strong>quidem</strong></span> <span class='ocrx_word' id='word_1_665' title='bbox 2059 4382 2323 4454; x_wconf 85' lang='lat' dir='ltr'><strong>Aegyptio</strong></span> <span class='ocrx_word' id='word_1_666' title='bbox 2364 4381 2668 4451; x_wconf 87' lang='lat' dir='ltr'><strong>adscriptas</strong></span> <span class='ocrx_word' id='word_1_667' title='bbox 2710 4397 2925 4452; x_wconf 89' lang='lat' dir='ltr'><strong>semper</strong></span> <span class='ocrx_word' id='word_1_668' title='bbox 2959 4382 3126 4437; x_wconf 91' lang='lat' dir='ltr'><strong>fuisse</strong></span> <span class='ocrx_word' id='word_1_669' title='bbox 3167 4398 3233 4435; x_wconf 88' lang='lat' dir='ltr'><strong>ex</strong></span> <span class='ocrx_word' id='word_1_670' title='bbox 3289 4380 3370 4434; x_wconf 91' lang='lat' dir='ltr'><strong>in-</strong></span> 
     </span>
    </p>
   </div>
   <div class='ocr_carea' id='block_1_98' title="bbox 1803 4474 3368 4547">
    <p class='ocr_par' dir='ltr' id='par_1_98' title="bbox 1803 4474 3368 4547">
     <span class='ocr_line' id='line_1_98' title="bbox 1803 4474 3368 4547; baseline -0.003 -16"><span class='ocrx_word' id='word_1_671' title='bbox 1803 4476 2119 4547; x_wconf 89' lang='lat' dir='ltr'><strong>scriptione,</strong></span> <span class='ocrx_word' id='word_1_672' title='bbox 2143 4491 2305 4545; x_wconf 89' lang='lat' dir='ltr'><strong>quam</strong></span> <span class='ocrx_word' id='word_1_673' title='bbox 2328 4491 2491 4529; x_wconf 87' lang='lat' dir='ltr'><strong>manu</strong></span> <span class='ocrx_word' id='word_1_674' title='bbox 2519 4476 2725 4529; x_wconf 87' lang='lat' dir='ltr'><strong>exarati</strong></span> <span class='ocrx_word' id='word_1_675' title='bbox 2762 4477 2968 4547; x_wconf 90' lang='lat' dir='ltr'><strong>pariter</strong></span> <span class='ocrx_word' id='word_1_676' title='bbox 2996 4484 3053 4530; x_wconf 89' lang='lat' dir='ltr'><strong>et</strong></span> <span class='ocrx_word' id='word_1_677' title='bbox 3104 4474 3244 4545; x_wconf 78' lang='lat' dir='ltr'><strong>typis</strong></span> <span class='ocrx_word' id='word_1_678' title='bbox 3271 4490 3368 4527; x_wconf 88' lang='lat' dir='ltr'><strong>ex-</strong></span> 
     </span>
    </p>
   </div>
   <div class='ocr_carea' id='block_1_99' title="bbox 1802 4562 3371 4637">
    <p class='ocr_par' dir='ltr' id='par_1_99' title="bbox 1802 4562 3371 4637">
     <span class='ocr_line' id='line_1_99' title="bbox 1802 4562 3371 4637; baseline -0.005 -14"><span class='ocrx_word' id='word_1_679' title='bbox 1802 4568 1918 4623; x_wconf 90' lang='lat' dir='ltr'><strong>cusi</strong></span> <span class='ocrx_word' id='word_1_680' title='bbox 1952 4566 2168 4621; x_wconf 90' lang='lat' dir='ltr'><strong>codices</strong></span> <span class='ocrx_word' id='word_1_681' title='bbox 2200 4582 2331 4637; x_wconf 88' lang='lat' dir='ltr'><strong>prae</strong></span> <span class='ocrx_word' id='word_1_682' title='bbox 2379 4582 2437 4620; x_wconf 92' lang='lat' dir='ltr'><strong>se</strong></span> <span class='ocrx_word' id='word_1_683' title='bbox 2490 4566 2690 4630; x_wconf 83' lang='lat' dir='ltr'><strong>ferunt,</strong></span> <span class='ocrx_word' id='word_1_684' title='bbox 2730 4566 3075 4621; x_wconf 90' lang='lat' dir='ltr'><strong>manifestum</strong></span> <span class='ocrx_word' id='word_1_685' title='bbox 3123 4574 3224 4619; x_wconf 91' lang='lat' dir='ltr'><strong>est.</strong></span> <span class='ocrx_word' id='word_1_686' title='bbox 3262 4562 3371 4619; x_wconf 87' lang='lat' dir='ltr'><strong>Sed</strong></span> 
     </span>
    </p>
   </div>
   <div class='ocr_carea' id='block_1_100' title="bbox 1801 4655 3395 4728">
    <p class='ocr_par' dir='ltr' id='par_1_100' title="bbox 1801 4655 3395 4728">
     <span class='ocr_line' id='line_1_100' title="bbox 1801 4655 3395 4728; baseline -0.005 -12"><span class='ocrx_word' id='word_1_687' title='bbox 1801 4676 1905 4716; x_wconf 91' lang='lat' dir='ltr'><strong>nec</strong></span> <span class='ocrx_word' id='word_1_688' title='bbox 1942 4660 2047 4714; x_wconf 93' lang='lat' dir='ltr'><strong>hoc</strong></span> <span class='ocrx_word' id='word_1_689' title='bbox 2082 4658 2261 4728; x_wconf 88' lang='lat' dir='ltr'><strong>placet</strong></span> <span class='ocrx_word' id='word_1_690' title='bbox 2298 4658 2545 4721; x_wconf 88' lang='lat' dir='ltr'><strong>Possino,</strong></span> <span class='ocrx_word' id='word_1_691' title='bbox 2571 4658 2665 4727; x_wconf 88' lang='lat' dir='ltr'><strong>qui</strong></span> <span class='ocrx_word' id='word_1_692' title='bbox 2703 4658 2923 4712; x_wconf 88' lang='lat' dir='ltr'><strong>easdem</strong></span> <span class='ocrx_word' id='word_1_693' title='bbox 2973 4655 3208 4711; x_wconf 90' lang='lat' dir='ltr'><strong>Macario</strong></span> <span class='ocrx_word' id='word_1_694' title='bbox 3247 4672 3278 4709; x_wconf 91' lang='lat' dir='ltr'><strong>a</strong></span> <span class='ocrx_word' id='word_1_695' title='bbox 3310 4670 3395 4709; x_wconf 36' lang='lat' dir='ltr'><strong>se.</strong></span> 
     </span>
    </p>
   </div>
   <div class='ocr_carea' id='block_1_101' title="bbox 1801 4745 3370 4823">
    <p class='ocr_par' dir='ltr' id='par_1_101' title="bbox 1801 4745 3370 4823">
     <span class='ocr_line' id='line_1_101' title="bbox 1801 4745 3370 4823; baseline -0.004 -17"><span class='ocrx_word' id='word_1_696' title='bbox 1801 4761 2018 4823; x_wconf 89' lang='lat' dir='ltr'><strong>praeter</strong></span> <span class='ocrx_word' id='word_1_697' title='bbox 2037 4765 2153 4803; x_wconf 91' lang='lat' dir='ltr'><strong>rem</strong></span> <span class='ocrx_word' id='word_1_698' title='bbox 2179 4749 2411 4805; x_wconf 82' lang='lat' dir='ltr'><strong>conficto</strong></span> <span class='ocrx_word' id='word_1_699' title='bbox 2442 4750 2724 4804; x_wconf 80' lang='lat' dir='ltr'><strong>vindicare</strong></span> <span class='ocrx_word' id='word_1_700' title='bbox 2759 4749 2951 4820; x_wconf 89' lang='lat' dir='ltr'><strong>satagit</strong></span> <span class='ocrx_word' id='word_1_701' title='bbox 2981 4747 3080 4819; x_wconf 75' lang='grc'><strong>(5).</strong></span> <span class='ocrx_word' id='word_1_702' title='bbox 3114 4747 3196 4800; x_wconf 86' lang='lat' dir='ltr'><strong>Ad</strong></span> <span class='ocrx_word' id='word_1_703' title='bbox 3223 4745 3370 4800; x_wconf 89' lang='lat' dir='ltr'><strong>Gen-</strong></span> 
     </span>
    </p>
   </div>
   <div class='ocr_carea' id='block_1_102' title="bbox 1801 4838 3371 4909">
    <p class='ocr_par' dir='ltr' id='par_1_102' title="bbox 1801 4838 3371 4909">
     <span class='ocr_line' id='line_1_102' title="bbox 1801 4838 3371 4909; baseline -0.005 -12"><span class='ocrx_word' id='word_1_704' title='bbox 1801 4842 1948 4897; x_wconf 88' lang='lat' dir='ltr'><strong>nadii</strong></span> <span class='ocrx_word' id='word_1_705' title='bbox 1973 4841 2323 4897; x_wconf 84' lang='lat' dir='ltr'><strong>Massiliensis</strong></span> <span class='ocrx_word' id='word_1_706' title='bbox 2360 4840 2739 4895; x_wconf 85' lang='lat' dir='ltr'><strong>auctoritatem</strong></span> <span class='ocrx_word' id='word_1_707' title='bbox 2784 4849 3063 4909; x_wconf 86' lang='lat' dir='ltr'><strong>provocat,</strong></span> <span class='ocrx_word' id='word_1_708' title='bbox 3090 4838 3183 4907; x_wconf 89' lang='lat' dir='ltr'><strong>qui</strong></span> <span class='ocrx_word' id='word_1_709' title='bbox 3205 4854 3371 4890; x_wconf 85' lang='lat' dir='ltr'><strong>unam</strong></span> 
     </span>
    </p>
   </div>
   <div class='ocr_carea' id='block_1_103' title="bbox 1802 4932 3375 5002">
    <p class='ocr_par' dir='ltr' id='par_1_103' title="bbox 1802 4932 3375 5002">
     <span class='ocr_line' id='line_1_103' title="bbox 1802 4932 3375 5002; baseline -0.004 -12"><span class='ocrx_word' id='word_1_710' title='bbox 1802 4946 2008 4990; x_wconf 87' lang='lat' dir='ltr'><strong>tantum</strong></span> <span class='ocrx_word' id='word_1_711' title='bbox 2026 4935 2323 4989; x_wconf 82' lang='lat' dir='ltr'><strong>Macarium</strong></span> <span class='ocrx_word' id='word_1_712' title='bbox 2359 4935 2467 4988; x_wconf 88' lang='lat' dir='ltr'><strong>aiat</strong></span> <span class='ocrx_word' id='word_1_713' title='bbox 2497 4934 2563 4987; x_wconf 89' lang='lat' dir='ltr'><strong>ad</strong></span> <span class='ocrx_word' id='word_1_714' title='bbox 2596 4935 2826 4987; x_wconf 77' lang='lat' dir='ltr'><strong>iuniores</strong></span> <span class='ocrx_word' id='word_1_715' title='bbox 2876 4932 3207 5002; x_wconf 77' lang='lat' dir='ltr'><strong>professionis</strong></span> <span class='ocrx_word' id='word_1_716' title='bbox 3244 4946 3375 4983; x_wconf 88' lang='lat' dir='ltr'><strong>suae</strong></span> 
     </span>
    </p>
   </div>
   <div class='ocr_carea' id='block_1_104' title="bbox 1798 5022 3368 5099">
    <p class='ocr_par' dir='ltr' id='par_1_104' title="bbox 1798 5022 3368 5099">
     <span class='ocr_line' id='line_1_104' title="bbox 1798 5022 3368 5099; baseline -0.005 -18"><span class='ocrx_word' id='word_1_717' title='bbox 1798 5028 2065 5099; x_wconf 83' lang='lat' dir='ltr'><strong>scripsisse</strong></span> <span class='ocrx_word' id='word_1_718' title='bbox 2129 5025 2406 5097; x_wconf 86' lang='lat' dir='ltr'><strong>epistolam</strong></span> <span class='ocrx_word' id='word_1_719' title='bbox 2475 5025 2572 5095; x_wconf 88' lang='lat'><strong>(6).</strong></span> <span class='ocrx_word' id='word_1_720' title='bbox 2638 5025 2743 5079; x_wconf 90' lang='lat' dir='ltr'><strong>Sed</strong></span> <span class='ocrx_word' id='word_1_721' title='bbox 2773 5024 3015 5079; x_wconf 90' lang='lat' dir='ltr'><strong>nondum</strong></span> <span class='ocrx_word' id='word_1_722' title='bbox 3050 5022 3368 5092; x_wconf 88' lang='lat' dir='ltr'><strong>persuaderi</strong></span> 
     </span>
    </p>
   </div>
   <div class='ocr_carea' id='block_1_105' title="bbox 1799 5111 3370 5188">
    <p class='ocr_par' dir='ltr' id='par_1_105' title="bbox 1799 5111 3370 5188">
     <span class='ocr_line' id='line_1_105' title="bbox 1799 5111 3370 5188; baseline -0.004 -17"><span class='ocrx_word' id='word_1_723' title='bbox 1799 5132 2108 5188; x_wconf 88' lang='lat' dir='ltr'><strong>possumus,</strong></span> <span class='ocrx_word' id='word_1_724' title='bbox 2169 5115 2398 5171; x_wconf 91' lang='lat' dir='ltr'><strong>Possino</strong></span> <span class='ocrx_word' id='word_1_725' title='bbox 2452 5124 2513 5169; x_wconf 92' lang='lat' dir='ltr'><strong>ut</strong></span> <span class='ocrx_word' id='word_1_726' title='bbox 2557 5114 2993 5185; x_wconf 89' lang='lat' dir='ltr'><strong>adstipulemur;</strong></span> <span class='ocrx_word' id='word_1_727' title='bbox 3055 5128 3157 5167; x_wconf 90' lang='lat' dir='ltr'><strong>nec</strong></span> <span class='ocrx_word' id='word_1_728' title='bbox 3202 5111 3370 5166; x_wconf 89' lang='lat' dir='ltr'><strong>verba</strong></span> 
     </span>
    </p>
   </div>
   <div class='ocr_carea' id='block_1_106' title="bbox 1797 5208 3393 5281">
    <p class='ocr_par' dir='ltr' id='par_1_106' title="bbox 1797 5208 3393 5281">
     <span class='ocr_line' id='line_1_106' title="bbox 1797 5208 3393 5281; baseline -0.006 -14"><span class='ocrx_word' id='word_1_729' title='bbox 1797 5211 2083 5277; x_wconf 89' lang='lat' dir='ltr'><strong>Gennadii,</strong></span> <span class='ocrx_word' id='word_1_730' title='bbox 2115 5210 2261 5281; x_wconf 88' lang='lat' dir='ltr'><strong>quod</strong></span> <span class='ocrx_word' id='word_1_731' title='bbox 2298 5210 2417 5265; x_wconf 91' lang='lat' dir='ltr'><strong>vult</strong></span> <span class='ocrx_word' id='word_1_732' title='bbox 2457 5208 2735 5273; x_wconf 88' lang='lat' dir='ltr'><strong>Pessinus,</strong></span> <span class='ocrx_word' id='word_1_733' title='bbox 2763 5208 2895 5263; x_wconf 92' lang='lat' dir='ltr'><strong>satis</strong></span> <span class='ocrx_word' id='word_1_734' title='bbox 2939 5208 3218 5271; x_wconf 89' lang='lat' dir='ltr'><strong>evincunt,</strong></span> <span class='ocrx_word' id='word_1_735' title='bbox 3246 5222 3393 5261; x_wconf 16' lang='lat' dir='ltr'><strong>cum.</strong></span> 
     </span>
    </p>
   </div>
   <div class='ocr_carea' id='block_1_107' title="bbox 1638 5342 1889 5399">
    <p class='ocr_par' dir='ltr' id='par_1_107' title="bbox 1638 5342 1889 5399">
     <span class='ocr_line' id='line_1_107' title="bbox 1638 5342 1889 5399; baseline -0.004 0"><span class='ocrx_word' id='word_1_736' title='bbox 1638 5342 1889 5399; x_wconf 84' lang='lat' dir='ltr'><strong>NOTAE.</strong></span> 
     </span>
    </p>
   </div>
   <div class='ocr_carea' id='block_1_108' title="bbox 142 5458 1708 5535">
    <p class='ocr_par' dir='ltr' id='par_1_108' title="bbox 142 5458 1708 5535">
     <span class='ocr_line' id='line_1_108' title="bbox 142 5458 1708 5535; baseline -0.003 -16"><span class='ocrx_word' id='word_1_737' title='bbox 142 5465 165 5535; x_wconf 86' lang='lat'>(</span> <span class='ocrx_word' id='word_1_738' title='bbox 176 5465 233 5535; x_wconf 81' lang='grc' dir='ltr'><strong>Ι)</strong></span> <span class='ocrx_word' id='word_1_739' title='bbox 272 5462 441 5535; x_wconf 56' lang='lat' dir='ltr'><strong>Leg.</strong></span> <span class='ocrx_word' id='word_1_740' title='bbox 458 5458 792 5535; x_wconf 54' lang='lat' dir='ltr'><strong>Cassianum.</strong></span> <span class='ocrx_word' id='word_1_741' title='bbox 815 5458 1019 5514; x_wconf 89' lang='lat' dir='ltr'><strong>Pritius</strong></span> <span class='ocrx_word' id='word_1_742' title='bbox 1041 5458 1404 5515; x_wconf 79' lang='lat' dir='ltr'><strong>Cassiodorum</strong></span> <span class='ocrx_word' id='word_1_743' title='bbox 1430 5476 1555 5515; x_wconf 91' lang='lat' dir='ltr'><strong>cum</strong></span> <span class='ocrx_word' id='word_1_744' title='bbox 1576 5459 1708 5517; x_wconf 89' lang='lat' dir='ltr'><strong>Cas-</strong></span> 
     </span>
    </p>
   </div>
   <div class='ocr_carea' id='block_1_109' title="bbox 62 5530 794 5592">
    <p class='ocr_par' dir='ltr' id='par_1_109' title="bbox 62 5530 794 5592">
     <span class='ocr_line' id='line_1_109' title="bbox 62 5530 794 5592; baseline -0.012 0"><span class='ocrx_word' id='word_1_745' title='bbox 62 5530 241 5592; x_wconf 71' lang='lat' dir='ltr'><strong>siano</strong></span> <span class='ocrx_word' id='word_1_746' title='bbox 278 5530 616 5587; x_wconf 83' lang='lat' dir='ltr'><strong>confundit.</strong></span> <span class='ocrx_word' id='word_1_747' title='bbox 643 5531 794 5584; x_wconf 80' lang='lat' dir='ltr'><strong>Eutr.</strong></span> 
     </span>
    </p>
   </div>
   <div class='ocr_carea' id='block_1_110' title="bbox 143 5598 1692 5676">
    <p class='ocr_par' dir='ltr' id='par_1_110' title="bbox 143 5598 1692 5676">
     <span class='ocr_line' id='line_1_110' title="bbox 143 5598 1692 5676; baseline 0.001 -22"><span class='ocrx_word' id='word_1_748' title='bbox 143 5607 232 5676; x_wconf 72' lang='lat'><strong>(2)</strong></span> <span class='ocrx_word' id='word_1_749' title='bbox 306 5601 547 5676; x_wconf 63' lang='lat' dir='ltr'><strong>Sperat.</strong></span> <span class='ocrx_word' id='word_1_750' title='bbox 603 5600 736 5676; x_wconf 58' lang='lat' dir='ltr'><strong>Hist.</strong></span> <span class='ocrx_word' id='word_1_751' title='bbox 804 5598 1024 5676; x_wconf 28' lang='grc' dir='ltr'><strong>⁸61)..Ιῖ</strong></span> <span class='ocrx_word' id='word_1_752' title='bbox 1049 5616 1213 5676; x_wconf 73' lang='lat' dir='ltr'><strong>_cap._</strong></span> <span class='ocrx_word' id='word_1_753' title='bbox 1242 5599 1341 5664; x_wconf 72' lang='lat'><strong>18;</strong></span> <span class='ocrx_word' id='word_1_754' title='bbox 1380 5598 1692 5676; x_wconf 54' lang='lat' dir='ltr'><strong>(lassi_o_dor.</strong></span> 
     </span>
    </p>
   </div>
   <div class='ocr_carea' id='block_1_111' title="bbox 66 5668 1693 5747">
    <p class='ocr_par' dir='ltr' id='par_1_111' title="bbox 66 5668 1693 5747">
     <span class='ocr_line' id='line_1_111' title="bbox 66 5668 1693 5747; baseline -0.003 -18"><span class='ocrx_word' id='word_1_755' title='bbox 66 5679 178 5747; x_wconf 45' lang='lat' dir='ltr'><strong>{sic</strong></span> <span class='ocrx_word' id='word_1_756' title='bbox 208 5668 637 5747; x_wconf 45' lang='lat' dir='ltr'><strong>&#39;Prit_i_us,_l_eg.</strong></span> <span class='ocrx_word' id='word_1_757' title='bbox 666 5668 1160 5747; x_wconf 66' lang='lat' dir='ltr'><strong>Cas§i_an.lCtillat.</strong></span> <span class='ocrx_word' id='word_1_758' title='bbox 1197 5671 1456 5747; x_wconf 46' lang='grc' dir='ltr'><strong>μιᾳ-ἠ</strong></span> <span class='ocrx_word' id='word_1_759' title='bbox 1511 5671 1693 5747; x_wconf 81' lang='lat' dir='ltr'><strong>Theo-</strong></span> 
     </span>
    </p>
   </div>
   <div class='ocr_carea' id='block_1_112' title="bbox 65 5738 1690 5811">
    <p class='ocr_par' dir='ltr' id='par_1_112' title="bbox 65 5738 1690 5811">
     <span class='ocr_line' id='line_1_112' title="bbox 65 5738 1690 5811; baseline 0.002 -18"><span class='ocrx_word' id='word_1_760' title='bbox 65 5738 273 5803; x_wconf 62' lang='grc' dir='ltr'><strong>λίπει,</strong></span> <span class='ocrx_word' id='word_1_761' title='bbox 349 5741 455 5811; x_wconf 65' lang='lat' dir='ltr'><strong>lib.</strong></span> <span class='ocrx_word' id='word_1_762' title='bbox 502 5738 874 5811; x_wconf 37' lang='lat' dir='ltr'><strong>rumpet;</strong></span> <span class='ocrx_word' id='word_1_763' title='bbox 926 5738 1139 5795; x_wconf 83' lang='lat' dir='ltr'><strong>Sezoni.</strong></span> <span class='ocrx_word' id='word_1_764' title='bbox 1189 5740 1276 5794; x_wconf 86' lang='lat' dir='ltr'><strong>lib.</strong></span> <span class='ocrx_word' id='word_1_765' title='bbox 1319 5740 1407 5797; x_wconf 82' lang='grc'><strong>111</strong></span> <span class='ocrx_word' id='word_1_766' title='bbox 1431 5757 1547 5811; x_wconf 80' lang='lat' dir='ltr'><strong>cap.</strong></span> <span class='ocrx_word' id='word_1_767' title='bbox 1586 5743 1690 5807; x_wconf 75' lang='lat' dir='ltr'><strong>M;</strong></span> 
     </span>
    </p>
   </div>
   <div class='ocr_carea' id='block_1_113' title="bbox 66 5810 817 5881">
    <p class='ocr_par' dir='ltr' id='par_1_113' title="bbox 66 5810 817 5881">
     <span class='ocr_line' id='line_1_113' title="bbox 66 5810 817 5881; baseline -0.02 -5"><span class='ocrx_word' id='word_1_768' title='bbox 66 5821 315 5875; x_wconf 55' lang='grc' dir='ltr'><strong>ξυστίδα.</strong></span> <span class='ocrx_word' id='word_1_769' title='bbox 360 5810 465 5865; x_wconf 80' lang='lat' dir='ltr'><strong>lib.</strong></span> <span class='ocrx_word' id='word_1_770' title='bbox 495 5810 568 5865; x_wconf 82' lang='lat' dir='ltr'><strong><em>IV</em></strong></span> <span class='ocrx_word' id='word_1_771' title='bbox 592 5810 817 5881; x_wconf 68' lang='lat' dir='ltr'><strong>cap.“25.</strong></span> 
     </span>
    </p>
   </div>
   <div class='ocr_carea' id='block_1_114' title="bbox 1881 5457 3391 5531">
    <p class='ocr_par' dir='ltr' id='par_1_114' title="bbox 1881 5457 3391 5531">
     <span class='ocr_line' id='line_1_114' title="bbox 1881 5457 3391 5531; baseline -0.001 -16"><span class='ocrx_word' id='word_1_772' title='bbox 1881 5460 1956 5531; x_wconf 79' lang='grc'><strong>(5)</strong></span> <span class='ocrx_word' id='word_1_773' title='bbox 1979 5461 2182 5516; x_wconf 84' lang='lat' dir='ltr'><strong>Pallad.</strong></span> <span class='ocrx_word' id='word_1_774' title='bbox 2210 5461 2345 5515; x_wconf 81' lang='lat' dir='ltr'><strong>&quot;ist.</strong></span> <span class='ocrx_word' id='word_1_775' title='bbox 2368 5460 2613 5514; x_wconf 78' lang='lat' dir='ltr'><strong>Lausiac.</strong></span> <span class='ocrx_word' id='word_1_776' title='bbox 2648 5476 2763 5529; x_wconf 86' lang='lat' dir='ltr'><strong>cap.</strong></span> <span class='ocrx_word' id='word_1_777' title='bbox 2796 5457 3097 5513; x_wconf 70' lang='lat' dir='ltr'><strong>20.Petrus</strong></span> <span class='ocrx_word' id='word_1_778' title='bbox 3114 5457 3391 5513; x_wconf 64' lang='lat' dir='ltr'><strong>Pessinus</strong></span> 
     </span>
    </p>
   </div>
   <div class='ocr_carea' id='block_1_115' title="bbox 1802 5531 2667 5602">
    <p class='ocr_par' dir='ltr' id='par_1_115' title="bbox 1802 5531 2667 5602">
     <span class='ocr_line' id='line_1_115' title="bbox 1802 5531 2667 5602; baseline -0.006 -16"><span class='ocrx_word' id='word_1_779' title='bbox 1802 5533 1858 5586; x_wconf 82' lang='lat' dir='ltr'><strong>in</strong></span> <span class='ocrx_word' id='word_1_780' title='bbox 1875 5531 2089 5602; x_wconf 76' lang='lat' dir='ltr'><strong>Proleg.</strong></span> <span class='ocrx_word' id='word_1_781' title='bbox 2123 5532 2192 5584; x_wconf 86' lang='lat' dir='ltr'><strong>ad</strong></span> <span class='ocrx_word' id='word_1_782' title='bbox 2221 5532 2476 5602; x_wconf 52' lang='grc' dir='ltr'><strong>ΤΙιιθδητη·ἶ</strong></span> <span class='ocrx_word' id='word_1_783' title='bbox 2499 5532 2667 5602; x_wconf 63' lang='lat' dir='ltr'><strong>Asret.</strong></span> 
     </span>
    </p>
   </div>
   <div class='ocr_carea' id='block_1_116' title="bbox 1875 5596 3195 5731">
    <p class='ocr_par' dir='ltr' id='par_1_116' title="bbox 1875 5596 3195 5731">
     <span class='ocr_line' id='line_1_116' title="bbox 1875 5596 3195 5731; baseline -0.006 -71"><span class='ocrx_word' id='word_1_784' title='bbox 1981 5596 2128 5725; x_wconf 41' lang='lat' dir='ltr'><strong>gave.</strong></span> <span class='ocrx_word' id='word_1_785' title='bbox 2150 5603 2284 5725; x_wconf 65' lang='lat' dir='ltr'><strong>Hist].</strong></span> <span class='ocrx_word' id='word_1_786' title='bbox 2320 5602 2421 5724; x_wconf 40' lang='lat' dir='ltr'><strong>Illit.</strong></span> <span class='ocrx_word' id='word_1_787' title='bbox 2454 5601 2517 5655; x_wconf 87' lang='lat' dir='ltr'><strong>P.</strong></span> <span class='ocrx_word' id='word_1_788' title='bbox 2545 5600 2644 5669; x_wconf 83' lang='lat' dir='ltr'><strong>1p.</strong></span> <span class='ocrx_word' id='word_1_789' title='bbox 2671 5600 2794 5653; x_wconf 66' lang='lat'><strong>212.</strong></span> <span class='ocrx_word' id='word_1_790' title='bbox 2833 5599 2878 5653; x_wconf 92' lang='lat' dir='ltr'><strong>P</strong></span> <span class='ocrx_word' id='word_1_791' title='bbox 2938 5598 2995 5653; x_wconf 82' lang='lat' dir='ltr'><strong>II</strong></span> <span class='ocrx_word' id='word_1_792' title='bbox 3023 5614 3083 5668; x_wconf 74' lang='grc' dir='ltr'><strong>ρ.</strong></span> <span class='ocrx_word' id='word_1_793' title='bbox 3103 5596 3195 5653; x_wconf 76' lang='grc'><strong>76.</strong></span> 
     </span>
     <span class='ocr_line' id='line_1_117' title="bbox 1898 5689 2371 5731; baseline -0.023 1"><span class='ocrx_word' id='word_1_794' title='bbox 1898 5692 1949 5731; x_wconf 79' lang='grc' dir='ltr'><strong>«η</strong></span> <span class='ocrx_word' id='word_1_795' title='bbox 2024 5689 2239 5726; x_wconf 85' lang='lat' dir='ltr'><strong>ossmus</strong></span> <span class='ocrx_word' id='word_1_796' title='bbox 2291 5713 2302 5723; x_wconf 93' lang='lat'><strong>.</strong></span> <span class='ocrx_word' id='word_1_797' title='bbox 2360 5714 2371 5725; x_wconf 86' lang='lat'><strong>.</strong></span> 
     </span>
    </p>
   </div>
   <div class='ocr_carea' id='block_1_117' title="bbox 1898 5672 2371 5739">
    <p class='ocr_par' dir='ltr' id='par_1_117' title="bbox 1898 5672 2371 5739">
     <span class='ocr_line' id='line_1_118' title="bbox 1898 5672 2371 5739; baseline 0.004 -16"><span class='ocrx_word' id='word_1_798' title='bbox 1898 5672 1949 5739; x_wconf 65' lang='grc' dir='ltr'><strong>Β)</strong></span> <span class='ocrx_word' id='word_1_799' title='bbox 1981 5672 2239 5726; x_wconf 84' lang='lat' dir='ltr'><strong>Pessinus</strong></span> <span class='ocrx_word' id='word_1_800' title='bbox 2265 5673 2302 5725; x_wconf 90' lang='grc'><strong>1.</strong></span> <span class='ocrx_word' id='word_1_801' title='bbox 2336 5672 2371 5725; x_wconf 91' lang='grc'><strong>1.</strong></span> 
     </span>
    </p>
   </div>
   <div class='ocr_carea' id='block_1_118' title="bbox 1873 5739 2943 5814">
    <p class='ocr_par' dir='ltr' id='par_1_118' title="bbox 1873 5739 2943 5814">
     <span class='ocr_line' id='line_1_119' title="bbox 1873 5739 2943 5814; baseline -0.015 -12"><span class='ocrx_word' id='word_1_802' title='bbox 1873 5742 1947 5814; x_wconf 60' lang='grc' dir='ltr'><strong>(β)</strong></span> <span class='ocrx_word' id='word_1_803' title='bbox 1979 5742 2221 5799; x_wconf 76' lang='lat' dir='ltr'><strong>Ccnnad.</strong></span> <span class='ocrx_word' id='word_1_804' title='bbox 2256 5743 2331 5796; x_wconf 82' lang='lat' dir='ltr'><strong>De</strong></span> <span class='ocrx_word' id='word_1_805' title='bbox 2360 5744 2482 5797; x_wconf 75' lang='lat' dir='ltr'><strong>uiris</strong></span> <span class='ocrx_word' id='word_1_806' title='bbox 2526 5742 2721 5796; x_wconf 83' lang='lat' dir='ltr'><strong>illustr.</strong></span> <span class='ocrx_word' id='word_1_807' title='bbox 2770 5758 2815 5794; x_wconf 75' lang='grc' dir='ltr'><strong>ε.</strong></span> <span class='ocrx_word' id='word_1_808' title='bbox 2853 5739 2943 5793; x_wconf 65' lang='grc' dir='ltr'><strong>ιθ..</strong></span> 
     </span>
    </p>
   </div>
  </div>
