3948 6564
618 465 723 526 333

1722 460 1816 516 JO.
1856 458 2135 515 GEORGII
2172 459 2380 515 PRITII
2418 458 2803 515 PRAEFATIO

3738 464 3820 522 564

616 598 745 638 cum
769 580 827 636 in
868 576 1330 648 sensumpossint
1352 574 1548 645 accipi,
1586 574 1731 643 quod
1768 583 1976 628 tantum
2003 573 2071 627 de
2109 572 2179 628 li-
2206 578 2254 634 Α
2284 574 2596 644 spirituales
2638 574 2760 628 illae
2807 588 2999 643 graece
3036 571 3265 628 scorsim
3326 572 3652 643 prodierunt
3697 577 3819 633 Pari-

616 676 751 732 teris
776 690 809 729 a
833 671 1049 728 Macarii
1090 669 1412 739 conscriptis
1466 675 1643 738 agant.
1679 666 1821 733 Quid
1868 667 1913 720 si
1958 675 2015 721 et
2038 665 2175 721 scri-

617 767 790 839 pserit
815 766 999 835 aliqua
1037 760 1326 825 Macarius,
1361 775 1393 813 a
1416 756 1719 822 Gennadio,
1754 765 1815 811 ut
1846 757 2017 811 multa
2049 756 2175 822 alia,

620 860 797 916 oculis
826 874 937 912 non
958 854 1255 925 usurpata?
1284 852 1439 909 Unde
1467 867 1575 905 non
1596 865 1733 920 opus
1757 850 1883 915 erit,
1909 858 1971 904 ut
2007 848 2179 902 multa

617 948 1113 1010 comminiscamur,
1133 943 1303 999 veluti
1323 943 1453 998 facit
1469 941 1748 1007 Possinus,
1767 956 1872 1011 qua
1891 940 2179 995 occasione

618 1055 794 1111 quove
829 1036 1005 1092 ofﬁcio
1026 1034 1286 1090 Homilias
1326 1035 1457 1089 istas
1482 1033 1751 1088 Macarius
1777 1032 2042 1087 Amathae
2085 1046 2177 1085 so-

614 1127 733 1184 cius
785 1141 974 1197 graece
1031 1141 1063 1179 a
1115 1138 1172 1178 se
1240 1123 1485 1178 redditas
1536 1138 1604 1178 ex
1650 1121 1870 1177 Antonii
1934 1119 2177 1191 magistri

614 1218 834 1274 dictatis
863 1214 1172 1287 protulerit.

682 1303 751 1358 X.
776 1302 918 1369 Quid
966 1318 1096 1357 vero
1137 1302 1205 1357 de
1253 1299 1544 1371 Opusculis
1587 1300 1709 1355 istis
1744 1300 2007 1375 dicemus,
2038 1313 2176 1368 quae

610 1410 761 1451 nunc
780 1404 903 1465 post
930 1393 1222 1449 Possinum
1266 1393 1322 1446 in
1353 1392 1640 1448 Germania
1670 1392 1907 1462 primum
1961 1407 1992 1445 a
2019 1390 2178 1446 nobis

613 1487 959 1558 evulgantur,
989 1494 1045 1540 et
1077 1484 1165 1539 cui
1202 1482 1345 1553 patri
1384 1482 1587 1536 liberos
1636 1481 1770 1537 istos
1823 1481 2178 1536 adseremus?

614 1579 879 1638 Possinus
931 1592 1062 1631 vero
1106 1575 1198 1633 hic
1239 1575 1441 1627 iterum
1494 1588 1653 1627 suum
1709 1573 1868 1627 nobis
1920 1574 2178 1643 supponit

614 1669 934 1733 Macarium,
965 1683 1125 1739 quem
1160 1674 1341 1720 tamen
1366 1665 1421 1719 in
1444 1665 1646 1719 mundo
1677 1680 1787 1719 non
1816 1664 2017 1729 fuisse,
2046 1666 2175 1731 iam,

612 1768 676 1816 ut
701 1760 1054 1823 arbitramur,
1083 1756 1525 1812 monstravimus.
1556 1755 1958 1812 Celeberrimus
1982 1755 2179 1811 Gavius

614 1850 690 1923 (l)
750 1840 1043 1906 tribuenda
1085 1850 1307 1919 quidem
1373 1848 1733 1904 Macariorum
1790 1863 1863 1902 no
1896 1848 1904 1918 Ι
1936 1857 2177 1902 strorum

610 1944 861 1999 alterutri
894 1943 1165 2015 Opuscula
1194 1942 1331 1997 haec
1360 1956 1471 1996 non
1490 1939 1763 1994 immerito
1795 1955 1915 1994 esse
1938 1940 2175 2007 iudicat;
2208 1910 2253 1971 Β

611 2037 708 2091 sed
736 2038 793 2091 in
832 2050 954 2090 eam
1012 2043 1193 2089 tamen
1237 2033 1409 2104 magis
1464 2031 1768 2103 propendet
1831 2031 2175 2097 sententiam,

612 2126 761 2197 quod
797 2125 1167 2181 Alexandrino
1192 2124 1272 2179 illi
1310 2124 1420 2179 sint
1441 2123 1791 2193 adsignanda.

683 2216 779 2274 XI.
805 2216 976 2273 Nobis
1008 2225 1191 2272 autem
1222 2215 1277 2270 id
1307 2224 1432 2271 ante
1454 2216 1638 2271 omnia
1659 2215 1878 2271 videtur
1908 2230 2029 2270 esse
2056 2229 2178 2270 cer-

614 2310 911 2377 tissimum,
942 2310 1089 2380 quod
1118 2325 1262 2365 unus
1284 2318 1477 2365 auctor
1505 2309 1692 2374 fuerit,
1763 2308 1856 2379 qui
1899 2307 2177 2363 divinissi-

613 2420 732 2459 mas
762 2402 923 2459 nobis
954 2402 1107 2458 dedit
1145 2402 1428 2466 Homilias,
1472 2416 1597 2456 cum
1635 2401 1749 2466 illo,
1795 2400 1883 2455 cui
1917 2398 2180 2454 debemus

615 2497 825 2552 isthaec
877 2495 1169 2565 Opuscula.
1202 2495 1260 2549 Id
1312 2496 1458 2550 enim
1508 2504 1565 2550 et
1616 2510 1705 2550 res
1743 2495 1891 2563 ipsae
1922 2494 2176 2564 probant,

613 2602 754 2659 quae
786 2586 918 2647 etin
941 2586 1189 2642 Homiliis
1220 2596 1275 2641 et
1302 2585 1591 2656 Opusculis
1614 2594 1930 2649 occurrunt,
1969 2600 2180 2640 summa

614 2678 745 2735 ﬁdei
787 2687 1006 2735 nostrae
1054 2680 1334 2751 mysteria,
1384 2687 1441 2733 et
1488 2677 1781 2750 praecipua
1837 2676 2180 2733 Christianae

614 2769 898 2840 religionis
929 2769 1128 2840 capita,
1171 2769 1403 2823 maxime
1439 2785 1579 2839 quae
1634 2768 1701 2824 ad
1732 2783 1891 2823 usum
1946 2766 2180 2822 transfe-

563 2847 567 2850 ’
614 2861 786 2916 renda
818 2870 964 2924 sunt,
992 2861 1343 2927 exhibentes;
1371 2870 1426 2916 et
1454 2861 1619 2915 verba
1659 2875 1875 2931 quoque
1923 2857 2181 2928 modique

614 2950 898 3021 loquendi,
930 2952 1078 3006 circa
1105 2966 1243 3021 quos
1275 2966 1487 3005 summa
1505 2951 1707 3020 ubique
1738 2950 2037 3005 similitudo
2057 2958 2178 3016 est;

615 3048 675 3097 et
700 3058 800 3113 par
824 3042 1087 3099 orationis
1113 3043 1287 3098 forma
1309 3042 1741 3113 elocutionisque
1763 3040 2179 3113 dignitas.'Addi

616 3133 785 3189 etiam
833 3141 1034 3203 potest,
1069 3148 1207 3202 quae
1251 3133 1553 3189 desiderari
1594 3132 1653 3188 in
1680 3132 1912 3188 Macario
1934 3140 2177 3202 possent,

618 3229 677 3276 et
700 3222 795 3292 qui
824 3223 880 3276 in
916 3222 1318 3293 elegantissimo
1359 3224 1464 3278 hoc
1505 3238 1733 3295 corpore
1777 3222 1936 3277 naevi
1986 3223 2179 3278 obser-

617 3324 840 3380 vantur,
901 3331 998 3371 eos
1045 3317 1334 3387 utrobique
1397 3334 1515 3375 sese
1565 3319 1725 3374 nobis
1776 3319 1994 3374 offerre.
2044 3317 2180 3373 Cum

619 3406 787 3477 igitur
810 3406 972 3476 paulo
1005 3416 1129 3476 ante
1155 3408 1390 3465 Macario
1410 3410 1674 3482 Aegyptio
1710 3412 1971 3467 Homilias
2002 3427 2181 3466 asser-

619 3505 737 3551 tum
764 3498 1045 3563 iverimus,
1084 3507 1233 3570 patet
1259 3501 1397 3558 ratio
1422 3542 1437 3566 ,
1468 3518 1637 3573 quare
1658 3502 1931 3573 Opuscula
1968 3504 2020 3557 ei
2072 3503 2185 3557 sint

618 3603 837 3659 quoque
859 3589 1256 3656 adiudicanda;
1284 3593 1606 3662 praesertim
1647 3608 1773 3648 cum
1814 3595 2031 3649 codices
2064 3609 2182 3648 ma-

616 3682 887 3751 nuscripti
914 3682 969 3736 in
988 3682 1320 3740 bibliotheca
1348 3685 1781 3752 Vindobonensi,
1813 3686 1931 3756 ipso
1951 3686 2183 3741 docente

615 3770 808 3836 Gavio,
850 3772 925 3845 (2)
956 3772 1190 3829 Macario
1219 3784 1408 3829 nostro
1435 3775 1572 3829 haec
1599 3784 1655 3829 et
1695 3774 1895 3831 similia
1922 3776 2184 3845 opuscula

618 3863 943 3917 attribuant.
983 3864 1043 3917 In
1068 3864 1185 3935 ipso
1225 3865 1411 3930 etiam,
1443 3881 1554 3935 quo
1594 3882 1730 3921 usus
1776 3868 2037 3922 Possinus
2076 3876 2179 3934 est,

616 3953 807 4009 codice
831 3946 1045 4033 eXserte
1071 3955 1291 4012 Macarii
1326 3958 1533 4012 nomini
1559 3957 1740 4029 Magni
1760 3959 2073 4029 appellatio,
2102 3959 2183 4013 fa-

617 4055 769 4103 tente
830 4047 1063 4111 editore,
1112 4058 1196 4103 est
1251 4049 1529 4114 adiuncta,
1566 4065 1729 4120 quam
1796 4066 1909 4104 non
1953 4049 2187 4104 Alexan-

617 4136 816 4202 drino,
848 4138 943 4192 sed
985 4138 1246 4210 Aegyptio
1297 4140 1531 4195 Macario
1578 4139 1706 4194 addi
1740 4139 2184 4211 frequentissime

615 4227 963 4287 notissimum
1005 4238 1106 4287 est.
1174 4229 1310 4285 Nam
1349 4231 1497 4301 quod
1543 4230 1801 4285 Possinus
1854 4231 2185 4303 persuadere

617 4318 780 4375 nobis
820 4329 1069 4385 conatur,
1105 4336 1465 4391 personarum
1508 4320 1601 4376 hic
1639 4321 1939 4392 contigisse
1991 4323 2184 4378 confu-

618 4410 852 4477 sionem,
900 4412 1157 4467 videlicet
1220 4429 1349 4468 suae
1400 4398 1631 4467 inservit
1683 4428 1900 4479 causae,
1947 4423 2011 4469 ut
2064 4415 2186 4471 iure

618 4503 824 4574 aliquo,
856 4520 993 4575 quae
1020 4505 1255 4561 Macario
1274 4505 1539 4577 Aegyptio
1580 4508 1853 4564 debentur
1874 4551 1888 4576 ,
1915 4525 2060 4566 novo
2088 4526 2187 4567 suo

618 4602 678 4649 et
724 4596 963 4665 antiquis
1008 4598 1283 4667 incognito
1325 4599 1557 4654 Macario
1616 4601 1931 4657 adscribere
1976 4612 2181 4673 posset.
2215 4612 2257 4665 ἶ)

619 4686 939 4757 Quanquam
960 4690 1180 4745 interim
1230 4692 1495 4762 refragari
1538 4693 1797 4757 nolimus,
1848 4694 2038 4760 fuisse,
2090 4696 2185 4765 qui

619 4799 687 4840 ex
709 4799 805 4839 ore
848 4784 903 4839 di
936 4783 945 4855 |
976 4785 1150 4840 centis
1194 4787 1372 4841 saltim
1417 4787 1636 4841 Macarii
1686 4788 1819 4841 haec
1863 4789 2183 4857 exceperit:

621 4874 768 4931 unde
793 4882 989 4931 etesse
1009 4886 1281 4947 putamus,
1310 4894 1409 4934 cur
1431 4887 1537 4934 tam
1566 4879 1882 4949 frequenter
1904 4880 1958 4933 in
1982 4880 2189 4936 Graeco

620 4983 725 5022 vox
747 4966 852 5038 ἔφη
875 4979 1150 5033 occurrat,
1176 4969 1233 5023 in
1252 4971 1504 5026 versione
1547 4982 1608 5026 ut
1634 4972 1929 5041 plurimum
1952 4974 2150 5027 omissa
2173 4990 2188 5039 ;

619 5065 684 5113 ut
708 5058 846 5115 adeo
885 5061 1131 5115 omnium
1178 5063 1421 5131 quidem,
1470 5079 1609 5133 quae
1644 5065 1955 5129 traduntur,
1999 5076 2190 5120 auctor

619 5149 789 5205 fuerit
811 5151 1113 5218 Macarius,
1160 5169 1472 5224 quanquam
1501 5155 1618 5226 ipse
1665 5156 1759 5210 illa
1797 5170 1907 5211 non
1952 5158 2189 5227 scripse-

620 5240 716 5294 rit.

678 5332 796 5388 XII.
826 5334 1144 5391 Pertineant
1164 5353 1295 5408 ergo
1326 5338 1503 5394 foetus
1528 5340 1616 5394 isti
1642 5356 1740 5410 per
1766 5356 1867 5396 nos
1914 5342 1981 5396 ad
2007 5342 2180 5396 Maca-

622 5423 769 5479 rium
813 5425 1154 5498 Aegyptium.
1200 5430 1357 5486 Nunc
1401 5448 1507 5502 qua
1564 5432 1773 5488 ratione
1810 5449 1879 5487 ex
1920 5435 2184 5497 tenebris,

621 5515 825 5584 quibus
865 5517 1212 5587 circumscpti
1282 5536 1380 5589 per
1430 5521 1637 5591 aliquot
1695 5522 1907 5581 saecula
1948 5522 2184 5585 fuerant,

620 5604 967 5669 emerserint,
995 5606 1223 5677 agedum
1281 5608 1580 5663 videamus.
1631 5609 1894 5665 Ilomiliae
1952 5610 2186 5680 primum

2278 666 2376 721 siis
2404 682 2548 721 anno
2572 666 2872 737 superioris
2914 665 3116 720 saeculi
3161 665 3280 720 LIX
3301 667 3720 739 elegantissimis
3759 678 3824 742 ty-

2276 756 2363 826 pis
2418 772 2650 812 excusae
2675 775 2688 811 :
2730 757 3019 827 separatim
3050 772 3181 811 vero
3205 768 3262 813 et
3285 757 3449 813 latina
3468 759 3651 814 versio
3675 760 3828 816 lucem

2283 845 2551 916 adspexit,
2581 864 2612 902 a
2646 848 2847 902 Ioanne
2868 849 3018 913 Pico,
3051 849 3159 904 nisi
3186 850 3449 918 fallimur,
3504 854 3827 909 concinnata.

2277 936 2551 994 Successit
2585 940 2931 1010 postmodum
2973 940 3267 997 Zachariae
3296 943 3567 998 Paltbcnii
3620 944 3831 1015 diligen-

2278 1028 2373 1094 tia,
2408 1029 2503 1098 qui
2547 1044 2690 1084 anno
2742 1029 2903 1086 XCIV
2952 1031 3199 1086 eiusdem
3244 1034 3449 1088 saeculi
3490 1044 3549 1090 et
3596 1051 3831 1107 graecum

2277 1135 2605 1185 sermonem,
2632 1130 2688 1176 et
2716 1120 2941 1175 latinam
2964 1123 3297 1189 versionem,
3326 1139 3358 1177 a
3383 1140 3441 1179 se
3489 1142 3604 1181 non
3644 1128 3834 1199 exiguis

2276 1210 2558 1266 laboribus
2578 1223 2917 1281 exornatam,
2940 1215 3278 1270 coniunctim
3301 1217 3496 1282 edidit,
3527 1220 3691 1291 typis,
3722 1236 3836 1291 qua-

2277 1300 2363 1355 les
2388 1310 2444 1356 et
2468 1302 2641 1356 nostri
2683 1311 2830 1368 sunt,
2890 1304 3051 1373 paulo
3111 1306 3523 1362 minutioribus.
3579 1309 3836 1379 Opuscula

2277 1406 2408 1445 vero
2436 1392 2646 1463 reliqua
2672 1393 2882 1451 diutius
2911 1395 3235 1451 obscuritati
3260 1413 3391 1453 suae
3412 1399 3677 1455 immersa
3720 1401 3837 1455 deli-

2279 1493 2523 1549 tuerunt,
2554 1485 2859 1554 usquedum
2903 1486 3050 1542 felici
3076 1486 3226 1542 Petri
3251 1488 3487 1554 Possini,
3526 1505 3556 1545 e
3582 1488 3836 1546 Societate

2276 1578 2405 1633 Iesu
2429 1577 2558 1642 viri,
2583 1593 2747 1646 opera
2769 1578 2826 1632 in
2855 1578 3114 1633 Thesauro
3137 1621 3151 1646 ,
3179 1597 3344 1651 quem
3380 1590 3558 1647 vocat,
3598 1582 3835 1645 Ascetico,

2278 1667 2435 1722 cuius
2460 1677 2671 1742 partem
2699 1668 2906 1724 faciunt
2926 1671 3264 1740 primariam,
3290 1673 3347 1726 in
3370 1674 3551 1728 lucem
3578 1674 3839 1743 publicam

2278 1769 2406 1815 sunt
2438 1762 2702 1831 exposita.
2738 1762 2893 1818 Unde
2923 1771 3134 1817 tantum
3176 1765 3294 1834 ipse
3324 1765 3582 1820 habuerit
3632 1765 3840 1829 thesau—

2278 1869 2421 1916 rum,
2465 1869 2576 1909 non
2621 1854 2876 1923 equidem
2923 1855 3249 1910 dissimulat.
3300 1856 3658 1912 Franciscum
3708 1858 3841 1911 enim

2280 1944 2630 2008 Turrianum,
2668 1944 2937 1999 notissimi
2962 1947 3202 2001 nominis
3227 1948 3506 2013 Iesuitam,
3536 1964 3666 2002 cum
3713 1964 3844 2003 anno

2280 2038 2366 2093 clo
2387 2038 2441 2093 la
2488 2037 2651 2092 LXVI
2675 2037 2989 2092 societatem
3026 2039 3171 2093 illam
3194 2041 3399 2095 Romae
3447 2040 3843 2110 ingrederetur,

2280 2131 2425 2185 inter
2471 2130 2750 2185 volumina
2796 2130 2966 2186 refert
3001 2146 3191 2201 graeca
3216 2131 3472 2201 plurima,
3506 2147 3651 2202 quae
3713 2134 3845 2185 anti-

2281 2236 2425 2292 quae
2453 2236 2649 2276 manus
2694 2236 2825 2291 prae
2880 2236 2938 2276 se
2990 2220 3173 2275 ferant
3221 2221 3473 2291 vestigia,
3524 2224 3777 2291 quaeque
3800 2222 3848 2275 in

2279 2311 2443 2365 domo
2465 2311 2688 2381 antiqua
2725 2309 2970 2381 professa
3000 2309 3252 2365 Romana
3288 2310 3631 2379 deposuerit,
3687 2328 3847 2365 unum

2286 2418 2507 2473 quoque
2561 2411 2848 2456 auctorum
2900 2400 3073 2457 ferme
3121 2400 3343 2471 triginta
3390 2402 3459 2456 de
3517 2418 3578 2457 re
3620 2403 3851 2457 aseetia

2279 2497 2565 2552 continens
2589 2495 3018 2557 lucubrationes,
3050 2494 3211 2549 annis
3237 2494 3439 2549 abhinc
3471 2495 3599 2565 plus
3622 2495 3790 2565 quin-
3818 2497 3828 2565 Ι

2279 2586 2456 2656 gentis
2483 2602 2514 2640 a
2538 2602 2700 2640 manu
2727 2586 3090 2641 transmarina
3130 2594 3432 2651 exaratum,
3488 2586 3853 2642 bibliothecae

2280 2678 2501 2733 Patrum
2534 2678 2812 2734 societatis
2837 2678 3127 2743 intulisse;
3161 2686 3217 2732 et
3239 2677 3366 2731 inde
3389 2678 3710 2743 Possinum,
3737 2695 3853 2734 cum

2279 2769 2483 2824 Romae
2503 2770 2741 2841 degeret,
2770 2778 2986 2840 praeter
3030 2769 3156 2834 alia,
3192 2768 3398 2824 isthaec
3424 2768 3737 2825 Macariana
3765 2771 3855 2826 de-

2279 2864 2585 2933 scripsisse.

2352 2954 2493 3010 Xlll.
2525 2954 2661 3009 Cum
2691 2969 2825 3009 vero
2851 2952 3119 3009 Ilomiliae
3151 2953 3275 3008 illae
3322 2951 3723 3012 Paltbcnianae
3769 2967 3859 3005 no-

2281 3047 2411 3103 stris
2439 3047 2494 3101 in
2517 3047 2853 3117 bibliopoliis
2879 3062 2990 3100 non
3013 3044 3247 3115 amplius
3267 3051 3565 3109 exstarent,
3588 3042 3860 3112 Opuscula

2282 3144 2464 3191 autem
2508 3137 2716 3206 reliqua
2757 3151 2787 3190 a
2818 3136 3045 3191 Possino
3089 3130 3237 3189 edita
3269 3132 3548 3187 rarissime
3576 3132 3728 3202 apud
3768 3146 3863 3185 nos

2284 3228 2760 3299 conspicerentur,
2782 3228 2961 3282 visum
2987 3234 3092 3289 est,
3114 3240 3145 3279 e
3160 3239 3221 3278 re
3241 3223 3355 3278 fore
3377 3223 3724 3295 reipublicae
3746 3224 3865 3277 lite.

2282 3319 2482 3383 rariae,
2505 3317 2878 3388 imprimisque
2894 3313 3195 3371 iuventutis
3214 3313 3507 3379 studiosae,
3528 3322 3755 3383 praeter
3770 3313 3865 3365 Iin’

2282 3426 2418 3482 guae
2446 3425 2671 3481 graecae
2711 3409 2938 3464 delicias
2959 3408 3150 3480 pietati
3190 3424 3407 3479 quoque
3450 3405 3761 3476 Operantis,
3816 3408 3867 3458 in

2283 3519 2485 3574 corpus
2535 3518 2708 3557 unum
2765 3518 3027 3558 revocare
3095 3503 3279 3557 omnia
3344 3514 3483 3571 quae
3562 3497 3868 3553 Macariun

2282 3603 2583 3664 agnoscunt
2607 3601 2909 3659 auctorem,
2940 3593 3237 3647 Maearium
3277 3591 3520 3661 inquam,
3556 3606 3733 3659 quem
3762 3589 3872 3641 exi-

2282 3684 2568 3739 stimamus
2595 3698 2716 3738 esse
2766 3681 3109 3753 Aegyptium.
3161 3683 3298 3737 Nam
3348 3696 3487 3750 quae
3542 3679 3602 3734 in
3666 3678 3868 3733 biblio-

2283 3775 2441 3830 theca
2462 3775 2688 3829 Paulina
2728 3774 3005 3845 Lipsiensi
3060 3773 3433 3843 manuscripta
3482 3781 3695 3835 exstat,
3742 3781 3803 3825 et
3843 3786 3873 3822 ι

2282 3867 2573 3923 Guilielmo
2599 3866 2764 3921 Cavio
2797 3882 2861 3921 ac
2888 3866 3088 3921 Iacobo
3113 3866 3288 3920 Tollio
3323 3864 3379 3918 in
3413 3863 3655 3917 latinum
3708 3860 3873 3916 simul

2284 3975 2544 4015 conversa
2582 3959 2799 4030 prodita
2834 3968 2919 4014 est
2957 3958 3035 4013 De
3066 3961 3278 4015 animae
3317 3958 3577 4010 iustorum
3628 3964 3873 4025 peccato-

2285 4069 2503 4123 rumque
2521 4053 2660 4106 exitu
2686 4051 2873 4107 Oratio
2893 4052 2993 4124 (5),
3016 4060 3073 4106 et
3099 4050 3156 4104 in
3176 4048 3338 4104 titulo
3358 4045 3743 4102 Alexandrino
3764 4044 3877 4098 lla-

2285 4146 2435 4201 cario
2464 4145 2815 4210 adscribitur,
2845 4154 2903 4199 et
2931 4144 3103 4198 aniles
3137 4142 3459 4211 ineptasque
3480 4138 3875 4192 fabulasemn-

2284 4237 2563 4309 plectitur,
2592 4244 2652 4290 ut
2672 4236 2994 4291 recentioris
3025 4234 3309 4290 cuiusdam
3363 4229 3611 4303 graeculi
3676 4228 3875 4282 videa-

2286 4338 2377 4383 tur
2401 4343 2520 4383 esse
2552 4335 2942 4392 commentum,
2970 4342 3073 4382 nec
3098 4325 3329 4397 proinde
3359 4323 3453 4378 hic
3476 4323 3665 4378 locum
3708 4320 3875 4374 inve.

2286 4419 2405 4474 nire
2436 4418 2696 4489 potuerit.

2356 4511 2494 4567 XIV.
2524 4510 2673 4577 Quae
2705 4526 2835 4565 vero
2856 4510 3000 4565 circa
3033 4510 3296 4566 Homilias
3329 4523 3360 4563 a
3396 4508 3559 4562 nobis
3573 4507 3688 4562 sint
3709 4521 3885 4577 pm

2285 4604 2432 4666 stita,
2467 4602 2535 4657 de
2557 4602 2625 4656 iis
2653 4601 2710 4655 in
2742 4602 3077 4671 praefatione
3115 4602 3182 4656 ad
3232 4600 3454 4656 easdem
3499 4608 3681 4654 actum
3750 4597 3885 4651 fuit.

2285 4694 2441 4748 Nunc
2466 4708 2598 4747 vero
2631 4691 2764 4762 quid
2812 4692 2957 4746 circa
3001 4691 3297 4761 Opuscula,
3339 4705 3482 4759 quae
3531 4697 3887 4758 sequuntur.

2286 4786 2526 4857 quidque
2581 4785 2727 4840 circa
2756 4782 3227 4854 ApOphthegmata
3268 4784 3565 4852 egerimus,
3623 4782 3895 4836 breviter

2289 4877 2643 4932 indicandum
2680 4884 2782 4930 est.
2818 4877 2878 4930 In
2904 4875 3401 4946 Opusculis‘autem
3454 4874 3564 4927 illis
3603 4872 3698 4927 VII
3748 4873 3898 4926 Pos-

2287 4968 2394 5023 sini
2430 4968 2748 5033 editionem,
2793 4983 2917 5021 cum
2971 4968 3357 5037 manuscriptis
3406 4967 3904 5022 destitueremur.

2287 5059 2463 5115 secuti
2520 5074 2729 5123 sumus,
2758 5058 2988 5113 sublatis
3054 5067 3259 5124 tamen,
3308 5074 3450 5127 quae
3514 5057 3568 5110 in
3616 5055 3907 5109 editione

2286 5152 2603 5206 Possiniana
2624 5149 2957 5220 apparebant
2973 5149 3435 5220 frequentissime,
3467 5148 3915 5217 sphalmatihus

2290 5245 2712 5316 typographicis.
2743 5245 2926 5313 Longe
2945 5243 3102 5312 plura
3117 5242 3266 5297 circa
3302 5242 3603 5295 versionem
3631 5239 3915 5293 latinam

2292 5338 2499 5407 agenda
2547 5336 2873 5391 invenimus.
2912 5335 3168 5389 Possinus
3206 5334 3354 5387 enim
3393 5348 3561 5402 genus
3586 5332 3921 5402 interpre~

2294 5431 2443 5484 tandi
2469 5430 2698 5485 liberius
2718 5439 2957 5491 secutus,
2986 5427 3216 5481 mirifice
3234 5443 3348 5481 non
3382 5426 3390 5495 |
3426 5442 3545 5481 raro
3571 5436 3919 5495 evagatur.

2296 5530 2356 5575 ut
2394 5524 2841 5578 commentatoris
2871 5522 3071 5591 potius,
3103 5535 3266 5591 quam
3319 5516 3628 5588 interpretis
3700 5528 3929 5586 partes

2296 5616 2599 5684 suscepisse
2630 5615 2807 5671 videri
2830 5614 3038 5685 possit;
3084 5628 3223 5681 quae
3260 5611 3496 5665 instituti
3540 5609 3706 5663 ratio
3782 5612 3935 5663 lit-+1

2124 5728 2375 5786 NOTAE.

797 5810 1104 5896 ﬂaverint;
1126 5814 1257 5896 fit;
1270 5815 1334 5896 P.
1347 5814 1425 5896 'II
1454 5834 1530 5896 ξ
1541 5818 1632 5874 76,

694 5879 767 5950 (2)
796 5881 872 5935 Id.
916 5883 1047 5936 Hist.
1080 5884 1177 5938 Lit.
1219 5886 1276 5939 ιι.
1309 5884 1365 5941 II
1392 5879 1553 5955 p.75.

2292 5822 2720 5966 “glpldmlglist.
2756 5824 2856 5879 Lit.
2882 5822 2943 5879 P.
2973 5823 3001 5879 1
3039 5841 3090 5895 p.
3120 5822 3242 5879 708.
3280 5824 3489 5879 Tollius
3511 5818 3757 5887 Insign.
3784 5818 3941 5873 Ῑεὲττ.
