  <div class='ocr_page' id='page_1' title='image "/cluster/home/n/w/nwhite01/storage/ocr_20150623/34/hvd.32044019207760/194.png"; bbox 0 0 3948 6536; ppageno 0'>
   <div class='ocr_carea' id='block_1_1' title="bbox 165 413 254 469">
    <p class='ocr_par' dir='ltr' id='par_1_1' title="bbox 165 413 254 469">
     <span class='ocr_line' id='line_1_1' title="bbox 165 413 254 469; baseline -0.011 0"><span class='ocrx_word' id='word_1_1' title='bbox 165 413 254 469; x_wconf 79' lang='lat'><strong>365</strong></span> 
     </span>
    </p>
   </div>
   <div class='ocr_carea' id='block_1_2' title="bbox 963 419 2531 490">
    <p class='ocr_par' dir='ltr' id='par_1_2' title="bbox 963 419 2531 490">
     <span class='ocr_line' id='line_1_2' title="bbox 963 419 2531 490; baseline 0.01 -16"><span class='ocrx_word' id='word_1_2' title='bbox 963 419 1054 474; x_wconf 80' lang='lat' dir='ltr'><strong>AD</strong></span> <span class='ocrx_word' id='word_1_3' title='bbox 1092 420 1467 479; x_wconf 82' lang='lat' dir='ltr'><strong>EDITIONEM</strong></span> <span class='ocrx_word' id='word_1_4' title='bbox 1505 423 1743 482; x_wconf 86' lang='lat' dir='ltr'><strong>OPUSC.</strong></span> <span class='ocrx_word' id='word_1_5' title='bbox 1787 428 1842 484; x_wconf 89' lang='lat' dir='ltr'><strong>S.</strong></span> <span class='ocrx_word' id='word_1_6' title='bbox 1882 431 2166 489; x_wconf 83' lang='lat' dir='ltr'><strong>MACARII</strong></span> <span class='ocrx_word' id='word_1_7' title='bbox 2198 433 2531 490; x_wconf 82' lang='lat' dir='ltr'><strong>AEGYPTII.</strong></span> 
     </span>
    </p>
   </div>
   <div class='ocr_carea' id='block_1_3' title="bbox 3235 430 3343 490">
    <p class='ocr_par' dir='ltr' id='par_1_3' title="bbox 3235 430 3343 490">
     <span class='ocr_line' id='line_1_3' title="bbox 3235 430 3343 490; baseline 0 0"><span class='ocrx_word' id='word_1_8' title='bbox 3235 430 3343 490; x_wconf 72' lang='lat'><strong>506</strong></span> 
     </span>
    </p>
   </div>
   <div class='ocr_carea' id='block_1_4' title="bbox 161 524 3343 618">
    <p class='ocr_par' dir='ltr' id='par_1_4' title="bbox 161 524 3343 618">
     <span class='ocr_line' id='line_1_4' title="bbox 161 524 3343 618; baseline 0.008 -36"><span class='ocrx_word' id='word_1_9' title='bbox 161 542 266 585; x_wconf 88' lang='lat' dir='ltr'><strong>cum</strong></span> <span class='ocrx_word' id='word_1_10' title='bbox 292 524 459 618; x_wconf 86' lang='lat' dir='ltr'><strong>aliqua</strong></span> <span class='ocrx_word' id='word_1_11' title='bbox 486 525 708 585; x_wconf 79' lang='lat' dir='ltr'><strong>lectoris</strong></span> <span class='ocrx_word' id='word_1_12' title='bbox 737 532 972 590; x_wconf 75' lang='lat' dir='ltr'><strong>utilitate</strong></span> <span class='ocrx_word' id='word_1_13' title='bbox 1005 537 1295 595; x_wconf 90' lang='lat' dir='ltr'><strong>coniuncta</strong></span> <span class='ocrx_word' id='word_1_14' title='bbox 1323 540 1415 605; x_wconf 89' lang='lat' dir='ltr'><strong>sit,</strong></span> <span class='ocrx_word' id='word_1_15' title='bbox 1448 543 1567 597; x_wconf 89' lang='lat' dir='ltr'><strong>eius</strong></span> <span class='ocrx_word' id='word_1_16' title='bbox 1609 550 1688 597; x_wconf 92' lang='lat' dir='ltr'><strong>ta-</strong></span> <span class='ocrx_word' id='word_1_17' title='bbox 1715 550 1759 606; x_wconf 82' lang='lat' dir='ltr'><strong>A</strong></span> <span class='ocrx_word' id='word_1_18' title='bbox 1784 548 1870 602; x_wconf 86' lang='lat' dir='ltr'><strong>vel</strong></span> <span class='ocrx_word' id='word_1_19' title='bbox 1899 548 2041 605; x_wconf 82' lang='lat' dir='ltr'><strong>vitae</strong></span> <span class='ocrx_word' id='word_1_20' title='bbox 2073 549 2298 604; x_wconf 85' lang='lat' dir='ltr'><strong>delicias</strong></span> <span class='ocrx_word' id='word_1_21' title='bbox 2333 557 2391 604; x_wconf 91' lang='lat' dir='ltr'><strong>et</strong></span> <span class='ocrx_word' id='word_1_22' title='bbox 2420 563 2541 603; x_wconf 90' lang='lat' dir='ltr'><strong>com</strong></span> <span class='ocrx_word' id='word_1_23' title='bbox 2572 547 2583 618; x_wconf 81' lang='grc' dir='ltr'><strong>Ι</strong></span> <span class='ocrx_word' id='word_1_24' title='bbox 2613 546 2779 602; x_wconf 87' lang='lat' dir='ltr'><strong>moda-</strong></span> <span class='ocrx_word' id='word_1_25' title='bbox 2816 546 3010 617; x_wconf 89' lang='lat' dir='ltr'><strong>cupide</strong></span> <span class='ocrx_word' id='word_1_26' title='bbox 3061 557 3343 605; x_wconf 82' lang='lat' dir='ltr'><strong>consecta-</strong></span> 
     </span>
    </p>
   </div>
   <div class='ocr_carea' id='block_1_5' title="bbox 157 614 1686 687">
    <p class='ocr_par' dir='ltr' id='par_1_5' title="bbox 157 614 1686 687">
     <span class='ocr_line' id='line_1_5' title="bbox 157 614 1686 687; baseline 0.016 -23"><span class='ocrx_word' id='word_1_27' title='bbox 157 628 281 680; x_wconf 77' lang='lat' dir='ltr'><strong>mea,</strong></span> <span class='ocrx_word' id='word_1_28' title='bbox 303 614 389 684; x_wconf 91' lang='lat' dir='ltr'><strong>qui</strong></span> <span class='ocrx_word' id='word_1_29' title='bbox 411 628 716 674; x_wconf 87' lang='lat' dir='ltr'><strong>sermonem</strong></span> <span class='ocrx_word' id='word_1_30' title='bbox 746 623 976 680; x_wconf 83' lang='lat' dir='ltr'><strong>alicuius</strong></span> <span class='ocrx_word' id='word_1_31' title='bbox 1014 626 1070 681; x_wconf 83' lang='lat' dir='ltr'><strong>in</strong></span> <span class='ocrx_word' id='word_1_32' title='bbox 1113 628 1263 683; x_wconf 85' lang='lat' dir='ltr'><strong>aliud</strong></span> <span class='ocrx_word' id='word_1_33' title='bbox 1314 629 1515 685; x_wconf 88' lang='lat' dir='ltr'><strong>idioma</strong></span> <span class='ocrx_word' id='word_1_34' title='bbox 1557 647 1686 687; x_wconf 92' lang='lat' dir='ltr'><strong>con-</strong></span> 
     </span>
    </p>
   </div>
   <div class='ocr_carea' id='block_1_6' title="bbox 155 704 1685 786">
    <p class='ocr_par' dir='ltr' id='par_1_6' title="bbox 155 704 1685 786">
     <span class='ocr_line' id='line_1_6' title="bbox 155 704 1685 786; baseline 0.009 -24"><span class='ocrx_word' id='word_1_35' title='bbox 155 716 342 763; x_wconf 80' lang='lat' dir='ltr'><strong>vertere</strong></span> <span class='ocrx_word' id='word_1_36' title='bbox 374 704 626 774; x_wconf 83' lang='lat' dir='ltr'><strong>instituit,</strong></span> <span class='ocrx_word' id='word_1_37' title='bbox 651 710 853 769; x_wconf 85' lang='lat' dir='ltr'><strong>limites</strong></span> <span class='ocrx_word' id='word_1_38' title='bbox 884 715 1182 786; x_wconf 83' lang='lat' dir='ltr'><strong>egreditur,</strong></span> <span class='ocrx_word' id='word_1_39' title='bbox 1211 733 1336 773; x_wconf 89' lang='lat' dir='ltr'><strong>cum</strong></span> <span class='ocrx_word' id='word_1_40' title='bbox 1373 718 1488 775; x_wconf 82' lang='lat' dir='ltr'><strong>sine</strong></span> <span class='ocrx_word' id='word_1_41' title='bbox 1517 719 1685 776; x_wconf 89' lang='lat' dir='ltr'><strong>dubio</strong></span> 
     </span>
    </p>
   </div>
   <div class='ocr_carea' id='block_1_7' title="bbox 154 794 1683 879">
    <p class='ocr_par' dir='ltr' id='par_1_7' title="bbox 154 794 1683 879">
     <span class='ocr_line' id='line_1_7' title="bbox 154 794 1683 879; baseline 0.008 -27"><span class='ocrx_word' id='word_1_42' title='bbox 154 799 243 852; x_wconf 91' lang='lat' dir='ltr'><strong>hoc</strong></span> <span class='ocrx_word' id='word_1_43' title='bbox 270 795 336 850; x_wconf 90' lang='lat' dir='ltr'><strong>sit</strong></span> <span class='ocrx_word' id='word_1_44' title='bbox 359 794 620 864; x_wconf 88' lang='lat' dir='ltr'><strong>optimum</strong></span> <span class='ocrx_word' id='word_1_45' title='bbox 648 799 1040 871; x_wconf 85' lang='lat' dir='ltr'><strong>interpretandi</strong></span> <span class='ocrx_word' id='word_1_46' title='bbox 1069 822 1260 875; x_wconf 86' lang='lat' dir='ltr'><strong>genus,</strong></span> <span class='ocrx_word' id='word_1_47' title='bbox 1309 823 1433 863; x_wconf 90' lang='lat' dir='ltr'><strong>cum</strong></span> <span class='ocrx_word' id='word_1_48' title='bbox 1472 809 1683 879; x_wconf 84' lang='lat' dir='ltr'><strong>simpli-</strong></span> 
     </span>
    </p>
   </div>
   <div class='ocr_carea' id='block_1_8' title="bbox 152 885 1684 961">
    <p class='ocr_par' dir='ltr' id='par_1_8' title="bbox 152 885 1684 961">
     <span class='ocr_line' id='line_1_8' title="bbox 152 885 1684 961; baseline 0.008 -19"><span class='ocrx_word' id='word_1_49' title='bbox 152 885 341 943; x_wconf 83' lang='lat' dir='ltr'><strong>cissime</strong></span> <span class='ocrx_word' id='word_1_50' title='bbox 367 885 550 941; x_wconf 82' lang='lat' dir='ltr'><strong>verbis</strong></span> <span class='ocrx_word' id='word_1_51' title='bbox 569 892 809 945; x_wconf 86' lang='lat' dir='ltr'><strong>auctoris</strong></span> <span class='ocrx_word' id='word_1_52' title='bbox 837 892 1172 961; x_wconf 91' lang='lat' dir='ltr'><strong>inhaeretur,</strong></span> <span class='ocrx_word' id='word_1_53' title='bbox 1208 908 1389 952; x_wconf 89' lang='lat' dir='ltr'><strong>mente</strong></span> <span class='ocrx_word' id='word_1_54' title='bbox 1416 898 1536 954; x_wconf 90' lang='lat' dir='ltr'><strong>eius</strong></span> <span class='ocrx_word' id='word_1_55' title='bbox 1565 899 1684 954; x_wconf 86' lang='lat' dir='ltr'><strong>sine</strong></span> 
     </span>
    </p>
   </div>
   <div class='ocr_carea' id='block_1_9' title="bbox 150 974 1679 1056">
    <p class='ocr_par' dir='ltr' id='par_1_9' title="bbox 150 974 1679 1056">
     <span class='ocr_line' id='line_1_9' title="bbox 150 974 1679 1056; baseline 0.006 -23"><span class='ocrx_word' id='word_1_56' title='bbox 150 974 425 1033; x_wconf 85' lang='lat' dir='ltr'><strong>ambitiosis</strong></span> <span class='ocrx_word' id='word_1_57' title='bbox 449 976 581 1033; x_wconf 90' lang='lat' dir='ltr'><strong>hinc</strong></span> <span class='ocrx_word' id='word_1_58' title='bbox 624 978 751 1036; x_wconf 90' lang='lat' dir='ltr'><strong>inde</strong></span> <span class='ocrx_word' id='word_1_59' title='bbox 792 983 1212 1040; x_wconf 84' lang='lat' dir='ltr'><strong>excursionibus</strong></span> <span class='ocrx_word' id='word_1_60' title='bbox 1259 994 1679 1056; x_wconf 83' lang='lat' dir='ltr'><strong>repraesentata.</strong></span> 
     </span>
    </p>
   </div>
   <div class='ocr_carea' id='block_1_10' title="bbox 147 1067 1684 1147">
    <p class='ocr_par' dir='ltr' id='par_1_10' title="bbox 147 1067 1684 1147">
     <span class='ocr_line' id='line_1_10' title="bbox 147 1067 1684 1147; baseline 0.007 -24"><span class='ocrx_word' id='word_1_61' title='bbox 147 1067 380 1123; x_wconf 86' lang='lat' dir='ltr'><strong>Pessinus</strong></span> <span class='ocrx_word' id='word_1_62' title='bbox 405 1081 538 1122; x_wconf 90' lang='lat' dir='ltr'><strong>vero</strong></span> <span class='ocrx_word' id='word_1_63' title='bbox 558 1077 613 1123; x_wconf 88' lang='lat' dir='ltr'><strong>et</strong></span> <span class='ocrx_word' id='word_1_64' title='bbox 638 1072 885 1129; x_wconf 86' lang='lat' dir='ltr'><strong>excurrit</strong></span> <span class='ocrx_word' id='word_1_65' title='bbox 919 1074 1274 1142; x_wconf 88' lang='lat' dir='ltr'><strong>creberrime,</strong></span> <span class='ocrx_word' id='word_1_66' title='bbox 1306 1084 1363 1132; x_wconf 90' lang='lat' dir='ltr'><strong>et</strong></span> <span class='ocrx_word' id='word_1_67' title='bbox 1402 1084 1684 1147; x_wconf 87' lang='lat' dir='ltr'><strong>praeterea</strong></span> 
     </span>
    </p>
   </div>
   <div class='ocr_carea' id='block_1_11' title="bbox 148 1156 1682 1232">
    <p class='ocr_par' dir='ltr' id='par_1_11' title="bbox 148 1156 1682 1232">
     <span class='ocr_line' id='line_1_11' title="bbox 148 1156 1682 1232; baseline 0.008 -21"><span class='ocrx_word' id='word_1_68' title='bbox 148 1172 296 1227; x_wconf 84' lang='lat' dir='ltr'><strong>genus</strong></span> <span class='ocrx_word' id='word_1_69' title='bbox 322 1156 579 1225; x_wconf 88' lang='lat' dir='ltr'><strong>loquendi</strong></span> <span class='ocrx_word' id='word_1_70' title='bbox 605 1162 854 1232; x_wconf 87' lang='lat' dir='ltr'><strong>sequitur</strong></span> <span class='ocrx_word' id='word_1_71' title='bbox 894 1163 1209 1232; x_wconf 86' lang='lat' dir='ltr'><strong>fastuosius,</strong></span> <span class='ocrx_word' id='word_1_72' title='bbox 1246 1182 1310 1222; x_wconf 90' lang='lat' dir='ltr'><strong>ac</strong></span> <span class='ocrx_word' id='word_1_73' title='bbox 1359 1169 1524 1223; x_wconf 86' lang='lat' dir='ltr'><strong>altius</strong></span> <span class='ocrx_word' id='word_1_74' title='bbox 1556 1184 1682 1223; x_wconf 90' lang='lat' dir='ltr'><strong>ver-</strong></span> 
     </span>
    </p>
   </div>
   <div class='ocr_carea' id='block_1_12' title="bbox 145 1246 1679 1326">
    <p class='ocr_par' dir='ltr' id='par_1_12' title="bbox 145 1246 1679 1326">
     <span class='ocr_line' id='line_1_12' title="bbox 145 1246 1679 1326; baseline 0.009 -24"><span class='ocrx_word' id='word_1_75' title='bbox 145 1248 217 1303; x_wconf 88' lang='lat' dir='ltr'><strong>bis</strong></span> <span class='ocrx_word' id='word_1_76' title='bbox 244 1246 497 1319; x_wconf 80' lang='lat' dir='ltr'><strong>adsurgit,</strong></span> <span class='ocrx_word' id='word_1_77' title='bbox 536 1267 700 1322; x_wconf 90' lang='lat' dir='ltr'><strong>quam</strong></span> <span class='ocrx_word' id='word_1_78' title='bbox 735 1255 1090 1326; x_wconf 87' lang='lat' dir='ltr'><strong>interpretem</strong></span> <span class='ocrx_word' id='word_1_79' title='bbox 1137 1258 1332 1315; x_wconf 88' lang='lat' dir='ltr'><strong>decere</strong></span> <span class='ocrx_word' id='word_1_80' title='bbox 1372 1261 1679 1316; x_wconf 84' lang='lat' dir='ltr'><strong>videbatur.</strong></span> 
     </span>
    </p>
   </div>
   <div class='ocr_carea' id='block_1_13' title="bbox 142 1339 1683 1424">
    <p class='ocr_par' dir='ltr' id='par_1_13' title="bbox 142 1339 1683 1424">
     <span class='ocr_line' id='line_1_13' title="bbox 142 1339 1683 1424; baseline 0.008 -28"><span class='ocrx_word' id='word_1_81' title='bbox 142 1341 237 1396; x_wconf 87' lang='lat' dir='ltr'><strong>Nos</strong></span> <span class='ocrx_word' id='word_1_82' title='bbox 263 1339 441 1409; x_wconf 86' lang='lat' dir='ltr'><strong>itaque</strong></span> <span class='ocrx_word' id='word_1_83' title='bbox 468 1345 744 1414; x_wconf 92' lang='lat' dir='ltr'><strong>superﬂua</strong></span> <span class='ocrx_word' id='word_1_84' title='bbox 766 1350 1125 1417; x_wconf 90' lang='lat' dir='ltr'><strong>resecuimus,</strong></span> <span class='ocrx_word' id='word_1_85' title='bbox 1158 1358 1216 1407; x_wconf 91' lang='lat' dir='ltr'><strong>et</strong></span> <span class='ocrx_word' id='word_1_86' title='bbox 1258 1367 1398 1422; x_wconf 90' lang='lat' dir='ltr'><strong>quae</strong></span> <span class='ocrx_word' id='word_1_87' title='bbox 1453 1368 1683 1424; x_wconf 92' lang='lat' dir='ltr'><strong>pompo—</strong></span> 
     </span>
    </p>
   </div>
   <div class='ocr_carea' id='block_1_14' title="bbox 141 1430 1683 1511">
    <p class='ocr_par' dir='ltr' id='par_1_14' title="bbox 141 1430 1683 1511">
     <span class='ocr_line' id='line_1_14' title="bbox 141 1430 1683 1511; baseline 0.009 -25"><span class='ocrx_word' id='word_1_88' title='bbox 141 1431 240 1486; x_wconf 88' lang='lat' dir='ltr'><strong>sius</strong></span> <span class='ocrx_word' id='word_1_89' title='bbox 285 1430 557 1499; x_wconf 90' lang='lat' dir='ltr'><strong>dicuntur,</strong></span> <span class='ocrx_word' id='word_1_90' title='bbox 603 1443 925 1509; x_wconf 90' lang='lat' dir='ltr'><strong>tumoreque</strong></span> <span class='ocrx_word' id='word_1_91' title='bbox 981 1442 1165 1511; x_wconf 90' lang='lat' dir='ltr'><strong>aliquo</strong></span> <span class='ocrx_word' id='word_1_92' title='bbox 1212 1442 1398 1498; x_wconf 89' lang='lat' dir='ltr'><strong>inﬂata</strong></span> <span class='ocrx_word' id='word_1_93' title='bbox 1438 1454 1585 1510; x_wconf 92' lang='lat' dir='ltr'><strong>sunt,</strong></span> <span class='ocrx_word' id='word_1_94' title='bbox 1614 1445 1683 1500; x_wconf 89' lang='lat' dir='ltr'><strong>ad</strong></span> 
     </span>
    </p>
   </div>
   <div class='ocr_carea' id='block_1_15' title="bbox 141 1518 1683 1601">
    <p class='ocr_par' dir='ltr' id='par_1_15' title="bbox 141 1518 1683 1601">
     <span class='ocr_line' id='line_1_15' title="bbox 141 1518 1683 1601; baseline 0.012 -28"><span class='ocrx_word' id='word_1_95' title='bbox 141 1518 435 1574; x_wconf 88' lang='lat' dir='ltr'><strong>modestiam</strong></span> <span class='ocrx_word' id='word_1_96' title='bbox 468 1524 795 1595; x_wconf 85' lang='lat' dir='ltr'><strong>rcdegimus,</strong></span> <span class='ocrx_word' id='word_1_97' title='bbox 840 1530 896 1585; x_wconf 91' lang='lat' dir='ltr'><strong>id</strong></span> <span class='ocrx_word' id='word_1_98' title='bbox 940 1531 1143 1601; x_wconf 91' lang='lat' dir='ltr'><strong>ubique</strong></span> <span class='ocrx_word' id='word_1_99' title='bbox 1190 1533 1380 1588; x_wconf 89' lang='lat' dir='ltr'><strong>sedulo</strong></span> <span class='ocrx_word' id='word_1_100' title='bbox 1422 1544 1683 1593; x_wconf 90' lang='lat' dir='ltr'><strong>navantes</strong></span> 
     </span>
    </p>
   </div>
   <div class='ocr_carea' id='block_1_16' title="bbox 139 1614 1683 1690">
    <p class='ocr_par' dir='ltr' id='par_1_16' title="bbox 139 1614 1683 1690">
     <span class='ocr_line' id='line_1_16' title="bbox 139 1614 1683 1690; baseline 0.012 -26"><span class='ocrx_word' id='word_1_101' title='bbox 139 1626 357 1680; x_wconf 84' lang='lat' dir='ltr'><strong>operam,</strong></span> <span class='ocrx_word' id='word_1_102' title='bbox 384 1621 443 1665; x_wconf 92' lang='lat' dir='ltr'><strong>ut</strong></span> <span class='ocrx_word' id='word_1_103' title='bbox 469 1614 686 1671; x_wconf 85' lang='lat' dir='ltr'><strong>Macarii</strong></span> <span class='ocrx_word' id='word_1_104' title='bbox 704 1621 937 1690; x_wconf 87' lang='lat' dir='ltr'><strong>cogitata</strong></span> <span class='ocrx_word' id='word_1_105' title='bbox 962 1623 1144 1678; x_wconf 87' lang='lat' dir='ltr'><strong>verbis</strong></span> <span class='ocrx_word' id='word_1_106' title='bbox 1165 1622 1219 1677; x_wconf 91' lang='lat' dir='ltr'><strong>in</strong></span> <span class='ocrx_word' id='word_1_107' title='bbox 1248 1624 1416 1680; x_wconf 87' lang='lat' dir='ltr'><strong>latino</strong></span> <span class='ocrx_word' id='word_1_108' title='bbox 1433 1641 1683 1683; x_wconf 88' lang='lat' dir='ltr'><strong>sermone</strong></span> 
     </span>
    </p>
   </div>
   <div class='ocr_carea' id='block_1_17' title="bbox 138 1701 1683 1781">
    <p class='ocr_par' dir='ltr' id='par_1_17' title="bbox 138 1701 1683 1781">
     <span class='ocr_line' id='line_1_17' title="bbox 138 1701 1683 1781; baseline 0.012 -28"><span class='ocrx_word' id='word_1_109' title='bbox 138 1701 440 1771; x_wconf 78' lang='lat' dir='ltr'><strong>perSpicuis,</strong></span> <span class='ocrx_word' id='word_1_110' title='bbox 474 1706 652 1774; x_wconf 88' lang='lat' dir='ltr'><strong>planis</strong></span> <span class='ocrx_word' id='word_1_111' title='bbox 700 1719 757 1764; x_wconf 90' lang='lat' dir='ltr'><strong>et</strong></span> <span class='ocrx_word' id='word_1_112' title='bbox 798 1720 992 1781; x_wconf 89' lang='lat' dir='ltr'><strong>sponte</strong></span> <span class='ocrx_word' id='word_1_113' title='bbox 1038 1713 1335 1769; x_wconf 88' lang='lat' dir='ltr'><strong>ﬂuentibus</strong></span> <span class='ocrx_word' id='word_1_114' title='bbox 1384 1715 1683 1772; x_wconf 90' lang='lat' dir='ltr'><strong>lectoribus</strong></span> 
     </span>
    </p>
   </div>
   <div class='ocr_carea' id='block_1_18' title="bbox 138 1793 1680 1877">
    <p class='ocr_par' dir='ltr' id='par_1_18' title="bbox 138 1793 1680 1877">
     <span class='ocr_line' id='line_1_18' title="bbox 138 1793 1680 1877; baseline 0.01 -30"><span class='ocrx_word' id='word_1_115' title='bbox 138 1793 499 1849; x_wconf 84' lang='lat' dir='ltr'><strong>exhibeantur.</strong></span> <span class='ocrx_word' id='word_1_116' title='bbox 532 1796 647 1864; x_wconf 87' lang='lat' dir='ltr'><strong>Qua</strong></span> <span class='ocrx_word' id='word_1_117' title='bbox 679 1799 735 1854; x_wconf 90' lang='lat' dir='ltr'><strong>in</strong></span> <span class='ocrx_word' id='word_1_118' title='bbox 761 1817 821 1855; x_wconf 90' lang='lat' dir='ltr'><strong>re</strong></span> <span class='ocrx_word' id='word_1_119' title='bbox 846 1804 1068 1872; x_wconf 88' lang='lat' dir='ltr'><strong>quidem</strong></span> <span class='ocrx_word' id='word_1_120' title='bbox 1100 1805 1246 1860; x_wconf 87' lang='lat' dir='ltr'><strong>haud</strong></span> <span class='ocrx_word' id='word_1_121' title='bbox 1276 1806 1501 1877; x_wconf 78' lang='lat' dir='ltr'><strong>exiguae</strong></span> <span class='ocrx_word' id='word_1_122' title='bbox 1547 1809 1680 1864; x_wconf 89' lang='lat' dir='ltr'><strong>tole-</strong></span> 
     </span>
    </p>
   </div>
   <div class='ocr_carea' id='block_1_19' title="bbox 1787 640 3344 712">
    <p class='ocr_par' dir='ltr' id='par_1_19' title="bbox 1787 640 3344 712">
     <span class='ocr_line' id='line_1_19' title="bbox 1787 640 3344 712; baseline 0.002 -19"><span class='ocrx_word' id='word_1_123' title='bbox 1787 647 1913 694; x_wconf 89' lang='lat' dir='ltr'><strong>tur:</strong></span> <span class='ocrx_word' id='word_1_124' title='bbox 1954 640 2132 696; x_wconf 93' lang='lat' dir='ltr'><strong>eidem</strong></span> <span class='ocrx_word' id='word_1_125' title='bbox 2154 656 2263 695; x_wconf 90' lang='lat' dir='ltr'><strong>non</strong></span> <span class='ocrx_word' id='word_1_126' title='bbox 2295 648 2525 712; x_wconf 91' lang='lat' dir='ltr'><strong>possunt</strong></span> <span class='ocrx_word' id='word_1_127' title='bbox 2552 656 2663 695; x_wconf 87' lang='lat' dir='ltr'><strong>non</strong></span> <span class='ocrx_word' id='word_1_128' title='bbox 2692 641 2779 695; x_wconf 90' lang='lat' dir='ltr'><strong>vel</strong></span> <span class='ocrx_word' id='word_1_129' title='bbox 2808 640 3017 710; x_wconf 87' lang='lat' dir='ltr'><strong>ingrata</strong></span> <span class='ocrx_word' id='word_1_130' title='bbox 3041 654 3161 696; x_wconf 90' lang='lat' dir='ltr'><strong>esse</strong></span> <span class='ocrx_word' id='word_1_131' title='bbox 3183 640 3344 711; x_wconf 62' lang='lat' dir='ltr'><strong>peni&quot;-</strong></span> 
     </span>
    </p>
   </div>
   <div class='ocr_carea' id='block_1_20' title="bbox 1784 727 3341 799">
    <p class='ocr_par' dir='ltr' id='par_1_20' title="bbox 1784 727 3341 799">
     <span class='ocr_line' id='line_1_20' title="bbox 1784 727 3341 799; baseline 0.001 -17"><span class='ocrx_word' id='word_1_132' title='bbox 1784 737 1873 784; x_wconf 89' lang='lat' dir='ltr'><strong>tus</strong></span> <span class='ocrx_word' id='word_1_133' title='bbox 1894 739 1950 785; x_wconf 91' lang='lat' dir='ltr'><strong>et</strong></span> <span class='ocrx_word' id='word_1_134' title='bbox 1975 728 2212 793; x_wconf 86' lang='lat' dir='ltr'><strong>fastidio,</strong></span> <span class='ocrx_word' id='word_1_135' title='bbox 2240 730 2326 784; x_wconf 91' lang='lat' dir='ltr'><strong>vel</strong></span> <span class='ocrx_word' id='word_1_136' title='bbox 2357 730 2514 799; x_wconf 89' lang='lat' dir='ltr'><strong>plane</strong></span> <span class='ocrx_word' id='word_1_137' title='bbox 2536 745 2646 783; x_wconf 90' lang='lat' dir='ltr'><strong>non</strong></span> <span class='ocrx_word' id='word_1_138' title='bbox 2669 728 3048 797; x_wconf 87' lang='lat' dir='ltr'><strong>intelligibilia,</strong></span> <span class='ocrx_word' id='word_1_139' title='bbox 3089 743 3228 797; x_wconf 86' lang='lat' dir='ltr'><strong>quae</strong></span> <span class='ocrx_word' id='word_1_140' title='bbox 3272 727 3341 783; x_wconf 90' lang='lat' dir='ltr'><strong>ab</strong></span> 
     </span>
    </p>
   </div>
   <div class='ocr_carea' id='block_1_21' title="bbox 1782 820 3344 891">
    <p class='ocr_par' dir='ltr' id='par_1_21' title="bbox 1782 820 3344 891">
     <span class='ocr_line' id='line_1_21' title="bbox 1782 820 3344 891; baseline 0.002 -18"><span class='ocrx_word' id='word_1_141' title='bbox 1782 820 2088 883; x_wconf 90' lang='lat' dir='ltr'><strong>animabus,</strong></span> <span class='ocrx_word' id='word_1_142' title='bbox 2115 830 2256 876; x_wconf 90' lang='lat' dir='ltr'><strong>totas</strong></span> <span class='ocrx_word' id='word_1_143' title='bbox 2281 836 2338 877; x_wconf 91' lang='lat' dir='ltr'><strong>se</strong></span> <span class='ocrx_word' id='word_1_144' title='bbox 2361 821 2767 875; x_wconf 81' lang='lat' dir='ltr'><strong>sublimioribus</strong></span> <span class='ocrx_word' id='word_1_145' title='bbox 2797 820 3213 891; x_wconf 80' lang='lat' dir='ltr'><strong>cogitationibus</strong></span> <span class='ocrx_word' id='word_1_146' title='bbox 3249 820 3344 876; x_wconf 89' lang='lat' dir='ltr'><strong>de-</strong></span> 
     </span>
    </p>
   </div>
   <div class='ocr_carea' id='block_1_22' title="bbox 1782 907 3344 981">
    <p class='ocr_par' dir='ltr' id='par_1_22' title="bbox 1782 907 3344 981">
     <span class='ocr_line' id='line_1_22' title="bbox 1782 907 3344 981; baseline 0.001 -19"><span class='ocrx_word' id='word_1_147' title='bbox 1782 908 2063 976; x_wconf 87' lang='lat' dir='ltr'><strong>dentibus,</strong></span> <span class='ocrx_word' id='word_1_148' title='bbox 2079 918 2136 964; x_wconf 91' lang='lat' dir='ltr'><strong>et</strong></span> <span class='ocrx_word' id='word_1_149' title='bbox 2158 926 2190 964; x_wconf 93' lang='lat' dir='ltr'><strong>a</strong></span> <span class='ocrx_word' id='word_1_150' title='bbox 2215 909 2402 965; x_wconf 90' lang='lat' dir='ltr'><strong>divino</strong></span> <span class='ocrx_word' id='word_1_151' title='bbox 2427 909 2633 981; x_wconf 89' lang='lat' dir='ltr'><strong>Spiritu</strong></span> <span class='ocrx_word' id='word_1_152' title='bbox 2655 908 2928 979; x_wconf 90' lang='lat' dir='ltr'><strong>copiosius</strong></span> <span class='ocrx_word' id='word_1_153' title='bbox 2947 908 3251 972; x_wconf 89' lang='lat' dir='ltr'><strong>illustratis,</strong></span> <span class='ocrx_word' id='word_1_154' title='bbox 3276 907 3344 963; x_wconf 92' lang='lat' dir='ltr'><strong>de</strong></span> 
     </span>
    </p>
   </div>
   <div class='ocr_carea' id='block_1_23' title="bbox 1781 998 3343 1071">
    <p class='ocr_par' dir='ltr' id='par_1_23' title="bbox 1781 998 3343 1071">
     <span class='ocr_line' id='line_1_23' title="bbox 1781 998 3343 1071; baseline -0.001 -16"><span class='ocrx_word' id='word_1_155' title='bbox 1781 999 1973 1056; x_wconf 90' lang='lat' dir='ltr'><strong>salutis</strong></span> <span class='ocrx_word' id='word_1_156' title='bbox 1999 1000 2269 1056; x_wconf 88' lang='lat' dir='ltr'><strong>humanae</strong></span> <span class='ocrx_word' id='word_1_157' title='bbox 2300 1002 2519 1071; x_wconf 85' lang='lat' dir='ltr'><strong>negotio</strong></span> <span class='ocrx_word' id='word_1_158' title='bbox 2550 1001 2755 1071; x_wconf 89' lang='lat' dir='ltr'><strong>Deique</strong></span> <span class='ocrx_word' id='word_1_159' title='bbox 2796 999 2853 1055; x_wconf 92' lang='lat' dir='ltr'><strong>in</strong></span> <span class='ocrx_word' id='word_1_160' title='bbox 2896 998 3105 1055; x_wconf 89' lang='lat' dir='ltr'><strong>animas</strong></span> <span class='ocrx_word' id='word_1_161' title='bbox 3150 1014 3343 1069; x_wconf 89' lang='lat' dir='ltr'><strong>opera-</strong></span> 
     </span>
    </p>
   </div>
   <div class='ocr_carea' id='block_1_24' title="bbox 1784 1091 3345 1164">
    <p class='ocr_par' dir='ltr' id='par_1_24' title="bbox 1784 1091 3345 1164">
     <span class='ocr_line' id='line_1_24' title="bbox 1784 1091 3345 1164; baseline -0.002 -16"><span class='ocrx_word' id='word_1_162' title='bbox 1784 1093 1931 1149; x_wconf 90' lang='lat' dir='ltr'><strong>tione</strong></span> <span class='ocrx_word' id='word_1_163' title='bbox 1961 1094 2242 1164; x_wconf 88' lang='lat' dir='ltr'><strong>praeclare</strong></span> <span class='ocrx_word' id='word_1_164' title='bbox 2266 1094 2631 1150; x_wconf 89' lang='lat' dir='ltr'><strong>disseruntur.</strong></span> <span class='ocrx_word' id='word_1_165' title='bbox 2668 1093 2775 1149; x_wconf 90' lang='lat' dir='ltr'><strong>Sed</strong></span> <span class='ocrx_word' id='word_1_166' title='bbox 2806 1093 2911 1162; x_wconf 85' lang='lat' dir='ltr'><strong>&#39;qui</strong></span> <span class='ocrx_word' id='word_1_167' title='bbox 2943 1092 3178 1163; x_wconf 87' lang='lat' dir='ltr'><strong>impulsu</strong></span> <span class='ocrx_word' id='word_1_168' title='bbox 3199 1091 3345 1146; x_wconf 87' lang='lat' dir='ltr'><strong>divi-</strong></span> 
     </span>
    </p>
   </div>
   <div class='ocr_carea' id='block_1_25' title="bbox 1780 1182 3345 1254">
    <p class='ocr_par' dir='ltr' id='par_1_25' title="bbox 1780 1182 3345 1254">
     <span class='ocr_line' id='line_1_25' title="bbox 1780 1182 3345 1254; baseline -0.003 -15"><span class='ocrx_word' id='word_1_169' title='bbox 1780 1185 1924 1240; x_wconf 91' lang='lat' dir='ltr'><strong>niori</strong></span> <span class='ocrx_word' id='word_1_170' title='bbox 1955 1185 2226 1241; x_wconf 85' lang='lat' dir='ltr'><strong>excitatus</strong></span> <span class='ocrx_word' id='word_1_171' title='bbox 2254 1186 2360 1242; x_wconf 88' lang='lat' dir='ltr'><strong>sibi</strong></span> <span class='ocrx_word' id='word_1_172' title='bbox 2381 1186 2489 1239; x_wconf 92' lang='lat' dir='ltr'><strong>iam</strong></span> <span class='ocrx_word' id='word_1_173' title='bbox 2522 1185 2803 1240; x_wconf 88' lang='lat' dir='ltr'><strong>attendere</strong></span> <span class='ocrx_word' id='word_1_174' title='bbox 2834 1184 3046 1254; x_wconf 80' lang='lat' dir='ltr'><strong>incipit,</strong></span> <span class='ocrx_word' id='word_1_175' title='bbox 3088 1193 3145 1238; x_wconf 87' lang='lat' dir='ltr'><strong>et</strong></span> <span class='ocrx_word' id='word_1_176' title='bbox 3186 1182 3242 1237; x_wconf 90' lang='lat' dir='ltr'><strong>id</strong></span> <span class='ocrx_word' id='word_1_177' title='bbox 3279 1196 3345 1235; x_wconf 90' lang='lat' dir='ltr'><strong>ea</strong></span> 
     </span>
    </p>
   </div>
   <div class='ocr_carea' id='block_1_26' title="bbox 1782 1270 3346 1346">
    <p class='ocr_par' dir='ltr' id='par_1_26' title="bbox 1782 1270 3346 1346">
     <span class='ocr_line' id='line_1_26' title="bbox 1782 1270 3346 1346; baseline -0.003 -16"><span class='ocrx_word' id='word_1_178' title='bbox 1782 1290 1906 1329; x_wconf 91' lang='lat' dir='ltr'><strong>cum</strong></span> <span class='ocrx_word' id='word_1_179' title='bbox 1931 1290 2081 1341; x_wconf 90' lang='lat' dir='ltr'><strong>cura,</strong></span> <span class='ocrx_word' id='word_1_180' title='bbox 2109 1291 2272 1346; x_wconf 89' lang='lat' dir='ltr'><strong>quam</strong></span> <span class='ocrx_word' id='word_1_181' title='bbox 2317 1275 2521 1345; x_wconf 82' lang='lat' dir='ltr'><strong>negotii</strong></span> <span class='ocrx_word' id='word_1_182' title='bbox 2572 1274 2815 1344; x_wconf 80' lang='lat' dir='ltr'><strong>exposcit</strong></span> <span class='ocrx_word' id='word_1_183' title='bbox 2859 1272 3199 1338; x_wconf 87' lang='lat' dir='ltr'><strong>sublimitas;</strong></span> <span class='ocrx_word' id='word_1_184' title='bbox 3249 1270 3346 1340; x_wconf 83' lang='lat' dir='ltr'><strong>qui</strong></span> 
     </span>
    </p>
   </div>
   <div class='ocr_carea' id='block_1_27' title="bbox 1780 1366 3348 1435">
    <p class='ocr_par' dir='ltr' id='par_1_27' title="bbox 1780 1366 3348 1435">
     <span class='ocr_line' id='line_1_27' title="bbox 1780 1366 3348 1435; baseline -0.003 -15"><span class='ocrx_word' id='word_1_185' title='bbox 1780 1381 1942 1435; x_wconf 91' lang='lat' dir='ltr'><strong>quam</strong></span> <span class='ocrx_word' id='word_1_186' title='bbox 1974 1367 2111 1421; x_wconf 85' lang='lat' dir='ltr'><strong>nihil</strong></span> <span class='ocrx_word' id='word_1_187' title='bbox 2153 1366 2221 1422; x_wconf 92' lang='lat' dir='ltr'><strong>ad</strong></span> <span class='ocrx_word' id='word_1_188' title='bbox 2268 1382 2455 1425; x_wconf 88' lang='lat' dir='ltr'><strong>veram</strong></span> <span class='ocrx_word' id='word_1_189' title='bbox 2502 1366 2747 1421; x_wconf 87' lang='lat' dir='ltr'><strong>hominis</strong></span> <span class='ocrx_word' id='word_1_190' title='bbox 2791 1373 3243 1432; x_wconf 89' lang='lat' dir='ltr'><strong>constantemque</strong></span> <span class='ocrx_word' id='word_1_191' title='bbox 3289 1368 3348 1416; x_wconf 91' lang='lat' dir='ltr'><strong>et</strong></span> 
     </span>
    </p>
   </div>
   <div class='ocr_carea' id='block_1_28' title="bbox 1780 1453 3346 1525">
    <p class='ocr_par' dir='ltr' id='par_1_28' title="bbox 1780 1453 3346 1525">
     <span class='ocr_line' id='line_1_28' title="bbox 1780 1453 3346 1525; baseline -0.003 -12"><span class='ocrx_word' id='word_1_192' title='bbox 1780 1469 2056 1515; x_wconf 86' lang='lat' dir='ltr'><strong>aeternam</strong></span> <span class='ocrx_word' id='word_1_193' title='bbox 2081 1459 2363 1515; x_wconf 84' lang='lat' dir='ltr'><strong>conferant</strong></span> <span class='ocrx_word' id='word_1_194' title='bbox 2406 1459 2721 1514; x_wconf 81' lang='lat' dir='ltr'><strong>felicitatem</strong></span> <span class='ocrx_word' id='word_1_195' title='bbox 2759 1456 2962 1520; x_wconf 89' lang='lat' dir='ltr'><strong>omnia,</strong></span> <span class='ocrx_word' id='word_1_196' title='bbox 3006 1470 3146 1525; x_wconf 88' lang='lat' dir='ltr'><strong>quae</strong></span> <span class='ocrx_word' id='word_1_197' title='bbox 3192 1453 3346 1522; x_wconf 85' lang='lat' dir='ltr'><strong>lapsa</strong></span> 
     </span>
    </p>
   </div>
   <div class='ocr_carea' id='block_1_29' title="bbox 1782 1545 3346 1617">
    <p class='ocr_par' dir='ltr' id='par_1_29' title="bbox 1782 1545 3346 1617">
     <span class='ocr_line' id='line_1_29' title="bbox 1782 1545 3346 1617; baseline -0.002 -18"><span class='ocrx_word' id='word_1_198' title='bbox 1782 1545 1837 1600; x_wconf 90' lang='lat' dir='ltr'><strong>in</strong></span> <span class='ocrx_word' id='word_1_199' title='bbox 1868 1555 2151 1616; x_wconf 85' lang='lat' dir='ltr'><strong>peccatum</strong></span> <span class='ocrx_word' id='word_1_200' title='bbox 2184 1548 2507 1617; x_wconf 89' lang='lat' dir='ltr'><strong>perditaque</strong></span> <span class='ocrx_word' id='word_1_201' title='bbox 2534 1556 2642 1605; x_wconf 90' lang='lat' dir='ltr'><strong>tam</strong></span> <span class='ocrx_word' id='word_1_202' title='bbox 2669 1546 2852 1617; x_wconf 81' lang='lat' dir='ltr'><strong>magni</strong></span> <span class='ocrx_word' id='word_1_203' title='bbox 2878 1547 3127 1600; x_wconf 89' lang='lat' dir='ltr'><strong>aestimat</strong></span> <span class='ocrx_word' id='word_1_204' title='bbox 3148 1550 3346 1597; x_wconf 88' lang='lat' dir='ltr'><strong>natura</strong></span> 
     </span>
    </p>
   </div>
   <div class='ocr_carea' id='block_1_30' title="bbox 1780 1631 3389 1703">
    <p class='ocr_par' dir='ltr' id='par_1_30' title="bbox 1780 1631 3389 1703">
     <span class='ocr_line' id='line_1_30' title="bbox 1780 1631 3389 1703; baseline -0.001 -13"><span class='ocrx_word' id='word_1_205' title='bbox 1780 1635 2017 1692; x_wconf 87' lang='lat' dir='ltr'><strong>humana</strong></span> <span class='ocrx_word' id='word_1_206' title='bbox 2038 1636 2285 1703; x_wconf 91' lang='lat' dir='ltr'><strong>edoctus,</strong></span> <span class='ocrx_word' id='word_1_207' title='bbox 2318 1638 2425 1692; x_wconf 91' lang='lat' dir='ltr'><strong>iam</strong></span> <span class='ocrx_word' id='word_1_208' title='bbox 2463 1637 2531 1692; x_wconf 92' lang='lat' dir='ltr'><strong>ad</strong></span> <span class='ocrx_word' id='word_1_209' title='bbox 2578 1638 2769 1700; x_wconf 91' lang='lat' dir='ltr'><strong>Deum,</strong></span> <span class='ocrx_word' id='word_1_210' title='bbox 2797 1634 3151 1690; x_wconf 87' lang='lat' dir='ltr'><strong>beatitudinis</strong></span> <span class='ocrx_word' id='word_1_211' title='bbox 3169 1631 3347 1688; x_wconf 90' lang='lat' dir='ltr'><strong>omnis</strong></span> <span class='ocrx_word' id='word_1_212' title='bbox 3386 1638 3389 1639; x_wconf 66' lang='grc'><strong><em>⁷</em></strong></span> 
     </span>
    </p>
   </div>
   <div class='ocr_carea' id='block_1_31' title="bbox 1778 1722 3346 1799">
    <p class='ocr_par' dir='ltr' id='par_1_31' title="bbox 1778 1722 3346 1799">
     <span class='ocr_line' id='line_1_31' title="bbox 1778 1722 3346 1799; baseline -0.003 -18"><span class='ocrx_word' id='word_1_213' title='bbox 1778 1726 2004 1792; x_wconf 83' lang='lat' dir='ltr'><strong>fontem,</strong></span> <span class='ocrx_word' id='word_1_214' title='bbox 2027 1738 2084 1784; x_wconf 92' lang='lat' dir='ltr'><strong>et</strong></span> <span class='ocrx_word' id='word_1_215' title='bbox 2101 1728 2169 1783; x_wconf 91' lang='lat' dir='ltr'><strong>ad</strong></span> <span class='ocrx_word' id='word_1_216' title='bbox 2189 1728 2287 1784; x_wconf 91' lang='lat' dir='ltr'><strong>Dei</strong></span> <span class='ocrx_word' id='word_1_217' title='bbox 2310 1728 2622 1799; x_wconf 84' lang='lat' dir='ltr'><strong>prepiorem</strong></span> <span class='ocrx_word' id='word_1_218' title='bbox 2643 1726 3088 1783; x_wconf 86' lang='lat' dir='ltr'><strong>coniunctionem</strong></span> <span class='ocrx_word' id='word_1_219' title='bbox 3114 1722 3346 1779; x_wconf 89' lang='lat' dir='ltr'><strong>sollicite</strong></span> 
     </span>
    </p>
   </div>
   <div class='ocr_carea' id='block_1_32' title="bbox 1778 1808 3345 1885">
    <p class='ocr_par' dir='ltr' id='par_1_32' title="bbox 1778 1808 3345 1885">
     <span class='ocr_line' id='line_1_32' title="bbox 1778 1808 3345 1885; baseline -0.005 -16"><span class='ocrx_word' id='word_1_220' title='bbox 1778 1815 2039 1885; x_wconf 89' lang='lat' dir='ltr'><strong>adspirat,</strong></span> <span class='ocrx_word' id='word_1_221' title='bbox 2064 1823 2121 1872; x_wconf 90' lang='lat' dir='ltr'><strong>et</strong></span> <span class='ocrx_word' id='word_1_222' title='bbox 2146 1815 2216 1871; x_wconf 91' lang='lat' dir='ltr'><strong>de</strong></span> <span class='ocrx_word' id='word_1_223' title='bbox 2262 1814 2556 1871; x_wconf 89' lang='lat' dir='ltr'><strong>obtinenda</strong></span> <span class='ocrx_word' id='word_1_224' title='bbox 2603 1814 2813 1868; x_wconf 90' lang='lat' dir='ltr'><strong>animae</strong></span> <span class='ocrx_word' id='word_1_225' title='bbox 2852 1828 2979 1867; x_wconf 85' lang='lat' dir='ltr'><strong>suae</strong></span> <span class='ocrx_word' id='word_1_226' title='bbox 3025 1810 3197 1865; x_wconf 90' lang='lat' dir='ltr'><strong>salute</strong></span> <span class='ocrx_word' id='word_1_227' title='bbox 3246 1808 3345 1862; x_wconf 89' lang='lat' dir='ltr'><strong>de-</strong></span> 
     </span>
    </p>
   </div>
   <div class='ocr_carea' id='block_1_33' title="bbox 138 1885 3343 1977">
    <p class='ocr_par' dir='ltr' id='par_1_33' title="bbox 138 1885 3343 1977">
     <span class='ocr_line' id='line_1_33' title="bbox 138 1885 3343 1977; baseline 0.003 -37"><span class='ocrx_word' id='word_1_228' title='bbox 138 1885 313 1977; x_wconf 78' lang='lat' dir='ltr'><strong>randae</strong></span> <span class='ocrx_word' id='word_1_229' title='bbox 336 1886 498 1943; x_wconf 90' lang='lat' dir='ltr'><strong>nobis</strong></span> <span class='ocrx_word' id='word_1_230' title='bbox 524 1888 745 1947; x_wconf 90' lang='lat' dir='ltr'><strong>fuerunt</strong></span> <span class='ocrx_word' id='word_1_231' title='bbox 787 1896 1089 1962; x_wconf 85' lang='lat' dir='ltr'><strong>molestiae,</strong></span> <span class='ocrx_word' id='word_1_232' title='bbox 1130 1913 1254 1953; x_wconf 92' lang='lat' dir='ltr'><strong>cum</strong></span> <span class='ocrx_word' id='word_1_233' title='bbox 1304 1899 1461 1970; x_wconf 89' lang='lat' dir='ltr'><strong>longe</strong></span> <span class='ocrx_word' id='word_1_234' title='bbox 1505 1901 1684 1956; x_wconf 82' lang='lat' dir='ltr'><strong>minus</strong></span> <span class='ocrx_word' id='word_1_235' title='bbox 1715 1909 1757 1964; x_wconf 88' lang='grc' dir='ltr'>Β</span> <span class='ocrx_word' id='word_1_236' title='bbox 1784 1914 1971 1965; x_wconf 84' lang='lat' dir='ltr'><strong>center</strong></span> <span class='ocrx_word' id='word_1_237' title='bbox 2001 1907 2229 1977; x_wconf 81' lang='lat' dir='ltr'><strong>satagit:</strong></span> <span class='ocrx_word' id='word_1_238' title='bbox 2278 1906 2367 1960; x_wconf 94' lang='lat' dir='ltr'><strong>ille</strong></span> <span class='ocrx_word' id='word_1_239' title='bbox 2411 1905 2630 1961; x_wconf 90' lang='lat' dir='ltr'><strong>demum</strong></span> <span class='ocrx_word' id='word_1_240' title='bbox 2687 1904 2744 1958; x_wconf 92' lang='lat' dir='ltr'><strong>in</strong></span> <span class='ocrx_word' id='word_1_241' title='bbox 2793 1902 3026 1957; x_wconf 87' lang='lat' dir='ltr'><strong>Macario</strong></span> <span class='ocrx_word' id='word_1_242' title='bbox 3084 1896 3343 1962; x_wconf 74' lang='lat' dir='ltr'><strong>offendet,</strong></span> 
     </span>
    </p>
   </div>
   <div class='ocr_carea' id='block_1_34' title="bbox 136 1974 1675 2060">
    <p class='ocr_par' dir='ltr' id='par_1_34' title="bbox 136 1974 1675 2060">
     <span class='ocr_line' id='line_1_34' title="bbox 136 1974 1675 2060; baseline 0.01 -29"><span class='ocrx_word' id='word_1_243' title='bbox 136 1976 195 2031; x_wconf 85' lang='lat' dir='ltr'><strong>sit</strong></span> <span class='ocrx_word' id='word_1_244' title='bbox 218 1974 450 2041; x_wconf 76' lang='lat' dir='ltr'><strong>difﬁcile,</strong></span> <span class='ocrx_word' id='word_1_245' title='bbox 504 1995 601 2036; x_wconf 91' lang='lat' dir='ltr'><strong>sua</strong></span> <span class='ocrx_word' id='word_1_246' title='bbox 665 1985 848 2053; x_wconf 91' lang='lat' dir='ltr'><strong>potius</strong></span> <span class='ocrx_word' id='word_1_247' title='bbox 886 1988 1153 2057; x_wconf 89' lang='lat' dir='ltr'><strong>proferre,</strong></span> <span class='ocrx_word' id='word_1_248' title='bbox 1208 1989 1488 2060; x_wconf 90' lang='lat' dir='ltr'><strong>indolique</strong></span> <span class='ocrx_word' id='word_1_249' title='bbox 1545 2007 1675 2048; x_wconf 90' lang='lat' dir='ltr'><strong>suae</strong></span> 
     </span>
    </p>
   </div>
   <div class='ocr_carea' id='block_1_35' title="bbox 136 2066 1675 2140">
    <p class='ocr_par' dir='ltr' id='par_1_35' title="bbox 136 2066 1675 2140">
     <span class='ocr_line' id='line_1_35' title="bbox 136 2066 1675 2140; baseline 0.012 -22"><span class='ocrx_word' id='word_1_250' title='bbox 136 2066 537 2134; x_wconf 83' lang='lat' dir='ltr'><strong>accommodata,</strong></span> <span class='ocrx_word' id='word_1_251' title='bbox 577 2086 739 2140; x_wconf 88' lang='lat' dir='ltr'><strong>quam</strong></span> <span class='ocrx_word' id='word_1_252' title='bbox 785 2074 841 2129; x_wconf 92' lang='lat' dir='ltr'><strong>in</strong></span> <span class='ocrx_word' id='word_1_253' title='bbox 887 2077 1119 2132; x_wconf 90' lang='lat' dir='ltr'><strong>aliorum</strong></span> <span class='ocrx_word' id='word_1_254' title='bbox 1166 2079 1445 2136; x_wconf 87' lang='lat' dir='ltr'><strong>laboribus</strong></span> <span class='ocrx_word' id='word_1_255' title='bbox 1485 2096 1675 2137; x_wconf 87' lang='lat' dir='ltr'><strong>emen-</strong></span> 
     </span>
    </p>
   </div>
   <div class='ocr_carea' id='block_1_36' title="bbox 136 2157 1674 2239">
    <p class='ocr_par' dir='ltr' id='par_1_36' title="bbox 136 2157 1674 2239">
     <span class='ocr_line' id='line_1_36' title="bbox 136 2157 1674 2239; baseline 0.014 -30"><span class='ocrx_word' id='word_1_256' title='bbox 136 2157 302 2211; x_wconf 84' lang='lat' dir='ltr'><strong>dandis</strong></span> <span class='ocrx_word' id='word_1_257' title='bbox 330 2172 657 2230; x_wconf 87' lang='lat' dir='ltr'><strong>occupatum</strong></span> <span class='ocrx_word' id='word_1_258' title='bbox 689 2181 828 2221; x_wconf 92' lang='lat' dir='ltr'><strong>esse.</strong></span> <span class='ocrx_word' id='word_1_259' title='bbox 881 2168 1068 2239; x_wconf 90' lang='lat' dir='ltr'><strong>Neque</strong></span> <span class='ocrx_word' id='word_1_260' title='bbox 1110 2179 1291 2226; x_wconf 91' lang='lat' dir='ltr'><strong>tamen</strong></span> <span class='ocrx_word' id='word_1_261' title='bbox 1337 2183 1555 2229; x_wconf 88' lang='lat' dir='ltr'><strong>censeat</strong></span> <span class='ocrx_word' id='word_1_262' title='bbox 1592 2174 1674 2230; x_wconf 87' lang='lat' dir='ltr'><strong>le-</strong></span> 
     </span>
    </p>
   </div>
   <div class='ocr_carea' id='block_1_37' title="bbox 133 2247 1674 2335">
    <p class='ocr_par' dir='ltr' id='par_1_37' title="bbox 133 2247 1674 2335">
     <span class='ocr_line' id='line_1_37' title="bbox 133 2247 1674 2335; baseline 0.012 -35"><span class='ocrx_word' id='word_1_263' title='bbox 133 2254 234 2300; x_wconf 80' lang='lat' dir='ltr'><strong>ctor</strong></span> <span class='ocrx_word' id='word_1_264' title='bbox 254 2247 432 2312; x_wconf 86' lang='lat' dir='ltr'><strong>velim,</strong></span> <span class='ocrx_word' id='word_1_265' title='bbox 469 2250 609 2305; x_wconf 90' lang='lat' dir='ltr'><strong>nihil</strong></span> <span class='ocrx_word' id='word_1_266' title='bbox 640 2252 696 2308; x_wconf 90' lang='lat' dir='ltr'><strong>in</strong></span> <span class='ocrx_word' id='word_1_267' title='bbox 716 2256 965 2312; x_wconf 89' lang='lat' dir='ltr'><strong>versione</strong></span> <span class='ocrx_word' id='word_1_268' title='bbox 987 2268 1194 2316; x_wconf 89' lang='lat' dir='ltr'><strong>restare</strong></span> <span class='ocrx_word' id='word_1_269' title='bbox 1238 2264 1491 2332; x_wconf 85' lang='lat' dir='ltr'><strong>amplius,</strong></span> <span class='ocrx_word' id='word_1_270' title='bbox 1529 2265 1674 2335; x_wconf 88' lang='lat' dir='ltr'><strong>quod</strong></span> 
     </span>
    </p>
   </div>
   <div class='ocr_carea' id='block_1_38' title="bbox 134 2337 1675 2416">
    <p class='ocr_par' dir='ltr' id='par_1_38' title="bbox 134 2337 1675 2416">
     <span class='ocr_line' id='line_1_38' title="bbox 134 2337 1675 2416; baseline 0.014 -27"><span class='ocrx_word' id='word_1_271' title='bbox 134 2337 379 2391; x_wconf 89' lang='lat' dir='ltr'><strong>luxuriem</strong></span> <span class='ocrx_word' id='word_1_272' title='bbox 410 2339 629 2397; x_wconf 90' lang='lat' dir='ltr'><strong>Possini</strong></span> <span class='ocrx_word' id='word_1_273' title='bbox 650 2346 843 2416; x_wconf 89' lang='lat' dir='ltr'><strong>sapiat,</strong></span> <span class='ocrx_word' id='word_1_274' title='bbox 873 2356 967 2402; x_wconf 91' lang='lat' dir='ltr'><strong>aut</strong></span> <span class='ocrx_word' id='word_1_275' title='bbox 991 2351 1125 2406; x_wconf 87' lang='lat' dir='ltr'><strong>alias</strong></span> <span class='ocrx_word' id='word_1_276' title='bbox 1162 2350 1217 2405; x_wconf 91' lang='lat' dir='ltr'><strong>in</strong></span> <span class='ocrx_word' id='word_1_277' title='bbox 1243 2352 1438 2409; x_wconf 86' lang='lat' dir='ltr'><strong>melius</strong></span> <span class='ocrx_word' id='word_1_278' title='bbox 1460 2355 1675 2411; x_wconf 88' lang='lat' dir='ltr'><strong>restitui</strong></span> 
     </span>
    </p>
   </div>
   <div class='ocr_carea' id='block_1_39' title="bbox 132 2431 1676 2508">
    <p class='ocr_par' dir='ltr' id='par_1_39' title="bbox 132 2431 1676 2508">
     <span class='ocr_line' id='line_1_39' title="bbox 132 2431 1676 2508; baseline 0.014 -27"><span class='ocrx_word' id='word_1_279' title='bbox 132 2445 225 2483; x_wconf 91' lang='lat' dir='ltr'><strong>non</strong></span> <span class='ocrx_word' id='word_1_280' title='bbox 252 2431 557 2500; x_wconf 90' lang='lat' dir='ltr'><strong>potuisset;</strong></span> <span class='ocrx_word' id='word_1_281' title='bbox 597 2436 729 2492; x_wconf 91' lang='lat' dir='ltr'><strong>satis</strong></span> <span class='ocrx_word' id='word_1_282' title='bbox 774 2441 933 2496; x_wconf 90' lang='lat' dir='ltr'><strong>nobis</strong></span> <span class='ocrx_word' id='word_1_283' title='bbox 972 2441 1095 2508; x_wconf 88' lang='lat' dir='ltr'><strong>fuit,</strong></span> <span class='ocrx_word' id='word_1_284' title='bbox 1146 2452 1356 2500; x_wconf 89' lang='lat' dir='ltr'><strong>tantum</strong></span> <span class='ocrx_word' id='word_1_285' title='bbox 1394 2446 1498 2502; x_wconf 90' lang='lat' dir='ltr'><strong>hac</strong></span> <span class='ocrx_word' id='word_1_286' title='bbox 1556 2447 1676 2503; x_wconf 83' lang='lat' dir='ltr'><strong>vice</strong></span> 
     </span>
    </p>
   </div>
   <div class='ocr_carea' id='block_1_40' title="bbox 132 2528 1675 2604">
    <p class='ocr_par' dir='ltr' id='par_1_40' title="bbox 132 2528 1675 2604">
     <span class='ocr_line' id='line_1_40' title="bbox 132 2528 1675 2604; baseline 0.014 -34"><span class='ocrx_word' id='word_1_287' title='bbox 132 2528 402 2586; x_wconf 88' lang='lat' dir='ltr'><strong>praestare,</strong></span> <span class='ocrx_word' id='word_1_288' title='bbox 445 2532 712 2591; x_wconf 89' lang='lat' dir='ltr'><strong>quantum</strong></span> <span class='ocrx_word' id='word_1_289' title='bbox 730 2529 1118 2599; x_wconf 89' lang='lat' dir='ltr'><strong>praestitimus,</strong></span> <span class='ocrx_word' id='word_1_290' title='bbox 1152 2534 1362 2604; x_wconf 88' lang='lat' dir='ltr'><strong>reliqua</strong></span> <span class='ocrx_word' id='word_1_291' title='bbox 1408 2535 1675 2591; x_wconf 90' lang='lat' dir='ltr'><strong>lectorum</strong></span> 
     </span>
    </p>
   </div>
   <div class='ocr_carea' id='block_1_41' title="bbox 134 2607 1674 2694">
    <p class='ocr_par' dir='ltr' id='par_1_41' title="bbox 134 2607 1674 2694">
     <span class='ocr_line' id='line_1_41' title="bbox 134 2607 1674 2694; baseline 0.015 -34"><span class='ocrx_word' id='word_1_292' title='bbox 134 2607 312 2663; x_wconf 88' lang='lat' dir='ltr'><strong>iudicio</strong></span> <span class='ocrx_word' id='word_1_293' title='bbox 336 2614 743 2680; x_wconf 90' lang='lat' dir='ltr'><strong>permittentes.</strong></span> <span class='ocrx_word' id='word_1_294' title='bbox 768 2618 1235 2694; x_wconf 84' lang='lat' dir='ltr'><strong>Apophthegmata</strong></span> <span class='ocrx_word' id='word_1_295' title='bbox 1256 2641 1389 2681; x_wconf 92' lang='lat' dir='ltr'><strong>vero</strong></span> <span class='ocrx_word' id='word_1_296' title='bbox 1406 2627 1528 2682; x_wconf 89' lang='lat' dir='ltr'><strong>viro</strong></span> <span class='ocrx_word' id='word_1_297' title='bbox 1545 2642 1674 2682; x_wconf 83' lang='lat' dir='ltr'><strong>cru--</strong></span> 
     </span>
    </p>
   </div>
   <div class='ocr_carea' id='block_1_42' title="bbox 133 2700 1675 2787">
    <p class='ocr_par' dir='ltr' id='par_1_42' title="bbox 133 2700 1675 2787">
     <span class='ocr_line' id='line_1_42' title="bbox 133 2700 1675 2787; baseline 0.014 -35"><span class='ocrx_word' id='word_1_298' title='bbox 133 2700 372 2756; x_wconf 87' lang='lat' dir='ltr'><strong>ditissimo</strong></span> <span class='ocrx_word' id='word_1_299' title='bbox 396 2704 480 2757; x_wconf 93' lang='lat' dir='ltr'><strong>Io.</strong></span> <span class='ocrx_word' id='word_1_300' title='bbox 512 2705 782 2776; x_wconf 87' lang='lat' dir='ltr'><strong>Baptistae</strong></span> <span class='ocrx_word' id='word_1_301' title='bbox 811 2710 1102 2779; x_wconf 86' lang='lat' dir='ltr'><strong>Cotelerio,</strong></span> <span class='ocrx_word' id='word_1_302' title='bbox 1127 2715 1344 2787; x_wconf 81' lang='lat' dir='ltr'><strong>linguae</strong></span> <span class='ocrx_word' id='word_1_303' title='bbox 1372 2733 1598 2787; x_wconf 87' lang='lat' dir='ltr'><strong>graecae</strong></span> <span class='ocrx_word' id='word_1_304' title='bbox 1618 2720 1675 2774; x_wconf 90' lang='lat' dir='ltr'><strong>in</strong></span> 
     </span>
    </p>
   </div>
   <div class='ocr_carea' id='block_1_43' title="bbox 132 2790 1675 2878">
    <p class='ocr_par' dir='ltr' id='par_1_43' title="bbox 132 2790 1675 2878">
     <span class='ocr_line' id='line_1_43' title="bbox 132 2790 1675 2878; baseline 0.014 -36"><span class='ocrx_word' id='word_1_305' title='bbox 132 2790 377 2846; x_wconf 85' lang='lat' dir='ltr'><strong>academia</strong></span> <span class='ocrx_word' id='word_1_306' title='bbox 406 2793 656 2851; x_wconf 89' lang='lat' dir='ltr'><strong>Parisina</strong></span> <span class='ocrx_word' id='word_1_307' title='bbox 700 2798 1000 2856; x_wconf 85' lang='lat' dir='ltr'><strong>Professori</strong></span> <span class='ocrx_word' id='word_1_308' title='bbox 1031 2805 1183 2876; x_wconf 83' lang='lat' dir='ltr'><strong>regio</strong></span> <span class='ocrx_word' id='word_1_309' title='bbox 1224 2806 1506 2872; x_wconf 90' lang='lat' dir='ltr'><strong>debemus,</strong></span> <span class='ocrx_word' id='word_1_310' title='bbox 1537 2825 1675 2878; x_wconf 91' lang='lat' dir='ltr'><strong>quae</strong></span> 
     </span>
    </p>
   </div>
   <div class='ocr_carea' id='block_1_44' title="bbox 133 2878 1676 2968">
    <p class='ocr_par' dir='ltr' id='par_1_44' title="bbox 133 2878 1676 2968">
     <span class='ocr_line' id='line_1_44' title="bbox 133 2878 1676 2968; baseline 0.015 -36"><span class='ocrx_word' id='word_1_311' title='bbox 133 2878 247 2949; x_wconf 89' lang='lat' dir='ltr'><strong>ipse,</strong></span> <span class='ocrx_word' id='word_1_312' title='bbox 275 2898 393 2937; x_wconf 91' lang='lat' dir='ltr'><strong>cum</strong></span> <span class='ocrx_word' id='word_1_313' title='bbox 428 2884 493 2939; x_wconf 89' lang='lat' dir='ltr'><strong>in</strong></span> <span class='ocrx_word' id='word_1_314' title='bbox 522 2886 854 2946; x_wconf 88' lang='lat' dir='ltr'><strong>bibliotheca</strong></span> <span class='ocrx_word' id='word_1_315' title='bbox 882 2893 1051 2964; x_wconf 83' lang='lat' dir='ltr'><strong>Regia</strong></span> <span class='ocrx_word' id='word_1_316' title='bbox 1079 2899 1449 2968; x_wconf 87' lang='lat' dir='ltr'><strong>manuscripta</strong></span> <span class='ocrx_word' id='word_1_317' title='bbox 1468 2899 1676 2955; x_wconf 89' lang='lat' dir='ltr'><strong>inveni-</strong></span> 
     </span>
    </p>
   </div>
   <div class='ocr_carea' id='block_1_45' title="bbox 133 2968 1677 3053">
    <p class='ocr_par' dir='ltr' id='par_1_45' title="bbox 133 2968 1677 3053">
     <span class='ocr_line' id='line_1_45' title="bbox 133 2968 1677 3053; baseline 0.017 -35"><span class='ocrx_word' id='word_1_318' title='bbox 133 2975 219 3031; x_wconf 74' lang='lat' dir='ltr'><strong>ret,</strong></span> <span class='ocrx_word' id='word_1_319' title='bbox 242 2968 402 3025; x_wconf 92' lang='lat' dir='ltr'><strong>Tomo</strong></span> <span class='ocrx_word' id='word_1_320' title='bbox 430 2972 952 3034; x_wconf 87' lang='lat' dir='ltr'><strong>lMonumentorum</strong></span> <span class='ocrx_word' id='word_1_321' title='bbox 983 2983 1257 3041; x_wconf 89' lang='lat' dir='ltr'><strong>Ecclesiae</strong></span> <span class='ocrx_word' id='word_1_322' title='bbox 1284 2986 1539 3053; x_wconf 90' lang='lat' dir='ltr'><strong>Graecae,</strong></span> <span class='ocrx_word' id='word_1_323' title='bbox 1570 2989 1677 3044; x_wconf 88' lang='lat' dir='ltr'><strong>Lu-</strong></span> 
     </span>
    </p>
   </div>
   <div class='ocr_carea' id='block_1_46' title="bbox 133 3059 1673 3149">
    <p class='ocr_par' dir='ltr' id='par_1_46' title="bbox 133 3059 1673 3149">
     <span class='ocr_line' id='line_1_46' title="bbox 133 3059 1673 3149; baseline 0.017 -39"><span class='ocrx_word' id='word_1_324' title='bbox 133 3059 272 3149; x_wconf 85' lang='lat' dir='ltr'><strong>tetiae</strong></span> <span class='ocrx_word' id='word_1_325' title='bbox 293 3061 627 3120; x_wconf 87' lang='lat' dir='ltr'><strong>Parisiorum</strong></span> <span class='ocrx_word' id='word_1_326' title='bbox 651 3070 834 3141; x_wconf 82' lang='lat' dir='ltr'><strong>anno-l</strong></span> <span class='ocrx_word' id='word_1_327' title='bbox 866 3071 1241 3131; x_wconf 81' lang='lat' dir='ltr'><strong>MDCLXXVII</strong></span> <span class='ocrx_word' id='word_1_328' title='bbox 1265 3079 1673 3149; x_wconf 86' lang='lat' dir='ltr'><strong>prodeuntium,</strong></span> 
     </span>
    </p>
   </div>
   <div class='ocr_carea' id='block_1_47' title="bbox 132 3148 1673 3234">
    <p class='ocr_par' dir='ltr' id='par_1_47' title="bbox 132 3148 1673 3234">
     <span class='ocr_line' id='line_1_47' title="bbox 132 3148 1673 3234; baseline 0.017 -32"><span class='ocrx_word' id='word_1_329' title='bbox 132 3148 311 3206; x_wconf 84' lang='lat' dir='ltr'><strong>inserta</strong></span> <span class='ocrx_word' id='word_1_330' title='bbox 339 3154 538 3211; x_wconf 89' lang='lat' dir='ltr'><strong>edidit.</strong></span> <span class='ocrx_word' id='word_1_331' title='bbox 576 3158 840 3216; x_wconf 88' lang='lat' dir='ltr'><strong>Eiusdem</strong></span> <span class='ocrx_word' id='word_1_332' title='bbox 866 3179 1086 3234; x_wconf 90' lang='lat' dir='ltr'><strong>quoque</strong></span> <span class='ocrx_word' id='word_1_333' title='bbox 1106 3168 1416 3225; x_wconf 88' lang='lat' dir='ltr'><strong>versionem</strong></span> <span class='ocrx_word' id='word_1_334' title='bbox 1442 3148 1673 3227; x_wconf 55' lang='lat' dir='ltr'><strong>retinui?</strong></span> 
     </span>
    </p>
   </div>
   <div class='ocr_carea' id='block_1_48' title="bbox 1782 1991 3341 2067">
    <p class='ocr_par' dir='ltr' id='par_1_48' title="bbox 1782 1991 3341 2067">
     <span class='ocr_line' id='line_1_48' title="bbox 1782 1991 3341 2067; baseline -0.008 -13"><span class='ocrx_word' id='word_1_335' title='bbox 1782 1999 1926 2054; x_wconf 91' lang='lat' dir='ltr'><strong>unde</strong></span> <span class='ocrx_word' id='word_1_336' title='bbox 1950 1997 2415 2053; x_wconf 87' lang='lat' dir='ltr'><strong>abundantissime</strong></span> <span class='ocrx_word' id='word_1_337' title='bbox 2448 1997 2564 2067; x_wconf 90' lang='lat' dir='ltr'><strong>ipse</strong></span> <span class='ocrx_word' id='word_1_338' title='bbox 2615 1996 2767 2051; x_wconf 88' lang='lat' dir='ltr'><strong>sitim</strong></span> <span class='ocrx_word' id='word_1_339' title='bbox 2807 2010 2961 2049; x_wconf 89' lang='lat' dir='ltr'><strong>suam</strong></span> <span class='ocrx_word' id='word_1_340' title='bbox 3019 1991 3341 2060; x_wconf 86' lang='lat' dir='ltr'><strong>restinguat.</strong></span> 
     </span>
    </p>
   </div>
   <div class='ocr_carea' id='block_1_49' title="bbox 1850 2082 3346 2157">
    <p class='ocr_par' dir='ltr' id='par_1_49' title="bbox 1850 2082 3346 2157">
     <span class='ocr_line' id='line_1_49' title="bbox 1850 2082 3346 2157; baseline -0.009 -11"><span class='ocrx_word' id='word_1_341' title='bbox 1850 2089 1989 2146; x_wconf 80' lang='lat' dir='ltr'><strong>XVI.</strong></span> <span class='ocrx_word' id='word_1_342' title='bbox 2026 2089 2167 2157; x_wconf 82' lang='lat' dir='ltr'><strong>Quid</strong></span> <span class='ocrx_word' id='word_1_343' title='bbox 2190 2089 2337 2146; x_wconf 92' lang='lat' dir='ltr'><strong>enim</strong></span> <span class='ocrx_word' id='word_1_344' title='bbox 2364 2089 2422 2143; x_wconf 91' lang='lat' dir='ltr'><strong>in</strong></span> <span class='ocrx_word' id='word_1_345' title='bbox 2457 2088 2649 2143; x_wconf 87' lang='lat' dir='ltr'><strong>iisdem</strong></span> <span class='ocrx_word' id='word_1_346' title='bbox 2691 2085 2932 2142; x_wconf 90' lang='lat' dir='ltr'><strong>occurrit</strong></span> <span class='ocrx_word' id='word_1_347' title='bbox 2984 2082 3130 2137; x_wconf 91' lang='lat' dir='ltr'><strong>aliud</strong></span> <span class='ocrx_word' id='word_1_348' title='bbox 3183 2095 3346 2150; x_wconf 88' lang='lat' dir='ltr'><strong>quam</strong></span> 
     </span>
    </p>
   </div>
   <div class='ocr_carea' id='block_1_50' title="bbox 1779 2172 3347 2249">
    <p class='ocr_par' dir='ltr' id='par_1_50' title="bbox 1779 2172 3347 2249">
     <span class='ocr_line' id='line_1_50' title="bbox 1779 2172 3347 2249; baseline -0.007 -13"><span class='ocrx_word' id='word_1_349' title='bbox 1779 2181 2065 2237; x_wconf 90' lang='lat' dir='ltr'><strong>sanissima</strong></span> <span class='ocrx_word' id='word_1_350' title='bbox 2089 2181 2181 2236; x_wconf 88' lang='lat' dir='ltr'><strong>illa</strong></span> <span class='ocrx_word' id='word_1_351' title='bbox 2211 2179 2673 2249; x_wconf 89' lang='lat' dir='ltr'><strong>saluberrimaque</strong></span> <span class='ocrx_word' id='word_1_352' title='bbox 2705 2178 2761 2232; x_wconf 92' lang='lat' dir='ltr'><strong>in</strong></span> <span class='ocrx_word' id='word_1_353' title='bbox 2823 2191 3039 2231; x_wconf 88' lang='lat' dir='ltr'><strong>omnem</strong></span> <span class='ocrx_word' id='word_1_354' title='bbox 3081 2172 3347 2228; x_wconf 74' lang='lat' dir='ltr'><strong>Christia~</strong></span> 
     </span>
    </p>
   </div>
   <div class='ocr_carea' id='block_1_51' title="bbox 1779 2263 3345 2342">
    <p class='ocr_par' dir='ltr' id='par_1_51' title="bbox 1779 2263 3345 2342">
     <span class='ocr_line' id='line_1_51' title="bbox 1779 2263 3345 2342; baseline -0.007 -15"><span class='ocrx_word' id='word_1_355' title='bbox 1779 2272 1943 2327; x_wconf 90' lang='lat' dir='ltr'><strong>nismi</strong></span> <span class='ocrx_word' id='word_1_356' title='bbox 1964 2282 2175 2342; x_wconf 87' lang='lat' dir='ltr'><strong>partem</strong></span> <span class='ocrx_word' id='word_1_357' title='bbox 2206 2270 2496 2342; x_wconf 89' lang='lat' dir='ltr'><strong>dogmata?</strong></span> <span class='ocrx_word' id='word_1_358' title='bbox 2518 2270 2698 2341; x_wconf 88' lang='lat' dir='ltr'><strong>Lapsu</strong></span> <span class='ocrx_word' id='word_1_359' title='bbox 2729 2268 3028 2323; x_wconf 89' lang='lat' dir='ltr'><strong>humanum</strong></span> <span class='ocrx_word' id='word_1_360' title='bbox 3073 2280 3245 2335; x_wconf 87' lang='lat' dir='ltr'><strong>genus</strong></span> <span class='ocrx_word' id='word_1_361' title='bbox 3288 2263 3345 2316; x_wconf 88' lang='lat' dir='ltr'><strong>in</strong></span> 
     </span>
    </p>
   </div>
   <div class='ocr_carea' id='block_1_52' title="bbox 1780 2356 3344 2433">
    <p class='ocr_par' dir='ltr' id='par_1_52' title="bbox 1780 2356 3344 2433">
     <span class='ocr_line' id='line_1_52' title="bbox 1780 2356 3344 2433; baseline -0.006 -15"><span class='ocrx_word' id='word_1_362' title='bbox 1780 2372 2062 2433; x_wconf 85' lang='lat' dir='ltr'><strong>peccatum</strong></span> <span class='ocrx_word' id='word_1_363' title='bbox 2098 2362 2401 2417; x_wconf 89' lang='lat' dir='ltr'><strong>miserrime</strong></span> <span class='ocrx_word' id='word_1_364' title='bbox 2447 2377 2568 2416; x_wconf 90' lang='lat' dir='ltr'><strong>esse</strong></span> <span class='ocrx_word' id='word_1_365' title='bbox 2615 2370 2931 2429; x_wconf 90' lang='lat' dir='ltr'><strong>corruptum</strong></span> <span class='ocrx_word' id='word_1_366' title='bbox 2978 2366 3033 2411; x_wconf 92' lang='lat' dir='ltr'><strong>et</strong></span> <span class='ocrx_word' id='word_1_367' title='bbox 3073 2356 3344 2411; x_wconf 88' lang='lat' dir='ltr'><strong>deforma-</strong></span> 
     </span>
    </p>
   </div>
   <div class='ocr_carea' id='block_1_53' title="bbox 1780 2445 3347 2521">
    <p class='ocr_par' dir='ltr' id='par_1_53' title="bbox 1780 2445 3347 2521">
     <span class='ocr_line' id='line_1_53' title="bbox 1780 2445 3347 2521; baseline -0.006 -11"><span class='ocrx_word' id='word_1_368' title='bbox 1780 2463 1916 2521; x_wconf 89' lang='lat' dir='ltr'><strong>tum,</strong></span> <span class='ocrx_word' id='word_1_369' title='bbox 1960 2463 2020 2510; x_wconf 90' lang='lat' dir='ltr'><strong>ut</strong></span> <span class='ocrx_word' id='word_1_370' title='bbox 2049 2471 2268 2510; x_wconf 89' lang='lat' dir='ltr'><strong>aversae</strong></span> <span class='ocrx_word' id='word_1_371' title='bbox 2292 2454 2401 2509; x_wconf 88' lang='lat' dir='ltr'><strong>iam</strong></span> <span class='ocrx_word' id='word_1_372' title='bbox 2421 2454 2582 2509; x_wconf 87' lang='lat' dir='ltr'><strong>aDeo</strong></span> <span class='ocrx_word' id='word_1_373' title='bbox 2608 2460 2819 2507; x_wconf 89' lang='lat' dir='ltr'><strong>mentes</strong></span> <span class='ocrx_word' id='word_1_374' title='bbox 2844 2450 3128 2504; x_wconf 89' lang='lat' dir='ltr'><strong>hominum</strong></span> <span class='ocrx_word' id='word_1_375' title='bbox 3150 2447 3220 2502; x_wconf 91' lang='lat' dir='ltr'><strong>ab</strong></span> <span class='ocrx_word' id='word_1_376' title='bbox 3250 2445 3347 2501; x_wconf 87' lang='lat' dir='ltr'><strong>ad-</strong></span> 
     </span>
    </p>
   </div>
   <div class='ocr_carea' id='block_1_54' title="bbox 1779 2540 3348 2619">
    <p class='ocr_par' dir='ltr' id='par_1_54' title="bbox 1779 2540 3348 2619">
     <span class='ocr_line' id='line_1_54' title="bbox 1779 2540 3348 2619; baseline -0.006 -16"><span class='ocrx_word' id='word_1_377' title='bbox 1779 2548 2021 2603; x_wconf 88' lang='lat' dir='ltr'><strong>versaria</strong></span> <span class='ocrx_word' id='word_1_378' title='bbox 2051 2546 2272 2619; x_wconf 87' lang='lat' dir='ltr'><strong>maligni</strong></span> <span class='ocrx_word' id='word_1_379' title='bbox 2294 2547 2519 2617; x_wconf 89' lang='lat' dir='ltr'><strong>spiritus</strong></span> <span class='ocrx_word' id='word_1_380' title='bbox 2546 2551 2816 2616; x_wconf 88' lang='lat' dir='ltr'><strong>potestate</strong></span> <span class='ocrx_word' id='word_1_381' title='bbox 2839 2543 2896 2598; x_wconf 90' lang='lat' dir='ltr'><strong>in</strong></span> <span class='ocrx_word' id='word_1_382' title='bbox 2921 2542 3099 2597; x_wconf 90' lang='lat' dir='ltr'><strong>omnis</strong></span> <span class='ocrx_word' id='word_1_383' title='bbox 3129 2540 3348 2611; x_wconf 87' lang='lat' dir='ltr'><strong>generis</strong></span> 
     </span>
    </p>
   </div>
   <div class='ocr_carea' id='block_1_55' title="bbox 1780 2629 3345 2711">
    <p class='ocr_par' dir='ltr' id='par_1_55' title="bbox 1780 2629 3345 2711">
     <span class='ocr_line' id='line_1_55' title="bbox 1780 2629 3345 2711; baseline -0.006 -18"><span class='ocrx_word' id='word_1_384' title='bbox 1780 2640 2005 2711; x_wconf 90' lang='lat' dir='ltr'><strong>grandia</strong></span> <span class='ocrx_word' id='word_1_385' title='bbox 2056 2648 2275 2709; x_wconf 76' lang='lat' dir='ltr'><strong>peccata</strong></span> <span class='ocrx_word' id='word_1_386' title='bbox 2320 2637 2682 2707; x_wconf 88' lang='lat' dir='ltr'><strong>abripiantur.</strong></span> <span class='ocrx_word' id='word_1_387' title='bbox 2730 2634 2862 2691; x_wconf 90' lang='lat' dir='ltr'><strong>Inde</strong></span> <span class='ocrx_word' id='word_1_388' title='bbox 2918 2632 3100 2687; x_wconf 89' lang='lat' dir='ltr'><strong>divina</strong></span> <span class='ocrx_word' id='word_1_389' title='bbox 3171 2629 3345 2701; x_wconf 88' lang='lat' dir='ltr'><strong>gratia</strong></span> 
     </span>
    </p>
   </div>
   <div class='ocr_carea' id='block_1_56' title="bbox 1780 2728 3344 2801">
    <p class='ocr_par' dir='ltr' id='par_1_56' title="bbox 1780 2728 3344 2801">
     <span class='ocr_line' id='line_1_56' title="bbox 1780 2728 3344 2801; baseline -0.008 -14"><span class='ocrx_word' id='word_1_390' title='bbox 1780 2748 1900 2788; x_wconf 91' lang='lat' dir='ltr'><strong>esse</strong></span> <span class='ocrx_word' id='word_1_391' title='bbox 1926 2747 2084 2801; x_wconf 91' lang='lat' dir='ltr'><strong>opus,</strong></span> <span class='ocrx_word' id='word_1_392' title='bbox 2119 2740 2181 2786; x_wconf 91' lang='lat' dir='ltr'><strong>ut</strong></span> <span class='ocrx_word' id='word_1_393' title='bbox 2207 2740 2318 2785; x_wconf 90' lang='lat' dir='ltr'><strong>tam</strong></span> <span class='ocrx_word' id='word_1_394' title='bbox 2342 2730 2483 2783; x_wconf 89' lang='lat' dir='ltr'><strong>male</strong></span> <span class='ocrx_word' id='word_1_395' title='bbox 2512 2744 2571 2784; x_wconf 91' lang='lat' dir='ltr'><strong>se</strong></span> <span class='ocrx_word' id='word_1_396' title='bbox 2600 2728 2809 2782; x_wconf 91' lang='lat' dir='ltr'><strong>habens</strong></span> <span class='ocrx_word' id='word_1_397' title='bbox 2840 2742 2906 2780; x_wconf 86' lang='lat' dir='ltr'><strong>ex</strong></span> <span class='ocrx_word' id='word_1_398' title='bbox 2937 2732 3160 2794; x_wconf 82' lang='lat' dir='ltr'><strong>peccato</strong></span> <span class='ocrx_word' id='word_1_399' title='bbox 3192 2734 3344 2776; x_wconf 87' lang='lat' dir='ltr'><strong>mor-</strong></span> 
     </span>
    </p>
   </div>
   <div class='ocr_carea' id='block_1_57' title="bbox 1781 2818 3343 2893">
    <p class='ocr_par' dir='ltr' id='par_1_57' title="bbox 1781 2818 3343 2893">
     <span class='ocr_line' id='line_1_57' title="bbox 1781 2818 3343 2893; baseline -0.008 -15"><span class='ocrx_word' id='word_1_400' title='bbox 1781 2824 1970 2880; x_wconf 91' lang='lat' dir='ltr'><strong>talium</strong></span> <span class='ocrx_word' id='word_1_401' title='bbox 1998 2838 2167 2893; x_wconf 90' lang='lat' dir='ltr'><strong>genus</strong></span> <span class='ocrx_word' id='word_1_402' title='bbox 2199 2821 2559 2877; x_wconf 82' lang='lat' dir='ltr'><strong>convalescat.</strong></span> <span class='ocrx_word' id='word_1_403' title='bbox 2584 2818 2736 2873; x_wconf 88' lang='lat' dir='ltr'><strong>Ilanc</strong></span> <span class='ocrx_word' id='word_1_404' title='bbox 2769 2831 2901 2872; x_wconf 90' lang='lat' dir='ltr'><strong>vero</strong></span> <span class='ocrx_word' id='word_1_405' title='bbox 2932 2828 3207 2882; x_wconf 88' lang='lat' dir='ltr'><strong>nunquam</strong></span> <span class='ocrx_word' id='word_1_406' title='bbox 3231 2825 3343 2867; x_wconf 91' lang='lat' dir='ltr'><strong>non</strong></span> 
     </span>
    </p>
   </div>
   <div class='ocr_carea' id='block_1_58' title="bbox 1781 2907 3349 2985">
    <p class='ocr_par' dir='ltr' id='par_1_58' title="bbox 1781 2907 3349 2985">
     <span class='ocr_line' id='line_1_58' title="bbox 1781 2907 3349 2985; baseline -0.008 -15"><span class='ocrx_word' id='word_1_407' title='bbox 1781 2916 1838 2970; x_wconf 89' lang='lat' dir='ltr'><strong>in</strong></span> <span class='ocrx_word' id='word_1_408' title='bbox 1866 2915 2102 2970; x_wconf 86' lang='lat' dir='ltr'><strong>animam</strong></span> <span class='ocrx_word' id='word_1_409' title='bbox 2132 2914 2370 2969; x_wconf 90' lang='lat' dir='ltr'><strong>hominis</strong></span> <span class='ocrx_word' id='word_1_410' title='bbox 2408 2921 2660 2985; x_wconf 89' lang='lat' dir='ltr'><strong>potenter</strong></span> <span class='ocrx_word' id='word_1_411' title='bbox 2685 2909 2922 2981; x_wconf 86' lang='lat' dir='ltr'><strong>Operari,</strong></span> <span class='ocrx_word' id='word_1_412' title='bbox 2957 2916 3019 2962; x_wconf 93' lang='lat' dir='ltr'><strong>ut</strong></span> <span class='ocrx_word' id='word_1_413' title='bbox 3066 2907 3181 2976; x_wconf 89' lang='lat' dir='ltr'><strong>ipsa</strong></span> <span class='ocrx_word' id='word_1_414' title='bbox 3224 2919 3349 2960; x_wconf 88' lang='lat' dir='ltr'><strong>ere-</strong></span> 
     </span>
    </p>
   </div>
   <div class='ocr_carea' id='block_1_59' title="bbox 1782 2994 3346 3074">
    <p class='ocr_par' dir='ltr' id='par_1_59' title="bbox 1782 2994 3346 3074">
     <span class='ocr_line' id='line_1_59' title="bbox 1782 2994 3346 3074; baseline -0.006 -15"><span class='ocrx_word' id='word_1_415' title='bbox 1782 3002 2206 3074; x_wconf 84' lang='lat' dir='ltr'><strong>ptaadversario</strong></span> <span class='ocrx_word' id='word_1_416' title='bbox 2232 3017 2332 3057; x_wconf 92' lang='lat' dir='ltr'><strong>suo</strong></span> <span class='ocrx_word' id='word_1_417' title='bbox 2361 3002 2418 3055; x_wconf 91' lang='lat' dir='ltr'><strong>in</strong></span> <span class='ocrx_word' id='word_1_418' title='bbox 2456 3001 2765 3056; x_wconf 88' lang='lat' dir='ltr'><strong>libertatem</strong></span> <span class='ocrx_word' id='word_1_419' title='bbox 2799 2996 3121 3059; x_wconf 83' lang='lat' dir='ltr'><strong>adseratur;</strong></span> <span class='ocrx_word' id='word_1_420' title='bbox 3155 2994 3346 3064; x_wconf 86' lang='lat' dir='ltr'><strong>despe-</strong></span> 
     </span>
    </p>
   </div>
   <div class='ocr_carea' id='block_1_60' title="bbox 1782 3085 3341 3157">
    <p class='ocr_par' dir='ltr' id='par_1_60' title="bbox 1782 3085 3341 3157">
     <span class='ocr_line' id='line_1_60' title="bbox 1782 3085 3341 3157; baseline -0.007 -7"><span class='ocrx_word' id='word_1_421' title='bbox 1782 3096 2014 3151; x_wconf 90' lang='lat' dir='ltr'><strong>randum</strong></span> <span class='ocrx_word' id='word_1_422' title='bbox 2045 3110 2163 3151; x_wconf 91' lang='lat' dir='ltr'><strong>esse</strong></span> <span class='ocrx_word' id='word_1_423' title='bbox 2186 3094 2393 3149; x_wconf 89' lang='lat' dir='ltr'><strong>homini</strong></span> <span class='ocrx_word' id='word_1_424' title='bbox 2419 3093 2485 3147; x_wconf 89' lang='lat' dir='ltr'><strong>de</strong></span> <span class='ocrx_word' id='word_1_425' title='bbox 2508 3093 2622 3147; x_wconf 91' lang='lat' dir='ltr'><strong>suis</strong></span> <span class='ocrx_word' id='word_1_426' title='bbox 2646 3090 2879 3154; x_wconf 88' lang='lat' dir='ltr'><strong>viribus,</strong></span> <span class='ocrx_word' id='word_1_427' title='bbox 2902 3088 3007 3144; x_wconf 90' lang='lat' dir='ltr'><strong>nisi</strong></span> <span class='ocrx_word' id='word_1_428' title='bbox 3037 3086 3139 3157; x_wconf 91' lang='lat' dir='ltr'><strong>ipsi</strong></span> <span class='ocrx_word' id='word_1_429' title='bbox 3160 3102 3191 3140; x_wconf 91' lang='lat' dir='ltr'><strong>a</strong></span> <span class='ocrx_word' id='word_1_430' title='bbox 3219 3085 3341 3155; x_wconf 88' lang='lat' dir='ltr'><strong>Spi-</strong></span> 
     </span>
    </p>
   </div>
   <div class='ocr_carea' id='block_1_61' title="bbox 1783 3179 3345 3257">
    <p class='ocr_par' dir='ltr' id='par_1_61' title="bbox 1783 3179 3345 3257">
     <span class='ocr_line' id='line_1_61' title="bbox 1783 3179 3345 3257; baseline -0.007 -15"><span class='ocrx_word' id='word_1_431' title='bbox 1783 3189 1893 3243; x_wconf 86' lang='lat' dir='ltr'><strong>ritu</strong></span> <span class='ocrx_word' id='word_1_432' title='bbox 1914 3187 2135 3244; x_wconf 84' lang='lat' dir='ltr'><strong>coelesti</strong></span> <span class='ocrx_word' id='word_1_433' title='bbox 2167 3186 2403 3257; x_wconf 90' lang='lat' dir='ltr'><strong>gratiose</strong></span> <span class='ocrx_word' id='word_1_434' title='bbox 2429 3182 2807 3240; x_wconf 87' lang='lat' dir='ltr'><strong>subveniatur.</strong></span> <span class='ocrx_word' id='word_1_435' title='bbox 2841 3181 3121 3238; x_wconf 90' lang='lat' dir='ltr'><strong>Christum</strong></span> <span class='ocrx_word' id='word_1_436' title='bbox 3152 3194 3186 3233; x_wconf 89' lang='lat' dir='ltr'><strong>a</strong></span> <span class='ocrx_word' id='word_1_437' title='bbox 3230 3179 3345 3232; x_wconf 91' lang='lat' dir='ltr'><strong>Deo</strong></span> 
     </span>
    </p>
   </div>
   <div class='ocr_carea' id='block_1_62' title="bbox 132 3249 3344 3346">
    <p class='ocr_par' dir='ltr' id='par_1_62' title="bbox 132 3249 3344 3346">
     <span class='ocr_line' id='line_1_62' title="bbox 132 3249 3344 3346; baseline 0.001 -28"><span class='ocrx_word' id='word_1_438' title='bbox 132 3258 252 3346; x_wconf 54' lang='lat' dir='ltr'><strong>&quot;ms:</strong></span> <span class='ocrx_word' id='word_1_439' title='bbox 278 3261 398 3300; x_wconf 70' lang='lat' dir='ltr'><strong>cum</strong></span> <span class='ocrx_word' id='word_1_440' title='bbox 426 3249 551 3346; x_wconf 71' lang='lat' dir='ltr'><strong>iP_S_e</strong></span> <span class='ocrx_word' id='word_1_441' title='bbox 585 3262 870 3346; x_wconf 53' lang='grc' dir='ltr'><strong>θιξςιοτυιη</strong></span> <span class='ocrx_word' id='word_1_442' title='bbox 919 3259 1105 3314; x_wconf 56' lang='lat' dir='ltr'><strong>verbis</strong></span> <span class='ocrx_word' id='word_1_443' title='bbox 1154 3259 1369 3318; x_wconf 67' lang='lat' dir='ltr'><strong>inSiSW</strong></span> <span class='ocrx_word' id='word_1_444' title='bbox 1410 3265 1672 3333; x_wconf 72' lang='grc' dir='ltr'><strong>Ρτεεείυδ,</strong></span> <span class='ocrx_word' id='word_1_445' title='bbox 1702 3259 1745 3319; x_wconf 79' lang='lat' dir='ltr'>C</span> <span class='ocrx_word' id='word_1_446' title='bbox 1776 3278 2090 3333; x_wconf 89' lang='lat' dir='ltr'><strong>hominibus</strong></span> <span class='ocrx_word' id='word_1_447' title='bbox 2130 3249 2457 3332; x_wconf 70' lang='lat' dir='ltr'><strong>destinatum</strong></span> <span class='ocrx_word' id='word_1_448' title='bbox 2508 3291 2569 3331; x_wconf 88' lang='lat' dir='ltr'><strong>re</strong></span> <span class='ocrx_word' id='word_1_449' title='bbox 2601 3275 2610 3346; x_wconf 95' lang='lat'>|</span> <span class='ocrx_word' id='word_1_450' title='bbox 2641 3275 2982 3343; x_wconf 91' lang='lat' dir='ltr'><strong>demptorem</strong></span> <span class='ocrx_word' id='word_1_451' title='bbox 3021 3280 3079 3326; x_wconf 92' lang='lat' dir='ltr'><strong>et</strong></span> <span class='ocrx_word' id='word_1_452' title='bbox 3152 3283 3344 3323; x_wconf 90' lang='lat' dir='ltr'><strong>omnes</strong></span> 
     </span>
    </p>
   </div>
   <div class='ocr_carea' id='block_1_63' title="bbox 130 3341 1677 3422">
    <p class='ocr_par' dir='ltr' id='par_1_63' title="bbox 130 3341 1677 3422">
     <span class='ocr_line' id='line_1_63' title="bbox 130 3341 1677 3422; baseline 0.014 -33"><span class='ocrx_word' id='word_1_453' title='bbox 130 3345 177 3390; x_wconf 88' lang='lat' dir='ltr'><strong>et</strong></span> <span class='ocrx_word' id='word_1_454' title='bbox 200 3352 359 3407; x_wconf 87' lang='lat' dir='ltr'><strong>genus</strong></span> <span class='ocrx_word' id='word_1_455' title='bbox 387 3341 672 3399; x_wconf 88' lang='lat' dir='ltr'><strong>scribendi</strong></span> <span class='ocrx_word' id='word_1_456' title='bbox 723 3356 982 3414; x_wconf 87' lang='lat' dir='ltr'><strong>sequatur</strong></span> <span class='ocrx_word' id='word_1_457' title='bbox 1024 3349 1271 3420; x_wconf 87' lang='lat' dir='ltr'><strong>simplex,</strong></span> <span class='ocrx_word' id='word_1_458' title='bbox 1298 3350 1587 3422; x_wconf 89' lang='lat' dir='ltr'><strong>liquidum,</strong></span> <span class='ocrx_word' id='word_1_459' title='bbox 1621 3364 1677 3410; x_wconf 89' lang='lat' dir='ltr'><strong>et</strong></span> 
     </span>
    </p>
   </div>
   <div class='ocr_carea' id='block_1_64' title="bbox 130 3426 1675 3512">
    <p class='ocr_par' dir='ltr' id='par_1_64' title="bbox 130 3426 1675 3512">
     <span class='ocr_line' id='line_1_64' title="bbox 130 3426 1675 3512; baseline 0.016 -33"><span class='ocrx_word' id='word_1_460' title='bbox 130 3426 188 3479; x_wconf 88' lang='lat' dir='ltr'><strong>ab</strong></span> <span class='ocrx_word' id='word_1_461' title='bbox 216 3430 354 3484; x_wconf 91' lang='lat' dir='ltr'><strong>omni</strong></span> <span class='ocrx_word' id='word_1_462' title='bbox 393 3441 614 3489; x_wconf 90' lang='lat' dir='ltr'><strong>tumore</strong></span> <span class='ocrx_word' id='word_1_463' title='bbox 648 3447 952 3508; x_wconf 89' lang='lat' dir='ltr'><strong>ornatuque</strong></span> <span class='ocrx_word' id='word_1_464' title='bbox 983 3441 1141 3497; x_wconf 88' lang='lat' dir='ltr'><strong>anxie</strong></span> <span class='ocrx_word' id='word_1_465' title='bbox 1189 3444 1496 3512; x_wconf 86' lang='lat' dir='ltr'><strong>conquisite</strong></span> <span class='ocrx_word' id='word_1_466' title='bbox 1541 3447 1675 3502; x_wconf 88' lang='lat' dir='ltr'><strong>alie-</strong></span> 
     </span>
    </p>
   </div>
   <div class='ocr_carea' id='block_1_65' title="bbox 130 3520 1677 3606">
    <p class='ocr_par' dir='ltr' id='par_1_65' title="bbox 130 3520 1677 3606">
     <span class='ocr_line' id='line_1_65' title="bbox 130 3520 1677 3606; baseline 0.015 -36"><span class='ocrx_word' id='word_1_467' title='bbox 130 3534 259 3573; x_wconf 88' lang='lat' dir='ltr'><strong>num.</strong></span> <span class='ocrx_word' id='word_1_468' title='bbox 280 3520 772 3598; x_wconf 76' lang='lat' dir='ltr'><strong>Adiectadcnique</strong></span> <span class='ocrx_word' id='word_1_469' title='bbox 802 3546 833 3585; x_wconf 86' lang='lat' dir='ltr'><strong>a</strong></span> <span class='ocrx_word' id='word_1_470' title='bbox 864 3532 1022 3586; x_wconf 90' lang='lat' dir='ltr'><strong>nobis</strong></span> <span class='ocrx_word' id='word_1_471' title='bbox 1056 3541 1184 3587; x_wconf 92' lang='lat' dir='ltr'><strong>sunt</strong></span> <span class='ocrx_word' id='word_1_472' title='bbox 1225 3533 1522 3606; x_wconf 86' lang='lat' dir='ltr'><strong>fragmenta</strong></span> <span class='ocrx_word' id='word_1_473' title='bbox 1568 3538 1677 3593; x_wconf 84' lang='lat' dir='ltr'><strong>Ma-</strong></span> 
     </span>
    </p>
   </div>
   <div class='ocr_carea' id='block_1_66' title="bbox 128 3613 1675 3692">
    <p class='ocr_par' dir='ltr' id='par_1_66' title="bbox 128 3613 1675 3692">
     <span class='ocr_line' id='line_1_66' title="bbox 128 3613 1675 3692; baseline 0.014 -27"><span class='ocrx_word' id='word_1_474' title='bbox 128 3613 323 3670; x_wconf 85' lang='lat' dir='ltr'><strong>cariana</strong></span> <span class='ocrx_word' id='word_1_475' title='bbox 348 3617 537 3673; x_wconf 88' lang='lat' dir='ltr'><strong>adhuc</strong></span> <span class='ocrx_word' id='word_1_476' title='bbox 566 3621 690 3685; x_wconf 89' lang='lat' dir='ltr'><strong>alia,</strong></span> <span class='ocrx_word' id='word_1_477' title='bbox 731 3638 869 3692; x_wconf 86' lang='lat' dir='ltr'><strong>quae</strong></span> <span class='ocrx_word' id='word_1_478' title='bbox 908 3634 1158 3684; x_wconf 88' lang='lat' dir='ltr'><strong>auctores</strong></span> <span class='ocrx_word' id='word_1_479' title='bbox 1196 3628 1326 3684; x_wconf 90' lang='lat' dir='ltr'><strong>hinc</strong></span> <span class='ocrx_word' id='word_1_480' title='bbox 1354 3628 1480 3685; x_wconf 92' lang='lat' dir='ltr'><strong>inde</strong></span> <span class='ocrx_word' id='word_1_481' title='bbox 1529 3632 1675 3686; x_wconf 91' lang='lat' dir='ltr'><strong>evol-</strong></span> 
     </span>
    </p>
   </div>
   <div class='ocr_carea' id='block_1_67' title="bbox 129 3704 990 3770">
    <p class='ocr_par' dir='ltr' id='par_1_67' title="bbox 129 3704 990 3770">
     <span class='ocr_line' id='line_1_67' title="bbox 129 3704 990 3770; baseline 0.017 -15"><span class='ocrx_word' id='word_1_482' title='bbox 129 3704 355 3761; x_wconf 85' lang='lat' dir='ltr'><strong>ventibus</strong></span> <span class='ocrx_word' id='word_1_483' title='bbox 381 3723 441 3763; x_wconf 90' lang='lat' dir='ltr'><strong>se</strong></span> <span class='ocrx_word' id='word_1_484' title='bbox 462 3709 628 3764; x_wconf 86' lang='lat' dir='ltr'><strong>nobis</strong></span> <span class='ocrx_word' id='word_1_485' title='bbox 654 3712 990 3770; x_wconf 90' lang='lat' dir='ltr'><strong>obtulerunt.</strong></span> 
     </span>
    </p>
   </div>
   <div class='ocr_carea' id='block_1_68' title="bbox 184 3814 1675 3897">
    <p class='ocr_par' dir='ltr' id='par_1_68' title="bbox 184 3814 1675 3897">
     <span class='ocr_line' id='line_1_68' title="bbox 184 3814 1675 3897; baseline 0.013 -27"><span class='ocrx_word' id='word_1_486' title='bbox 184 3814 285 3873; x_wconf 75' lang='lat' dir='ltr'><strong>XV.</strong></span> <span class='ocrx_word' id='word_1_487' title='bbox 303 3819 461 3875; x_wconf 90' lang='lat' dir='ltr'><strong>Nunc</strong></span> <span class='ocrx_word' id='word_1_488' title='bbox 483 3821 552 3876; x_wconf 87' lang='lat' dir='ltr'><strong>ad</strong></span> <span class='ocrx_word' id='word_1_489' title='bbox 574 3822 752 3892; x_wconf 91' lang='lat' dir='ltr'><strong>ipsum</strong></span> <span class='ocrx_word' id='word_1_490' title='bbox 781 3828 1008 3897; x_wconf 85' lang='lat' dir='ltr'><strong>prepius</strong></span> <span class='ocrx_word' id='word_1_491' title='bbox 1030 3828 1356 3886; x_wconf 90' lang='lat' dir='ltr'><strong>intuendum</strong></span> <span class='ocrx_word' id='word_1_492' title='bbox 1378 3832 1675 3891; x_wconf 88' lang='lat' dir='ltr'><strong>Macarium</strong></span> 
     </span>
    </p>
   </div>
   <div class='ocr_carea' id='block_1_69' title="bbox 125 3907 1675 3991">
    <p class='ocr_par' dir='ltr' id='par_1_69' title="bbox 125 3907 1675 3991">
     <span class='ocr_line' id='line_1_69' title="bbox 125 3907 1675 3991; baseline 0.011 -33"><span class='ocrx_word' id='word_1_493' title='bbox 125 3907 443 3965; x_wconf 83' lang='lat' dir='ltr'><strong>accedamus.</strong></span> <span class='ocrx_word' id='word_1_494' title='bbox 473 3910 743 3969; x_wconf 87' lang='lat' dir='ltr'><strong>Constare</strong></span> <span class='ocrx_word' id='word_1_495' title='bbox 771 3923 954 3971; x_wconf 90' lang='lat' dir='ltr'><strong>autem</strong></span> <span class='ocrx_word' id='word_1_496' title='bbox 976 3918 1059 3973; x_wconf 85' lang='lat' dir='ltr'><strong>vel</strong></span> <span class='ocrx_word' id='word_1_497' title='bbox 1100 3934 1169 3974; x_wconf 85' lang='lat' dir='ltr'><strong>ex</strong></span> <span class='ocrx_word' id='word_1_498' title='bbox 1212 3920 1387 3990; x_wconf 91' lang='lat' dir='ltr'><strong>prima</strong></span> <span class='ocrx_word' id='word_1_499' title='bbox 1436 3918 1675 3991; x_wconf 89' lang='lat' dir='ltr'><strong>Operum</strong></span> 
     </span>
    </p>
   </div>
   <div class='ocr_carea' id='block_1_70' title="bbox 124 3992 1676 4073">
    <p class='ocr_par' dir='ltr' id='par_1_70' title="bbox 124 3992 1676 4073">
     <span class='ocr_line' id='line_1_70' title="bbox 124 3992 1676 4073; baseline 0.014 -30"><span class='ocrx_word' id='word_1_500' title='bbox 124 3992 226 4048; x_wconf 87' lang='lat' dir='ltr'><strong>eius</strong></span> <span class='ocrx_word' id='word_1_501' title='bbox 250 3995 592 4067; x_wconf 81' lang='lat' dir='ltr'><strong>inSpectione</strong></span> <span class='ocrx_word' id='word_1_502' title='bbox 622 4004 825 4071; x_wconf 89' lang='lat' dir='ltr'><strong>poterit</strong></span> <span class='ocrx_word' id='word_1_503' title='bbox 854 4006 1128 4073; x_wconf 90' lang='lat' dir='ltr'><strong>omnibus,</strong></span> <span class='ocrx_word' id='word_1_504' title='bbox 1162 4007 1341 4062; x_wconf 92' lang='lat' dir='ltr'><strong>virum</strong></span> <span class='ocrx_word' id='word_1_505' title='bbox 1373 4008 1538 4064; x_wconf 87' lang='lat' dir='ltr'><strong>fuisse</strong></span> <span class='ocrx_word' id='word_1_506' title='bbox 1563 4010 1676 4065; x_wconf 91' lang='lat' dir='ltr'><strong>Ma-</strong></span> 
     </span>
    </p>
   </div>
   <div class='ocr_carea' id='block_1_71' title="bbox 125 4082 1677 4164">
    <p class='ocr_par' dir='ltr' id='par_1_71' title="bbox 125 4082 1677 4164">
     <span class='ocr_line' id='line_1_71' title="bbox 125 4082 1677 4164; baseline 0.015 -31"><span class='ocrx_word' id='word_1_507' title='bbox 125 4082 309 4138; x_wconf 86' lang='lat' dir='ltr'><strong>carium</strong></span> <span class='ocrx_word' id='word_1_508' title='bbox 341 4096 402 4142; x_wconf 93' lang='lat' dir='ltr'><strong>ut</strong></span> <span class='ocrx_word' id='word_1_509' title='bbox 418 4090 730 4148; x_wconf 85' lang='lat' dir='ltr'><strong>sanetitatis</strong></span> <span class='ocrx_word' id='word_1_510' title='bbox 770 4095 1254 4164; x_wconf 87' lang='lat' dir='ltr'><strong>studiosissimum,</strong></span> <span class='ocrx_word' id='word_1_511' title='bbox 1299 4099 1375 4153; x_wconf 88' lang='lat' dir='ltr'><strong>ita</strong></span> <span class='ocrx_word' id='word_1_512' title='bbox 1420 4100 1475 4154; x_wconf 93' lang='lat' dir='ltr'><strong>in</strong></span> <span class='ocrx_word' id='word_1_513' title='bbox 1511 4100 1677 4157; x_wconf 90' lang='lat' dir='ltr'><strong>rebus</strong></span> 
     </span>
    </p>
   </div>
   <div class='ocr_carea' id='block_1_72' title="bbox 124 4170 1678 4261">
    <p class='ocr_par' dir='ltr' id='par_1_72' title="bbox 124 4170 1678 4261">
     <span class='ocr_line' id='line_1_72' title="bbox 124 4170 1678 4261; baseline 0.015 -39"><span class='ocrx_word' id='word_1_514' title='bbox 124 4170 302 4229; x_wconf 85' lang='lat' dir='ltr'><strong>divinis</strong></span> <span class='ocrx_word' id='word_1_515' title='bbox 326 4185 381 4232; x_wconf 90' lang='lat' dir='ltr'><strong>et</strong></span> <span class='ocrx_word' id='word_1_516' title='bbox 411 4179 818 4251; x_wconf 90' lang='lat' dir='ltr'><strong>spiritualibus,</strong></span> <span class='ocrx_word' id='word_1_517' title='bbox 854 4184 900 4239; x_wconf 90' lang='lat' dir='ltr'><strong>si</strong></span> <span class='ocrx_word' id='word_1_518' title='bbox 936 4186 1107 4240; x_wconf 91' lang='lat' dir='ltr'><strong>ullum</strong></span> <span class='ocrx_word' id='word_1_519' title='bbox 1147 4188 1337 4252; x_wconf 91' lang='lat' dir='ltr'><strong>alium,</strong></span> <span class='ocrx_word' id='word_1_520' title='bbox 1368 4189 1526 4261; x_wconf 86' lang='lat' dir='ltr'><strong>longe</strong></span> <span class='ocrx_word' id='word_1_521' title='bbox 1585 4206 1678 4245; x_wconf 86' lang='lat' dir='ltr'><strong>ex-</strong></span> 
     </span>
    </p>
   </div>
   <div class='ocr_carea' id='block_1_73' title="bbox 123 4265 1678 4348">
    <p class='ocr_par' dir='ltr' id='par_1_73' title="bbox 123 4265 1678 4348">
     <span class='ocr_line' id='line_1_73' title="bbox 123 4265 1678 4348; baseline 0.014 -32"><span class='ocrx_word' id='word_1_522' title='bbox 123 4265 503 4336; x_wconf 85' lang='lat' dir='ltr'><strong>pertissimum,</strong></span> <span class='ocrx_word' id='word_1_523' title='bbox 537 4282 594 4328; x_wconf 90' lang='lat' dir='ltr'><strong>et</strong></span> <span class='ocrx_word' id='word_1_524' title='bbox 625 4274 962 4331; x_wconf 91' lang='lat' dir='ltr'><strong>admirandis</strong></span> <span class='ocrx_word' id='word_1_525' title='bbox 990 4277 1193 4348; x_wconf 85' lang='lat' dir='ltr'><strong>gratiae</strong></span> <span class='ocrx_word' id='word_1_526' title='bbox 1220 4279 1433 4334; x_wconf 88' lang='lat' dir='ltr'><strong>divinae</strong></span> <span class='ocrx_word' id='word_1_527' title='bbox 1457 4280 1678 4338; x_wconf 87' lang='lat' dir='ltr'><strong>dotibus</strong></span> 
     </span>
    </p>
   </div>
   <div class='ocr_carea' id='block_1_74' title="bbox 125 4358 1677 4439">
    <p class='ocr_par' dir='ltr' id='par_1_74' title="bbox 125 4358 1677 4439">
     <span class='ocr_line' id='line_1_74' title="bbox 125 4358 1677 4439; baseline 0.014 -32"><span class='ocrx_word' id='word_1_528' title='bbox 125 4358 377 4415; x_wconf 87' lang='lat' dir='ltr'><strong>cumulate</strong></span> <span class='ocrx_word' id='word_1_529' title='bbox 412 4374 780 4433; x_wconf 82' lang='lat' dir='ltr'><strong>exornatum;</strong></span> <span class='ocrx_word' id='word_1_530' title='bbox 830 4368 1021 4437; x_wconf 80' lang='lat' dir='ltr'><strong>quales</strong></span> <span class='ocrx_word' id='word_1_531' title='bbox 1071 4369 1164 4439; x_wconf 89' lang='lat' dir='ltr'><strong>qui</strong></span> <span class='ocrx_word' id='word_1_532' title='bbox 1212 4379 1359 4436; x_wconf 91' lang='lat' dir='ltr'><strong>sunt,</strong></span> <span class='ocrx_word' id='word_1_533' title='bbox 1415 4372 1490 4427; x_wconf 90' lang='lat' dir='ltr'><strong>illi</strong></span> <span class='ocrx_word' id='word_1_534' title='bbox 1546 4390 1677 4429; x_wconf 87' lang='lat' dir='ltr'><strong>vero</strong></span> 
     </span>
    </p>
   </div>
   <div class='ocr_carea' id='block_1_75' title="bbox 125 4450 1676 4534">
    <p class='ocr_par' dir='ltr' id='par_1_75' title="bbox 125 4450 1676 4534">
     <span class='ocr_line' id='line_1_75' title="bbox 125 4450 1676 4534; baseline 0.014 -34"><span class='ocrx_word' id='word_1_535' title='bbox 125 4450 339 4507; x_wconf 87' lang='lat' dir='ltr'><strong>maxime</strong></span> <span class='ocrx_word' id='word_1_536' title='bbox 365 4456 619 4512; x_wconf 88' lang='lat' dir='ltr'><strong>omnium</strong></span> <span class='ocrx_word' id='word_1_537' title='bbox 650 4459 893 4515; x_wconf 81' lang='lat' dir='ltr'><strong>existunt</strong></span> <span class='ocrx_word' id='word_1_538' title='bbox 922 4461 1125 4527; x_wconf 90' lang='lat' dir='ltr'><strong>idonei,</strong></span> <span class='ocrx_word' id='word_1_539' title='bbox 1160 4463 1275 4532; x_wconf 92' lang='lat' dir='ltr'><strong>qui,</strong></span> <span class='ocrx_word' id='word_1_540' title='bbox 1309 4481 1415 4534; x_wconf 75' lang='lat' dir='ltr'><strong>qua</strong></span> <span class='ocrx_word' id='word_1_541' title='bbox 1441 4466 1562 4521; x_wconf 88' lang='lat' dir='ltr'><strong>luce</strong></span> <span class='ocrx_word' id='word_1_542' title='bbox 1595 4467 1676 4521; x_wconf 93' lang='lat' dir='ltr'><strong>di-</strong></span> 
     </span>
    </p>
   </div>
   <div class='ocr_carea' id='block_1_76' title="bbox 120 4538 1673 4628">
    <p class='ocr_par' dir='ltr' id='par_1_76' title="bbox 120 4538 1673 4628">
     <span class='ocr_line' id='line_1_76' title="bbox 120 4538 1673 4628; baseline 0.014 -37"><span class='ocrx_word' id='word_1_543' title='bbox 120 4538 230 4593; x_wconf 85' lang='lat' dir='ltr'><strong>vina</strong></span> <span class='ocrx_word' id='word_1_544' title='bbox 260 4541 629 4613; x_wconf 87' lang='lat' dir='ltr'><strong>illustrantur,</strong></span> <span class='ocrx_word' id='word_1_545' title='bbox 681 4550 815 4606; x_wconf 91' lang='lat' dir='ltr'><strong>alios</strong></span> <span class='ocrx_word' id='word_1_546' title='bbox 857 4552 1203 4622; x_wconf 84' lang='lat' dir='ltr'><strong>perfundant.</strong></span> <span class='ocrx_word' id='word_1_547' title='bbox 1263 4554 1319 4609; x_wconf 89' lang='lat' dir='ltr'><strong>Si</strong></span> <span class='ocrx_word' id='word_1_548' title='bbox 1373 4556 1497 4625; x_wconf 90' lang='lat' dir='ltr'><strong>quis</strong></span> <span class='ocrx_word' id='word_1_549' title='bbox 1543 4572 1673 4628; x_wconf 86' lang='lat' dir='ltr'><strong>ergo</strong></span> 
     </span>
    </p>
   </div>
   <div class='ocr_carea' id='block_1_77' title="bbox 121 4633 1672 4711">
    <p class='ocr_par' dir='ltr' id='par_1_77' title="bbox 121 4633 1672 4711">
     <span class='ocr_line' id='line_1_77' title="bbox 121 4633 1672 4711; baseline 0.015 -30"><span class='ocrx_word' id='word_1_550' title='bbox 121 4640 208 4695; x_wconf 88' lang='lat' dir='ltr'><strong>est,</strong></span> <span class='ocrx_word' id='word_1_551' title='bbox 239 4633 351 4702; x_wconf 91' lang='lat' dir='ltr'><strong>qui,</strong></span> <span class='ocrx_word' id='word_1_552' title='bbox 377 4637 583 4693; x_wconf 90' lang='lat' dir='ltr'><strong>nucleo</strong></span> <span class='ocrx_word' id='word_1_553' title='bbox 606 4638 831 4711; x_wconf 90' lang='lat' dir='ltr'><strong>insuper</strong></span> <span class='ocrx_word' id='word_1_554' title='bbox 862 4642 1067 4709; x_wconf 89' lang='lat' dir='ltr'><strong>habito,</strong></span> <span class='ocrx_word' id='word_1_555' title='bbox 1095 4653 1320 4701; x_wconf 84' lang='lat' dir='ltr'><strong>externo</strong></span> <span class='ocrx_word' id='word_1_556' title='bbox 1350 4647 1553 4703; x_wconf 90' lang='lat' dir='ltr'><strong>cortice</strong></span> <span class='ocrx_word' id='word_1_557' title='bbox 1575 4648 1672 4703; x_wconf 85' lang='lat' dir='ltr'><strong>de—</strong></span> 
     </span>
    </p>
   </div>
   <div class='ocr_carea' id='block_1_78' title="bbox 119 4720 1675 4804">
    <p class='ocr_par' dir='ltr' id='par_1_78' title="bbox 119 4720 1675 4804">
     <span class='ocr_line' id='line_1_78' title="bbox 119 4720 1675 4804; baseline 0.013 -30"><span class='ocrx_word' id='word_1_558' title='bbox 119 4720 353 4791; x_wconf 85' lang='lat' dir='ltr'><strong>lectatur,</strong></span> <span class='ocrx_word' id='word_1_559' title='bbox 418 4730 520 4798; x_wconf 91' lang='lat' dir='ltr'><strong>qui</strong></span> <span class='ocrx_word' id='word_1_560' title='bbox 577 4733 870 4787; x_wconf 83' lang='lat' dir='ltr'><strong>verborum</strong></span> <span class='ocrx_word' id='word_1_561' title='bbox 930 4734 1168 4791; x_wconf 89' lang='lat' dir='ltr'><strong>ﬂosculis</strong></span> <span class='ocrx_word' id='word_1_562' title='bbox 1209 4737 1450 4804; x_wconf 90' lang='lat' dir='ltr'><strong>ducitur,</strong></span> <span class='ocrx_word' id='word_1_563' title='bbox 1507 4740 1675 4795; x_wconf 91' lang='lat' dir='ltr'><strong>rebus</strong></span> 
     </span>
    </p>
   </div>
   <div class='ocr_carea' id='block_1_79' title="bbox 120 4819 1671 4891">
    <p class='ocr_par' dir='ltr' id='par_1_79' title="bbox 120 4819 1671 4891">
     <span class='ocr_line' id='line_1_79' title="bbox 120 4819 1671 4891; baseline 0.014 -26"><span class='ocrx_word' id='word_1_564' title='bbox 120 4819 450 4888; x_wconf 84' lang='lat' dir='ltr'><strong>contemptis,</strong></span> <span class='ocrx_word' id='word_1_565' title='bbox 487 4823 582 4891; x_wconf 92' lang='lat' dir='ltr'><strong>qui</strong></span> <span class='ocrx_word' id='word_1_566' title='bbox 609 4834 788 4880; x_wconf 84' lang='lat' dir='ltr'><strong>mente</strong></span> <span class='ocrx_word' id='word_1_567' title='bbox 816 4836 995 4881; x_wconf 88' lang='lat' dir='ltr'><strong>terrae</strong></span> <span class='ocrx_word' id='word_1_568' title='bbox 1016 4826 1170 4882; x_wconf 76' lang='lat' dir='ltr'><strong>afﬁxa</strong></span> <span class='ocrx_word' id='word_1_569' title='bbox 1202 4829 1455 4884; x_wconf 89' lang='lat' dir='ltr'><strong>coelestia</strong></span> <span class='ocrx_word' id='word_1_570' title='bbox 1480 4830 1535 4885; x_wconf 91' lang='lat' dir='ltr'><strong>in</strong></span> <span class='ocrx_word' id='word_1_571' title='bbox 1566 4832 1671 4886; x_wconf 90' lang='lat' dir='ltr'><strong>mi-</strong></span> 
     </span>
    </p>
   </div>
   <div class='ocr_carea' id='block_1_80' title="bbox 116 4906 1672 4989">
    <p class='ocr_par' dir='ltr' id='par_1_80' title="bbox 116 4906 1672 4989">
     <span class='ocr_line' id='line_1_80' title="bbox 116 4906 1672 4989; baseline 0.012 -29"><span class='ocrx_word' id='word_1_572' title='bbox 116 4906 263 4964; x_wconf 87' lang='lat' dir='ltr'><strong>nimis</strong></span> <span class='ocrx_word' id='word_1_573' title='bbox 292 4912 484 4979; x_wconf 88' lang='lat' dir='ltr'><strong>habet,</strong></span> <span class='ocrx_word' id='word_1_574' title='bbox 515 4915 605 4970; x_wconf 88' lang='lat' dir='ltr'><strong>cui</strong></span> <span class='ocrx_word' id='word_1_575' title='bbox 637 4932 893 4971; x_wconf 88' lang='lat' dir='ltr'><strong>nauseam</strong></span> <span class='ocrx_word' id='word_1_576' title='bbox 926 4926 1093 4983; x_wconf 87' lang='lat' dir='ltr'><strong>creat,</strong></span> <span class='ocrx_word' id='word_1_577' title='bbox 1120 4920 1384 4989; x_wconf 89' lang='lat' dir='ltr'><strong>quidquid</strong></span> <span class='ocrx_word' id='word_1_578' title='bbox 1414 4922 1481 4977; x_wconf 90' lang='lat' dir='ltr'><strong>de</strong></span> <span class='ocrx_word' id='word_1_579' title='bbox 1508 4939 1672 4979; x_wconf 91' lang='lat' dir='ltr'><strong>carne</strong></span> 
     </span>
    </p>
   </div>
   <div class='ocr_carea' id='block_1_81' title="bbox 118 5000 1670 5078">
    <p class='ocr_par' dir='ltr' id='par_1_81' title="bbox 118 5000 1670 5078">
     <span class='ocr_line' id='line_1_81' title="bbox 118 5000 1670 5078; baseline 0.013 -30"><span class='ocrx_word' id='word_1_580' title='bbox 118 5000 251 5052; x_wconf 90' lang='lat' dir='ltr'><strong>cruci</strong></span> <span class='ocrx_word' id='word_1_581' title='bbox 274 5001 585 5075; x_wconf 84' lang='lat' dir='ltr'><strong>deligenda,</strong></span> <span class='ocrx_word' id='word_1_582' title='bbox 610 5015 666 5060; x_wconf 91' lang='lat' dir='ltr'><strong>et</strong></span> <span class='ocrx_word' id='word_1_583' title='bbox 711 5006 779 5062; x_wconf 93' lang='lat' dir='ltr'><strong>de</strong></span> <span class='ocrx_word' id='word_1_584' title='bbox 827 5017 1088 5078; x_wconf 87' lang='lat' dir='ltr'><strong>perpetua</strong></span> <span class='ocrx_word' id='word_1_585' title='bbox 1137 5010 1336 5065; x_wconf 90' lang='lat' dir='ltr'><strong>mentis</strong></span> <span class='ocrx_word' id='word_1_586' title='bbox 1388 5011 1457 5066; x_wconf 91' lang='lat' dir='ltr'><strong>ad</strong></span> <span class='ocrx_word' id='word_1_587' title='bbox 1498 5013 1670 5067; x_wconf 91' lang='lat' dir='ltr'><strong>Deum</strong></span> 
     </span>
    </p>
   </div>
   <div class='ocr_carea' id='block_1_82' title="bbox 114 5090 1671 5174">
    <p class='ocr_par' dir='ltr' id='par_1_82' title="bbox 114 5090 1671 5174">
     <span class='ocr_line' id='line_1_82' title="bbox 114 5090 1671 5174; baseline 0.012 -32"><span class='ocrx_word' id='word_1_588' title='bbox 114 5090 399 5150; x_wconf 84' lang='lat' dir='ltr'><strong>elevatione</strong></span> <span class='ocrx_word' id='word_1_589' title='bbox 444 5097 668 5164; x_wconf 92' lang='lat' dir='ltr'><strong>dicitur,</strong></span> <span class='ocrx_word' id='word_1_590' title='bbox 716 5107 771 5154; x_wconf 89' lang='lat' dir='ltr'><strong>et</strong></span> <span class='ocrx_word' id='word_1_591' title='bbox 831 5101 923 5170; x_wconf 91' lang='lat' dir='ltr'><strong>qui</strong></span> <span class='ocrx_word' id='word_1_592' title='bbox 978 5101 1233 5171; x_wconf 89' lang='lat' dir='ltr'><strong>denique,</strong></span> <span class='ocrx_word' id='word_1_593' title='bbox 1285 5104 1549 5174; x_wconf 89' lang='lat' dir='ltr'><strong>quidquid</strong></span> <span class='ocrx_word' id='word_1_594' title='bbox 1602 5106 1671 5161; x_wconf 91' lang='lat' dir='ltr'><strong>ad</strong></span> 
     </span>
    </p>
   </div>
   <div class='ocr_carea' id='block_1_83' title="bbox 115 5185 1666 5261">
    <p class='ocr_par' dir='ltr' id='par_1_83' title="bbox 115 5185 1666 5261">
     <span class='ocr_line' id='line_1_83' title="bbox 115 5185 1666 5261; baseline 0.012 -31"><span class='ocrx_word' id='word_1_595' title='bbox 115 5194 281 5235; x_wconf 80' lang='lat' dir='ltr'><strong>veram</strong></span> <span class='ocrx_word' id='word_1_596' title='bbox 311 5185 659 5257; x_wconf 89' lang='lat' dir='ltr'><strong>solidamque</strong></span> <span class='ocrx_word' id='word_1_597' title='bbox 693 5204 817 5243; x_wconf 91' lang='lat' dir='ltr'><strong>cum</strong></span> <span class='ocrx_word' id='word_1_598' title='bbox 846 5190 1131 5246; x_wconf 91' lang='lat' dir='ltr'><strong>devotione</strong></span> <span class='ocrx_word' id='word_1_599' title='bbox 1162 5191 1416 5261; x_wconf 90' lang='lat' dir='ltr'><strong>pietatem</strong></span> <span class='ocrx_word' id='word_1_600' title='bbox 1450 5194 1666 5260; x_wconf 90' lang='lat' dir='ltr'><strong>attinet,</strong></span> 
     </span>
    </p>
   </div>
   <div class='ocr_carea' id='block_1_84' title="bbox 116 5271 1668 5357">
    <p class='ocr_par' dir='ltr' id='par_1_84' title="bbox 116 5271 1668 5357">
     <span class='ocr_line' id='line_1_84' title="bbox 116 5271 1668 5357; baseline 0.011 -32"><span class='ocrx_word' id='word_1_601' title='bbox 116 5271 162 5325; x_wconf 90' lang='lat' dir='ltr'><strong>in</strong></span> <span class='ocrx_word' id='word_1_602' title='bbox 192 5279 446 5333; x_wconf 86' lang='lat' dir='ltr'><strong>extremis</strong></span> <span class='ocrx_word' id='word_1_603' title='bbox 473 5290 668 5335; x_wconf 86' lang='lat' dir='ltr'><strong>curat:</strong></span> <span class='ocrx_word' id='word_1_604' title='bbox 701 5296 827 5335; x_wconf 92' lang='lat' dir='ltr'><strong>eum</strong></span> <span class='ocrx_word' id='word_1_605' title='bbox 860 5293 1070 5337; x_wconf 89' lang='lat' dir='ltr'><strong>eertum</strong></span> <span class='ocrx_word' id='word_1_606' title='bbox 1103 5300 1221 5340; x_wconf 90' lang='lat' dir='ltr'><strong>esse</strong></span> <span class='ocrx_word' id='word_1_607' title='bbox 1246 5284 1427 5352; x_wconf 91' lang='lat' dir='ltr'><strong>iubeo,</strong></span> <span class='ocrx_word' id='word_1_608' title='bbox 1462 5302 1668 5357; x_wconf 85' lang='lat' dir='ltr'><strong>nequa-</strong></span> 
     </span>
    </p>
   </div>
   <div class='ocr_carea' id='block_1_85' title="bbox 118 5369 1665 5442">
    <p class='ocr_par' dir='ltr' id='par_1_85' title="bbox 118 5369 1665 5442">
     <span class='ocr_line' id='line_1_85' title="bbox 118 5369 1665 5442; baseline 0.01 -25"><span class='ocrx_word' id='word_1_609' title='bbox 118 5378 259 5432; x_wconf 87' lang='lat' dir='ltr'><strong>quam</strong></span> <span class='ocrx_word' id='word_1_610' title='bbox 285 5384 364 5433; x_wconf 90' lang='lat' dir='ltr'><strong>se,</strong></span> <span class='ocrx_word' id='word_1_611' title='bbox 394 5369 547 5440; x_wconf 90' lang='lat' dir='ltr'><strong>quod</strong></span> <span class='ocrx_word' id='word_1_612' title='bbox 584 5372 771 5426; x_wconf 89' lang='lat' dir='ltr'><strong>iuvare</strong></span> <span class='ocrx_word' id='word_1_613' title='bbox 803 5371 925 5426; x_wconf 90' lang='lat' dir='ltr'><strong>eius</strong></span> <span class='ocrx_word' id='word_1_614' title='bbox 948 5374 1120 5442; x_wconf 91' lang='lat' dir='ltr'><strong>possit</strong></span> <span class='ocrx_word' id='word_1_615' title='bbox 1150 5376 1413 5441; x_wconf 89' lang='lat' dir='ltr'><strong>animum,</strong></span> <span class='ocrx_word' id='word_1_616' title='bbox 1463 5376 1555 5432; x_wconf 91' lang='lat' dir='ltr'><strong>hic</strong></span> <span class='ocrx_word' id='word_1_617' title='bbox 1578 5393 1665 5432; x_wconf 92' lang='lat' dir='ltr'><strong>re-</strong></span> 
     </span>
    </p>
   </div>
   <div class='ocr_carea' id='block_1_86' title="bbox 116 5463 1666 5538">
    <p class='ocr_par' dir='ltr' id='par_1_86' title="bbox 116 5463 1666 5538">
     <span class='ocr_line' id='line_1_86' title="bbox 116 5463 1666 5538; baseline 0.01 -28"><span class='ocrx_word' id='word_1_618' title='bbox 116 5467 379 5523; x_wconf 83' lang='lat' dir='ltr'><strong>perturum</strong></span> <span class='ocrx_word' id='word_1_619' title='bbox 408 5476 553 5516; x_wconf 87' lang='lat' dir='ltr'><strong>esse.</strong></span> <span class='ocrx_word' id='word_1_620' title='bbox 584 5463 720 5517; x_wconf 89' lang='lat' dir='ltr'><strong>Nam</strong></span> <span class='ocrx_word' id='word_1_621' title='bbox 751 5466 851 5533; x_wconf 89' lang='lat' dir='ltr'><strong>qui</strong></span> <span class='ocrx_word' id='word_1_622' title='bbox 878 5466 980 5522; x_wconf 89' lang='lat' dir='ltr'><strong>hac</strong></span> <span class='ocrx_word' id='word_1_623' title='bbox 1016 5477 1197 5522; x_wconf 88' lang='lat' dir='ltr'><strong>mente</strong></span> <span class='ocrx_word' id='word_1_624' title='bbox 1219 5484 1328 5524; x_wconf 92' lang='lat' dir='ltr'><strong>non</strong></span> <span class='ocrx_word' id='word_1_625' title='bbox 1375 5477 1459 5524; x_wconf 89' lang='lat' dir='ltr'><strong>est</strong></span> <span class='ocrx_word' id='word_1_626' title='bbox 1503 5485 1666 5538; x_wconf 84' lang='lat' dir='ltr'><strong>prae-</strong></span> 
     </span>
    </p>
   </div>
   <div class='ocr_carea' id='block_1_87' title="bbox 116 5544 1668 5626">
    <p class='ocr_par' dir='ltr' id='par_1_87' title="bbox 116 5544 1668 5626">
     <span class='ocr_line' id='line_1_87' title="bbox 116 5544 1668 5626; baseline 0.012 -30"><span class='ocrx_word' id='word_1_627' title='bbox 116 5544 264 5612; x_wconf 90' lang='lat' dir='ltr'><strong>ditus,</strong></span> <span class='ocrx_word' id='word_1_628' title='bbox 298 5557 360 5603; x_wconf 88' lang='lat' dir='ltr'><strong>ut</strong></span> <span class='ocrx_word' id='word_1_629' title='bbox 388 5552 722 5621; x_wconf 89' lang='lat' dir='ltr'><strong>posthabitis</strong></span> <span class='ocrx_word' id='word_1_630' title='bbox 750 5555 917 5610; x_wconf 91' lang='lat' dir='ltr'><strong>rebus</strong></span> <span class='ocrx_word' id='word_1_631' title='bbox 947 5556 1050 5610; x_wconf 92' lang='lat' dir='ltr'><strong>sub</strong></span> <span class='ocrx_word' id='word_1_632' title='bbox 1105 5556 1419 5626; x_wconf 87' lang='lat' dir='ltr'><strong>adspeetum</strong></span> <span class='ocrx_word' id='word_1_633' title='bbox 1466 5559 1668 5615; x_wconf 90' lang='lat' dir='ltr'><strong>caden-</strong></span> 
     </span>
    </p>
   </div>
   <div class='ocr_carea' id='block_1_88' title="bbox 117 5640 1674 5719">
    <p class='ocr_par' dir='ltr' id='par_1_88' title="bbox 117 5640 1674 5719">
     <span class='ocr_line' id='line_1_88' title="bbox 117 5640 1674 5719; baseline 0.008 -26"><span class='ocrx_word' id='word_1_634' title='bbox 117 5640 264 5705; x_wconf 88' lang='lat' dir='ltr'><strong>tibus,</strong></span> <span class='ocrx_word' id='word_1_635' title='bbox 290 5643 530 5700; x_wconf 87' lang='lat' dir='ltr'><strong>immoto</strong></span> <span class='ocrx_word' id='word_1_636' title='bbox 562 5646 728 5701; x_wconf 89' lang='lat' dir='ltr'><strong>animi</strong></span> <span class='ocrx_word' id='word_1_637' title='bbox 772 5648 1052 5719; x_wconf 87' lang='lat' dir='ltr'><strong>preposito</strong></span> <span class='ocrx_word' id='word_1_638' title='bbox 1106 5649 1394 5706; x_wconf 88' lang='lat' dir='ltr'><strong>desideriis</strong></span> <span class='ocrx_word' id='word_1_639' title='bbox 1438 5652 1572 5718; x_wconf 91' lang='lat' dir='ltr'><strong>suis,</strong></span> <span class='ocrx_word' id='word_1_640' title='bbox 1616 5660 1674 5708; x_wconf 91' lang='lat' dir='ltr'><strong>et</strong></span> 
     </span>
    </p>
   </div>
   <div class='ocr_carea' id='block_1_89' title="bbox 118 5734 1672 5815">
    <p class='ocr_par' dir='ltr' id='par_1_89' title="bbox 118 5734 1672 5815">
     <span class='ocr_line' id='line_1_89' title="bbox 118 5734 1672 5815; baseline 0.012 -32"><span class='ocrx_word' id='word_1_641' title='bbox 118 5734 354 5791; x_wconf 85' lang='lat' dir='ltr'><strong>omnibus</strong></span> <span class='ocrx_word' id='word_1_642' title='bbox 401 5736 619 5797; x_wconf 88' lang='lat' dir='ltr'><strong>animae</strong></span> <span class='ocrx_word' id='word_1_643' title='bbox 662 5740 872 5797; x_wconf 88' lang='lat' dir='ltr'><strong>viribus</strong></span> <span class='ocrx_word' id='word_1_644' title='bbox 922 5740 978 5795; x_wconf 92' lang='lat' dir='ltr'><strong>in</strong></span> <span class='ocrx_word' id='word_1_645' title='bbox 1024 5741 1327 5810; x_wconf 88' lang='lat' dir='ltr'><strong>spiritualia</strong></span> <span class='ocrx_word' id='word_1_646' title='bbox 1380 5743 1672 5815; x_wconf 90' lang='lat' dir='ltr'><strong>divinaque</strong></span> 
     </span>
    </p>
   </div>
   <div class='ocr_carea' id='block_1_90' title="bbox 116 5820 1668 5908">
    <p class='ocr_par' dir='ltr' id='par_1_90' title="bbox 116 5820 1668 5908">
     <span class='ocr_line' id='line_1_90' title="bbox 116 5820 1668 5908; baseline 0.012 -32"><span class='ocrx_word' id='word_1_647' title='bbox 116 5820 348 5908; x_wconf 78' lang='lat' dir='ltr'><strong>feratur;</strong></span> <span class='ocrx_word' id='word_1_648' title='bbox 373 5838 435 5886; x_wconf 90' lang='lat' dir='ltr'><strong>et</strong></span> <span class='ocrx_word' id='word_1_649' title='bbox 459 5839 653 5889; x_wconf 89' lang='lat' dir='ltr'><strong>contra</strong></span> <span class='ocrx_word' id='word_1_650' title='bbox 684 5833 770 5891; x_wconf 85' lang='lat' dir='ltr'><strong>vel</strong></span> <span class='ocrx_word' id='word_1_651' title='bbox 794 5833 998 5905; x_wconf 83' lang='lat' dir='ltr'><strong>gloriae</strong></span> <span class='ocrx_word' id='word_1_652' title='bbox 1026 5834 1219 5896; x_wconf 87' lang='lat' dir='ltr'><strong>saltem</strong></span> <span class='ocrx_word' id='word_1_653' title='bbox 1246 5852 1376 5895; x_wconf 81' lang='lat' dir='ltr'><strong>suae</strong></span> <span class='ocrx_word' id='word_1_654' title='bbox 1419 5837 1668 5908; x_wconf 87' lang='lat' dir='ltr'><strong>inservit,</strong></span> 
     </span>
    </p>
   </div>
   <div class='ocr_carea' id='block_1_91' title="bbox 1775 3358 3350 3440">
    <p class='ocr_par' dir='ltr' id='par_1_91' title="bbox 1775 3358 3350 3440">
     <span class='ocr_line' id='line_1_91' title="bbox 1775 3358 3350 3440; baseline -0.008 -16"><span class='ocrx_word' id='word_1_655' title='bbox 1775 3370 2026 3425; x_wconf 92' lang='lat' dir='ltr'><strong>homines</strong></span> <span class='ocrx_word' id='word_1_656' title='bbox 2045 3369 2269 3440; x_wconf 91' lang='lat' dir='ltr'><strong>profuso</strong></span> <span class='ocrx_word' id='word_1_657' title='bbox 2295 3367 2558 3438; x_wconf 89' lang='lat' dir='ltr'><strong>sanguine</strong></span> <span class='ocrx_word' id='word_1_658' title='bbox 2589 3365 2856 3435; x_wconf 85' lang='lat' dir='ltr'><strong>expiasse,</strong></span> <span class='ocrx_word' id='word_1_659' title='bbox 2886 3372 2941 3418; x_wconf 87' lang='lat' dir='ltr'><strong>et</strong></span> <span class='ocrx_word' id='word_1_660' title='bbox 2986 3362 3044 3416; x_wconf 89' lang='lat' dir='ltr'><strong>in</strong></span> <span class='ocrx_word' id='word_1_661' title='bbox 3094 3358 3350 3416; x_wconf 78' lang='lat' dir='ltr'><strong>omnium.</strong></span> 
     </span>
    </p>
   </div>
   <div class='ocr_carea' id='block_1_92' title="bbox 1774 3449 3342 3518">
    <p class='ocr_par' dir='ltr' id='par_1_92' title="bbox 1774 3449 3342 3518">
     <span class='ocr_line' id='line_1_92' title="bbox 1774 3449 3342 3518; baseline -0.008 -2"><span class='ocrx_word' id='word_1_662' title='bbox 1774 3462 2004 3517; x_wconf 88' lang='lat' dir='ltr'><strong>salutem</strong></span> <span class='ocrx_word' id='word_1_663' title='bbox 2052 3459 2334 3513; x_wconf 90' lang='lat' dir='ltr'><strong>hominum</strong></span> <span class='ocrx_word' id='word_1_664' title='bbox 2383 3458 2613 3512; x_wconf 90' lang='lat' dir='ltr'><strong>solerter</strong></span> <span class='ocrx_word' id='word_1_665' title='bbox 2661 3454 3001 3509; x_wconf 80' lang='lat' dir='ltr'><strong>incumbere.</strong></span> <span class='ocrx_word' id='word_1_666' title='bbox 3037 3449 3193 3518; x_wconf 87' lang='lat' dir='ltr'><strong>Quod</strong></span> <span class='ocrx_word' id='word_1_667' title='bbox 3230 3459 3342 3505; x_wconf 92' lang='lat' dir='ltr'><strong>tam</strong></span> 
     </span>
    </p>
   </div>
   <div class='ocr_carea' id='block_1_93' title="bbox 1774 3542 3341 3620">
    <p class='ocr_par' dir='ltr' id='par_1_93' title="bbox 1774 3542 3341 3620">
     <span class='ocr_line' id='line_1_93' title="bbox 1774 3542 3341 3620; baseline -0.006 -15"><span class='ocrx_word' id='word_1_668' title='bbox 1774 3550 2105 3620; x_wconf 83' lang='lat' dir='ltr'><strong>frequenter,</strong></span> <span class='ocrx_word' id='word_1_669' title='bbox 2137 3559 2355 3617; x_wconf 87' lang='lat' dir='ltr'><strong>tamque</strong></span> <span class='ocrx_word' id='word_1_670' title='bbox 2386 3546 2625 3601; x_wconf 91' lang='lat' dir='ltr'><strong>dilucide</strong></span> <span class='ocrx_word' id='word_1_671' title='bbox 2668 3545 2901 3599; x_wconf 89' lang='lat' dir='ltr'><strong>inculcat</strong></span> <span class='ocrx_word' id='word_1_672' title='bbox 2949 3542 3234 3606; x_wconf 88' lang='lat' dir='ltr'><strong>Macarius,</strong></span> <span class='ocrx_word' id='word_1_673' title='bbox 3278 3550 3341 3595; x_wconf 93' lang='lat' dir='ltr'><strong>ut</strong></span> 
     </span>
    </p>
   </div>
   <div class='ocr_carea' id='block_1_94' title="bbox 1775 3632 3344 3704">
    <p class='ocr_par' dir='ltr' id='par_1_94' title="bbox 1775 3632 3344 3704">
     <span class='ocr_line' id='line_1_94' title="bbox 1775 3632 3344 3704; baseline -0.006 -7"><span class='ocrx_word' id='word_1_674' title='bbox 1775 3642 1849 3697; x_wconf 90' lang='lat' dir='ltr'><strong>lo.</strong></span> <span class='ocrx_word' id='word_1_675' title='bbox 1879 3641 2191 3697; x_wconf 87' lang='lat' dir='ltr'><strong>Gerbardus</strong></span> <span class='ocrx_word' id='word_1_676' title='bbox 2216 3639 2460 3704; x_wconf 80' lang='lat' dir='ltr'><strong>Vossius,</strong></span> <span class='ocrx_word' id='word_1_677' title='bbox 2487 3638 2572 3691; x_wconf 89' lang='lat' dir='ltr'><strong>vir</strong></span> <span class='ocrx_word' id='word_1_678' title='bbox 2600 3637 2655 3691; x_wconf 92' lang='lat' dir='ltr'><strong>in</strong></span> <span class='ocrx_word' id='word_1_679' title='bbox 2688 3635 2981 3690; x_wconf 86' lang='lat' dir='ltr'><strong>evolvenda</strong></span> <span class='ocrx_word' id='word_1_680' title='bbox 3015 3632 3344 3703; x_wconf 85' lang='lat' dir='ltr'><strong>antiquitate</strong></span> 
     </span>
    </p>
   </div>
   <div class='ocr_carea' id='block_1_95' title="bbox 1775 3724 3342 3802">
    <p class='ocr_par' dir='ltr' id='par_1_95' title="bbox 1775 3724 3342 3802">
     <span class='ocr_line' id='line_1_95' title="bbox 1775 3724 3342 3802; baseline -0.005 -17"><span class='ocrx_word' id='word_1_681' title='bbox 1775 3731 2241 3802; x_wconf 89' lang='lat' dir='ltr'><strong>diligentissimus,</strong></span> <span class='ocrx_word' id='word_1_682' title='bbox 2276 3729 2332 3784; x_wconf 91' lang='lat' dir='ltr'><strong>in</strong></span> <span class='ocrx_word' id='word_1_683' title='bbox 2365 3727 2681 3784; x_wconf 90' lang='lat' dir='ltr'><strong>doctissimo</strong></span> <span class='ocrx_word' id='word_1_684' title='bbox 2712 3725 2979 3781; x_wconf 83' lang='lat' dir='ltr'><strong>Historiae</strong></span> <span class='ocrx_word' id='word_1_685' title='bbox 3021 3724 3342 3793; x_wconf 85' lang='lat' dir='ltr'><strong>Pelagianae</strong></span> 
     </span>
    </p>
   </div>
   <div class='ocr_carea' id='block_1_96' title="bbox 1775 3814 3342 3892">
    <p class='ocr_par' dir='ltr' id='par_1_96' title="bbox 1775 3814 3342 3892">
     <span class='ocr_line' id='line_1_96' title="bbox 1775 3814 3342 3892; baseline -0.005 -17"><span class='ocrx_word' id='word_1_686' title='bbox 1775 3836 1959 3892; x_wconf 91' lang='lat' dir='ltr'><strong>opere,</strong></span> <span class='ocrx_word' id='word_1_687' title='bbox 1988 3836 2109 3874; x_wconf 92' lang='lat' dir='ltr'><strong>cum</strong></span> <span class='ocrx_word' id='word_1_688' title='bbox 2131 3819 2185 3873; x_wconf 90' lang='lat' dir='ltr'><strong>id</strong></span> <span class='ocrx_word' id='word_1_689' title='bbox 2210 3820 2439 3889; x_wconf 87' lang='lat' dir='ltr'><strong>probare</strong></span> <span class='ocrx_word' id='word_1_690' title='bbox 2460 3818 2645 3881; x_wconf 90' lang='lat' dir='ltr'><strong>debet,</strong></span> <span class='ocrx_word' id='word_1_691' title='bbox 2672 3816 2961 3871; x_wconf 85' lang='lat' dir='ltr'><strong>Macarium</strong></span> <span class='ocrx_word' id='word_1_692' title='bbox 2981 3814 3039 3868; x_wconf 87' lang='lat' dir='ltr'><strong>in</strong></span> <span class='ocrx_word' id='word_1_693' title='bbox 3059 3814 3342 3868; x_wconf 88' lang='lat' dir='ltr'><strong>doctrinae</strong></span> 
     </span>
    </p>
   </div>
   <div class='ocr_carea' id='block_1_97' title="bbox 1775 3907 3363 3976">
    <p class='ocr_par' dir='ltr' id='par_1_97' title="bbox 1775 3907 3363 3976">
     <span class='ocr_line' id='line_1_97' title="bbox 1775 3907 3363 3976; baseline -0.004 -9"><span class='ocrx_word' id='word_1_694' title='bbox 1775 3922 1885 3967; x_wconf 89' lang='lat' dir='ltr'><strong>tam</strong></span> <span class='ocrx_word' id='word_1_695' title='bbox 1910 3912 2164 3967; x_wconf 88' lang='lat' dir='ltr'><strong>salutaris</strong></span> <span class='ocrx_word' id='word_1_696' title='bbox 2189 3919 2383 3966; x_wconf 87' lang='lat' dir='ltr'><strong>testem</strong></span> <span class='ocrx_word' id='word_1_697' title='bbox 2410 3910 2740 3965; x_wconf 87' lang='lat' dir='ltr'><strong>creberrime</strong></span> <span class='ocrx_word' id='word_1_698' title='bbox 2764 3908 2981 3963; x_wconf 81' lang='lat' dir='ltr'><strong>excitet.</strong></span> <span class='ocrx_word' id='word_1_699' title='bbox 3004 3907 3177 3975; x_wconf 85' lang='lat' dir='ltr'><strong>Quam</strong></span> <span class='ocrx_word' id='word_1_700' title='bbox 3208 3920 3363 3976; x_wconf 25' lang='lat' dir='ltr'><strong>pore.</strong></span> 
     </span>
    </p>
   </div>
   <div class='ocr_carea' id='block_1_98' title="bbox 1774 3997 3373 4074">
    <p class='ocr_par' dir='ltr' id='par_1_98' title="bbox 1774 3997 3373 4074">
     <span class='ocr_line' id='line_1_98' title="bbox 1774 3997 3373 4074; baseline -0.008 -14"><span class='ocrx_word' id='word_1_701' title='bbox 1774 4021 1838 4060; x_wconf 87' lang='lat' dir='ltr'><strong>ro</strong></span> <span class='ocrx_word' id='word_1_702' title='bbox 1883 4005 2041 4060; x_wconf 90' lang='lat' dir='ltr'><strong>docet</strong></span> <span class='ocrx_word' id='word_1_703' title='bbox 2083 4003 2319 4074; x_wconf 87' lang='lat' dir='ltr'><strong>egregie,</strong></span> <span class='ocrx_word' id='word_1_704' title='bbox 2354 4002 2573 4071; x_wconf 90' lang='lat' dir='ltr'><strong>quantis</strong></span> <span class='ocrx_word' id='word_1_705' title='bbox 2620 4000 2833 4055; x_wconf 91' lang='lat' dir='ltr'><strong>insidiis</strong></span> <span class='ocrx_word' id='word_1_706' title='bbox 2880 4008 3093 4053; x_wconf 87' lang='lat' dir='ltr'><strong>satanas</strong></span> <span class='ocrx_word' id='word_1_707' title='bbox 3130 3997 3373 4053; x_wconf 70' lang='lat' dir='ltr'><strong>animas.</strong></span> 
     </span>
    </p>
   </div>
   <div class='ocr_carea' id='block_1_99' title="bbox 1775 4091 3336 4164">
    <p class='ocr_par' dir='ltr' id='par_1_99' title="bbox 1775 4091 3336 4164">
     <span class='ocr_line' id='line_1_99' title="bbox 1775 4091 3336 4164; baseline -0.004 -14"><span class='ocrx_word' id='word_1_708' title='bbox 1775 4097 2059 4151; x_wconf 90' lang='lat' dir='ltr'><strong>hominum</strong></span> <span class='ocrx_word' id='word_1_709' title='bbox 2081 4094 2497 4159; x_wconf 88' lang='lat' dir='ltr'><strong>circumveniat,</strong></span> <span class='ocrx_word' id='word_1_710' title='bbox 2521 4109 2793 4164; x_wconf 88' lang='lat' dir='ltr'><strong>quamque</strong></span> <span class='ocrx_word' id='word_1_711' title='bbox 2824 4099 3138 4147; x_wconf 89' lang='lat' dir='ltr'><strong>constanter</strong></span> <span class='ocrx_word' id='word_1_712' title='bbox 3153 4091 3336 4145; x_wconf 81' lang='lat' dir='ltr'><strong>homi-</strong></span> 
     </span>
    </p>
   </div>
   <div class='ocr_carea' id='block_1_100' title="bbox 1773 4183 3338 4251">
    <p class='ocr_par' dir='ltr' id='par_1_100' title="bbox 1773 4183 3338 4251">
     <span class='ocr_line' id='line_1_100' title="bbox 1773 4183 3338 4251; baseline -0.003 -9"><span class='ocrx_word' id='word_1_713' title='bbox 1773 4203 1907 4242; x_wconf 91' lang='lat' dir='ltr'><strong>num</strong></span> <span class='ocrx_word' id='word_1_714' title='bbox 1938 4188 2168 4243; x_wconf 87' lang='lat' dir='ltr'><strong>salutem</strong></span> <span class='ocrx_word' id='word_1_715' title='bbox 2209 4194 2459 4242; x_wconf 88' lang='lat' dir='ltr'><strong>evertere</strong></span> <span class='ocrx_word' id='word_1_716' title='bbox 2504 4186 2740 4241; x_wconf 85' lang='lat' dir='ltr'><strong>studeat.</strong></span> <span class='ocrx_word' id='word_1_717' title='bbox 2783 4184 2994 4251; x_wconf 86' lang='lat' dir='ltr'><strong>Quanta</strong></span> <span class='ocrx_word' id='word_1_718' title='bbox 3038 4183 3338 4238; x_wconf 87' lang='lat' dir='ltr'><strong>certamina</strong></span> 
     </span>
    </p>
   </div>
   <div class='ocr_carea' id='block_1_101' title="bbox 1775 4273 3337 4347">
    <p class='ocr_par' dir='ltr' id='par_1_101' title="bbox 1775 4273 3337 4347">
     <span class='ocr_line' id='line_1_101' title="bbox 1775 4273 3337 4347; baseline -0.004 -14"><span class='ocrx_word' id='word_1_719' title='bbox 1775 4278 1985 4333; x_wconf 91' lang='lat' dir='ltr'><strong>homini</strong></span> <span class='ocrx_word' id='word_1_720' title='bbox 2046 4279 2275 4332; x_wconf 90' lang='lat' dir='ltr'><strong>salutem</strong></span> <span class='ocrx_word' id='word_1_721' title='bbox 2347 4277 2703 4347; x_wconf 91' lang='lat' dir='ltr'><strong>acquisituro,</strong></span> <span class='ocrx_word' id='word_1_722' title='bbox 2749 4290 2911 4345; x_wconf 89' lang='lat' dir='ltr'><strong>quam</strong></span> <span class='ocrx_word' id='word_1_723' title='bbox 2968 4273 3337 4339; x_wconf 86' lang='lat' dir='ltr'><strong>vehementia,</strong></span> 
     </span>
    </p>
   </div>
   <div class='ocr_carea' id='block_1_102' title="bbox 1774 4367 3336 4440">
    <p class='ocr_par' dir='ltr' id='par_1_102' title="bbox 1774 4367 3336 4440">
     <span class='ocr_line' id='line_1_102' title="bbox 1774 4367 3336 4440; baseline -0.003 -17"><span class='ocrx_word' id='word_1_724' title='bbox 1774 4384 2046 4440; x_wconf 87' lang='lat' dir='ltr'><strong>quamque</strong></span> <span class='ocrx_word' id='word_1_725' title='bbox 2079 4368 2315 4424; x_wconf 79' lang='lat' dir='ltr'><strong>difﬁcilia</strong></span> <span class='ocrx_word' id='word_1_726' title='bbox 2338 4384 2436 4438; x_wconf 89' lang='lat' dir='ltr'><strong>per</strong></span> <span class='ocrx_word' id='word_1_727' title='bbox 2467 4383 2627 4424; x_wconf 92' lang='lat' dir='ltr'><strong>omne</strong></span> <span class='ocrx_word' id='word_1_728' title='bbox 2665 4368 2807 4422; x_wconf 90' lang='lat' dir='ltr'><strong>vitae</strong></span> <span class='ocrx_word' id='word_1_729' title='bbox 2843 4375 3056 4436; x_wconf 86' lang='lat' dir='ltr'><strong>tempus</strong></span> <span class='ocrx_word' id='word_1_730' title='bbox 3081 4367 3191 4423; x_wconf 89' lang='lat' dir='ltr'><strong>sint</strong></span> <span class='ocrx_word' id='word_1_731' title='bbox 3213 4380 3336 4419; x_wconf 86' lang='lat' dir='ltr'><strong>sus-</strong></span> 
     </span>
    </p>
   </div>
   <div class='ocr_carea' id='block_1_103' title="bbox 1774 4458 3339 4529">
    <p class='ocr_par' dir='ltr' id='par_1_103' title="bbox 1774 4458 3339 4529">
     <span class='ocr_line' id='line_1_103' title="bbox 1774 4458 3339 4529; baseline -0.004 -13"><span class='ocrx_word' id='word_1_732' title='bbox 1774 4460 2044 4516; x_wconf 91' lang='lat' dir='ltr'><strong>stinenda.</strong></span> <span class='ocrx_word' id='word_1_733' title='bbox 2069 4459 2281 4526; x_wconf 86' lang='lat' dir='ltr'><strong>Quanta</strong></span> <span class='ocrx_word' id='word_1_734' title='bbox 2302 4476 2426 4515; x_wconf 92' lang='lat' dir='ltr'><strong>cum</strong></span> <span class='ocrx_word' id='word_1_735' title='bbox 2458 4460 2746 4514; x_wconf 90' lang='lat' dir='ltr'><strong>devotione</strong></span> <span class='ocrx_word' id='word_1_736' title='bbox 2788 4469 2842 4514; x_wconf 90' lang='lat' dir='ltr'><strong>et</strong></span> <span class='ocrx_word' id='word_1_737' title='bbox 2881 4474 3043 4529; x_wconf 87' lang='lat' dir='ltr'><strong>quam</strong></span> <span class='ocrx_word' id='word_1_738' title='bbox 3078 4458 3339 4512; x_wconf 83' lang='lat' dir='ltr'><strong>ardenter</strong></span> 
     </span>
    </p>
   </div>
   <div class='ocr_carea' id='block_1_104' title="bbox 1775 4546 3337 4620">
    <p class='ocr_par' dir='ltr' id='par_1_104' title="bbox 1775 4546 3337 4620">
     <span class='ocr_line' id='line_1_104' title="bbox 1775 4546 3337 4620; baseline -0.004 -13"><span class='ocrx_word' id='word_1_739' title='bbox 1775 4565 1992 4620; x_wconf 89' lang='lat' dir='ltr'><strong>semper</strong></span> <span class='ocrx_word' id='word_1_740' title='bbox 2018 4565 2210 4620; x_wconf 89' lang='lat' dir='ltr'><strong>preces</strong></span> <span class='ocrx_word' id='word_1_741' title='bbox 2237 4550 2305 4604; x_wconf 92' lang='lat' dir='ltr'><strong>ad</strong></span> <span class='ocrx_word' id='word_1_742' title='bbox 2332 4550 2503 4605; x_wconf 92' lang='lat' dir='ltr'><strong>Deum</strong></span> <span class='ocrx_word' id='word_1_743' title='bbox 2527 4550 2635 4604; x_wconf 91' lang='lat' dir='ltr'><strong>sint</strong></span> <span class='ocrx_word' id='word_1_744' title='bbox 2662 4548 2987 4604; x_wconf 88' lang='lat' dir='ltr'><strong>fundendae.</strong></span> <span class='ocrx_word' id='word_1_745' title='bbox 3010 4547 3183 4614; x_wconf 83' lang='lat' dir='ltr'><strong>Quam</strong></span> <span class='ocrx_word' id='word_1_746' title='bbox 3213 4546 3337 4601; x_wconf 88' lang='lat' dir='ltr'><strong>dili-</strong></span> 
     </span>
    </p>
   </div>
   <div class='ocr_carea' id='block_1_105' title="bbox 1775 4638 3337 4711">
    <p class='ocr_par' dir='ltr' id='par_1_105' title="bbox 1775 4638 3337 4711">
     <span class='ocr_line' id='line_1_105' title="bbox 1775 4638 3337 4711; baseline -0.003 -17"><span class='ocrx_word' id='word_1_747' title='bbox 1775 4649 1966 4711; x_wconf 85' lang='lat' dir='ltr'><strong>genter</strong></span> <span class='ocrx_word' id='word_1_748' title='bbox 1987 4640 2055 4695; x_wconf 90' lang='lat' dir='ltr'><strong>ad</strong></span> <span class='ocrx_word' id='word_1_749' title='bbox 2082 4656 2170 4695; x_wconf 92' lang='lat' dir='ltr'><strong>res</strong></span> <span class='ocrx_word' id='word_1_750' title='bbox 2196 4640 2410 4695; x_wconf 88' lang='lat' dir='ltr'><strong>divinas</strong></span> <span class='ocrx_word' id='word_1_751' title='bbox 2454 4656 2645 4695; x_wconf 90' lang='lat' dir='ltr'><strong>omnes</strong></span> <span class='ocrx_word' id='word_1_752' title='bbox 2669 4641 2836 4695; x_wconf 90' lang='lat' dir='ltr'><strong>animi</strong></span> <span class='ocrx_word' id='word_1_753' title='bbox 2872 4639 3201 4709; x_wconf 89' lang='lat' dir='ltr'><strong>cupiditates</strong></span> <span class='ocrx_word' id='word_1_754' title='bbox 3224 4638 3337 4691; x_wconf 88' lang='lat' dir='ltr'><strong>sint</strong></span> 
     </span>
    </p>
   </div>
   <div class='ocr_carea' id='block_1_106' title="bbox 1770 4729 3334 4799">
    <p class='ocr_par' dir='ltr' id='par_1_106' title="bbox 1770 4729 3334 4799">
     <span class='ocr_line' id='line_1_106' title="bbox 1770 4729 3334 4799; baseline -0.001 -16"><span class='ocrx_word' id='word_1_755' title='bbox 1770 4729 2091 4799; x_wconf 88' lang='lat' dir='ltr'><strong>alligandae.</strong></span> <span class='ocrx_word' id='word_1_756' title='bbox 2112 4730 2181 4784; x_wconf 88' lang='lat' dir='ltr'><strong>Et</strong></span> <span class='ocrx_word' id='word_1_757' title='bbox 2205 4729 2460 4799; x_wconf 89' lang='lat' dir='ltr'><strong>denique,</strong></span> <span class='ocrx_word' id='word_1_758' title='bbox 2494 4740 2551 4785; x_wconf 89' lang='lat' dir='ltr'><strong>ut</strong></span> <span class='ocrx_word' id='word_1_759' title='bbox 2581 4730 2820 4785; x_wconf 87' lang='lat' dir='ltr'><strong>breviter</strong></span> <span class='ocrx_word' id='word_1_760' title='bbox 2844 4731 3171 4799; x_wconf 88' lang='lat' dir='ltr'><strong>complectar</strong></span> <span class='ocrx_word' id='word_1_761' title='bbox 3212 4743 3334 4782; x_wconf 71' lang='lat' dir='ltr'><strong>om-</strong></span> 
     </span>
    </p>
   </div>
   <div class='ocr_carea' id='block_1_107' title="bbox 1769 4819 3333 4891">
    <p class='ocr_par' dir='ltr' id='par_1_107' title="bbox 1769 4819 3333 4891">
     <span class='ocr_line' id='line_1_107' title="bbox 1769 4819 3333 4891; baseline 0.001 -19"><span class='ocrx_word' id='word_1_762' title='bbox 1769 4819 1882 4884; x_wconf 89' lang='lat' dir='ltr'><strong>nia,</strong></span> <span class='ocrx_word' id='word_1_763' title='bbox 1906 4820 2039 4889; x_wconf 89' lang='lat' dir='ltr'><strong>quid</strong></span> <span class='ocrx_word' id='word_1_764' title='bbox 2065 4827 2261 4873; x_wconf 89' lang='lat' dir='ltr'><strong>natura</strong></span> <span class='ocrx_word' id='word_1_765' title='bbox 2293 4820 2363 4874; x_wconf 92' lang='lat' dir='ltr'><strong>sit</strong></span> <span class='ocrx_word' id='word_1_766' title='bbox 2391 4828 2446 4874; x_wconf 88' lang='lat' dir='ltr'><strong>et</strong></span> <span class='ocrx_word' id='word_1_767' title='bbox 2469 4821 2661 4891; x_wconf 81' lang='lat' dir='ltr'><strong>gratia,</strong></span> <span class='ocrx_word' id='word_1_768' title='bbox 2692 4821 2893 4891; x_wconf 90' lang='lat' dir='ltr'><strong>quibus</strong></span> <span class='ocrx_word' id='word_1_769' title='bbox 2917 4820 3086 4891; x_wconf 87' lang='lat' dir='ltr'><strong>signis</strong></span> <span class='ocrx_word' id='word_1_770' title='bbox 3100 4829 3333 4889; x_wconf 76' lang='lat' dir='ltr'><strong>utraque</strong></span> 
     </span>
    </p>
   </div>
   <div class='ocr_carea' id='block_1_108' title="bbox 1769 4908 3333 4981">
    <p class='ocr_par' dir='ltr' id='par_1_108' title="bbox 1769 4908 3333 4981">
     <span class='ocr_line' id='line_1_108' title="bbox 1769 4908 3333 4981; baseline -0.002 -16"><span class='ocrx_word' id='word_1_771' title='bbox 1769 4910 2155 4981; x_wconf 87' lang='lat' dir='ltr'><strong>dignoscatur:</strong></span> <span class='ocrx_word' id='word_1_772' title='bbox 2191 4925 2302 4979; x_wconf 92' lang='lat' dir='ltr'><strong>quo</strong></span> <span class='ocrx_word' id='word_1_773' title='bbox 2332 4920 2481 4964; x_wconf 86' lang='lat' dir='ltr'><strong>certe</strong></span> <span class='ocrx_word' id='word_1_774' title='bbox 2510 4911 2566 4965; x_wconf 92' lang='lat' dir='ltr'><strong>in</strong></span> <span class='ocrx_word' id='word_1_775' title='bbox 2598 4911 2774 4981; x_wconf 90' lang='lat' dir='ltr'><strong>capite</strong></span> <span class='ocrx_word' id='word_1_776' title='bbox 2806 4925 3073 4965; x_wconf 91' lang='lat' dir='ltr'><strong>summam</strong></span> <span class='ocrx_word' id='word_1_777' title='bbox 3116 4908 3333 4977; x_wconf 48' lang='lat' dir='ltr'><strong>sapient—</strong></span> 
     </span>
    </p>
   </div>
   <div class='ocr_carea' id='block_1_109' title="bbox 1769 5002 3331 5072">
    <p class='ocr_par' dir='ltr' id='par_1_109' title="bbox 1769 5002 3331 5072">
     <span class='ocr_line' id='line_1_109' title="bbox 1769 5002 3331 5072; baseline -0.003 -15"><span class='ocrx_word' id='word_1_778' title='bbox 1769 5002 1876 5058; x_wconf 91' lang='lat' dir='ltr'><strong>tiae</strong></span> <span class='ocrx_word' id='word_1_779' title='bbox 1899 5002 2199 5058; x_wconf 90' lang='lat' dir='ltr'><strong>consistere</strong></span> <span class='ocrx_word' id='word_1_780' title='bbox 2235 5002 2379 5072; x_wconf 84' lang='lat' dir='ltr'><strong>apud</strong></span> <span class='ocrx_word' id='word_1_781' title='bbox 2402 5002 2740 5058; x_wconf 80' lang='lat' dir='ltr'><strong>Christianos</strong></span> <span class='ocrx_word' id='word_1_782' title='bbox 2788 5002 3035 5056; x_wconf 89' lang='lat' dir='ltr'><strong>omnium</strong></span> <span class='ocrx_word' id='word_1_783' title='bbox 3084 5009 3170 5055; x_wconf 90' lang='lat' dir='ltr'><strong>est</strong></span> <span class='ocrx_word' id='word_1_784' title='bbox 3208 5014 3331 5053; x_wconf 85' lang='lat' dir='ltr'><strong>cer-</strong></span> 
     </span>
    </p>
   </div>
   <div class='ocr_carea' id='block_1_110' title="bbox 1770 5091 3335 5163">
    <p class='ocr_par' dir='ltr' id='par_1_110' title="bbox 1770 5091 3335 5163">
     <span class='ocr_line' id='line_1_110' title="bbox 1770 5091 3335 5163; baseline -0.004 -14"><span class='ocrx_word' id='word_1_785' title='bbox 1770 5093 2062 5150; x_wconf 89' lang='lat' dir='ltr'><strong>tissimum.</strong></span> <span class='ocrx_word' id='word_1_786' title='bbox 2096 5093 2439 5163; x_wconf 62' lang='lat' dir='ltr'><strong>Et&#39;profecto</strong></span> <span class='ocrx_word' id='word_1_787' title='bbox 2473 5094 2566 5147; x_wconf 86' lang='lat' dir='ltr'><strong>vix</strong></span> <span class='ocrx_word' id='word_1_788' title='bbox 2592 5093 2779 5147; x_wconf 90' lang='lat' dir='ltr'><strong>videre</strong></span> <span class='ocrx_word' id='word_1_789' title='bbox 2804 5107 2873 5146; x_wconf 88' lang='lat' dir='ltr'><strong>ex</strong></span> <span class='ocrx_word' id='word_1_790' title='bbox 2897 5091 3177 5146; x_wconf 91' lang='lat' dir='ltr'><strong>veteribus</strong></span> <span class='ocrx_word' id='word_1_791' title='bbox 3204 5106 3335 5145; x_wconf 89' lang='lat' dir='ltr'><strong>eon-</strong></span> 
     </span>
    </p>
   </div>
   <div class='ocr_carea' id='block_1_111' title="bbox 1770 5183 3332 5256">
    <p class='ocr_par' dir='ltr' id='par_1_111' title="bbox 1770 5183 3332 5256">
     <span class='ocr_line' id='line_1_111' title="bbox 1770 5183 3332 5256; baseline -0.001 -17"><span class='ocrx_word' id='word_1_792' title='bbox 1770 5185 1893 5256; x_wconf 88' lang='lat' dir='ltr'><strong>tigit</strong></span> <span class='ocrx_word' id='word_1_793' title='bbox 1918 5185 2110 5251; x_wconf 87' lang='lat' dir='ltr'><strong>ullum,</strong></span> <span class='ocrx_word' id='word_1_794' title='bbox 2156 5184 2303 5239; x_wconf 92' lang='lat' dir='ltr'><strong>unde</strong></span> <span class='ocrx_word' id='word_1_795' title='bbox 2348 5193 2458 5239; x_wconf 90' lang='lat' dir='ltr'><strong>tam</strong></span> <span class='ocrx_word' id='word_1_796' title='bbox 2514 5185 2818 5239; x_wconf 90' lang='lat' dir='ltr'><strong>luculenter</strong></span> <span class='ocrx_word' id='word_1_797' title='bbox 2873 5183 3091 5239; x_wconf 86' lang='lat' dir='ltr'><strong>divinae</strong></span> <span class='ocrx_word' id='word_1_798' title='bbox 3128 5183 3332 5254; x_wconf 89' lang='lat' dir='ltr'><strong>gratiae</strong></span> 
     </span>
    </p>
   </div>
   <div class='ocr_carea' id='block_1_112' title="bbox 1768 5275 2987 5347">
    <p class='ocr_par' dir='ltr' id='par_1_112' title="bbox 1768 5275 2987 5347">
     <span class='ocr_line' id='line_1_112' title="bbox 1768 5275 2987 5347; baseline -0.002 -16"><span class='ocrx_word' id='word_1_799' title='bbox 1768 5276 2114 5347; x_wconf 90' lang='lat' dir='ltr'><strong>operationes</strong></span> <span class='ocrx_word' id='word_1_800' title='bbox 2143 5285 2201 5333; x_wconf 92' lang='lat' dir='ltr'><strong>et</strong></span> <span class='ocrx_word' id='word_1_801' title='bbox 2232 5276 2471 5332; x_wconf 89' lang='lat' dir='ltr'><strong>indolem</strong></span> <span class='ocrx_word' id='word_1_802' title='bbox 2508 5276 2667 5331; x_wconf 89' lang='lat' dir='ltr'><strong>licuit</strong></span> <span class='ocrx_word' id='word_1_803' title='bbox 2687 5275 2987 5331; x_wconf 89' lang='lat' dir='ltr'><strong>addiscere.</strong></span> 
     </span>
    </p>
   </div>
   <div class='ocr_carea' id='block_1_113' title="bbox 1833 5476 3333 5551">
    <p class='ocr_par' dir='ltr' id='par_1_113' title="bbox 1833 5476 3333 5551">
     <span class='ocr_line' id='line_1_113' title="bbox 1833 5476 3333 5551; baseline 0.003 -21"><span class='ocrx_word' id='word_1_804' title='bbox 1833 5476 1995 5531; x_wconf 79' lang='lat' dir='ltr'><strong>XVII.</strong></span> <span class='ocrx_word' id='word_1_805' title='bbox 2030 5476 2088 5531; x_wconf 85' lang='lat' dir='ltr'><strong>in</strong></span> <span class='ocrx_word' id='word_1_806' title='bbox 2121 5478 2490 5548; x_wconf 85' lang='lat' dir='ltr'><strong>pulcherrimo</strong></span> <span class='ocrx_word' id='word_1_807' title='bbox 2511 5495 2642 5535; x_wconf 89' lang='lat' dir='ltr'><strong>vero</strong></span> <span class='ocrx_word' id='word_1_808' title='bbox 2666 5480 2771 5535; x_wconf 92' lang='lat' dir='ltr'><strong>hoc</strong></span> <span class='ocrx_word' id='word_1_809' title='bbox 2788 5496 3018 5551; x_wconf 90' lang='lat' dir='ltr'><strong>corpore</strong></span> <span class='ocrx_word' id='word_1_810' title='bbox 3042 5479 3086 5535; x_wconf 92' lang='lat' dir='ltr'><strong>si</strong></span> <span class='ocrx_word' id='word_1_811' title='bbox 3111 5479 3333 5550; x_wconf 90' lang='lat' dir='ltr'><strong>quidam</strong></span> 
     </span>
    </p>
   </div>
   <div class='ocr_carea' id='block_1_114' title="bbox 1769 5566 3337 5639">
    <p class='ocr_par' dir='ltr' id='par_1_114' title="bbox 1769 5566 3337 5639">
     <span class='ocr_line' id='line_1_114' title="bbox 1769 5566 3337 5639; baseline 0.002 -17"><span class='ocrx_word' id='word_1_812' title='bbox 1769 5566 2253 5637; x_wconf 86' lang='lat' dir='ltr'><strong>deprehendantur</strong></span> <span class='ocrx_word' id='word_1_813' title='bbox 2289 5569 2486 5623; x_wconf 89' lang='lat' dir='ltr'><strong>naevi:</strong></span> <span class='ocrx_word' id='word_1_814' title='bbox 2522 5569 2653 5639; x_wconf 87' lang='lat' dir='ltr'><strong>quid</strong></span> <span class='ocrx_word' id='word_1_815' title='bbox 2691 5571 2891 5626; x_wconf 84' lang='lat' dir='ltr'><strong>mirum</strong></span> <span class='ocrx_word' id='word_1_816' title='bbox 2916 5578 3033 5636; x_wconf 88' lang='lat' dir='ltr'><strong>est,</strong></span> <span class='ocrx_word' id='word_1_817' title='bbox 3069 5570 3115 5625; x_wconf 93' lang='lat' dir='ltr'><strong>si</strong></span> <span class='ocrx_word' id='word_1_818' title='bbox 3138 5577 3194 5625; x_wconf 91' lang='lat' dir='ltr'><strong>et</strong></span> <span class='ocrx_word' id='word_1_819' title='bbox 3226 5570 3337 5625; x_wconf 85' lang='lat' dir='ltr'><strong>Ma-</strong></span> 
     </span>
    </p>
   </div>
   <div class='ocr_carea' id='block_1_115' title="bbox 1770 5657 3337 5730">
    <p class='ocr_par' dir='ltr' id='par_1_115' title="bbox 1770 5657 3337 5730">
     <span class='ocr_line' id='line_1_115' title="bbox 1770 5657 3337 5730; baseline 0 -17"><span class='ocrx_word' id='word_1_820' title='bbox 1770 5658 1951 5713; x_wconf 90' lang='lat' dir='ltr'><strong>carius</strong></span> <span class='ocrx_word' id='word_1_821' title='bbox 1999 5657 2166 5713; x_wconf 89' lang='lat' dir='ltr'><strong>fuerit</strong></span> <span class='ocrx_word' id='word_1_822' title='bbox 2210 5658 2376 5714; x_wconf 90' lang='lat' dir='ltr'><strong>homo</strong></span> <span class='ocrx_word' id='word_1_823' title='bbox 2436 5661 2657 5716; x_wconf 90' lang='lat' dir='ltr'><strong>errandi</strong></span> <span class='ocrx_word' id='word_1_824' title='bbox 2720 5661 2965 5715; x_wconf 88' lang='lat' dir='ltr'><strong>facilitati</strong></span> <span class='ocrx_word' id='word_1_825' title='bbox 3016 5658 3337 5730; x_wconf 83' lang='lat' dir='ltr'><strong>expositus?</strong></span> 
     </span>
    </p>
   </div>
   <div class='ocr_carea' id='block_1_116' title="bbox 1768 5749 3341 5823">
    <p class='ocr_par' dir='ltr' id='par_1_116' title="bbox 1768 5749 3341 5823">
     <span class='ocr_line' id='line_1_116' title="bbox 1768 5749 3341 5823; baseline -0.001 -17"><span class='ocrx_word' id='word_1_826' title='bbox 1768 5750 1883 5806; x_wconf 87' lang='lat' dir='ltr'><strong>Nec</strong></span> <span class='ocrx_word' id='word_1_827' title='bbox 1908 5764 1976 5804; x_wconf 85' lang='lat' dir='ltr'><strong>ex</strong></span> <span class='ocrx_word' id='word_1_828' title='bbox 2008 5749 2156 5803; x_wconf 91' lang='lat' dir='ltr'><strong>omni</strong></span> <span class='ocrx_word' id='word_1_829' title='bbox 2184 5751 2513 5820; x_wconf 88' lang='lat' dir='ltr'><strong>antiquitate</strong></span> <span class='ocrx_word' id='word_1_830' title='bbox 2542 5753 2660 5807; x_wconf 89' lang='lat' dir='ltr'><strong>sisti</strong></span> <span class='ocrx_word' id='word_1_831' title='bbox 2695 5752 2869 5823; x_wconf 87' lang='lat' dir='ltr'><strong>possit</strong></span> <span class='ocrx_word' id='word_1_832' title='bbox 2892 5752 3057 5818; x_wconf 91' lang='lat' dir='ltr'><strong>ullus,</strong></span> <span class='ocrx_word' id='word_1_833' title='bbox 3079 5751 3175 5822; x_wconf 91' lang='lat' dir='ltr'><strong>qui</strong></span> <span class='ocrx_word' id='word_1_834' title='bbox 3195 5750 3341 5807; x_wconf 86' lang='lat' dir='ltr'><strong>labis</strong></span> 
     </span>
    </p>
   </div>
   <div class='ocr_carea' id='block_1_117' title="bbox 1773 5841 3347 5918">
    <p class='ocr_par' dir='ltr' id='par_1_117' title="bbox 1773 5841 3347 5918">
     <span class='ocr_line' id='line_1_117' title="bbox 1773 5841 3347 5918; baseline 0.001 -19"><span class='ocrx_word' id='word_1_835' title='bbox 1773 5841 1951 5901; x_wconf 88' lang='lat' dir='ltr'><strong>omnis</strong></span> <span class='ocrx_word' id='word_1_836' title='bbox 1974 5850 2030 5899; x_wconf 90' lang='lat' dir='ltr'><strong>et</strong></span> <span class='ocrx_word' id='word_1_837' title='bbox 2061 5841 2265 5900; x_wconf 86' lang='lat' dir='ltr'><strong>erroris</strong></span> <span class='ocrx_word' id='word_1_838' title='bbox 2292 5842 2707 5918; x_wconf 77' lang='lat' dir='ltr'><strong>fueritexpcrst</strong></span> <span class='ocrx_word' id='word_1_839' title='bbox 2731 5843 3347 5917; x_wconf 55' lang='lat' dir='ltr'><strong>Statuerit.ergoitlaca-z~</strong></span> 
     </span>
    </p>
   </div>
  </div>
