3948 6536
241 378 325 438 369
990 372 1079 427 DE
1117 372 1212 428 SS.
1246 374 1571 433 MACARIIS
1594 378 1937 436 AEGYPTIO
1974 382 2065 437 ET
2082 382 2612 443 .ALEXANDRINO.
3314 386 3419 443 370

236 496 304 553 sui
325 487 527 561 spiritus
560 485 837 556 impertiat
872 489 1121 558 gratiam,
1151 478 1231 555 et,
1250 506 1359 560 quo
1387 508 1519 547 usus
1555 503 1637 548 est
1668 494 1751 549 in-
1781 499 1820 557 Α
1849 503 2035 563 tatem,
2065 499 2231 554 nullis
2254 508 2556 570 temporum
2586 499 2827 571 periodis
2850 501 3246 557 terminandam
3268 504 3414 559 vian'.

232 590 492 645 stramento
514 578 580 633 ad
603 578 1050 636 demonstrandas
1078 582 1438 638 exuberantes
1460 600 1585 641 suas
1611 585 1748 639 divi-
1851 588 2105 660 dignetur
2134 591 2388 663 dirigere.
2421 592 2748 664 Scripsimus
2786 594 2999 664 Lipsiae
3037 594 3094 649 in
3139 595 3274 650 urbe
3323 611 3417 664 pa-

230 680 313 734 tias
338 671 649 741 spirituales,
679 671 933 736 Macario,
975 673 1095 728 eius
1137 672 1489 730 divinissimis
1525 677 1745 747 scriptis
1852 683 1957 737 tria
2004 684 2093 739 die
2148 685 2221 740 IX
2265 685 2445 741 Martii
2487 687 2646 743 Anno
2694 696 3045 759 recuperatae
3096 688 3287 745 salutis
3328 687 3414 743 clo

227 768 390 828 multas
402 763 463 818 ad
477 778 533 819 se
547 764 784 831 allicere,
801 773 857 819 et
871 766 927 820 in
939 774 1162 834 rectam,
1176 782 1315 837 quae
1330 766 1558 824 ducitad
1571 768 1746 825 felici-
1848 772 1933 829 Ioc
1973 774 2047 831 Ic.
2082 775 2091 847 Ι

904 946 915 1015 |
944 943 1196 1002 SERIES
1228 964 1430 1018 eorum,
1457 970 1592 1025 quae
1622 956 1678 1010 in
1714 936 1807 1013 hoc
1842 957 1972 1014 libro
2000 960 2064 1015 de
2093 960 2328 1016 Macario
2357 963 2708 1016 continentur.

214 1064 251 1139 !_
342 1059 412 1139 ρε
438 1055 681 1139 gustodia
712 1058 915 1139 (ἷοξνάίςςἐ
958 1134 969 1139 _
1006 1135 1017 1139 _
2876 1084 2883 1095 .
2980 1092 2983 1093 ,
3373 1084 3400 1139 1

214 1133 268 1207 ii
341 1129 411 1207 ρο
436 1126 758 1207 Perfectione
787 1134 840 1186 in
874 1130 1096 1205 Spiritu.
3337 1126 3408 1207 δὲ

208 1202 268 1277 ll!
337 1198 410 1277 12⁸
439 1196 714 1277 ρνίέτίονξε·
817 1196 927 1277 --’
1021 1276 1027 1277 ,
3337 1196 3408 1277 Ξὸ

206 1271 263 1347 Π
336 1268 408 1347 Qe
432 1266 695 1347 {quentia
731 1271 1147 1347 etpt‘scretione.

340 1338 413 1417 ρο
433 1338 738 1417 ξιᾳαρὶοηε
761 1343 970 1399 Mentis.

332 1408 405 1490 ρε
447 1406 812 1490 gnaritate.“
904 1486 914 1490 _

328 1476 401 1557 l_)e
450 1478 712 1557 Libertate
752 1483 959 1557 Mentis.

328 1548 774 1627 dpopntnegmata
796 1554 1020 1627 Macarii
1044 1576 1076 1613 a
1099 1558 1257 1613 Petro
1284 1559 1500 1615 Possino
1523 1562 1683 1619 edita.

197 1619 257 1703 LX
324 1618 1082 1703 dpopguhe'gnzala‘dlacariia
1117 1630 1196 1683 Io.
1226 1629 1467 1700 Baptista
1498 1618 1754 1691 Cotelerio
1776 1637 1939 1694 edita.

197 1689 253 1770 ξ,
324 1686 398 1770 ge
430 1686 668 1770 ἔασαῆο
693 1694 897 1770 Betatio
924 1715 987 1753 ea:
1016 1686 1352 1770 Hieronymo.
1454 1686 1459 1687 ί
1509 1686 1521 1689 ⁷
1707 1686 1747 1691 ’ν
1778 1686 1939 1694 ππ-

194 1757 265 1841 El.
320 1756 394 1841 ρο
421 1758 659 1841 ἕαεανξο
685 1764 889 1841 ρειαιὶο
914 1785 977 1824 ea:
1005 1756 1271 1841 Palladio.

187 1828 265 1885 XII
317 1826 391 1882 De
410 1828 650 1887 Macario
674 1834 939 1911 Excerpta
964 1857 1026 1894 ea:
1052 1838 1361 1896 Cassiodoro
1386 1843 1425 1898 '.

233 1986 538 2053 [Sequuntur
556 1992 804 2056 Opuscula
827 2008 937 2060 pag.
963 1997 1135 2063 1-285,
1161 2006 1267 2053 tum
1304 2017 1324 2052 t
1350 2002 1509 2076 Index
1538 2017 1710 2076 ferunt
1730 2009 1776 2057 et
1808 2004 2060 2076 verborum
2086 2020 2104 2053 θ
2133 2010 2233 2075 et}
2262 2005 2420 2060 Index
2452 2012 2666 2061 locorum
2698 2009 2984 2076 Scripturae
3018 2023 3140 2075 quae
3178 2010 3227 2062 in
3254 2006 3334 2063 liis

1346 2066 1602 2128 Opuscutis
1634 2066 1785 2118 obiter
1825 2066 2148 2131 explicantur.
2171 2086 2188 2117 ι

234 2200 254 2221 ⁸
283 2196 405 2269 Leg.
439 2198 720 2258 Cassiano.
748 2203 1121 2264 Cassiodorum
1151 2225 1276 2266 cum
1302 2210 1560 2267 Cassiano
1588 2214 1877 2269 confundit
1905 2214 2134 2270 Pritius.
2162 2216 2316 2273 Emr.

182 2358 3331 2403 Mm

1011 2534 1680 2649 ANDREAE
1776 2538 2553 2658 GALLANDII

982 2716 1461 2780 PRESBYTERI
1500 2719 2161 2782 CONGREGATIONIS
2201 2722 2567 2786 OBATORII

1315 2899 2224 2996 PROLEGOMENA

652 3068 720 3114 IN
756 3058 940 3115 VITAS
979 3071 1057 3116 ET
1095 3072 1347 3116 SCRIPTA
1389 3071 1477 3116 SS.
1522 3069 1937 3115 MACARIORUM
1969 3071 2260 3117 AEGYPTII
2300 3073 2381 3117 ET
2421 3074 2873 3122 ALEXANDRINI.

605 3176 755 3239 (Bibl.
777 3183 1007 3229 veterum
1033 3180 1233 3230 Patrum
1254 3181 1665 3242 antiquorumque
1690 3176 1984 3239 scriptorum
2009 3179 2459 3230 ecclesiasticorum
2484 3181 2541 3231 T.
2568 3181 2673 3232 VII.
2697 3197 2750 3246 p.
2779 3183 2945 3247 ιιι-γι.)

1225 3349 1373 3423 [Pag.
1403 3350 1495 3422 III]
1528 3350 1606 3406 De
1642 3351 1700 3406 S.
1731 3352 1970 3407 Macario
1995 3352 2269 3423 Aegyptio.

202 3507 241 3565 I.
254 3507 532 3562 Macarius
549 3507 729 3562 senior
749 3522 949 3579 genere
972 3506 1285 3578 Aegyptius,
1304 3514 1359 3561 et
1374 3505 1556 3576 Magni
1578 3516 1999 3577 cognomentum
2024 3508 2251 3579 adeptus
2268 3511 2367 3581 (1),
2384 3510 2611 3567 ﬂorente
2627 3513 2805 3569 adhuc
2826 3520 3002 3571 aetate
3024 3519 3381 3575 monasticam

136 3601 436 3658 institutum
466 3600 752 3670 amplexus
783 3608 885 3653 est.
919 3597 1035 3663 Quo
1075 3599 1296 3668 quidem
1336 3606 1582 3669 tempore
1621 3599 1919 3654 virtutibus
1945 3610 2106 3670 atque
2148 3609 2368 3656 austero
2396 3601 2613 3657 vivendi
2645 3620 2845 3674 genere
2878 3606 3014 3662 adeo
3056 3608 3275 3675 enituit,
3322 3620 3382 3664 ut

137 3694 569 3765 παιδαριογέρων
587 3734 600 3757 ,
634 3691 687 3746 id
705 3700 788 3746 est
813 3707 1099 3761 puersenex
1117 3731 1132 3757 ,
1159 3707 1189 3745 a
1212 3692 1496 3747 monachis
1528 3700 1821 3748 vocaretur
1844 3690 1941 3762 (2),
1965 3693 2222 3761 quoniam
2252 3694 2413 3748 citius
2451 3709 2616 3763 quam
2644 3711 2745 3765 pro
2772 3704 2949 3751 aetate
2970 3696 3025 3751 in
3050 3700 3379 3756 monasticae

130 3788 443 3857 disciplinae
467 3785 673 3841 studiis
696 3784 1020 3855 profecerat.
1047 3784 1313 3856 Deinceps
1342 3801 1472 3840 vero
1505 3785 1563 3839 in
1592 3786 1840 3841 intimam
1872 3784 2225 3840 solitudinem
2256 3786 2539 3852 secedens,
2568 3788 2624 3841 in
2664 3787 2809 3843 Sceti
2849 3791 3034 3845 sedem
3060 3794 3243 3861 posuit
3281 3794 3378 3865 (5).

129 3882 221 3939 Ubi
249 3883 494 3955 egregiis
526 3880 812 3952 religiosae
852 3881 994 3935 vitae
1020 3880 1413 3935 certaminibus
1442 3880 1697 3951 inclytus,
1723 3880 2081 3951 pluribusque
2122 3880 2324 3950 gratiae
2363 3880 2522 3935 donis
2549 3881 2813 3937 divinitus
2853 3884 3180 3950 cumulatus,
3207 3902 3380 3942 annos

123 3988 275 4033 natus
305 3978 685 4049 quadraginta
721 3976 790 4033 ad
818 3975 1184 4032 sacerdotium
1222 3983 1444 4031 evectus
1474 3984 1576 4031 est.
1610 3976 1802 4047 Magno
1832 3975 2130 4030 Athanasio
2167 3977 2429 4045 aequalis,
2474 3976 2667 4047 Magno
2709 3992 2925 4046 quoque
2954 3977 3189 4034 Antonio
3223 3980 3382 4035 Iami-

118 4074 262 4131 liaris
312 4075 417 4146 (4),
453 4092 531 4131 ex
566 4075 669 4129 hac
717 4075 826 4128 vita
860 4072 1111 4143 migravit
1136 4071 1557 4142 nonagenarius,
1588 4081 1873 4141 postquam
1919 4072 2065 4141 ipsos
2096 4086 2270 4126 annos
2310 4071 2587 4140 sexaginta
2622 4069 2916 4125 solitariam
2946 4072 3115 4126 vitam
3155 4072 3377 4142 egisset,

117 4167 354 4224 Palladio
410 4178 599 4235 teste,
660 4170 754 4240 qui
812 4178 868 4223 et
913 4168 1193 4238 praeclara
1236 4166 1357 4221 eius
1400 4166 1642 4220 facinora
1697 4166 1951 4236 pluribus
1990 4165 2250 4221 edisserit
2291 4164 2388 4237 (5).
2434 4184 2453 4216 ι
2502 4163 2646 4230 Quid
2685 4180 2786 4235 ego
2824 4180 3043 4220 narrem
3069 4205 3085 4230 ,
3132 4184 3150 4218 ›
3198 4166 3379 4237 inquit

116 4263 487 4338 Hieronymus
517 4266 615 4337 (6),
648 4284 666 4317 ‹
701 4265 979 4327 Maearios,
1008 4262 1285 4327 Arsenios,
1312 4262 1638 4333 Serapionas
1668 4272 1724 4317 et
1749 4262 1962 4333 reliqua
1989 4263 2367 4318 columnarum
2392 4258 2599 4316 Christi
2638 4260 2895 4316 nomina?
2936 4280 2957 4313 ›
3000 4261 3133 4317 Eius
3166 4277 3376 4317 memo-

113 4355 186 4409 ria
218 4357 273 4410 in
295 4358 594 4413 Ecclesiae
624 4356 845 4411 Latinae
870 4356 1021 4410 fastis
1046 4355 1134 4409 die
1165 4354 1257 4410 XV
1285 4354 1528 4410 Januarii
1556 4355 1839 4409 recolitur.

174 4449 237 4504 II.
271 4452 399 4505 Non
427 4452 615 4509 solum
640 4461 823 4507 autem
853 4452 996 4506 vitae
1025 4450 1316 4506 sanctioris
1344 4449 1611 4505 institutis
1646 4449 1882 4505 eximius
1907 4448 2116 4504 exstitit
2155 4446 2421 4503 Macarius
2454 4446 2770 4519 Aegyptius,
2800 4447 2897 4503 sed
2930 4448 3092 4505 etiam
3125 4449 3375 4505 doctrina

105 4552 391 4609 praestans
423 4558 824 4612 sacrarumque
850 4542 1136 4597 literarum
1160 4541 1389 4597 scientia
1413 4541 1659 4611 apprime
1684 4543 1938 4597 excultus
1967 4541 2135 4595 fuisse
2157 4541 2509 4610 comperitur.
2546 4540 2661 4595 Sub
2690 4541 2810 4596 eius
2834 4542 3053 4597 nomine
3086 4543 3377 4598 circumfe-

106 4646 302 4690 runtur
331 4638 618 4692 Homiliae
644 4638 1037 4708 quinquaginta
1058 4637 1121 4691 de
1149 4639 1451 4708 integritate
1477 4654 1612 4710 quae
1644 4639 1785 4692 decet
1812 4638 2157 4703 Christianos,
2192 4638 2493 4707 spiritualis
2521 4638 2669 4693 succi
2698 4639 2909 4709 plenae.
2937 4640 3045 4696 Has
3070 4642 3282 4709 primus
3305 4656 3372 4695 ex

101 4733 286 4789 codice
312 4734 702 4790 Bibliothecae
733 4734 930 4805 Regiae
974 4749 1167 4805 graece
1198 4734 1476 4805 latineque
1518 4734 1692 4791 edidit
1730 4735 1955 4791 Parisiis
1992 4735 2228 4790 Joannes
2262 4734 2441 4799 Picus,
2471 4734 2527 4788 in
2564 4744 2753 4790 senatu
2789 4736 3080 4792 Parisiensi
3114 4736 3370 4791 classium

99 4828 595 4900 inquisitoriarum
621 4846 871 4897 praeses;
907 4831 1207 4901 eademque
1228 4831 1398 4887 editio
1422 4847 1547 4887 cum
1570 4832 1819 4904 Gregorii
1858 4830 2250 4901 Thaumaturgi
2274 4839 2331 4885 et
2371 4831 2556 4885 Basilii
2586 4831 2951 4887 Seleuciensis
2979 4832 3239 4902 Operibus
3268 4831 3370 4885 ibi-

97 4924 215 4981 dem
242 4928 460 4982 iterum
487 4927 693 4996 prodiit
715 4943 858 4983 anno
883 4927 1037 4982 1621.
1060 4927 1234 4983 Antea
1259 4943 1411 4994 vero,
1446 4944 1590 4983 anno
1628 4928 1839 4983 scilicet
1868 4928 2026 4992 1591,
2053 4942 2121 4981 ex
2150 4925 2402 4980 versione
2441 4926 2732 4982 Zachariae
2772 4926 3038 4982 Palthenii
3079 4927 3372 4981 Friedber-

92 5025 272 5094 gensis
322 5024 686 5080 Francoi‘urti
732 5025 946 5081 fuerant
989 5025 1215 5081 eaedem
1264 5024 1542 5081 Homeliae
1587 5024 1827 5080 secundo
1872 5024 2177 5093 evulgatae.
2225 5023 2404 5093 Atque
2450 5024 2593 5077 hanc
2635 5023 2995 5093 posteriorem
3043 5021 3364 5087 editionem,

92 5130 285 5184 graeco
312 5125 488 5173 textu
514 5133 580 5173 ex
605 5133 733 5172 mss.
763 5118 1063 5183 codicibus,
1087 5134 1227 5189 quos
1252 5118 1310 5173 in
1336 5118 1451 5173 suis
1474 5116 1739 5172 Ecclesiae
1767 5117 1997 5174 Graecae
2015 5117 2364 5171 Monumentis
2387 5116 2645 5171 excitavit
2666 5115 2991 5179 Cotelerius,
3017 5114 3364 5183 potissimum

91 5212 391 5279 recensito,
425 5228 500 5268 ac
539 5213 791 5269 versione
831 5213 1185 5269 Paltheniana
1226 5213 1459 5269 subinde
1500 5213 1782 5285 castigata,
1824 5228 2018 5268 rursus
2057 5213 2212 5283 prelo
2252 5211 2527 5268 commisit
2552 5210 2767 5281 Lipsiae
2798 5225 2941 5265 anno
2964 5208 3099 5265 1698
3128 5211 3364 5267 Joannes

1626 5334 1855 5392 NOTAE
1867 5375 1881 5391 .

151 5443 228 5518 (1)
262 5444 518 5518 Ρειιιιιὸζ
549 5444 689 5500 Hist.
747 5445 909 5518 Laus.
965 5462 1084 5517 cap.
1112 5448 1182 5501 20
1222 5465 1277 5518 p.
1328 5450 1471 5515 924;
1533 5449 1681 5518 Apo-
1786 5447 2080 5518 Tillemont
2130 5444 2417 5518 Memoires
2445 5445 2580 5502 eccl.
2618 5445 2682 5500 T.
2718 5443 2834 5500 VIII
2894 5460 2949 5515 p.
3004 5444 3106 5501 806
3135 5445 3259 5500 Not.
3290 5443 3359 5501 IV

82 5512 455 5637 phthegmata
484 5516 709 5571 Patrum
740 5532 825 5587 ap.
854 5512 1089 5573 Cotele'r.
1118 5512 1264 5575 Eccl.
1302 5512 1492 5576 Graec.
1530 5512 1676 5574 Men.
1790 5516 1978 5599 ειη-,8.
2016 5517 2268 5571 Macaire.

129 5626 141 5637 .
171 5586 191 5637 Ι
220 5602 278 5637 1).
314 5587 453 5637 557.
1855 5585 1930 5637 (51
1962 5586 2163 5637 Pallad.
2199 5587 2235 5637 l.

129 5626 141 5638 .
171 5586 191 5658 I
220 5585 278 5658 ι).
314 5587 453 5640 557.
530 5654 590 5658 ψ
704 5656 743 5658 ψ
774 5585 788 5587 “
817 5657 822 5658 ί
929 5657 936 5658 7
1855 5585 1930 5658 (5)
1962 5586 2163 5658 Pallad.
2199 5587 2235 5639 1.
2268 5586 2553 5658 l.eap.l9.

146 5656 499 5785 g)Sozom.
530 5654 665 5711 Hist.
704 5656 849 5711 Eccl.
882 5657 978 5711 lib.
1007 5657 1077 5712 III
1110 5674 1228 5728 cap.
1267 5659 1353 5715 M.
1864 5654 1939 5729 (6)
1975 5657 2029 5711 S.
2068 5657 2290 5737 Hieron.
2325 5654 2424 5724 Ep‘.
2469 5656 2625 5711 CVIII
2650 5657 2720 5710 al.
2767 5656 2959 5711 XXVII
2990 5656 3054 5710 ad
3091 5655 3353 5710 Eustoch.

169 5724 484 5787 -)Pallad.
521 5726 555 5780 l.
589 5726 769 5787 Lcap.
805 5728 869 5782 19
894 5744 946 5787 ι).
982 5728 1105 5782 921.
1792 5727 1939 5787 ﬁli,
1984 5726 2039 5782 S.
2092 5728 2314 5787 Hieron,
2371 5727 2506 5787 Opp.
2564 5726 2651 5779 ed.
2698 5727 2899 5782 Veron.
2956 5728 3017 5781 τ.
3069 5729 3089 5784 1
3157 5742 3210 5787 ι).
3253 5728 3353 5783 698

250 5727 484 5781 Pallad.
521 5726 555 5780 l.
589 5726 624 5779 l.
650 5742 769 5796 cap.
805 5728 869 5782 19
893 5744 946 5796 p.
982 5728 1105 5782 921.
1176 5726 1193 5728 “
1853 5726 1939 5790 ll,
1984 5726 2039 5782 S.
2092 5727 2314 5791 Hieron,
2371 5727 2506 5853 Opp.
2564 5726 2651 5779 ed.
2698 5727 2899 5782 Veron.
2956 5728 3017 5781 τ.
3069 5729 3089 5784 1
3157 5742 3210 5798 p.
3253 5728 3357 5783 698

253 5796 526 5855 Coteler.
568 5796 716 5852 Eccl.
752 5797 943 5854 Graec.
990 5798 1134 5855 Mon.
1183 5800 1247 5855 T.
1294 5801 1394 5871 Ip.
1430 5798 1535 5857 550
1571 5816 1681 5872 sq.;
1791 5727 1990 5875 EMigne
2017 5796 2081 5855 T.
2109 5797 2131 5855 I
2160 5796 2388 5871 [PatroL
2469 5839 2483 5852 .
2520 5796 2687 5871 XXII]
2737 5814 2790 5868 p.
2825 5794 2969 5870 890].

148 5796 223 5868 (4)
253 5796 526 5855 Coteler.
568 5794 943 5854 EcclfGraeé.
990 5798 1134 5855 Mon.
1183 5800 1247 5855 T.
1294 5801 1394 5871 Ip.
1430 5798 1535 5857 550
1571 5816 1681 5872 sq.;
1791 5794 1990 5872 [Migne
2017 5796 2081 5855 T.
2109 5797 2131 5855 I
2160 5796 2388 5871 [PatroL
2420 5794 2483 5853 Τ.
2520 5796 2687 5871 XXII]
2737 5814 2790 5868 p.
2825 5794 2969 5870 890].
