3948 6554
200 380 283 440 377
943 359 1034 415 DE
1072 357 1167 415 SS.
1208 358 1533 415 MACARIIS
1568 357 1911 415 AEGYPTIO
1949 357 2039 412 ET
2084 356 2600 413 ALEXANDRINO.
3272 365 3379 418 578

199 497 318 553 illam
333 484 633 557 ignorarunt
669 483 893 532 sanctus
918 454 1249 531 Benedictus
1266 474 1415 547 [Pag.
1456 474 1546 546 Vl]
1572 475 1901 531 Anianensis
1935 484 1993 529 et
2018 474 2347 545 Smaragdus
2376 474 2563 539 abbas,
2587 475 2682 545 qui
2710 485 2766 531 et
2790 476 3128 546 superiorem
3155 477 3382 533 Macarii

200 572 513 643 Alexandrini,
550 578 609 625 et
638 568 862 623 alteram
890 566 1097 636 pariter
1132 577 1437 621 sanctorum
1461 566 1689 621 Patrum
1715 582 1824 622 non
1860 572 2038 621 solum
2072 565 2291 635 sacpius
2333 566 2648 634 laudarunt,
2693 568 2790 623 sed
2826 570 2997 624 multa
3035 572 3203 625 etiam
3251 572 3381 624 inde

198 674 359 744 capita,
382 666 465 722 ille
484 662 708 732 quidem
751 660 810 716 in
838 662 1189 717 concordiam
1213 661 1569 731 Regularum,
1598 661 1691 717 hic
1711 677 1844 718 vero
1868 663 1927 719 in
1953 660 2352 734 expositionem
2381 663 2621 734 Regulae
2660 663 2834 719 sancti
2853 664 3166 730 Benedicti,
3204 672 3385 719 trans-

198 764 352 823 tulisse
372 752 740 828 perhibentur,
768 760 829 808 ut
850 760 1039 808 monet
1065 751 1387 808 Holstenius
1415 750 1547 823 (68).

251 940 342 1017 (68)
368 935 601 995 Holsten.
625 932 760 990 Cod.
785 935 920 1006 Reg.
943 935 1115 1006 p.25.
1149 935 1239 990 is.
1267 934 1393 1001 156,
1648 868 1904 925 NOTAE

211 1135 3370 1174 Μ
2957 1156 3251 1166 ._._._..__._.

2903 1156 3251 1166 .———-—-——.——.—.

1139 1300 1770 1392 CASIMIRUS
1845 1300 2392 1396 OUDINUS

953 1484 1053 1540 DE
1089 1484 1187 1541 SS.
1225 1484 1563 1541 MACARIIS
1597 1485 1944 1543 AEGYPTIO
1980 1487 2075 1542 ET
2108 1489 2634 1547 ALEXANDRINO.

182 1604 393 1673 [(‘asimiri
413 1598 592 1653 Oudini
616 1599 1004 1652 Commentaries
1025 1601 1091 1651 de
1123 1600 1450 1685 scriptoribus
1466 1601 1730 1723 Ec'ti‘lefia;

1983 1607 2302 1731 Jillorumque
2324 1610 2525 1669 scriptis
2544 1609 2766 1659 Francof.
2795 1613 2854 1661 ad
2901 1613 3125 1662 Moenum
3154 1617 3273 1664 1722
3298 1618 3382 1667 fol.

234 1862 440 1920 Macarii
489 1868 595 1914 tres
636 1861 897 1914 monachi.
938 1861 1049 1916 llos
1097 1862 1258 1916 simul
1307 1862 1601 1933 iungimus,
1635 1880 1757 1918 cum
1804 1864 2038 1935 disiungi
2087 1864 2178 1919 vix
2222 1865 2450 1935 possint,
2488 1879 2652 1938 atque
2689 1871 2756 1925 ad
2803 1872 3208 1930 distinctionem
3256 1895 3284 1932 a
3332 1895 3391 1933 se

178 1966 341 2015 mutuo
380 1953 549 2025 magis
593 1953 937 2024 perspicuam
976 1954 1137 2008 simul
1162 1953 1435 2025 iconiungi
1483 1956 1791 2010 conveniat.
1830 1956 2099 2010 Vixerunt
2139 1957 2197 2010 hi
2241 1964 2352 2011 tres
2393 1959 2587 2013 eodem
2635 1969 2899 2032 tempore,
2941 1974 3103 2035 atque
3148 1970 3393 2040 magistri

172 2049 388 2107 eiusdem
413 2046 640 2103 Antonii
662 2045 912 2114 discipuli
946 2045 1149 2114 pariter
1176 2045 1523 2100 exstiterunt.
1547 2047 1621 2101 De
1650 2062 1882 2116 quorum
1908 2046 2101 2116 primis
2130 2047 2344 2103 duobus
2372 2049 2461 2103 hic
2485 2050 2788 2108 inserendis
2816 2054 3115 2123 loquuntur
3141 2058 3397 2115 Socrates

174 2146 287 2202 Hist.
316 2141 453 2198 Eccl.
487 2140 591 2195 lib.
620 2140 691 2195 ιν
722 2156 840 2210 cap.
867 2140 955 2203 25,
982 2140 1315 2195 Sozomenus
1346 2142 1445 2196 lib.
1477 2142 1547 2195 llI
1580 2157 1699 2211 cap.
1725 2142 1811 2206 M,
1845 2140 2224 2199 Theodoretus
2254 2144 2353 2198 lib.
2396 2144 2463 2200 1V
2489 2160 2606 2215 cap.
2640 2146 2702 2199 21
2723 2187 2738 2212 ,
2764 2147 3035 2204 Palladius
3064 2150 3198 2205 Hist.
3231 2153 3391 2207 Laus.

170 2252 301 2306 capp.
336 2234 399 2288 19
427 2241 483 2287 et
512 2230 605 2286 20.
640 2231 849 2286 Horum
888 2234 1089 2303 primus
1118 2232 1405 2300 Macarius,
1437 2244 1598 2306 gente
1629 2237 1947 2308 Aegyptius,
1974 2239 2280 2293 monachus
2309 2238 2603 2304 Scetensis,
2635 2240 2809 2311 Magni
2839 2242 3061 2298 Antonii
3093 2246 3398 2317 discipulus

170 2331 342 2387 claruit
365 2330 431 2383 ab
460 2344 609 2383 anno
632 2327 755 2383 550.
781 2327 884 2396 Qui
912 2329 967 2382 in
992 2328 1277 2383 iuventute
1308 2330 1488 2385 adhuc
1519 2332 1852 2388 constitutus
1877 2332 1954 2388 ita
1983 2333 2280 2388 virtutibus
2300 2335 2615 2389 monasticis
2631 2344 2687 2390 et
2708 2344 2927 2393 austero
2950 2339 3167 2394 vivendi
3197 2358 3397 2412 genere

165 2424 414 2487 excelluit,
445 2422 555 2477 sibi
600 2438 817 2493 semper
842 2438 1101 2493 praesens
1124 2433 1179 2477 et
1205 2425 1405 2495 gravis,
1436 2434 1497 2481 ut
1531 2443 1561 2481 a
1590 2426 1853 2481 fratribus
1884 2428 2348 2497 παιδαριογέρων
2384 2441 2695 2486 vocaretur.
2735 2430 2923 2487 Annos
2964 2444 3127 2489 natus
3157 2437 3396 2506 quadra-

166 2522 294 2592 ginta
332 2520 397 2573 ad
434 2518 771 2589 presbyterii
810 2518 1037 2589 gradum
1068 2530 1292 2575 evectus
1331 2530 1432 2575 est.
1478 2522 1755 2578 Miraculis
1786 2532 1843 2578 et
1873 2524 2159 2593 prophetia
2192 2524 2374 2579 clarus
2402 2532 2481 2578 tot
2521 2525 2734 2579 sanavit
2763 2542 2976 2596 aegros,
3010 2538 3089 2583 tot
3118 2544 3147 2582 a
3180 2529 3401 2583 daemo-

163 2618 304 2673 nibus
333 2616 592 2671 obsessos
623 2615 886 2668 liberasse
927 2614 1150 2680 dicitur,
1183 2625 1244 2672 ut
1285 2616 1507 2672 Socrate
1540 2627 1679 2673 teste
1710 2620 1976 2674 miracula
2007 2618 2076 2673 ab
2112 2634 2178 2673 eo
2212 2628 2423 2688 patrata
2465 2620 2703 2688 speciale
2739 2635 2876 2689 opus
2912 2622 3209 2692 exigerent.
3248 2624 3398 2677 Nihil

164 2714 343 2769 mirum
384 2727 540 2775 vero,
583 2720 694 2765 tam
730 2710 999 2765 celebrem
1030 2710 1174 2766 inter
1199 2713 1496 2767 monachos
1523 2712 1672 2784 [Pag.
1706 2714 1832 2785 475]
1869 2714 2047 2768 virum
2088 2712 2258 2768 fuisse
2290 2713 2455 2767 etiam
2490 2712 2634 2767 inter
2665 2711 2970 2783 Scriptores
3000 2714 3402 2770 ecclesiasticos

159 2824 395 2865 successu
433 2807 704 2877 temporis
736 2807 1087 2861 recensitum.
1124 2808 1251 2862 Illos
1288 2810 1435 2863 enim
1483 2809 1725 2879 insignes
1769 2810 2019 2865 homines
2061 2808 2315 2864 monachi
2356 2807 2673 2876 sequiorum
2714 2817 3019 2878 temporum
3052 2824 3153 2879 pro
3190 2810 3402 2863 viribus

159 2904 286 2959 inter
313 2903 504 2957 doctos
533 2901 706 2955 etiam
737 2901 1034 2970 suppositis
1061 2900 1331 2971 Operibus
1360 2904 1683 2974 allegerunt.
1732 2904 1889 2959 Hune
1917 2904 2211 2959 Macarium
2241 2904 2383 2957 inter
2415 2902 2722 2972 Scriptores
2752 2920 2862 2958 non
2898 2905 3171 2961 omisisset
3208 2907 3403 2961 Hiero-

156 3016 352 3073 nymus,
379 3001 427 3055 si
479 3008 733 3068 tempore
778 3014 878 3052 suo
918 2997 1126 3068 aliquid
1167 2999 1271 3054 sub
1316 2999 1536 3055 Macarii
1578 3000 1799 3055 nomine
1830 3000 2146 3055 exstitisset.
2192 2997 2364 3053 Annis
2413 2998 2633 3051 circiter
2676 3008 2894 3052 centum
2932 3010 3055 3069 post
3087 3001 3399 3074 Hieronymi

156 3107 369 3152 aetatem
395 3094 723 3152 Gennadius
755 3094 1109 3149 Massiliensis
1140 3094 1425 3166 presbyter
1464 3096 1652 3151 retulit
1691 3096 1838 3151 hunc
1876 3095 2168 3150 Macarium
2198 3095 2342 3148 inter
2371 3092 2675 3162 Scriptores
2715 3094 3115 3151 ecclesiasticos
3156 3097 3297 3151 libro
3322 3101 3403 3153 De

154 3192 263 3245 viris
286 3188 589 3242 illustribus
624 3203 743 3257 cap.
776 3186 861 3251 10,
891 3186 979 3240 cui
1011 3185 1227 3242 unicam
1257 3188 1521 3243 duntaxat
1548 3188 1800 3243 attribuit
1826 3189 2144 3258 Epistolam,
2174 3186 2375 3257 quippe
2410 3201 2533 3239 cum
2573 3194 2704 3240 tunc
2731 3186 2993 3256 temporis
3026 3186 3161 3242 haec
3188 3196 3402 3243 tantum

155 3286 243 3339 sub
268 3284 490 3339 Macarii
528 3281 881 3336 celeberrimi
922 3284 1143 3338 nomine
1175 3292 1467 3353 prostaret.
1501 3283 1773 3350 Socrates,
1805 3286 1898 3354 qui
1938 3285 2157 3338 illorum
2188 3282 2545 3337 Macariorum
2574 3281 2809 3336 virtutes
2845 3281 2980 3335 Hist.
3012 3282 3156 3336 Eccl.
3198 3284 3293 3338 lib.
3334 3285 3403 3340 IV

152 3391 255 3445 cap.
288 3376 355 3429 25
398 3373 701 3445 magnifice
745 3373 976 3437 extollit,
1017 3372 1085 3427 de
1130 3373 1349 3442 scriptis
1393 3374 1537 3437 silet,
1578 3374 1827 3443 quamvis
1871 3373 2077 3428 ibidem
2122 3372 2338 3443 Evagrii
2388 3371 2608 3425 illorum
2652 3370 2908 3439 discipuli
2949 3369 3124 3440 Opera
3171 3373 3403 3442 positive

152 3473 435 3519 recenseat.
471 3463 636 3517 Nihil
670 3478 800 3532 ergo
832 3462 933 3516 sub
958 3462 1319 3517 Macariorum
1343 3463 1564 3518 nomine
1596 3472 1841 3533 tempore
1877 3463 2117 3519 Socratis
2138 3463 2382 3518 exstabat
2420 3462 2704 3533 scriptum,
2729 3462 2875 3532 quod
2917 3479 3045 3518 sane
3080 3464 3263 3519 dicere
3295 3475 3403 3519 tam

149 3564 414 3632 praeclara
458 3559 761 3617 occasione
808 3559 933 3613 data
976 3576 1085 3614 non
1123 3560 1425 3627 omisisset;
1458 3576 1692 3629 quorum
1736 3569 1793 3615 et
1837 3560 2307 3631 Apophthegmata
2342 3558 2455 3614 illic
2486 3559 2674 3624 refert,
2712 3561 2854 3615 sicut
2889 3569 2946 3614 et
2978 3560 3253 3616 Palladius
3290 3563 3326 3617 1.
3364 3565 3402 3619 l.

149 3655 406 3710 Audacior
439 3670 582 3710 sane
615 3654 843 3709 Graecia
876 3667 941 3707 ac
970 3651 1378 3706 monachismus
1420 3652 1715 3716 recentior,
1744 3652 1838 3721 qui
1877 3652 2210 3715 erubuisset,
2243 3650 2288 3705 si
2319 3650 2457 3704 nihil
2492 3649 2593 3704 sub
2628 3649 2984 3704 Macariorum
3018 3653 3237 3708 nomine
3266 3655 3404 3709 scri-

146 3760 287 3820 ptum
344 3750 688 3805 exstitisset.
748 3747 862 3801 Sub
904 3743 1039 3798 falso
1080 3742 1245 3813 igitur
1292 3742 1349 3798 S.
1390 3742 1615 3797 Macarii
1658 3741 1889 3797 Senioris
1934 3753 1981 3797 et
2020 3743 2293 3814 Aegyptii,
2337 3756 2501 3811 quem
2550 3741 2766 3795 unicam
2817 3741 3081 3798 duntaxat
3124 3745 3407 3821 scripsisse

146 3841 433 3909 Epistolam
464 3839 659 3894 voluit
682 3838 720 3891 l.
753 3837 791 3891 l.
821 3834 1152 3900 Gennadius,
1181 3833 1479 3905 productae
1515 3834 1778 3888 Homiliae
1818 3834 2121 3904 spirituales
2162 3834 2547 3905 quinquaginta
2577 3832 2639 3884 de
2669 3833 2967 3903 integritate
2988 3853 3122 3906 quae
3150 3837 3405 3893 Christia-

146 3945 231 3983 no:
257 3930 423 3984 decet.
454 3929 703 3983 Exstant
723 3939 913 3996 graece
939 3932 995 3978 et
1015 3924 1181 3978 latine
1210 3924 1437 3979 Parisiis
1468 3925 1605 3979 1559
1635 3925 1773 3989 ili-8,
1820 3925 2020 3980 deinde
2068 3941 2201 3980 cura
2222 3924 2383 3978 Zach.
2418 3922 2687 3978 Palthenii
2720 3922 3064 3980 Francofurti
3094 3926 3230 3982 1594
3260 3928 3404 3993 in-8,

143 4023 367 4093 denique
417 4038 559 4078 cum
609 4020 883 4091 Operibus
920 4019 1170 4091 Gregorii
1220 4020 1611 4091 Thaumaturgi
1657 4020 1882 4075 Parisiis
1929 4021 1985 4074 in
2028 4020 2121 4074 fol.
2164 4034 2310 4073 anno
2357 4017 2511 4072 1622.
2550 4016 2695 4082 Quas
2735 4032 2859 4071 cum
2892 4018 3121 4085 Caveus,
3167 4021 3212 4075 si
3258 4032 3408 4077 recte

143 4121 417 4186 sensisset,
451 4110 966 4186 censupposititias
981 4118 1242 4186 nulloque
1274 4118 1615 4186 antiquitatis
1653 4118 1964 4173 testimonio
1999 4117 2162 4173 fultas
2198 4115 2542 4187 proscribere
2583 4110 2881 4173 debuisset,
2917 4109 2980 4162 ab
3014 4109 3192 4180 aliquo
3227 4111 3409 4179 forsan

140 4217 382 4284 sequioris
421 4213 646 4270 saeculi
686 4212 1036 4281 interpolatas
1074 4212 1278 4267 dixisse
1325 4212 1457 4268 satis
1496 4213 1706 4268 habuit.
1763 4214 1888 4268 Illas
1942 4214 2136 4268 Petrus
2178 4211 2437 4267 Pessinus
2480 4224 2511 4263 e
2561 4207 2686 4263 Soc.
2729 4205 2778 4260 J.
2818 4205 2875 4258 in
2916 4202 3301 4274 Prolegomenis
3338 4206 3407 4260 ad

144 4311 485 4367 Thesanrum
513 4310 840 4365 Asceticum
869 4323 1062 4378 graece
1088 4318 1143 4362 et
1172 4309 1338 4362 latine
1365 4308 1687 4378 impressum
1716 4308 1833 4363 ἰπὶ-4
1881 4324 2025 4362 anno
2049 4307 2185 4362 1684
2206 4306 2431 4361 Tolosae
2460 4305 2603 4375 apud
2625 4300 2973 4359 Guilielmum
3012 4300 3411 4364 Bosch,censet

138 4406 410 4472 pertinere
451 4405 531 4459 ad
564 4402 871 4457 Macarium
903 4400 1174 4454 iuniorem
1213 4398 1538 4470 Aegyptium
1569 4399 1761 4453 eodem
1801 4408 2046 4467 tempore
2080 4398 2345 4451 illustrem
2378 4413 2391 4448 :
2422 4409 2561 4464 quae
2600 4389 2877 4447 contentio
2911 4388 3113 4443 modici
3146 4392 3409 4446 momenti

139 4502 232 4557 est,
259 4508 389 4548 cum
418 4504 681 4562 uterque
717 4502 775 4546 et
811 4489 995 4545 senior
1021 4497 1078 4543 et
1106 4488 1288 4543 iunior
1316 4497 1559 4559 tempore
1586 4489 1780 4544 eodem
1807 4489 2063 4543 vixerint.
2095 4488 2208 4558 Ego
2238 4487 2309 4541 ob
2338 4494 2589 4540 veterum
2616 4484 2682 4539 de
2710 4485 2797 4539 his
2826 4483 3095 4554 Operibus
3134 4485 3411 4540 silentium

137 4586 352 4654 utrique
383 4584 652 4641 Macario
685 4584 948 4640 Homilias
975 4584 1104 4639 istas
1144 4584 1338 4655 Opinor
1379 4586 1687 4655 suppositas
1726 4601 1756 4639 a
1794 4585 2076 4640 monachis
2120 4584 2328 4654 graecis
2372 4582 2439 4636 ad
2485 4580 2748 4635 maiorem
2789 4582 3145 4637 Macariorum
3173 4585 3414 4639 nominis

136 4679 346 4737 famam.
367 4681 609 4737 Omissa
638 4689 886 4735 veterum
915 4681 983 4735 de
1007 4682 1094 4736 his
1124 4680 1393 4750 Operibus
1413 4682 1633 4737 silentio
1659 4682 1782 4736 dico
1806 4690 1920 4737 tum
1949 4680 2241 4752 Epistolam
2265 4679 2434 4742 illam,
2458 4677 2525 4731 de
2548 4691 2655 4745 qua
2677 4673 2919 4743 loquitur
2937 4672 3265 4737 Gennadius,
3291 4683 3412 4728 tum

134 4776 224 4832 bas
251 4776 686 4849 Quinquaginta
729 4773 1006 4839 Homilias,
1039 4774 1107 4829 de
1140 4774 1341 4843 quibus
1373 4789 1535 4843 supra
1569 4774 1798 4844 egimus,
1826 4789 1933 4829 non
1964 4789 2121 4843 posse
2148 4787 2267 4827 esse
2296 4771 2511 4825 Macarii
2545 4768 2691 4823 illius
2716 4762 2984 4834 Aegyptii,
3014 4763 3127 4818 sive
3155 4765 3410 4829 senioris,

135 4868 242 4925 sive
283 4871 567 4936 iunioris,
606 4868 706 4939 qui
740 4865 943 4922 seniori
971 4865 1313 4936 synchronus
1344 4872 1464 4917 erat
1498 4871 1662 4932 atque
1693 4872 1869 4918 aetate
1901 4863 2164 4917 duntaxat
2197 4860 2399 4915 iunior.
2433 4858 2722 4913 Rationem
2754 4853 3011 4923 optimam
3052 4852 3221 4907 affero
3252 4852 3409 4907 Pela—

131 4958 462 5025 gianismum
496 4957 939 5013 subtilissimum
967 4964 1130 5023 atque
1156 4952 1532 5022 purissimum,
1559 4968 1669 5021 quo
1708 4961 1765 5007 et
1807 4950 2049 5023 Epistula
2078 4960 2135 5005 et
2162 4950 2423 5004 llomiliae
2463 4950 2655 5019 plenae
2699 4957 2847 5013 sunt,
2880 4955 2938 5001 ut
2974 4954 3179 5001 attente
3210 4946 3413 5017 legenti

131 5051 421 5106 constabit.
456 5051 659 5105 Erant
682 5058 864 5104 autem
892 5049 948 5104 hi
988 5056 1100 5103 tres
1119 5047 1339 5101 Macarii
1369 5046 1573 5101 mortui
1605 5060 1795 5100 omnes
1831 5055 1955 5100 ante
1998 5045 2337 5117 Pelagianam
2365 5054 2541 5099 ortam
2572 5043 2862 5107 haeresim,
2894 5042 3039 5096 unde
3079 5041 3278 5110 scripta
3319 5041 3409 5096 illa

130 5140 191 5194 ad
222 5142 508 5196 Macarios
554 5142 705 5194 istos
740 5138 1014 5208 pertinere
1045 5138 1359 5191 nullatenus
1400 5144 1648 5206 possunt.
1692 5136 1768 5191 De
1800 5136 2061 5205 Epistola,
2106 5151 2245 5205 quae
2284 5135 2512 5200 interiit,
2553 5150 2866 5204 expressum
2900 5144 2983 5189 est
3019 5135 3280 5189 Gennadii
3314 5135 3409 5205 qui

130 5232 329 5301 legerat
377 5232 791 5290 testimonium
833 5247 901 5286 ex
940 5232 1086 5287 libro
1112 5233 1193 5288 De
1235 5232 1360 5285 viris
1398 5230 1695 5284 illustribus
1739 5245 1857 5301 cap.
1894 5230 1963 5283 10
1996 5231 2083 5284 his
2127 5240 2452 5300 conceptum
2485 5231 2670 5286 verbis
2704 5246 2717 5282 :
2758 5247 2776 5280 ι
2811 5230 3076 5283 Macarius
3111 5228 3409 5282 monachus

130 5322 211 5379 ille
242 5326 595 5398 Aegyptius,
637 5323 788 5395 [Pag.
823 5321 946 5393 476]
979 5322 1147 5393 signis
1174 5332 1228 5377 et
1258 5322 1557 5377 virtutibus
1586 5322 1787 5386 clarus,
1819 5336 1981 5375 unam
2022 5330 2229 5374 tantum
2262 5321 2329 5374 ad
2360 5320 2603 5376 iuniores
2636 5326 2986 5391 professionis
3024 5341 3151 5381 suae
3191 5325 3411 5394 scripsit

129 5418 452 5489 Epistulam,
490 5422 560 5475 in
596 5436 715 5489 qua
747 5419 923 5484 docet,
960 5418 1113 5472 illum
1149 5417 1385 5488 perfecte
1428 5432 1590 5487 posse
1626 5418 1739 5472 Deo
1782 5417 2010 5480 servire,
2045 5415 2139 5484 qui
2175 5415 2545 5471 conditionem
2586 5421 2877 5476 crcationis
2914 5437 3042 5476 suae
3080 5434 3411 5491 cognoscens

127 5517 188 5572 ad
234 5536 439 5577 omnes
496 5519 879 5588 semetipsum
928 5516 1274 5571 inclinaverit
1314 5515 1553 5581 labores,
1590 5524 1647 5570 et
1682 5514 1940 5569 luctando
1987 5522 2151 5583 atque
2183 5514 2279 5568 Dei
2329 5514 2617 5570 adversum
2661 5533 2821 5573 omne
2866 5517 3011 5588 quod
3058 5519 3113 5571 in
3158 5516 3258 5569 hac
3298 5514 3411 5568 vita

129 5624 287 5667 suave
330 5624 425 5669 est
470 5610 766 5667 auxilium
810 5610 1175 5682 imploranda,
1209 5613 1277 5666 ad
1318 5611 1620 5666 naturalem
1657 5627 1863 5682 quoque
1913 5611 2212 5682 perveniens
2249 5612 2550 5683 puritatem,
2586 5616 2953 5669 continentiam
3000 5613 3139 5667 velut
3186 5622 3413 5667 naturae

129 5706 352 5762 debitum
409 5724 636 5762 munus
684 5707 981 5762 obtinuerit.
1023 5728 1042 5761 ι
1098 5706 1502 5763 Continentiam
1551 5708 1698 5763 enim
1749 5723 1869 5763 esse
1921 5724 2120 5764 munus
2168 5721 2395 5765 naturae
2436 5708 2701 5772 debitum,
2739 5722 2846 5759 non
2901 5705 3124 5775 gratiae,
3162 5701 3409 5758 doctrina

130 5798 414 5874 Pelagiana
459 5815 722 5872 prorsus
746 5810 830 5855 est
861 5808 1049 5856 contra
1089 5796 1434 5855 Salomonem
1464 5795 1591 5867 Sap.
1631 5798 1769 5864 Vill,
1801 5798 1837 5851 2
1861 5809 1915 5854 et
1957 5797 2025 5861 Χ,
2063 5799 2193 5865 2,-
2223 5800 2540 5870 Apostolum
2584 5798 2705 5855 Gal.
2737 5797 2800 5863 V,
2834 5795 2903 5849 2'5
2932 5811 2945 5848 :
2979 5793 3194 5848 Fructus
3232 5797 3407 5847 autem
