3948 6532
535 337 637 395 379
1824 334 2193 394 CASIMIRUS
2228 334 2527 394 OUDINUS
3682 336 3770 395 380

533 454 763 527 Spiritus
800 461 877 509 est
920 461 1031 511 eet.
1059 453 1210 524 ﬁdes,
1245 454 1519 521 modestia,
1558 455 1897 520 continentia,
1931 456 2168 511 castitas.
2214 454 2370 521 Quod
2402 455 2566 511 etiam
2606 450 2708 509 hae
2743 424 3139 527 Quinquaginta
3188 453 3449 511 Romilius
3496 454 3566 511 ad
3609 453 3770 511 Maca-

533 553 678 607 rium
713 552 898 618 istum,
922 562 1086 622 atque
1115 552 1251 608 alios
1278 548 1523 603 eiusdem
1559 548 1822 619 temporis
1850 548 1988 603 duos
2014 550 2328 605 nullatenus
2363 558 2633 620 spectent,
2666 548 2755 604 his
2782 550 2997 605 duobus
3029 550 3236 606 afIirmo
3267 553 3605 624 argumentis
3635 568 3650 605 :

605 644 1174 699 Primum..Homiliae
1206 645 1341 699 istae
1374 660 1483 698 non
1520 655 1648 698 sunt
1676 644 1898 715 proprie
1927 644 2183 701 homiliae
2215 646 2282 700 ad
2307 645 2569 715 p0pulum
2608 644 2851 711 habitae,
2881 644 2977 701 sed
3024 656 3235 701 tantum
3266 646 3484 719 farrago
3523 648 3773 718 quaedam

534 732 604 786 ab
642 734 826 801 aliquo
859 732 1285 787 archimandrita
1316 734 1543 787 collecta
1574 748 1637 786 ac
1666 732 1920 802 privatim
1951 734 2273 803 composita,
2308 749 2447 803 quae
2477 733 2752 787 interdum
2782 733 3005 804 quidem
3038 737 3290 793 homilias
3320 740 3582 805 continet,
3619 741 3773 796 inter-

534 827 664 881 dum
698 844 827 882 vero
857 827 1216 894 Quaestiones
1249 828 1425 881 varias
1458 836 1516 882 et
1562 827 1966 897 Responsiones
2008 827 2214 881 nullam
2248 827 2594 881 homiliarum
2633 826 2869 895 speciem
2905 826 3189 895 habentes,
3219 844 3356 899 quas
3385 831 3775 887 eonsarcinator

533 936 634 991 pro
680 930 861 991 captu,
893 921 1097 989 absque
1149 925 1485 979 eonnexione
1531 924 1693 979 simul
1745 924 1983 993 collegit.
2031 924 2113 978 Ex
2160 922 2502 995 inspectione
2546 930 2603 977 et
2644 922 2879 977 lectione
2923 923 3143 977 illarum
3183 941 3271 980 res
3302 935 3555 981 constare
3592 936 3777 995 potest.

534 1016 681 1086 quod
728 1032 837 1070 non
878 1015 1139 1070 difIitelur
1169 1016 1315 1073 Elias
1342 1020 1413 1074 du
1450 1019 1550 1074 Pin
1588 1018 1719 1073 Nov.
1751 1018 1997 1072 Biblioth.
2041 1018 2258 1089 Scriptt.
2290 1017 2495 1072 Eccles.
2542 1018 2698 1072 Tom.
2732 1018 2775 1072 II
2804 1018 2959 1073 Saec.
2988 1019 3056 1073 1V
3094 1031 3217 1089 pag.
3257 1017 3392 1071 mihi
3427 1016 3513 1071 70.
3547 1018 3681 1072 Nam
3719 1019 3778 1073 ad

534 1107 694 1161 finem
725 1107 980 1161 homiliae
1008 1107 1072 1161 VI
1100 1107 1163 1160 de
1192 1108 1429 1160 oratione
1465 1114 1646 1161 movet
1678 1107 1813 1160 duas
1851 1106 2209 1173 Quaestiones
2242 1110 2307 1164 de
2339 1107 2705 1161 incarnatione
2753 1107 2881 1161 Jesu
2913 1107 3107 1163 Christi
3132 1122 3257 1163 cum
3289 1107 3515 1163 totidem
3546 1108 3779 1177 Respon-

531 1204 801 1271 sionibus,
843 1220 982 1274 quae
1007 1206 1075 1260 ad
1124 1213 1505 1277 argumentum
1550 1201 1827 1257 Orationis
1878 1202 2016 1256 nihil
2064 1202 2290 1257 faciunt.
2337 1202 2605 1258 Homiliae
2654 1204 2747 1260 VII
2797 1210 2855 1258 et
2901 1202 3018 1258 VIII
3066 1211 3320 1257 constant
3362 1218 3583 1272 quoque
3628 1204 3781 1257 variis

531 1294 956 1361 Quaestionibus
999 1305 1055 1351 et
1097 1294 1580 1366 Responsionibus.
1624 1293 1777 1349 Unde
1813 1291 1988 1360 liquet
2024 1293 2139 1347 sole
2185 1293 2408 1359 clarius,
2444 1310 2553 1349 non
2590 1309 2711 1350 esse
2748 1294 3013 1349 Iiomilias
3056 1294 3125 1348 ad
3164 1294 3426 1364 p0pulum
3469 1294 3665 1358 dictas,
3697 1294 3779 1348 sed

531 1396 908 1451 eolleetaneum
951 1396 1344 1463 Quaestionum,
1378 1409 1514 1463 quas
1550 1392 1616 1445 ad
1660 1390 2143 1446 archimandritam
2180 1393 2420 1462 aliquem
2458 1392 2715 1447 monachi
2753 1391 3082 1447 accedentes
3113 1385 3460 1455 proposuisse
3490 1385 3778 1455 finguntur.

531 1487 773 1545 Homilia'
797 1490 891 1545 XII
923 1491 1167 1551 continet
1207 1488 1562 1555 Quaestiones
1589 1498 1644 1542 et
1680 1486 2086 1557 Responsiones
2116 1489 2202 1543 vel
2250 1490 2564 1544 nullatenus
2602 1490 2688 1544 vel
2730 1504 2924 1559 parum
2962 1484 3149 1543 utiles.
3188 1481 3422 1536 Homilia
3455 1480 3550 1535 XV
3584 1480 3781 1535 nullum

533 1581 700 1637 habet
727 1583 961 1653 speciale
993 1591 1392 1653 argumentum,
1423 1578 1517 1634 sed
1543 1578 1722 1633 varias
1746 1578 2104 1644 Quaestiones
2128 1584 2200 1637 'de
2227 1581 2606 1633 resurrectione
2653 1586 2703 1632 et
2745 1580 3163 1649 concupiscentia
3196 1577 3461 1642 continet,
3495 1593 3638 1647 quae
3675 1578 3784 1632 nul-

532 1674 639 1729 lam
672 1675 815 1729 inter
842 1690 900 1729 se
925 1674 1319 1730 connexionem
1360 1674 1581 1729 habent.
1630 1673 1865 1727 Homilia
1900 1674 2068 1729 XXVI
2102 1674 2345 1730 continet
2376 1675 2563 1745 plures
2590 1674 2949 1741 Quaestiones
2985 1685 3041 1730 et
3073 1672 3477 1743 Responsiones
3518 1671 3584 1723 de
3623 1680 3782 1725 tenta-

532 1764 754 1819 tionibus
812 1765 1005 1819 diaboli
1055 1774 1104 1819 et
1144 1768 1350 1837 gratiae
1397 1764 1670 1836 effectibus.
1714 1764 1949 1819 IIomilia
1987 1764 2179 1820 XXVII
2223 1765 2517 1834 respondet
2554 1779 2772 1833 quoque
2806 1762 3230 1830 Quaestionibus
3262 1766 3451 1822 multis
3487 1767 3553 1820 de
3594 1769 3786 1837 gratiae

531 1861 809 1931 eﬁ‘ectibus.
834 1860 1071 1916 Homilia
1099 1861 1339 1917 XXXVII
1369 1862 1601 1916 habetur
1630 1858 1966 1915 verbotenus
1992 1860 2136 1914 inter
2159 1857 2431 1930 Opuseula
2458 1859 2625 1915 Marci
2650 1860 3061 1916 Exercitatoris.
3091 1862 3323 1919 Ilomilia
3350 1862 3442 1917 XL
3472 1872 3588 1916 tres
3618 1857 3787 1923 adhuc

529 1956 889 2021 Quaestiones
934 1957 1210 2027 proponit,
1250 1971 1385 2026 quas
1434 1952 1904 2024 Responsionibus
1951 1955 2179 2010 totidem
2229 1954 2409 2009 solvit.
2458 1956 2579 2010 Non
2628 1969 2759 2026 ergo
2808 1955 3204 2011 eolleetaneum
3243 1952 3389 2009 istud
3434 1952 3785 2007 Homiliarum

530 2049 752 2119 proprie
780 2058 882 2113 est,
916 2048 1010 2103 sed
1036 2049 1247 2118 farrago
1276 2046 1552 2100 variorum
1583 2040 2079 2109 indiseriminatim,
2112 2052 2175 2098 ut
2211 2043 2488 2098 collectori
2527 2044 2779 2099 allubuit.

600 2136 857 2191 Secundo.
897 2136 1156 2208 Quisquis
1182 2138 1341 2193 istius
1366 2134 1651 2207 farraginis
1678 2144 1888 2202 auctor,
1923 2135 1971 2191 is
2000 2145 2124 2206 post
2152 2145 2327 2191 ortam
2360 2136 2702 2207 Pelagianam
2740 2136 3011 2193 haeresim
3042 2137 3281 2209 scripsit,
3314 2152 3477 2208 quam
3521 2135 3788 2191 subtiliter

529 2245 590 2292 et
610 2246 767 2292 caute
795 2235 955 2291 docet
983 2236 1206 2305 passim.
1230 2234 1383 2302 Quod
1417 2244 1472 2290 et
1501 2236 1720 2306 agnovit
1746 2235 1915 2289 Ellias
1953 2234 2026 2288 du
2060 2233 2161 2287 Pin
2203 2233 2241 2287 l.
2272 2233 2335 2298 l.,
2367 2239 2499 2286 dum
2544 2232 2722 2302 inquit
2754 2233 3016 2288 Homilies
3047 2232 3199 2293 istas,
3226 2229 3294 2283 de
3321 2229 3521 2297 quibus
3564 2227 3786 2297 agimus,

530 2343 651 2381 esse
676 2326 986 2381 eonformes
1016 2327 1194 2396 quoad
1222 2326 1525 2381 doctrinam
1556 2326 1827 2397 Epistolae
1854 2326 1956 2381 sub
1980 2324 2199 2380 Macarii
2239 2325 2479 2392 nomine,
2511 2341 2673 2394 quam
2704 2322 3284 2397 depingit-Gennadius
3310 2322 3367 2376 in
3404 2322 3550 2376 libro
3582 2322 3647 2374 de
3677 2323 3787 2375 ciris

530 2415 827 2471 illustribus
873 2433 991 2488 cap.
1030 2418 1114 2471 i0.
1147 2417 1218 2472 At
1244 2417 1483 2487 Epistola
1521 2418 1623 2471 ista
1656 2418 1941 2487 Pelagiana
1966 2424 2071 2480 est,
2103 2414 2355 2484 idemque
2397 2414 2687 2470 dicendum
2717 2414 2785 2469 de
2821 2415 3071 2471 IIomiliis
3101 2415 3240 2471 istis.
3272 2415 3405 2469 Nam
3436 2414 3677 2469 Homilia
3706 2413 3786 2468 XV

531 2511 649 2564 vult
674 2510 1144 2581 concupiscentiam
1172 2523 1293 2563 esse
1330 2507 1600 2576 quandam
1637 2503 1777 2575 ignis
1807 2504 1955 2577 [Pag.
1984 2501 2109 2574 477]
2138 2502 2193 2555 in
2225 2501 2445 2557 homine
2477 2502 2693 2558 accensi
2722 2505 2981 2573 speciem,
3012 2520 3222 2569 omnes,
3251 2513 3313 2559 ut
3350 2508 3423 2559 ita
3458 2504 3675 2560 dictum
3706 2505 3783 2565 sit,

532 2601 708 2672 ipsius
752 2612 936 2672 partes
977 2602 1385 2664 accendentem,
1415 2601 1503 2655 cui
1532 2604 1789 2657 resistere
1830 2606 2028 2668 potest,
2066 2596 2114 2649 si
2152 2594 2369 2649 assidue
2419 2594 2666 2665 invigilet
2709 2596 2812 2649 sibi
2856 2606 3017 2665 atque
3049 2612 3293 2671 pugnet:
3329 2600 3434 2657 Eos
3480 2610 3685 2666 autem,
3708 2602 3785 2671 qui

531 2694 858 2763 passionibus
886 2694 1155 2759 resistunt,
1179 2705 1421 2748 sanctum
1443 2694 1699 2767 Spiritum
1729 2702 1886 2764 atque
1922 2690 2115 2746 Christi
2153 2691 2355 2761 gratias
2395 2692 2640 2759 recipere.
2669 2689 2824 2756 Quod
2864 2691 3212 2763 Pelagianum
3244 2696 3468 2750 omnino
3504 2703 3612 2759 est,
3644 2695 3782 2764 quasi

530 2794 659 2839 ante
698 2784 928 2855 gratiam
953 2785 1155 2841 Christi
1178 2796 1489 2858 perceptam
1516 2783 1990 2856 concupiscentiae
2014 2797 2078 2836 ac
2103 2780 2448 2851 passionihus
2480 2782 2723 2835 accensis
2744 2797 2808 2835 ex
2832 2792 3058 2841 naturae
3086 2789 3294 2845 viribus
3326 2791 3589 2846 resistere
3620 2790 3781 2844 valea-

531 2890 675 2931 mus.
710 2875 943 2930 IIomilia
969 2876 1085 2932 XVI
1118 2878 1295 2948 inquit
1321 2881 1597 2937 hominem
1640 2880 1843 2936 debere
1886 2892 2101 2946 semper
2140 2875 2355 2940 timere,
2390 2890 2456 2929 eo
2494 2875 2641 2944 quod
2682 2890 2898 2944 semper
2939 2884 3330 2939 tentationihus
3368 2884 3655 2954 expositus
3693 2885 3779 2947 sit;

534 2973 718 3041 itaque
758 2974 852 3041 qui
891 2975 1116 3043 gratiam
1154 2978 1395 3035 nondum
1422 2981 1646 3047 habent,
1672 2981 1874 3034 debere
1916 2990 2130 3045 semper
2162 2984 2217 3030 et
2256 2975 2459 3028 bonum
2488 2990 2648 3043 agere
2679 2985 2735 3029 et
2759 2974 2959 3029 malum
2992 2977 3174 3048 fugere
3202 2997 3270 3035 ex
3298 2981 3542 3035 motibus
3581 2990 3783 3035 natura-

532 3068 698 3135 libus;
729 3070 823 3139 qui
854 3086 987 3125 vero
1025 3074 1253 3142 gratiam
1298 3054 1629 3142 acceperint,
1670 3086 1781 3124 non
1828 3066 2073 3137 indigere
2109 3064 2349 3119 motibus
2387 3064 2474 3118 his
2514 3065 2857 3119 naturalibus
2895 3076 3057 3137 atque
3103 3071 3477 3126 interioribus.
3529 3072 3782 3141 Supponit

532 3170 682 3231 ergo,
717 3162 995 3218 hominem
1038 3166 1223 3230 etiam,
1254 3174 1543 3234 antequam
1570 3163 1796 3234 gratiam
1826 3160 2042 3224 habeat,
2076 3173 2233 3228 posse
2271 3168 2326 3212 et
2359 3158 2564 3213 bonum
2597 3159 2776 3215 facere
2810 3170 2867 3215 et
2893 3163 3093 3217 malum
3129 3162 3315 3233 fugere
3346 3178 3409 3217 ex
3442 3163 3783 3217 instinctibus

533 3250 905 3319 naturalibus;
932 3255 1077 3323 quod
1100 3256 1446 3326 Pelagianum
1471 3263 1573 3319 est,
1598 3254 1752 3323 quasi
1794 3252 1882 3306 his
1923 3260 2149 3305 naturae
2176 3250 2458 3305 laboribus
2483 3259 2540 3305 et
2563 3254 2849 3311 conatibus
2876 3256 3103 3328 gratiam
3132 3255 3227 3309 Dei
3262 3255 3328 3308 ad
3362 3270 3464 3309 nos
3493 3255 3779 3307 trahamus.

535 3347 774 3402 Homilia
801 3347 967 3403 XXVI
998 3357 1110 3404 tota
1135 3365 1350 3420 quoque
1373 3350 1660 3419 Pelagiana
1686 3357 1789 3411 est,
1818 3355 1879 3401 ut
1904 3354 2110 3399 attente
2139 3344 2339 3414 legenti
2382 3345 2672 3404 constabit.
2708 3358 2870 3418 atque
2898 3366 2966 3404 ex
3000 3350 3087 3414 iis,
3118 3365 3256 3419 quae
3294 3349 3455 3404 affert
3477 3350 3516 3403 Ι.
3549 3348 3589 3402 1.
3636 3349 3783 3402 Ellias

536 3436 610 3491 du
648 3437 770 3502 Pin,
803 3439 1057 3509 cognosci
1093 3440 1307 3495 abunde
1335 3448 1533 3510 potest.
1561 3438 1726 3493 Miror
1752 3447 1953 3500 tamen,
1993 3450 2092 3489 cur
2128 3434 2324 3504 pagina
2356 3433 2494 3487 mihi
2524 3435 2592 3488 72
2620 3436 2943 3510 AethiOpem
2977 3438 3230 3496 dealbare
3257 3449 3489 3494 conetur
3523 3440 3783 3494 intendat-

537 3548 667 3604 que,
698 3542 979 3589 auctorem
1023 3534 1170 3589 hunc
1207 3536 1344 3589 nihil
1386 3534 1537 3590 aliud
1580 3534 1719 3589 velle
1760 3547 1923 3603 quam
1972 3530 2265 3585 conciliare
2310 3529 2516 3599 gratiae
2558 3534 2941 3589 necessitatem
2985 3551 3109 3589 cum
3155 3535 3318 3589 liberi
3361 3534 3585 3589 arbitrii
3622 3536 3781 3589 nostri

539 3630 953 3699 eooperatione.
996 3632 1159 3685 Aliud
1202 3648 1331 3687 sane
1366 3632 1485 3686 vult
1524 3630 1845 3699 Pelagianus
1886 3627 2007 3691 ille;
2046 3624 2261 3679 initium
2307 3639 2503 3695 nempe
2546 3627 2737 3682 salutis
2783 3638 2999 3686 nostrae
3040 3647 3159 3685 esse
3206 3646 3237 3685 a
3279 3631 3439 3685 nobis
3482 3648 3588 3702 per
3632 3647 3781 3703 opera

540 3728 769 3777 naturae
800 3722 1210 3792 incipientibus,
1241 3723 1443 3793 quibus
1470 3722 1765 3777 accedente
1794 3719 1979 3774 divina
2014 3717 2189 3788 gratia
2216 3716 2365 3769 salus
2400 3715 2508 3769 iam
2540 3717 2606 3772 ad
2638 3720 3028 3788 perfectionem
3064 3723 3387 3777 adducatur.
3417 3723 3577 3780 Unde
3610 3742 3780 3795 quam—

539 3816 624 3871 vis
660 3816 878 3886 saepius
912 3817 1058 3873 dicat
1127 3815 1356 3888 gratiam
1394 3832 1514 3873 esse
1554 3815 1921 3871 necessariam
1961 3814 2048 3867 vel
2095 3812 2163 3866 ad
2208 3810 2472 3865 iustitiam
2508 3813 2828 3882 perfectam,
2855 3818 2940 3871 vel
2983 3819 3151 3872 vitam
3180 3828 3480 3882 aeternam,
3517 3828 3581 3874 ut
3612 3820 3758 3874 Iiomi

540 3904 612 3960 lia
652 3905 839 3971 XXIV,
867 3908 951 3961 vel
984 3907 1049 3961 ad
1082 3908 1366 3962 evitandas
1393 3922 1582 3961 omnes
1612 3906 1822 3976 peccati
1865 3903 2202 3967 occasiones,
2226 3901 2315 3955 vel
2343 3900 2414 3955 ad
2444 3903 2701 3959 omnibus
2739 3907 3139 3963 tentationibus
3170 3908 3565 3975 resistendum,
3596 3920 3658 3964 ut
3687 3910 3778 3965 Ho-

542 3998 693 4052 milia
718 3996 881 4063 XXV,
909 4014 1189 4068 nunquam
1230 4008 1409 4053 tamen
1436 3997 1691 4061 asseruit,
1720 3996 1870 4050 illam
1901 4009 2022 4049 esse
2056 3992 2420 4047 necessariam
2448 3992 2515 4047 ad
2542 4008 2705 4048 omne
2740 4003 2796 4049 et
2820 3997 3105 4067 quodlibet
3132 4000 3187 4055 in
3217 3999 3480 4070 singulari
3516 4015 3657 4070 opus
3687 4000 3773 4055 bo—

542 4105 695 4155 num,
724 4091 975 4159 Opinatus
1002 4106 1196 4159 nempe
1232 4091 1382 4144 iuxta
1415 4090 1692 4160 Pelagium
1727 4099 1785 4143 et
1827 4087 2165 4158 Pelagianos,
2195 4086 2413 4142 initium
2442 4087 2635 4143 salutis
2665 4106 2787 4145 esse
2823 4108 2853 4145 a
2888 4092 3050 4147 nobis
3081 4108 3149 4147 ex
3184 4102 3379 4150 natura
3410 4098 3770 4165 operantibus.

616 4184 885 4240 Convenit
918 4186 1149 4239 maxime
1183 4186 1273 4239 hie
1312 4192 1504 4239 auctor
1535 4184 1713 4253 quoad
1752 4183 2058 4238 doctrinam
2090 4196 2215 4235 cum
2261 4181 2441 4234 Marco
2470 4176 2707 4249 ἀσκητῇ
2732 4199 2830 4239 seu
2859 4185 3257 4254 Exercitatore,
3288 4190 3381 4260 qui
3411 4191 3546 4244 olim
3573 4192 3770 4248 Macarii

544 4277 710 4331 huius
735 4277 1035 4348 discipulus
1054 4278 1179 4342 fuit,
1204 4293 1307 4333 nec
1327 4278 1544 4333 difﬁcile
1569 4278 1692 4341 fuit,
1722 4288 1783 4331 ut
1813 4278 2015 4345 scripta
2042 4274 2297 4344 discipuli
2326 4272 2586 4343 magistro
2612 4279 2958 4345 postmodum
2981 4297 3049 4337 ex
3079 4282 3310 4352 quadam
3342 4286 3571 4341 maioris
3600 4297 3770 4341 aucto-

544 4372 727 4427 ritatis
757 4371 1101 4427 affectatione
1140 4373 1225 4426 vel
1257 4372 1423 4427 etiam
1464 4372 1671 4426 malitia
1701 4370 2156 4425 attribuerentur.
2188 4369 2349 4423 Plura
2377 4368 2445 4423 de
2483 4369 2569 4423 his
2596 4369 2844 4427 Homiliis
2881 4389 2979 4429 seu
3018 4376 3183 4429 etiam
3222 4375 3650 4441 Quaestionibus
3685 4394 3748 4433 no

544 4476 733 4540 postea
762 4466 814 4519 in
845 4466 1023 4521 Marco
1050 4469 1265 4533 Asceta,
1302 4467 1390 4521 eui
1418 4466 1805 4522 adiudicandas
1833 4466 1903 4522 ob
1934 4466 2216 4521 doctrinae
2245 4473 2301 4520 et
2326 4464 2448 4535 styli
2476 4465 2893 4522 similitudinem
2921 4484 3227 4525 censemus.

614 4560 843 4614 Exstant
868 4570 1049 4615 autem
1074 4561 1176 4615 hae
1202 4560 1259 4614 S.
1294 4558 1511 4612 Macarii
1541 4560 1787 4631 Aegyptii
1811 4558 2077 4614 Homiliae
2115 4555 2263 4611 MSS.
2292 4571 2481 4626 graece
2507 4556 2560 4609 in
2590 4557 2883 4614 Bodleiano
2907 4560 3100 4616 Oxonii
3130 4564 3185 4617 in
3212 4561 3423 4633 Anglic.
3453 4562 3775 4618 Bibliotheca

545 4652 734 4709 codice
761 4653 864 4707 2l'5
895 4652 951 4706 in
997 4653 1144 4708 MSS.
1178 4656 1540 4711 Baroecianis.
1587 4653 1765 4722 Atque
1807 4653 1864 4707 in
1910 4653 2015 4707 hoc
2064 4650 2253 4706 codice
2302 4657 2518 4703 exstant
2562 4648 2825 4705 Homiliae
2858 4652 3016 4719 LVII,
3059 4669 3293 4724 quarum
3336 4670 3479 4725 quae
3523 4655 3577 4709 in
3616 4653 3773 4709 editis

544 4754 819 4818 postrema
845 4757 949 4813 est,
979 4747 1035 4802 in
1068 4748 1176 4803 MS.
1212 4749 1318 4803 isto
1349 4747 1561 4803 auctior
1585 4755 1855 4814 estquam
1883 4743 1937 4796 in
1966 4741 2268 4811 impressis.

614 4838 872 4893 Eiusdem
901 4840 1133 4894 Homilia
1162 4839 1227 4893 LI
1250 4838 1317 4893 ad
1343 4838 1665 4909 Symeonem
1694 4836 1946 4889 Aseetam
1976 4848 2098 4903 pag.
2120 4832 2173 4885 2(

1647 4852 1665 4889 1
1694 4836 1946 4889 Aseetam
1976 4848 2098 4903 pag.
2120 4831 2246 4896 202,
2271 4831 2306 4885 b
2336 4848 2349 4883 :
2378 4830 2675 4899 Μακάριος
2706 4834 2830 4901 τοῖς
2863 4836 3206 4904 ἀγαπητοῖς.

615 4930 874 4985 Eiusdem
905 4931 1135 4986 Humilia
1167 4932 1255 4986 LII
1292 4932 1347 4985 in
1379 4930 1554 4985 Natali
1580 4928 1785 4985 Christi
1815 4942 1936 4995 pag.
1966 4926 2070 4979 208
2102 4942 2115 4979 :
2150 4928 2174 4979 ὸ

1821 4942 1936 4995 pag.
1966 4926 2070 4979 208
2102 4942 2115 4979 :
2150 4927 2182 4979 ὁ
2206 4925 2387 4993 λόγος
2419 4924 2525 4977 τοῦ
2556 4927 2703 4980 Θεοῦ
2731 4928 2910 4996 ἔργον
2943 4929 3052 4997 τῆς
3077 4932 3380 4998 ἀληθείας.

617 5022 848 5077 Ilomilia
876 5023 989 5077 LIII
1012 5023 1079 5078 de
1106 5023 1517 5094 longanimitate
1542 5031 1599 5077 et
1622 5019 1913 5076 tolerantia
1939 5019 1996 5071 in
2025 5017 2176 5072 amici

2211 5015 2408 5071 onihus
2434 5031 2554 5086 pag.
2584 5018 2689 5072 215
2719 5038 2731 5072 :
2766 5024 2798 5074 ό
2814 5023 3193 5092 ,ϐουλόμενος
3218 5022 3339 5088 Θεῷ
3364 5020 3770 5092 εὐαρεστῆσαι.

616 5112 763 5185 [Pag.
794 5114 918 5187 478]
956 5116 1193 5171 Homilia
1221 5115 1334 5171 LIV
1365 5117 1432 5171 de
1464 5114 1807 5184 beneplaeito
1832 5113 1931 5167 Dei
1956 5122 2012 5167 et
2036 5126 2175 5182 pem

1744 5124 1807 5167 to
1832 5113 1931 5167 Dei
1956 5122 2012 5167 et
2036 5110 2393 5182 permissione
2416 5106 2598 5162 divina
2630 5128 2643 5164 ;
2672 5112 2871 5168 Πάντα
2898 5116 2969 5169 τὰ
2997 5120 3303 5185 γενόμενα.

626 5207 859 5262 Ilomilia
882 5208 970 5263 LV
1000 5218 1189 5264 contra
1210 5211 1427 5264 inanem
1451 5207 1677 5279 gloriam
1702 5216 1982 5278 captantes
2008 5205 2063 5259 in
2089 5220 2185 5259 con

2213 5200 2447 5257 :ionibus
2474 5201 2541 5255 ad
2570 5206 2830 5273 populum
2858 5224 2980 5280 pag.
3011 5209 3134 5275 250,
3163 5210 3197 5264 b
3223 5229 3235 5263 :
3273 5211 3503 5267 Ἰστέον
3519 5208 3595 5263 ὅτι
3617 5205 3772 5271 τινές

546 5306 662 5358 εισι
691 5303 978 5369 νεώτεροι.

615 5393 846 5450 Ινίοιῐιὶιίίι
874 5392 986 5446 LVI
1014 5393 1080 5448 de
1107 5396 1326 5450 nomine
1358 5404 1413 5450 et
1441 5394 1617 5451 officio
1643 5394 1893 5449 monachi
1927 5410 2045 5464 pag.
2075 5392 2174 5447 254

1279 5412 1326 5450 Ie
1358 5404 1413 5450 el
1441 5394 1617 5451 ofﬁcio
1643 5394 1893 5449 monachi
1927 5410 2045 5464 pag.
2075 5392 2199 5456 254,
2225 5390 2260 5444 b
2288 5408 2300 5443 :
2334 5395 2391 5447 Τί
2406 5395 2534 5448 ἐστι
2554 5395 2838 5463 μονάζων.

616 5483 849 5538 Homilia
882 5483 1015 5539 LVII
1046 5483 1113 5538 de
1142 5485 1308 5539 variis
1335 5484 1572 5555 Spiritus
1599 5485 1771 5539 sancti
1802 5484 2175 5553 operationibu

1999 5484 2214 5545 ionibus
2234 5504 2356 5559 pag.
2393 5489 2518 5553 258,
2547 5489 2582 5543 b
2614 5504 2626 5538 :
2661 5486 2731 5542 Τὸ
2761 5489 2992 5557 πνεῦμα
3020 5491 3171 5545 ὅπου
3202 5490 3381 5553 θέλει,
3413 5489 3558 5543 πνεῖ.

616 5577 763 5643 Quae
789 5577 1017 5631 eandem
1043 5592 1165 5631 cum
1193 5578 1476 5647 impressis
1514 5580 1855 5643 methodum,
1886 5579 2116 5634 eandem
2159 5581 2464 5637 doctrinam
2502 5584 2795 5640 asceticam
2835 5586 3136 5651 continent,
3160 5597 3322 5657 atque
3362 5587 3416 5641 in
3443 5588 3556 5642 aliis
3585 5581 3774 5639 Homi-

546 5667 741 5724 iiarum
774 5668 1043 5722 eiusmodi
1081 5667 1229 5722 MSS.
1264 5671 1668 5740 exemplaribus
1689 5688 1799 5729 non
1832 5672 2204 5741 reperiuntur.

614 5759 869 5815 Adducor
898 5770 1078 5815 autem
1116 5761 1349 5817 maxime
1390 5772 1451 5817 ut
1493 5762 1731 5830 credam,
1775 5764 1873 5818 has
1913 5778 2103 5818 omnes
2128 5764 2389 5821 Homilias
2423 5778 2471 5821 et
2512 5768 2853 5833 Quaestiones
2889 5771 3135 5823 asceticas
3164 5782 3408 5840 spectare
3434 5771 3495 5827 ad
3526 5770 3768 5825 Marcum
