3948 6532
189 362 264 423 531
936 353 1025 409 DE
1068 354 1167 411 SS.
1201 355 1532 414 MACARllS
1569 358 1916 417 AEGYPTIO
1953 361 2043 416 ET
2082 364 2594 424 ALEXANDRINO.
3251 378 3359 437 582

178 489 385 543 Αεοεωω
413 487 498 527 Seu
520 470 968 540 Exercitatorem,
990 476 1085 544 qui
1110 476 1253 531 inter
1279 477 1576 533 monachos
1597 479 1901 536 Nitrienses
1926 472 2225 538 solitariam
2260 486 2427 540 vitam
2460 486 2635 553 duxit,
2673 498 2837 559 atque
2868 490 3087 547 Macarii
3112 494 3361 567 Aegyptii

177 575 368 639 iunioris
392 567 678 637 discipulus
711 569 834 631 fuit,
861 571 1042 625 clarus
1074 588 1221 627 anno
1251 573 1353 627 400
1378 589 1496 645 sqq.
1525 591 1699 644 usque
1732 577 1799 631 ad
1840 594 2041 633 annum
2069 581 2291 635 circiter
2325 582 2430 635 MO
2453 584 2539 637 vel
2567 584 2739 649 ultra;
2777 586 2843 640 de
2882 603 2992 656 quo
3029 588 3363 647 Sozomenus

172 672 250 726 lib.
281 665 338 720 Vl
367 678 473 731 cap.
502 660 588 724 29,
616 660 886 715 Palladius
918 662 1052 716 Hist.
1082 664 1243 717 Laus.
1269 681 1424 735 capp.
1453 667 1522 720 20
1541 676 1597 721 et
1626 668 1715 732 21,
1740 669 2082 739 Nieephorus
2124 672 2259 726 Hist.
2296 674 2439 729 Eccl.
2467 675 2564 729 lib.
2605 676 2725 732 XIV
2756 694 2874 746 cap.
2915 680 3000 734 54.
3038 682 3187 738 Vixit
3214 684 3363 739 enim

170 769 268 832 post
302 751 618 823 Pelagianam
655 751 927 806 haeresim
968 755 1155 808 multis
1198 757 1376 822 annis,
1414 759 1741 827 perveniens
1779 762 1847 815 ad
1883 763 2216 832 decrepitam
2258 781 2431 835 usque
2470 777 2722 834 aetatem,
2755 770 3001 841 obiitque
3047 776 3363 830 centenario

167 852 326 907 maior.
354 845 456 900 Nec
488 843 620 896 mihi
656 843 897 898 rationes
940 860 1037 899 seu
1066 847 1414 901 coniecturae
1454 849 1654 904 desunt
1681 869 1692 902 :
1720 851 1759 904 Ι.
1786 852 1904 921 lpsa
1939 852 2185 908 doctrina
2218 855 2524 925 Pelagiana,
2551 874 2715 927 quam
2756 862 2985 915 eandem
3024 880 3148 917 cum
3178 865 3360 920 Marco

168 942 479 1002 Exercitatore
504 951 727 1005 prorsus
760 937 944 993 habet.
988 940 1053 993 ll.
1081 940 1314 995 llomilia
1341 941 1581 997 XXXVII
1609 943 1686 996 De
1717 946 1965 1014 paradiso
2006 953 2055 998 et
2100 946 2210 1016 lege
2250 949 2517 1017 spirituali
2551 951 2785 1007 habetur
2838 955 3171 1012 verbotenus
3212 958 3359 1012 inter

162 1033 393 1106 Opuscula
431 1029 592 1083 Marci
637 1030 1046 1097 Exercitatoris,
1080 1036 1224 1089 unde
1269 1052 1379 1090 non
1429 1040 1546 1091 leve
1586 1039 1849 1093 indicium
1888 1048 1991 1101 est,
2026 1054 2243 1094 omnem
2286 1042 2427 1096 hanc
2472 1042 2830 1100 Homiliarum
2871 1050 3246 1105 collectionem
3288 1052 3356 1107 ad

161 1140 262 1180 eum
291 1119 571 1191 pertinere,
606 1118 839 1172 maxime
883 1138 1007 1175 cum
1056 1123 1324 1179 Macarius
1359 1125 1655 1195 Aegyptius
1695 1126 1863 1180 abbas
1900 1126 2063 1179 etiam
2104 1127 2286 1182 iunior
2320 1130 2388 1184 ad
2434 1140 2679 1202 tempora
2716 1137 3031 1208 Pelagianae
3068 1140 3359 1197 haereseos

158 1233 244 1271 non
264 1210 577 1283 pervenerit,
611 1211 707 1265 sed
733 1211 945 1264 Marcus
980 1211 1337 1276 Exercitator,
1372 1215 1465 1282 qui
1493 1230 1612 1268 eam
1646 1215 1851 1284 ubique
1878 1232 2106 1284 operum
2152 1219 2373 1287 sparsit.
2414 1219 2503 1274 Ill.
2534 1222 2717 1293 Stylus
2738 1228 3095 1283 Ilomiliarum
3126 1231 3353 1287 istarum

156 1309 363 1379 apprime
388 1304 639 1359 convenit
664 1319 789 1358 cum
814 1306 951 1375 stylo
978 1307 1142 1360 Marci
1167 1308 1580 1373 Exercitatoris,
1631 1310 1699 1364 de
1736 1326 1845 1380 quo
1872 1311 2121 1380 loquitur
2154 1312 2380 1369 Photius
2411 1314 2467 1369 in
2496 1314 2815 1373 Bibliotheca
2845 1321 2966 1375 cod.
2996 1322 3117 1375 200.
3148 1323 3355 1379 lV.Hae

154 1400 380 1455 Homiliae
424 1396 478 1450 S.
524 1396 743 1453 Macarii
787 1400 1035 1472 Aegyptii
1075 1403 1115 1456 L
1156 1412 1387 1472 possunt
1434 1409 1731 1461 convenire
1772 1422 1896 1461 cum
1924 1407 2012 1473 iis,
2051 1424 2192 1478 quae
2232 1409 2413 1465 Marco
2452 1411 2809 1470 Exercitatori
2845 1416 2882 1469 Ι.
2927 1416 2966 1469 l.
3011 1416 3355 1487 Nieephorus

152 1496 367 1552 Callistus
397 1493 610 1558 asserit,
643 1511 706 1548 ex
734 1495 902 1550 Marci
941 1498 1320 1553 Exercitatoris
1354 1500 1594 1570 operibus
1634 1502 1703 1554 ad
1733 1510 1961 1555 aetatem
1989 1520 2142 1557 suam
2182 1507 2475 1575 pervenisse
2502 1506 2656 1562 libros
2688 1517 2799 1562 octo
2822 1510 3198 1565 universalium
3230 1516 3355 1584 affe-

149 1591 341 1644 ctionum
376 1600 649 1638 numerum
685 1596 990 1657 aequantes,
1026 1597 1075 1641 et
1107 1588 1240 1643 alios
1283 1591 1502 1661 triginta
1535 1592 1663 1645 duos
1706 1591 1769 1645 de
1802 1608 1858 1644 re
1898 1594 2140 1648 ascetica.
2176 1595 2409 1650 Possunt
2437 1597 2585 1650 enim
2617 1598 2719 1655 hae
2750 1599 3014 1655 Homiliae
3046 1602 3088 1655 L
3120 1602 3222 1657 sub
3252 1620 3352 1657 no-

150 1688 267 1742 mine
305 1683 357 1738 S.
399 1682 619 1737 Macarii
651 1682 901 1755 Aegyptii
949 1687 1239 1757 complecti
1270 1686 1543 1757 Opuscula
1580 1687 1671 1742 illa
1711 1674 1995 1758 XL,'quae
2033 1689 2214 1744 Marco
2249 1691 2609 1746 Exercitatori
2639 1708 2670 1746 a
2696 1694 2976 1748 veteribus
3008 1694 3347 1753 tribuuntur.

145 1783 250 1837 Nam
280 1777 487 1849 plurimi
528 1777 769 1833 Marcum
801 1783 1161 1837 consulebant
1198 1784 1609 1852 quaestionibus
1652 1785 1923 1850 asceticis,
1957 1786 2157 1855 quibus
2199 1786 2287 1840 ille
2328 1788 2711 1856 responsiones
2742 1788 2925 1853 dabat,
2954 1799 3014 1844 ut
3044 1799 3255 1845 constat
3281 1807 3350 1846 ex

145 1872 346 1943 Epistula
384 1870 593 1925 Nicolai
635 1873 939 1939 cuiusdam,
972 1890 1078 1943 qua
1112 1876 1314 1945 gratias
1354 1877 1535 1930 Marco
1565 1876 1676 1946 agit
1717 1876 1787 1931 ob
1820 1887 2108 1947 praecepta
2141 1879 2262 1933 eius
2296 1879 2555 1933 salutaria
2583 1879 2684 1935 sibi
2719 1890 3049 1950 nuncupata.
3080 1880 3218 1937 Cum
3245 1899 3345 1938 au-

144 1980 227 2024 tem
253 1970 424 2038 plures
446 1984 611 2037 quam
639 1970 731 2023 XL
769 1970 897 2034 sint,
929 1971 1035 2025 hoc
1072 1972 1209 2025 nihil
1240 1972 1370 2026 facit
1407 1981 1596 2026 contra
1624 1972 1863 2026 Marcum
1890 1973 2340 2039 Exercitatorem,
2370 1974 2499 2042 quia
2544 1973 2725 2028 omnia
2774 1973 2945 2043 ipsius
2984 1990 3148 2046 opera
3186 1975 3346 2031 Nice-

139 2060 310 2129 phorus
338 2073 441 2111 non
473 2068 758 2114 assecutus
786 2061 983 2117 fuerat.
1028 2062 1167 2117 lluic
1205 2062 1437 2117 Macario
1465 2062 1730 2133 Aegyptio
1774 2062 1974 2117 seniori
2014 2062 2285 2133 Opuscula
2321 2064 2505 2118 omnia
2533 2064 2782 2119 Macariis
2813 2064 3047 2119 diversis
3079 2066 3344 2120 attributa

135 2154 360 2209 adscribit
392 2152 647 2225 imperite
677 2156 899 2210 omnino
924 2158 1157 2212 Joannes
1180 2157 1444 2228 Georgius
1476 2158 1702 2223 Pritius,
1730 2158 1824 2228 qui
1858 2174 1921 2212 ea
1950 2159 2173 2213 collecta
2204 2158 2363 2212 simul
2388 2158 2595 2212 edenda
2644 2173 2835 2228 graece
2861 2168 2917 2213 et
2939 2158 3105 2217 latine
3130 2160 3341 2215 curavit

134 2248 311 2317 Lipsiae
335 2263 382 2300 a.
414 2247 556 2301 1698
583 2255 638 2302 et
670 2248 805 2303 1699
838 2250 1001 2305 tomis
1038 2250 1253 2305 duobus
1294 2251 1430 2316 in-8,
1462 2251 1702 2321 itemque
1747 2267 1798 2305 a.
1840 2250 1975 2305 1709
2018 2266 2140 2305 cum
2186 2250 2608 2321 Prolegomenis.
2660 2250 2901 2319 Denique
2943 2250 3210 2307 Macarius
3251 2252 3343 2307 hic

131 2344 285 2397 senior
312 2341 511 2396 exactis
535 2344 594 2396 in
626 2342 919 2397 solitudine
954 2344 1230 2415 sexaginta
1258 2345 1407 2417 [Pag.
1426 2344 1551 2417 479]
1568 2346 1727 2399 annis
1754 2344 1891 2399 obiit
1921 2343 2339 2414 nonagenarius,
2374 2343 2661 2405 utvolunt,
2692 2358 2743 2395 a.
2765 2342 2861 2396 591
2886 2342 2974 2397 die
2999 2345 3043 2397 ll
3068 2344 3336 2399 Januarii.

181 2432 422 2486 Macarius
439 2433 604 2497 alter,
638 2432 823 2487 iunior
848 2434 1050 2503 passim
1070 2435 1269 2500 dictus,
1289 2435 1653 2491 Alexandriae
1681 2444 1861 2489 ortum
1885 2435 2061 2500 duxit,
2088 2436 2143 2489 in
2165 2451 2270 2504 qua
2290 2434 2600 2488 iunioribus
2624 2433 2780 2487 annis
2802 2434 3030 2489 bellaria
3046 2438 3335 2493 vendendo

126 2539 373 2599 quaestum
404 2529 727 2598 quaerebat,
754 2546 878 2585 cum
899 2531 1183 2600 superiore
1208 2532 1445 2587 Macario
1484 2531 1730 2587 eiusdem
1767 2531 1993 2586 Antonii
2017 2530 2341 2600 discipulus.
2370 2530 2512 2583 Nam
2541 2528 2677 2583 urbe
2709 2528 2872 2581 simul
2894 2529 3260 2584 Alexandrina
3282 2540 3339 2587 et

125 2631 217 2674 arte
250 2620 594 2684 renuntiatis,
634 2620 691 2674 in
731 2636 975 2676 eremum
993 2623 1325 2678 Nitriensem
1370 2624 1651 2688 secedens,
1689 2624 1860 2678 vitam
1906 2623 2260 2677 monasticam
2289 2621 2570 2690 amplexus
2597 2627 2699 2675 est.
2729 2625 2887 2674 Anno
2918 2622 3335 2693 quadragesimo

123 2712 289 2765 aetatis
320 2711 659 2780 baptismum
705 2715 966 2783 suscepit,
1014 2714 1215 2770 deinde
1262 2732 1521 2770 successu
1573 2725 1884 2784 temporum
1926 2713 2211 2784 presbyter
2245 2712 2421 2766 factus
2467 2720 2522 2765 et
2550 2711 2977 2765 archimandrita
3020 2713 3332 2769 Nitricnsis.

120 2808 387 2861 Arctiorem
418 2808 571 2861 vitae
599 2809 932 2863 monasticae
964 2810 1315 2879 disciplinam
1349 2818 1500 2864 tanto
1527 2809 1710 2864 studio
1740 2816 1982 2863 sectatus
2017 2816 2120 2871 est,
2157 2816 2217 2861 ut
2244 2822 2311 2860 ex
2348 2806 2515 2859 nimia
2542 2806 2684 2861 cutis
2710 2806 2966 2861 ariditate
2998 2808 3094 2877 pili
3130 2810 3335 2865 barbae

118 2899 158 2951 ci
190 2913 285 2950 non
310 2898 708 2963 succreverint,
753 2900 934 2969 inquit
960 2900 1297 2956 Sozomenus
1338 2902 1473 2955 Hist.
1515 2900 1661 2955 Eccl.
1693 2899 1789 2953 lib.
1838 2899 1908 2953 lll
1933 2914 2055 2967 cap.
2087 2898 2173 2952 14.
2211 2898 2477 2951 Macarius
2510 2912 2643 2950 vero
2690 2896 3113 2963 Alexandrinus,
3156 2900 3335 2970 inquit

116 2989 337 3043 Socrates
373 2988 510 3042 Hist.
563 2988 707 3044 Eccl.
754 2991 853 3045 lib.
896 2992 963 3048 IV
988 3007 1108 3062 cap.
1147 2993 1235 3055 25,
1273 3010 1398 3047 cum
1431 3008 1823 3063 usquequaque
1852 2992 2048 3046 similis
2083 2999 2228 3045 esset
2260 2989 2546 3059 Aegyptio,
2588 2988 2644 3041 in
2678 2988 2784 3042 hoc
2817 3004 2927 3042 uno
2956 2988 3329 3060 discrepabat,

115 3077 236 3143 quod
276 3076 462 3131 hilaris
508 3086 663 3132 esset
706 3094 835 3148 erga
874 3096 970 3137 eos
1005 3083 1099 3151 qui
1141 3083 1210 3136 ad
1255 3083 1433 3152 ipsum
1478 3089 1841 3146 accesserant,
1879 3090 1934 3136 et
1980 3080 2289 3135 urbanitate
2323 3068 2558 3149 quadam
2593 3080 2837 3134 iuniores
2885 3080 2952 3134 ad
2979 3081 3327 3151 disciplinam

112 3174 431 3226 monasticam
457 3174 727 3227 alliceret.
759 3174 893 3227 Mira
938 3174 1005 3226 de
1025 3174 1144 3227 eius
1168 3174 1483 3237 virtutibus,
1527 3173 1890 3236 abstinentia,
1933 3172 2213 3225 miraculis
2256 3170 2486 3240 patratis
2516 3178 2571 3224 et
2622 3169 2982 3226 daemonibus
3029 3188 3128 3242 per
3167 3174 3323 3229 illum

111 3264 324 3331 expulsis
368 3274 568 3318 narrat
604 3266 881 3320 Palladius
929 3265 1068 3319 Hist.
1128 3265 1289 3319 Laus.
1331 3282 1451 3335 cap.
1493 3265 1582 3330 20,
1636 3264 1703 3319 de
1732 3264 1933 3334 quibus
1982 3264 2281 3334 plurimum
2331 3262 2567 3331 ambigo,
2617 3262 2870 3329 quamvis
2894 3277 2961 3317 eo
2984 3262 3329 3318 familiariter

108 3365 325 3413 uteretur
353 3361 449 3429 qui
478 3368 753 3415 recenset.
786 3360 887 3415 llic
903 3376 1120 3430 quoque
1157 3376 1282 3415 cum
1303 3361 1536 3414 Macario
1566 3359 1831 3431 Aegyptio
1863 3358 2161 3413 virtutibus
2186 3366 2242 3411 et
2277 3356 2558 3410 miraculis
2591 3354 2823 3409 inferior
2843 3372 2954 3409 non
2986 3368 3149 3425 esset,
3178 3359 3327 3413 inter

106 3450 474 3505 ecclesiasticos
534 3467 757 3522 quoque
800 3452 1109 3523 Scriptores
1151 3452 1424 3506 recenseri
1460 3468 1491 3505 a
1537 3451 1822 3507 monachis
1864 3449 2073 3520 graecis
2100 3449 2500 3505 recentioribus
2526 3447 2737 3512 debuit,
2786 3462 2856 3501 ne
2889 3447 3139 3504 doctrina
3164 3451 3325 3507 alteri

102 3545 311 3599 cederet.
358 3548 612 3602 [labetur
667 3562 798 3617 ergo
825 3548 1098 3621 adscripta
1126 3551 1203 3603 illi
1247 3551 1413 3604 latine
1442 3547 1648 3619 Regula
1672 3549 1984 3611 monastica,
2015 3545 2163 3599 XXX
2197 3545 2450 3615 capitulis
2472 3540 2886 3610 comprehensa,
2928 3557 3091 3611 quam
3114 3544 3327 3612 primus

101 3638 246 3691 edidit
289 3640 485 3695 Petrus
519 3644 793 3701 Roverius
836 3645 1046 3700 Jesuita
1092 3645 1148 3698 in
1179 3644 1418 3699 Historia
1460 3642 1783 3697 monasterii
1826 3641 2215 3695 Rcomaeensis
2258 3656 2378 3710 pag.
2427 3640 2515 3693 24.
2556 3636 2908 3706 Eandemque
2942 3637 3117 3692 edidit
3144 3638 3323 3695 Lucas

98 3725 379 3783 llolstenius
429 3730 487 3783 in
521 3730 712 3785 Codice
743 3732 1069 3803 Regularum
1102 3733 1272 3786 Paris.
1306 3747 1356 3784 a.
1392 3730 1696 3784 16651η-ι1ο
1736 3728 1878 3798 apud
1930 3726 2266 3781 Ludovieum
2304 3728 2550 3781 Billaine.
2593 3728 2701 3782 Sed
2736 3744 2860 3782 cum
2906 3729 3145 3799 Regulae
3183 3731 3323 3787 istae

97 3820 225 3873 nullo
268 3822 589 3878 testimonio
627 3834 876 3881 veterum
907 3827 1067 3880 nixae
1118 3826 1247 3889 sint,
1292 3824 1546 3894 figmenta
1580 3823 1946 3877 recentiorum
1992 3820 2383 3874 monachorum
2412 3818 2669 3874 Graeciae
2699 3835 2731 3874 a
2778 3821 2912 3876 viris
2950 3821 3324 3891 prudentibus

92 3921 377 3968 censentur.
416 3917 613 3972 Edidit
656 3927 710 3973 et
738 3918 949 3974 Caveus
987 3921 1089 3974 sub
1119 3920 1361 3975 eiusdem
1390 3918 1607 3972 Macarii
1634 3916 1987 3971 Alexandrini
2018 3915 2238 3969 nomine
2270 3914 2587 3969 Sermonem
2616 3928 2682 3965 ex
2712 3912 2821 3967 MS.
2847 3913 3035 3968 codice
3064 3913 3322 3968 Paulinae

93 4000 361 4071 Lipsiensis
398 4008 785 4064 Bibliothecae
810 4011 1284 4074 absurdissimum,
1311 4024 1500 4081 graece
1546 4016 1603 4063 et
1634 4008 1821 4072 latine,
1852 4009 1908 4061 in
1960 4007 2094 4060 Hist.
2125 4006 2227 4059 Lit.
2272 4004 2489 4076 Scriptt.
2524 4002 2666 4059 Eccl.
2699 4002 2765 4056 ad
2796 4016 2846 4056 a.
2888 4001 2993 4056 575
3030 4018 3150 4073 pag.
3192 4004 3319 4058 208.

89 4092 306 4151 Eundem
332 4114 654 4154 sermonem
672 4102 836 4154 etiam
853 4116 1046 4171 graece
1088 4112 1143 4155 et
1167 4102 1330 4155 latine
1350 4101 1547 4154 iterum
1571 4114 1637 4153 ex
1677 4098 1869 4152 eodem
1898 4098 2006 4154 MS.
2036 4098 2223 4152 codice
2242 4097 2416 4151 edidit
2435 4098 2669 4152 Jacobus
2693 4097 2902 4153 Tollius
2924 4114 2975 4153 a.
3007 4098 3143 4154 1696
3180 4098 3325 4153 in-«l’

89 4184 296 4243 Traiecti
335 4192 402 4245 ad
445 4193 708 4247 Rhenum
732 4193 874 4263 apud
902 4192 1248 4247 Franciscum
1280 4192 1521 4245 llalmam
1554 4192 1606 4245 in
1634 4191 1931 4262 Insignibus
1971 4190 2243 4245 Itinerarii
2265 4189 2440 4242 Italici
2465 4206 2585 4260 pag.
2629 4189 2751 4254 192,
2786 4190 3040 4245 collatum
3078 4190 3144 4245 ad
3166 4190 3316 4245 MSS.

85 4278 279 4335 codices
318 4282 707 4338 Bibliothecae
749 4284 1043 4339 Caesareae
1077 4284 1223 4355 [Pag.
1262 4284 1385 4355 480]
1412 4283 1854 4338 Vindobonensis
1896 4298 1959 4337 ac
2006 4282 2342 4336 variantibus
2388 4282 2717 4337 lectionibus
2747 4282 2999 4337 ditatum.
3044 4283 3213 4339 Cuius
3251 4299 3321 4338 ex

82 4370 290 4427 lectione
320 4375 377 4428 in
409 4384 679 4445 promptu
708 4388 792 4429 est
824 4376 1125 4445 intelligere
1153 4375 1543 4445 impudentiam
1571 4383 1734 4444 atque
1768 4375 2127 4445 ignorantiam
2162 4389 2372 4437 eorum,
2393 4374 2487 4442 qui
2523 4374 2657 4428 tales
2686 4376 2912 4429 naenias
2943 4376 3314 4431 recentiorum

84 4469 367 4533 temporum
390 4467 649 4536 antiquis
681 4468 957 4523 Ecclesiae
1000 4466 1255 4521 Patribus
1286 4465 1606 4519 obtrudunt.
1639 4467 1886 4521 Mortuus
1928 4468 2129 4521 dicitur
2172 4465 2439 4520 Macarius
2479 4465 2881 4521 Alexandrinus
2922 4468 3069 4523 circa
3105 4485 3156 4522 a.
3187 4469 3313 4536 404,

81 4574 227 4616 annos
258 4564 460 4617 aetatis
506 4571 734 4617 centum
774 4564 1001 4626 habens,
1043 4564 1199 4618 cuius
1232 4563 1495 4617 memoria
1529 4563 1582 4618 in
1611 4563 1993 4635 Martyrologio
2017 4564 2262 4617 Romano
2293 4561 2382 4615 die
2411 4562 2504 4616 XV
2530 4564 2733 4618 mensis
2769 4563 3009 4618 Januarii
3043 4565 3241 4635 agitur.

136 4652 342 4709 Tertius
409 4655 711 4719 Macarius,
761 4655 924 4709 etiam
948 4656 1001 4709 S.
1050 4655 1271 4708 Antonii
1311 4655 1486 4725 Magni
1533 4655 1854 4726 discipulus,
1892 4656 2176 4709 amborum
2236 4654 2683 4723 praecedentium
2738 4657 3001 4724 aequalis,
3051 4657 3314 4712 Amathae

75 4744 255 4807 socius,
301 4746 372 4800 ab
399 4747 534 4801 aliis
557 4747 793 4811 duobus,
836 4748 1008 4801 altero
1034 4747 1317 4819 Aegyptio,
1366 4750 1540 4804 altero
1584 4749 1952 4805 Alexandrino
1996 4748 2345 4819 distinctus.”
2362 4750 2438 4803 De
2489 4748 2594 4802 hoc
2635 4747 2873 4802 Macario
2900 4750 3062 4804 tertio
3095 4750 3312 4808 abunde

73 4836 307 4893 l’ossinus
355 4841 414 4893 in
453 4840 853 4910 Prolegomenis
898 4841 963 4893 ad
1003 4839 1345 4894 Thcsaurum
1390 4841 1687 4896 asceticum
1718 4856 1869 4895 num.
1893 4840 1956 4895 V.
1994 4841 2061 4895 Vl
2101 4857 2242 4910 sqq.,
2275 4805 2369 4895 ubi
2405 4850 2552 4895 recte
2591 4849 2702 4895 tres
2734 4841 3014 4903 Macarios,
3051 4840 3107 4894 S.
3136 4842 3313 4897 Patris

69 4927 269 4982 Antonii
297 4930 635 5000 discipulos,
663 4931 969 5001 distinguit,
996 4946 1190 5001 nempe
1218 4932 1562 5004 Aegyptium,
1588 4934 1681 5002 qui
1727 4932 1915 5004 Scythi
1948 4932 2132 4986 sedem
2167 4932 2380 4996 habuit,
2416 4931 2865 4995 Alexandrinum,
2899 4931 2994 4999 qui
3035 4930 3089 4983 in
3122 4932 3310 4989 Celliis

68 5034 187 5088 quae
206 5021 257 5074 in
278 5021 455 5094 Libya
478 5032 633 5086 sunt,
661 5023 795 5077 locis
815 5023 974 5093 longe
992 5023 1325 5079 distantibus
1359 5038 1389 5077 a
1408 5024 1810 5089 Thebaide,ubi
1836 5024 2105 5079 Antonius
2134 5024 2382 5094 degebat.
2414 5023 2601 5093 Itaque
2633 5024 2687 5075 in
2709 5023 2987 5077 Thebaide
3009 5032 3126 5077 erat
3153 5040 3307 5079 mons

68 5110 293 5178 interior,
340 5115 438 5168 ubi
485 5113 644 5168 solus
689 5114 1010 5183 plerumque
1040 5115 1315 5169 residebat
1369 5116 1659 5181 Antonius,
1692 5123 1750 5170 et
1789 5130 1947 5169 mons
1984 5114 2246 5177 exterior,
2302 5115 2357 5167 in
2385 5129 2548 5183 quem
2584 5113 2815 5167 subinde
2848 5114 3213 5191 ,excurrebat,
3246 5127 3307 5172 ut

68 5204 358 5261 habitantes
421 5207 483 5260 in
534 5221 604 5261 eo
650 5222 776 5261 suos
814 5208 1109 5261 monachos
1152 5208 1433 5262 inviseret.
1483 5209 1541 5262 ln
1580 5226 1646 5263 eo
1720 5209 1810 5263 hic
1852 5210 2035 5262 tertius
2073 5207 2338 5261 Macarius
2397 5206 2690 5267 habitavit,
2748 5206 2850 5259 sub
2894 5206 3053 5259 cuius
3082 5209 3303 5264 nomine

64 5298 311 5369 Opuscula
333 5312 582 5372 septem,
620 5318 812 5371 nempe
840 5304 903 5355 de
917 5305 1151 5357 custodia
1187 5305 1355 5358 cordis
1381 5322 1500 5375 pag.
1534 5306 1618 5369 19,
1649 5306 1712 5358 de
1745 5305 2057 5375 perfectione
2076 5306 2131 5357 in
2156 5304 2346 5373 spiritu
2376 5318 2497 5371 pag.
2530 5302 2618 5365 47,
2642 5301 2705 5352 de
2727 5302 2964 5353 oratione
2994 5316 3116 5369 pag.
3135 5302 3305 5364 65,de

64 5394 293 5461 patientia
320 5403 369 5447 et
392 5396 714 5448 discretione
738 5412 857 5465 pag.
893 5396 980 5460 81,
1014 5397 1075 5449 de
1102 5397 1385 5451 elevatione
1410 5402 1594 5452 mentis
1625 5414 1746 5468 pag.
1782 5398 1901 5460 115,
1947 5397 2010 5449 de
2038 5397 2261 5448 caritate
2294 5410 2414 5463 pag.
2450 5394 2571 5457 141,
2604 5394 2666 5446 de
2688 5393 2929 5455 libertate
2958 5394 3143 5446 mentis
3177 5410 3297 5464 pag.

66 5479 145 5535 185
168 5484 336 5540 edidit
383 5487 599 5541 Petrus
622 5487 881 5542 Pessinus
924 5488 979 5540 in
1027 5488 1290 5542 Thesauro
1337 5491 1567 5544 Ascetico
1613 5506 1805 5561 graece
1830 5501 1886 5544 et
1929 5489 2099 5543 latine
2133 5488 2398 5557 impresso
2445 5486 2673 5541 Tolosae
2714 5485 2858 5537 inut"
2893 5502 2943 5540 a.
2980 5485 3115 5539 1684
3155 5484 3299 5555 apud

60 5566 385 5629 Guilielmum
412 5575 625 5630 Bosch.
666 5576 903 5631 Plurima
943 5578 1055 5631 illic
1097 5579 1151 5631 in
1200 5580 1606 5649 Prolegomenis
1634 5580 1701 5635 de
1730 5581 1833 5635 isto
1866 5580 2099 5634 Macario
2143 5578 2331 5641 tertio,
2372 5591 2537 5646 quem
2568 5576 2892 5646 Aegyptium
2928 5591 3146 5646 quoque
3171 5592 3297 5630 cum

57 5668 210 5729 primo
259 5670 413 5736 facit,
457 5682 521 5727 et
557 5672 645 5725 cui
690 5673 855 5726 etiam
897 5673 1155 5729 Homilias
1190 5678 1599 5748 quinquaginta,
1634 5694 1773 5748 quae
1802 5688 1982 5732 tamen
2003 5678 2165 5748 vulgo
2218 5676 2480 5748 Aegyptio
2505 5677 2708 5730 seniori
2744 5677 3145 5741 inscribuntur,
3168 5676 3298 5732 huic

58 5754 234 5814 iuniori
259 5763 496 5831 quidem
548 5771 605 5817 et
632 5765 793 5819 tertio
834 5767 1105 5822 attribuit.
1128 5767 1334 5825 Claruit
1364 5771 1556 5826 eodem
1584 5780 1828 5843 tempore
1856 5786 1965 5841 quo
1988 5770 2256 5827 Antonius
2286 5769 2471 5835 abbas,
2501 5770 2587 5823 cui
2620 5784 2669 5823 a.
2690 5768 2790 5823 557
2817 5769 3070 5823 morienti
3100 5768 3291 5822 adfuit.
