3948 6530
632 362 739 418 585
1869 340 2191 401 GUILIELM

2229 338 2289 394 IS
2354 334 2627 394 CAVEUS
3713 338 3788 395 38.;

630 475 847 529 Incerta
875 468 1041 542 igitur
1065 467 1251 525 omnia
1280 462 1577 536 Opuscula,
1612 472 1752 531 quae
1785 456 1963 511 tribus
1985 455 2073 509 his
2101 449 2351 508 Macariis
2376 449 2481 503 hoc
2502 445 2720 503 saeculo
2745 459 2774 499 a
2798 443 2977 500 doctis
2997 442 3133 498 viris
3170 440 3440 511 adscripta
3462 447 3597 505 sunt,
3614 456 3791 512 quorum

632 566 821 622 nullus
839 530 1086 620 ve‘ierum
1106 530 1437 616 mentionem
1462 554 1609 609 fecit.
1640 530 1717 606 De
1738 550 1826 603 his
1851 548 2028 602 tribus
2050 545 2162 615 agit
2187 542 2436 597 Macariis
2451 542 2646 596 Petrus
2664 536 2925 593 Possinus
2944 536 3000 590 in
3024 533 3410 604 Prolegomenis
3434 530 3501 584 ad
3526 531 3793 592 Thesaurum

634 656 967 721 Asceticum,
990 651 1312 709 Guillelmus
1325 646 1537 702 Caveus
1558 644 1613 697 in
1629 640 1767 695 Hist.
1800 638 1902 691 Lit.
1925 636 2061 692 Saec
2082 634 2150 689 Ν
2175 632 2246 688 ad
2265 647 2317 687 a.
2342 631 2447 687 573
2467 646 2591 702 pag.
2609 628 2734 695 207,
2764 626 2870 682 208
2894 634 2951 681 et
2967 625 3094 690 212,
3118 626 3254 680 Acta
3277 622 3613 679 Eruditorum
3636 624 3797 696 Lipsiae

635 768 686 807 a.
714 749 852 807 1685
875 762 1063 805 mense
1084 741 1380 802 Novembri
1398 754 1522 810 pag.
1546 736 1651 792 488
1676 733 1939 791 latissime
1965 731 2035 785 ad
2061 730 2185 786 491.

650 916 3787 976 ﬂ.W

1613 1095 2362 1191 GUILIELMUS
2439 1089 2891 1186 CAVEUS

1442 1295 1543 1353 DE
1580 1291 1680 1350 SS.
1719 1286 2059 1348 MACARIIS
2096 1281 2442 1341 AEGYPTIO
2472 1280 2565 1337 ET
2589 1277 3109 1336 ALEXANDRINO.

876 1456 1161 1527 [Guilielmi
1181 1456 1309 1507 Cave
1334 1453 1641 1515 Scriptorum
1666 1442 2114 1498 ecclesiasticarum
2134 1437 2351 1490 Historia
2381 1437 2616 1487 Literaria
2638 1435 2726 1486 Ed.
2758 1434 2906 1483 Basil.
2934 1430 3050 1481 1741
3074 1429 3159 1479 fol.
3180 1428 3239 1479 Τ.
3262 1426 3283 1476 Ι
3312 1442 3359 1491 p.
3383 1424 3625 1491 256-260.]

702 1722 1050 1780 MACARIUS
1080 1720 1266 1777 senior
1290 1718 1387 1792 (I),
1409 1719 1732 1789 cognomine
1763 1717 2008 1787 Magnus,
2033 1714 2193 1784 gente
2220 1707 2536 1777 Aegyptius,
2563 1718 2627 1758 ex
2661 1700 2941 1756 Thebaide
2957 1695 3235 1768 provincia
3264 1691 3551 1753 oriundus,
3578 1694 3815 1749 monachus

634 1818 929 1881 Scetensis,
981 1814 1155 1885 Magni
1211 1785 1433 1867 Antonii
1480 1785 1812 1881 discipulus,
1857 1785 2055 1863 claruit
2082 1804 2228 1859 circa
2259 1816 2307 1853 a.
2339 1800 2461 1852 575.
2498 1797 2673 1869 [Socr.
2714 1795 2810 1849 lib.
2852 1793 2917 1849 IV
2948 1807 3068 1861 cap.
3096 1789 3195 1853 2'5;
3225 1787 3350 1841 Soz.
3384 1785 3477 1840 lib.
3516 1785 3582 1839 lll
3615 1801 3715 1856 cap.
3742 1789 3816 1850 1i;

634 1909 966 1967 Theodoret.
991 1881 1090 1962 lib:
1120 1906 1189 1963 Ν
1217 1921 1337 1975 cap.
1372 1903 1487 1975 21.]
1528 1904 1585 1957 ln
1608 1905 1894 1975 juventute
1928 1900 2109 1954 adhuc
2131 1894 2465 1950 constitutus
2488 1888 2786 1944 virtutibus
2805 1902 2868 1941 ac
2892 1882 3273 1955 philoSOphico
3308 1886 3368 1933 et
3410 1887 3627 1931 austero
3650 1881 3818 1935 vivendi

632 2014 835 2071 genere
877 1999 953 2052 ita
1002 1996 1222 2061 enituit,
1257 1970 1319 2049 ut
1370 1970 1803 2065 παιδαριόγέρων
1840 2007 1871 2044 a
1915 1986 2199 2044 monachis
2247 1991 2561 2039 vocaretur.
2600 1981 2788 2035 Annos
2811 1986 2974 2032 natus
3034 1971 3399 2045 quadraginta
3443 1971 3516 2025 ad
3556 1970 3821 2041 presbyterii

634 2092 863 2166 gradum
919 2097 1145 2145 evectus
1195 2095 1299 2152 est,
1335 2094 1391 2141 et
1420 2086 1627 2141 exactis
1666 2086 1722 2139 in
1754 2083 2049 2139 solitudine
2084 2080 2242 2135 annis
2282 2076 2561 2146 sexaginta
2593 2075 2731 2129 obiit
2775 2072 3175 2143 nonagenarius
3220 2084 3383 2135 anno,
3414 2077 3477 2124 ut
3522 2069 3711 2135 volunt,
3733 2071 3821 2124 591.

634 2162 878 2238 Moribus
920 2189 1041 2235 erat
1074 2178 1412 2235 reverendus
1438 2177 1641 2246 pariter
1683 2190 1747 2229 ac
1789 2188 2015 2228 severus
2056 2186 2186 2241 erga
2224 2169 2348 2222 illos
2396 2167 2490 2236 qui
2513 2167 2691 2235 ipsum
2720 2163 2965 2218 adibant.
3006 2162 3282 2218 Miraculis
3303 2172 3360 2219 et
3386 2164 3669 2234 prophetia
3688 2165 3825 2219 clarus

637 2284 718 2331 tot
745 2275 958 2331 sanavit
985 2288 1198 2345 aegros,
1229 2279 1308 2326 tot
1339 2272 1592 2326 obsessos
1612 2286 1641 2325 a
1668 2267 2025 2324 daemonibus
2043 2265 2317 2329 liberavit,
2359 2271 2419 2317 ut
2445 2270 2583 2316 teste
2613 2260 2836 2316 Socrate
2866 2259 3128 2314 miracula
3162 2259 3232 2313 ab
3265 2275 3333 2315 eo
3368 2268 3584 2331 patrata
3610 2261 3827 2330 peculiare

634 2382 775 2439 Opus
799 2365 1098 2436 exigerent.
1134 2363 1209 2415 De
1246 2360 1313 2414 iis
1357 2360 1477 2415 fuse
1508 2360 1620 2431 agit
1651 2357 1927 2413 Palladius
1951 2355 2088 2409 Hist.
2124 2354 2289 2408 Laus.
2331 2366 2451 2420 cap.
2485 2349 2570 2403 19.

702 2464 939 2534 Scripsit”
962 2461 1222 2517 Homilies
1241 2454 1542 2530 spirituales
1570 2470 1599 2507 L
1624 2453 1685 2505 de
1714 2452 2014 2522 integritate
2030 2464 2163 2519 quae
2195 2447 2333 2499 decet
2367 2444 2711 2503 Christianos,
2730 2455 2870 2513 quae
2898 2441 2967 2497 ab
2979 2442 3162 2512 aliquo
3176 2440 3359 2497 forsan
3381 2443 3651 2512 sequioris
3676 2444 3827 2499 saeculi

636 2551 999 2630 interpolatae
1031 2564 1247 2612 exstant
1268 2571 1349 2625 gr.
1373 2550 1552 2607 Paris.
1583 2548 1738 2611 1559,
1767 2545 1843 2611 8°;
1871 2543 2069 2598 deinde
2098 2557 2231 2596 cura
2253 2539 2418 2593 Zach.
2453 2537 2723 2593 Palthenii
2770 2536 3105 2607 Francofurt.
3137 2535 3276 2591 1594
3298 2536 3359 2592 in
3390 2535 3466 2603 8°;
3503 2536 3723 2608 denique
3741 2555 3829 2594 cum

634 2628 906 2726 Operibus
932 2650 1179 2722 Gregorii
1212 2643 1603 2714 Thaumaturgi
1642 2641 1817 2695 Paris.
1848 2638 1983 2693 1622
2007 2638 2100 2691 fol.
2127 2636 2257 2707 Ejus
2285 2633 2451 2689 etiam
2475 2641 2604 2687 sunt
2625 2631 2899 2702 Opuscula
2921 2631 3013 2685 VII
3036 2628 3292 2685 videlicet
3311 2629 3374 2681 de
3397 2628 3647 2683 Custodia
3686 2634 3830 2695 cordis,

635 2718 700 2800 de
732 2718 1065 2814 Perfectione
1095 2742 1151 2794 in
1192 2740 1403 2810 spiritu,
1444 2736 1507 2789 de
1559 2732 1831 2796 Oratione,
1876 2730 1939 2782 de
1980 2726 2248 2780 Patientia
2294 2731 2343 2776 et
2380 2723 2724 2785 Discretione,
2765 2720 2829 2773 de
2866 2718 3179 2807 Elevatione
3230 2720 3440 2782 mentis,
3495 2719 3557 2773 de
3594 2718 3829 2781 Charitatc,

634 2844 699 2897 de
746 2842 1008 2896 Libertate
1049 2838 1256 2893 mentis.
1298 2835 1446 2889 Haec
1476 2830 1714 2886 eundem
1744 2841 1868 2881 cum
1928 2823 2290 2880 llomiliarum
2334 2830 2559 2874 auctore
2608 2825 2890 2887 parentem
2924 2795 3149 2879 habere,
3189 2814 3333 2869 idem
3378 2815 3555 2885 stylus
3589 2824 3641 2869 et
3668 2816 3831 2869 dicendi

635 2939 941 3000 character,
979 2935 1125 2989 idem
1164 2930 1465 3003 ingenium,
1496 2925 1689 2981 eadem
1717 2923 1972 2993 dogmata
1997 2919 2130 2973 satis
2159 2924 2414 2987 arguunt.
2437 2913 2711 2982 Opuscula
2742 2911 2877 2966 haec
2903 2924 3100 2981 graece
3141 2916 3197 2964 et
3224 2909 3391 2964 latine
3415 2909 3473 2963 in
3506 2909 3748 2963 Thesauro
3768 2926 3831 2962 no

634 3036 867 3091 Ascetico
898 3034 1091 3087 Petrus
1121 3028 1382 3084 Possinus
1406 3024 1530 3079 Soc.
1579 3022 1690 3077 Jes.
1712 3016 2133 3074 ediditTolosae
2160 3011 2318 3076 1684,
2344 3011 2420 3065 4ο.
2464 3008 2707 3064 Tandem
2742 3007 2925 3062 omnia
2965 3006 3184 3060 Macarii
3218 3020 3405 3075 opera,
3454 3015 3569 3059 tum
3603 3005 3832 3065 Homilias,

638 3142 755 3186 tum
797 3128 1075 3201 Opuscula
1119 3123 1349 3181 ascetica
1400 3129 1457 3175 et
1500 3116 1976 3189 Apophthegmata
2024 3110 2243 3180 collegit
2284 3117 2581 3178 et-graece
2620 3104 2783 3159 simul
2824 3118 2888 3157 ac
2926 3104 3093 3156 latine
3140 3101 3347 3165 edidit,
3388 3110 3600 3155 textum
3631 3115 3832 3169 graecum

638 3192 862 3287 revidit,
906 3220 1218 3276 versionem
1262 3214 1595 3278 emendavit,
1623 3222 1680 3267 et
1720 3217 1977 3280 excerpta
2016 3224 2085 3262 ex
2130 3205 2372 3262 Palladio
2408 3212 2466 3258 et
2492 3202 2755 3259 Cassiano
2783 3198 2994 3254 addidit
3016 3199 3099 3254 Jo.
3138 3194 3335 3264 Georg.
3358 3193 3570 3247 Pritius
3597 3192 3836 3262 Lipsiensis

636 3316 786 3387 Lips.
818 3312 979 3378 1608,
1008 3312 1062 3366 8°
1096 3308 1195 3383 (2).
1233 3306 1342 3362 Sed
1377 3312 1595 3376 praeter
1624 3302 1848 3372 scripta,
1892 3313 2032 3369 quae
2073 3297 2125 3351 ei
2152 3296 2315 3367 vulgo
2338 3293 2508 3347 tribui
2542 3292 2739 3357 solent,
2771 3290 3043 3344 habentur
3072 3303 3265 3358 graece
3290 3289 3443 3344 MSS.
3481 3288 3539 3341 in
3559 3287 3835 3342 Bibliotheca

638 3406 1053 3469 Vindobonensi
1094 3381 1197 3460 sub
1224 3404 1343 3474 ejus
1366 3400 1587 3454 nomine
1613 3396 1889 3468 Opuscula
1912 3394 2084 3458 varia,
2112 3407 2307 3463 nempe
2331 3389 2520 3461 Capita
2538 3389 2760 3442 ascetica
2790 3386 2911 3450 1'70,
2930 3384 3262 3455 metaphrasi
3290 3384 3565 3438 illustrata
3586 3397 3617 3435 a
3640 3381 3837 3436 Simeone

638 3506 982 3577 Logotheta;
1014 3501 1149 3558 Cod.
1195 3498 1363 3553 theol.
1399 3496 1521 3551 104.
1555 3494 1873 3549 Parenaesis
1920 3489 2142 3543 ascetica
2188 3484 2323 3539 Cod.
2351 3483 2452 3537 140
2478 3497 2633 3538 num.
2654 3481 2709 3546 '5,
2747 3478 2937 3551 Capita
2963 3480 3183 3533 ascetica
3218 3478 3319 3533 100
3341 3478 3480 3534 Cod.
3524 3479 3626 3533 179
3648 3493 3777 3532 num.
3800 3475 3835 3526 8.

636 3568 987 3649 DevCustodia
1008 3590 1178 3645 cordis
1201 3588 1389 3658 Capita
1414 3586 1482 3639 50
1498 3583 1632 3640 Cod.
1662 3582 1763 3638 192
1782 3595 1933 3634 num.
1959 3579 2045 3646 15,
2070 3576 2263 3647 Capita
2286 3575 2388 3629 170
2404 3574 2466 3627 de
2484 3574 2805 3643 Perfectione
2819 3570 3087 3644 spirituali
3104 3568 3239 3625 Cod.
3267 3570 3369 3624 192
3396 3586 3554 3625 num.
3584 3569 3667 3623 16.
3684 3568 3838 3620 Verum

638 3693 776 3749 haec
819 3690 1003 3745 omnia
1032 3686 1171 3742 nihil
1214 3686 1330 3740 fere
1362 3682 1514 3737 aliud
1542 3679 1827 3735 continent
1868 3692 2032 3746 quam
2074 3676 2168 3731 VII
2204 3674 2303 3729 illa
2336 3671 2599 3744 Opuscula
2638 3671 2883 3734 ascetica,
2929 3682 3070 3737 quae
3101 3666 3157 3720 in
3180 3668 3464 3723 Thesauro
3497 3684 3598 3723 suo
3624 3668 3773 3722 edidit
3797 3667 3834 3719 P.

638 3789 897 3845 Possinus
939 3785 1111 3840 Paris.
1154 3780 1309 3846 1684,
1332 3793 1582 3849 quaeque
1615 3775 1781 3831 tertio
1818 3774 2038 3829 cuidam
2082 3771 2318 3827 Macario
2350 3767 2644 3827 tribuenda
2673 3783 2794 3823 esse
2841 3764 3155 3833 contendit;
3210 3775 3362 3822 certe
3425 3767 3518 3821 vel
3564 3774 3756 3829 nostro,
3781 3762 3838 3815 rei

637 3883 877 3942 Macario
905 3878 1275 3935 Alexandrino
1303 3872 1654 3937 vindicanda,
1691 3872 1770 3927 uti
1808 3886 1935 3925 mox
1960 3868 2333 3925 ostendemus.

729 3975 1078 4035 MACARIUS
1108 3973 1412 4046 junior(3),
1442 3981 1498 4025 et
1527 3970 1643 4025 Ilo)
1659 3969 1824 4032 ιτικὸς
1855 3968 2058 4032 dictus,
2100 3966 2263 4021 domo
2303 3962 2726 4029 Alexandrinus,
2756 3962 2851 4017 ubi
2876 3969 3054 4017 aetate
3100 3958 3275 4031 prima
3315 3956 3550 4011 bellaria
3606 3950 3840 4008 vendendo

638 4079 926 4142 quaestum
956 4065 1267 4128 exercebat,
1294 4061 1519 4118 Antonii
1566 4058 1888 4128 discipulus,
1922 4056 2149 4112 alterius
2188 4052 2410 4109 Macarii
2444 4052 2739 4122 σύγχρονος
2769 4051 2931 4120 eique
2973 4062 3273 4121 superstes,
3314 4050 3454 4105 urbe
3478 4049 3642 4104 simul
3667 4062 3722 4100 ac
3758 4057 3839 4099 arte

640 4155 1071 4221 renunciatarin
1090 4167 1339 4209 eremum
1358 4148 1689 4205 Nitrienscm
1715 4144 1998 4208 secedens,
2022 4144 2190 4198 vitam
2222 4140 2580 4195 monasticam
2603 4140 2883 4210 amplexus
2905 4147 3007 4194 est.
3043 4139 3277 4212 [Socrat.
3302 4140 3339 4193 1.
3369 4139 3437 4194 Ν
3462 4155 3515 4193 c.
3542 4138 3613 4191 25
3637 4155 3649 4203 ;
3672 4136 3839 4191 Sozam.

639 4254 676 4307 l.
712 4254 779 4307 lll
806 4268 854 4307 c.
882 4251 969 4315 14;
1004 4246 1337 4302 Theodoret.
1368 4242 1495 4298 1.1V
1521 4258 1570 4296 c.
1605 4238 1719 4311 21].
1745 4238 1904 4293 Anno
1931 4240 2126 4293 aetatis
2150 4236 2568 4308 quadragesimo
2599 4235 2929 4306 baptismum
2953 4237 3213 4308 suscepit,
3247 4236 3373 4290 dein
3401 4237 3691 4308 presbyter
3712 4233 3840 4287 factus

640 4357 696 4403 et
720 4344 1145 4402 archimandrita
1170 4340 1478 4399 Nitriensis.
1508 4337 1656 4394 Obiit
1684 4334 2033 4392 centenarius
2072 4333 2218 4387 circa
2241 4348 2292 4387 a.
2327 4332 2447 4387 404.
2478 4332 2782 4387 Arctiorem
2812 4332 2957 4387 vitae
2987 4334 3319 4387 monasticae
3358 4332 3705 4404 disciplinam
3737 4341 3843 4383 tanto

641 4440 826 4497 studio
875 4437 1131 4499 excoluit,
1160 4444 1222 4488 ut
1247 4448 1316 4488 ex
1339 4431 1508 4485 nimia
1533 4429 1675 4484 cutis
1702 4428 1952 4482 ariditate
1977 4425 2073 4495 pili
2116 4424 2317 4479 barbae
2346 4423 2396 4479 ei
2424 4439 2536 4478 non
2570 4425 2967 4479 succrevcrint.
3003 4423 3229 4478 Interim
3260 4428 3315 4477 in
3355 4423 3462 4478 hoc
3489 4439 3603 4478 uno
3626 4423 3690 4475 ab
3715 4422 3843 4474 altero

641 4530 878 4587 Macario
908 4526 1272 4596 discrepabat,
1308 4522 1453 4593 quod
1481 4521 1639 4574 hilari
1668 4519 1848 4573 fronte
1883 4517 1955 4572 ad
1978 4517 2154 4586 ipsum
2185 4515 2541 4570 advenientes
2569 4515 2847 4585 exceperit
2879 4524 2935 4570 et
2957 4514 3138 4585 lepido
3169 4504 3421 4570 sermone
3452 4514 3755 4578 oblectarit,
3782 4529 3845 4564 ur-

641 4626 885 4682 banitate
914 4620 1147 4690 quadam
1174 4616 1423 4686 juniores
1464 4611 1531 4666 ad
1560 4610 1905 4679 disciplinam
1956 4605 2312 4660 monasticam
2345 4603 2612 4660 alliciens.
2638 4604 2775 4658 Mira
2801 4603 2868 4658 de
2892 4605 3010 4675 ejus
3044 4604 3363 4671 virtutibus,
3400 4607 3746 4669 abstinentia,
3772 4603 3844 4656 mi-

640 4715 845 4771 raculis
863 4710 1092 4783 patratis
1115 4718 1172 4762 et
1189 4704 1549 4762 daemonibus
1573 4703 1642 4757 ab
1661 4716 1727 4756 eo
1746 4699 1945 4771 fugatis
1968 4706 2154 4751 narrat
2175 4695 2470 4762 Palladius,
2499 4696 2594 4767 qui
2616 4712 2683 4752 eo
2700 4696 3042 4751 familiariter
3066 4698 3345 4762 utebatur,
3373 4698 3518 4751 llist.
3544 4697 3704 4752 Laus.
3725 4712 3765 4751 c.
3784 4693 3845 4746 ΞΟ.

639 4806 799 4876 Quod
855 4822 987 4860 vero
1032 4800 1272 4873 politicus
1328 4796 1636 4855 dicebatur,
1679 4789 1807 4845 inde
1850 4790 2055 4843 factum
2094 4796 2199 4851 est,
2237 4785 2384 4856 quod
2426 4802 2537 4841 non
2570 4787 2733 4842 modo
2758 4787 2812 4841 in
2858 4787 3155 4842 solitudine
3196 4789 3339 4843 inter
3379 4790 3682 4844 monachos
3704 4803 3846 4841 rem-

640 4915 814 4968 retur,
838 4902 933 4957 sed
957 4910 1014 4955 et
1034 4902 1089 4952 ἐν
1113 4900 1181 4967 τῇ
1194 4896 1367 4960 πόλει,
1386 4894 1422 4948 i.
1441 4906 1490 4946 e.
1524 4891 1578 4943 in
1602 4887 1725 4942 urbe
1741 4884 2066 4941 Alexandria
2084 4894 2266 4949 natus,
2293 4898 2543 4954 magnam
2559 4882 2702 4938 vitae
2724 4891 2933 4952 partem
2951 4883 3007 4938 in
3029 4884 3247 4954 publica
3270 4884 3559 4939 hominum
3580 4884 3849 4939 lucetrans-

639 4996 773 5069 egit.
799 4994 989 5048 Fuisse
1012 4989 1232 5045 scholae
1250 4985 1611 5041 catechesewv
1650 4978 2052 5034 Alexandrinae
2079 4975 2415 5047 praefectum
2443 4982 2675 5028 testatur
2701 4974 2987 5044 Philippus
3004 4975 3239 5031 Sidetes.
3263 4974 3418 5042 Quod
3435 4991 3573 5030 vero
3594 4990 3712 5029 cum
3727 4974 3849 5027 Petro

640 5090 865 5162 martyri
894 5088 952 5141 in
998 5086 1105 5139 hoc
1130 5096 1359 5138 munere
1394 5078 1725 5135 successisse
1756 5075 1969 5139 scribit,
1994 5088 2192 5128 vereor
2227 5082 2289 5127 ut
2320 5087 2390 5126 ne
2421 5070 2557 5126 illud
2592 5086 2717 5126 cum
2744 5069 3008 5141 temporis
3040 5072 3255 5127 ratione
3287 5082 3431 5127 stare
3468 5074 3665 5141 possit.
3691 5073 3851 5126 Demus

639 5184 1037 5247 enim,Petrum
1054 5175 1295 5232 scholam
1310 5189 1418 5228 una
1428 5187 1553 5227 cum
1572 5171 1888 5241 episc0patu
1903 5168 1971 5222 ad
1987 5166 2130 5221 vitae
2151 5179 2325 5235 usque
2348 5163 2511 5218 ﬁnem
2528 5162 2790 5227 tenuisse,
2810 5163 2954 5235 quod
2974 5173 3154 5219 tamen
3177 5179 3287 5217 non
3308 5174 3549 5229 constat,
3578 5177 3743 5232 neque
3754 5159 3851 5212 satis

640 5274 924 5351 probabile
940 5271 1180 5335 videtur,
1197 5283 1322 5323 cum
1345 5276 1557 5322 certum
1572 5265 1661 5328 sit,
1687 5264 1908 5318 Petrum
1931 5262 2223 5316 maximam
2263 5258 2612 5329 episcopatus
2632 5258 2715 5312 sui
2738 5266 2949 5329 partem
2970 5258 3072 5314 sub
3094 5259 3483 5330 persecutione
3511 5269 3573 5314 et
3599 5258 3653 5313 in
3673 5266 3853 5312 carcere

2159 5398 2412 5455 NOTAE.

714 5513 790 5581 (l)
816 5509 901 5566 Cf.
923 5506 1094 5581 Oadin
1134 5503 1306 5581 To_n_1._
1336 5504 1355 5558 Ι
1388 5501 1605 5581 Qui“;
1626 5498 1709 5553 Du
1749 5497 1848 5581 Pin
1881 5496 2023 5581 H‘iyst.
2058 5493 2202 5581 eccln.
2484 5488 2841 5581 genuo'Lips.
3055 5492 3109 5573 8ἶ

648 5554 1369 5650 γὸιῖ¹ιῑ³ιὶῗὲξέἱιτξξὲέιέῇ
1389 5554 1543 5650 sibi.
1567 5570 1761 5650 Graec.
1793 5567 1958 5650 uti.)
1983 5565 2205 5650 ευριπ-12
2320 5554 2461 5650 "(3)
2490 5554 2879 5650 angelicae?!
2919 5564 3218 5650 negares,
3238 5564 3373 5619 eccl.
3401 5561 3539 5650 γέ)ιὲ
3560 5559 3681 5650 ΣΠὲ
3696 5556 3755 5650 ad
3776 5554 3850 5650 si};

705 5621 1230 5729 ξξῆὸῖἣξζρῖἲρξῖ
1255 5621 1922 5729 ἷέὶῐξιξξιήοξέγξῇόῐ.ινιῃ
1954 5621 2207 5729 misr];
2314 5621 2545 5729 mox;
2568 5632 2893 5729 ξεινίηξξίυξ.
2922 5633 3015 5729 Gr.
3044 5633 3141 5729 lib;
3178 5634 3218 5714 v
3248 5649 3365 5705 cap.
3383 5630 3544 5729 (pug
3572 5629 3623 5729 εξ
3642 5629 3749 5729 Vol.
3784 5621 3853 5729 v1}

686 5691 2209 5776 titiniztz‘iitaa'rzsﬂaminaminimae;
2317 5720 2371 5776 η.
2414 5691 2543 5776 494ζ
2586 5702 2959 5776 [Ed._Harlcs.
2986 5706 3021 5761 1.
3065 5702 3161 5775 1.];
3204 5691 3333 5759 ueni
3381 5691 3544 5758 Bibi?
3580 5701 3776 5757 Eccles.
3801 5691 3853 5749 ad

646 5773 810 5863 mg.
856 5789 994 5844 Bibl.
1030 5802 1169 5841 sacr.
1204 5801 1258 5856 p.
1293 5784 1415 5839 859.
2320 5773 2560 5831 Cenaad.
2597 5790 2646 5829 c.
2680 5773 2764 5829 10.
