  <div class='ocr_page' id='page_1' title='image "/cluster/home/n/w/nwhite01/storage/ocr_20150623/34/hvd.32044019207760/204.png"; bbox 0 0 3948 6566; ppageno 0'>
   <div class='ocr_carea' id='block_1_1' title="bbox 152 453 3318 536">
    <p class='ocr_par' dir='ltr' id='par_1_1' title="bbox 152 453 3318 536">
     <span class='ocr_line' id='line_1_1' title="bbox 152 453 3318 536; baseline -0.004 -17"><span class='ocrx_word' id='word_1_1' title='bbox 152 478 232 536; x_wconf 74' lang='lat'><strong>535</strong></span> <span class='ocrx_word' id='word_1_2' title='bbox 791 518 812 536; x_wconf 51' lang='lat'><strong><em>.</em></strong></span> <span class='ocrx_word' id='word_1_3' title='bbox 892 461 978 517; x_wconf 88' lang='lat' dir='ltr'><strong>DE</strong></span> <span class='ocrx_word' id='word_1_4' title='bbox 1018 461 1112 516; x_wconf 81' lang='lat' dir='ltr'><strong>SS.</strong></span> <span class='ocrx_word' id='word_1_5' title='bbox 1155 459 1476 514; x_wconf 77' lang='lat' dir='ltr'><strong>MACARHS</strong></span> <span class='ocrx_word' id='word_1_6' title='bbox 1516 455 1853 512; x_wconf 75' lang='lat' dir='ltr'><strong>AEGYPTIO</strong></span> <span class='ocrx_word' id='word_1_7' title='bbox 1892 456 1978 509; x_wconf 82' lang='lat' dir='ltr'>ET</span> <span class='ocrx_word' id='word_1_8' title='bbox 2020 453 2527 510; x_wconf 73' lang='lat' dir='ltr'><strong>ALEXANDRINO.</strong></span> <span class='ocrx_word' id='word_1_9' title='bbox 3213 464 3318 521; x_wconf 77' lang='lat'><strong>536</strong></span> 
     </span>
    </p>
   </div>
   <div class='ocr_carea' id='block_1_2' title="bbox 150 576 3312 671">
    <p class='ocr_par' dir='ltr' id='par_1_2' title="bbox 150 576 3312 671">
     <span class='ocr_line' id='line_1_2' title="bbox 150 576 3312 671; baseline -0.001 -31"><span class='ocrx_word' id='word_1_10' title='bbox 150 600 314 671; x_wconf 59' lang='lat' dir='ltr'><strong>egisse;</strong></span> <span class='ocrx_word' id='word_1_11' title='bbox 344 594 458 642; x_wconf 88' lang='lat' dir='ltr'><strong>utut</strong></span> <span class='ocrx_word' id='word_1_12' title='bbox 476 583 567 649; x_wconf 86' lang='lat' dir='ltr'><strong>sit,</strong></span> <span class='ocrx_word' id='word_1_13' title='bbox 595 583 733 638; x_wconf 85' lang='lat' dir='ltr'><strong>obiit</strong></span> <span class='ocrx_word' id='word_1_14' title='bbox 753 583 796 638; x_wconf 90' lang='lat' dir='ltr'><strong>is</strong></span> <span class='ocrx_word' id='word_1_15' title='bbox 817 582 1076 652; x_wconf 73' lang='lat' dir='ltr'><strong>martyrio</strong></span> <span class='ocrx_word' id='word_1_16' title='bbox 1116 590 1403 636; x_wconf 88' lang='lat' dir='ltr'><strong>coronatus</strong></span> <span class='ocrx_word' id='word_1_17' title='bbox 1423 595 1565 633; x_wconf 89' lang='lat' dir='ltr'><strong>anno</strong></span> <span class='ocrx_word' id='word_1_18' title='bbox 1584 577 1706 631; x_wconf 67' lang='lat'><strong>309..</strong></span> <span class='ocrx_word' id='word_1_19' title='bbox 1725 578 1844 642; x_wconf 86' lang='lat' dir='ltr'><strong>Quo</strong></span> <span class='ocrx_word' id='word_1_20' title='bbox 1865 587 2103 646; x_wconf 89' lang='lat' dir='ltr'><strong>tempore.</strong></span> <span class='ocrx_word' id='word_1_21' title='bbox 2121 577 2413 642; x_wconf 86' lang='lat' dir='ltr'><strong>Macarium</strong></span> <span class='ocrx_word' id='word_1_22' title='bbox 2429 585 2674 629; x_wconf 89' lang='lat' dir='ltr'><strong>nostrum</strong></span> <span class='ocrx_word' id='word_1_23' title='bbox 2698 592 2826 631; x_wconf 75' lang='lat' dir='ltr'><strong>vere</strong></span> <span class='ocrx_word' id='word_1_24' title='bbox 2837 576 3006 634; x_wconf 86' lang='lat' dir='ltr'><strong>fuisse</strong></span> <span class='ocrx_word' id='word_1_25' title='bbox 3034 581 3312 650; x_wconf 89' lang='lat' dir='ltr'><strong>juniorem</strong></span> 
     </span>
    </p>
   </div>
   <div class='ocr_carea' id='block_1_3' title="bbox 149 667 3314 758">
    <p class='ocr_par' dir='ltr' id='par_1_3' title="bbox 149 667 3314 758">
     <span class='ocr_line' id='line_1_3' title="bbox 149 667 3314 758; baseline -0.005 -17"><span class='ocrx_word' id='word_1_26' title='bbox 149 667 324 758; x_wconf 70' lang='lat' dir='ltr'><strong>acpene</strong></span> <span class='ocrx_word' id='word_1_27' title='bbox 337 692 554 752; x_wconf 88' lang='lat' dir='ltr'><strong>puerum</strong></span> <span class='ocrx_word' id='word_1_28' title='bbox 587 691 808 731; x_wconf 88' lang='lat' dir='ltr'><strong>necesse</strong></span> <span class='ocrx_word' id='word_1_29' title='bbox 825 685 929 730; x_wconf 88' lang='lat' dir='ltr'><strong>est.</strong></span> <span class='ocrx_word' id='word_1_30' title='bbox 951 674 1407 741; x_wconf 83' lang='lat' dir='ltr'><strong>Quem&#39;Historiae</strong></span> <span class='ocrx_word' id='word_1_31' title='bbox 1431 670 1846 726; x_wconf 88' lang='lat' dir='ltr'><strong>Ecelesiasticae</strong></span> <span class='ocrx_word' id='word_1_32' title='bbox 1883 668 2196 725; x_wconf 90' lang='lat' dir='ltr'><strong>conditores</strong></span> <span class='ocrx_word' id='word_1_33' title='bbox 2248 669 2421 738; x_wconf 88' lang='lat' dir='ltr'><strong>Magni</strong></span> <span class='ocrx_word' id='word_1_34' title='bbox 2440 668 2658 722; x_wconf 77' lang='lat' dir='ltr'><strong>Antonii</strong></span> <span class='ocrx_word' id='word_1_35' title='bbox 2675 668 3002 739; x_wconf 81' lang='lat' dir='ltr'><strong>discipulum</strong></span> <span class='ocrx_word' id='word_1_36' title='bbox 3025 670 3172 743; x_wconf 87' lang='lat' dir='ltr'><strong>[Pag.</strong></span> <span class='ocrx_word' id='word_1_37' title='bbox 3190 667 3314 739; x_wconf 76' lang='lat'><strong>257]</strong></span> 
     </span>
    </p>
   </div>
   <div class='ocr_carea' id='block_1_4' title="bbox 149 760 3314 840">
    <p class='ocr_par' dir='ltr' id='par_1_4' title="bbox 149 760 3314 840">
     <span class='ocr_line' id='line_1_4' title="bbox 149 760 3314 840; baseline -0.005 -2"><span class='ocrx_word' id='word_1_38' title='bbox 149 782 330 840; x_wconf 82' lang='lat' dir='ltr'><strong>faciunt,</strong></span> <span class='ocrx_word' id='word_1_39' title='bbox 346 781 395 826; x_wconf 92' lang='lat' dir='ltr'><strong>et</strong></span> <span class='ocrx_word' id='word_1_40' title='bbox 412 767 710 824; x_wconf 88' lang='lat' dir='ltr'><strong>Constantii</strong></span> <span class='ocrx_word' id='word_1_41' title='bbox 741 767 1078 836; x_wconf 74' lang='lat' dir='ltr'><strong>temporibus</strong></span> <span class='ocrx_word' id='word_1_42' title='bbox 1111 765 1372 820; x_wconf 80' lang='lat' dir='ltr'><strong>claruisse</strong></span> <span class='ocrx_word' id='word_1_43' title='bbox 1399 764 1611 828; x_wconf 81' lang='lat' dir='ltr'><strong>volunt,</strong></span> <span class='ocrx_word' id='word_1_44' title='bbox 1637 764 1745 817; x_wconf 88' lang='lat' dir='ltr'><strong>imo</strong></span> <span class='ocrx_word' id='word_1_45' title='bbox 1768 777 2025 831; x_wconf 90' lang='lat' dir='ltr'><strong>quocum,</strong></span> <span class='ocrx_word' id='word_1_46' title='bbox 2061 771 2296 838; x_wconf 87' lang='lat' dir='ltr'><strong>exeunte</strong></span> <span class='ocrx_word' id='word_1_47' title='bbox 2350 762 2454 815; x_wconf 90' lang='lat' dir='ltr'><strong>hoc</strong></span> <span class='ocrx_word' id='word_1_48' title='bbox 2477 760 2713 825; x_wconf 87' lang='lat' dir='ltr'><strong>saeculo,</strong></span> <span class='ocrx_word' id='word_1_49' title='bbox 2765 777 2864 832; x_wconf 89' lang='lat' dir='ltr'><strong>per</strong></span> <span class='ocrx_word' id='word_1_50' title='bbox 2916 762 3213 820; x_wconf 78' lang='lat' dir='ltr'><strong>triennium</strong></span> <span class='ocrx_word' id='word_1_51' title='bbox 3259 767 3314 822; x_wconf 93' lang='lat' dir='ltr'><strong>in</strong></span> 
     </span>
    </p>
   </div>
   <div class='ocr_carea' id='block_1_5' title="bbox 145 848 3318 933">
    <p class='ocr_par' dir='ltr' id='par_1_5' title="bbox 145 848 3318 933">
     <span class='ocr_line' id='line_1_5' title="bbox 145 848 3318 933; baseline -0.003 -13"><span class='ocrx_word' id='word_1_52' title='bbox 145 866 388 933; x_wconf 68' lang='lat' dir='ltr'><strong>solitudine</strong></span> <span class='ocrx_word' id='word_1_53' title='bbox 421 861 555 914; x_wconf 80' lang='lat' dir='ltr'><strong>vixit</strong></span> <span class='ocrx_word' id='word_1_54' title='bbox 576 857 845 914; x_wconf 88' lang='lat' dir='ltr'><strong>Palladius</strong></span> <span class='ocrx_word' id='word_1_55' title='bbox 877 856 1036 928; x_wconf 82' lang='lat' dir='ltr'><strong>[Hist.</strong></span> <span class='ocrx_word' id='word_1_56' title='bbox 1078 855 1323 909; x_wconf 89' lang='lat' dir='ltr'><strong>Lausiac.</strong></span> <span class='ocrx_word' id='word_1_57' title='bbox 1361 868 1409 906; x_wconf 90' lang='lat' dir='ltr'><strong>c.</strong></span> <span class='ocrx_word' id='word_1_58' title='bbox 1438 852 1506 906; x_wconf 72' lang='lat'><strong>20</strong></span> <span class='ocrx_word' id='word_1_59' title='bbox 1554 868 1605 922; x_wconf 91' lang='lat' dir='ltr'><strong>p.</strong></span> <span class='ocrx_word' id='word_1_60' title='bbox 1638 850 1781 922; x_wconf 66' lang='lat'><strong>924].</strong></span> <span class='ocrx_word' id='word_1_61' title='bbox 1814 851 1921 904; x_wconf 94' lang='lat' dir='ltr'><strong>Aut</strong></span> <span class='ocrx_word' id='word_1_62' title='bbox 1941 851 2106 920; x_wconf 84' lang='lat' dir='ltr'><strong>igitur</strong></span> <span class='ocrx_word' id='word_1_63' title='bbox 2126 849 2342 920; x_wconf 82' lang='lat' dir='ltr'><strong>juvenis</strong></span> <span class='ocrx_word' id='word_1_64' title='bbox 2366 848 2657 904; x_wconf 87' lang='lat' dir='ltr'><strong>admodum</strong></span> <span class='ocrx_word' id='word_1_65' title='bbox 2679 866 2878 907; x_wconf 89' lang='lat' dir='ltr'><strong>munus</strong></span> <span class='ocrx_word' id='word_1_66' title='bbox 2900 851 3006 908; x_wconf 88' lang='lat' dir='ltr'><strong>hoc</strong></span> <span class='ocrx_word' id='word_1_67' title='bbox 3029 854 3318 912; x_wconf 82' lang='lat' dir='ltr'><strong>scholasti-</strong></span> 
     </span>
    </p>
   </div>
   <div class='ocr_carea' id='block_1_6' title="bbox 146 946 3324 1025">
    <p class='ocr_par' dir='ltr' id='par_1_6' title="bbox 146 946 3324 1025">
     <span class='ocr_line' id='line_1_6' title="bbox 146 946 3324 1025; baseline -0.002 -10"><span class='ocrx_word' id='word_1_68' title='bbox 146 983 242 1025; x_wconf 77' lang='lat' dir='ltr'><strong>cum</strong></span> <span class='ocrx_word' id='word_1_69' title='bbox 262 960 386 1022; x_wconf 90' lang='lat' dir='ltr'><strong>iniit,</strong></span> <span class='ocrx_word' id='word_1_70' title='bbox 408 963 502 1010; x_wconf 88' lang='lat' dir='ltr'><strong>aut</strong></span> <span class='ocrx_word' id='word_1_71' title='bbox 545 962 668 1025; x_wconf 87' lang='lat' dir='ltr'><strong>post</strong></span> <span class='ocrx_word' id='word_1_72' title='bbox 690 955 836 1008; x_wconf 88' lang='lat' dir='ltr'><strong>Petri</strong></span> <span class='ocrx_word' id='word_1_73' title='bbox 873 954 1195 1025; x_wconf 83' lang='lat' dir='ltr'><strong>martyrium</strong></span> <span class='ocrx_word' id='word_1_74' title='bbox 1232 951 1415 1006; x_wconf 90' lang='lat' dir='ltr'><strong>schola</strong></span> <span class='ocrx_word' id='word_1_75' title='bbox 1476 950 1769 1013; x_wconf 80' lang='lat' dir='ltr'><strong>vacaverit,</strong></span> <span class='ocrx_word' id='word_1_76' title='bbox 1793 957 1906 1012; x_wconf 90' lang='lat' dir='ltr'><strong>aut,</strong></span> <span class='ocrx_word' id='word_1_77' title='bbox 1934 947 2080 1016; x_wconf 91' lang='lat' dir='ltr'><strong>quod</strong></span> <span class='ocrx_word' id='word_1_78' title='bbox 2106 948 2289 1016; x_wconf 83' lang='lat' dir='ltr'><strong>potius</strong></span> <span class='ocrx_word' id='word_1_79' title='bbox 2326 946 2586 1016; x_wconf 89' lang='lat' dir='ltr'><strong>suspicari</strong></span> <span class='ocrx_word' id='word_1_80' title='bbox 2609 948 2758 1014; x_wconf 88' lang='lat' dir='ltr'><strong>licet,</strong></span> <span class='ocrx_word' id='word_1_81' title='bbox 2783 949 2923 1003; x_wconf 92' lang='lat' dir='ltr'><strong>alius</strong></span> <span class='ocrx_word' id='word_1_82' title='bbox 2947 951 3070 1020; x_wconf 89' lang='lat' dir='ltr'><strong>quis</strong></span> <span class='ocrx_word' id='word_1_83' title='bbox 3100 953 3324 1010; x_wconf 82' lang='lat' dir='ltr'><strong>scholae</strong></span> 
     </span>
    </p>
   </div>
   <div class='ocr_carea' id='block_1_7' title="bbox 143 1044 3318 1132">
    <p class='ocr_par' dir='ltr' id='par_1_7' title="bbox 143 1044 3318 1132">
     <span class='ocr_line' id='line_1_7' title="bbox 143 1044 3318 1132; baseline -0.002 -24"><span class='ocrx_word' id='word_1_84' title='bbox 143 1061 358 1132; x_wconf 58' lang='lat' dir='ltr'><strong>magister</strong></span> <span class='ocrx_word' id='word_1_85' title='bbox 394 1052 746 1107; x_wconf 82' lang='lat' dir='ltr'><strong>intervenerit</strong></span> <span class='ocrx_word' id='word_1_86' title='bbox 769 1066 800 1104; x_wconf 90' lang='lat' dir='ltr'><strong>a</strong></span> <span class='ocrx_word' id='word_1_87' title='bbox 830 1050 1080 1121; x_wconf 89' lang='lat' dir='ltr'><strong>Philippo</strong></span> <span class='ocrx_word' id='word_1_88' title='bbox 1105 1049 1450 1120; x_wconf 88' lang='lat' dir='ltr'><strong>praeteritus.</strong></span> <span class='ocrx_word' id='word_1_89' title='bbox 1482 1047 1672 1101; x_wconf 87' lang='lat' dir='ltr'><strong>Nullos</strong></span> <span class='ocrx_word' id='word_1_90' title='bbox 1701 1045 1848 1101; x_wconf 91' lang='lat' dir='ltr'><strong>enim</strong></span> <span class='ocrx_word' id='word_1_91' title='bbox 1894 1045 2031 1098; x_wconf 92' lang='lat' dir='ltr'><strong>alios</strong></span> <span class='ocrx_word' id='word_1_92' title='bbox 2085 1060 2115 1098; x_wconf 94' lang='lat' dir='ltr'><strong>a</strong></span> <span class='ocrx_word' id='word_1_93' title='bbox 2148 1045 2293 1097; x_wconf 89' lang='lat' dir='ltr'><strong>Petri</strong></span> <span class='ocrx_word' id='word_1_94' title='bbox 2319 1052 2512 1113; x_wconf 87' lang='lat' dir='ltr'><strong>morte,</strong></span> <span class='ocrx_word' id='word_1_95' title='bbox 2565 1052 2780 1111; x_wconf 90' lang='lat' dir='ltr'><strong>praeter</strong></span> <span class='ocrx_word' id='word_1_96' title='bbox 2835 1044 3128 1100; x_wconf 86' lang='lat' dir='ltr'><strong>Macarium</strong></span> <span class='ocrx_word' id='word_1_97' title='bbox 3152 1046 3318 1120; x_wconf 80' lang='lat' dir='ltr'><strong>Didy—</strong></span> 
     </span>
    </p>
   </div>
   <div class='ocr_carea' id='block_1_8' title="bbox 145 1139 3318 1218">
    <p class='ocr_par' dir='ltr' id='par_1_8' title="bbox 145 1139 3318 1218">
     <span class='ocr_line' id='line_1_8' title="bbox 145 1139 3318 1218; baseline -0 -18"><span class='ocrx_word' id='word_1_98' title='bbox 145 1167 284 1216; x_wconf 80' lang='grc' dir='ltr'><strong>ιιιιιω,</strong></span> <span class='ocrx_word' id='word_1_99' title='bbox 315 1161 406 1218; x_wconf 91' lang='lat' dir='ltr'><strong>per</strong></span> <span class='ocrx_word' id='word_1_100' title='bbox 436 1145 707 1212; x_wconf 90' lang='lat' dir='ltr'><strong>integrum</strong></span> <span class='ocrx_word' id='word_1_101' title='bbox 742 1160 913 1214; x_wconf 88' lang='lat' dir='ltr'><strong>paene</strong></span> <span class='ocrx_word' id='word_1_102' title='bbox 945 1145 1048 1200; x_wconf 90' lang='lat' dir='ltr'><strong>hoc</strong></span> <span class='ocrx_word' id='word_1_103' title='bbox 1075 1146 1352 1200; x_wconf 90' lang='lat' dir='ltr'><strong>saeculum</strong></span> <span class='ocrx_word' id='word_1_104' title='bbox 1395 1145 1560 1215; x_wconf 87' lang='lat' dir='ltr'><strong>hujus</strong></span> <span class='ocrx_word' id='word_1_105' title='bbox 1584 1143 1802 1196; x_wconf 86' lang='lat' dir='ltr'><strong>scholae</strong></span> <span class='ocrx_word' id='word_1_106' title='bbox 1839 1150 2224 1212; x_wconf 88' lang='lat' dir='ltr'><strong>praeceptores</strong></span> <span class='ocrx_word' id='word_1_107' title='bbox 2247 1139 2486 1194; x_wconf 82' lang='lat' dir='ltr'><strong>exhibet.</strong></span> <span class='ocrx_word' id='word_1_108' title='bbox 2516 1139 2646 1193; x_wconf 88' lang='lat' dir='ltr'><strong>Erat</strong></span> <span class='ocrx_word' id='word_1_109' title='bbox 2684 1147 2740 1194; x_wconf 89' lang='lat' dir='ltr'><strong>et</strong></span> <span class='ocrx_word' id='word_1_110' title='bbox 2761 1139 2900 1195; x_wconf 84' lang='lat' dir='ltr'><strong>alter</strong></span> <span class='ocrx_word' id='word_1_111' title='bbox 2925 1141 3189 1199; x_wconf 86' lang='lat' dir='ltr'><strong>Macarius</strong></span> <span class='ocrx_word' id='word_1_112' title='bbox 3209 1143 3318 1200; x_wconf 88' lang='lat' dir='ltr'><strong>Ae-</strong></span> 
     </span>
    </p>
   </div>
   <div class='ocr_carea' id='block_1_9' title="bbox 141 1235 3325 1324">
    <p class='ocr_par' dir='ltr' id='par_1_9' title="bbox 141 1235 3325 1324">
     <span class='ocr_line' id='line_1_9' title="bbox 141 1235 3325 1324; baseline -0.001 -23"><span class='ocrx_word' id='word_1_113' title='bbox 141 1250 338 1324; x_wconf 77' lang='lat' dir='ltr'><strong>gyplius,</strong></span> <span class='ocrx_word' id='word_1_114' title='bbox 365 1241 547 1297; x_wconf 81' lang='lat' dir='ltr'><strong>Senior</strong></span> <span class='ocrx_word' id='word_1_115' title='bbox 571 1241 770 1305; x_wconf 90' lang='lat' dir='ltr'><strong>dictus,</strong></span> <span class='ocrx_word' id='word_1_116' title='bbox 796 1240 862 1296; x_wconf 92' lang='lat' dir='ltr'><strong>de</strong></span> <span class='ocrx_word' id='word_1_117' title='bbox 883 1259 991 1312; x_wconf 89' lang='lat' dir='ltr'><strong>quo</strong></span> <span class='ocrx_word' id='word_1_118' title='bbox 1032 1259 1129 1297; x_wconf 91' lang='lat' dir='ltr'><strong>nos</strong></span> <span class='ocrx_word' id='word_1_119' title='bbox 1153 1243 1304 1296; x_wconf 87' lang='lat' dir='ltr'><strong>alibi.</strong></span> <span class='ocrx_word' id='word_1_120' title='bbox 1331 1239 1473 1307; x_wconf 92' lang='lat' dir='ltr'><strong>Quin</strong></span> <span class='ocrx_word' id='word_1_121' title='bbox 1495 1249 1552 1294; x_wconf 87' lang='lat' dir='ltr'><strong>et</strong></span> <span class='ocrx_word' id='word_1_122' title='bbox 1584 1239 1826 1302; x_wconf 91' lang='lat' dir='ltr'><strong>tertium,</strong></span> <span class='ocrx_word' id='word_1_123' title='bbox 1851 1237 2075 1292; x_wconf 86' lang='lat' dir='ltr'><strong>Antonii</strong></span> <span class='ocrx_word' id='word_1_124' title='bbox 2095 1237 2259 1290; x_wconf 89' lang='lat' dir='ltr'><strong>etiam</strong></span> <span class='ocrx_word' id='word_1_125' title='bbox 2290 1235 2619 1304; x_wconf 90' lang='lat' dir='ltr'><strong>discipulum</strong></span> <span class='ocrx_word' id='word_1_126' title='bbox 2642 1242 2698 1289; x_wconf 91' lang='lat' dir='ltr'><strong>et</strong></span> <span class='ocrx_word' id='word_1_127' title='bbox 2728 1235 3004 1301; x_wconf 89' lang='lat' dir='ltr'><strong>comitem,</strong></span> <span class='ocrx_word' id='word_1_128' title='bbox 3054 1239 3325 1298; x_wconf 86' lang='lat' dir='ltr'><strong>Amathae</strong></span> 
     </span>
    </p>
   </div>
   <div class='ocr_carea' id='block_1_10' title="bbox 139 1312 3322 1406">
    <p class='ocr_par' dir='ltr' id='par_1_10' title="bbox 139 1312 3322 1406">
     <span class='ocr_line' id='line_1_10' title="bbox 139 1312 3322 1406; baseline 0.008 -12"><span class='ocrx_word' id='word_1_129' title='bbox 139 1312 330 1402; x_wconf 57' lang='lat' dir='ltr'><strong>gacium,</strong></span> <span class='ocrx_word' id='word_1_130' title='bbox 354 1335 513 1390; x_wconf 89' lang='lat' dir='ltr'><strong>nobis</strong></span> <span class='ocrx_word' id='word_1_131' title='bbox 544 1337 842 1406; x_wconf 84' lang='lat' dir='ltr'><strong>exsculpsit</strong></span> <span class='ocrx_word' id='word_1_132' title='bbox 875 1337 1070 1391; x_wconf 89' lang='lat' dir='ltr'><strong>Petrus</strong></span> <span class='ocrx_word' id='word_1_133' title='bbox 1103 1334 1362 1390; x_wconf 90' lang='lat' dir='ltr'><strong>Possinus</strong></span> <span class='ocrx_word' id='word_1_134' title='bbox 1390 1332 1621 1404; x_wconf 82' lang='lat' dir='ltr'><strong>[Proleg.</strong></span> <span class='ocrx_word' id='word_1_135' title='bbox 1657 1331 1714 1384; x_wconf 89' lang='lat' dir='ltr'><strong>in</strong></span> <span class='ocrx_word' id='word_1_136' title='bbox 1751 1330 1916 1384; x_wconf 89' lang='lat' dir='ltr'><strong>Thes.</strong></span> <span class='ocrx_word' id='word_1_137' title='bbox 1945 1327 2173 1399; x_wconf 58' lang='lat' dir='ltr'><strong>AsceLi,</strong></span> <span class='ocrx_word' id='word_1_138' title='bbox 2204 1328 2293 1381; x_wconf 69' lang='grc' dir='ltr'><strong>συί</strong></span> <span class='ocrx_word' id='word_1_139' title='bbox 2315 1326 2480 1380; x_wconf 56' lang='lat' dir='ltr'><strong>etiam</strong></span> <span class='ocrx_word' id='word_1_140' title='bbox 2511 1325 2551 1378; x_wconf 76' lang='lat' dir='ltr'><strong>L</strong></span> <span class='ocrx_word' id='word_1_141' title='bbox 2581 1324 2825 1379; x_wconf 56' lang='lat' dir='ltr'><strong>hamum“</strong></span> <span class='ocrx_word' id='word_1_142' title='bbox 2851 1341 2882 1379; x_wconf 70' lang='grc'><strong>³</strong></span> <span class='ocrx_word' id='word_1_143' title='bbox 2911 1325 3034 1381; x_wconf 57' lang='lat' dir='ltr'><strong>Pico</strong></span> <span class='ocrx_word' id='word_1_144' title='bbox 3078 1333 3322 1399; x_wconf 62' lang='lat' dir='ltr'><strong>primum</strong></span> 
     </span>
    </p>
   </div>
   <div class='ocr_carea' id='block_1_11' title="bbox 139 1418 3324 1500">
    <p class='ocr_par' dir='ltr' id='par_1_11' title="bbox 139 1418 3324 1500">
     <span class='ocr_line' id='line_1_11' title="bbox 139 1418 3324 1500; baseline -0.004 -5"><span class='ocrx_word' id='word_1_145' title='bbox 139 1441 302 1500; x_wconf 85' lang='lat' dir='ltr'><strong>editas,</strong></span> <span class='ocrx_word' id='word_1_146' title='bbox 322 1431 482 1487; x_wconf 73' lang='lat' dir='ltr'><strong>etVll</strong></span> <span class='ocrx_word' id='word_1_147' title='bbox 521 1431 793 1500; x_wconf 89' lang='lat' dir='ltr'><strong>Opuscula</strong></span> <span class='ocrx_word' id='word_1_148' title='bbox 826 1445 856 1484; x_wconf 92' lang='lat' dir='ltr'><strong>a</strong></span> <span class='ocrx_word' id='word_1_149' title='bbox 885 1445 944 1485; x_wconf 88' lang='lat' dir='ltr'><strong>se</strong></span> <span class='ocrx_word' id='word_1_150' title='bbox 995 1431 1048 1484; x_wconf 93' lang='lat' dir='ltr'><strong>in</strong></span> <span class='ocrx_word' id='word_1_151' title='bbox 1076 1430 1252 1484; x_wconf 87' lang='lat' dir='ltr'><strong>lucem</strong></span> <span class='ocrx_word' id='word_1_152' title='bbox 1304 1429 1521 1492; x_wconf 90' lang='lat' dir='ltr'><strong>emissa,</strong></span> <span class='ocrx_word' id='word_1_153' title='bbox 1548 1426 1908 1496; x_wconf 89' lang='lat' dir='ltr'><strong>adjudicanda</strong></span> <span class='ocrx_word' id='word_1_154' title='bbox 1928 1433 2132 1479; x_wconf 89' lang='lat' dir='ltr'><strong>censet.</strong></span> <span class='ocrx_word' id='word_1_155' title='bbox 2181 1423 2249 1477; x_wconf 88' lang='lat' dir='ltr'><strong>Et</strong></span> <span class='ocrx_word' id='word_1_156' title='bbox 2284 1423 2338 1476; x_wconf 93' lang='lat' dir='ltr'><strong>in</strong></span> <span class='ocrx_word' id='word_1_157' title='bbox 2379 1421 2481 1476; x_wconf 89' lang='lat' dir='ltr'><strong>hac</strong></span> <span class='ocrx_word' id='word_1_158' title='bbox 2506 1418 2728 1490; x_wconf 87' lang='lat' dir='ltr'><strong>quidem</strong></span> <span class='ocrx_word' id='word_1_159' title='bbox 2774 1423 3044 1477; x_wconf 85' lang='lat' dir='ltr'><strong>sententia</strong></span> <span class='ocrx_word' id='word_1_160' title='bbox 3069 1439 3157 1478; x_wconf 90' lang='lat' dir='ltr'><strong>me</strong></span> <span class='ocrx_word' id='word_1_161' title='bbox 3189 1427 3324 1482; x_wconf 86' lang='lat' dir='ltr'><strong>olim</strong></span> 
     </span>
    </p>
   </div>
   <div class='ocr_carea' id='block_1_12' title="bbox 137 1511 3322 1588">
    <p class='ocr_par' dir='ltr' id='par_1_12' title="bbox 137 1511 3322 1588">
     <span class='ocr_line' id='line_1_12' title="bbox 137 1511 3322 1588; baseline -0.007 -5"><span class='ocrx_word' id='word_1_162' title='bbox 137 1527 272 1583; x_wconf 85' lang='lat' dir='ltr'><strong>fuisse</strong></span> <span class='ocrx_word' id='word_1_163' title='bbox 306 1523 494 1579; x_wconf 84' lang='lat' dir='ltr'><strong>fateor.</strong></span> <span class='ocrx_word' id='word_1_164' title='bbox 512 1519 730 1587; x_wconf 60' lang='lat' dir='ltr'><strong>jVerum</strong></span> <span class='ocrx_word' id='word_1_165' title='bbox 771 1533 831 1571; x_wconf 91' lang='lat' dir='ltr'><strong>re</strong></span> <span class='ocrx_word' id='word_1_166' title='bbox 874 1520 1070 1573; x_wconf 91' lang='lat' dir='ltr'><strong>melius</strong></span> <span class='ocrx_word' id='word_1_167' title='bbox 1108 1533 1376 1588; x_wconf 82' lang='lat' dir='ltr'><strong>perpensa</strong></span> <span class='ocrx_word' id='word_1_168' title='bbox 1403 1532 1560 1586; x_wconf 86' lang='lat' dir='ltr'><strong>aegre</strong></span> <span class='ocrx_word' id='word_1_169' title='bbox 1583 1533 1614 1570; x_wconf 88' lang='lat' dir='ltr'><strong>a</strong></span> <span class='ocrx_word' id='word_1_170' title='bbox 1641 1532 1727 1571; x_wconf 92' lang='lat' dir='ltr'><strong>me</strong></span> <span class='ocrx_word' id='word_1_171' title='bbox 1749 1517 2044 1584; x_wconf 89' lang='lat' dir='ltr'><strong>impetrare</strong></span> <span class='ocrx_word' id='word_1_172' title='bbox 2065 1527 2285 1584; x_wconf 90' lang='lat' dir='ltr'><strong>possum</strong></span> <span class='ocrx_word' id='word_1_173' title='bbox 2316 1520 2376 1566; x_wconf 89' lang='lat' dir='ltr'><strong>ut</strong></span> <span class='ocrx_word' id='word_1_174' title='bbox 2397 1511 2637 1575; x_wconf 85' lang='lat' dir='ltr'><strong>credam,</strong></span> <span class='ocrx_word' id='word_1_175' title='bbox 2672 1519 2893 1579; x_wconf 87' lang='lat' dir='ltr'><strong>praeter</strong></span> <span class='ocrx_word' id='word_1_176' title='bbox 2917 1512 3239 1585; x_wconf 81' lang='lat' dir='ltr'><strong>Aegyptium</strong></span> <span class='ocrx_word' id='word_1_177' title='bbox 3264 1532 3322 1576; x_wconf 69' lang='grc' dir='ltr'><strong>ει</strong></span> 
     </span>
    </p>
   </div>
   <div class='ocr_carea' id='block_1_13' title="bbox 140 1599 3320 1676">
    <p class='ocr_par' dir='ltr' id='par_1_13' title="bbox 140 1599 3320 1676">
     <span class='ocr_line' id='line_1_13' title="bbox 140 1599 3320 1676; baseline -0.004 -3"><span class='ocrx_word' id='word_1_178' title='bbox 140 1614 520 1675; x_wconf 81' lang='lat' dir='ltr'><strong>Alexandrinum</strong></span> <span class='ocrx_word' id='word_1_179' title='bbox 545 1611 768 1666; x_wconf 90' lang='lat' dir='ltr'><strong>tertium</strong></span> <span class='ocrx_word' id='word_1_180' title='bbox 795 1609 958 1664; x_wconf 90' lang='lat' dir='ltr'><strong>etiam</strong></span> <span class='ocrx_word' id='word_1_181' title='bbox 1000 1605 1310 1676; x_wconf 83' lang='lat' dir='ltr'><strong>ﬁngendum</strong></span> <span class='ocrx_word' id='word_1_182' title='bbox 1334 1620 1453 1660; x_wconf 90' lang='lat' dir='ltr'><strong>esse</strong></span> <span class='ocrx_word' id='word_1_183' title='bbox 1479 1604 1794 1669; x_wconf 87' lang='lat' dir='ltr'><strong>Macarium,</strong></span> <span class='ocrx_word' id='word_1_184' title='bbox 1821 1602 2044 1657; x_wconf 83' lang='lat' dir='ltr'><strong>Antonii</strong></span> <span class='ocrx_word' id='word_1_185' title='bbox 2076 1602 2426 1671; x_wconf 87' lang='lat' dir='ltr'><strong>discipulum,</strong></span> <span class='ocrx_word' id='word_1_186' title='bbox 2476 1599 2737 1654; x_wconf 86' lang='lat' dir='ltr'><strong>Amathae</strong></span> <span class='ocrx_word' id='word_1_187' title='bbox 2771 1602 3052 1674; x_wconf 85' lang='lat' dir='ltr'><strong>collegam,</strong></span> <span class='ocrx_word' id='word_1_188' title='bbox 3079 1605 3320 1676; x_wconf 91' lang='lat' dir='ltr'><strong>Operum</strong></span> 
     </span>
    </p>
   </div>
   <div class='ocr_carea' id='block_1_14' title="bbox 133 1689 3318 1766">
    <p class='ocr_par' dir='ltr' id='par_1_14' title="bbox 133 1689 3318 1766">
     <span class='ocr_line' id='line_1_14' title="bbox 133 1689 3318 1766; baseline -0.003 -3"><span class='ocrx_word' id='word_1_189' title='bbox 133 1707 522 1766; x_wconf 69' lang='lat' dir='ltr'><strong>Macarianorum</strong></span> <span class='ocrx_word' id='word_1_190' title='bbox 549 1711 847 1756; x_wconf 87' lang='lat' dir='ltr'><strong>auctorem.</strong></span> <span class='ocrx_word' id='word_1_191' title='bbox 887 1695 1046 1751; x_wconf 88' lang='lat' dir='ltr'><strong>Certe</strong></span> <span class='ocrx_word' id='word_1_192' title='bbox 1079 1712 1188 1750; x_wconf 93' lang='lat' dir='ltr'><strong>non</strong></span> <span class='ocrx_word' id='word_1_193' title='bbox 1229 1696 1364 1749; x_wconf 91' lang='lat' dir='ltr'><strong>alios</strong></span> <span class='ocrx_word' id='word_1_194' title='bbox 1385 1694 1650 1749; x_wconf 86' lang='lat' dir='ltr'><strong>Macarios</strong></span> <span class='ocrx_word' id='word_1_195' title='bbox 1683 1694 1905 1749; x_wconf 85' lang='lat' dir='ltr'><strong>Antonii</strong></span> <span class='ocrx_word' id='word_1_196' title='bbox 1940 1693 2238 1762; x_wconf 89' lang='lat' dir='ltr'><strong>discipulos</strong></span> <span class='ocrx_word' id='word_1_197' title='bbox 2265 1689 2422 1746; x_wconf 89' lang='lat' dir='ltr'><strong>nobis</strong></span> <span class='ocrx_word' id='word_1_198' title='bbox 2450 1690 2713 1746; x_wconf 90' lang='lat' dir='ltr'><strong>exhibent</strong></span> <span class='ocrx_word' id='word_1_199' title='bbox 2749 1690 3020 1759; x_wconf 87' lang='lat' dir='ltr'><strong>Socrates,</strong></span> <span class='ocrx_word' id='word_1_200' title='bbox 3061 1695 3318 1754; x_wconf 79' lang='lat' dir='ltr'><strong>Sozomc-</strong></span> 
     </span>
    </p>
   </div>
   <div class='ocr_carea' id='block_1_15' title="bbox 134 1781 3326 1860">
    <p class='ocr_par' dir='ltr' id='par_1_15' title="bbox 134 1781 3326 1860">
     <span class='ocr_line' id='line_1_15' title="bbox 134 1781 3326 1860; baseline -0.003 -7"><span class='ocrx_word' id='word_1_201' title='bbox 134 1814 230 1859; x_wconf 89' lang='lat' dir='ltr'><strong>nus,</strong></span> <span class='ocrx_word' id='word_1_202' title='bbox 261 1791 653 1854; x_wconf 89' lang='lat' dir='ltr'><strong>Theodoretus,</strong></span> <span class='ocrx_word' id='word_1_203' title='bbox 682 1791 1038 1860; x_wconf 88' lang='lat' dir='ltr'><strong>Nicephorus,</strong></span> <span class='ocrx_word' id='word_1_204' title='bbox 1065 1799 1121 1844; x_wconf 90' lang='lat' dir='ltr'><strong>et</strong></span> <span class='ocrx_word' id='word_1_205' title='bbox 1162 1789 1255 1859; x_wconf 90' lang='lat' dir='ltr'><strong>qui</strong></span> <span class='ocrx_word' id='word_1_206' title='bbox 1294 1788 1400 1843; x_wconf 92' lang='lat' dir='ltr'><strong>hoc</strong></span> <span class='ocrx_word' id='word_1_207' title='bbox 1423 1789 1540 1858; x_wconf 90' lang='lat' dir='ltr'><strong>ipso</strong></span> <span class='ocrx_word' id='word_1_208' title='bbox 1580 1795 1846 1857; x_wconf 91' lang='lat' dir='ltr'><strong>tempore,</strong></span> <span class='ocrx_word' id='word_1_209' title='bbox 1888 1787 1974 1840; x_wconf 89' lang='lat' dir='ltr'><strong>his</strong></span> <span class='ocrx_word' id='word_1_210' title='bbox 2016 1785 2148 1854; x_wconf 91' lang='lat' dir='ltr'><strong>ipsis</strong></span> <span class='ocrx_word' id='word_1_211' title='bbox 2178 1785 2310 1839; x_wconf 92' lang='lat' dir='ltr'><strong>locis</strong></span> <span class='ocrx_word' id='word_1_212' title='bbox 2359 1783 2494 1839; x_wconf 86' lang='lat' dir='ltr'><strong>vixit</strong></span> <span class='ocrx_word' id='word_1_213' title='bbox 2527 1783 2702 1850; x_wconf 86' lang='lat' dir='ltr'><strong>deque</strong></span> <span class='ocrx_word' id='word_1_214' title='bbox 2725 1781 2792 1836; x_wconf 92' lang='lat' dir='ltr'><strong>iis</strong></span> <span class='ocrx_word' id='word_1_215' title='bbox 2813 1785 3023 1852; x_wconf 80' lang='lat' dir='ltr'><strong>prolixe</strong></span> <span class='ocrx_word' id='word_1_216' title='bbox 3051 1788 3180 1858; x_wconf 91' lang='lat' dir='ltr'><strong>agit,</strong></span> <span class='ocrx_word' id='word_1_217' title='bbox 3207 1789 3326 1860; x_wconf 81' lang='lat' dir='ltr'><strong>ipse</strong></span> 
     </span>
    </p>
   </div>
   <div class='ocr_carea' id='block_1_16' title="bbox 126 1871 3324 1948">
    <p class='ocr_par' dir='ltr' id='par_1_16' title="bbox 126 1871 3324 1948">
     <span class='ocr_line' id='line_1_16' title="bbox 126 1871 3324 1948; baseline -0.003 -4"><span class='ocrx_word' id='word_1_218' title='bbox 126 1886 382 1946; x_wconf 85' lang='lat' dir='ltr'><strong>Palladius.</strong></span> <span class='ocrx_word' id='word_1_219' title='bbox 421 1881 496 1936; x_wconf 92' lang='lat' dir='ltr'><strong>Ut</strong></span> <span class='ocrx_word' id='word_1_220' title='bbox 515 1880 804 1934; x_wconf 82' lang='lat' dir='ltr'><strong>Macarium</strong></span> <span class='ocrx_word' id='word_1_221' title='bbox 835 1895 993 1933; x_wconf 91' lang='lat' dir='ltr'><strong>suum</strong></span> <span class='ocrx_word' id='word_1_222' title='bbox 1026 1878 1221 1948; x_wconf 87' lang='lat' dir='ltr'><strong>probet</strong></span> <span class='ocrx_word' id='word_1_223' title='bbox 1247 1877 1525 1942; x_wconf 91' lang='lat' dir='ltr'><strong>Possinus,</strong></span> <span class='ocrx_word' id='word_1_224' title='bbox 1554 1875 1906 1931; x_wconf 84' lang='lat' dir='ltr'><strong>Athanasium</strong></span> <span class='ocrx_word' id='word_1_225' title='bbox 1935 1875 1989 1928; x_wconf 93' lang='lat' dir='ltr'><strong>in</strong></span> <span class='ocrx_word' id='word_1_226' title='bbox 2019 1875 2125 1927; x_wconf 78' lang='lat' dir='ltr'><strong>vita</strong></span> <span class='ocrx_word' id='word_1_227' title='bbox 2158 1874 2374 1927; x_wconf 80' lang='lat' dir='ltr'><strong>Antonii</strong></span> <span class='ocrx_word' id='word_1_228' title='bbox 2419 1882 2476 1927; x_wconf 92' lang='lat' dir='ltr'><strong>et</strong></span> <span class='ocrx_word' id='word_1_229' title='bbox 2505 1871 2892 1946; x_wconf 57' lang='lat' dir='ltr'><strong>Hieronymum</strong></span> <span class='ocrx_word' id='word_1_230' title='bbox 2932 1877 2990 1932; x_wconf 92' lang='lat' dir='ltr'><strong>in</strong></span> <span class='ocrx_word' id='word_1_231' title='bbox 3034 1881 3140 1934; x_wconf 86' lang='lat' dir='ltr'><strong>vita</strong></span> <span class='ocrx_word' id='word_1_232' title='bbox 3163 1881 3324 1936; x_wconf 85' lang='lat' dir='ltr'><strong>Pauli</strong></span> 
     </span>
    </p>
   </div>
   <div class='ocr_carea' id='block_1_17' title="bbox 128 1963 3324 2035">
    <p class='ocr_par' dir='ltr' id='par_1_17' title="bbox 128 1963 3324 2035">
     <span class='ocr_line' id='line_1_17' title="bbox 128 1963 3324 2035; baseline -0.001 -2"><span class='ocrx_word' id='word_1_233' title='bbox 128 1989 263 2033; x_wconf 84' lang='lat' dir='ltr'><strong>testes</strong></span> <span class='ocrx_word' id='word_1_234' title='bbox 287 1974 433 2028; x_wconf 86' lang='lat' dir='ltr'><strong>citat.</strong></span> <span class='ocrx_word' id='word_1_235' title='bbox 463 1971 794 2027; x_wconf 86' lang='lat' dir='ltr'><strong>Athanasius</strong></span> <span class='ocrx_word' id='word_1_236' title='bbox 814 1986 944 2024; x_wconf 79' lang='lat' dir='ltr'><strong>vero</strong></span> <span class='ocrx_word' id='word_1_237' title='bbox 983 1969 1051 2023; x_wconf 92' lang='lat' dir='ltr'><strong>dc</strong></span> <span class='ocrx_word' id='word_1_238' title='bbox 1080 1968 1312 2022; x_wconf 82' lang='lat' dir='ltr'><strong>Macario</strong></span> <span class='ocrx_word' id='word_1_239' title='bbox 1345 1984 1415 2021; x_wconf 93' lang='lat' dir='ltr'><strong>ne</strong></span> <span class='ocrx_word' id='word_1_240' title='bbox 1439 1967 1666 2022; x_wconf 83' lang='lat' dir='ltr'><strong>verbum</strong></span> <span class='ocrx_word' id='word_1_241' title='bbox 1691 1965 1909 2035; x_wconf 85' lang='lat' dir='ltr'><strong>quidem</strong></span> <span class='ocrx_word' id='word_1_242' title='bbox 1932 1964 2115 2018; x_wconf 89' lang='lat' dir='ltr'><strong>habet.</strong></span> <span class='ocrx_word' id='word_1_243' title='bbox 2158 1964 2520 2034; x_wconf 82' lang='lat' dir='ltr'><strong>Hieronymus</strong></span> <span class='ocrx_word' id='word_1_244' title='bbox 2551 1963 2769 2019; x_wconf 85' lang='lat' dir='ltr'><strong>Macarii</strong></span> <span class='ocrx_word' id='word_1_245' title='bbox 2799 1976 2854 2021; x_wconf 91' lang='lat' dir='ltr'><strong>et</strong></span> <span class='ocrx_word' id='word_1_246' title='bbox 2904 1968 3166 2026; x_wconf 88' lang='lat' dir='ltr'><strong>Amathae</strong></span> <span class='ocrx_word' id='word_1_247' title='bbox 3207 1975 3324 2028; x_wconf 80' lang='lat' dir='ltr'><strong>An—</strong></span> 
     </span>
    </p>
   </div>
   <div class='ocr_carea' id='block_1_18' title="bbox 121 2056 3326 2134">
    <p class='ocr_par' dir='ltr' id='par_1_18' title="bbox 121 2056 3326 2134">
     <span class='ocr_line' id='line_1_18' title="bbox 121 2056 3326 2134; baseline 0 -11"><span class='ocrx_word' id='word_1_248' title='bbox 121 2069 232 2123; x_wconf 87' lang='lat' dir='ltr'><strong>tonii</strong></span> <span class='ocrx_word' id='word_1_249' title='bbox 251 2063 648 2134; x_wconf 90' lang='lat' dir='ltr'><strong>discipulorum</strong></span> <span class='ocrx_word' id='word_1_250' title='bbox 674 2063 942 2122; x_wconf 86' lang='lat' dir='ltr'><strong>meminit.</strong></span> <span class='ocrx_word' id='word_1_251' title='bbox 967 2071 1023 2116; x_wconf 92' lang='lat' dir='ltr'><strong>et</strong></span> <span class='ocrx_word' id='word_1_252' title='bbox 1043 2061 1327 2116; x_wconf 89' lang='lat' dir='ltr'><strong>Amatham</strong></span> <span class='ocrx_word' id='word_1_253' title='bbox 1359 2060 1577 2130; x_wconf 89' lang='lat' dir='ltr'><strong>quidem</strong></span> <span class='ocrx_word' id='word_1_254' title='bbox 1603 2059 1920 2129; x_wconf 83' lang='lat' dir='ltr'><strong>magistrum</strong></span> <span class='ocrx_word' id='word_1_255' title='bbox 1951 2073 2108 2112; x_wconf 89' lang='lat' dir='ltr'><strong>suum</strong></span> <span class='ocrx_word' id='word_1_256' title='bbox 2147 2057 2423 2126; x_wconf 90' lang='lat' dir='ltr'><strong>sepeliisse</strong></span> <span class='ocrx_word' id='word_1_257' title='bbox 2453 2056 2642 2122; x_wconf 89' lang='lat' dir='ltr'><strong>docet;</strong></span> <span class='ocrx_word' id='word_1_258' title='bbox 2701 2059 2768 2114; x_wconf 93' lang='lat' dir='ltr'><strong>de</strong></span> <span class='ocrx_word' id='word_1_259' title='bbox 2793 2061 3028 2118; x_wconf 85' lang='lat' dir='ltr'><strong>Macario</strong></span> <span class='ocrx_word' id='word_1_260' title='bbox 3065 2066 3200 2122; x_wconf 90' lang='lat' dir='ltr'><strong>nihil</strong></span> <span class='ocrx_word' id='word_1_261' title='bbox 3229 2069 3326 2124; x_wconf 90' lang='lat' dir='ltr'><strong>ha-</strong></span> 
     </span>
    </p>
   </div>
   <div class='ocr_carea' id='block_1_19' title="bbox 120 2151 3323 2230">
    <p class='ocr_par' dir='ltr' id='par_1_19' title="bbox 120 2151 3323 2230">
     <span class='ocr_line' id='line_1_19' title="bbox 120 2151 3323 2230; baseline -0.001 -12"><span class='ocrx_word' id='word_1_262' title='bbox 120 2165 211 2218; x_wconf 87' lang='lat' dir='ltr'><strong>bet.</strong></span> <span class='ocrx_word' id='word_1_263' title='bbox 238 2162 446 2228; x_wconf 85' lang='lat' dir='ltr'><strong>Quaero</strong></span> <span class='ocrx_word' id='word_1_264' title='bbox 481 2159 652 2229; x_wconf 81' lang='lat' dir='ltr'><strong>igitur</strong></span> <span class='ocrx_word' id='word_1_265' title='bbox 673 2175 704 2214; x_wconf 88' lang='lat' dir='ltr'><strong>a</strong></span> <span class='ocrx_word' id='word_1_266' title='bbox 736 2157 982 2220; x_wconf 90' lang='lat' dir='ltr'><strong>Possino,</strong></span> <span class='ocrx_word' id='word_1_267' title='bbox 1012 2173 1112 2211; x_wconf 91' lang='lat' dir='ltr'><strong>cur</strong></span> <span class='ocrx_word' id='word_1_268' title='bbox 1135 2171 1203 2211; x_wconf 86' lang='lat' dir='ltr'><strong>ex</strong></span> <span class='ocrx_word' id='word_1_269' title='bbox 1225 2157 1428 2211; x_wconf 90' lang='lat' dir='ltr'><strong>nostris</strong></span> <span class='ocrx_word' id='word_1_270' title='bbox 1455 2171 1619 2219; x_wconf 91' lang='lat' dir='ltr'><strong>unus,</strong></span> <span class='ocrx_word' id='word_1_271' title='bbox 1648 2155 1869 2209; x_wconf 76' lang='lat' dir='ltr'><strong>Antonii</strong></span> <span class='ocrx_word' id='word_1_272' title='bbox 1900 2154 2224 2223; x_wconf 88' lang='lat' dir='ltr'><strong>discipulus,</strong></span> <span class='ocrx_word' id='word_1_273' title='bbox 2257 2152 2520 2207; x_wconf 89' lang='lat' dir='ltr'><strong>Amathae</strong></span> <span class='ocrx_word' id='word_1_274' title='bbox 2547 2151 2772 2221; x_wconf 82' lang='lat' dir='ltr'><strong>collega,</strong></span> <span class='ocrx_word' id='word_1_275' title='bbox 2800 2153 3201 2225; x_wconf 85' lang='lat' dir='ltr'><strong>Opusculorum</strong></span> <span class='ocrx_word' id='word_1_276' title='bbox 3223 2176 3323 2230; x_wconf 92' lang='lat' dir='ltr'><strong>pa-</strong></span> 
     </span>
    </p>
   </div>
   <div class='ocr_carea' id='block_1_20' title="bbox 117 2244 3326 2322">
    <p class='ocr_par' dir='ltr' id='par_1_20' title="bbox 117 2244 3326 2322">
     <span class='ocr_line' id='line_1_20' title="bbox 117 2244 3326 2322; baseline 0 -14"><span class='ocrx_word' id='word_1_277' title='bbox 117 2261 187 2308; x_wconf 79' lang='lat' dir='ltr'><strong>ter</strong></span> <span class='ocrx_word' id='word_1_278' title='bbox 210 2251 415 2307; x_wconf 84' lang='lat' dir='ltr'><strong>censeri</strong></span> <span class='ocrx_word' id='word_1_279' title='bbox 441 2265 561 2305; x_wconf 91' lang='lat' dir='ltr'><strong>non</strong></span> <span class='ocrx_word' id='word_1_280' title='bbox 609 2251 812 2320; x_wconf 85' lang='lat' dir='ltr'><strong>possit?</strong></span> <span class='ocrx_word' id='word_1_281' title='bbox 845 2251 963 2305; x_wconf 86' lang='lat' dir='ltr'><strong>Non</strong></span> <span class='ocrx_word' id='word_1_282' title='bbox 1006 2250 1322 2322; x_wconf 77' lang='lat' dir='ltr'><strong>Aegyptius,</strong></span> <span class='ocrx_word' id='word_1_283' title='bbox 1358 2249 1555 2318; x_wconf 88' lang='lat' dir='ltr'><strong>inquit,</strong></span> <span class='ocrx_word' id='word_1_284' title='bbox 1611 2264 1734 2304; x_wconf 90' lang='lat' dir='ltr'><strong>cum</strong></span> <span class='ocrx_word' id='word_1_285' title='bbox 1778 2247 2054 2317; x_wconf 81' lang='lat' dir='ltr'><strong>sexaginta</strong></span> <span class='ocrx_word' id='word_1_286' title='bbox 2084 2261 2255 2310; x_wconf 86' lang='lat' dir='ltr'><strong>annos</strong></span> <span class='ocrx_word' id='word_1_287' title='bbox 2286 2247 2340 2300; x_wconf 92' lang='lat' dir='ltr'><strong>in</strong></span> <span class='ocrx_word' id='word_1_288' title='bbox 2379 2245 2628 2315; x_wconf 83' lang='lat' dir='ltr'><strong>Scythica</strong></span> <span class='ocrx_word' id='word_1_289' title='bbox 2664 2244 2957 2300; x_wconf 89' lang='lat' dir='ltr'><strong>solitudine</strong></span> <span class='ocrx_word' id='word_1_290' title='bbox 2997 2252 3326 2322; x_wconf 83' lang='lat' dir='ltr'><strong>transegisse</strong></span> 
     </span>
    </p>
   </div>
   <div class='ocr_carea' id='block_1_21' title="bbox 113 2335 3323 2412">
    <p class='ocr_par' dir='ltr' id='par_1_21' title="bbox 113 2335 3323 2412">
     <span class='ocr_line' id='line_1_21' title="bbox 113 2335 3323 2412; baseline 0.002 -14"><span class='ocrx_word' id='word_1_291' title='bbox 113 2345 304 2398; x_wconf 86' lang='lat' dir='ltr'><strong>dicitur.</strong></span> <span class='ocrx_word' id='word_1_292' title='bbox 330 2342 474 2408; x_wconf 82' lang='lat' dir='ltr'><strong>Quid</strong></span> <span class='ocrx_word' id='word_1_293' title='bbox 515 2343 686 2396; x_wconf 83' lang='lat' dir='ltr'><strong>vero?</strong></span> <span class='ocrx_word' id='word_1_294' title='bbox 703 2342 784 2397; x_wconf 87' lang='lat' dir='ltr'><strong>An</strong></span> <span class='ocrx_word' id='word_1_295' title='bbox 810 2342 1033 2412; x_wconf 76' lang='lat' dir='ltr'><strong>Stylitae</strong></span> <span class='ocrx_word' id='word_1_296' title='bbox 1055 2343 1120 2396; x_wconf 93' lang='lat' dir='ltr'><strong>ad</strong></span> <span class='ocrx_word' id='word_1_297' title='bbox 1145 2343 1316 2396; x_wconf 87' lang='lat' dir='ltr'><strong>instar</strong></span> <span class='ocrx_word' id='word_1_298' title='bbox 1342 2341 1474 2396; x_wconf 91' lang='lat' dir='ltr'><strong>totis</strong></span> <span class='ocrx_word' id='word_1_299' title='bbox 1493 2340 1769 2410; x_wconf 83' lang='lat' dir='ltr'><strong>sexaginta</strong></span> <span class='ocrx_word' id='word_1_300' title='bbox 1793 2339 1951 2393; x_wconf 92' lang='lat' dir='ltr'><strong>annis</strong></span> <span class='ocrx_word' id='word_1_301' title='bbox 1983 2338 2039 2391; x_wconf 92' lang='lat' dir='ltr'><strong>in</strong></span> <span class='ocrx_word' id='word_1_302' title='bbox 2069 2337 2206 2392; x_wconf 86' lang='lat' dir='ltr'><strong>cella</strong></span> <span class='ocrx_word' id='word_1_303' title='bbox 2232 2351 2351 2390; x_wconf 79' lang='lat' dir='ltr'><strong>sua&#39;</strong></span> <span class='ocrx_word' id='word_1_304' title='bbox 2378 2335 2672 2394; x_wconf 90' lang='lat' dir='ltr'><strong>immobilis</strong></span> <span class='ocrx_word' id='word_1_305' title='bbox 2701 2341 2972 2408; x_wconf 86' lang='lat' dir='ltr'><strong>perstitit?</strong></span> <span class='ocrx_word' id='word_1_306' title='bbox 3023 2342 3164 2410; x_wconf 88' lang='lat' dir='ltr'><strong>Quid</strong></span> <span class='ocrx_word' id='word_1_307' title='bbox 3189 2349 3323 2403; x_wconf 89' lang='lat' dir='ltr'><strong>soli-</strong></span> 
     </span>
    </p>
   </div>
   <div class='ocr_carea' id='block_1_22' title="bbox 110 2431 3326 2506">
    <p class='ocr_par' dir='ltr' id='par_1_22' title="bbox 110 2431 3326 2506">
     <span class='ocr_line' id='line_1_22' title="bbox 110 2431 3326 2506; baseline 0.004 -19"><span class='ocrx_word' id='word_1_308' title='bbox 110 2433 240 2487; x_wconf 73' lang='lat' dir='ltr'><strong>tariis</strong></span> <span class='ocrx_word' id='word_1_309' title='bbox 264 2431 370 2486; x_wconf 88' lang='lat' dir='ltr'><strong>illis</strong></span> <span class='ocrx_word' id='word_1_310' title='bbox 400 2431 739 2487; x_wconf 84' lang='lat' dir='ltr'><strong>familiarius</strong></span> <span class='ocrx_word' id='word_1_311' title='bbox 761 2451 922 2504; x_wconf 90' lang='lat' dir='ltr'><strong>quam</strong></span> <span class='ocrx_word' id='word_1_312' title='bbox 955 2437 1238 2506; x_wconf 80' lang='grc' dir='ltr'><strong>ἀσκήσεως</strong></span> <span class='ocrx_word' id='word_1_313' title='bbox 1274 2449 1406 2489; x_wconf 89' lang='lat' dir='ltr'><strong>suae</strong></span> <span class='ocrx_word' id='word_1_314' title='bbox 1427 2434 1586 2489; x_wconf 90' lang='lat' dir='ltr'><strong>sedes</strong></span> <span class='ocrx_word' id='word_1_315' title='bbox 1615 2433 1844 2488; x_wconf 89' lang='lat' dir='ltr'><strong>subinde</strong></span> <span class='ocrx_word' id='word_1_316' title='bbox 1869 2431 2122 2486; x_wconf 88' lang='lat' dir='ltr'><strong>mutare?</strong></span> <span class='ocrx_word' id='word_1_317' title='bbox 2159 2432 2230 2486; x_wconf 90' lang='lat' dir='ltr'><strong>Ut</strong></span> <span class='ocrx_word' id='word_1_318' title='bbox 2267 2431 2403 2485; x_wconf 90' lang='lat' dir='ltr'><strong>adeo</strong></span> <span class='ocrx_word' id='word_1_319' title='bbox 2435 2431 2552 2485; x_wconf 89' lang='lat' dir='ltr'><strong>loca</strong></span> <span class='ocrx_word' id='word_1_320' title='bbox 2581 2435 2848 2501; x_wconf 90' lang='lat' dir='ltr'><strong>quaedam</strong></span> <span class='ocrx_word' id='word_1_321' title='bbox 2877 2436 3114 2496; x_wconf 84' lang='lat' dir='ltr'><strong>Antonio</strong></span> <span class='ocrx_word' id='word_1_322' title='bbox 3147 2443 3326 2499; x_wconf 80' lang='lat' dir='ltr'><strong>vicina</strong></span> 
     </span>
    </p>
   </div>
   <div class='ocr_carea' id='block_1_23' title="bbox 108 2521 3321 2600">
    <p class='ocr_par' dir='ltr' id='par_1_23' title="bbox 108 2521 3321 2600">
     <span class='ocr_line' id='line_1_23' title="bbox 108 2521 3321 2600; baseline 0.005 -24"><span class='ocrx_word' id='word_1_323' title='bbox 108 2523 387 2577; x_wconf 86' lang='lat' dir='ltr'><strong>inhabitare</strong></span> <span class='ocrx_word' id='word_1_324' title='bbox 417 2521 586 2577; x_wconf 78' lang='lat' dir='ltr'><strong>facile</strong></span> <span class='ocrx_word' id='word_1_325' title='bbox 619 2525 861 2593; x_wconf 91' lang='lat' dir='ltr'><strong>potuerit</strong></span> <span class='ocrx_word' id='word_1_326' title='bbox 885 2525 1172 2590; x_wconf 82' lang='lat' dir='ltr'><strong>Macarius,</strong></span> <span class='ocrx_word' id='word_1_327' title='bbox 1199 2527 1360 2595; x_wconf 88' lang='lat' dir='ltr'><strong>eique</strong></span> <span class='ocrx_word' id='word_1_328' title='bbox 1382 2525 1503 2580; x_wconf 88' lang='lat' dir='ltr'><strong>data</strong></span> <span class='ocrx_word' id='word_1_329' title='bbox 1538 2526 1844 2588; x_wconf 90' lang='lat' dir='ltr'><strong>occasione,</strong></span> <span class='ocrx_word' id='word_1_330' title='bbox 1867 2523 2190 2593; x_wconf 89' lang='lat' dir='ltr'><strong>praesertim</strong></span> <span class='ocrx_word' id='word_1_331' title='bbox 2205 2533 2462 2593; x_wconf 83' lang='lat' dir='ltr'><strong>vergente</strong></span> <span class='ocrx_word' id='word_1_332' title='bbox 2485 2523 2552 2576; x_wconf 90' lang='lat' dir='ltr'><strong>ad</strong></span> <span class='ocrx_word' id='word_1_333' title='bbox 2575 2525 2738 2579; x_wconf 83' lang='lat' dir='ltr'><strong>linem</strong></span> <span class='ocrx_word' id='word_1_334' title='bbox 2776 2528 2909 2594; x_wconf 78' lang='lat' dir='ltr'><strong>vita,</strong></span> <span class='ocrx_word' id='word_1_335' title='bbox 2937 2543 3156 2600; x_wconf 88' lang='lat' dir='ltr'><strong>praesto</strong></span> <span class='ocrx_word' id='word_1_336' title='bbox 3178 2551 3321 2600; x_wconf 88' lang='lat' dir='ltr'><strong>esse,</strong></span> 
     </span>
    </p>
   </div>
   <div class='ocr_carea' id='block_1_24' title="bbox 103 2613 3325 2698">
    <p class='ocr_par' dir='ltr' id='par_1_24' title="bbox 103 2613 3325 2698">
     <span class='ocr_line' id='line_1_24' title="bbox 103 2613 3325 2698; baseline 0.005 -30"><span class='ocrx_word' id='word_1_337' title='bbox 103 2624 148 2668; x_wconf 86' lang='lat' dir='ltr'><strong>et</strong></span> <span class='ocrx_word' id='word_1_338' title='bbox 167 2613 394 2668; x_wconf 76' lang='lat' dir='ltr'><strong>defuncti</strong></span> <span class='ocrx_word' id='word_1_339' title='bbox 438 2628 653 2682; x_wconf 89' lang='lat' dir='ltr'><strong>corpus</strong></span> <span class='ocrx_word' id='word_1_340' title='bbox 673 2632 778 2670; x_wconf 88' lang='lat' dir='ltr'><strong>una</strong></span> <span class='ocrx_word' id='word_1_341' title='bbox 801 2632 922 2670; x_wconf 90' lang='lat' dir='ltr'><strong>cum</strong></span> <span class='ocrx_word' id='word_1_342' title='bbox 973 2618 1202 2672; x_wconf 89' lang='lat' dir='ltr'><strong>Amatha</strong></span> <span class='ocrx_word' id='word_1_343' title='bbox 1240 2617 1491 2688; x_wconf 89' lang='lat' dir='ltr'><strong>sepelire.</strong></span> <span class='ocrx_word' id='word_1_344' title='bbox 1520 2617 1631 2670; x_wconf 81' lang='lat' dir='ltr'><strong>Nec</strong></span> <span class='ocrx_word' id='word_1_345' title='bbox 1684 2617 1831 2670; x_wconf 90' lang='lat' dir='ltr'><strong>enim</strong></span> <span class='ocrx_word' id='word_1_346' title='bbox 1856 2615 1978 2686; x_wconf 90' lang='lat' dir='ltr'><strong>plus</strong></span> <span class='ocrx_word' id='word_1_347' title='bbox 2007 2614 2075 2668; x_wconf 91' lang='lat' dir='ltr'><strong>de</strong></span> <span class='ocrx_word' id='word_1_348' title='bbox 2098 2615 2207 2668; x_wconf 83' lang='lat' dir='ltr'><strong>hac</strong></span> <span class='ocrx_word' id='word_1_349' title='bbox 2230 2630 2288 2668; x_wconf 90' lang='lat' dir='ltr'><strong>re</strong></span> <span class='ocrx_word' id='word_1_350' title='bbox 2323 2623 2550 2668; x_wconf 84' lang='lat' dir='ltr'><strong>testatur</strong></span> <span class='ocrx_word' id='word_1_351' title='bbox 2585 2615 2826 2674; x_wconf 86' lang='lat' dir='ltr'><strong>Cronius</strong></span> <span class='ocrx_word' id='word_1_352' title='bbox 2855 2624 3143 2695; x_wconf 83' lang='lat' dir='ltr'><strong>presbyter</strong></span> <span class='ocrx_word' id='word_1_353' title='bbox 3179 2629 3325 2698; x_wconf 87' lang='lat' dir='ltr'><strong>apud</strong></span> 
     </span>
    </p>
   </div>
   <div class='ocr_carea' id='block_1_25' title="bbox 99 2703 3326 2780">
    <p class='ocr_par' dir='ltr' id='par_1_25' title="bbox 99 2703 3326 2780">
     <span class='ocr_line' id='line_1_25' title="bbox 99 2703 3326 2780; baseline 0 -21"><span class='ocrx_word' id='word_1_354' title='bbox 99 2703 374 2759; x_wconf 85' lang='lat' dir='ltr'><strong>Palladium</strong></span> <span class='ocrx_word' id='word_1_355' title='bbox 412 2719 549 2774; x_wconf 87' lang='lat' dir='ltr'><strong>cap.</strong></span> <span class='ocrx_word' id='word_1_356' title='bbox 584 2706 670 2760; x_wconf 67' lang='lat'><strong>95.</strong></span> <span class='ocrx_word' id='word_1_357' title='bbox 703 2707 889 2777; x_wconf 85' lang='lat' dir='ltr'><strong>Neque</strong></span> <span class='ocrx_word' id='word_1_358' title='bbox 923 2707 1058 2762; x_wconf 90' lang='lat' dir='ltr'><strong>dicit</strong></span> <span class='ocrx_word' id='word_1_359' title='bbox 1079 2708 1432 2774; x_wconf 85' lang='lat' dir='ltr'><strong>Sozomcnus,</strong></span> <span class='ocrx_word' id='word_1_360' title='bbox 1469 2707 1763 2762; x_wconf 89' lang='lat' dir='ltr'><strong>Macarium</strong></span> <span class='ocrx_word' id='word_1_361' title='bbox 1790 2707 1845 2760; x_wconf 91' lang='lat' dir='ltr'><strong>in</strong></span> <span class='ocrx_word' id='word_1_362' title='bbox 1873 2707 1984 2760; x_wconf 88' lang='lat' dir='ltr'><strong>sola</strong></span> <span class='ocrx_word' id='word_1_363' title='bbox 2007 2703 2166 2770; x_wconf 81' lang='lat' dir='ltr'><strong>Sceti,</strong></span> <span class='ocrx_word' id='word_1_364' title='bbox 2192 2704 2286 2759; x_wconf 89' lang='lat' dir='ltr'><strong>sed</strong></span> <span class='ocrx_word' id='word_1_365' title='bbox 2319 2715 2373 2760; x_wconf 92' lang='lat' dir='ltr'><strong>et</strong></span> <span class='ocrx_word' id='word_1_366' title='bbox 2401 2707 2458 2757; x_wconf 77' lang='grc' dir='ltr'>ἐν</span> <span class='ocrx_word' id='word_1_367' title='bbox 2485 2709 2604 2770; x_wconf 83' lang='grc' dir='ltr'>ταῖς</span> <span class='ocrx_word' id='word_1_368' title='bbox 2633 2711 2858 2780; x_wconf 81' lang='grc' dir='ltr'><strong>ἐρήμοις</strong></span> <span class='ocrx_word' id='word_1_369' title='bbox 2890 2713 2985 2768; x_wconf 80' lang='lat' dir='ltr'><strong>LX</strong></span> <span class='ocrx_word' id='word_1_370' title='bbox 3046 2732 3174 2773; x_wconf 91' lang='lat' dir='ltr'><strong>suos</strong></span> <span class='ocrx_word' id='word_1_371' title='bbox 3223 2735 3326 2774; x_wconf 87' lang='lat' dir='ltr'><strong>an-</strong></span> 
     </span>
    </p>
   </div>
   <div class='ocr_carea' id='block_1_26' title="bbox 97 2787 3327 2869">
    <p class='ocr_par' dir='ltr' id='par_1_26' title="bbox 97 2787 3327 2869">
     <span class='ocr_line' id='line_1_26' title="bbox 97 2787 3327 2869; baseline 0.006 -21"><span class='ocrx_word' id='word_1_372' title='bbox 97 2810 183 2849; x_wconf 91' lang='lat' dir='ltr'><strong>nos</strong></span> <span class='ocrx_word' id='word_1_373' title='bbox 211 2796 478 2865; x_wconf 83' lang='lat' dir='ltr'><strong>exegisse.</strong></span> <span class='ocrx_word' id='word_1_374' title='bbox 519 2796 696 2852; x_wconf 80' lang='lat' dir='ltr'><strong>Multo</strong></span> <span class='ocrx_word' id='word_1_375' title='bbox 737 2799 920 2854; x_wconf 88' lang='lat' dir='ltr'><strong>minus</strong></span> <span class='ocrx_word' id='word_1_376' title='bbox 966 2800 1022 2854; x_wconf 93' lang='lat' dir='ltr'><strong>id</strong></span> <span class='ocrx_word' id='word_1_377' title='bbox 1067 2801 1435 2855; x_wconf 86' lang='lat' dir='ltr'><strong>Alexandrino</strong></span> <span class='ocrx_word' id='word_1_378' title='bbox 1458 2809 1646 2854; x_wconf 91' lang='lat' dir='ltr'><strong>nostro</strong></span> <span class='ocrx_word' id='word_1_379' title='bbox 1685 2799 1869 2869; x_wconf 88' lang='lat' dir='ltr'><strong>negari</strong></span> <span class='ocrx_word' id='word_1_380' title='bbox 1900 2807 2099 2867; x_wconf 89' lang='lat' dir='ltr'><strong>potest,</strong></span> <span class='ocrx_word' id='word_1_381' title='bbox 2145 2812 2306 2866; x_wconf 87' lang='lat' dir='ltr'><strong>quem</strong></span> <span class='ocrx_word' id='word_1_382' title='bbox 2330 2796 2576 2853; x_wconf 79' lang='lat' dir='ltr'><strong>diversas</strong></span> <span class='ocrx_word' id='word_1_383' title='bbox 2620 2799 2880 2858; x_wconf 90' lang='lat' dir='ltr'><strong>habuisse</strong></span> <span class='ocrx_word' id='word_1_384' title='bbox 2916 2787 3081 2862; x_wconf 81' lang='lat' dir='ltr'><strong>cellas</strong></span> <span class='ocrx_word' id='word_1_385' title='bbox 3120 2809 3327 2867; x_wconf 83' lang='lat' dir='ltr'><strong>diserte</strong></span> 
     </span>
    </p>
   </div>
   <div class='ocr_carea' id='block_1_27' title="bbox 93 2888 3327 2966">
    <p class='ocr_par' dir='ltr' id='par_1_27' title="bbox 93 2888 3327 2966">
     <span class='ocr_line' id='line_1_27' title="bbox 93 2888 3327 2966; baseline 0.002 -24"><span class='ocrx_word' id='word_1_386' title='bbox 93 2897 304 2942; x_wconf 86' lang='lat' dir='ltr'><strong>testatur</strong></span> <span class='ocrx_word' id='word_1_387' title='bbox 331 2888 627 2943; x_wconf 88' lang='lat' dir='ltr'><strong>Palladius</strong></span> <span class='ocrx_word' id='word_1_388' title='bbox 657 2906 668 2941; x_wconf 93' lang='lat'>:</span> <span class='ocrx_word' id='word_1_389' title='bbox 702 2906 863 2944; x_wconf 91' lang='lat' dir='ltr'><strong>unam</strong></span> <span class='ocrx_word' id='word_1_390' title='bbox 887 2891 1108 2962; x_wconf 91' lang='lat' dir='ltr'><strong>quidem</strong></span> <span class='ocrx_word' id='word_1_391' title='bbox 1128 2893 1185 2946; x_wconf 91' lang='lat' dir='ltr'><strong>in</strong></span> <span class='ocrx_word' id='word_1_392' title='bbox 1212 2891 1348 2947; x_wconf 81' lang='lat' dir='ltr'><strong>Secti</strong></span> <span class='ocrx_word' id='word_1_393' title='bbox 1371 2908 1510 2962; x_wconf 92' lang='lat' dir='ltr'><strong>quae</strong></span> <span class='ocrx_word' id='word_1_394' title='bbox 1539 2901 1623 2947; x_wconf 91' lang='lat' dir='ltr'><strong>est</strong></span> <span class='ocrx_word' id='word_1_395' title='bbox 1639 2891 1866 2946; x_wconf 90' lang='lat' dir='ltr'><strong>interior</strong></span> <span class='ocrx_word' id='word_1_396' title='bbox 1891 2891 1947 2944; x_wconf 92' lang='lat' dir='ltr'><strong>in</strong></span> <span class='ocrx_word' id='word_1_397' title='bbox 1980 2890 2294 2954; x_wconf 89' lang='lat' dir='ltr'><strong>solitudine,</strong></span> <span class='ocrx_word' id='word_1_398' title='bbox 2319 2905 2480 2943; x_wconf 90' lang='lat' dir='ltr'><strong>unam</strong></span> <span class='ocrx_word' id='word_1_399' title='bbox 2506 2890 2561 2943; x_wconf 93' lang='lat' dir='ltr'><strong>in</strong></span> <span class='ocrx_word' id='word_1_400' title='bbox 2585 2890 2750 2966; x_wconf 80' lang='lat' dir='ltr'><strong>Libya</strong></span> <span class='ocrx_word' id='word_1_401' title='bbox 2776 2895 2829 2950; x_wconf 90' lang='lat' dir='ltr'><strong>in</strong></span> <span class='ocrx_word' id='word_1_402' title='bbox 2858 2897 3062 2966; x_wconf 83' lang='lat' dir='ltr'><strong>Celliis,</strong></span> <span class='ocrx_word' id='word_1_403' title='bbox 3087 2915 3142 2960; x_wconf 77' lang='grc' dir='ltr'><strong>ει</strong></span> <span class='ocrx_word' id='word_1_404' title='bbox 3163 2921 3327 2962; x_wconf 71' lang='lat' dir='ltr'><strong>unam</strong></span> 
     </span>
    </p>
   </div>
   <div class='ocr_carea' id='block_1_28' title="bbox 96 2983 3328 3067">
    <p class='ocr_par' dir='ltr' id='par_1_28' title="bbox 96 2983 3328 3067">
     <span class='ocr_line' id='line_1_28' title="bbox 96 2983 3328 3067; baseline 0.004 -31"><span class='ocrx_word' id='word_1_405' title='bbox 96 2983 142 3037; x_wconf 90' lang='lat' dir='ltr'><strong>in</strong></span> <span class='ocrx_word' id='word_1_406' title='bbox 172 2993 350 3038; x_wconf 91' lang='lat' dir='ltr'><strong>monte</strong></span> <span class='ocrx_word' id='word_1_407' title='bbox 399 2983 643 3048; x_wconf 83' lang='lat' dir='ltr'><strong>Nitriae,</strong></span> <span class='ocrx_word' id='word_1_408' title='bbox 691 2995 749 3039; x_wconf 92' lang='lat' dir='ltr'><strong>ut</strong></span> <span class='ocrx_word' id='word_1_409' title='bbox 775 2985 1014 3042; x_wconf 85' lang='lat' dir='ltr'><strong>Antonio</strong></span> <span class='ocrx_word' id='word_1_410' title='bbox 1039 2988 1228 3043; x_wconf 89' lang='lat' dir='ltr'><strong>adesse</strong></span> <span class='ocrx_word' id='word_1_411' title='bbox 1283 2988 1453 3058; x_wconf 82' lang='lat' dir='ltr'><strong>eique‘</strong></span> <span class='ocrx_word' id='word_1_412' title='bbox 1491 2988 1802 3042; x_wconf 88' lang='lat' dir='ltr'><strong>ministrare</strong></span> <span class='ocrx_word' id='word_1_413' title='bbox 1827 2986 1982 3040; x_wconf 87' lang='lat' dir='ltr'><strong>facile</strong></span> <span class='ocrx_word' id='word_1_414' title='bbox 2011 2984 2201 3055; x_wconf 92' lang='lat' dir='ltr'><strong>possit.</strong></span> <span class='ocrx_word' id='word_1_415' title='bbox 2238 2985 2348 3038; x_wconf 85' lang='lat' dir='ltr'><strong>Nec</strong></span> <span class='ocrx_word' id='word_1_416' title='bbox 2381 2984 2643 3038; x_wconf 85' lang='lat' dir='ltr'><strong>validiora</strong></span> <span class='ocrx_word' id='word_1_417' title='bbox 2681 2995 2810 3041; x_wconf 87' lang='lat' dir='ltr'><strong>sunt</strong></span> <span class='ocrx_word' id='word_1_418' title='bbox 2832 3004 3170 3061; x_wconf 86' lang='lat' dir='ltr'><strong>argumenta,</strong></span> <span class='ocrx_word' id='word_1_419' title='bbox 3199 3000 3328 3067; x_wconf 81' lang='lat' dir='ltr'><strong>qui—</strong></span> 
     </span>
    </p>
   </div>
   <div class='ocr_carea' id='block_1_29' title="bbox 91 3071 3329 3157">
    <p class='ocr_par' dir='ltr' id='par_1_29' title="bbox 91 3071 3329 3157">
     <span class='ocr_line' id='line_1_29' title="bbox 91 3071 3329 3157; baseline 0.004 -28"><span class='ocrx_word' id='word_1_420' title='bbox 91 3077 180 3129; x_wconf 91' lang='lat' dir='ltr'><strong>bus</strong></span> <span class='ocrx_word' id='word_1_421' title='bbox 199 3071 493 3146; x_wconf 87' lang='lat' dir='ltr'><strong>praedicta</strong></span> <span class='ocrx_word' id='word_1_422' title='bbox 522 3077 799 3148; x_wconf 88' lang='lat' dir='ltr'><strong>Opuscula</strong></span> <span class='ocrx_word' id='word_1_423' title='bbox 824 3083 1022 3137; x_wconf 90' lang='lat' dir='ltr'><strong>horum</strong></span> <span class='ocrx_word' id='word_1_424' title='bbox 1047 3083 1228 3139; x_wconf 91' lang='lat' dir='ltr'><strong>neutri</strong></span> <span class='ocrx_word' id='word_1_425' title='bbox 1254 3082 1614 3138; x_wconf 90' lang='lat' dir='ltr'><strong>adscribenda</strong></span> <span class='ocrx_word' id='word_1_426' title='bbox 1637 3098 1756 3138; x_wconf 85' lang='lat' dir='ltr'><strong>esse</strong></span> <span class='ocrx_word' id='word_1_427' title='bbox 1780 3081 2010 3151; x_wconf 88' lang='lat' dir='ltr'><strong>probare</strong></span> <span class='ocrx_word' id='word_1_428' title='bbox 2038 3081 2234 3134; x_wconf 90' lang='lat' dir='ltr'><strong>nititur</strong></span> <span class='ocrx_word' id='word_1_429' title='bbox 2258 3080 2536 3134; x_wconf 84' lang='lat' dir='ltr'><strong>Pessinus.</strong></span> <span class='ocrx_word' id='word_1_430' title='bbox 2561 3080 2678 3134; x_wconf 83' lang='lat' dir='ltr'><strong>Non</strong></span> <span class='ocrx_word' id='word_1_431' title='bbox 2704 3082 2983 3154; x_wconf 74' lang='lat' dir='ltr'><strong>Aegyptio,</strong></span> <span class='ocrx_word' id='word_1_432' title='bbox 3011 3089 3138 3157; x_wconf 90' lang='lat' dir='ltr'><strong>quia</strong></span> <span class='ocrx_word' id='word_1_433' title='bbox 3157 3093 3329 3150; x_wconf 69' lang='lat' dir='ltr'><strong>refert</strong></span> 
     </span>
    </p>
   </div>
   <div class='ocr_carea' id='block_1_30' title="bbox 91 3167 3329 3253">
    <p class='ocr_par' dir='ltr' id='par_1_30' title="bbox 91 3167 3329 3253">
     <span class='ocr_line' id='line_1_30' title="bbox 91 3167 3329 3253; baseline 0.003 -32"><span class='ocrx_word' id='word_1_434' title='bbox 91 3167 388 3222; x_wconf 85' lang='lat' dir='ltr'><strong>Gennadius</strong></span> <span class='ocrx_word' id='word_1_435' title='bbox 419 3168 518 3240; x_wconf 87' lang='lat' dir='ltr'><strong>[de</strong></span> <span class='ocrx_word' id='word_1_436' title='bbox 557 3170 760 3240; x_wconf 88' lang='lat' dir='ltr'><strong>Script.</strong></span> <span class='ocrx_word' id='word_1_437' title='bbox 797 3173 944 3228; x_wconf 90' lang='lat' dir='ltr'><strong>Eccl.</strong></span> <span class='ocrx_word' id='word_1_438' title='bbox 970 3191 1018 3230; x_wconf 93' lang='lat' dir='ltr'><strong>c.</strong></span> <span class='ocrx_word' id='word_1_439' title='bbox 1047 3173 1181 3247; x_wconf 75' lang='lat'><strong>10.],</strong></span> <span class='ocrx_word' id='word_1_440' title='bbox 1210 3174 1388 3244; x_wconf 88' lang='lat' dir='ltr'><strong>ipsum</strong></span> <span class='ocrx_word' id='word_1_441' title='bbox 1422 3190 1585 3230; x_wconf 90' lang='lat' dir='ltr'><strong>unam</strong></span> <span class='ocrx_word' id='word_1_442' title='bbox 1611 3183 1820 3229; x_wconf 85' lang='lat' dir='ltr'><strong>tantum</strong></span> <span class='ocrx_word' id='word_1_443' title='bbox 1869 3172 1936 3226; x_wconf 92' lang='lat' dir='ltr'><strong>ad</strong></span> <span class='ocrx_word' id='word_1_444' title='bbox 1958 3173 2206 3242; x_wconf 88' lang='lat' dir='ltr'><strong>juniores</strong></span> <span class='ocrx_word' id='word_1_445' title='bbox 2247 3171 2604 3240; x_wconf 89' lang='lat' dir='ltr'><strong>professionis</strong></span> <span class='ocrx_word' id='word_1_446' title='bbox 2656 3187 2785 3228; x_wconf 90' lang='lat' dir='ltr'><strong>suae</strong></span> <span class='ocrx_word' id='word_1_447' title='bbox 2823 3176 3104 3247; x_wconf 88' lang='lat' dir='ltr'><strong>scripsisse</strong></span> <span class='ocrx_word' id='word_1_448' title='bbox 3124 3184 3329 3253; x_wconf 72' lang='lat' dir='ltr'><strong>episto—</strong></span> 
     </span>
    </p>
   </div>
   <div class='ocr_carea' id='block_1_31' title="bbox 85 3261 3328 3347">
    <p class='ocr_par' dir='ltr' id='par_1_31' title="bbox 85 3261 3328 3347">
     <span class='ocr_line' id='line_1_31' title="bbox 85 3261 3328 3347; baseline 0.004 -31"><span class='ocrx_word' id='word_1_449' title='bbox 85 3261 197 3316; x_wconf 79' lang='lat' dir='ltr'><strong>lam.</strong></span> <span class='ocrx_word' id='word_1_450' title='bbox 240 3263 386 3328; x_wconf 87' lang='lat' dir='ltr'><strong>Quid</strong></span> <span class='ocrx_word' id='word_1_451' title='bbox 425 3263 474 3316; x_wconf 90' lang='lat' dir='ltr'><strong>si</strong></span> <span class='ocrx_word' id='word_1_452' title='bbox 512 3279 654 3316; x_wconf 82' lang='lat' dir='ltr'><strong>vero</strong></span> <span class='ocrx_word' id='word_1_453' title='bbox 693 3263 1010 3320; x_wconf 89' lang='lat' dir='ltr'><strong>Gennadius</strong></span> <span class='ocrx_word' id='word_1_454' title='bbox 1058 3265 1126 3319; x_wconf 92' lang='lat' dir='ltr'><strong>de</strong></span> <span class='ocrx_word' id='word_1_455' title='bbox 1162 3265 1290 3319; x_wconf 86' lang='lat' dir='ltr'><strong>solis</strong></span> <span class='ocrx_word' id='word_1_456' title='bbox 1317 3263 1536 3318; x_wconf 86' lang='lat' dir='ltr'><strong>Macarii</strong></span> <span class='ocrx_word' id='word_1_457' title='bbox 1566 3262 1811 3333; x_wconf 87' lang='lat' dir='ltr'><strong>epistolis</strong></span> <span class='ocrx_word' id='word_1_458' title='bbox 1848 3263 2132 3333; x_wconf 84' lang='lat' dir='ltr'><strong>loquitur?</strong></span> <span class='ocrx_word' id='word_1_459' title='bbox 2155 3262 2294 3328; x_wconf 90' lang='lat' dir='ltr'><strong>Quid</strong></span> <span class='ocrx_word' id='word_1_460' title='bbox 2352 3261 2396 3316; x_wconf 92' lang='lat' dir='ltr'><strong>si</strong></span> <span class='ocrx_word' id='word_1_461' title='bbox 2429 3261 2534 3316; x_wconf 88' lang='lat' dir='ltr'><strong>alia</strong></span> <span class='ocrx_word' id='word_1_462' title='bbox 2560 3263 2843 3333; x_wconf 84' lang='lat' dir='ltr'><strong>scripserit</strong></span> <span class='ocrx_word' id='word_1_463' title='bbox 2875 3267 3162 3339; x_wconf 86' lang='lat' dir='ltr'><strong>Macarius,</strong></span> <span class='ocrx_word' id='word_1_464' title='bbox 3183 3293 3328 3347; x_wconf 79' lang='lat' dir='ltr'><strong>quae</strong></span> 
     </span>
    </p>
   </div>
   <div class='ocr_carea' id='block_1_32' title="bbox 84 3352 3331 3437">
    <p class='ocr_par' dir='ltr' id='par_1_32' title="bbox 84 3352 3331 3437">
     <span class='ocr_line' id='line_1_32' title="bbox 84 3352 3331 3437; baseline 0.005 -32"><span class='ocrx_word' id='word_1_465' title='bbox 84 3352 330 3409; x_wconf 86' lang='lat' dir='ltr'><strong>Gennadii</strong></span> <span class='ocrx_word' id='word_1_466' title='bbox 359 3355 724 3426; x_wconf 83' lang='lat' dir='ltr'><strong>diligentiam</strong></span> <span class='ocrx_word' id='word_1_467' title='bbox 761 3359 1018 3429; x_wconf 82' lang='lat' dir='ltr'><strong>fugerint,</strong></span> <span class='ocrx_word' id='word_1_468' title='bbox 1045 3361 1312 3418; x_wconf 56' lang='lat' dir='ltr'><strong>cumfnon</strong></span> <span class='ocrx_word' id='word_1_469' title='bbox 1350 3375 1522 3428; x_wconf 88' lang='lat' dir='ltr'><strong>pauca</strong></span> <span class='ocrx_word' id='word_1_470' title='bbox 1546 3359 1751 3428; x_wconf 88' lang='lat' dir='ltr'><strong>scripta</strong></span> <span class='ocrx_word' id='word_1_471' title='bbox 1777 3358 1904 3423; x_wconf 90' lang='lat' dir='ltr'><strong>sint,</strong></span> <span class='ocrx_word' id='word_1_472' title='bbox 1934 3372 2072 3428; x_wconf 87' lang='lat' dir='ltr'><strong>quae</strong></span> <span class='ocrx_word' id='word_1_473' title='bbox 2095 3356 2300 3411; x_wconf 86' lang='lat' dir='ltr'><strong>frustra</strong></span> <span class='ocrx_word' id='word_1_474' title='bbox 2323 3355 2465 3426; x_wconf 91' lang='lat' dir='ltr'><strong>apud</strong></span> <span class='ocrx_word' id='word_1_475' title='bbox 2487 3355 2826 3413; x_wconf 86' lang='lat' dir='ltr'><strong>Gennadium</strong></span> <span class='ocrx_word' id='word_1_476' title='bbox 2852 3366 3038 3432; x_wconf 88' lang='lat' dir='ltr'><strong>quaeri</strong></span> <span class='ocrx_word' id='word_1_477' title='bbox 3060 3374 3331 3437; x_wconf 74' lang='lat' dir='ltr'><strong>possunt?</strong></span> 
     </span>
    </p>
   </div>
   <div class='ocr_carea' id='block_1_33' title="bbox 77 3443 3329 3519">
    <p class='ocr_par' dir='ltr' id='par_1_33' title="bbox 77 3443 3329 3519">
     <span class='ocr_line' id='line_1_33' title="bbox 77 3443 3329 3519; baseline 0.005 -22"><span class='ocrx_word' id='word_1_478' title='bbox 77 3443 182 3497; x_wconf 82' lang='lat' dir='ltr'><strong>Non</strong></span> <span class='ocrx_word' id='word_1_479' title='bbox 208 3444 460 3515; x_wconf 87' lang='lat' dir='ltr'><strong>denique</strong></span> <span class='ocrx_word' id='word_1_480' title='bbox 499 3446 886 3503; x_wconf 87' lang='lat' dir='ltr'><strong>Alexandrino</strong></span> <span class='ocrx_word' id='word_1_481' title='bbox 923 3458 1133 3513; x_wconf 89' lang='lat' dir='ltr'><strong>nostro,</strong></span> <span class='ocrx_word' id='word_1_482' title='bbox 1159 3449 1288 3519; x_wconf 90' lang='lat' dir='ltr'><strong>quia</strong></span> <span class='ocrx_word' id='word_1_483' title='bbox 1318 3449 1530 3503; x_wconf 90' lang='lat' dir='ltr'><strong>scilicet</strong></span> <span class='ocrx_word' id='word_1_484' title='bbox 1595 3449 1744 3503; x_wconf 91' lang='lat' dir='ltr'><strong>inter</strong></span> <span class='ocrx_word' id='word_1_485' title='bbox 1784 3449 1979 3513; x_wconf 89' lang='lat' dir='ltr'><strong>multa,</strong></span> <span class='ocrx_word' id='word_1_486' title='bbox 2015 3462 2155 3518; x_wconf 89' lang='lat' dir='ltr'><strong>quae</strong></span> <span class='ocrx_word' id='word_1_487' title='bbox 2187 3447 2254 3501; x_wconf 90' lang='lat' dir='ltr'><strong>de</strong></span> <span class='ocrx_word' id='word_1_488' title='bbox 2275 3462 2343 3501; x_wconf 89' lang='lat' dir='ltr'><strong>eo</strong></span> <span class='ocrx_word' id='word_1_489' title='bbox 2365 3447 2571 3502; x_wconf 91' lang='lat' dir='ltr'><strong>habent</strong></span> <span class='ocrx_word' id='word_1_490' title='bbox 2610 3448 2963 3519; x_wconf 89' lang='lat' dir='ltr'><strong>Sozomcnus,</strong></span> <span class='ocrx_word' id='word_1_491' title='bbox 2991 3454 3244 3516; x_wconf 85' lang='lat' dir='ltr'><strong>Socrates</strong></span> <span class='ocrx_word' id='word_1_492' title='bbox 3269 3472 3329 3517; x_wconf 84' lang='lat' dir='ltr'><strong>e:</strong></span> 
     </span>
    </p>
   </div>
   <div class='ocr_carea' id='block_1_34' title="bbox 83 3532 3326 3624">
    <p class='ocr_par' dir='ltr' id='par_1_34' title="bbox 83 3532 3326 3624">
     <span class='ocr_line' id='line_1_34' title="bbox 83 3532 3326 3624; baseline 0.005 -38"><span class='ocrx_word' id='word_1_493' title='bbox 83 3532 440 3604; x_wconf 75' lang='lat' dir='ltr'><strong>Nicephorus,</strong></span> <span class='ocrx_word' id='word_1_494' title='bbox 475 3538 629 3592; x_wconf 87' lang='lat' dir='ltr'><strong>nihil</strong></span> <span class='ocrx_word' id='word_1_495' title='bbox 659 3554 885 3609; x_wconf 90' lang='lat' dir='ltr'><strong>prorsus</strong></span> <span class='ocrx_word' id='word_1_496' title='bbox 913 3541 1172 3606; x_wconf 89' lang='lat' dir='ltr'><strong>referant,</strong></span> <span class='ocrx_word' id='word_1_497' title='bbox 1199 3542 1341 3598; x_wconf 91' lang='lat' dir='ltr'><strong>unde</strong></span> <span class='ocrx_word' id='word_1_498' title='bbox 1361 3542 1644 3612; x_wconf 90' lang='lat' dir='ltr'><strong>scripsisse</strong></span> <span class='ocrx_word' id='word_1_499' title='bbox 1683 3542 1980 3611; x_wconf 86' lang='lat' dir='ltr'><strong>quidquam</strong></span> <span class='ocrx_word' id='word_1_500' title='bbox 2009 3556 2158 3604; x_wconf 90' lang='lat' dir='ltr'><strong>eum,</strong></span> <span class='ocrx_word' id='word_1_501' title='bbox 2202 3540 2348 3610; x_wconf 92' lang='lat' dir='ltr'><strong>quod</strong></span> <span class='ocrx_word' id='word_1_502' title='bbox 2366 3541 2422 3594; x_wconf 92' lang='lat' dir='ltr'><strong>in</strong></span> <span class='ocrx_word' id='word_1_503' title='bbox 2452 3541 2630 3595; x_wconf 90' lang='lat' dir='ltr'><strong>lucem</strong></span> <span class='ocrx_word' id='word_1_504' title='bbox 2655 3558 2719 3598; x_wconf 89' lang='lat' dir='ltr'><strong>ac</strong></span> <span class='ocrx_word' id='word_1_505' title='bbox 2735 3543 2933 3600; x_wconf 88' lang='lat' dir='ltr'><strong>famam</strong></span> <span class='ocrx_word' id='word_1_506' title='bbox 2951 3549 3166 3616; x_wconf 80' lang='lat' dir='ltr'><strong>exierit,</strong></span> <span class='ocrx_word' id='word_1_507' title='bbox 3187 3569 3326 3624; x_wconf 64' lang='grc' dir='ltr'><strong>,ρος-</strong></span> 
     </span>
    </p>
   </div>
   <div class='ocr_carea' id='block_1_35' title="bbox 70 3626 3378 3703">
    <p class='ocr_par' dir='ltr' id='par_1_35' title="bbox 70 3626 3378 3703">
     <span class='ocr_line' id='line_1_35' title="bbox 70 3626 3378 3703; baseline 0.006 -26"><span class='ocrx_word' id='word_1_508' title='bbox 70 3626 134 3679; x_wconf 86' lang='lat' dir='ltr'><strong>sit</strong></span> <span class='ocrx_word' id='word_1_509' title='bbox 162 3626 423 3699; x_wconf 83' lang='lat' dir='ltr'><strong>intelligi.</strong></span> <span class='ocrx_word' id='word_1_510' title='bbox 454 3629 712 3684; x_wconf 88' lang='lat' dir='ltr'><strong>meclle</strong></span> <span class='ocrx_word' id='word_1_511' title='bbox 763 3646 988 3700; x_wconf 79' lang='lat' dir='ltr'><strong>prorsus</strong></span> <span class='ocrx_word' id='word_1_512' title='bbox 1037 3641 1092 3687; x_wconf 87' lang='lat' dir='ltr'><strong>et</strong></span> <span class='ocrx_word' id='word_1_513' title='bbox 1137 3635 1294 3703; x_wconf 85' lang='lat' dir='ltr'><strong>plane</strong></span> <span class='ocrx_word' id='word_1_514' title='bbox 1354 3633 1646 3687; x_wconf 87' lang='lat' dir='ltr'><strong>liculneum</strong></span> <span class='ocrx_word' id='word_1_515' title='bbox 1715 3633 2116 3702; x_wconf 82' lang='lat' dir='ltr'><strong>argumentum!</strong></span> <span class='ocrx_word' id='word_1_516' title='bbox 2146 3630 2279 3696; x_wconf 91' lang='lat' dir='ltr'><strong>Quis</strong></span> <span class='ocrx_word' id='word_1_517' title='bbox 2306 3631 2453 3684; x_wconf 89' lang='lat' dir='ltr'><strong>enim</strong></span> <span class='ocrx_word' id='word_1_518' title='bbox 2496 3631 2688 3694; x_wconf 86' lang='lat' dir='ltr'><strong>nescit,</strong></span> <span class='ocrx_word' id='word_1_519' title='bbox 2722 3647 2831 3686; x_wconf 93' lang='lat' dir='ltr'><strong>non</strong></span> <span class='ocrx_word' id='word_1_520' title='bbox 2873 3633 2926 3688; x_wconf 91' lang='lat' dir='ltr'><strong>id</strong></span> <span class='ocrx_word' id='word_1_521' title='bbox 2957 3635 3060 3690; x_wconf 89' lang='lat' dir='ltr'><strong>sibi</strong></span> <span class='ocrx_word' id='word_1_522' title='bbox 3089 3637 3328 3698; x_wconf 74' lang='lat' dir='ltr'><strong>voluisse</strong></span> <span class='ocrx_word' id='word_1_523' title='bbox 3368 3630 3378 3646; x_wconf 87' lang='grc'><em>’</em></span> 
     </span>
    </p>
   </div>
   <div class='ocr_carea' id='block_1_36' title="bbox 71 3714 3330 3794">
    <p class='ocr_par' dir='ltr' id='par_1_36' title="bbox 71 3714 3330 3794">
     <span class='ocr_line' id='line_1_36' title="bbox 71 3714 3330 3794; baseline 0.006 -25"><span class='ocrx_word' id='word_1_524' title='bbox 71 3714 338 3772; x_wconf 87' lang='lat' dir='ltr'><strong>Socratem</strong></span> <span class='ocrx_word' id='word_1_525' title='bbox 369 3730 433 3774; x_wconf 91' lang='lat' dir='ltr'><strong>et</strong></span> <span class='ocrx_word' id='word_1_526' title='bbox 466 3723 873 3786; x_wconf 82' lang='lat' dir='ltr'><strong>Sozomenum,</strong></span> <span class='ocrx_word' id='word_1_527' title='bbox 909 3721 976 3776; x_wconf 91' lang='lat' dir='ltr'><strong>de</strong></span> <span class='ocrx_word' id='word_1_528' title='bbox 1027 3723 1386 3794; x_wconf 87' lang='lat' dir='ltr'><strong>scriptoribus</strong></span> <span class='ocrx_word' id='word_1_529' title='bbox 1435 3721 1822 3777; x_wconf 85' lang='lat' dir='ltr'><strong>ecclesiasticis</strong></span> <span class='ocrx_word' id='word_1_530' title='bbox 1870 3737 1938 3776; x_wconf 85' lang='lat' dir='ltr'><strong>ex</strong></span> <span class='ocrx_word' id='word_1_531' title='bbox 1981 3721 2227 3790; x_wconf 90' lang='lat' dir='ltr'><strong>professo</strong></span> <span class='ocrx_word' id='word_1_532' title='bbox 2279 3720 2474 3791; x_wconf 86' lang='lat' dir='ltr'><strong>agere?</strong></span> <span class='ocrx_word' id='word_1_533' title='bbox 2529 3720 2684 3774; x_wconf 87' lang='lat' dir='ltr'><strong>Viros</strong></span> <span class='ocrx_word' id='word_1_534' title='bbox 2737 3722 2959 3790; x_wconf 88' lang='lat' dir='ltr'><strong>quidem</strong></span> <span class='ocrx_word' id='word_1_535' title='bbox 3019 3728 3330 3787; x_wconf 89' lang='lat' dir='ltr'><strong>eruditione</strong></span> 
     </span>
    </p>
   </div>
   <div class='ocr_carea' id='block_1_37' title="bbox 64 3806 3331 3888">
    <p class='ocr_par' dir='ltr' id='par_1_37' title="bbox 64 3806 3331 3888">
     <span class='ocr_line' id='line_1_37' title="bbox 64 3806 3331 3888; baseline 0.005 -29"><span class='ocrx_word' id='word_1_536' title='bbox 64 3806 225 3862; x_wconf 81' lang='lat' dir='ltr'><strong>claros</strong></span> <span class='ocrx_word' id='word_1_537' title='bbox 251 3824 622 3865; x_wconf 86' lang='lat' dir='ltr'><strong>enumerare</strong></span> <span class='ocrx_word' id='word_1_538' title='bbox 651 3811 847 3877; x_wconf 90' lang='lat' dir='ltr'><strong>solent,</strong></span> <span class='ocrx_word' id='word_1_539' title='bbox 883 3814 1084 3884; x_wconf 90' lang='lat' dir='ltr'><strong>scripta</strong></span> <span class='ocrx_word' id='word_1_540' title='bbox 1113 3829 1237 3868; x_wconf 90' lang='lat' dir='ltr'><strong>raro</strong></span> <span class='ocrx_word' id='word_1_541' title='bbox 1282 3821 1376 3868; x_wconf 90' lang='lat' dir='ltr'><strong>aut</strong></span> <span class='ocrx_word' id='word_1_542' title='bbox 1411 3829 1690 3882; x_wconf 91' lang='lat' dir='ltr'><strong>nunquam</strong></span> <span class='ocrx_word' id='word_1_543' title='bbox 1730 3827 2050 3877; x_wconf 89' lang='lat' dir='ltr'><strong>recensere;</strong></span> <span class='ocrx_word' id='word_1_544' title='bbox 2087 3812 2224 3865; x_wconf 90' lang='lat' dir='ltr'><strong>adeo</strong></span> <span class='ocrx_word' id='word_1_545' title='bbox 2250 3820 2310 3865; x_wconf 90' lang='lat' dir='ltr'><strong>ut</strong></span> <span class='ocrx_word' id='word_1_546' title='bbox 2364 3811 2501 3864; x_wconf 90' lang='lat' dir='ltr'><strong>nihil</strong></span> <span class='ocrx_word' id='word_1_547' title='bbox 2566 3813 2764 3878; x_wconf 86' lang='lat' dir='ltr'><strong>obstet,</strong></span> <span class='ocrx_word' id='word_1_548' title='bbox 2792 3818 3156 3888; x_wconf 88' lang='lat' dir='ltr'><strong>nequicquam</strong></span> <span class='ocrx_word' id='word_1_549' title='bbox 3185 3825 3331 3878; x_wconf 90' lang='lat' dir='ltr'><strong>reni-</strong></span> 
     </span>
    </p>
   </div>
   <div class='ocr_carea' id='block_1_38' title="bbox 65 3899 3331 3972">
    <p class='ocr_par' dir='ltr' id='par_1_38' title="bbox 65 3899 3331 3972">
     <span class='ocr_line' id='line_1_38' title="bbox 65 3899 3331 3972; baseline 0.006 -22"><span class='ocrx_word' id='word_1_550' title='bbox 65 3903 199 3952; x_wconf 85' lang='lat' dir='ltr'><strong>tente</strong></span> <span class='ocrx_word' id='word_1_551' title='bbox 254 3899 534 3965; x_wconf 89' lang='lat' dir='ltr'><strong>Possino,</strong></span> <span class='ocrx_word' id='word_1_552' title='bbox 589 3903 889 3971; x_wconf 89' lang='lat' dir='ltr'><strong>quominus</strong></span> <span class='ocrx_word' id='word_1_553' title='bbox 937 3901 1218 3971; x_wconf 85' lang='lat' dir='ltr'><strong>praedicta</strong></span> <span class='ocrx_word' id='word_1_554' title='bbox 1256 3901 1528 3972; x_wconf 90' lang='lat' dir='ltr'><strong>Opuscula</strong></span> <span class='ocrx_word' id='word_1_555' title='bbox 1559 3901 1915 3957; x_wconf 86' lang='lat' dir='ltr'><strong>Macariorum</strong></span> <span class='ocrx_word' id='word_1_556' title='bbox 1937 3910 2251 3956; x_wconf 89' lang='lat' dir='ltr'><strong>nostrorum</strong></span> <span class='ocrx_word' id='word_1_557' title='bbox 2297 3901 2585 3965; x_wconf 85' lang='lat' dir='ltr'><strong>alterutri,</strong></span> <span class='ocrx_word' id='word_1_558' title='bbox 2616 3913 2672 3958; x_wconf 89' lang='lat' dir='ltr'><strong>et</strong></span> <span class='ocrx_word' id='word_1_559' title='bbox 2719 3903 2902 3960; x_wconf 88' lang='lat' dir='ltr'><strong>forsan</strong></span> <span class='ocrx_word' id='word_1_560' title='bbox 2959 3907 3331 3968; x_wconf 75' lang='lat' dir='ltr'><strong>Alexandrino</strong></span> 
     </span>
    </p>
   </div>
   <div class='ocr_carea' id='block_1_39' title="bbox 60 3996 3430 4074">
    <p class='ocr_par' dir='ltr' id='par_1_39' title="bbox 60 3996 3430 4074">
     <span class='ocr_line' id='line_1_39' title="bbox 60 3996 3430 4074; baseline 0.004 -30"><span class='ocrx_word' id='word_1_561' title='bbox 60 4001 256 4060; x_wconf 89' lang='lat' dir='ltr'><strong>nostro,</strong></span> <span class='ocrx_word' id='word_1_562' title='bbox 286 4011 407 4049; x_wconf 91' lang='lat' dir='ltr'><strong>non</strong></span> <span class='ocrx_word' id='word_1_563' title='bbox 433 3997 743 4052; x_wconf 85' lang='lat' dir='ltr'><strong>immerito</strong></span> <span class='ocrx_word' id='word_1_564' title='bbox 777 3997 1064 4054; x_wconf 90' lang='lat' dir='ltr'><strong>tribuenda</strong></span> <span class='ocrx_word' id='word_1_565' title='bbox 1104 3998 1233 4053; x_wconf 91' lang='lat' dir='ltr'><strong>sint.</strong></span> <span class='ocrx_word' id='word_1_566' title='bbox 1264 3998 1654 4070; x_wconf 81' lang='lat' dir='ltr'><strong>Exstatgraece</strong></span> <span class='ocrx_word' id='word_1_567' title='bbox 1683 3998 1792 4053; x_wconf 86' lang='lat' dir='ltr'><strong>MS.</strong></span> <span class='ocrx_word' id='word_1_568' title='bbox 1831 3998 1934 4053; x_wconf 90' lang='lat' dir='ltr'><strong>sub</strong></span> <span class='ocrx_word' id='word_1_569' title='bbox 1969 3997 2187 4052; x_wconf 81' lang='lat' dir='ltr'><strong>Macarii</strong></span> <span class='ocrx_word' id='word_1_570' title='bbox 2226 3996 2401 4051; x_wconf 91' lang='lat' dir='ltr'><strong>nostri</strong></span> <span class='ocrx_word' id='word_1_571' title='bbox 2425 3997 2778 4052; x_wconf 79' lang='lat' dir='ltr'><strong>Alexandrini</strong></span> <span class='ocrx_word' id='word_1_572' title='bbox 2818 3999 3040 4056; x_wconf 91' lang='lat' dir='ltr'><strong>nomine</strong></span> <span class='ocrx_word' id='word_1_573' title='bbox 3059 4001 3333 4074; x_wconf 87' lang='lat' dir='ltr'><strong>fragmen-</strong></span> <span class='ocrx_word' id='word_1_574' title='bbox 3425 4029 3430 4034; x_wconf 85' lang='grc'>·</span> 
     </span>
    </p>
   </div>
   <div class='ocr_carea' id='block_1_40' title="bbox 59 4083 3333 4164">
    <p class='ocr_par' dir='ltr' id='par_1_40' title="bbox 59 4083 3333 4164">
     <span class='ocr_line' id='line_1_40' title="bbox 59 4083 3333 4164; baseline 0.005 -30"><span class='ocrx_word' id='word_1_575' title='bbox 59 4090 162 4134; x_wconf 84' lang='lat' dir='ltr'><strong>tum</strong></span> <span class='ocrx_word' id='word_1_576' title='bbox 181 4099 248 4136; x_wconf 79' lang='lat' dir='ltr'><strong>ex</strong></span> <span class='ocrx_word' id='word_1_577' title='bbox 280 4083 730 4149; x_wconf 82' lang='lat' dir='ltr'><strong>Quaestionibus</strong></span> <span class='ocrx_word' id='word_1_578' title='bbox 755 4089 823 4142; x_wconf 86' lang='lat' dir='ltr'><strong>ad</strong></span> <span class='ocrx_word' id='word_1_579' title='bbox 870 4090 1118 4161; x_wconf 80' lang='lat' dir='ltr'><strong>Magnum</strong></span> <span class='ocrx_word' id='word_1_580' title='bbox 1171 4090 1453 4144; x_wconf 79' lang='lat' dir='ltr'><strong>Eusebium</strong></span> <span class='ocrx_word' id='word_1_581' title='bbox 1502 4092 1795 4161; x_wconf 80' lang='lat' dir='ltr'><strong>episwpum</strong></span> <span class='ocrx_word' id='word_1_582' title='bbox 1830 4090 2251 4144; x_wconf 73' lang='lat' dir='ltr'><strong>Alexandrinum</strong></span> <span class='ocrx_word' id='word_1_583' title='bbox 2278 4088 2419 4142; x_wconf 87' lang='lat' dir='ltr'><strong>Bibl.</strong></span> <span class='ocrx_word' id='word_1_584' title='bbox 2450 4087 2682 4142; x_wconf 81' lang='lat' dir='ltr'><strong>Vindob.</strong></span> <span class='ocrx_word' id='word_1_585' title='bbox 2707 4087 2840 4144; x_wconf 84' lang='lat' dir='ltr'><strong>Cod.</strong></span> <span class='ocrx_word' id='word_1_586' title='bbox 2875 4090 3067 4146; x_wconf 84' lang='lat' dir='ltr'><strong>Theol.</strong></span> <span class='ocrx_word' id='word_1_587' title='bbox 3103 4091 3192 4158; x_wconf 80' lang='grc'><strong>84,</strong></span> <span class='ocrx_word' id='word_1_588' title='bbox 3219 4109 3333 4164; x_wconf 84' lang='lat' dir='ltr'><strong>quo</strong></span> 
     </span>
    </p>
   </div>
   <div class='ocr_carea' id='block_1_41' title="bbox 53 4179 3330 4258">
    <p class='ocr_par' dir='ltr' id='par_1_41' title="bbox 53 4179 3330 4258">
     <span class='ocr_line' id='line_1_41' title="bbox 53 4179 3330 4258; baseline 0.006 -32"><span class='ocrx_word' id='word_1_589' title='bbox 53 4179 294 4247; x_wconf 69' lang='lat' dir='ltr'><strong>anonymi</strong></span> <span class='ocrx_word' id='word_1_590' title='bbox 325 4180 660 4250; x_wconf 86' lang='lat' dir='ltr'><strong>cujusdam</strong></span> <span class='ocrx_word' id='word_1_591' title='bbox 689 4181 809 4235; x_wconf 86' lang='lat' dir='ltr'><strong>Loci</strong></span> <span class='ocrx_word' id='word_1_592' title='bbox 833 4200 1132 4238; x_wconf 82' lang='lat' dir='ltr'><strong>communes</strong></span> <span class='ocrx_word' id='word_1_593' title='bbox 1170 4185 1374 4238; x_wconf 87' lang='lat' dir='ltr'><strong>ascetici</strong></span> <span class='ocrx_word' id='word_1_594' title='bbox 1398 4184 1461 4237; x_wconf 88' lang='lat' dir='ltr'><strong>de</strong></span> <span class='ocrx_word' id='word_1_595' title='bbox 1507 4186 1806 4238; x_wconf 84' lang='lat' dir='ltr'><strong>charactere</strong></span> <span class='ocrx_word' id='word_1_596' title='bbox 1856 4185 1964 4238; x_wconf 83' lang='lat' dir='ltr'><strong>veri</strong></span> <span class='ocrx_word' id='word_1_597' title='bbox 2011 4182 2396 4238; x_wconf 81' lang='lat' dir='ltr'><strong>Christianismi</strong></span> <span class='ocrx_word' id='word_1_598' title='bbox 2416 4198 2482 4238; x_wconf 84' lang='lat' dir='ltr'><strong>ex</strong></span> <span class='ocrx_word' id='word_1_599' title='bbox 2504 4185 2672 4239; x_wconf 73' lang='lat' dir='ltr'><strong>variis</strong></span> <span class='ocrx_word' id='word_1_600' title='bbox 2703 4183 2796 4240; x_wconf 90' lang='lat' dir='ltr'><strong>SS.</strong></span> <span class='ocrx_word' id='word_1_601' title='bbox 2816 4187 3037 4242; x_wconf 89' lang='lat' dir='ltr'><strong>Patrum</strong></span> <span class='ocrx_word' id='word_1_602' title='bbox 3065 4189 3330 4258; x_wconf 85' lang='lat' dir='ltr'><strong>operibus</strong></span> 
     </span>
    </p>
   </div>
   <div class='ocr_carea' id='block_1_42' title="bbox 49 4268 3325 4350">
    <p class='ocr_par' dir='ltr' id='par_1_42' title="bbox 49 4268 3325 4350">
     <span class='ocr_line' id='line_1_42' title="bbox 49 4268 3325 4350; baseline 0.005 -31"><span class='ocrx_word' id='word_1_603' title='bbox 49 4268 251 4326; x_wconf 76' lang='lat' dir='ltr'><strong>collecti</strong></span> <span class='ocrx_word' id='word_1_604' title='bbox 277 4276 706 4331; x_wconf 86' lang='lat' dir='ltr'><strong>continentur.</strong></span> <span class='ocrx_word' id='word_1_605' title='bbox 730 4277 862 4343; x_wconf 92' lang='lat' dir='ltr'><strong>Quis</strong></span> <span class='ocrx_word' id='word_1_606' title='bbox 896 4294 1026 4333; x_wconf 84' lang='lat' dir='ltr'><strong>vero</strong></span> <span class='ocrx_word' id='word_1_607' title='bbox 1050 4279 1216 4335; x_wconf 90' lang='lat' dir='ltr'><strong>fuerit</strong></span> <span class='ocrx_word' id='word_1_608' title='bbox 1247 4280 1338 4334; x_wconf 90' lang='lat' dir='ltr'><strong>hic</strong></span> <span class='ocrx_word' id='word_1_609' title='bbox 1357 4279 1579 4350; x_wconf 82' lang='lat' dir='ltr'><strong>Magnus</strong></span> <span class='ocrx_word' id='word_1_610' title='bbox 1604 4281 1877 4343; x_wconf 82' lang='lat' dir='ltr'><strong>Eusebius,</strong></span> <span class='ocrx_word' id='word_1_611' title='bbox 1914 4280 2018 4334; x_wconf 90' lang='lat' dir='ltr'><strong>hoc</strong></span> <span class='ocrx_word' id='word_1_612' title='bbox 2060 4280 2279 4335; x_wconf 89' lang='lat' dir='ltr'><strong>circiter</strong></span> <span class='ocrx_word' id='word_1_613' title='bbox 2300 4287 2545 4348; x_wconf 88' lang='lat' dir='ltr'><strong>tempore</strong></span> <span class='ocrx_word' id='word_1_614' title='bbox 2575 4277 2865 4347; x_wconf 84' lang='lat' dir='ltr'><strong>episcopus</strong></span> <span class='ocrx_word' id='word_1_615' title='bbox 2901 4279 3325 4345; x_wconf 83' lang='lat' dir='ltr'><strong>Alexandrinus.</strong></span> 
     </span>
    </p>
   </div>
   <div class='ocr_carea' id='block_1_43' title="bbox 45 4367 2555 4446">
    <p class='ocr_par' dir='ltr' id='par_1_43' title="bbox 45 4367 2555 4446">
     <span class='ocr_line' id='line_1_43' title="bbox 45 4367 2555 4446; baseline 0.002 -24"><span class='ocrx_word' id='word_1_616' title='bbox 45 4367 104 4423; x_wconf 87' lang='lat' dir='ltr'><strong>ad</strong></span> <span class='ocrx_word' id='word_1_617' title='bbox 142 4383 305 4436; x_wconf 87' lang='lat' dir='ltr'><strong>quem</strong></span> <span class='ocrx_word' id='word_1_618' title='bbox 341 4370 459 4426; x_wconf 88' lang='lat' dir='ltr'><strong>hae</strong></span> <span class='ocrx_word' id='word_1_619' title='bbox 496 4373 871 4440; x_wconf 81' lang='lat' dir='ltr'><strong>quaestiones</strong></span> <span class='ocrx_word' id='word_1_620' title='bbox 908 4377 1142 4446; x_wconf 89' lang='lat' dir='ltr'><strong>scriptae</strong></span> <span class='ocrx_word' id='word_1_621' title='bbox 1167 4385 1314 4440; x_wconf 90' lang='lat' dir='ltr'><strong>sunt,</strong></span> <span class='ocrx_word' id='word_1_622' title='bbox 1348 4377 1522 4430; x_wconf 89' lang='lat' dir='ltr'><strong>fateor</strong></span> <span class='ocrx_word' id='word_1_623' title='bbox 1551 4393 1635 4431; x_wconf 91' lang='lat' dir='ltr'><strong>me</strong></span> <span class='ocrx_word' id='word_1_624' title='bbox 1673 4393 1773 4431; x_wconf 91' lang='lat' dir='ltr'><strong>nec</strong></span> <span class='ocrx_word' id='word_1_625' title='bbox 1799 4376 2093 4430; x_wconf 79' lang='lat' dir='ltr'><strong>divinando</strong></span> <span class='ocrx_word' id='word_1_626' title='bbox 2130 4376 2346 4445; x_wconf 84' lang='lat' dir='ltr'><strong>assequi</strong></span> <span class='ocrx_word' id='word_1_627' title='bbox 2377 4390 2555 4445; x_wconf 90' lang='lat' dir='ltr'><strong>posse.</strong></span> 
     </span>
    </p>
   </div>
   <div class='ocr_carea' id='block_1_44' title="bbox 105 4449 3330 4540">
    <p class='ocr_par' dir='ltr' id='par_1_44' title="bbox 105 4449 3330 4540">
     <span class='ocr_line' id='line_1_44' title="bbox 105 4449 3330 4540; baseline 0.002 -29"><span class='ocrx_word' id='word_1_628' title='bbox 105 4459 352 4513; x_wconf 78' lang='lat' dir='ltr'><strong>ilabetur</strong></span> <span class='ocrx_word' id='word_1_629' title='bbox 406 4461 618 4516; x_wconf 86' lang='lat' dir='ltr'><strong>latine</strong></span> <span class='ocrx_word' id='word_1_630' title='bbox 668 4462 718 4515; x_wconf 89' lang='lat' dir='ltr'><strong>ei</strong></span> <span class='ocrx_word' id='word_1_631' title='bbox 753 4461 1016 4532; x_wconf 86' lang='lat' dir='ltr'><strong>inscripta</strong></span> <span class='ocrx_word' id='word_1_632' title='bbox 1042 4463 1247 4540; x_wconf 77' lang='lat' dir='ltr'><strong>Regula</strong></span> <span class='ocrx_word' id='word_1_633' title='bbox 1298 4467 1586 4518; x_wconf 85' lang='lat' dir='ltr'><strong>monastica</strong></span> <span class='ocrx_word' id='word_1_634' title='bbox 1613 4449 1762 4518; x_wconf 73' lang='lat' dir='ltr'><strong>XXX</strong></span> <span class='ocrx_word' id='word_1_635' title='bbox 1784 4465 2036 4533; x_wconf 87' lang='lat' dir='ltr'><strong>capitulis</strong></span> <span class='ocrx_word' id='word_1_636' title='bbox 2064 4465 2478 4534; x_wconf 87' lang='lat' dir='ltr'><strong>comprehensa,</strong></span> <span class='ocrx_word' id='word_1_637' title='bbox 2508 4479 2670 4532; x_wconf 91' lang='lat' dir='ltr'><strong>quam</strong></span> <span class='ocrx_word' id='word_1_638' title='bbox 2699 4461 2910 4532; x_wconf 89' lang='lat' dir='ltr'><strong>primus</strong></span> <span class='ocrx_word' id='word_1_639' title='bbox 2935 4463 3110 4518; x_wconf 90' lang='lat' dir='ltr'><strong>edidit</strong></span> <span class='ocrx_word' id='word_1_640' title='bbox 3132 4465 3330 4520; x_wconf 89' lang='lat' dir='ltr'><strong>Petrus</strong></span> 
     </span>
    </p>
   </div>
   <div class='ocr_carea' id='block_1_45' title="bbox 45 4547 3328 4624">
    <p class='ocr_par' dir='ltr' id='par_1_45' title="bbox 45 4547 3328 4624">
     <span class='ocr_line' id='line_1_45' title="bbox 45 4547 3328 4624; baseline 0.003 -23"><span class='ocrx_word' id='word_1_641' title='bbox 45 4547 301 4606; x_wconf 75' lang='lat' dir='ltr'><strong>llorerius</strong></span> <span class='ocrx_word' id='word_1_642' title='bbox 324 4550 573 4607; x_wconf 80' lang='lat' dir='ltr'><strong>Jcsuita</strong></span> <span class='ocrx_word' id='word_1_643' title='bbox 607 4551 672 4605; x_wconf 92' lang='lat' dir='ltr'><strong>in</strong></span> <span class='ocrx_word' id='word_1_644' title='bbox 707 4551 944 4606; x_wconf 80' lang='lat' dir='ltr'><strong>Historia</strong></span> <span class='ocrx_word' id='word_1_645' title='bbox 971 4555 1287 4608; x_wconf 85' lang='lat' dir='ltr'><strong>monasterii</strong></span> <span class='ocrx_word' id='word_1_646' title='bbox 1330 4555 1682 4610; x_wconf 82' lang='lat' dir='ltr'><strong>Reomaensis</strong></span> <span class='ocrx_word' id='word_1_647' title='bbox 1722 4570 1843 4624; x_wconf 88' lang='lat' dir='ltr'><strong>pag.</strong></span> <span class='ocrx_word' id='word_1_648' title='bbox 1890 4554 1981 4606; x_wconf 61' lang='lat'><strong>‘24.</strong></span> <span class='ocrx_word' id='word_1_649' title='bbox 2009 4554 2210 4609; x_wconf 83' lang='lat' dir='ltr'><strong>Verum</strong></span> <span class='ocrx_word' id='word_1_650' title='bbox 2249 4571 2318 4610; x_wconf 91' lang='lat' dir='ltr'><strong>an</strong></span> <span class='ocrx_word' id='word_1_651' title='bbox 2365 4568 2561 4610; x_wconf 83' lang='lat' dir='ltr'><strong>revera</strong></span> <span class='ocrx_word' id='word_1_652' title='bbox 2590 4552 2810 4607; x_wconf 85' lang='lat' dir='ltr'><strong>Macarii</strong></span> <span class='ocrx_word' id='word_1_653' title='bbox 2849 4551 3024 4606; x_wconf 88' lang='lat' dir='ltr'><strong>nostri</strong></span> <span class='ocrx_word' id='word_1_654' title='bbox 3064 4553 3156 4618; x_wconf 72' lang='lat' dir='ltr'><strong>sit,</strong></span> <span class='ocrx_word' id='word_1_655' title='bbox 3188 4554 3328 4610; x_wconf 86' lang='lat' dir='ltr'><strong>mihi</strong></span> 
     </span>
    </p>
   </div>
   <div class='ocr_carea' id='block_1_46' title="bbox 42 4641 3328 4726">
    <p class='ocr_par' dir='ltr' id='par_1_46' title="bbox 42 4641 3328 4726">
     <span class='ocr_line' id='line_1_46' title="bbox 42 4641 3328 4726; baseline 0.002 -35"><span class='ocrx_word' id='word_1_656' title='bbox 42 4643 264 4696; x_wconf 85' lang='lat' dir='ltr'><strong>nondum</strong></span> <span class='ocrx_word' id='word_1_657' title='bbox 302 4649 580 4698; x_wconf 86' lang='lat' dir='ltr'><strong>constat.</strong></span> <span class='ocrx_word' id='word_1_658' title='bbox 654 4641 826 4696; x_wconf 81' lang='lat' dir='ltr'><strong>Immo</strong></span> <span class='ocrx_word' id='word_1_659' title='bbox 864 4644 1020 4712; x_wconf 90' lang='lat' dir='ltr'><strong>plane</strong></span> <span class='ocrx_word' id='word_1_660' title='bbox 1047 4644 1262 4698; x_wconf 87' lang='lat' dir='ltr'><strong>videtur</strong></span> <span class='ocrx_word' id='word_1_661' title='bbox 1294 4645 1476 4714; x_wconf 90' lang='lat' dir='ltr'><strong>potius</strong></span> <span class='ocrx_word' id='word_1_662' title='bbox 1530 4643 1912 4713; x_wconf 86' lang='lat' dir='ltr'><strong>compendium</strong></span> <span class='ocrx_word' id='word_1_663' title='bbox 1961 4646 2267 4715; x_wconf 83' lang='lat' dir='ltr'><strong>regularum</strong></span> <span class='ocrx_word' id='word_1_664' title='bbox 2316 4661 2383 4699; x_wconf 81' lang='lat' dir='ltr'><strong>ex</strong></span> <span class='ocrx_word' id='word_1_665' title='bbox 2415 4645 2639 4726; x_wconf 72' lang='lat' dir='ltr'><strong>Macarii</strong></span> <span class='ocrx_word' id='word_1_666' title='bbox 2689 4643 3032 4714; x_wconf 88' lang='lat' dir='ltr'><strong>aliorumque</strong></span> <span class='ocrx_word' id='word_1_667' title='bbox 3070 4644 3328 4715; x_wconf 83' lang='grc' dir='ltr'><strong>ἀσκητῶν</strong></span> 
     </span>
    </p>
   </div>
   <div class='ocr_carea' id='block_1_47' title="bbox 41 4733 3328 4806">
    <p class='ocr_par' dir='ltr' id='par_1_47' title="bbox 41 4733 3328 4806">
     <span class='ocr_line' id='line_1_47' title="bbox 41 4733 3328 4806; baseline 0.002 -24"><span class='ocrx_word' id='word_1_668' title='bbox 41 4733 242 4803; x_wconf 79' lang='lat' dir='ltr'><strong>scriptis</strong></span> <span class='ocrx_word' id='word_1_669' title='bbox 278 4733 716 4804; x_wconf 88' lang='lat' dir='ltr'><strong>compilatum.</strong></span> <span class='ocrx_word' id='word_1_670' title='bbox 759 4734 947 4787; x_wconf 83' lang='lat' dir='ltr'><strong>Exstat</strong></span> <span class='ocrx_word' id='word_1_671' title='bbox 974 4749 1141 4803; x_wconf 89' lang='lat' dir='ltr'><strong>penes</strong></span> <span class='ocrx_word' id='word_1_672' title='bbox 1164 4750 1250 4788; x_wconf 92' lang='lat' dir='ltr'><strong>me</strong></span> <span class='ocrx_word' id='word_1_673' title='bbox 1272 4734 1489 4788; x_wconf 87' lang='lat' dir='ltr'><strong>Macarii</strong></span> <span class='ocrx_word' id='word_1_674' title='bbox 1510 4735 1884 4798; x_wconf 88' lang='lat' dir='ltr'><strong>Alexandrini,</strong></span> <span class='ocrx_word' id='word_1_675' title='bbox 1921 4735 1994 4789; x_wconf 88' lang='lat' dir='ltr'><strong>ita</strong></span> <span class='ocrx_word' id='word_1_676' title='bbox 2022 4736 2168 4789; x_wconf 91' lang='lat' dir='ltr'><strong>enim</strong></span> <span class='ocrx_word' id='word_1_677' title='bbox 2191 4737 2354 4790; x_wconf 88' lang='lat' dir='ltr'><strong>habet</strong></span> <span class='ocrx_word' id='word_1_678' title='bbox 2385 4737 2596 4799; x_wconf 91' lang='lat' dir='ltr'><strong>titulus,</strong></span> <span class='ocrx_word' id='word_1_679' title='bbox 2624 4733 2808 4788; x_wconf 81' lang='lat' dir='ltr'><strong>Sermo</strong></span> <span class='ocrx_word' id='word_1_680' title='bbox 2831 4734 2893 4787; x_wconf 84' lang='lat' dir='ltr'><strong>de</strong></span> <span class='ocrx_word' id='word_1_681' title='bbox 2919 4738 3059 4788; x_wconf 76' lang='lat' dir='ltr'><strong>exitu</strong></span> <span class='ocrx_word' id='word_1_682' title='bbox 3081 4742 3328 4806; x_wconf 81' lang='lat' dir='ltr'><strong>statuque</strong></span> 
     </span>
    </p>
   </div>
   <div class='ocr_carea' id='block_1_48' title="bbox 39 4826 3326 4898">
    <p class='ocr_par' dir='ltr' id='par_1_48' title="bbox 39 4826 3326 4898">
     <span class='ocr_line' id='line_1_48' title="bbox 39 4826 3326 4898; baseline 0.002 -23"><span class='ocrx_word' id='word_1_683' title='bbox 39 4829 330 4881; x_wconf 82' lang='lat' dir='ltr'><strong>animarum</strong></span> <span class='ocrx_word' id='word_1_684' title='bbox 380 4836 517 4898; x_wconf 85' lang='lat' dir='ltr'><strong>post</strong></span> <span class='ocrx_word' id='word_1_685' title='bbox 574 4829 728 4880; x_wconf 84' lang='lat' dir='ltr'><strong>hanc</strong></span> <span class='ocrx_word' id='word_1_686' title='bbox 767 4827 948 4890; x_wconf 86' lang='lat' dir='ltr'><strong>vitam,</strong></span> <span class='ocrx_word' id='word_1_687' title='bbox 993 4843 1060 4880; x_wconf 85' lang='lat' dir='ltr'><strong>ex</strong></span> <span class='ocrx_word' id='word_1_688' title='bbox 1090 4827 1456 4882; x_wconf 86' lang='lat' dir='ltr'><strong>bibliothecae</strong></span> <span class='ocrx_word' id='word_1_689' title='bbox 1485 4827 1741 4882; x_wconf 88' lang='lat' dir='ltr'><strong>Paulinae</strong></span> <span class='ocrx_word' id='word_1_690' title='bbox 1774 4826 2073 4896; x_wconf 85' lang='lat' dir='ltr'><strong>Lipsiensis</strong></span> <span class='ocrx_word' id='word_1_691' title='bbox 2127 4827 2235 4882; x_wconf 88' lang='lat' dir='ltr'><strong>MS.</strong></span> <span class='ocrx_word' id='word_1_692' title='bbox 2289 4829 2474 4882; x_wconf 88' lang='lat' dir='ltr'><strong>codice</strong></span> <span class='ocrx_word' id='word_1_693' title='bbox 2503 4826 2830 4895; x_wconf 85' lang='lat' dir='ltr'><strong>descriptus.</strong></span> <span class='ocrx_word' id='word_1_694' title='bbox 2880 4827 3071 4881; x_wconf 88' lang='lat' dir='ltr'><strong>Plures</strong></span> <span class='ocrx_word' id='word_1_695' title='bbox 3102 4827 3326 4896; x_wconf 90' lang='lat' dir='ltr'><strong>quidem</strong></span> 
     </span>
    </p>
   </div>
   <div class='ocr_carea' id='block_1_49' title="bbox 35 4916 3325 4991">
    <p class='ocr_par' dir='ltr' id='par_1_49' title="bbox 35 4916 3325 4991">
     <span class='ocr_line' id='line_1_49' title="bbox 35 4916 3325 4991; baseline 0.002 -21"><span class='ocrx_word' id='word_1_696' title='bbox 35 4916 230 4988; x_wconf 81' lang='lat' dir='ltr'><strong>ineptas</strong></span> <span class='ocrx_word' id='word_1_697' title='bbox 259 4929 320 4975; x_wconf 88' lang='lat' dir='ltr'><strong>ct</strong></span> <span class='ocrx_word' id='word_1_698' title='bbox 351 4921 566 4976; x_wconf 81' lang='lat' dir='ltr'><strong>aniles</strong></span> <span class='ocrx_word' id='word_1_699' title='bbox 599 4919 825 4973; x_wconf 78' lang='lat' dir='ltr'><strong>fabulas</strong></span> <span class='ocrx_word' id='word_1_700' title='bbox 855 4921 1118 4984; x_wconf 88' lang='lat' dir='ltr'><strong>continet,</strong></span> <span class='ocrx_word' id='word_1_701' title='bbox 1150 4930 1204 4976; x_wconf 90' lang='lat' dir='ltr'><strong>et</strong></span> <span class='ocrx_word' id='word_1_702' title='bbox 1245 4919 1570 4975; x_wconf 87' lang='lat' dir='ltr'><strong>rccentioris</strong></span> <span class='ocrx_word' id='word_1_703' title='bbox 1600 4920 1877 4990; x_wconf 85' lang='lat' dir='ltr'><strong>cujusdam</strong></span> <span class='ocrx_word' id='word_1_704' title='bbox 1930 4920 2182 4975; x_wconf 86' lang='lat' dir='ltr'><strong>Graeculi</strong></span> <span class='ocrx_word' id='word_1_705' title='bbox 2229 4931 2595 4975; x_wconf 88' lang='lat' dir='ltr'><strong>commentum</strong></span> <span class='ocrx_word' id='word_1_706' title='bbox 2633 4921 2765 4973; x_wconf 91' lang='lat' dir='ltr'><strong>mihi</strong></span> <span class='ocrx_word' id='word_1_707' title='bbox 2795 4921 3030 4983; x_wconf 70' lang='lat' dir='ltr'><strong>Videtur,</strong></span> <span class='ocrx_word' id='word_1_708' title='bbox 3061 4923 3154 4991; x_wconf 92' lang='lat' dir='ltr'><strong>qui</strong></span> <span class='ocrx_word' id='word_1_709' title='bbox 3186 4937 3325 4991; x_wconf 83' lang='lat' dir='ltr'><strong>quae</strong></span> 
     </span>
    </p>
   </div>
   <div class='ocr_carea' id='block_1_50' title="bbox 33 5009 3327 5082">
    <p class='ocr_par' dir='ltr' id='par_1_50' title="bbox 33 5009 3327 5082">
     <span class='ocr_line' id='line_1_50' title="bbox 33 5009 3327 5082; baseline 0.003 -22"><span class='ocrx_word' id='word_1_710' title='bbox 33 5009 119 5064; x_wconf 88' lang='lat' dir='ltr'><strong>hac</strong></span> <span class='ocrx_word' id='word_1_711' title='bbox 150 5014 217 5067; x_wconf 88' lang='lat' dir='ltr'><strong>(le</strong></span> <span class='ocrx_word' id='word_1_712' title='bbox 242 5031 304 5069; x_wconf 91' lang='lat' dir='ltr'><strong>re</strong></span> <span class='ocrx_word' id='word_1_713' title='bbox 332 5012 711 5075; x_wconf 81' lang='lat' dir='ltr'><strong>somniavit,</strong></span> <span class='ocrx_word' id='word_1_714' title='bbox 735 5013 801 5066; x_wconf 88' lang='lat' dir='ltr'><strong>ad</strong></span> <span class='ocrx_word' id='word_1_715' title='bbox 821 5013 1016 5082; x_wconf 87' lang='lat' dir='ltr'><strong>dialogi</strong></span> <span class='ocrx_word' id='word_1_716' title='bbox 1049 5015 1276 5068; x_wconf 85' lang='lat' dir='ltr'><strong>formam</strong></span> <span class='ocrx_word' id='word_1_717' title='bbox 1297 5012 1590 5068; x_wconf 84' lang='lat' dir='ltr'><strong>Macarium</strong></span> <span class='ocrx_word' id='word_1_718' title='bbox 1624 5011 1766 5065; x_wconf 88' lang='lat' dir='ltr'><strong>inter</strong></span> <span class='ocrx_word' id='word_1_719' title='bbox 1791 5023 1843 5066; x_wconf 87' lang='lat' dir='ltr'><strong>et</strong></span> <span class='ocrx_word' id='word_1_720' title='bbox 1877 5013 2096 5081; x_wconf 86' lang='lat' dir='ltr'><strong>angelos</strong></span> <span class='ocrx_word' id='word_1_721' title='bbox 2131 5012 2354 5082; x_wconf 81' lang='lat' dir='ltr'><strong>redegit.</strong></span> <span class='ocrx_word' id='word_1_722' title='bbox 2393 5013 2658 5079; x_wconf 87' lang='lat' dir='ltr'><strong>Quoniam</strong></span> <span class='ocrx_word' id='word_1_723' title='bbox 2687 5032 2818 5069; x_wconf 70' lang='lat' dir='ltr'><strong>vero</strong></span> <span class='ocrx_word' id='word_1_724' title='bbox 2841 5016 3123 5079; x_wconf 77' lang='grc' dir='ltr'><strong>ἀνέκδοτος</strong></span> <span class='ocrx_word' id='word_1_725' title='bbox 3147 5017 3238 5082; x_wconf 88' lang='lat' dir='ltr'><strong>sit,</strong></span> <span class='ocrx_word' id='word_1_726' title='bbox 3267 5028 3327 5072; x_wconf 83' lang='lat' dir='ltr'><strong>et</strong></span> 
     </span>
    </p>
   </div>
   <div class='ocr_carea' id='block_1_51' title="bbox 30 5106 3044 5177">
    <p class='ocr_par' dir='ltr' id='par_1_51' title="bbox 30 5106 3044 5177">
     <span class='ocr_line' id='line_1_51' title="bbox 30 5106 3044 5177; baseline 0 -18"><span class='ocrx_word' id='word_1_727' title='bbox 30 5106 202 5162; x_wconf 79' lang='lat' dir='ltr'><strong>saltem</strong></span> <span class='ocrx_word' id='word_1_728' title='bbox 244 5110 525 5166; x_wconf 83' lang='lat' dir='ltr'><strong>novitate</strong></span> <span class='ocrx_word' id='word_1_729' title='bbox 549 5124 677 5163; x_wconf 89' lang='lat' dir='ltr'><strong>sua</strong></span> <span class='ocrx_word' id='word_1_730' title='bbox 703 5123 760 5161; x_wconf 89' lang='lat' dir='ltr'><strong>se</strong></span> <span class='ocrx_word' id='word_1_731' title='bbox 794 5109 985 5163; x_wconf 86' lang='lat' dir='ltr'><strong>lectori</strong></span> <span class='ocrx_word' id='word_1_732' title='bbox 1016 5109 1438 5172; x_wconf 88' lang='lat' dir='ltr'><strong>commendabit,</strong></span> <span class='ocrx_word' id='word_1_733' title='bbox 1465 5106 1906 5165; x_wconf 77' lang='lat' dir='ltr'><strong>versione‘latina</strong></span> <span class='ocrx_word' id='word_1_734' title='bbox 1941 5117 2193 5160; x_wconf 91' lang='lat' dir='ltr'><strong>ornatum</strong></span> <span class='ocrx_word' id='word_1_735' title='bbox 2222 5108 2310 5160; x_wconf 89' lang='lat' dir='ltr'><strong>hic</strong></span> <span class='ocrx_word' id='word_1_736' title='bbox 2351 5108 2658 5176; x_wconf 87' lang='lat' dir='ltr'><strong>subjiciam.</strong></span> <span class='ocrx_word' id='word_1_737' title='bbox 2694 5107 2842 5177; x_wconf 82' lang='lat' dir='ltr'><strong>[Pag.</strong></span> <span class='ocrx_word' id='word_1_738' title='bbox 2893 5108 3044 5177; x_wconf 70' lang='lat'><strong>9.58.}</strong></span> 
     </span>
    </p>
   </div>
   <div class='ocr_carea' id='block_1_52' title="bbox 1661 5250 1726 5259">
    <p class='ocr_par' dir='ltr' id='par_1_52' title="bbox 1661 5250 1726 5259">
     <span class='ocr_line' id='line_1_52' title="bbox 1661 5250 1726 5259; baseline 0 0"><span class='ocrx_word' id='word_1_739' title='bbox 1661 5250 1726 5259; x_wconf 62' lang='grc'><strong>.-</strong></span> 
     </span>
    </p>
   </div>
   <div class='ocr_carea' id='block_1_53' title="bbox 33 5321 1592 5408">
    <p class='ocr_par' dir='ltr' id='par_1_53' title="bbox 33 5333 1592 5408">
     <span class='ocr_line' id='line_1_53' title="bbox 33 5333 1592 5408; baseline -0.003 -21"><span class='ocrx_word' id='word_1_740' title='bbox 33 5335 126 5388; x_wconf 80' lang='grc' dir='ltr'><strong>Τοῦ</strong></span> <span class='ocrx_word' id='word_1_741' title='bbox 168 5338 353 5408; x_wconf 74' lang='grc' dir='ltr'><strong>ἁγίου</strong></span> <span class='ocrx_word' id='word_1_742' title='bbox 425 5334 791 5408; x_wconf 59' lang='grc' dir='ltr'><strong>Μακαρίορ</strong></span> <span class='ocrx_word' id='word_1_743' title='bbox 845 5333 950 5408; x_wconf 61' lang='lat' dir='ltr'><strong>cm}</strong></span> <span class='ocrx_word' id='word_1_744' title='bbox 1003 5333 1435 5408; x_wconf 25' lang='grc' dir='ltr'><strong>,Ἀλεξανδρέως</strong></span> <span class='ocrx_word' id='word_1_745' title='bbox 1483 5335 1592 5408; x_wconf 57' lang='grc' dir='ltr'><strong>λόῖ</strong></span> 
     </span>
    </p>
   </div>
   <div class='ocr_carea' id='block_1_54' title="bbox 1763 5321 3322 5408">
    <p class='ocr_par' dir='ltr' id='par_1_54' title="bbox 1763 5321 3322 5408">
     <span class='ocr_line' id='line_1_54' title="bbox 1763 5321 3322 5408; baseline -0.003 -29"><span class='ocrx_word' id='word_1_746' title='bbox 1763 5327 1814 5380; x_wconf 85' lang='lat' dir='ltr'><strong>S.</strong></span> <span class='ocrx_word' id='word_1_747' title='bbox 1853 5324 2071 5378; x_wconf 82' lang='lat' dir='ltr'><strong>Macarii</strong></span> <span class='ocrx_word' id='word_1_748' title='bbox 2112 5324 2456 5377; x_wconf 74' lang='lat' dir='ltr'><strong>Alexandrini</strong></span> <span class='ocrx_word' id='word_1_749' title='bbox 2487 5339 2654 5375; x_wconf 89' lang='lat' dir='ltr'><strong>sermo</strong></span> <span class='ocrx_word' id='word_1_750' title='bbox 2709 5322 2770 5373; x_wconf 81' lang='lat' dir='ltr'><strong>de</strong></span> <span class='ocrx_word' id='word_1_751' title='bbox 2799 5322 2940 5408; x_wconf 55' lang='lat' dir='ltr'><strong>exitu</strong></span> <span class='ocrx_word' id='word_1_752' title='bbox 2990 5321 3201 5372; x_wconf 85' lang='lat' dir='ltr'><strong>animae</strong></span> <span class='ocrx_word' id='word_1_753' title='bbox 3243 5323 3322 5374; x_wconf 83' lang='lat' dir='ltr'><strong>iu-</strong></span> 
     </span>
    </p>
   </div>
   <div class='ocr_carea' id='block_1_55' title="bbox 85 5392 1644 5474">
    <p class='ocr_par' dir='ltr' id='par_1_55' title="bbox 85 5392 1644 5474">
     <span class='ocr_line' id='line_1_55' title="bbox 85 5392 1644 5474; baseline 0.006 -29"><span class='ocrx_word' id='word_1_754' title='bbox 85 5392 229 5472; x_wconf 57' lang='grc' dir='ltr'><strong>περὶ.</strong></span> <span class='ocrx_word' id='word_1_755' title='bbox 255 5392 504 5472; x_wconf 62' lang='grc' dir='ltr'><strong>ἐξόδου</strong></span> <span class='ocrx_word' id='word_1_756' title='bbox 547 5392 1096 5474; x_wconf 15' lang='grc' dir='ltr'><strong>νεώ)χῆςᾲδικαίῳν</strong></span> <span class='ocrx_word' id='word_1_757' title='bbox 1133 5392 1231 5474; x_wconf 58' lang='lat' dir='ltr'><strong>aia!</strong></span> <span class='ocrx_word' id='word_1_758' title='bbox 1281 5392 1644 5474; x_wconf 44' lang='lat' dir='ltr'><strong>altar-vnalem&quot;</strong></span> 
     </span>
    </p>
   </div>
   <div class='ocr_carea' id='block_1_56' title="bbox 1762 5392 3321 5474">
    <p class='ocr_par' dir='ltr' id='par_1_56' title="bbox 1829 5392 3321 5463">
     <span class='ocr_line' id='line_1_56' title="bbox 1829 5392 3321 5463; baseline -0.002 -16"><span class='ocrx_word' id='word_1_759' title='bbox 1829 5405 2027 5448; x_wconf 81' lang='lat' dir='ltr'><strong>storum</strong></span> <span class='ocrx_word' id='word_1_760' title='bbox 2085 5404 2130 5446; x_wconf 81' lang='lat' dir='ltr'><strong>et</strong></span> <span class='ocrx_word' id='word_1_761' title='bbox 2203 5402 2549 5463; x_wconf 84' lang='lat' dir='ltr'><strong>peccatorum,</strong></span> <span class='ocrx_word' id='word_1_762' title='bbox 2611 5392 2864 5461; x_wconf 79' lang='lat' dir='ltr'><strong>quomodo</strong></span> <span class='ocrx_word' id='word_1_763' title='bbox 2915 5399 3232 5459; x_wconf 83' lang='lat' dir='ltr'><strong>separantur</strong></span> <span class='ocrx_word' id='word_1_764' title='bbox 3290 5410 3321 5444; x_wconf 82' lang='grc' dir='ltr'><em>α</em></span> 
     </span>
    </p>
   </div>
   <div class='ocr_carea' id='block_1_57' title="bbox 88 5469 1647 5548">
    <p class='ocr_par' dir='ltr' id='par_1_57' title="bbox 88 5469 1647 5548">
     <span class='ocr_line' id='line_1_57' title="bbox 88 5469 1647 5548; baseline 0 -24"><span class='ocrx_word' id='word_1_765' title='bbox 88 5469 319 5545; x_wconf 38' lang='lat' dir='ltr'><strong>crit—ndic—</strong></span> <span class='ocrx_word' id='word_1_766' title='bbox 350 5469 761 5548; x_wconf 72' lang='grc' dir='ltr'><strong>χωρίζὸντίιι</strong></span> <span class='ocrx_word' id='word_1_767' title='bbox 813 5472 880 5526; x_wconf 78' lang='grc' dir='ltr'><strong><em>ἐκ</em></strong></span> <span class='ocrx_word' id='word_1_768' title='bbox 929 5473 1032 5525; x_wconf 80' lang='grc' dir='ltr'><strong>τοῦ</strong></span> <span class='ocrx_word' id='word_1_769' title='bbox 1079 5469 1350 5541; x_wconf 49' lang='lat' dir='ltr'><strong>edurare};</strong></span> <span class='ocrx_word' id='word_1_770' title='bbox 1395 5474 1487 5525; x_wconf 72' lang='grc' dir='ltr'><strong>καὶ</strong></span> <span class='ocrx_word' id='word_1_771' title='bbox 1538 5473 1647 5536; x_wconf 72' lang='grc' dir='ltr'><em>πῶς</em></span> 
     </span>
    </p>
   </div>
   <div class='ocr_carea' id='block_1_58' title="bbox 1240 5469 2799 5548">
    <p class='ocr_par' dir='ltr' id='par_1_58' title="bbox 1240 5469 2799 5538">
     <span class='ocr_line' id='line_1_58' title="bbox 1240 5469 2799 5538; baseline -0.009 -12"><span class='ocrx_word' id='word_1_772' title='bbox 1240 5469 1350 5538; x_wconf 65' lang='lat' dir='ltr'><strong>tte};</strong></span> <span class='ocrx_word' id='word_1_773' title='bbox 1395 5474 1487 5525; x_wconf 72' lang='grc' dir='ltr'><strong>καὶ</strong></span> <span class='ocrx_word' id='word_1_774' title='bbox 1538 5473 1662 5536; x_wconf 79' lang='grc' dir='ltr'><em>πῶς</em></span> <span class='ocrx_word' id='word_1_775' title='bbox 1831 5481 2063 5534; x_wconf 78' lang='lat' dir='ltr'><strong>corpore,</strong></span> <span class='ocrx_word' id='word_1_776' title='bbox 2102 5469 2229 5516; x_wconf 80' lang='lat' dir='ltr'><strong>etin</strong></span> <span class='ocrx_word' id='word_1_777' title='bbox 2269 5479 2369 5532; x_wconf 82' lang='lat' dir='ltr'><strong>quo</strong></span> <span class='ocrx_word' id='word_1_778' title='bbox 2398 5472 2538 5515; x_wconf 85' lang='lat' dir='ltr'><strong>statu</strong></span> <span class='ocrx_word' id='word_1_779' title='bbox 2570 5469 2799 5514; x_wconf 84' lang='lat' dir='ltr'><strong>manent.</strong></span> 
     </span>
    </p>
   </div>
   <div class='ocr_carea' id='block_1_59' title="bbox 85 5564 253 5601">
    <p class='ocr_par' dir='ltr' id='par_1_59' title="bbox 85 5564 253 5601">
     <span class='ocr_line' id='line_1_59' title="bbox 85 5564 253 5601; baseline 0.006 -1"><span class='ocrx_word' id='word_1_780' title='bbox 85 5564 253 5601; x_wconf 75' lang='grc' dir='ltr'><strong>εισιν.</strong></span> 
     </span>
    </p>
   </div>
   <div class='ocr_carea' id='block_1_60' title="bbox 85 5651 1644 5732">
    <p class='ocr_par' dir='ltr' id='par_1_60' title="bbox 85 5651 1644 5727">
     <span class='ocr_line' id='line_1_60' title="bbox 85 5651 1644 5727; baseline -0.002 -17"><span class='ocrx_word' id='word_1_781' title='bbox 85 5659 211 5712; x_wconf 52' lang='lat' dir='ltr'><strong>non</strong></span> <span class='ocrx_word' id='word_1_782' title='bbox 250 5662 660 5717; x_wconf 67' lang='grc' dir='ltr'><strong>διοδευὼιτων</strong></span> <span class='ocrx_word' id='word_1_783' title='bbox 710 5655 864 5727; x_wconf 80' lang='grc' dir='ltr'><strong>ἡμῶν</strong></span> <span class='ocrx_word' id='word_1_784' title='bbox 909 5656 966 5708; x_wconf 79' lang='grc' dir='ltr'><strong>ἐν</strong></span> <span class='ocrx_word' id='word_1_785' title='bbox 1003 5658 1068 5726; x_wconf 80' lang='grc' dir='ltr'><strong>τῇ</strong></span> <span class='ocrx_word' id='word_1_786' title='bbox 1120 5657 1342 5727; x_wconf 77' lang='grc' dir='ltr'><strong>ἐρήμῳ,</strong></span> <span class='ocrx_word' id='word_1_787' title='bbox 1388 5651 1523 5708; x_wconf 77' lang='grc' dir='ltr'>εἶδον</span> <span class='ocrx_word' id='word_1_788' title='bbox 1569 5655 1644 5707; x_wconf 71' lang='grc' dir='ltr'><strong>δύ(</strong></span> 
     </span>
    </p>
   </div>
   <div class='ocr_carea' id='block_1_61' title="bbox 1760 5651 3319 5732">
    <p class='ocr_par' dir='ltr' id='par_1_61' title="bbox 1829 5660 3319 5732">
     <span class='ocr_line' id='line_1_61' title="bbox 1829 5660 3319 5732; baseline 0 -15"><span class='ocrx_word' id='word_1_789' title='bbox 1829 5665 1996 5718; x_wconf 80' lang='lat' dir='ltr'><strong>Nabis</strong></span> <span class='ocrx_word' id='word_1_790' title='bbox 2049 5664 2321 5732; x_wconf 84' lang='lat' dir='ltr'><strong>quondam</strong></span> <span class='ocrx_word' id='word_1_791' title='bbox 2365 5664 2417 5716; x_wconf 91' lang='lat' dir='ltr'><strong>in</strong></span> <span class='ocrx_word' id='word_1_792' title='bbox 2465 5677 2650 5716; x_wconf 89' lang='lat' dir='ltr'><strong>eremo</strong></span> <span class='ocrx_word' id='word_1_793' title='bbox 2692 5662 2793 5714; x_wconf 90' lang='lat' dir='ltr'><strong>iter</strong></span> <span class='ocrx_word' id='word_1_794' title='bbox 2831 5660 3154 5714; x_wconf 86' lang='lat' dir='ltr'><strong>facientibus</strong></span> <span class='ocrx_word' id='word_1_795' title='bbox 3208 5660 3319 5717; x_wconf 83' lang='lat' dir='ltr'><strong>vidi</strong></span> 
     </span>
    </p>
   </div>
   <div class='ocr_carea' id='block_1_62' title="bbox 35 5747 1594 5826">
    <p class='ocr_par' dir='ltr' id='par_1_62' title="bbox 35 5747 1594 5819">
     <span class='ocr_line' id='line_1_62' title="bbox 35 5747 1594 5819; baseline -0.001 -19"><span class='ocrx_word' id='word_1_796' title='bbox 35 5749 268 5819; x_wconf 68' lang='grc' dir='ltr'><strong>ὶγγέὶους</strong></span> <span class='ocrx_word' id='word_1_797' title='bbox 319 5747 923 5808; x_wconf 76' lang='grc' dir='ltr'><strong>συνακολουθοῦντας</strong></span> <span class='ocrx_word' id='word_1_798' title='bbox 953 5747 1028 5816; x_wconf 76' lang='grc' dir='ltr'>τῷ</span> <span class='ocrx_word' id='word_1_799' title='bbox 1058 5747 1196 5817; x_wconf 74' lang='grc' dir='ltr'><strong>ἁγίῳ</strong></span> <span class='ocrx_word' id='word_1_800' title='bbox 1222 5747 1488 5818; x_wconf 80' lang='grc' dir='ltr'><strong>Μακαρῐῳ</strong></span> <span class='ocrx_word' id='word_1_801' title='bbox 1511 5788 1524 5805; x_wconf 84' lang='grc'><strong>.</strong></span> <span class='ocrx_word' id='word_1_802' title='bbox 1560 5748 1594 5798; x_wconf 71' lang='grc' dir='ltr'><strong>’ἑε</strong></span> 
     </span>
    </p>
   </div>
   <div class='ocr_carea' id='block_1_63' title="bbox 1759 5747 3318 5826">
    <p class='ocr_par' dir='ltr' id='par_1_63' title="bbox 1759 5754 3318 5826">
     <span class='ocr_line' id='line_1_63' title="bbox 1759 5754 3318 5826; baseline 0.001 -18"><span class='ocrx_word' id='word_1_803' title='bbox 1759 5757 1894 5809; x_wconf 86' lang='lat' dir='ltr'><strong>duos</strong></span> <span class='ocrx_word' id='word_1_804' title='bbox 1939 5757 2156 5826; x_wconf 85' lang='lat' dir='ltr'><strong>angelos</strong></span> <span class='ocrx_word' id='word_1_805' title='bbox 2225 5755 2280 5809; x_wconf 89' lang='lat' dir='ltr'><strong>S.</strong></span> <span class='ocrx_word' id='word_1_806' title='bbox 2324 5755 2614 5809; x_wconf 86' lang='lat' dir='ltr'><strong>Macarium</strong></span> <span class='ocrx_word' id='word_1_807' title='bbox 2670 5754 2954 5823; x_wconf 88' lang='lat' dir='ltr'><strong>stipantcs,</strong></span> <span class='ocrx_word' id='word_1_808' title='bbox 2997 5754 3226 5808; x_wconf 91' lang='lat' dir='ltr'><strong>alterum</strong></span> <span class='ocrx_word' id='word_1_809' title='bbox 3288 5771 3318 5810; x_wconf 82' lang='lat' dir='ltr'><strong>a</strong></span> 
     </span>
    </p>
   </div>
   <div class='ocr_carea' id='block_1_64' title="bbox 37 5839 1596 5913">
    <p class='ocr_par' dir='ltr' id='par_1_64' title="bbox 37 5839 1594 5912">
     <span class='ocr_line' id='line_1_64' title="bbox 37 5839 1594 5912; baseline 0.003 -25"><span class='ocrx_word' id='word_1_810' title='bbox 37 5839 78 5892; x_wconf 66' lang='grc' dir='ltr'><strong>ἐκ</strong></span> <span class='ocrx_word' id='word_1_811' title='bbox 107 5844 309 5910; x_wconf 66' lang='grc' dir='ltr'><strong>δεξιῶν,</strong></span> <span class='ocrx_word' id='word_1_812' title='bbox 348 5848 457 5899; x_wconf 72' lang='grc' dir='ltr'>καὶ</span> <span class='ocrx_word' id='word_1_813' title='bbox 488 5846 609 5897; x_wconf 71' lang='grc' dir='ltr'>ἕνα.</span> <span class='ocrx_word' id='word_1_814' title='bbox 648 5839 727 5903; x_wconf 80' lang='grc' dir='ltr'>ἐξ</span> <span class='ocrx_word' id='word_1_815' title='bbox 757 5839 1080 5908; x_wconf 78' lang='grc' dir='ltr'><strong>εὐωνύμων·</strong></span> <span class='ocrx_word' id='word_1_816' title='bbox 1116 5839 1207 5892; x_wconf 68' lang='grc' dir='ltr'><strong>καὶ</strong></span> <span class='ocrx_word' id='word_1_817' title='bbox 1239 5842 1296 5893; x_wconf 75' lang='grc' dir='ltr'><strong>ἐν</strong></span> <span class='ocrx_word' id='word_1_818' title='bbox 1329 5840 1405 5912; x_wconf 79' lang='grc' dir='ltr'><strong>τῷ</strong></span> <span class='ocrx_word' id='word_1_819' title='bbox 1444 5858 1594 5910; x_wconf 72' lang='grc' dir='ltr'><strong>ςυμπ</strong></span> 
     </span>
    </p>
   </div>
   <div class='ocr_carea' id='block_1_65' title="bbox 1744 5839 3303 5913">
    <p class='ocr_par' dir='ltr' id='par_1_65' title="bbox 1758 5843 3303 5913">
     <span class='ocr_line' id='line_1_65' title="bbox 1758 5843 3303 5913; baseline 0.001 -16"><span class='ocrx_word' id='word_1_820' title='bbox 1758 5847 1965 5910; x_wconf 85' lang='lat' dir='ltr'><strong>dextra,</strong></span> <span class='ocrx_word' id='word_1_821' title='bbox 2008 5862 2036 5899; x_wconf 89' lang='lat' dir='ltr'><strong>a</strong></span> <span class='ocrx_word' id='word_1_822' title='bbox 2063 5845 2279 5900; x_wconf 86' lang='lat' dir='ltr'><strong>sinistra</strong></span> <span class='ocrx_word' id='word_1_823' title='bbox 2317 5845 2582 5909; x_wconf 84' lang='lat' dir='ltr'><strong>alterum;</strong></span> <span class='ocrx_word' id='word_1_824' title='bbox 2618 5860 2851 5912; x_wconf 87' lang='lat' dir='ltr'><strong>cumque</strong></span> <span class='ocrx_word' id='word_1_825' title='bbox 2885 5859 2990 5896; x_wconf 88' lang='lat' dir='ltr'><strong>una</strong></span> <span class='ocrx_word' id='word_1_826' title='bbox 3023 5843 3303 5913; x_wconf 69' lang='lat' dir='ltr'><strong>progrede</strong></span> 
     </span>
    </p>
   </div>
   <div class='ocr_carea' id='block_1_66' title="bbox 234 5933 2919 6021">
    <p class='ocr_par' dir='ltr' id='par_1_66' title="bbox 234 5933 2919 6021">
     <span class='ocr_line' id='line_1_66' title="bbox 234 5933 2919 6021; baseline -0.002 -21"><span class='ocrx_word' id='word_1_827' title='bbox 234 5942 516 6000; x_wconf 66' lang='lat' dir='ltr'><strong>Parnm.</strong></span> <span class='ocrx_word' id='word_1_828' title='bbox 532 5985 545 5995; x_wconf 95' lang='lat'><strong>.</strong></span> <span class='ocrx_word' id='word_1_829' title='bbox 603 5935 745 6021; x_wconf 43' lang='lat' dir='ltr'><strong>GP,</strong></span> <span class='ocrx_word' id='word_1_830' title='bbox 781 5933 1035 5995; x_wconf 73' lang='lat' dir='ltr'><strong>XXXIV.</strong></span> <span class='ocrx_word' id='word_1_831' title='bbox 2852 5933 2919 5995; x_wconf 89' lang='lat'><strong>13</strong></span> 
     </span>
    </p>
   </div>
  </div>
