3948 6530
674 438 776 492 587

1939 407 2358 470 GUILIELMUS
2394 406 2661 462 CAVEUS

3743 420 3812 478 588

670 566 882 612 remur,
921 551 1196 616 repertum
1236 550 1317 595 est
1355 537 1583 592 cadaver
1635 535 1820 605 jacens
1846 541 1900 587 et
1946 531 2229 586 foetidum.
2262 571 2271 589 ε

2370 528 2589 581 λεύεσθαι
2647 528 2824 597 ἡμᾶς,
2877 525 3072 596 εὑρέθη
3126 525 3460 598 θνησημαῖον
3515 527 3717 598 κείμενον
3754 540 3816 593 καὶ

675 646 957 701 Foetorem
982 635 1322 708 persentiens
1360 632 1416 686 S.
1457 629 1722 684 Macarius
1751 641 1910 680 nares
1944 624 2047 679 sibi
2071 639 2236 677 manu

672 733 966 796 obstruxit,
1000 729 1172 784 donec
1200 723 1557 779 transivisset.
1585 719 1848 774 Similiter
1883 717 2132 771 fecerunt
2182 724 2239 769 et

673 827 869 900 angeli.
905 823 962 878 ld
985 820 1177 876 videns
1207 831 1372 872 senex
1402 814 1541 868 dixit
1565 812 1674 867 illis
1715 830 1728 865 ε
1755 811 1838 865 An
1876 817 1930 863 et
1947 822 2046 862 vos
2075 807 2239 862 etiam

673 896 862 976 mundi
885 915 1144 969 foetorem
1183 904 1482 962 suboletis?
1516 901 1936 972 Responderunt
1958 899 2035 953 illi
2077 915 2090 950 :
2131 896 2240 952 Nc-

675 1022 976 1080 quaquam;
1033 1010 1088 1056 te
1140 1015 1272 1054 vero
1329 1011 1490 1051 nares
1553 993 1931 1049 occludentem
1967 990 2240 1053 videntes,

675 1099 906 1154 fecimus
929 1105 985 1148 et
1011 1107 1114 1147 nos
1151 1089 1435 1152 similiter;
1470 1102 1571 1140 nos
1602 1084 1748 1139 enim
1790 1083 2054 1137 foetorem
2087 1096 2246 1134 mun-

676 1192 878 1246 danum
917 1185 1142 1241 minime
1174 1182 1459 1244 sentimus,
1493 1180 1666 1234 solum
1714 1185 1895 1231 autem
1942 1175 2245 1228 animarum

677 1281 1042 1354 peccatricum
1063 1277 1329 1330 foetorem
1361 1270 1789 1333 subolfaeimus;
1827 1267 1944 1337 pari
1977 1265 2137 1318 modo
2184 1279 2246 1318 ac

680 1381 739 1427 tu
782 1369 1066 1427 cadaveris
1109 1367 1272 1421 istius
1333 1363 1596 1417 foctorem
1649 1359 1936 1415 aversaris.
1979 1357 2120 1411 Dicit
2141 1356 2247 1410 illis

680 1480 846 1520 senex
877 1481 890 1516 ε
923 1461 1123 1516 Notum
1150 1458 1285 1511 mihi
1327 1455 1511 1518 facite,
1566 1468 1788 1523 quaeso,
1834 1460 2018 1505 utrum
2059 1450 2115 1503 in
2149 1450 2250 1504 hac

680 1556 792 1610 vita
825 1554 908 1608 vel
941 1561 1063 1622 post
1092 1558 1322 1604 mortem
1351 1546 1607 1601 foetidam
1633 1552 1978 1615 peccatorum
2015 1542 2249 1596 animam

683 1644 977 1702 sentiatis?
1025 1643 1094 1697 Et
1136 1639 1410 1709 quomodo
1457 1639 1601 1692 inter
1646 1643 1996 1705 peccatorum
2045 1635 2252 1688 animas

683 1736 820 1799 illas,
846 1749 981 1804 quae
1008 1732 1060 1785 in
1088 1729 1373 1785 Dominum
1407 1726 1777 1788 crediderunt,
1811 1725 1878 1778 ab
1915 1723 2096 1794 impiis
2143 1739 2252 1776 non

681 1825 1032 1884 credentibus
1061 1821 1427 1893 dignoscatis?
1454 1820 1512 1873 Id
1557 1819 1692 1872 mihi
1733 1818 1920 1880 dicite,
1948 1817 1993 1871 si
2025 1815 2252 1886 gratiam

683 1918 826 1989 apud
876 1932 975 1971 vos
1046 1922 1372 1969 consecutus
1425 1911 1645 1966 fuerim.
1699 1911 1963 1964 Dixerunt
2032 1907 2248 1978 angeli:

683 2009 964 2073 Ausculta,
1003 2007 1175 2063 electe
1214 2005 1308 2060 Dei
1350 2004 1566 2058 Macari.
1621 2001 1901 2057 Peecatrix
1924 2000 2104 2054 anima
2123 1999 2253 2052 dum

685 2103 866 2157 adhuc
892 2100 948 2154 in
973 2113 1203 2168 corpore
1249 2104 1453 2159 manet,
1488 2094 1752 2147 malarum
1813 2091 2089 2146 actionum
2144 2089 2258 2142 foe-

687 2205 865 2249 torem
899 2191 1101 2246 emittit
1140 2187 1436 2260 quendam,
1479 2195 1602 2256 post
1634 2194 1871 2238 mortem
1915 2196 2047 2236 vero
2085 2181 2257 2250 majo-

691 2302 806 2340 rem
841 2284 1031 2339 rnulto.
1058 2282 1314 2336 Actiones
1353 2279 1497 2334 enim
1530 2293 1658 2332 suae
1709 2276 1943 2331 animam
1975 2274 2259 2328 manifeste

692 2382 1023 2445 prementes,
1060 2371 1309 2426 tenebras
1333 2369 1411 2422 illi
1439 2369 1754 2438 nigramque
1773 2367 2043 2420 inducunt
2061 2366 2256 2419 dicam.

691 2466 884 2522 Anima
911 2463 1056 2517 enim
1086 2478 1154 2516 ex
1183 2469 1378 2515 natura
1422 2475 1518 2513 sua
1548 2457 1727 2511 lucida
1754 2464 1808 2510 et
1833 2472 1968 2526 pura
2006 2464 2109 2520 est,
2162 2455 2263 2508 im-

696 2555 942 2610 mortalis
974 2553 1174 2622 quippe
1215 2551 1355 2606 lucis
1388 2549 1702 2620 spiramen;
1748 2547 1802 2600 in
1835 2562 2062 2616 corpore
2080 2553 2262 2600 autem

696 2647 894 2716 posita,
926 2645 970 2698 si
1008 2643 1144 2698 illud
1177 2643 1318 2697 bene
1344 2657 1453 2696 non
1489 2641 1790 2712 gubernet,
1817 2655 1847 2692 a
1874 2647 2098 2707 peccato
2130 2651 2266 2706 quo—

695 2734 985 2790 dammodo
1031 2732 1318 2803 polluitur,
1352 2730 1456 2784 ista
1501 2728 1722 2798 quidem
1769 2725 1960 2796 magis,
2013 2725 2104 2779 illa
2134 2739 2265 2778 vero

697 2827 894 2882 minus.
933 2823 1216 2892 Quomodo
1258 2833 1439 2876 autem
1478 2821 1690 2875 animae
1749 2835 1778 2873 e
1809 2818 2129 2888 corporibus
2155 2825 2266 2870 tam

698 2920 938 2974 fidelium
968 2929 1130 2987 quam
1159 2914 1464 2968 infidelium
1496 2912 1822 2974 liberantur,
1860 2909 2007 2973 audi,
2057 2917 2112 2961 et
2157 2915 2267 2962 ter-

699 3010 897 3065 restria
953 3023 1049 3062 seu
1098 3004 1342 3075 vulgaria
1397 3000 1726 3057 coelestibus
1790 2997 2014 3052 omnino
2055 2996 2270 3050 minora

699 3115 818 3156 esse
857 3108 1037 3170 putes,
1071 3094 1287 3150 Macati.
1315 3090 1780 3159 Quemadmodum
1810 3089 1954 3142 enim
1984 3104 2013 3142 a
2051 3094 2272 3140 terreno

702 3207 831 3264 rege
847 3189 998 3244 missi
1015 3185 1278 3242 satellites
1293 3183 1359 3238 ad
1377 3179 1896 3252 apprehendendum
1919 3178 2152 3247 aliquem
2177 3191 2272 3230 su-

703 3280 1089 3338 pervenientes
1139 3275 1224 3330 vel
1281 3275 1514 3328 invitum
1553 3271 1978 3342 constringunt;
2010 3270 2112 3323 iste
2142 3284 2276 3322 vero

706 3375 905 3430 timore
946 3369 1149 3432 tremit,
1193 3367 1474 3438 ipsamque
1517 3365 1752 3418 militum
1796 3363 1864 3417 ad
1924 3362 2027 3416 iter
2071 3361 2123 3414 vi
2164 3369 2276 3414 tra-

707 3466 958 3520 hentium
989 3461 1355 3532 praesentiam
1387 3455 1731 3512 exhorrescit
1753 3468 1770 3509 :
1790 3453 1906 3524 pari
1939 3453 2122 3516 modo,
2155 3468 2278 3507 cum

707 3557 1004 3610 mittuntur
1034 3552 1211 3622 angeli
1260 3551 1495 3604 animam
1532 3563 1630 3602 seu
1657 3547 1790 3617 justi
1825 3561 1921 3600 seu
1976 3545 2161 3615 injusti
2187 3559 2279 3597 ac-

709 3645 945 3717 cepturi,
976 3645 1170 3698 timore
1195 3641 1380 3697 tremit
1418 3641 1539 3704 ista,
1568 3639 1850 3708 ipsamque
1875 3636 2197 3691 terribilium
2226 3643 2282 3687 et

710 3738 1120 3796 inclementium
1147 3737 1464 3804 angelorum
1504 3731 1866 3802 praesentiam
1922 3726 2279 3784 exhorrescit.

709 3831 866 3886 Tunc
886 3829 1042 3883 facile
1073 3827 1220 3880 enim
1261 3825 1428 3880 sentit
1464 3825 1642 3878 anima
1704 3822 1920 3876 inanem
1955 3836 2096 3884 esse,
2128 3817 2284 3873 debi-

709 3923 818 3978 lem
847 3937 911 3976 ac
946 3920 1196 3974 inutilem
1247 3919 1474 3972 omnino
1523 3916 1858 3978 divitiarum,
1909 3921 2284 3984 cognatorum,

711 4022 874 4068 atque
919 4011 1217 4066 amicorum
1249 4010 1490 4079 copiam;
1537 4007 1866 4063 adstantium
1897 4006 2199 4075 lachrymas
2224 4015 2288 4056 ac

714 4101 942 4156 naenias
1014 4098 1202 4152 videt:
1271 4098 1386 4168 ipsa
1455 4111 1588 4151 vero
1648 4111 1718 4150 ne
1785 4093 2013 4148 verbum
2087 4091 2288 4145 mutire

715 4199 917 4262 potest,
939 4205 1063 4245 cum
1084 4205 1362 4258 nunquam
1408 4197 1565 4242 antea
1603 4186 1873 4242 eiusmodi
1917 4183 2288 4240 evocationem

715 4291 946 4354 experta
967 4283 1136 4337 fuerit
1159 4300 1174 4348 ;
1198 4282 1330 4351 quin
1350 4279 1684 4335 etinfinitam
1704 4280 1848 4335 vitae
1867 4277 2286 4348 longitudinem,

718 4376 1103 4445 diversamque
1162 4375 1307 4430 vitae
1357 4374 1726 4430 instituendae
1759 4373 2023 4428 rationem
2073 4369 2286 4426 metuit.

719 4466 1088 4525 Centristatur
1144 4465 1310 4520 etiam
1366 4465 1772 4535 praesentium,
1823 4479 2054 4533 quorum
2127 4461 2284 4533 [Pag.

719 4558 849 4630 9.59]
879 4568 962 4613 est
991 4559 1048 4612 in
1076 4565 1364 4628 potestate,
1398 4557 1715 4627 angelorum
1765 4553 2130 4609 inclementia.
2161 4552 2291 4608 0m—

724 4649 892 4704 nibus
923 4649 1056 4718 quin
1090 4649 1255 4703 etiam
1309 4647 1659 4718 compatitur,
1696 4646 1906 4716 ipsique
1931 4644 2176 4714 corporis
2206 4644 2290 4696 in-

722 4739 987 4796 fortunio.
1018 4738 1254 4806 Hujusce
1275 4737 1677 4806 separationem
1697 4736 1862 4798 dolet,
1889 4735 1956 4788 ab
1978 4748 2046 4788 eo
2067 4733 2289 4802 quippe,

723 4831 815 4886 cui
863 4830 1072 4901 jamdiu
1103 4830 1407 4892 consuevit,
1455 4829 1747 4898 disiuncta,
1787 4843 1910 4881 cum
1973 4826 2188 4880 unicam
2232 4840 2295 4879 ac

724 4927 897 4980 solam
957 4921 1407 4985 consolationem,
1464 4936 1601 4990 quae
1652 4935 1718 4973 ex
1773 4919 1993 4988 propria
2053 4917 2298 4970 exoritur

725 5017 1084 5079 conscientia,
1115 5014 1316 5068 habere
1351 5029 1459 5066 non
1490 5012 1682 5081 possit,
1713 5010 1816 5064 nisi
1869 5009 2040 5063 bonas
2061 5009 2302 5063 actiones

727 5109 964 5163 coluisse
995 5107 1100 5162 sibi
1121 5104 1343 5161 conscia
1365 5104 1552 5158 fuerit.
1580 5103 1726 5156 Talis
1749 5102 1927 5156 anima
1943 5101 2106 5155 etiam
2145 5111 2300 5155 ante-

726 5215 890 5271 quam
917 5199 1145 5253 sistatur
1175 5195 1370 5266 judici,
1411 5211 1442 5247 a
1485 5191 1825 5248 conscientia
1851 5207 1948 5244 sua
1983 5189 2306 5243 indesinen-

729 5302 816 5346 ter
839 5289 1137 5361 iudicatur.
1167 5288 1311 5341 Dicit
1358 5286 1559 5340 iterum
1605 5285 1772 5339 abbas
1824 5284 2300 5338 Macariuszltane

727 5384 899 5438 vero?
936 5382 1152 5436 Domini
1182 5380 1308 5443 mei,
1341 5378 1397 5433 id
1423 5379 1555 5432 mihi
1603 5379 1768 5433 etiam
1800 5378 2127 5447 explicatum
2149 5376 2296 5432 detis

731 5492 853 5532 oro.
885 5475 1333 5544 Quandoquidem
1371 5487 1436 5525 ex
1472 5472 1718 5540 patribus
1766 5471 2022 5524 traditum
2056 5477 2160 5534 est,
2195 5479 2304 5524 ter-

2340 619 2481 684 δζον.
2521 620 2616 673 καὶ
2655 619 3040 689 αίσθανόμενος
3073 619 3102 670 ὁ
3135 617 3288 687 ἆγιος
3319 618 3590 686 Μακάριος
3627 624 3704 694 τῆς
3733 628 3817 683 δυσ.

2339 712 2524 775 ωδίας,
2557 710 2864 765 συνέκλεισε
2892 709 3028 780 μετά
3048 708 3149 778 τῆς
3183 709 3319 772 ἰδίας
3347 708 3526 778 χειρὸς
3560 712 3664 774 τοὺς
3684 717 3819 774 ἑαυτοῦ

2344 801 2647 871 μυκτῆρας,
2677 799 2781 862 ἕως
2805 793 2864 853 οὗ
2902 798 3204 870 παρῆλθεν·
3245 798 3503 869 ἐποίησαν
3525 798 3574 851 δὲ
3599 804 3676 855 καὶ
3693 807 3729 857 oi
3753 810 3820 876 ἀγ.

2342 893 2489 962 γελοι
2509 891 2701 955 οὕτως.
2728 892 2820 944 καί
2847 890 2968 944 ἰδὼν
2987 894 3014 944 ὁ
3035 890 3213 961 γέρων
3236 885 3385 942 εἶπεν
3411 890 3597 952 αὐτοῖς·
3622 895 3696 945 καί
3717 897 3824 967 ὑμεῖς

2343 985 2514 1050 οὕτως
2545 984 2904 1056 όσφραίνεσθε
2963 984 3058 1055 τὴν
3088 982 3352 1036 δυσωδίαν
3385 980 3479 1033 τοῦ
3509 982 3712 1051 κόσμον;
3733 991 3767 1040 οἱ
3787 991 3823 1042 δὲ

2344 1075 2494 1130 εἷπον
2513 1093 2529 1108 ·
2559 1077 2717 1146 οὐχὶ,
2748 1075 2884 1129 ἀλλὰ
2926 1075 2986 1128 σὲ
3029 1074 3228 1136 ίδόντες
3266 1073 3589 1142 ἐποιήσαμεν
3618 1076 3695 1126 καὶ
3717 1079 3827 1147 ﬁget;

2345 1167 2548 1230 οὕτως·
2597 1169 2756 1238 ἡμεῖς
2803 1166 2910 1236 γὰρ
2959 1166 3058 1236 τῆς
3100 1163 3362 1226 δυσωδίας
3421 1162 3514 1215 τοῦ
3563 1164 3730 1236 κόσμου
3762 1173 3827 1224 οὐκ

2345 1257 2744 1328 αἰσθανόμεθα,
2781 1257 2916 1310 ἀλλά
2960 1256 3060 1326 τῆς
3102 1253 3386 1324 ὀζομενίας
3435 1252 3538 1305 τῶν
3576 1253 3728 1324 ψυχῶν
3759 1261 3831 1313 τῶν

2349 1349 2685 1421 ἁμαρτωλῶν
2717 1347 3120 1419 ὀσφραινόμεθα
3152 1347 3341 1416 μόνον,
3382 1344 3441 1396 ὃν
3484 1345 3660 1414 τρόπον
3695 1350 3742 1400 ὠ
3767 1352 3830 1420 τὴν

2347 1441 2608 1496 δυσωδίαν
2645 1441 2738 1494 τοῦ
2776 1439 3109 1510 θνησημαίου
3154 1437 3343 1490 τούτου
3391 1436 3701 1508 ἀποστρέφῃ.
3727 1444 3833 1497 καὶὸ

2353 1535 2525 1605 γέρων
2547 1533 2691 1600 λέγει
2715 1532 2914 1594 αὐτοῖς’
2943 1528 3243 1600 γνωρίσατέ
3266 1544 3376 1599 μοι,
3401 1529 3696 1597 παρακαλῶ,
3711 1532 3833 1586 τοῦτο·

2350 1629 2446 1698 τῆς
2467 1625 2735 1686 δυσώδους
2756 1625 2929 1694 ψυχῆς
2946 1623 3053 1676 τῶν
3079 1622 3416 1693 ἁμαρτωλῶν
3443 1622 3500 1672 ἐν
3523 1623 3585 1690 τῇ
3608 1621 3835 1695 (mgni-.13

2354 1718 2694 1780 αἰσθάνεσθε,
2717 1717 2750 1787 ἢ
2782 1719 2917 1786 μετά
2945 1715 3205 1776 θάνατον;
3229 1713 3322 1766 καὶ
3352 1713 3467 1775 πῶς
3491 1711 3584 1774 τὰς
3609 1713 3835 1782 ψυχὰςτὼν

2355 1809 2692 1881 ἁμαρτωλῶν
2711 1850 2726 1873 ,
2758 1806 2872 1870 πῶς
2901 1807 2958 1860 δὲ
2991 1807 3066 1876 τῷ
3094 1805 3267 1876 κυρίῳ
3315 1805 3749 1871 πεπιστευκότων,
3767 1807 3838 1857 τῶν

2284 1866 2328 1924 Β
2355 1902 2586 1968 ἀσεϐῶν,
2614 1900 2718 1953 τῶν
2747 1901 2820 1971 μὴ
2846 1897 3284 1951 πεπιστευκότων
3307 1896 3550 1968 [δηέρετε
3575 1895 3841 1966 (1)]ςείτατε

2361 2012 2469 2065 μοι,
2511 1995 2559 2045 εί
2607 1986 2764 2063 εὖρον
2807 1993 2964 2061 χάριν
2997 1989 3222 2042 ἐνώπιον
3257 1987 3428 2059 ὑμῶν.
3479 1988 3575 2040 καὶ
3604 1989 3650 2039 οἱ
3692 1990 3845 2057 ἄγγελοι

2357 2081 2508 2138 εἷπον
2525 2100 2536 2112 ·
2574 2085 2825 2144 ἄκουσον,
2851 2081 3072 2135 ἐκλεκτέ
3098 2081 3191 2133 τοῦ
3221 2078 3355 2131 Θεοῦ
3384 2077 3652 2148 Μακάριε.
3678 2081 3706 2147 ἡ
3727 2081 3846 2148 ἁμαρο

2356 2177 2523 2240 τωλὸς
2551 2175 2695 2246 ψυχὴ
2725 2175 2819 2228 καὶ
2853 2173 2932 2227 ἔτι
2960 2169 3094 2226 οὖσα
3123 2175 3180 2224 ἐν
3208 2171 3284 2241 τῷ
3315 2170 3531 2240 σώματι
3561 2170 3650 2240 τὴν
3675 2171 3760 2222 τῶν
3783 2189 3845 2222 κα-

2359 2269 2470 2322 κῶν
2484 2267 2731 2340 πράξεων
2753 2266 2976 2332 όζωδίαν
2992 2265 3304 2329 ἀποδίδωσι,
3315 2261 3450 2333 μετά
3469 2261 3531 2314 δὲ
3549 2261 3747 2313 θάνατον
3764 2262 3848 2313 πολὺ

2361 2361 2541 2414 πλέον.
2571 2360 2678 2413 τῶν
2706 2359 2814 2430 γὰρ
2849 2358 3096 2430 πράξεων
3129 2355 3377 2426 φανερῶς
3401 2352 3739 2422 ἐπικειμένων
3761 2354 3851 2421 αὐτῇ

2363 2453 2612 2507 σκοτοῦσι.
2659 2452 2753 2506 καὶ
2788 2451 3042 2522 μελανίαν
3088 2449 3242 2520 δίκην
3282 2448 3415 2516 αὐτῇ
3455 2446 3851 2516 περισήπουσι·ή

2361 2547 2468 2616 γὰρ
2495 2545 2642 2616 ψυχὴ
2666 2545 2787 2598 καθ’
2820 2543 3013 2613 ἑαυτήν
3038 2541 3273 2612 φωτεινὴ
3305 2540 3398 2592 καὶ
3419 2536 3634 2609 καθαρά
3661 2536 3854 2599 ἐστιν,ὡς

2362 2639 2456 2690 τοῦ
2492 2635 2758 2690 ἀθανάτου
2793 2634 2968 2703 φωτὸς
2999 2630 3320 2702 ἐμφύσημα·
3361 2626 3500 2681 ἀλλὰ
3532 2629 3590 2678 ἐν
3619 2625 3689 2695 τῷ
3714 2624 3856 2693 σώματι

2369 2729 2643 2798 γινομένη,
2677 2728 2773 2782 καὶ
2801 2727 2875 2798 μὴ
2904 2725 3083 2786 καλῶς
3113 2723 3243 2776 αὐτὸ
3270 2720 3620 2792 κυϐερνῶσα,
3649 2717 3856 2786 μολύνεται

2368 2821 2508 2875 κατὰ
2539 2821 2703 2891 μέρος
2735 2820 2801 2872 ἐκ
2827 2818 2923 2888 τῆς
2947 2816 3239 2886 ἁμαρτίας,
3259 2816 3294 2881 ἡ
3324 2813 3418 2884 μὲν
3446 2810 3625 2872 πλέον,
3645 2809 3740 2879 ἡδὲ
3760 2807 3860 2858 Eia:-

2369 2933 2479 2968 τον.
2509 2914 2570 2966 τὸ
2603 2913 2660 2966 δέ
2691 2911 2807 2976 πῶς
2829 2911 2884 2964 αί
2920 2909 3088 2978 ψυχαὶ
3115 2909 3178 2959 ἐκ
3206 2906 3314 2958 τῶν
3341 2903 3609 2972 σωμάτων
3640 2898 3860 2968 λαμϐάνον-

2370 3023 2460 3059 ται
2489 3003 2694 3056 πιστῶν
2715 3020 2771 3055 τε
2796 3002 2886 3054 καὶ
2914 2999 3173 3062 ἀπίστων,
3204 2997 3455 3054 ἄκουσον,
3474 2995 3568 3046 καὶ
3591 2992 3773 3045 πάντων
3793 2988 3865 3039 ἐτί-

2373 3112 2497 3166 γεια
2531 3096 2563 3165 ἢ
2595 3093 2748 3146 κοινά
2777 3092 3068 3161 ἐλαχίστων
3128 3089 3202 3156 (9.)
3240 3086 3344 3139 τῶν
3387 3083 3712 3155 ἐπουρανίων
3740 3078 3864 3147 νόμζε

2300 3214 2344 3271 C
2381 3185 2541 3250 εἶναι,
2565 3185 2840 3255 Μακάριε.
2871 3183 3058 3251 ὥσπερ
3079 3179 3187 3250 γὰρ
3209 3180 3272 3230 ἐκ
3298 3175 3388 3230 τοῦ
3413 3173 3657 3242 ἐπιγείου
3683 3170 3868 3241 βασιλέως

2379 3275 2826 3346 ἀποστελλόμενοι
2855 3271 3179 3343 στρατιῶται
3206 3269 3297 3322 ἐπὶ
3323 3265 3401 3337 τῷ
3432 3262 3756 3336 παραστήσαί
3776 3275 3866 3314 τινα.

2378 3371 2623 3432 ἐλθόντες
2678 3367 2990 3436 συνέχουσιν
3042 3363 3200 3416 αὐτὸν
3253 3361 3346 3413 καὶ
3397 3358 3472 3428 μὴ
3521 3355 3745 3408 θέλονταυ
3781 3351 3802 3400 ὁ
3839 3348 3873 3398 ἂ

2380 3459 2751 3529 καταπτήσσει
2778 3457 2876 3528 μὲν
2897 3455 2972 3525 τῷ
3004 3453 3172 3523 φόϐῳ,
3199 3450 3389 3521 τρέμει
3415 3448 3472 3500 δὲ
3502 3447 3596 3498 καὶ
3622 3445 3711 3512 τὴν
3739 3456 3871 3508 παρου-

2384 3550 2504 3604 σίαν
2536 3549 2642 3602 τῶν
2668 3544 3005 3616 ἀσυμπαθῶς
3033 3541 3168 3612 πρὸς
3193 3539 3289 3608 τὴν
3325 3536 3633 3606 ὁδοιπορίαν
3665 3532 3873 3585 ἑλκόντων·

2380 3641 2521 3694 οὕτω
2549 3640 2643 3693 καὶ
2668 3639 2796 3690 ὅταν
2827 3632 3202 3688 ἀποσταλῶσιν
3244 3629 3461 3697 ἄγγελοι
3493 3623 3799 3695 παραλαϐεῖν
3819 3620 3878 3685 τὴν

2382 3732 2580 3804 ψυχὴν,
2608 3732 2718 3783 εἴτε
2737 3727 2965 3788 δικαίου,
2986 3726 3092 3778 εἴτε
3115 3719 3460 3793 ἁμαρτωλοῦ,
3486 3707 3878 3784 καταπτήσσειὴ

2385 3801 2565 3896 ῲάϐῴ,
2601 3823 2696 3876 καὶ
2731 3820 2919 3892 τρέμει
2951 3814 3051 3887 τὴν
3097 3813 3396 3884 παρουσίαν
3443 3810 3555 3864 τῶν
3589 3804 3803 3877 φοϐερῶν
3825 3801 3881 3852 tu":

2386 3915 2675 3984 ἀποτόμων
2703 3911 2969 3980 ἀγγέλων.
2997 3907 3205 3976 καθορᾷ
3233 3904 3341 3973 γὰρ
3367 3904 3490 3954 τότε
3521 3903 3556 3971 ἡ
3585 3898 3724 3968 ψυχὴ
3748 3897 3882 3961 ἀπορεῖν

2387 4009 2481 4062 καὶ
2528 4005 2729 4074 ἀσθενῆ
2762 4003 2856 4058 καί¹
2884 3999 3136 4070 ἀνωφελῆ
3165 3995 3428 4050 πάντοθεν
3467 3993 3569 4063 τὴν
3606 3990 3695 4044 τοῦ
3727 3986 3884 4040 πλούτει

2387 4099 2481 4152 καί
2526 4095 2804 4165 συγγενῶν
2833 4093 2928 4147 καὶ
2959 4092 3128 4160 φίλων
3160 4086 3484 4159 παρουσίαν,
3536 4085 3606 4136 τὰ
3636 4083 3811 4151 δάκρυα
3831 4076 3885 4126 xi!

2386 4192 2513 4254 τοὺς
2537 4190 2768 4260 θρήνους
2795 4185 2902 4238 τῶν
2927 4179 3300 4253 περιεστώτων
3325 4177 3664 4237 αἰσθάνεται,
3689 4172 3768 4225 καὶ
3784 4165 3884 4231 λεὶῆ-

2391 4299 2482 4337 σαι
2525 4282 2558 4352 ἧ
2607 4281 2823 4349 ἀφιέναι
2863 4277 3046 4346 φωνὴν
3070 4273 3130 4326 οὐ
3160 4270 3402 4332 δύναται,
3457 4267 3724 4336 μηδέποτε

2392 4348 2578 4429 σθεῖσα
2604 4348 2826 4443 τοιαύτῃ
2855 4369 3064 4438 κλήσει,
3095 4365 3297 4418 δέδοικε
3328 4361 3386 4413 δέ
3416 4359 3516 4412 καὶ
3545 4357 3608 4412 τὸ
3630 4348 3892 4443 ἄπειρον

2388 4466 2510 4522 ὁδοῦ
2556 4465 2651 4519 καὶ
2689 4437 3106 4534 τὴνσέναλλαγὴν
3133 4455 3230 4526 τῆς
3256 4450 3562 4520 διαγωγῆς.
3605 4437 3892 4513 συνέχεταιᾶ

2324 4556 2367 4611 Β
2395 4563 2490 4616 καὶ
2518 4561 2584 4630 τῇ
2617 4557 2724 4611 τῶν
2754 4553 3043 4626 ὁρωμένων
3073 4548 3346 4620 ἀρχόντων
3383 4540 3897 4630 ἀσυμπαθείειττηοπ·

2399 4627 2597 4723 πάσχει
2625 4651 2681 4703 δὲ
2710 4649 2802 4702 καὶ
2840 4647 2980 4717 πρὸς
3009 4644 3216 4704 πάντας
3240 4637 3338 4709 (5),
3369 4636 3464 4688 xui.
3490 4638 3565 4706 τῇ
3591 4631 3682 4686 τοῦ
3721 4627 3897 4723 adipata;

2402 4741 2718 4814 συμὸιῶσει⁹
2751 4740 2845 4792 καὶ
2874 4737 3059 4808 θρηνεῖ
3089 4733 3184 4804 τὴν
3207 4730 3395 4784 τούτου
3417 4725 3732 4789 ἁπόζευξιν,
3753 4721 3812 4780 ὡς
3827 4715 3903 4768 12-i-

2399 4855 2491 4890 του
2517 4838 2573 4888 ἐν
2604 4830 2861 4902 συνηθείᾳ
2888 4826 3226 4900 χωριζομένη
3247 4839 3263 4855 ο
3301 4822 3427 4892 μίαν
3453 4819 3555 4872 καί⁸
3598 4816 3757 4886 μόνην
3783 4824 3904 4876 παρα-

2406 4928 2602 4998 μυθίαν
2632 4924 2704 4995 μὴ
2735 4921 3000 4991 δυναμένη
3033 4919 3173 4988 ἔχειν
3202 4919 3264 4970 ἐκ
3287 4913 3378 4966 τοῦ
3415 4912 3624 4965 οἰκείου
3661 4903 3909 4961 συνειδότνςι

2399 5021 2448 5071 εἰ
2495 5017 2568 5088 μὴ
2614 5015 2708 5068 ἐὰν
2746 5011 2928 5066 καλῶν
2976 5007 3151 5078 ἔργων
3196 5004 3390 5077 πρᾷξιν
3427 5004 3604 5072 ἑαυτῇ
3650 4987 3909 5088 U‘JVO'JSE‘L?

2397 5109 2620 5176 τοιαύτη
2657 5105 2802 5175 ψυχὴ
2849 5103 2940 5155 καὶ
2973 5099 3077 5170 πρὸ
3126 5098 3226 5167 τῆς
3275 5095 3615 5163 ἀποφάσεως
3656 5088 3741 5142 τοῦ
3783 5073 3910 5153 κριπῖ

2401 5198 2507 5253 ἀπὸ
2525 5194 2618 5249 τοῦ
2644 5193 2941 5254 συνειδότος
2961 5189 3321 5247 ἀδιαλείπτως
3344 5185 3620 5255 κρίνεται.
3650 5180 3739 5232 καὶ
3758 5178 3780 5228 ό
3802 5168 3910 5224 τίείς

2403 5289 2686 5356 Μακάριος
2727 5284 2874 5350 λέγει
2921 5280 3110 5333 πάλιν·
3153 5278 3206 5329 τί
3234 5271 3361 5337 οὗνς
3396 5274 3587 5342 κύριοί
3636 5288 3754 5340 μου,
3786 5265 3910 5328 ὃέεμτ

2406 5378 2576 5449 ὑμῶν.
2609 5374 2881 5429 καὶτοῦτο
2912 5369 3302 5442 έρμηνεύσατε’
3339 5365 3533 5435 ἐπειδὴ
3567 5367 3632 5416 ὲκ
3677 5361 3773 5413 τῶν
3808 5352 3910 5449 πατῗ

2411 5437 2516 5543 ρῶν
2544 5465 2901 5536 παραδέδοται
3015 5437 3080 5533 τῇ
3119 5467 3167 5530 γ’
3213 5460 3395 5532 ἡμέρα
3443 5458 3550 5511 καὶ
3583 5457 3651 5526 τῇ
3699 5451 3743 5506 θ’
3773 5448 3848 5504 καὶ

2213 5582 2465 5639 NOTAE.

807 5701 884 5825 (13
912 5702 1026 5756 Vox
1058 5701 1194 5755 haec
1220 5700 1271 5753 in
1297 5698 1407 5754 MS.
1435 5715 1594 5769 aegre
1629 5700 1758 5771 legi.
1779 5707 1974 5768 potest.
2025 5697 2200 5751 Forte'
2223 5695 2306 5749 le-

807 5789 839 5824 n
883 5788 972 5824 um
994 5769 1350 5825 διακρίνεσθε.
1386 5769 1537 5825 iLea.
1574 5769 1850 5825 διαιρείτε.
1878 5764 2124 5825 Eunoni.

735 5764 974 5844 gendum
994 5769 1350 5844 5wxp_{va'302_.
1386 5764 1537 5840 [Legi
1560 5764 2124 5844 _8tazp§€§a._EolTon].

809 5841 888 5911 (2)
935 5841 1095 5894 Forte
1125 5837 1436 5909 ilegcndut—n
1491 5837 1726 5904 ἐάν-τως
1779 5838 1993 5906 ἐπίγεια
2025 5838 2118 5889 καὶ
2152 5837 2303 5889 κοινὰ

2411 5694 2703 5750 ἐλάττονα
2729 5692 2815 5746 vel
2847 5691 3291 5758 ἐλαχιστότερα.

2583 5763 2725 5833 Lege
2751 5762 2899 5830 πρὸς
2921 5760 3133 5814 πάντα.
