3948 6554
149 346 231 407 539
882 334 971 389 DE
1005 331 1101 390 SS.
1142 332 1467 399 MACARIIS
1504 332 1844 390 AEGYPTIO
1885 335 1972 389 ET
2012 333 2522 390 ALEXANDRINO.

150 469 194 535 μ’
212 449 560 531 προσφέρεσθαι
589 448 665 519 τῷ
705 448 824 521 Θεῷ
853 451 909 503 ἐν
937 452 1004 519 τῇ
1032 449 1296 520 ἐκκλησίᾳ
1322 448 1639 520 προσφορὰν

1746 449 1814 503 tia
1863 459 1918 504 et
1952 465 2092 504 nona
2139 459 2195 504 et
2227 447 2639 519 quadragesima
2692 447 2779 502 die
2826 447 3155 502 oblationem
3212 465 3313 519 pro

148 555 254 621 ὑπὲρ
278 547 355 600 τοῦ
384 541 819 609 τελευτήσαντος,
857 541 907 594 τί
939 542 1001 592 τὸ
1026 541 1227 610 ⁸ὅιρελος
1256 544 1320 593 ἐκ
1353 539 1541 593 τούτου
1575 543 1642 611 τῇ

147 640 414 717 μεταστάσει
451 632 521 701 (4)
572 632 717 703 ψυχῇ
759 633 1007 701 γίνεται;
1040 634 1132 687 κα)⁵
1164 634 1192 683 6
1237 632 1465 701 ἄγγελος
1501 631 1605 702 ἔφη
1627 649 1640 661 ·

142 736 259 793 οὐδὲν
286 729 475 799 ἁκέρως
499 725 573 794 (5)
598 725 716 778 οὐδὲ
750 724 1040 793 ἀνωφελῶς
1068 726 1125 779 ἐν
1154 727 1220 796 τῇ
1252 725 1515 795 ἐκκλησίᾳ
1545 725 1645 776 αύ-

144 828 215 883 τοῦ
233 817 565 891 συνεχώρησεν
592 820 620 870 6
643 816 774 880 Θεὸς
798 817 1062 887 γίνεσθαι,
1092 816 1227 870 ἀλλά
1253 818 1319 870 τά
1346 816 1644 887 ἐπουράνια

140 920 212 976 καὶ
235 916 292 971 τά
319 911 519 979 ἐπίγεια
554 910 713 962 αὐτοῦ
754 910 1027 981 μυστήρια
1059 910 1116 962 ἐν
1148 911 1213 980 τῇ
1246 908 1513 979 ἐκκλησίᾳ
1544 908 1643 961 αὐ-

139 1009 211 1065 τοῦ
257 1000 607 1073 συνεχώρησεν
653 1002 681 1054 6
730 1000 863 1065 Θεὸς
909 1001 1191 1069 γίγνεσθαι
1244 999 1338 1052 καὶ
1391 997 1642 1052 ἐκέλευσε

136 1099 373 1157 τελεῖσθαιο
395 1097 448 1147 ἐν
468 1093 573 1162 γὰρ
588 1096 653 1164 τῇ
675 1094 835 1167 τρίτῃ
858 1092 1040 1164 ἡμέρᾳ
1064 1091 1388 1163 γιγνομένης
1409 1108 1644 1161 προσφο-

138 1196 214 1268 ρᾶς
246 1192 295 1243 ἐν
336 1190 395 1257 τῇ
442 1185 738 1256 ἐκκλησία,
782 1184 1135 1257 παραμυθίαν
1172 1186 1270 1256 τῆς
1319 1184 1566 1253 θλίψεως,

131 1279 431 1355 ἀπεχωρίσθη
460 1277 552 1329 τοῦ
584 1277 855 1348 σώματος,
891 1277 1103 1347 δέχεται
1146 1279 1179 1348 ἡ
1210 1276 1355 1347 ψυχὴ
1399 1277 1495 1344 μὲν
1544 1276 1639 1329 θα-

132 1378 259 1432 νοῦσι
281 1370 419 1439 παρά
445 1368 538 1422 τοῦ
567 1372 877 1440 συνέχοντος
907 1370 1074 1441 αὐτὴν
1104 1369 1355 1437 ἀγγέλου,
1383 1370 1466 1421 ὅτι
1493 1368 1644 1421 εὐλὸ-

129 1486 254 1541 mm;
278 1466 362 1519 καὶ
388 1461 672 1533 προσφορά
702 1462 841 1531 ὑπὲρ
872 1461 1040 1530 αὐτῆς
1073 1462 1129 1514 ἐν
1153 1464 1220 1533 τῇ
1249 1460 1514 1531 ἐκκλησίᾳ
1549 1460 1641 1515 τοῦ

131 1557 231 1613 Θεοῦ
257 1551 729 1625 προσκεκόμισται,
758 1552 850 1603 καὶ
880 1547 1095 1613 εὔελπις
1124 1550 1331 1617 γίνεται
1361 1551 1417 1603 ἐν
1444 1548 1637 1621 τούτῳ.

128 1651 199 1711 τὰς
218 1646 311 1716 γὰρ
341 1642 430 1696 δύο
464 1642 677 1712 ἡμέρας
711 1644 1071 1712 συγχωρεῖται
1108 1642 1142 1712 ή
1176 1640 1320 1712 ψυχὴ
1373 1640 1491 1712 ἀμα
1530 1646 1641 1707 τοῖς

129 1740 328 1796 συνοῦσιν
356 1736 489 1805 αὐτῇ
529 1734 778 1804 ἀγγέλοις
818 1733 1179 1805 πορεύεσθαι,
1213 1734 1342 1788 ἔνθα
1371 1733 1640 1805 βούλεται,

125 1833 192 1886 ἐπὶ
221 1832 307 1901 τῆς
341 1829 460 1897 γῆς.
513 1827 549 1896 ἡ
595 1823 688 1880 οὖν
737 1825 1114 1896 φιλοσώματος
1163 1825 1310 1897 ψυχὴ
1347 1826 1645 1897 ἀπέρχεται

122 1922 220 1976 ποτέ
248 1920 337 1989 μὲν
377 1918 506 1988 περὶ
545 1917 637 1970 τὸν
665 1913 829 1981 οἷκον,
864 1916 991 1970 ἔνθα
1031 1916 1365 1988 ἀπεζεύχθη,
1409 1918 1540 1970 ποτέ
1586 1917 1642 1970 δὲ

119 2015 216 2084 περὶ
234 2013 286 2066 τὸ
313 2010 519 2081 μνῆμα,
550 2010 686 2062 ὅπου
722 2008 987 2079 κατετέθη
1022 2009 1083 2062 τὸ
1114 2010 1302 2079 σῶμα,
1334 2009 1427 2061 καὶ
1471 2008 1642 2072 οὕτως

115 2105 285 2160 ἐκτελεῖ
314 2100 408 2163 τὰς
437 2099 533 2153 δύο
569 2100 783 2171 ἡμέρας
816 2100 1053 2170 ζητοῦσα
1066 2100 1286 2172 ὥσπερ
1326 2100 1512 2172 ὄρνεον
1565 2100 1642 2173 (6)

113 2201 191 2267 τήν
212 2194 376 2251 νοσιάν
409 2193 486 2263 (7)
515 2193 707 2262 αὐτῆς.
739 2194 771 2264 ἠ
801 2193 860 2247 δέ
894 2193 1143 2263 ἐνάρετος
1175 2191 1320 2263 ψυχὴ
1346 2192 1643 2263 ἀπέρχεται

108 2290 171 2351 εἰς
192 2286 388 2348 τόπους,
421 2276 712 2351 ὅπουείχε
746 2279 1029 2351 συνήθειαν
1068 2279 1395 2349 ἐργάζεσθαι
1434 2278 1531 2349 τὴν
1568 2279 1645 2331 δι-
1686 2288 1689 2289 ⁷

111 2378 383 2447 καιοσύνην.
440 2377 507 2444 τῇ
562 2374 622 2427 δέ
666 2374 826 2446 τρίτῃ
870 2373 1052 2445 ἡμέρᾳ
1103 2370 1464 2445 [ἀνυτοῦσθαι
1520 2370 1643 2442 (8)]

106 2468 279 2523 κελεύει
311 2466 462 2538 πάσῃ
490 2466 644 2535 ψυχῇ
682 2463 1021 2535 Χριστιανῶν
1061 2464 1141 2524 είς
1168 2462 1427 2533 οὐρανοὺς
1456 2463 1521 2514 ἐκ
1560 2478 1646 2514 νε-

107 2561 225 2631 κρῶν
261 2558 497 2620 ἀναστὰς
542 2558 613 2627 τῇ
661 2556 822 2627 τρίτῃ
866 2553 1050 2626 ἡμέρᾳ
1090 2552 1324 2625 Χριστὸς
1365 2555 1394 2605 6
1428 2552 1644 2606 πάντων

102 2652 237 2715 Θεὸς,
279 2649 418 2704 κατά
469 2648 709 2719 μίμησιν
759 2647 858 2716 τῆς
916 2645 1080 2699 αὑτοῦ
1130 2645 1510 2711 ἀναστάσεως,
1565 2647 1644 2709 είς

100 2742 434 2813 ⁸ιροσκύνησιν
485 2738 587 2792 τοῦ
644 2738 778 2792 Θεοῦ
828 2738 936 2794 τῶν
986 2738 1262 2792 ἁπάντων.
1320 2737 1499 2801 καλῶς
1551 2734 1645 2792 οὖν

96 2837 280 2906 κατέχει
304 2837 337 2905 ἡ
366 2832 641 2903 ἐκκλησία
672 2834 738 2903 τῇ
780 2832 938 2903 τρίτῃ
980 2831 1166 2903 ἡμέρᾳ.
1198 2831 1514 2903 προσφορὰν
1550 2831 1645 2885 καὶ

98 2928 233 2997 εὐχὴν
259 2924 530 2979 ποιεῖσθαι
559 2923 703 2994 ὑπὲρ
733 2925 830 2993 τῆς
860 2922 1056 2993 ψυχῆς.
1094 2922 1229 2993 μετὰ
1255 2919 1347 2976 οὖν
1375 2923 1436 2975 τὸ
1475 2940 1645 2994 προσ-

93 3019 285 3089 κύνησει
315 3019 392 3088 (9)
439 3016 537 3070 τὸν
575 3015 709 3069 Θεὸν
764 3016 970 3083 γίνεται
1005 3004 1249 3078 κέλευσις
1294 3016 1426 3086 παρ’
1455 3014 1640 3079 αὐτοῦ,

92 3110 208 3162 ὣστε
235 3108 615 3179 ἐπιδειχθῆναι
653 3106 791 3177 αὐτῇ
823 3105 922 3169 τὰς
947 3105 1236 3176 διαφόρους
1278 3106 1373 3158 καὶ
1405 3107 1643 3176 τερπνὰς

90 3201 265 3269 σκηνὰς
282 3200 390 3253 τῶν
412 3200 595 3267 ἁγίων
619 3199 712 3252 καὶ
728 3197 825 3268 τὴν
841 3197 934 3250 τοῦ
960 3197 1286 3267 παραδείσου
1311 3197 1637 3268 ὡραιότητα.

90 3292 166 3345 καὶ
187 3292 350 3346 ταῦτα
384 3292 572 3345 πάντα
622 3289 1026 3359 καταμανθάνει
1065 3290 1098 3359 ἡ
1132 3287 1278 3358 ψυχὴ
1304 3288 1364 3353 ἒξ
1408 3288 1642 3358 ἡμέραις

86 3382 411 3454 θαυμάζουσα
446 3384 548 3436 καὶ
590 3379 886 3448 δοξάζουσα
924 3381 1016 3434 τὸν
1050 3380 1409 3457 εύτρεπιστὴν
1438 3379 1641 3432 τούτων

84 3476 223 3527 Θεόν·
248 3475 547 3528 καὶταῦτα
581 3476 760 3528 πάντα
801 3472 1079 3544 θεωροῦσα
1120 3473 1153 3542 ἡ
1186 3470 1332 3541 ψυχὴ
1365 3469 1637 3542 μεταϐάλ-

80 3567 208 3620 λεται
243 3566 336 3620 καὶ
373 3565 806 3620 ἐπιλανθάνεται
834 3564 933 3634 τῆς
975 3561 1226 3631 θλίψεως,
1264 3556 1445 3632 ἦσπερ
1496 3556 1640 3630 εἶχεν

81 3660 128 3710 ὲν
147 3657 216 3727 τῷ
236 3658 452 3729 σώματι
482 3653 649 3711 οὖσα.
675 3656 769 3709 ἐὰν
790 3655 847 3707 δέ
868 3658 984 3707 ἐστι
1007 3654 1065 3707 ἐν
1088 3653 1382 3723 ἁμαρτίαις
1410 3651 1639 3704 ὑπεύθυ-

81 3766 166 3813 νος,
194 3750 479 3821 θεωροῦσα
527 3749 634 3811 τὰς
678 3746 1005 3809 ἀπολαύσεις
1050 3746 1156 3798 τῶν
1194 3744 1364 3812 ἁγίων
1414 3744 1639 3815 ἄρχεται

78 3842 335 3897 λυπεῖσθαι
370 3844 471 3897 καὶ
524 3838 960 3908 καταγινώσκειν
1006 3838 1225 3908 ἑαυτὴν,
1260 3836 1524 3904 λέγουσα·
1575 3832 1639 3887 Οί

77 3951 182 4003 μοι,
218 3935 330 4000 πῶς
362 3933 731 4006 ἐματαιώθην
760 3934 819 3985 ἐν
846 3931 922 4001 τῷ
963 3930 1154 4001 κόσμῳ
1190 3928 1401 3999 ἐκείνῳ,
1436 3930 1492 3981 ἐν
1521 3931 1639 3991 ταῖς

74 4026 368 4096 ἐπιθυμίαις
410 4026 517 4082 τοῦ
565 4025 685 4095 βίου
734 4023 1113 4094 ἀσχοληθεῖσα.
1155 4022 1217 4073 τὸ
1260 4020 1507 4073 πλεῖστον
1543 4020 1637 4072 τοῦ

74 4114 169 4184 βίου
186 4118 511 4188 ἐδαπάνησεν.
530 4116 594 4169 ἐν
609 4115 857 4187 ἀμελείᾳ,
880 4115 970 4168 κα)⁸
992 4115 1091 4166 οὐκ
1115 4111 1400 4166 ἐδούλευσα
1419 4111 1496 4182 τῷ
1519 4110 1639 4179 Θεῷ

70 4210 188 4261 κατά
214 4211 272 4263 τὸ
319 4212 591 4282 πρέπον.
628 4210 776 4271 ὅπως
826 4206 980 4276 κάγὼ
1014 4206 1251 4275 ἠξιώθην
1282 4206 1379 4274 τῆς
1420 4209 1638 4277 χάριτος

70 4303 259 4373 καὶτῆς
287 4303 454 4373 δόξης
487 4301 726 4371 ταύτης.
758 4296 810 4353 οἷ
838 4317 927 4370 μοι
956 4301 1022 4371 τῇ
1054 4297 1233 4369 ἀθλία,
1261 4298 1340 4350 ἔτι
1374 4316 1464 4368 μοι
1496 4317 1636 4369 συμ-

66 4392 320 4445 ϐάλλονται
340 4397 398 4447 αἱ
426 4392 724 4463 φροντίδες
745 4391 838 4443 καὶ
854 4391 881 4442 6
901 4389 996 4443 ἄκε
1006 4405 1097 4452 ρος
1122 4387 1232 4458 (Ml)
1260 4389 1638 4459 περισπασμὸς

66 4482 114 4533 ὃν
157 4478 294 4554 εἶχον
359 4487 422 4538 ἐν
483 4484 572 4554 τῷ
642 4484 850 4553 κόσμῳ.
914 4479 1018 4533 ποῦ
1078 4479 1135 4532 δέ
1197 4497 1287 4549 μοι
1334 4482 1637 4551 χρησιμεύ-
1674 4512 1715 4565 D

62 4588 159 4625 ουσι
185 4578 233 4628 οἱ
262 4576 637 4647 ἀμπελῶνες,
671 4573 763 4637 οὓς
792 4572 1084 4641 ἐφύτευσα,
1123 4572 1216 4625 καὶ
1256 4572 1306 4623 οἱ
1349 4571 1635 4638 ἐλαιῶνεςς

64 4666 198 4719 ποίαν
239 4668 296 4721 δέ
349 4686 447 4738 μοι
503 4667 783 4738 ὠφελείαν
840 4664 1163 4735 παρέξεται,
1208 4664 1266 4716 ὃν
1321 4664 1637 4734 ἐκτησάμην

58 4758 233 4829 ἀγρόνς
302 4760 361 4813 τί
421 4761 490 4814 δέ
565 4776 662 4828 μοι
723 4759 925 4828 ὠφελεῖ
944 4758 1004 4812 τὸ
1034 4755 1234 4830 [ἐθνοῦ]
1259 4758 1374 4810 ἐκεῖ
1395 4758 1635 4827 χρυσίον;

61 4854 187 4904 ποῖον
214 4854 271 4906 δέ
299 4871 396 4922 μοι
433 4851 649 4921 ὄφελος
675 4851 902 4922 παρέχει
927 4851 956 4903 6
988 4849 1217 4911 πλοῦτος
1254 4850 1464 4914 ἐκεῖσε;
1502 4849 1554 4900 τί
1581 4849 1637 4901 δέ

57 4958 130 5009 μοι
172 4945 327 5017 ὄνησι
372 4948 500 4999 πᾶν
562 4943 797 5013 τερπνὸν
845 4941 941 4995 τοῦ
991 4942 1105 5012 βίου
1150 4942 1243 4994 καὶ
1290 4940 1385 4993 τοῦ
1432 4941 1636 5010 κόσμου

56 5033 275 5103 ἑκείνου;
319 5034 378 5091 οἷ
436 5055 586 5108 μοι,
632 5037 710 5100 εἰς
749 5034 924 5106 μάτην
970 5032 1260 5087 ἐκοπίασα’
1306 5029 1358 5087 οἵ
1393 5052 1512 5104 μοι,
1559 5035 1642 5087 ὅτι

50 5126 275 5197 ἀφρόνως
318 5131 577 5185 ἐϐίωσαν
613 5125 664 5181 οἷ
702 5144 809 5199 μοι,
850 5126 950 5196 τὴν
992 5127 1049 5178 ἐν
1087 5126 1250 5195 ὀλίγῳ
1280 5124 1458 5197 καιρῷ
1488 5125 1643 5189 δόξαν

52 5218 310 5292 ἠγάπησα,
357 5224 472 5293 τὴν
511 5220 750 5275 αίωνίαν
787 5218 1030 5288 πτωχίαν
1071 5218 1408 5288 ἐκτησάμην·
1436 5213 1487 5270 οἷ
1529 5235 1620 5287 μοι

1750 550 1968 596 mortuo
1998 542 2051 595 in
2072 543 2305 596 ecclesia
2336 542 2447 596 Deo
2476 539 2653 603 reddi,
2684 540 2814 610 quid
2846 539 3096 595 utilitatis
3119 541 3314 595 exinde

1749 635 1961 689 animae
2011 636 2067 691 in
2121 636 2273 690 exitu
2330 632 2647 689 redundat?
2697 632 2846 687 Dixit
2889 634 3111 703 angelus
3169 652 3181 686 :
3226 634 3313 690 Nil

1751 724 2114 797 inopportune
2162 744 2341 798 neque
2370 726 2637 781 inutiliter
2685 724 2741 779 in
2800 724 3031 780 ecclesia
3060 741 3158 779 sua
3193 724 3315 781 ﬁeri

1750 818 2021 873 concessit
2073 819 2237 882 Deus,
2298 806 2556 873 coelestia
2608 833 2742 873 vero
2775 825 2830 872 et
2874 828 3095 873 terrena
3141 816 3315 887 ipsius

1749 910 2008 980 mysteria
2048 911 2103 964 in
2132 912 2365 966 ecclesia
2401 926 2498 966 sua
2527 908 2644 965 ﬁeri
2672 910 2943 965 concessit
2963 909 3107 964 Deus
3135 918 3190 963 et
3228 924 3317 963 ce-

1747 1001 1950 1057 lebrari
1997 1004 2180 1074 jussit.
2218 1003 2405 1058 Tertio
2458 1003 2606 1058 enim
2664 1001 2753 1057 die
2804 1001 2947 1057 facta
2996 1001 3050 1055 in
3084 1000 3318 1055 ecclesia

1749 1094 2024 1149 oblatione
2047 1088 2297 1151 levamen
2317 1095 2545 1161 doloris,
2581 1111 2744 1167 quem
2770 1111 2801 1149 a
2823 1109 3050 1165 corpore
3069 1102 3317 1163 separata

1748 1188 1938 1252 subiit,
1959 1188 2027 1242 ab
2046 1188 2237 1258 angelo
2258 1188 2427 1258 ipsam
2451 1188 2896 1259 apprehendente
2922 1187 3119 1256 accipit
3137 1187 3317 1243 anima

1749 1279 2024 1343 defuncta,
2061 1279 2319 1349 quoniam
2353 1280 2649 1350 gratiarum
2676 1279 2819 1334 actio
2872 1290 2928 1332 et
2977 1278 3179 1331 oblatio
3216 1294 3317 1348 pro

1748 1372 1864 1441 ipsa
1892 1372 1947 1425 in
1969 1372 2201 1427 ecclesia
2222 1372 2317 1427 Dei
2342 1381 2600 1442 apparata
2631 1381 2750 1437 est;
2778 1380 2835 1425 et
2859 1371 3055 1425 exinde
3116 1371 3314 1425 bonam

1748 1478 1900 1533 spem
1931 1462 2170 1533 concipit
2209 1463 2408 1517 anima.
2440 1464 2546 1516 Per
2584 1461 2722 1516 duos
2752 1461 2899 1514 enim
2937 1460 3056 1513 dies
3082 1458 3315 1531 permit-

1752 1554 1883 1609 titur
1920 1557 2153 1616 animae.
2175 1555 2242 1609 ab
2262 1553 2467 1625 angelis
2500 1553 2583 1607 sui
2612 1552 2938 1607 satellitibus
2971 1552 3221 1624 stipatae,
3258 1551 3317 1604 in

1750 1655 1915 1713 terra,
1944 1647 2259 1717 ubicunque
2277 1646 2428 1712 velit,
2456 1645 2828 1701 obambulare.
2883 1644 3031 1711 Quae
3069 1644 3316 1713 corporis

1750 1736 1913 1807 igitur
1949 1737 2121 1791 amori
2165 1736 2469 1806 mancipata
2515 1743 2599 1789 est
2642 1734 2842 1798 anima,
2884 1732 3175 1803 aliquando
3213 1731 3313 1785 do-

1680 1815 1719 1867 Β
1749 1843 1919 1892 mum,
1968 1844 2000 1883 a
2036 1844 2142 1898 qua
2196 1836 2444 1899 separata
2492 1836 2595 1891 est,
2658 1826 3123 1894 circumvagatur,
3174 1838 3314 1877 non~

1745 1935 2024 1989 nunquam
2058 1920 2430 1989 sepulchrum,
2472 1918 2528 1972 in
2555 1932 2664 1987 quo
2700 1916 3041 1971 reconditum
3068 1925 3152 1970 est
3189 1931 3315 1969 cor-

1745 2026 1881 2080 pus;
1906 2018 1962 2064 et
1997 2011 2066 2065 ad
2100 2012 2246 2065 hunc
2276 2010 2499 2065 modum
2550 2008 2778 2063 biduum
2808 2008 2993 2080 exigit,
3022 2018 3212 2077 portus
3246 2009 3315 2063 ad

1745 2102 1917 2158 instar
1946 2102 2178 2158 cadaver
2201 2118 2361 2158 suum
2395 2118 2684 2172 quaerens.
2725 2103 2821 2158 Pia
2859 2117 2991 2156 vero
3028 2101 3207 2155 anima
3245 2101 3314 2155 ad

1742 2196 1913 2257 locos,
1938 2194 1996 2249 in
2028 2195 2231 2265 quibus
2265 2194 2530 2266 justitiam
2564 2195 2781 2265 cperari
2838 2193 3140 2257 consuevit,
3176 2193 3309 2249 abit.

1745 2286 1931 2341 Tertio
1967 2295 2152 2341 autem
2180 2286 2270 2340 die
2296 2300 2488 2340 omnes
2527 2284 2964 2340 Christianorum
3003 2284 3210 2340 animas
3244 2284 3314 2341 ad

1744 2377 1926 2432 coelos
1959 2376 2158 2432 adduci
2201 2378 2379 2448 jubet,
2429 2378 2522 2448 qui
2564 2375 2654 2432 die
2709 2378 2874 2433 tertio
2905 2393 2935 2431 e
2964 2377 3196 2432 mortuis
3224 2393 3313 2432 re»

1744 2469 2000 2534 surrexit,
2022 2468 2274 2524 Christus
2286 2469 2531 2524 omnium
2555 2470 2720 2534 Deus,
2754 2479 2817 2523 ut
2852 2469 3314 2524 resurrectionem

1745 2560 1916 2630 ipsius
1940 2561 2181 2616 imitatae
2201 2562 2372 2616 Deum
2400 2562 2643 2616 omnium
2660 2570 3035 2616 creaturarum
3063 2559 3311 2616 adorent.

1745 2652 1890 2708 Bene
1914 2652 2303 2724 igiturmorem
2334 2653 2500 2707 istum
2547 2652 2752 2707 retinet
2796 2652 3047 2715 ecclesia,
3075 2660 3134 2707 ut
3158 2653 3312 2707 obla-

1745 2745 1950 2800 tionem
2001 2752 2057 2800 et
2092 2746 2394 2800 orationem
2423 2744 2513 2800 die
2551 2745 2714 2800 tertio
2767 2760 2867 2815 pro
2906 2745 3086 2799 anima
3128 2744 3311 2800 faciat.

1744 2836 1874 2891 Post
1913 2835 2199 2890 adoratum
2246 2836 2413 2906 igitur
2457 2836 2629 2890 Deum
2656 2835 2724 2889 ab
2762 2834 2856 2888 illo
2901 2834 3210 2899 mandatur,
3254 2844 3317 2891 ut

1745 2928 1965 2982 diversa
2001 2943 2337 2997 amoenaque
2384 2936 2697 2982 sanctorum
2731 2926 3041 2981 habitacula
3085 2936 3140 2981 et
3159 2942 3319 2997 para-

1745 3019 1850 3073 disi
1902 3019 2253 3089 pulchritudo
2294 3019 2506 3074 animae
2561 3018 2937 3073 ostendantur.
2987 3017 3090 3073 Ista
3133 3020 3315 3074 omnia

1746 3110 2006 3180 perdiscit
2039 3111 2219 3164 anima
2253 3126 2348 3165 sex
2374 3111 2596 3180 integris
2634 3110 2829 3164 diebus
2852 3111 3022 3164 Deum
3069 3111 3316 3167 omnium

1748 3202 2090 3257 conditorem
2123 3203 2401 3257 admirans
2419 3211 2474 3257 et
2503 3201 2839 3257 collaudans.
2877 3202 2972 3257 Illa
3009 3204 3193 3258 omnia
3234 3204 3317 3259 vi—

1747 3294 1884 3349 dens
1938 3294 2121 3348 anima
2168 3294 2464 3363 derepente
2514 3300 2759 3348 mutatur
2811 3301 2868 3347 et
2928 3294 3133 3350 doloris
3189 3295 3313 3361 sui,

1747 3401 1911 3456 quem
1930 3386 1986 3439 in
2012 3401 2243 3455 corpore
2270 3385 2447 3455 posita
2468 3384 2800 3455 patiebatur,
2830 3386 3195 3442 obliviscitur.
3217 3386 3314 3442 Sin

1746 3492 1878 3531 vero
1905 3477 2144 3547 peccatis
2173 3477 2407 3531 obnoxia
2444 3478 2535 3541 sit,
2563 3493 2685 3531 cum
2728 3486 3037 3532 sanctorum
3066 3479 3315 3550 volupta-

1747 3575 1828 3622 tes
1859 3568 2026 3633 videt,
2050 3566 2360 3622 contristari
2408 3566 2749 3636 seipsamque
2780 3566 3143 3621 condemnare
3172 3566 3312 3620 inci~

1746 3657 1827 3727 pit
1847 3656 2161 3728 hujusmodi
2191 3654 2305 3710 fere
2350 3654 2536 3710 verbis
2586 3669 2681 3708 usa
2712 3672 2725 3707 :
2763 3653 2862 3708 Hei
2892 3654 3066 3709 mihi!
3108 3665 3311 3723 quanta

1745 3750 1802 3804 in
1836 3750 1928 3804 illo
1957 3749 2163 3803 mundo
2207 3747 2449 3802 laboravi
2495 3747 2764 3813 stultitia,
2812 3748 2868 3801 in
2920 3747 3313 3818 cupiditatibus

1745 3842 1888 3896 vitae
1932 3850 2214 3911 occupata.
2244 3839 2529 3895 Maximam
2577 3840 2722 3894 vitae
2771 3848 2981 3911 partem
3017 3841 3313 3894 oscitanter

1745 3933 1957 3997 decoxi,
1987 3947 2167 4003 neque
2200 3932 2335 3996 Deo,
2367 3932 2446 3985 uti
2476 3947 2574 4000 par
2599 3942 2738 3995 erat,
2759 3932 2979 3997 servivi,
3016 3941 3077 3986 ut
3121 3942 3176 3987 et
3198 3933 3311 4001 ipsa

1744 4021 1972 4091 gratiam
1998 4020 2333 4090 gloriamque
2385 4020 2542 4074 istam
2577 4036 2960 4089 consequerer.
3027 4023 3137 4077 Vae
3176 4022 3310 4076 mihi

1744 4115 1976 4169 miserae
2001 4131 2016 4178 ;
2038 4113 2220 4168 adhuc
2252 4112 2434 4166 animo
2462 4127 2584 4165 meo
2606 4111 2842 4166 insident
2876 4128 3039 4167 curae
3064 4122 3120 4167 et
3160 4112 3307 4184 [Pag.

1744 4205 1868 4276 260]
1898 4204 2277 4275 intempestiva
2307 4204 2635 4269 sollicitudo,
2680 4204 2881 4274 quibus
2902 4206 2994 4261 illo
3018 4207 3073 4261 in
3104 4208 3312 4262 mundo

1744 4298 2066 4354 distinebar.
2116 4296 2256 4363 Quid
2316 4297 2451 4350 mihi
2487 4298 2597 4366 jam
2649 4305 2878 4367 prosunt
2925 4298 3143 4363 vineta,
3172 4314 3313 4368 quae

1744 4390 2007 4462 plantavi,
2038 4397 2094 4445 et
2145 4389 2387 4445 oliveta?
2425 4390 2642 4458 qualem
2692 4404 2824 4443 vero
2862 4390 2996 4445 mihi
3019 4391 3311 4447 utilitatem

1744 4480 2008 4545 conferet,
2068 4494 2231 4549 quem
2266 4477 2508 4549 possedi,
2551 4479 2722 4547 ager?
2779 4478 2920 4544 Quid
2961 4480 3180 4536 demum
3222 4482 3312 4535 hic

1745 4573 1880 4628 mihi
1907 4573 2155 4643 proderit
2186 4573 2304 4628 auri
2331 4572 2583 4642 pondus?
2601 4580 2697 4625 aut
2716 4572 2876 4640 quale
2915 4572 3046 4625 mihi
3071 4589 3312 4629 commo-

1744 4666 1872 4721 dum
1912 4666 2097 4721 hocin
2158 4666 2279 4720 loco
2321 4664 2529 4718 dabunt
2573 4663 2836 4718 divitiae?
2867 4664 2974 4717 Aut
3019 4680 3310 4733 quamnam

1744 4757 1876 4811 mihi
1906 4757 2197 4811 utilitatem
2232 4755 2469 4811 alterunt
2484 4770 2674 4810 omnes
2698 4755 2844 4811 vitae
2876 4765 2933 4809 et
2962 4757 3149 4811 mundi
3168 4757 3315 4811 illius

1737 4848 2149 4920 jucunditates?
2174 4848 2271 4902 Hei
2289 4847 2423 4902 mihi
2448 4848 2461 4901 ι
2486 4846 2689 4902 frustra
2704 4847 2947 4902 laboravi
2972 4864 2986 4913 ;
3018 4848 3105 4902 hei
3136 4850 3271 4903 mihi
3296 4853 3309 4902 !

1746 4941 1890 5011 quod
1929 4942 2094 4996 stulte
2139 4941 2386 4994 vixerim.
2438 4939 2537 4995 Hei
2592 4940 2762 4995 mihi!
2813 4940 2992 5011 exigui
3052 4942 3315 5010 temporis

1738 5031 1965 5101 gloriam
2006 5033 2202 5097 amavi,
2234 5042 2512 5088 aeternam
2549 5042 2924 5103 paupertatem
2953 5034 3187 5088 obtinui.
3212 5035 3312 5089 Hei

1740 5124 1912 5178 mihi!
1947 5125 2080 5194 quid
2112 5140 2271 5195 passa
2301 5126 2461 5180 sum?
2492 5126 2601 5180 Vae
2624 5126 2756 5188 mihi
2784 5127 2795 5178 ι
2854 5126 3129 5193 quomodo
3152 5126 3309 5179 obte-

1741 5215 1967 5271 nebrata
1999 5216 2293 5270 sum?l\'on
2328 5218 2452 5272 novi
2470 5233 2621 5271 sane.
2652 5217 2760 5271 Vae
2785 5215 3158 5270 mihilNullus
3174 5215 3309 5272 mihi

1554 5371 1799 5427 NOTAE.

206 5496 357 5569 Lege
384 5498 467 5552 ἐν
515 5498 600 5582 τῇ
639 5496 985 5565 μεταστάσει.
1008 5492 1070 5566 μ’.
1101 5493 1431 5568 μεταστάσῃ.
1464 5490 1637 5562 Eum]

127 5582 172 5622 at
204 5567 352 5622 Lege
394 5569 709 5622 ἀκαίρως.

116 5566 172 5638 3.5)
204 5566 352 5638 Lege
394 5568 709 5638 dmipr-

111 5630 173 5703 (6)
200 5630 413 5692 Forsan
443 5630 677 5705 ὅριὶσν.

106 5706 171 5771 (ἶ)
200 5708 413 5762 Forsan
464 5703 771 5761 ἰοὸσσιὰν.
810 5705 864 5759 Si
910 5706 1057 5774 legas
1081 5705 1263 5777 ὄρνεον
1281 5704 1376 5777 τὴν
1403 5703 1639 5765 νοσσιάν,

54 5785 208 5830 Venas
246 5780 387 5831 sicut
416 5779 547 5832 avis
590 5777 773 5829 nidum
814 5792 1089 5845 quaerens.

1825 5488 2072 5568 (8)~V‘ox
2108 5489 2262 5568 _baec
2284 5558 2296 5568 ‘
2321 5490 2371 5542 in
2406 5488 2527 5568 MS;
2566 5489 2684 5568 vix.
2718 5489 2820 5568 legi
2867 5496 3104 5568 potest;_
3124 5489 3309 5544 forsan

1752 5557 2077 5630 ἀνοροῦσθαι
2108 5558 2332 5627 legenda
2360 5566 2461 5630 est.
2486 5558 2616 5630 [Leg
2651 5557 3037 5627 ἀνυψοῦσθαι
3066 5559 3306 5615 Enrrom.

1823 5624 1897 5697 (.9)
1926 5629 2066 5699 Lege
2099 5624 2536 5699 προσκυνῆσᾰι.

1822 5698 1931 5759 (l0)
1964 5699 2105 5770 Lege
2167 5698 2431 5767 ἄκαιρορ.

1826 5894 1883 5919 σι’.
1935 5901 1941 5915 Ι
