3948 6556
704 353 799 405 31H

1924 349 1989 402 10
2045 349 2334 404 ALBERT.
2372 351 2728 407 FABRlCll'S

3795 359 3866 414 592

701 470 962 526 auxilium
994 469 1135 521 ferre
1167 478 1362 537 potest,
1395 478 1451 521 ut
1489 478 1542 520 ci.
1576 484 1672 536 ego
1719 466 1880 521 etiam
1922 469 2116 520 misera
2154 469 2258 520 Do-

2365 471 2418 520 τὶ
2466 470 2741 533 πέπονθας
2791 467 2909 521 οὐαί
2946 486 3032 537 μοι
3056 508 3070 529 ,
3121 467 3235 529 πῶς
3271 465 3616 536 ἐσκοτίσθην;
3652 469 3735 520 οὐκ
3768 467 3866 527 οἶδα

703 563 832 616 mini
861 563 1086 632 gloriam
1125 576 1444 627 consequar.
1476 560 1764 628 Postquam
1799 568 1968 611 tolum
1994 561 2266 629 justorum

703 656 959 724 gaudium
983 669 1075 707 sex
1098 651 1292 706 diebus
1325 651 1504 704 anima
1539 650 1944 718 inspectaverit,
1988 667 2180 706 rursus
2198 652 2266 706 ab

701 746 907 816 angelis
932 745 999 798 ad
1026 743 1364 797 adorandum
1390 742 1557 794 Deum
1587 741 1895 795 adducitur.
1923 741 2066 796 Bene
2099 743 2266 813 igitur

700 839 930 893 ecclesia
977 837 1065 890 die
1116 833 1528 903 nonaliturgias
1567 849 1665 902 pro
1697 833 1954 888 defuncto
2011 837 2172 891 offert
2211 846 2268 892 et

699 930 1027 985 oblationem
1057 927 1316 982 celebrat.
1351 925 1478 979 Post
1504 925 1795 978 secundam
1829 935 2012 980 autem
2067 929 2265 982 adora-
2294 981 2307 994 ,

698 1021 901 1072 tionem
935 1029 1124 1069 rursus
1149 1013 1218 1067 ab
1254 1013 1500 1067 omnium
1553 1028 1733 1066 rerum
1773 1013 2003 1067 Domino
2037 1015 2263 1068 manda-

697 1118 805 1170 tur,
848 1116 905 1162 ut
944 1107 998 1160 in
1031 1105 1301 1160 infernum
1329 1103 1632 1157 deducatur
1654 1103 1856 1166 anima,
1882 1112 1937 1157 et
1966 1120 2264 1173 poenarum

696 1201 813 1253 loca
844 1199 918 1252 ibi
966 1196 1164 1267 posita,
1221 1194 1544 1262 diversaque
1582 1193 1881 1247 inferorum
1911 1195 2168 1259 claustra,
2211 1205 2266 1251 et

694 1292 942 1345 diversae
978 1291 1054 1344 illi
1085 1289 1444 1344 ostendantur
1476 1287 1766 1356 impiorum
1811 1302 2038 1356 poenae,
2065 1289 2266 1357 quibus

693 1385 997 1440 assidentes
1041 1391 1387 1452 peccatorum
1431 1379 1642 1432 animae
1692 1379 1913 1432 assiduo
1964 1379 2150 1450 lugent
2201 1396 2266 1434 ac

694 1481 886 1532 dentes
915 1476 1172 1530 stridunt.
1226 1473 1511 1528 Pcrhasee
1567 1486 1867 1540 poenarum
1919 1470 2265 1527 diversitates

692 1570 1076 1624 circumfertur
1122 1565 1303 1619 anima
1353 1563 1472 1618 dies
1529 1563 1770 1632 triginta,
1809 1562 2260 1626 contremiscens,

693 1673 760 1710 ne
785 1666 840 1710 et
870 1656 982 1724 ipsa
1003 1653 1230 1708 forsitan
1253 1652 1306 1704 in
1334 1652 1560 1706 illoloco
1586 1651 1910 1704 incarccrari
1931 1651 2263 1706 condemne-

691 1759 800 1802 tur.
836 1749 932 1802 Die
965 1745 1381 1817 quadragesimo
1429 1759 1646 1797 sursum
1685 1744 1884 1796 iterum
1927 1743 1994 1796 ad
2027 1743 2262 1799 adoran-

689 1841 818 1894 dum
877 1841 1048 1894 Deum
1083 1837 1402 1901 reducitur;
1455 1844 1511 1890 ct
1566 1846 1698 1890 tunc
1749 1833 2050 1889 secundum
2095 1849 2262 1905 opera

689 1934 836 1986 illius
860 1932 1041 1986 locum
1083 1931 1180 1992 illi,
1215 1929 1308 1983 ubi
1340 1930 1393 1983 in
1424 1937 1710 1983 aeternum
1740 1936 2074 1992 asservetur,
2114 1927 2258 1982 indi-

687 2026 763 2081 cit
794 2024 981 2095 judcx.
1047 2024 1188 2077 Bene
1248 2004 1417 2092 igitur
1461 2022 1515 2074 in
1564 2020 1795 2074 ecclesia
1847 2020 2157 2074 celebratur
2202 2020 2259 2074 in

687 2115 1070 2169 defunctorum
1104 2122 1158 2166 et
1188 2113 1586 2182 haptizatorum
1629 2111 1969 2165 memoriam.
2007 2111 2082 2165 De
2137 2113 2256 2165 ani-

688 2205 881 2259 mabns
902 2220 1054 2268 vero,
1086 2220 1225 2273 quae
1265 2218 1479 2256 sacrum
1510 2200 1778 2270 baptisma
1796 2216 2074 2270 nunquam
2104 2217 2256 2256 rece-

685 2303 907 2368 perunt,
942 2311 1030 2350 res
1051 2311 1170 2349 sese
1201 2294 1316 2364 pari
1368 2293 1530 2346 modo
1569 2309 1677 2346 non
1710 2293 1895 2356 habet,
1933 2293 2028 2348 sed
2074 2294 2128 2347 in
2190 2310 2257 2348 eo

686 2407 814 2446 casu
852 2389 1027 2460 angeli
1063 2389 1418 2441 inclementes
1457 2386 1667 2440 animas
1705 2402 1813 2439 non
1864 2387 2165 2456 baptizatas
2225 2402 2256 2439 e

685 2497 914 2550 corpore
951 2479 1244 2548 accipiunt,
1304 2477 1655 2531 verberantes
1702 2477 1821 2531 illas
1875 2486 1929 2531 et
1962 2478 2252 2532 dicentes:

686 2575 982 2637 Adesdum,
1018 2573 1183 2642 impia
1253 2571 1470 2632 anima;
1501 2571 1626 2639 quis
1660 2571 1923 2624 Dominus
1957 2562 2090 2624 tuus
2140 2587 2256 2624 om-

684 2667 942 2735 niumque
985 2665 1147 2724 Deus,
1179 2677 1340 2732 quem
1378 2660 1518 2715 scire
1562 2660 1806 2720 noluisti,
1851 2647 1906 2713 in
1940 2661 2143 2714 mundo
2165 2677 2252 2715 se-

681 2774 815 2813 cura
872 2757 1114 2826 degens?
1164 2754 1318 2808 Nunc
1344 2767 1476 2806 vero
1523 2767 1649 2805 eum
1723 2765 1954 2820 agnosce
2015 2753 2255 2807 aeternis

681 2851 894 2905 addicta
922 2848 1129 2918 poenis.
1152 2847 1286 2900 Dein
1314 2843 1378 2899 ad
1410 2843 1645 2914 primum
1664 2859 1836 2912 usque
1875 2844 2086 2898 coelum
2107 2845 2252 2899 illam

685 2941 1036 3002 adducentes,
1086 2952 1205 2992 eam
1242 2935 1462 2997 sistunt,
1514 2934 1700 3003 illique
1751 2949 1782 2987 e
1817 2935 2114 3005 longinquo
2159 2950 2252 2991 os-

682 3035 910 3088 tendunt
931 3031 1246 3102 angelorum
1287 3029 1640 3097 omniumque
1667 3027 1984 3083 coelestium
2015 3039 2254 3100 potesta-

681 3136 795 3180 tum
834 3125 1061 3195 gloriam
1091 3123 1373 3178 dicentes:
1417 3121 1650 3175 Istorum
1702 3121 1948 3175 omnium
1987 3123 2252 3178 Dominus

679 3228 764 3274 est
792 3218 950 3272 Jesus
981 3215 1233 3271 Christus
1262 3214 1357 3269 Dei
1414 3214 1523 3267 vivi
1565 3212 1728 3276 ﬁlius,
1761 3229 1924 3283 quem
1953 3230 2250 3285 agnoscere

678 3318 736 3366 et
759 3309 988 3365 adorare
1027 3307 1268 3362 noluisti.
1306 3307 1484 3376 Apage
1505 3305 1703 3360 abhinc
1741 3321 1872 3360 vero
1893 3305 1960 3360 ad
1986 3307 2064 3360 tui
2101 3307 2251 3361 simi-

679 3405 760 3460 les
790 3403 986 3472 impios
1047 3414 1345 3468 eorumque
1377 3399 1677 3468 principem
1709 3398 1986 3452 diabolum
2015 3397 2249 3454 abducta

679 3497 735 3550 in
761 3505 1045 3550 aeternum
1069 3492 1244 3561 ignem
1271 3498 1586 3560 apparatum
1612 3491 1830 3544 diabolo
1857 3501 2020 3560 atque
2042 3492 2248 3562 angelis

675 3587 816 3657 ejus,
859 3600 998 3654 quos
1025 3584 1080 3636 in
1103 3582 1242 3635 vivis
1267 3582 1446 3636 adhuc
1469 3583 1643 3651 posita
1673 3592 1928 3652 tanquam
1954 3583 2096 3637 Deos
2144 3585 2245 3637 ad-

676 3677 866 3731 orasti.
897 3676 1189 3743 Postquam
1227 3673 1328 3726 ista
1356 3672 1621 3727 dixissent
1651 3674 1856 3742 angeli,
1900 3689 2117 3728 servum
2147 3675 2244 3729 Dei

676 3765 969 3822 Macarium
997 3763 1227 3834 amplexi
1258 3778 1287 3815 e
1329 3770 1623 3832 conspectu
1665 3773 1850 3817 nostro
1879 3774 2238 3819 evanuerunt.

676 3859 783 3916 1δῖος
821 3875 952 3913 vero
982 3857 1209 3928 gloriam
1241 3855 1529 3909 reddamus
1555 3855 1701 3909 Patri
1731 3865 1784 3909 et
1831 3855 1969 3909 Filio
1993 3865 2049 3910 et
2071 3855 2245 3926 Spiri-

674 3953 753 4006 tui
797 3959 984 4005 sancto
1035 3962 1181 4002 nunc
1208 3955 1262 4000 et
1291 3945 1344 3999 in
1391 3946 1605 4000 saecula
1636 3947 1997 4000 saeculorum.
2044 3948 2238 4002 Amen.

2371 563 2491 614 ούαί
2520 579 2640 632 μοι,
2678 561 2852 623 οὐδεὶς
2894 561 3179 630 δυνήσεται
3219 561 3312 610 νῦν
3351 557 3605 628 βοηθῆσαί
3637 562 3869 628 μοι.ὃπως

2371 652 2525 720 κάγὼ
2568 654 2601 723 ἡ
2645 650 2804 705 ἀθλία
2846 651 2992 721 τύχω
3021 651 3121 721 τῆς
3145 651 3302 721 δόξης
3337 649 3430 704 τοῦ
3462 651 3665 718 κυρίου.
3701 653 3808 721 μετὰ
3831 656 3870 709 ἃ

2367 745 2429 797 τὸ
2473 744 2746 814 θεωρῆσαι
2788 744 2967 796 πᾶσαν
2999 743 3096 813 τὴν
3123 743 3294 814 χαρὰν
3331 741 3439 794 τῶν
3473 740 3681 794 δικαίων
3715 745 3764 795 ὲν
3786 751 3869 810 ταῖς

2368 835 2427 900 ἒξ
2451 838 2704 909 ἡμέραις,
2745 836 2904 889 πάλιν
2938 835 3267 905 ἀναφέρεται
3311 834 3416 886 ὑπὸ
3448 833 3553 886 τῶν
3591 835 3796 902 ἀγγέλων
3817 842 3869 902 εἰς

2369 927 2736 998 προσκύνησιν
2759 927 2853 979 τοῦ
2877 925 3030 980 Θεοῦ.
3057 925 3238 988 καλῶς
3263 921 3354 978 οὖν
3377 924 3662 995 προσφέρει
3686 927 3734 978 ἐν
3773 931 3820 996 τῇ
3838 931 3868 982 ε

2367 1020 2551 1090 ἡμέρα
2597 1019 2932 1089 λειτουργίας
2976 1019 3070 1071 καὶ
3123 1017 3439 1088 προσφορὰν
3478 1015 3742 1070 ἐκτελοῦσα
3767 1021 3867 1091 ὑπὲρ

2365 1110 2460 1162 τοῦ
2498 1109 2936 1179 τελευτήσαντος.
2985 1109 3121 1179 μετὰ
3165 1108 3222 1160 δὲ
3260 1109 3359 1178 τὴν
3405 1107 3658 1176 δευτέραν
3686 1113 3866 1177 προσκύ-

2365 1213 2519 1268 νησιν
2547 1199 2707 1250 πάλιν
2731 1197 2938 1265 γίνεται
2961 1197 3205 1259 κέλευσις
3225 1196 3374 1265 παρά
3397 1195 3490 1248 τοῦ
3513 1197 3710 1249 πάντων
3729 1199 3868 1252 δεσπο-

2364 1306 2482 1353 του,
2517 1290 2850 1356 καταγαγεῖν
2875 1287 3042 1358 αὐτὴν
3068 1289 3125 1339 ὲν
3153 1286 3230 1358 τῷ
3255 1287 3358 1359 ᾅδῃ
3387 1288 3483 1339 καὶ
3509 1285 3670 1350 δεῖξαι
3696 1288 3804 1358 αὐτῇ
3822 1292 3866 1344 τὰ

2366 1381 2545 1433 ἐκεῖσε
2575 1381 2908 1450 κολαστήρια
2939 1381 3033 1433 καὶ
3057 1380 3289 1450 διάφορα
3317 1379 3489 1448 ταμία
3529 1369 3618 1431 τού
3647 1380 3779 1449 ᾅδου,
3803 1383 3865 1434 καὶ

2365 1473 2462 1536 τάς
2492 1471 2601 1524 τῶν
2641 1471 2854 1524 ἀσεϐῶν
2879 1471 3165 1542 διαφόρους
3195 1471 3460 1532 κολάσεις.
3490 1471 3570 1532 εἰς
3594 1471 3656 1534 ἃς
3678 1489 3866 1542 παρακει-

2366 1563 2650 1634 θεζόμεναι
2691 1565 2746 1616 αἱ
2779 1563 2946 1633 ψυχαὶ
2978 1562 3086 1615 τῶν
3126 1563 3463 1632 ἁμαρτωλῶν
3493 1563 3737 1633 διηνεκῶς
3770 1565 3863 1633 θρη-

2365 1656 2514 1710 νοῦσι
2542 1657 2635 1710 καὶ
2669 1656 2927 1726 βρύχουσι
2965 1657 3089 1718 τοὺς
3113 1657 3348 1720 ὀδόντας.
3384 1657 3480 1709 καὶ
3521 1657 3578 1707 έν
3607 1659 3714 1719 ταῖς
3735 1661 3864 1710 τοιαύ-

2363 1765 2485 1812 ταις
2525 1749 2805 1818 διαφοραῖς
2850 1748 2956 1800 τῶν
3003 1749 3276 1802 κολάσεων
3322 1745 3666 1818 περιφέρεται
3699 1751 3727 1816 ἡ
3762 1750 3862 1819 ψυχὴ

2293 1861 2335 1916 Β
2363 1837 3115 1916 ήμέρᾳ(11-12)λ¹τρέμουσα,
3134 1842 3330 1912 μήπως
3356 1840 3464 1910 ἄρα
3488 1840 3584 1892 καὶ
3611 1840 3730 1911 αὑτὴ
3752 1841 3795 1892 ὲν
3814 1844 3862 1911 τῷ

2357 1932 2582 2000 τοιούτῳ
2631 1931 2780 2002 τόπῳ
2829 1931 3129 2001 κατακριθῇ
3185 1930 3569 1999 φυλάττεσθαι.
3619 1931 3703 1984 καὶ
3743 1933 3792 2000 τῇ
3829 1933 3860 2000 μ’

2357 2027 2539 2097 ἡμέρα
2564 2027 2895 2096 ἀναφέρεται
2922 2026 3080 2078 πάλιν
3108 2025 3486 2097 προσκυνῆσαι
3516 2024 3591 2094 τῷ
3616 2025 3780 2094 κυρίῳ,
3801 2027 3861 2077 καὶ

2357 2117 2475 2169 τότε
2512 2115 2693 2168 λοιπὸν
2727 2114 2863 2186 πρὸς
2909 2113 2978 2166 τὰ
3022 2113 3160 2184 ἔργα
3200 2113 3369 2182 αὐτῆς
3407 2111 3620 2165 κελεύει
3643 2105 3686 2162 ’ὁ
3727 2110 3859 2181 κριτὴς

2355 2207 2446 2260 τὸν
2478 2207 2644 2259 τόπον
2667 2209 2766 2276 τῆς
2796 2205 3213 2274 παραφυλακῆς.
3247 2203 3426 2266 καλῶς
3455 2185 3737 2256 ὲκτελεῖται
3756 2203 3857 2270 ἐνιῇ

2355 2299 2622 2369 ἐκκλησίᾳ
2648 2301 2766 2361 ταῖς
2802 2296 3012 2367 μνείαις
3040 2295 3147 2348 τῶν
3179 2295 3593 2366 μεθισταμένων
3622 2295 3706 2346 καὶ
3732 2310 3859 2359 πεφω-

2355 2390 2646 2460 τισμένων.
2684 2389 2776 2440 ἐπὶ
2801 2388 2855 2440 δὲ
2877 2387 2985 2440 τῶν
3013 2387 3199 2457 ψυχῶν
3230 2387 3336 2439 τῶν
3362 2388 3435 2456 μὴ
3479 2383 3858 2456 ἐχουσῶν

2357 2498 2468 2550 σμα
2500 2481 2560 2532 τὸ
2592 2481 2767 2550 ἅγιον,
2789 2481 2888 2551 οὐχ
2925 2479 3118 2541 οὕτως.
3148 2479 3284 2532 ἀλλά
3319 2478 3570 2550 [άπονοῖς
3598 2475 3858 2546 (imum-

2355 2575 2434 2627 λοι
2467 2574 2730 2645 ἀπότομοι
2764 2575 2872 2643 (14)
2899 2572 3230 2643 λαμϐάνουσι
3261 2572 3356 2634 τὰς
3392 2571 3716 2634 ἀφωτίστους
3736 2569 3855 2638 ψυχὰς

2355 2668 2461 2721 ἀπὸ
2493 2666 2585 2719 τοῦ
2634 2666 2904 2737 σώματος,
2946 2667 3237 2730 τύπτοντες
3279 2666 3373 2719 καὶ
3422 2664 3693 2731 λέγοντες·
3720 2662 3853 2732 δεῦρο,

2355 2757 2556 2827 ἀσεϐὴς
2581 2757 2745 2828 ψυχὴ,
2773 2757 2854 2820 τίς
2881 2759 2910 2810 ὁ
2933 2757 3200 2828 δεσπότης
3231 2774 3324 2810 σου
3353 2757 3446 2810 καὶ
3473 2755 3683 2808 πάντων
3707 2754 3852 2824 κύριος,

2352 2850 2412 2902 ὃν
2452 2851 2553 2902 ούκ
2593 2851 2853 2922 έθέλησας
2885 2850 3114 2918 γνῶναι,
3151 2852 3208 2902 ὲν
3245 2848 3426 2903 ἀνέσει
3471 2847 3717 2915 διάγουσα
3743 2848 3785 2898 ἐν
3807 2845 3853 2912 τῷ

2353 2943 2574 3011 κόσμῳ;
2607 2941 2700 2995 νῦν
2729 2942 2898 3010 γνῶθι
2934 2946 3318 3014 τιμωρουμένη
3356 2941 3610 3004 αἰωνίως.
3637 2940 3718 2994 καὶ
3747 2939 3851 3008 μέχρι

2352 3034 2444 3087 τοῦ
2491 3033 2704 3106 πρώτου
2751 3034 2980 3107 οὐρανοῦ
3023 3037 3314 3104 ἀνάγοντες
3357 3037 3542 3089 ἱστᾶσι
3588 3033 3675 3085 καὶ
3707 3027 3852 3084 Gzqu-

2355 3143 2439 3178 σιν
2481 3128 2616 3198 αὐτῇ
2670 3130 2734 3180 ὲκ
2769 3127 3004 3198 μήκοθεν
3045 3129 3144 3196 τὴν
3187 3127 3346 3193 δόξαν
3381 3126 3495 3181 τῶν
3541 3124 3758 3194 ἀγγέλων
3791 3123 3850 3172 ui

2355 3219 2574 3272 πάντων
2621 3219 2730 3272 τῶν
2783 3219 3047 3289 οὐρανίων
3105 3219 3416 3288 δυνάμεων,
3479 3219 3726 3286 λέγοντες⁸
3773 3215 3849 3265 τού·

2355 3327 2465 3364 των
2504 3311 2757 3364 ἁπάντων
2800 3310 2987 3382 κύριός
3029 3313 3173 3364 ἐστιν
3228 3310 3434 3380 Ἰησοῦς
3481 3308 3699 3381 Χριστὸς
3727 3309 3750 3358 ὁ
3776 3305 3846 3365 υἱὸς

2354 3401 2449 3454 τοῦ
2487 3400 2622 3454 Θεοῦ
2661 3401 2753 3455 τοῦ
2793 3401 3015 3466 ζῶντος,
3049 3401 3108 3456 ὃν
3148 3403 3247 3455 οὐκ
3278 3400 3556 3471 ἠθέλησας
3589 3399 3762 3468 γνῶναι
3791 3397 3847 3447 nl

2356 3494 2748 3563 προσκυνῆσαν
2805 3493 2920 3547 ἀλλ’
2975 3493 3282 3563 ἀπαχθεῖσα
3339 3492 3481 3563 πρὸς
3528 3492 3648 3554 τοὺς
3695 3487 3845 3559 «ipsius;

2353 3584 2569 3647 ἀσεϐεῖς
2598 3586 2691 3638 καὶ
2717 3585 2810 3638 τὸν
2838 3584 3042 3638 τούτων
3083 3584 3317 3656 ἄρχοντα
3347 3585 3442 3636 τὸν
3479 3583 3708 3637 διάϐολον
3731 3583 3788 3641 εἰς
3811 3576 3845 3627 ιδ

2350 3673 2460 3742 πῦρ
2502 3674 2565 3726 τὸ
2602 3673 2816 3728 αἰώνιον
2870 3675 2930 3727 τὸ
2977 3675 3375 3746 ἡτοιμασμένον
3423 3674 3507 3746 τῷ
3555 3673 3754 3740 διαδόλῳ
3787 3669 3841 3720 ul

2346 3769 2458 3830 τοῖς
2501 3767 2753 3835 ἀγγέλοις
2793 3767 2978 3830 αὐτοῦ,
3004 3768 3096 3833 οὓς
3141 3769 3199 3820 έν
3243 3767 3319 3838 τῷ
3371 3767 3479 3838 βίῳ
3518 3785 3608 3821 σου
3652 3768 3716 3828 ὡς
3745 3763 3843 3823 θειίτ

2346 3859 2781 3930 προσεκύνησας.
2813 3861 2985 3914 ταῦτα
3016 3860 3262 3922 εἰπόντες
3287 3862 3334 3913 οἱ
3369 3859 3594 3928 ἄγγελοι
3624 3859 3704 3912 καὶ
3726 3858 3840 3908 tim-

2349 3950 2574 4020 σάμενοι
2605 3951 2694 4005 τὸν
2719 3951 2903 4004 δοῦλον
2925 3951 3018 4004 τοῦ
3044 3951 3178 4005 Θεοῦ
3210 3952 3523 4024 Μακάριον,
3553 3951 3749 4022 ἀφανείς
3767 3947 3839 4011 ἑτέ·

2280 3204 2323 3264 C

673 4063 822 4099 νοντο
857 4045 947 4112 ἀφ’
982 4043 1158 4114 ἡμῶν.
1212 4043 1400 4110 Ἡμεῖς
1446 4041 1503 4094 δὲ
1570 4041 1727 4105 δόξαν
1792 4041 2204 4114 ἀναπέμψωμεν
2236 4042 2315 4113 τῷ
2354 4045 2522 4115 πατρὶ
2572 4047 2666 4098 καὶ
2700 4045 2778 4116 τῷ
2817 4045 2916 4116 υἱῷ
2962 4046 3054 4099 καὶ
3087 4045 3167 4116 τῷ
3213 4045 3352 4114 ἁγίῳ
3391 4046 3659 4116 πνεύματι
3686 4041 3758 4096 νῦν
3782 4041 3836 4091 ιιὶ

673 4139 759 4192 ἀεὶ
797 4139 894 4190 καὶ
927 4136 1006 4199 είς
1035 4136 1162 4205 τρυς
1199 4131 1401 4197 αἰῶνας
1433 4133 1542 4187 τῶν
1579 4135 1811 4188 αἰώνων.
1846 4137 2012 4206 ἀμήν.

2147 4231 2399 4286 NOTAE.

745 4323 948 4394 (ll-1‘2)
979 4323 1120 4395 Lege
1148 4321 1389 4394 ἡμέρας.

750 4393 858 4466 (l3)
892 4399 1008 4451 Vox
1031 4393 1170 4451 forte
1190 4393 1484 4464 corrupta.
1512 4393 1662 4465 [Leg.
1691 4393 1953 4461 ἀπηνῶς.
1982 4395 2179 4468 Eum].

2453 4327 2533 4396 Η)
2583 4327 2794 4398 Forsan
2840 4328 3129 4398 legendum
3165 4326 3298 4381 ἀλλὰ
3359 4327 3603 4398 ἄγγελοι
3662 4318 3833 4388 ἀπηνεῖς

2423 4329 2533 4450 ναξ)
2589 4329 2772 4381 Forsal

2348 4413 2424 4449 κα
2486 4397 2772 4468 απότομοι.

3495 4539 3818 4562 ἦ

707 4550 736 4558 ’-
1817 4564 1878 4574 “¹“¹
1905 4549 3454 4576 '————-———————————————————'—'—'—_‘—_
3297 4566 3318 4575 _
3455 4554 3472 4566 α
3495 4545 3821 4570 —-—-——""_’

707 4550 736 4558 .—

1318 4730 1843 4823 IOANNES
1943 4734 2562 4826 ALBERTUS
2668 4738 3292 4827 FABRICIUS

1152 5002 1248 5059 SS.
1292 5001 1743 5058 MACARIORUM
1777 5001 2096 5057 AEGYPTII
2134 5004 2222 5058 ET

1676 5116 1808 5170 Cum
1842 5119 1976 5172 notis
2003 5119 2246 5174 Cottlieb.

2263 4906 2330 4944 DF.

2263 5004 2729 5058 ALEXANDRINI
2771 5005 2950 5059 VlTlS
2986 5005 3075 5060 ET
3112 5003 3422 5060 SCRIPTIS

2272 5118 2630 5190 Christopliori
2662 5121 2873 5175 l-Iarles.

659 5237 752 5304 [lo.
796 5237 903 5287 Διὶ).
931 5236 1139 5287 Fabricii
1165 5237 1467 5287 Bibliotheca
1496 5237 1680 5304 Graeca
1703 5239 1807 5304 sive
1835 5239 2010 5304 notitia
2041 5235 2584 5304 scriptorumveterum
2607 5253 2916 5304 graecorum.
2944 5239 3131 5304 ἒῙῖόἱιίο
3155 5252 3278 5288 nova
3301 5251 3419 5288 cura
3443 5238 3592 5288 Cotti.
3616 5228 3810 5290 Christ"?II

1641 5299 1834 5348 Harles.
1875 5297 2294 5358 Hanib.1802,$°
2323 5299 2429 5347 Vol.
2469 5301 2570 5350 vui
2600 5297 2643 5362 β.
2675 5301 2963 5366 561—566.]

2236 5411 2303 5420 ~—

721 5492 745 5545 Ι
783 5491 1046 5545 Macarius
1077 5489 1318 5558 Magnus,
1351 5488 1648 5558 Aegyptius
1673 5487 1974 5541 monachus
1994 5497 2049 5542 et
2078 5491 2381 5563 presbyter,
2407 5492 2462 5545 S.
2488 5491 2712 5546 Antonii
2738 5491 3042 5561 discipulus
3069 5490 3168 5562 (l),
3194 5489 3458 5560 magister
3487 5483 3685 5556 Evagrii
3725 5478 3820 5534 Ρω-

654 5587 766 5650 lici,
797 5585 932 5639 obiit
962 5584 1016 5637 in
1048 5581 1265 5636 deserto
1287 5582 1482 5646 Scithi,
1514 5583 1567 5636 in
1593 5597 1703 5651 quo
1732 5581 1799 5635 ab
1824 5597 1874 5635 a.
1895 5580 1955 5635 C.
1984 5582 2079 5636 5‘2l
2120 5594 2371 5639 versatus
2409 5596 2512 5650 est,
2548 5585 2946 5656 nonagenarius
2963 5585 3108 5640 circa
3133 5599 3182 5639 a.
3218 5583 3277 5640 C.
3305 5583 3431 5639 391.
3467 5583 3540 5638 De
3567 5592 3664 5648 quo
3683 5570 3816 5627 δοιτεο

2126 5699 2375 5753 NOTAE.

728 5793 799 5862 (ι)
831 5792 908 5848 Cf.
955 5792 1190 5845 Lamber.
1229 5791 1437 5846 Comm.
1473 5791 1533 5845 T.
1564 5790 1676 5843 \‘lll
1697 5805 1814 5861 pag.
1856 5790 1958 5842 79.9.
1991 5805 2107 5860 sqq.
2142 5790 2313 5843 llam.
