3948 6554
178 352 252 412 ω
1560 336 1737 393 mm

1815 337 1960 394 LAE.
3269 337 3374 396 402

711 623 869 848 s.
988 691 1785 850 MACARII
1894 695 2818 855 AEGYPTII

988 1005 1818 1154 EPISTOLAE,
1907 1012 2494 1127 PRECES.

1269 1359 2212 1453 PRAEMONENDA.

202 1673 303 1750 Qui
344 1669 652 1733 Gennadii
710 1667 810 1748 (de
863 1666 1009 1728 viris
1035 1665 1376 1728 illustribus
1409 1683 1546 1746 cap.
1609 1666 1704 1746 10)
1739 1667 1926 1730 verba
1978 1668 2136 1731 haec
2173 1669 2324 1747 legit
2369 1687 2384 1732 :
2425 1695 2454 1730 α
2496 1673 2798 1736 Macarius
2854 1671 3203 1737 monachus
3260 1665 3371 1736 ille

136 1773 448 1855 Aegyptius
477 1770 674 1848 signis
699 1777 761 1831 et
789 1767 1118 1850 virtutibus
1150 1766 1352 1828 clarus
1405 1783 1596 1828 unam
1631 1773 1870 1829 tantum
1901 1768 1976 1830 ad
2016 1768 2296 1832 iuniores
2323 1771 2734 1850 professionis
2762 1792 2916 1837 suae
2950 1775 3197 1855 scripsit
3227 1780 3367 1859 epi-

130 1881 356 1952 stolam,
406 1876 473 1937 in
526 1892 651 1955 qua
702 1873 886 1934 docet
956 1870 1135 1932 illum
1186 1869 1464 1950 perfecte
1518 1889 1706 1951 posse
1754 1872 1986 1935 servire
2023 1874 2202 1950 ,Deo,
2234 1875 2344 1954 qui
2378 1875 2809 1938 conditionem
2847 1877 3182 1940 creationis
3216 1897 3367 1942 suae

129 1993 497 2060 cognoscens
526 1975 605 2037 ad
635 1991 856 2036 omnes
885 1971 1293 2052 semetipsum
1321 1972 1710 2046 inclinaverit
1735 1974 2004 2049 labores,
2028 1981 2091 2036 et
2117 1975 2412 2040 luctando
2439 1984 2627 2058 atque
2655 1978 2766 2040 Dei
2794 1979 3121 2041 adversum
3151 1998 3370 2056 omne,

123 2078 272 2161 quod
299 2079 360 2138 in
393 2075 514 2137 hac
544 2075 665 2136 vita
693 2090 878 2135 suave
905 2077 1019 2147 est,
1053 2071 1352 2134 auxilium
1381 2072 1804 2152 implorando,
1835 2074 1913 2136 ad
1937 2076 2284 2138 naturalem
2314 2095 2571 2158 quoque
2601 2079 2975 2159 perveniens
3003 2080 3372 2159 puritatem,

120 2180 559 2248 continentiam
592 2178 762 2240 velut
800 2185 1056 2239 naturae
1086 2175 1366 2237 debitum
1410 2194 1639 2238 munus
1672 2179 2012 2241 obtinuerit
2045 2203 2098 2255 ιο,
2143 2180 2202 2242 ei
2248 2180 2383 2243 ﬁeri
2415 2199 2544 2243 non
2579 2188 2786 2262 potest
2815 2181 2970 2261 quin
3005 2180 3374 2244 suboriattun

89 2284 392 2363 suspicio,
421 2281 764 2343 Macarium
792 2280 1165 2360 Aegyptium
1195 2279 1518 2342 doctrinae
1555 2281 1948 2359 Pelagianae,
1981 2301 2016 2344 e
2061 2301 2185 2362 qua
2216 2285 2601 2346 continentia
2643 2292 2922 2358 naturae,
2957 2301 3088 2346 non
3127 2285 3372 2362 gratiae

116 2388 332 2448 donum
362 2387 480 2456 est,
520 2381 706 2460 quasi
745 2380 944 2442 facem
977 2379 1369 2460 praetulisse.
1401 2379 1582 2441 Unde
1611 2380 1893 2444 Oudinus
1924 2382 1992 2443 in
2019 2383 2494 2445 Commentariis
2523 2382 2602 2444 de
2645 2383 3054 2461 scriptoribus
3099 2392 3160 2445 et
3201 2384 3372 2446 scri-

114 2491 220 2568 ptis
254 2483 704 2550 ecclesiasticis
752 2501 812 2543 ν.
851 2483 1128 2544 Macarii
1173 2490 1298 2542 tres
1347 2481 1662 2559 monachi,
1711 2481 1965 2564 aliique,
2004 2483 2171 2546 inter
2211 2502 2373 2564 quos
2419 2483 2876 2548 Petitdidierius
2923 2484 2991 2546 in
3043 2484 3212 2545 libro
3251 2483 3364 2564 qui

109 2587 452 2654 inscribitur
485 2606 499 2649 :
535 2589 928 2666 Remarques
956 2585 1151 2674 suria
1192 2585 1624 2667 bibliotheque
1663 2589 1773 2651 des
1816 2595 2070 2651 auteurs
2101 2589 2609 2669 ecclésiastiques
2639 2590 2718 2652 de
2747 2593 2827 2652 M.
2866 2591 2960 2652 Du
2991 2589 3105 2651 Pin
3166 2589 3375 2651 Paris..

111 2697 244 2757 169:9.
304 2699 374 2758 T.
407 2699 466 2758 Il
506 2713 575 2775 p.
619 2690 727 2752 198
757 2709 923 2772 sqq.,
960 2689 1251 2752 homilias
1280 2708 1558 2771 quoque,
1594 2711 1756 2772 quae
1779 2694 2028 2756 Macarii
2056 2694 2352 2773 Aegyptii
2385 2694 2642 2756 nomine
2677 2694 2985 2768 feruntur,
3017 2713 3178 2775 puro
3207 2702 3378 2776 puto-

103 2797 552 2875 l’elagianismo
590 2793 855 2855 infectas
891 2809 1028 2854 esse
1061 2794 1330 2870 probare
1361 2801 1504 2855 sunt
1536 2797 1765 2856 conati.
1798 2797 2028 2859 Verum
2078 2795 2342 2877 epistola
2373 2813 2408 2856 a
2450 2797 2875 2858 Petitdidierio
2902 2797 2944 2858 1.
2979 2797 3020 2858 1.
3093 2819 3155 2878 p.
3187 2799 3302 2859 220
3327 2814 3376 2859 θ

103 2896 306 2961 codice
357 2914 480 2958 ms.
533 2895 824 2958 abbatiae
870 2895 931 2954 S.
972 2895 1182 2956 Vitoni
1216 2895 1298 2972 (S.
1357 2894 1594 2975 Vanne)
1633 2897 1870 2976 prolata
1910 2899 1988 2960 ab
2033 2916 2129 2972 ea,
2175 2914 2362 2978 quam
2390 2897 2750 2959 Gennadius
2794 2906 3266 2977 commemorat,
3300 2905 3364 2962 et

97 3010 457 3082 argumento
491 3007 560 3062 et
593 3001 886 3062 universo
922 3008 1145 3061 tenore
1187 3000 1271 3061 ita
1299 2999 1502 3068 distat.
1535 3009 1604 3063 ut
1634 3004 1848 3066 eadem
1880 3023 2023 3065 cum
2058 3004 2162 3064 illa
2213 3004 2386 3066 nullo
2433 3003 2624 3065 modo
2657 3002 2872 3064 haberi
2907 3003 3127 3082 possit.
3163 3004 3366 3075 Quam.

97 3104 460 3181 ipsissimam
493 3118 604 3162 me
631 3100 698 3161 in
729 3099 948 3162 codice
977 3116 1094 3158 ms.
1128 3097 1277 3159 olim
1306 3100 1697 3175 Treverensi,
1736 3119 1925 3181 quem
1955 3103 2054 3162 Dr.
2088 3102 2391 3163 Binterim
2437 3120 2496 3162 v.
2545 3101 2624 3163 cl.
2656 3101 2860 3166 pretio
2895 3109 3170 3180 emptum
3211 3108 3367 3162 ante-

95 3203 200 3267 hos
225 3203 718 3285 quatuordecim
752 3219 952 3264 annos
996 3200 1393 3261 Bollandistis
1423 3201 1487 3261 in
1519 3201 1730 3279 Belgia
1760 3203 1928 3264 dono
1961 3203 2152 3277 dedit,
2185 3203 2495 3264 detexisse
2543 3219 2618 3265 eo
2654 3204 2851 3281 magis
2888 3203 3152 3281 gaudeo,
3185 3200 3367 3282 quod

96 3321 220 3365 eam
244 3321 324 3366 ne
355 3302 686 3364 levissima
713 3301 970 3379 quidem
1028 3301 1337 3362 eiusmodi
1384 3299 1721 3364 haereseos
1759 3302 2003 3365 macula
2032 3320 2438 3383 eonspersam
2468 3322 2605 3365 esse
2631 3305 2838 3365 statim
2865 3303 3019 3364 mihi.
3049 3301 3356 3381 persuasi.

91 3411 228 3469 Eam
255 3408 451 3486 igitur
474 3403 843 3486 epistolam,
882 3421 1043 3483 quae
1073 3403 1225 3482 quin
1257 3404 1502 3465 Macarii
1523 3404 1811 3484 Aegyptii
1845 3405 1922 3466 sit
1956 3406 2222 3467 dubitari
2254 3406 2498 3484 nequit,
2526 3406 2602 3466 ad
2633 3406 2816 3467 fidem
2849 3405 3036 3466 trium
3066 3402 3359 3464 codicum

91 3510 283 3588 primo
329 3509 484 3570 loco
536 3505 876 3568 edidimus.
919 3505 1076 3567 l-Iuic
1108 3505 1366 3567 alteram
1405 3522 1692 3582 graecam
1741 3508 2175 3568 subiunximus
2224 3525 2258 3568 e
2306 3508 2525 3569 codice
2562 3506 2951 3568 Berolinensi
2987 3513 3251 3577 erutam,
3289 3504 3358 3565 in

90 3629 203 3691 quo
243 3612 458 3672 eidem
503 3607 779 3670 Macario
808 3607 1115 3688 Aegyptio
1147 3607 1376 3669 diserte
1409 3608 1721 3669 tribuitur.
1753 3611 1917 3681 Quae
1945 3628 2086 3672 cum
2117 3609 2367 3672 Macarii
2393 3609 2679 3689 Aegyptii
2706 3607 2980 3670 homiliis
3007 3608 3090 3668 ita
3121 3623 3357 3670 conve-

90 3717 187 3789 nit,
216 3723 283 3778 ut
313 3715 396 3776 ab
430 3715 674 3777 eodem
719 3719 975 3774 auctore
1025 3711 1306 3791 profecta
1353 3729 1492 3774 esse
1536 3720 1848 3790 arguatur.
1896 3714 2102 3775 Tertia
2147 3730 2337 3793 porro
2389 3713 2649 3792 epistola
2695 3712 3067 3774 adscribitur
3111 3711 3358 3772 cuidam

84 3819 364 3892 Macario,
417 3833 632 3896 quem
676 3813 756 3875 ab
800 3813 1108 3892 Aegyptio
1157 3813 1467 3874 diversum
1514 3831 1653 3874 esse
1702 3821 1764 3875 et
1810 3814 2008 3893 stylus
2045 3820 2106 3875 et
2140 3815 2589 3876 sententiarum
2626 3814 3043 3893 discrepantia
3091 3815 3359 3892 prodere

84 3923 384 3984 videntur.
420 3924 733 3995 Quartam
762 3917 1038 3996 denique
1069 3915 1398 3996 epistolam
1432 3915 1787 3978 addidimus
1815 3917 2009 3992 illam,
2043 3935 2229 3996 quam
2259 3917 2720 3979 Petitdidierius
2746 3915 2980 3996 publici
3001 3915 3151 3994 iuris
3183 3916 3354 3991 fecit,

78 4043 110 4087 a
137 4026 316 4088 nobis
353 4025 440 4086 ad
482 4023 702 4086 ﬁdem
751 4020 1021 4082 duorum
1067 4019 1356 4080 codicum
1399 4020 1807 4097 recognitam.
1839 4022 2033 4092 Quam
2070 4020 2327 4098 quidem
2376 4020 2703 4100 epistolam
2752 4037 2787 4080 e
2834 4019 3034 4098 prima
3081 4025 3141 4079 et
3175 4020 3356 4082 tertia

76 4129 482 4208 oompilatam
536 4141 707 4198 esse,
746 4124 800 4185 si
843 4123 1008 4184 inter
1053 4139 1120 4185 se
1157 4123 1616 4202 comparaveris
1664 4122 1826 4198 illas,
1873 4123 2057 4186 facile
2108 4123 2444 4202 intelliges.
2493 4124 2828 4203 Reliquum
2862 4129 2976 4197 est,
3008 4128 3075 4184 ut
3104 4123 3356 4185 codices

73 4228 538 4291 describamus.

138 4330 392 4393 Primae
424 4327 752 4410 epistolae
783 4325 1035 4391 codices
1063 4333 1190 4389 tres
1220 4343 1381 4406 quos
1409 4327 1791 4391 contulimus
1839 4335 1984 4390 sunt
2020 4330 2358 4391 Vaticanus
2401 4328 2822 4392 bibliothecae
2855 4329 3200 4392 Christinae
3240 4327 3352 4389 588

71 4436 640 4507 :nembranaceus,
685 4449 850 4495 saec.
902 4434 1069 4507 XIII,
1119 4433 1186 4494 in
1232 4433 1462 4508 fol.,in
1513 4451 1642 4513 quo
1690 4434 1954 4513 epistola
2007 4433 2238 4512 legitur
2282 4434 2394 4496 fol.
2436 4433 2726 4511 112-114,
2773 4434 3166 4496 Treverensis
3199 4433 3352 4494 olim

68 4535 501 4602 bibliothecae
541 4539 614 4598 S.
665 4536 985 4598 Maximini
1026 4535 1136 4615 qui
1181 4553 1350 4598 nunc
1386 4537 1554 4616 apud
1601 4535 2013 4598 Bollandistas
2044 4536 2110 4596 in
2141 4536 2352 4614 Belgia
2391 4544 2762 4612 asservatur,
2808 4535 3349 4608 membranaceus,

70 4656 220 4704 saec.
254 4644 399 4716 XV,
435 4643 517 4704 in
565 4639 712 4714 fol.,
749 4645 811 4702 et
859 4638 1336 4717 Conﬂuentinus
1381 4639 1799 4702 bibliothecae
1835 4639 2142 4719 gymnasii
2179 4639 2277 4715 23,
2329 4640 2716 4716 chartaceus,
2762 4657 2924 4702 saec.
2954 4639 3081 4712 XV,
3112 4639 3178 4699 in
3213 4637 3351 4712 fol.,

66 4748 162 4809 ubi
191 4749 305 4812 fol.
348 4747 504 4822 1‘25,
542 4745 740 4807 2-127
779 4750 999 4808 exstat.
1030 4747 1100 4806 In
1147 4745 1366 4807 codice
1394 4752 1603 4807 autem
1633 4747 1929 4808 Vaticano
1955 4746 2284 4826 epistolam
2325 4747 2646 4827 excipiunt
2690 4764 2916 4810 novem
2949 4744 3243 4807 historiae
3275 4743 3355 4805 de

63 4858 307 4914 mortuo
339 4871 379 4913 a
408 4850 709 4914 Macario
743 4850 1050 4930 Aegyptio
1079 4849 1468 4925 resuscitato,
1498 4851 1577 4912 de
1610 4850 1834 4912 eodem
1863 4851 2153 4926 Macario,
2185 4857 2519 4931 postquam
2547 4851 2832 4929 fatigatus
2867 4851 3084 4927 oravit,
3117 4851 3354 4912 elevato

59 4961 114 5014 ct
143 4961 323 5016 trans
359 4955 635 5016 ﬂumen
661 4951 961 5024 demisso,
999 4950 1076 5012 de
1106 4951 1322 5012 cranio
1360 4951 1703 5014 sacerdotis
1748 4951 1995 5030 gentilis
2031 4952 2235 5014 eidem
2280 4970 2522 5033 poenas
2568 4953 2960 5015 infernarum
2997 4957 3350 5020 enarrante,

62 5057 132 5120 de
161 5059 428 5121 duobus
469 5054 826 5119 monachis
856 5072 1018 5134 quos
1045 5055 1113 5116 in
1146 5055 1350 5116 insula
1381 5056 1574 5117 eremi
1616 5055 1820 5117 nudos
1855 5057 2198 5128 invenerat,
2235 5056 2312 5118 de
2354 5057 2633 5118 eiusdem
2670 5055 2975 5125 doctrina,
3015 5072 3126 5116 cur
3165 5068 3350 5150 acce-

57 5166 299 5236 ptarum
333 5160 424 5221 ab
455 5155 1228 5220 huminibusiniuriarum
1257 5156 1719 5218 reminiscendo
1748 5157 1868 5217 vim
1899 5157 2238 5218 memoriae
2268 5156 2608 5230 laedamus,
2638 5154 2944 5217 malorum
2968 5169 3116 5214 vero
3144 5170 3178 5213 a
3199 5151 3350 5212 dae-

59 5261 353 5322 monibus
387 5258 812 5321 inﬂictorum
856 5255 1292 5317 recordatione
1322 5273 1449 5317 non
1490 5256 1830 5328 laedamus,
1861 5257 1938 5318 de
1967 5258 2232 5318 Macario
2271 5257 2576 5336 Aegyptio
2607 5273 2640 5316 e
2671 5253 3005 5334 sepulchro
3036 5259 3352 5313 mortuum

57 5362 403 5435 quendam,
441 5357 573 5439 qui
610 5356 970 5435 depositum
1000 5355 1316 5434 quoddam
1345 5357 1456 5417 ubi
1486 5356 1763 5434 posuerit
1790 5355 2046 5430 indicet,
2080 5363 2400 5430 evocante,
2433 5355 2714 5417 eiusdem
2745 5371 3118 5434 responsum
3147 5353 3353 5414 Theo-

56 5460 203 5525 doro
232 5464 471 5526 abbati
519 5461 751 5521 datum
782 5459 860 5520 de
889 5464 1252 5538 paupertate
1286 5447 1564 5538 pulchris
1599 5458 1949 5520 actionibus
1985 5457 2414 5537 praeferenda,
2456 5457 2733 5518 eiusdem
2774 5455 2850 5517 ad
2885 5453 3252 5525 monachos,
3283 5459 3354 5514 ut

55 5567 560 5647 multiloquium
599 5563 869 5641 fugiant,
901 5561 1273 5632 exhortatio,
1309 5561 1579 5642 denique
1611 5561 1916 5624 sententia
1945 5561 2227 5622 eiusdem
2250 5561 2519 5634 Macarii,
2553 5577 2764 5621 verum
2788 5557 3166 5620 monachum
3196 5575 3356 5618 nun-

56 5684 232 5744 quam
280 5670 367 5734 ad
419 5667 839 5732 iracundiam
891 5665 1148 5737 moveri,
1201 5664 1311 5726 sed
1349 5683 1598 5745 semper
1647 5685 1711 5727 se
1753 5664 2024 5725 vincere.
2074 5663 2184 5724 llis
2227 5663 2489 5744 aliisque
2527 5661 2830 5723 similibus
2860 5663 3110 5722 Patrum
3157 5658 3350 5720 eremi

57 5767 328 5835 historiis
373 5773 649 5850 plenus
682 5775 771 5830 est
806 5768 1005 5832 codex
1035 5767 1161 5830 ille.
1204 5767 1408 5829 Codex
1438 5767 1590 5828 alter
1622 5767 1766 5826 olim
1797 5765 2194 5827 Trevcrcnsis
2223 5763 2389 5826 hunc
2423 5782 2566 5842 prae
2609 5780 2673 5824 se
2716 5762 2836 5823 fert
2862 5759 3131 5823 indicem
3169 5779 3178 5817 :
3216 5761 3350 5820 Ist'z
