3948 6538
645 348 761 406 405
2061 349 2117 404 8.
2160 348 2204 402 Μ

2251 347 2443 405 .CABll
2480 344 2799 402 AEGYPTII
3739 358 3810 411 tat

655 470 1056 524 continentur
1086 466 1153 525 in
1189 466 1306 526 isto
1338 462 1648 527 volumine
1687 481 1799 542 per
1828 461 2109 522 ordinem
2138 458 2534 538 requirenda.
2582 456 2767 519 Liber
2810 456 3050 535 primus
3096 468 3363 513 verarum
3406 464 3657 533 patrum.
3683 462 3815 525 Liber

656 564 984 623 secundus.
1032 566 1170 625 Vita
1201 567 1418 626 Sancti
1447 566 1741 625 Frontini
1771 562 2016 623 abbatis
2044 561 2307 621 habetur
2330 568 2471 639 post
2507 558 2736 619 librum
2772 556 3125 618 secundum.
3152 556 3337 617 Liber
3374 558 3585 616 tertius
3610 562 3817 625 vitarum

658 670 941 731 Patrum.
988 670 1366 729 Vita-sancte
1387 670 1637 729 Marine
1667 668 1936 746 virginis
1970 686 2083 745 que
2112 666 2180 726 in
2206 664 2581 725 monasterio
2609 663 2886 723 virorum
2923 659 3199 738 degebat.
3242 661 3383 721 Vita
3416 660 3619 721 Sancti
3643 665 3817 727 Pacho-

657 768 772 827 mii
802 786 977 847 quem
1010 767 1282 845 Angelus
1308 766 1560 827 Domini
1600 766 1897 827 erudivit.
1937 764 2121 827 Liber
2150 772 2408 843 quartus
2440 764 2713 823 vitarum
2748 770 3023 840 patrum.
3074 761 3214 820 Vita
3248 762 3465 821 Sancti
3495 761 3709 825 Abrahe
3731 773 3818 831 viri

658 866 771 927 dei
796 874 940 945 post
971 877 1262 946 quartum
1308 866 1536 928 librum
1577 867 1861 929 habetur.
1902 865 2195 944 Epistola
2242 864 2405 925 beati
2448 862 2765 925 Macharii
2800 862 3043 924 abbatis
3087 864 3170 923 ad
3217 863 3378 941 ﬁlios
3428 883 3566 923 suos
3607 867 3819 933 dilectos.

659 966 874 1024 Sermo
913 965 1078 1026 beati
1119 968 1435 1030 athanasii
1472 970 1899 1033 Alexandrine
1938 970 2212 1031 civitatis
2255 967 2526 1046 episcopi
2554 967 2635 1027 ad
2664 966 3016 1028 monachos.
3076 965 3403 1043 Profectus
3445 965 3822 1043 Religiosorum

656 1064 914 1124 moralis
952 1086 989 1124 a
1040 1066 1215 1129 beato
1254 1071 1620 1133 Bernhardo
1658 1076 1911 1134 metrice
1964 1072 2356 1149 compositus.
2410 1068 2639 1130 0milia
2688 1068 2851 1129 beati
2897 1069 3248 1129 Bernhardi
3282 1086 3468 1147 super
3518 1071 3826 1148 evangelium

658 1166 817 1225 Ecce
839 1184 966 1225 non
1008 1178 1122 1229 etc.
1163 1170 1229 1229 in
1258 1171 1357 1231 die
1392 1172 1737 1234 Benedicti.
1788 1172 2273 1235 Constitutiones
2304 1169 2624 1229 Benedicti
2660 1187 2859 1247 papae
2906 1168 3253 1229 duodecimi
3298 1168 3371 1228 de
3414 1166 3622 1228 ordine
3660 1173 3824 1249 nigro-

655 1283 799 1325 rum
842 1269 1306 1330 monachorum.
1348 1271 1671 1333 Sermones
1714 1272 1878 1333 beati
1908 1270 2264 1331 Bernhardi
2312 1287 2497 1347 super
2528 1266 2841 1329 Psalmum
2871 1268 2994 1343 Qui
3036 1266 3298 1328 habitat.
3358 1268 3671 1328 Tractatus
3708 1270 3827 1334 beati

655 1364 936 1425 Anselmi
975 1367 1421 1429 Cantuarensis
1467 1372 1740 1449 episcopi
1796 1371 1963 1431 Unde
2009 1387 2221 1447 supra.
2268 1367 2497 1429 0milia
2530 1367 2746 1427 Sancti
2778 1366 3131 1427 Bernhardi
3180 1385 3366 1444 super
3409 1367 3751 1444 evangelium
3778 1375 3827 1434 de

658 1466 866 1525 decem
911 1469 1285 1548 virginibus.
1334 1475 1606 1553 Tempus
1651 1490 1823 1546 vero,
1864 1491 1990 1553 quo
2043 1473 2308 1552 scriptus
2354 1473 2431 1533 sit
2476 1471 2695 1543 codex,
2746 1469 2957 1531 notula
3000 1470 3154 1531 haec
3202 1468 3436 1532 indicat
3490 1488 3504 1529 :
3552 1473 3709 1534 Anno
3749 1478 3827 1537 do-

657 1568 817 1628 mini
844 1568 984 1630 1461
1025 1572 1136 1632 sub
1172 1576 1515 1637 venerabili
1540 1586 1719 1655 patre
1760 1586 1816 1637 et
1843 1578 2089 1637 domino
2119 1577 2433 1638 Anthonio
2466 1575 2684 1635 abbate
2728 1576 2996 1654 scriptus
3027 1584 3113 1635 est
3144 1574 3303 1635 liber
3331 1578 3445 1636 iste
3479 1594 3590 1653 per
3627 1581 3829 1655 fratrem

656 1667 1037 1729 Ludovicum
1068 1673 1422 1753 Rathingen
1452 1677 1831 1754 professum.
1867 1678 2055 1739 Orate
2089 1697 2205 1756 pro
2253 1697 2343 1737 eo.
2383 1676 2627 1737 Tertius
2666 1675 2939 1753 denique
2969 1674 3190 1750 codex,
3223 1675 3697 1750 Conﬂuentinus,
3730 1684 3831 1742 satis

656 1766 821 1826 bene
853 1777 1161 1845 exaratus,
1200 1781 1443 1834 constat
1478 1774 1641 1836 foliis
1668 1774 1804 1849 242,
1836 1783 1897 1837 et
1930 1775 2094 1836 foliis
2131 1775 2199 1835 21
2236 1794 2396 1855 quae
2426 1782 2642 1838 vacant
2663 1776 2986 1853 scriptura.
3014 1774 3181 1835 Folia
3228 1773 3551 1837 chartacea
3584 1781 3833 1841 antecedit

656 1881 853 1924 unum
892 1884 1342 1946 pergamenum
1402 1893 1545 1936 cum
1572 1875 1781 1937 indice
1810 1879 2114 1937 rerumln
2138 1877 2479 1955 tegumenti
2509 1884 2683 1956 parte
2709 1877 3005 1937 interiore
3024 1875 3178 1952 legis
3204 1893 3216 1934 :
3242 1876 3365 1935 Iste
3384 1876 3547 1936 liber
3568 1888 3667 1937 est.
3696 1882 3830 1941 mihi.

659 1963 733 2023 de
761 1966 984 2027 Merle.
1016 1970 1087 2030 In
1116 1970 1237 2033 hoc
1266 1980 1471 2034 autem
1501 1975 1718 2044 codice
1745 1975 1901 2037 haec
1937 1976 2339 2037 continentur
2372 1994 2384 2036 :
2419 1976 2529 2037 fol.
2568 1974 2776 2049 1-33,2
2807 1976 2963 2035 liber
2990 1974 3302 2036 secundus
3330 1976 3592 2037 vitamm
3616 1978 3834 2055 Patrum,

657 2080 693 2124 a
744 2065 1069 2129 Rosweido
1121 2070 1323 2132 editus
1366 2078 1543 2134 Antv.
1592 2074 1736 2134 1628
1786 2093 1851 2154 p.
1901 2074 2013 2135 448
2047 2094 2214 2155 sqq.,
2265 2076 2387 2136 fol.
2425 2073 2775 2149 34,1-125,1
2827 2075 2986 2136 liber
3013 2074 3267 2154 quintus
3297 2081 3359 2135 et
3400 2084 3610 2137 sextus
3635 2079 3835 2141 vitanmi

660 2162 913 2228 Patrum
979 2170 1202 2242 [Rosw.
1252 2191 1316 2251 p.
1351 2172 1460 2233 562
1492 2192 1659 2253 sqq.,
1697 2174 1811 2235 644
1858 2180 2050 2256 sqq.],
2094 2176 2204 2238 fol.
2262 2176 2649 2251 125,2-127,1
2690 2176 2896 2237 Sancti
2939 2176 3185 2237 Macarii
3234 2176 3500 2255 epistola
3546 2176 3619 2238 ad
3659 2179 3788 2241 ﬁlios
3817 2200 3840 2243 a

661 2264 847 2325 nobis
878 2272 1148 2345 primum
1193 2274 1257 2334 in
1306 2275 1512 2337 lucem
1547 2278 1809 2356 prolata,
1847 2279 1957 2339 fol.
1996 2280 2384 2355 127,1-138,1
2421 2305 2448 2337 «
2485 2283 2791 2361 Excerpta
2822 2280 2993 2341 utilia
3027 2303 3054 2334 »
3086 2298 3120 2341 e
3150 2280 3309 2341 libro
3342 2281 3609 2359 septimo
3637 2284 3840 2345 vitarum

662 2364 912 2427 Patrum
951 2372 1173 2444 [Rosw.
1247 2392 1311 2453 p.
1346 2374 1505 2451 665],
1537 2376 1645 2437 fol.
1693 2377 2087 2453 138,1-141,2
2130 2381 2248 2440 vita
2285 2382 2347 2440 S.
2399 2380 2569 2440 Pauli
2620 2382 2843 2455 [Rosw.
2896 2398 2959 2458 p.
3007 2377 3072 2439 17
3120 2382 3312 2458 sqq.],
3348 2379 3458 2441 fol.
3516 2380 3842 2455 142,1-1683.

659 2473 783 2534 vita
814 2475 873 2533 S.
907 2478 1155 2538 Antonii
1183 2479 1422 2541 abbatis
1455 2485 1677 2557 [Rosw.
1738 2502 1802 2562 p.
1833 2483 1906 2544 35
1929 2488 2117 2563 sqq.],
2150 2484 2261 2545 fol.
2300 2483 2693 2557 168,2-178,2
2721 2484 2843 2545 vita
2870 2484 2932 2543 S.
2963 2483 3298 2544 Hilarionis
3324 2483 3615 2544 monachi
3668 2487 3837 2559 [Rosw.

662 2594 729 2655 p.
764 2576 839 2638 75
870 2584 1061 2657 sqq.],
1109 2580 1220 2642 fol.
1260 2583 1647 2658 178,2-183,1
1685 2587 1805 2647 vita
1839 2590 1899 2647 8.
1937 2588 2207 2649 Simonis
2237 2588 2487 2667 Stylitae
2537 2592 2760 2665 [Rosw.
2811 2606 2876 2667 p.
2944 2585 3051 2647 170
3103 2591 3294 2667 sqq.],
3345 2587 3456 2649 fol.
3508 2586 3842 2661 1831185,?

661 2684 788 2772 vita
838 2684 899 2745 S.
952 2685 1176 2746 Malchi
1223 2688 1446 2767 captivi
1494 2690 1783 2751 monachi
1839 2693 2063 2766 [Rosw.
2136 2712 2199 2772 p.
2256 2692 2379 2769 93],
2416 2692 2526 2753 fol.
2583 2690 2979 2765 185,2-188,2
3014 2692 3133 2751 vita
3185 2693 3246 2750 S.
3299 2691 3619 2751 Frontonii
3665 2690 3842 2751 abbatis

662 2768 888 2845 iRosw.
974 2805 1037 2865 p.
1091 2787 1204 2848 238
1264 2794 1455 2869 sqq.],
1508 2790 1615 2852 fol.
1657 2791 2043 2868 188,2-190,1
2094 2768 2216 2856 vita
2262 2768 2630 2855 SVMarinae
2678 2794 2929 2870 virginis
3000 2795 3221 2869 [Rosw.
3302 2811 3366 2872 p.
3418 2792 3534 2852 393
3585 2794 3717 2870 sq.},
3769 2790 3844 2851 fol.

668 2885 1054 2961 190,1-194,1
1091 2891 1153 2949 S.
1186 2891 1497 2954 Athanasii
1530 2910 1736 2954 sermo
1778 2894 1856 2955 ad
1884 2894 2228 2957 monachos
2260 2913 2274 2955 :
2311 2918 2338 2950 ‹‹
2372 2896 2446 2954 Et
2474 2893 2524 2953 si
2553 2892 2699 2971 quid
2736 2891 3129 2970 gloriari-et
3158 2893 3320 2956 Deus
3350 2892 3528 2973 pacis
3555 2892 3665 2951 erit
3687 2890 3844 2951 vobis-

660 3006 807 3050 cum
848 3014 904 3065 »,
940 2990 1047 3068 qui
1078 2999 1273 3053 exstat
1303 2992 1366 3053 in
1398 2995 1458 3054 S.
1492 2995 1808 3056 Athanasii
1833 2998 1992 3077 Opp.
2023 2998 2122 3058 ed.
2156 2998 2389 3059 Bened.
2420 2996 2649 3058 Patavii
2683 2996 2825 3058 1777
2859 2997 2929 3056 Τ.
2970 2996 3028 3056 II
3102 3014 3165 3075 p.
3203 2995 3339 3070 642,
3371 2996 3484 3056 fol.
3526 2992 3842 3067 194,1-198,l

661 3090 785 3150 vita
813 3092 873 3151 S.
907 3092 1189 3169 Pelagiae
1228 3095 1571 3157 meretricis
1616 3100 1840 3172 [Rosw.
1908 3117 1973 3177 p.
2014 3098 2125 3158 376
2164 3103 2355 3177 sqq.],
2390 3098 2499 3161 fol.
2541 3096 2930 3173 198,1-210,1
2974 3096 3094 3157 vita
3124 3098 3227 3156 SS.
3262 3096 3526 3176 Epicteti
3563 3092 3845 3174 presbyteri

664 3196 728 3252 et
754 3192 1023 3253 Astionis
1056 3195 1351 3255 monachi
1380 3198 1606 3271 [Rosw.
1667 3218 1731 3279 p.
1766 3199 1873 3260 211
1908 3204 2097 3279 sqq.],
2142 3200 2253 3261 fol.
2300 3200 2699 3275 210,1-218,2
2739 3200 2862 3260 vita
2900 3200 2962 3259 S.
3003 3198 3282 3261 Abrahae
3321 3201 3620 3261 eremitae
3680 3199 3847 3272 iRosw.

664 3309 732 3370 p.
770 3290 881 3351 144
928 3297 1093 3371 sqq.]
1126 3300 1187 3355 et
1216 3296 1334 3356 vita
1380 3298 1440 3356 S.
1473 3298 1699 3359 Mariae
1748 3301 2091 3362 meretricis
2120 3301 2327 3381 neptis
2369 3301 2649 3363 Abrahae
2696 3299 2989 3361 eremitae
3040 3302 3262 3374 [Rosw.
3325 3318 3390 3379 p.
3424 3299 3541 3360 368
3579 3302 3749 3379 sqq.],
3774 3294 3846 3355 fol.

667 3390 1069 3468 218,2—222,2
1102 3398 1220 3457 vita
1250 3399 1312 3458 S.
1344 3398 1793 3479 Euphrosynae
1824 3403 2074 3480 virginis
2109 3406 2333 3479 [Rosw.
2395 3403 2601 3483 p.363
2646 3404 2839 3481 sqq.],
2870 3400 2978 3463 fol.
3014 3399 3404 3475 222,2-231,1
3441 3402 3563 3462 vita
3594 3402 3654 3460 S.
3683 3396 3849 3459 Mariae

665 3492 1084 3571 Aegyptiacae
1134 3497 1360 3570 [Rosw.
1446 3519 1510 3578 p.
1560 3500 1672 3560 382
1722 3507 1914 3581 sqq.],
1968 3504 2079 3565 fol.
2136 3503 2529 3578 231,1-242,1
2591 3503 2845 3565 Palladii
2912 3504 3181 3565 Historia
3226 3503 3525 3564 Lausiaca
3578 3518 3760 3580 usque
3800 3499 3847 3559 ad

668 3590 902 3653 verba:
936 3616 963 3647 ‹‹
998 3592 1077 3654 de
1114 3596 1408 3672 periculis
1444 3599 1719 3662 liberare
1764 3608 1827 3662 et
1872 3619 2325 3679 cognoscamus
2373 3622 2583 3665 earum
2634 3605 2802 3684 apud
2846 3606 3170 3667 dominum
3217 3603 3566 3683 potentiam
3610 3628 3635 3658 ι)
3672 3605 3848 3678 [Βοῦν-

666 3709 732 3773 p.
772 3692 1154 3771 964-9992].
1188 3697 1456 3777 Explicit
1480 3699 1681 3763 codex
1712 3722 1731 3761 :
1762 3702 1835 3761 Et
1864 3701 1953 3765 sic
1987 3708 2080 3763 est
2120 3702 2258 3764 ﬁnis
2288 3702 2475 3764 huius
2508 3703 2818 3783 Opusculi.

1652 3867 1834 3940 Penno
1865 3868 1967 3922 fuit
1995 3868 2121 3935 vilis
2152 3878 2208 3923 et
2240 3868 2416 3939 palma
2446 3868 2592 3940 [fuit]
2622 3869 2876 3940 puerilis;

1647 3937 1857 3991 Dentur
1886 3954 1987 4009 pro
2023 3954 2200 4009 penna
2229 3937 2483 4009 scriptori
2511 3937 2713 3995 Caelica
2745 3956 2927 4009 regna.

744 4106 1083 4185 Epistolam
1130 4107 1468 4170 secundam
1522 4126 1807 4187 graecam
1853 4130 1889 4174 e
1939 4114 2080 4175 cod.
2128 4132 2244 4175 ms.
2291 4131 2383 4191 gr.
2429 4115 2504 4175 N°
2539 4111 2608 4173 16
2661 4114 2819 4174 Bibl.
2870 4116 3027 4192 Reg.
3071 4113 3497 4175 Berolinensis
3535 4110 3853 4191 bombycino

668 4210 941 4287 Optimae
992 4217 1177 4272 notae
1223 4211 1287 4273 in
1324 4212 1460 4286 fol.,
1490 4213 1596 4286 ubi
1625 4214 1963 4277 duodecim
1989 4216 2221 4277 ultimis

2291 4216 2416 4278 )liis
2445 4220 2642 4277 exstat
2672 4216 2788 4276 sub
2818 4216 2998 4275 titulo
3034 4232 3047 4275 :
3097 4229 3192 4276 τοῦ
3229 4223 3393 4276 αὐτοῦ
3429 4222 3593 4292 ἁγίου
3642 4220 3850 4289 Μεγαρίςν

669 4317 917 4375 ἐπιστολή
952 4320 1153 4391 μεγάλη
1176 4322 1265 4372 καὶ
1296 4319 1432 4375 πάνυ
1454 4322 1739 4393 ὠφέλιμος,
1781 4317 2108 4397 descripsi.
2147 4324 2228 4378 Ar

2279 4318 2541 4379 ecedunt
2570 4316 2718 4377 inde
2759 4316 2836 4377 ab
2880 4316 3056 4377 initio
3088 4316 3322 4378 codicis
3375 4329 3485 4375 Τοῦ
3518 4319 3838 4389 ὁσίουπατρὸς

667 4416 816 4485 ἡμῶν
841 4422 1115 4491 Μακαρίαν
1142 4428 1240 4475 τοῦ
1263 4423 1550 4492 αἱγυπτίου
1573 4423 1771 4497 ὁμιλίαι
1797 4426 2321 4498 πνευματικαὶ,πάνυ
2343 4424 2535 4484 πολλῆς
2564 4424 2817 4496 ὠφελείας
2846 4423 3268 4497 πεπληρωμέναι.
3308 4425 3429 4497 περὶ
3454 4429 3556 4481 τῆς
3586 4420 3855 4489 ὀφειλομὲγς

670 4521 759 4573 καὶ
784 4516 1221 4593 σπουδαζομένης
1241 4530 1575 4595 χριστιανοῖς
1606 4523 1967 4587 τελειότητοςς
2000 4516 2169 4577 unde
2199 4534 2229 4577 e

2295 4516 2521 4577 .stolam
2548 4514 2710 4576 hanc
2756 4514 3033 4575 eiusdem
3072 4533 3209 4577 esse
3237 4518 3485 4579 Macarii
3523 4516 3854 4579 manifestum

669 4620 785 4673 est.
836 4615 921 4674 De
965 4614 1085 4676 hoc
1129 4615 1347 4676 codice
1400 4616 1576 4695 plura
1626 4617 1909 4679 invenies
1955 4617 2117 4677 infra
2166 4625 2412 4677 nostrae
2449 4615 2709 4676 editioni
2760 4616 2821 4673 S.
2870 4616 3117 4677 Macarii
3163 4618 3453 4696 Aegyptii
3507 4615 3853 4679 Homiliamm

667 4714 1027 4791 praemissa.
1060 4715 1427 4777 Versionem
1464 4717 1763 4798 epistolae
1796 4717 2050 4779 latinam
2081 4723 2355 4777 nostram
2389 4715 2763 4777 addidimus.

746 4814 836 4874 Ad
876 4816 1118 4877 tertiam
1149 4816 1476 4896 epistolam
1507 4818 1677 4897 quod
1706 4818 1946 4890 attinet,
1978 4816 2393 4877 bibliothecae
2428 4816 2859 4893 Burgundicae
2898 4814 3317 4878 Bruxellensis
3349 4816 3639 4878 codicem
3667 4813 3855 4875 charta-

665 4932 871 4989 ceum,
903 4934 1065 4979 saec.
1097 4919 1223 4992 XV,
1256 4918 1321 4979 in
1356 4917 1494 4993 fol.,
1531 4920 1605 4979 N°
1646 4918 1856 4991 15010,
1888 4916 1997 4978 ubi
2027 4923 2225 4978 exstat
2250 4916 2360 4977 fol.
2394 4916 2491 4995 67,
2525 4916 2583 4990 2,
2616 4917 2772 4995 quin
2803 4935 2949 4979 cum
2979 4924 3150 4979 textu
3197 4918 3510 4980 Holstenii
3545 4916 3689 4978 Cod.
3742 4916 3852 4985 Reg.

662 5023 733 5080 T.
766 5023 793 5081 Ι
849 5040 909 5100 p.
943 5019 1012 5082 21
1051 5021 1358 5083 Bruxellis
1394 5038 1649 5082 versans
1680 5019 2057 5093 conferrem,
2087 5018 2427 5099 impeditus
2470 5035 2630 5079 sum.
2660 5018 2931 5079 Titulum
2961 5016 3164 5078 solum
3194 5024 3256 5079 et
3299 5017 3645 5080 clausulam
3674 5033 3739 5077 ex
3774 5011 3858 5070 hoc

664 5118 885 5180 codice
918 5118 1219 5199 descripsi
1257 5126 1317 5180 et
1344 5137 1458 5181 suo
1495 5119 1636 5181 loco
1668 5118 1902 5199 recepi.
1936 5119 2220 5179 Ceterum
2247 5117 2496 5180 Macarii
2522 5116 2920 5179 Alexandrini
2950 5134 3087 5179 esse
3120 5116 3451 5197 epistolam
3482 5117 3651 5179 haud
3679 5124 3859 5175 temere

666 5222 969 5300 suspicari
1006 5222 1157 5283 mihi
1189 5222 1423 5284 videor.

747 5323 1008 5393 Quartae
1055 5322 1329 5401 denique
1375 5322 1676 5403 epistolae
1723 5340 1759 5384 a
1804 5320 2019 5383 nescio
2048 5337 2175 5399 quo
2221 5320 2684 5382 consarcinatae
2739 5320 2989 5383 codices
3034 5320 3184 5394 duo,
3224 5336 3383 5399 quos
3454 5319 3714 5387 contuli,
3758 5320 3860 5375 sunt

678 5419 1168 5482 Vindobonensis
1200 5422 1615 5485 bibliothecae
1653 5424 1993 5484 Caesareae
2024 5422 2200 5495 4800,
2240 5422 2385 5483 olim
2424 5422 2564 5485 cod.
2598 5420 2790 5481 theol.
2845 5418 2981 5493 361,
3030 5421 3484 5493 membranac.,
3542 5436 3701 5481 saec.
3744 5408 3857 5477 XIV.

666 5523 776 5584 ubi
805 5530 1002 5585 exstat
1046 5523 1157 5585 fol.
1228 5522 1361 5597 146,
1398 5522 1459 5597 2,
1502 5529 1564 5584 et
1591 5521 2012 5582 Bruxeliensis
2046 5520 2458 5583 bibliothecae
2506 5519 2938 5597 Burgundicae
2968 5518 3330 5580 chartaceus
3359 5536 3535 5580 saec.
3570 5519 3669 5578 XV
3698 5517 3752 5575 in
3778 5509 3855 5571 fol.

670 5622 744 5685 N'
804 5622 1025 5700 15011,
1082 5623 1193 5685 ubi
1244 5623 1470 5701 legitur
1520 5622 1632 5684 fol.
1687 5621 1848 5695 68,1.
1902 5620 2191 5684 Codicem
2238 5620 2514 5701 priorem
2563 5619 2890 5700 descripsit
2934 5620 3123 5682 Denis
3173 5617 3361 5681 Catal.
3404 5618 3552 5682 Vol.
3604 5618 3658 5677 II
3703 5614 3762 5675 T.
3818 5609 3859 5687 Ι,
