  <div class='ocr_page' id='page_1' title='image "/cluster/home/n/w/nwhite01/storage/ocr_20150623/34/hvd.32044019207760/214.png"; bbox 0 0 3948 6586; ppageno 0'>
   <div class='ocr_carea' id='block_1_1' title="bbox 371 487 3617 553">
    <p class='ocr_par' dir='ltr' id='par_1_1' title="bbox 371 487 3617 553">
     <span class='ocr_line' id='line_1_1' title="bbox 371 487 3617 553; baseline -0 0"><span class='ocrx_word' id='word_1_1' title='bbox 371 493 480 553; x_wconf 73' lang='grc' dir='ltr'>ωδ</span> <span class='ocrx_word' id='word_1_2' title='bbox 1782 487 2183 550; x_wconf 74' lang='lat' dir='ltr'>EPISTULAE.</span> <span class='ocrx_word' id='word_1_3' title='bbox 3511 496 3617 552; x_wconf 81' lang='lat'>406</span> 
     </span>
    </p>
   </div>
   <div class='ocr_carea' id='block_1_2' title="bbox 449 611 3624 694">
    <p class='ocr_par' dir='ltr' id='par_1_2' title="bbox 449 611 3624 694">
     <span class='ocr_line' id='line_1_2' title="bbox 449 611 3624 694; baseline 0 -17"><span class='ocrx_word' id='word_1_4' title='bbox 449 613 788 694; x_wconf 84' lang='lat' dir='ltr'>Reliquum</span> <span class='ocrx_word' id='word_1_5' title='bbox 818 618 912 676; x_wconf 91' lang='lat' dir='ltr'>est</span> <span class='ocrx_word' id='word_1_6' title='bbox 947 617 1015 674; x_wconf 90' lang='lat' dir='ltr'>ut</span> <span class='ocrx_word' id='word_1_7' title='bbox 1053 628 1346 675; x_wconf 88' lang='lat' dir='ltr'>moneam</span> <span class='ocrx_word' id='word_1_8' title='bbox 1401 613 1462 674; x_wconf 90' lang='lat' dir='ltr'>S.</span> <span class='ocrx_word' id='word_1_9' title='bbox 1503 612 1758 675; x_wconf 81' lang='lat' dir='ltr'>Macarii</span> <span class='ocrx_word' id='word_1_10' title='bbox 1786 612 2076 692; x_wconf 80' lang='lat' dir='ltr'>Aegyptii</span> <span class='ocrx_word' id='word_1_11' title='bbox 2111 611 2512 693; x_wconf 91' lang='lat' dir='ltr'>epistolarum</span> <span class='ocrx_word' id='word_1_12' title='bbox 2550 612 2735 675; x_wconf 90' lang='lat' dir='ltr'>etiam</span> <span class='ocrx_word' id='word_1_13' title='bbox 2784 612 2940 675; x_wconf 89' lang='lat' dir='ltr'>alios</span> <span class='ocrx_word' id='word_1_14' title='bbox 2976 613 3225 675; x_wconf 84' lang='lat' dir='ltr'>codices</span> <span class='ocrx_word' id='word_1_15' title='bbox 3269 632 3422 678; x_wconf 87' lang='lat' dir='ltr'>mss.</span> <span class='ocrx_word' id='word_1_16' title='bbox 3462 634 3624 678; x_wconf 90' lang='lat' dir='ltr'>non-</span> 
     </span>
    </p>
   </div>
   <div class='ocr_carea' id='block_1_3' title="bbox 369 714 3620 796">
    <p class='ocr_par' dir='ltr' id='par_1_3' title="bbox 369 714 3620 796">
     <span class='ocr_line' id='line_1_3' title="bbox 369 714 3620 796; baseline 0 -17"><span class='ocrx_word' id='word_1_17' title='bbox 369 719 523 779; x_wconf 92' lang='lat' dir='ltr'>dum</span> <span class='ocrx_word' id='word_1_18' title='bbox 557 719 819 781; x_wconf 87' lang='lat' dir='ltr'>collatos</span> <span class='ocrx_word' id='word_1_19' title='bbox 866 719 934 779; x_wconf 91' lang='lat' dir='ltr'>in</span> <span class='ocrx_word' id='word_1_20' title='bbox 966 718 1366 781; x_wconf 84' lang='lat' dir='ltr'>bibliothecis</span> <span class='ocrx_word' id='word_1_21' title='bbox 1395 718 1786 781; x_wconf 83' lang='lat' dir='ltr'>delitescere.</span> <span class='ocrx_word' id='word_1_22' title='bbox 1816 717 1916 779; x_wconf 89' lang='lat' dir='ltr'>Sic</span> <span class='ocrx_word' id='word_1_23' title='bbox 1958 722 2116 781; x_wconf 84' lang='lat' dir='ltr'>teste</span> <span class='ocrx_word' id='word_1_24' title='bbox 2162 716 2460 795; x_wconf 84' lang='lat' dir='ltr'>Catalogo</span> <span class='ocrx_word' id='word_1_25' title='bbox 2506 717 2687 778; x_wconf 88' lang='lat' dir='ltr'>codd.</span> <span class='ocrx_word' id='word_1_26' title='bbox 2731 716 2996 796; x_wconf 87' lang='lat' dir='ltr'>Angliae</span> <span class='ocrx_word' id='word_1_27' title='bbox 3022 714 3162 779; x_wconf 84' lang='lat' dir='ltr'>Vol.</span> <span class='ocrx_word' id='word_1_28' title='bbox 3192 719 3222 779; x_wconf 95' lang='grc' dir='ltr'>Ι</span> <span class='ocrx_word' id='word_1_29' title='bbox 3249 725 3310 780; x_wconf 90' lang='lat' dir='ltr'>et</span> <span class='ocrx_word' id='word_1_30' title='bbox 3337 720 3392 779; x_wconf 94' lang='lat' dir='ltr'>II</span> <span class='ocrx_word' id='word_1_31' title='bbox 3422 725 3620 781; x_wconf 78' lang='lat' dir='ltr'>exstat</span> 
     </span>
    </p>
   </div>
   <div class='ocr_carea' id='block_1_4' title="bbox 364 814 3621 896">
    <p class='ocr_par' dir='ltr' id='par_1_4' title="bbox 364 814 3621 896">
     <span class='ocr_line' id='line_1_4' title="bbox 364 814 3621 896; baseline -0 -17"><span class='ocrx_word' id='word_1_32' title='bbox 364 819 436 879; x_wconf 88' lang='lat' dir='ltr'>in</span> <span class='ocrx_word' id='word_1_33' title='bbox 472 818 659 881; x_wconf 90' lang='lat' dir='ltr'>codd.</span> <span class='ocrx_word' id='word_1_34' title='bbox 690 818 947 896; x_wconf 89' lang='lat' dir='ltr'>Digbaei</span> <span class='ocrx_word' id='word_1_35' title='bbox 991 819 1067 879; x_wconf 89' lang='lat' dir='ltr'>N°</span> <span class='ocrx_word' id='word_1_36' title='bbox 1122 817 1273 879; x_wconf 65' lang='lat' dir='ltr'>163&#39;s</span> <span class='ocrx_word' id='word_1_37' title='bbox 1322 824 1384 880; x_wconf 91' lang='lat' dir='ltr'>et</span> <span class='ocrx_word' id='word_1_38' title='bbox 1411 818 1474 880; x_wconf 88' lang='lat' dir='ltr'>in</span> <span class='ocrx_word' id='word_1_39' title='bbox 1515 818 1701 880; x_wconf 92' lang='lat' dir='ltr'>codd.</span> <span class='ocrx_word' id='word_1_40' title='bbox 1752 816 1990 884; x_wconf 90' lang='lat' dir='ltr'>Bodlei.</span> <span class='ocrx_word' id='word_1_41' title='bbox 2041 820 2115 879; x_wconf 86' lang='lat' dir='ltr'>N&quot;</span> <span class='ocrx_word' id='word_1_42' title='bbox 2154 815 2413 892; x_wconf 90' lang='lat'>2211,22</span> <span class='ocrx_word' id='word_1_43' title='bbox 2446 833 2518 878; x_wconf 88' lang='lat' dir='ltr'>ac</span> <span class='ocrx_word' id='word_1_44' title='bbox 2563 819 2638 878; x_wconf 90' lang='lat' dir='ltr'>N°</span> <span class='ocrx_word' id='word_1_45' title='bbox 2684 815 2900 891; x_wconf 90' lang='lat'>2572,8</span> <span class='ocrx_word' id='word_1_46' title='bbox 2930 816 3204 878; x_wconf 82' lang='lat' dir='ltr'>Macarii</span> <span class='ocrx_word' id='word_1_47' title='bbox 3231 814 3491 895; x_wconf 88' lang='lat' dir='ltr'>epistola</span> <span class='ocrx_word' id='word_1_48' title='bbox 3536 816 3621 878; x_wconf 87' lang='lat' dir='ltr'>ad</span> 
     </span>
    </p>
   </div>
   <div class='ocr_carea' id='block_1_5' title="bbox 364 914 3621 998">
    <p class='ocr_par' dir='ltr' id='par_1_5' title="bbox 364 914 3621 998">
     <span class='ocr_line' id='line_1_5' title="bbox 364 914 3621 998; baseline 0 -24"><span class='ocrx_word' id='word_1_49' title='bbox 364 915 556 992; x_wconf 78' lang='lat' dir='ltr'>ﬁlios,</span> <span class='ocrx_word' id='word_1_50' title='bbox 592 918 657 978; x_wconf 90' lang='lat' dir='ltr'>in</span> <span class='ocrx_word' id='word_1_51' title='bbox 702 918 886 979; x_wconf 90' lang='lat' dir='ltr'>codd.</span> <span class='ocrx_word' id='word_1_52' title='bbox 935 917 1176 979; x_wconf 91' lang='lat' dir='ltr'>Bodlei.</span> <span class='ocrx_word' id='word_1_53' title='bbox 1225 920 1300 978; x_wconf 89' lang='lat' dir='ltr'>N°</span> <span class='ocrx_word' id='word_1_54' title='bbox 1351 915 1608 991; x_wconf 87' lang='lat'>2229,13</span> <span class='ocrx_word' id='word_1_55' title='bbox 1646 923 1706 980; x_wconf 91' lang='lat' dir='ltr'>et</span> <span class='ocrx_word' id='word_1_56' title='bbox 1733 919 2157 998; x_wconf 88' lang='lat' dir='ltr'>Cantabrigiae</span> <span class='ocrx_word' id='word_1_57' title='bbox 2202 919 2269 979; x_wconf 91' lang='lat' dir='ltr'>in</span> <span class='ocrx_word' id='word_1_58' title='bbox 2316 918 2458 980; x_wconf 94' lang='lat' dir='ltr'>cod.</span> <span class='ocrx_word' id='word_1_59' title='bbox 2502 918 2726 980; x_wconf 89' lang='lat' dir='ltr'>domus</span> <span class='ocrx_word' id='word_1_60' title='bbox 2761 919 2822 978; x_wconf 93' lang='lat' dir='ltr'>S.</span> <span class='ocrx_word' id='word_1_61' title='bbox 2871 916 3038 980; x_wconf 91' lang='lat' dir='ltr'>Petri</span> <span class='ocrx_word' id='word_1_62' title='bbox 3064 918 3140 979; x_wconf 90' lang='lat' dir='ltr'>N°</span> <span class='ocrx_word' id='word_1_63' title='bbox 3184 914 3437 989; x_wconf 91' lang='lat'>1776,15</span> <span class='ocrx_word' id='word_1_64' title='bbox 3470 916 3621 977; x_wconf 85' lang='lat' dir='ltr'>Ma-</span> 
     </span>
    </p>
   </div>
   <div class='ocr_carea' id='block_1_6' title="bbox 366 1014 3619 1096">
    <p class='ocr_par' dir='ltr' id='par_1_6' title="bbox 366 1014 3619 1096">
     <span class='ocr_line' id='line_1_6' title="bbox 366 1014 3619 1096; baseline -0.001 -20"><span class='ocrx_word' id='word_1_65' title='bbox 366 1017 534 1077; x_wconf 84' lang='lat' dir='ltr'>carii</span> <span class='ocrx_word' id='word_1_66' title='bbox 574 1018 833 1096; x_wconf 85' lang='lat' dir='ltr'>epistola</span> <span class='ocrx_word' id='word_1_67' title='bbox 860 1018 943 1080; x_wconf 88' lang='lat' dir='ltr'>ad</span> <span class='ocrx_word' id='word_1_68' title='bbox 969 1018 1321 1089; x_wconf 83' lang='lat' dir='ltr'>monachos,</span> <span class='ocrx_word' id='word_1_69' title='bbox 1364 1019 1430 1080; x_wconf 87' lang='lat' dir='ltr'>in</span> <span class='ocrx_word' id='word_1_70' title='bbox 1471 1019 1659 1081; x_wconf 92' lang='lat' dir='ltr'>codd.</span> <span class='ocrx_word' id='word_1_71' title='bbox 1691 1018 1845 1081; x_wconf 92' lang='lat' dir='ltr'>eccl.</span> <span class='ocrx_word' id='word_1_72' title='bbox 1875 1020 2153 1082; x_wconf 84' lang='lat' dir='ltr'>cathedr.</span> <span class='ocrx_word' id='word_1_73' title='bbox 2184 1018 2663 1081; x_wconf 86' lang='lat' dir='ltr'>Sarisburiensis</span> <span class='ocrx_word' id='word_1_74' title='bbox 2708 1020 2782 1079; x_wconf 88' lang='lat' dir='ltr'>N°</span> <span class='ocrx_word' id='word_1_75' title='bbox 2820 1016 2967 1079; x_wconf 98' lang='lat'>1042</span> <span class='ocrx_word' id='word_1_76' title='bbox 2995 1016 3269 1079; x_wconf 80' lang='lat' dir='ltr'>Macarii</span> <span class='ocrx_word' id='word_1_77' title='bbox 3298 1014 3619 1093; x_wconf 84' lang='lat' dir='ltr'>epistolae.</span> 
     </span>
    </p>
   </div>
   <div class='ocr_carea' id='block_1_7' title="bbox 363 1113 3619 1195">
    <p class='ocr_par' dir='ltr' id='par_1_7' title="bbox 363 1113 3619 1195">
     <span class='ocr_line' id='line_1_7' title="bbox 363 1113 3619 1195; baseline -0.001 -20"><span class='ocrx_word' id='word_1_78' title='bbox 363 1115 551 1177; x_wconf 86' lang='lat' dir='ltr'>Teste</span> <span class='ocrx_word' id='word_1_79' title='bbox 598 1116 1065 1180; x_wconf 85' lang='lat' dir='ltr'>Montfauconio</span> <span class='ocrx_word' id='word_1_80' title='bbox 1113 1123 1310 1179; x_wconf 88' lang='lat' dir='ltr'>exstat</span> <span class='ocrx_word' id='word_1_81' title='bbox 1337 1117 1671 1178; x_wconf 85' lang='lat' dir='ltr'>Mediolani</span> <span class='ocrx_word' id='word_1_82' title='bbox 1716 1116 1784 1178; x_wconf 90' lang='lat' dir='ltr'>in</span> <span class='ocrx_word' id='word_1_83' title='bbox 1824 1118 2010 1179; x_wconf 93' lang='lat' dir='ltr'>codd.</span> <span class='ocrx_word' id='word_1_84' title='bbox 2048 1118 2287 1195; x_wconf 87' lang='lat' dir='ltr'>graecis</span> <span class='ocrx_word' id='word_1_85' title='bbox 2315 1116 2473 1179; x_wconf 83' lang='lat' dir='ltr'>Bibl.</span> <span class='ocrx_word' id='word_1_86' title='bbox 2514 1116 2958 1178; x_wconf 88' lang='lat' dir='ltr'>Ambrosianae</span> <span class='ocrx_word' id='word_1_87' title='bbox 2994 1115 3269 1177; x_wconf 84' lang='lat' dir='ltr'>Macarii</span> <span class='ocrx_word' id='word_1_88' title='bbox 3299 1113 3619 1174; x_wconf 78' lang='lat' dir='ltr'>cuiusdam</span> 
     </span>
    </p>
   </div>
   <div class='ocr_carea' id='block_1_8' title="bbox 363 1215 3621 1299">
    <p class='ocr_par' dir='ltr' id='par_1_8' title="bbox 363 1215 3621 1299">
     <span class='ocr_line' id='line_1_8' title="bbox 363 1215 3621 1299; baseline 0.001 -25"><span class='ocrx_word' id='word_1_89' title='bbox 363 1218 659 1279; x_wconf 82' lang='lat' dir='ltr'>monachi</span> <span class='ocrx_word' id='word_1_90' title='bbox 686 1220 946 1298; x_wconf 86' lang='lat' dir='ltr'>epistola</span> <span class='ocrx_word' id='word_1_91' title='bbox 974 1220 1058 1280; x_wconf 89' lang='lat' dir='ltr'>ad</span> <span class='ocrx_word' id='word_1_92' title='bbox 1082 1221 1436 1281; x_wconf 82' lang='lat' dir='ltr'>Macarium</span> <span class='ocrx_word' id='word_1_93' title='bbox 1472 1220 1650 1299; x_wconf 85' lang='lat' dir='ltr'>(Bibl.</span> <span class='ocrx_word' id='word_1_94' title='bbox 1682 1220 2046 1284; x_wconf 89' lang='lat' dir='ltr'>bibliothec.</span> <span class='ocrx_word' id='word_1_95' title='bbox 2076 1239 2222 1282; x_wconf 91' lang='lat' dir='ltr'>mss.</span> <span class='ocrx_word' id='word_1_96' title='bbox 2254 1222 2324 1279; x_wconf 92' lang='lat' dir='ltr'>T.</span> <span class='ocrx_word' id='word_1_97' title='bbox 2382 1221 2409 1280; x_wconf 94' lang='grc' dir='ltr'>Ι</span> <span class='ocrx_word' id='word_1_98' title='bbox 2440 1238 2504 1299; x_wconf 91' lang='lat' dir='ltr'>p.</span> <span class='ocrx_word' id='word_1_99' title='bbox 2539 1218 2700 1297; x_wconf 92' lang='lat'>501),</span> <span class='ocrx_word' id='word_1_100' title='bbox 2744 1219 3093 1281; x_wconf 86' lang='lat' dir='ltr'>Florentiae</span> <span class='ocrx_word' id='word_1_101' title='bbox 3133 1218 3200 1280; x_wconf 90' lang='lat' dir='ltr'>in</span> <span class='ocrx_word' id='word_1_102' title='bbox 3239 1215 3621 1278; x_wconf 84' lang='lat' dir='ltr'>bibliotheca</span> 
     </span>
    </p>
   </div>
   <div class='ocr_carea' id='block_1_9' title="bbox 364 1317 3612 1402">
    <p class='ocr_par' dir='ltr' id='par_1_9' title="bbox 364 1317 3612 1402">
     <span class='ocr_line' id='line_1_9' title="bbox 364 1317 3612 1402; baseline 0.001 -27"><span class='ocrx_word' id='word_1_103' title='bbox 364 1317 931 1383; x_wconf 85' lang='lat' dir='ltr'>Camaldulensium</span> <span class='ocrx_word' id='word_1_104' title='bbox 964 1324 1031 1382; x_wconf 93' lang='lat' dir='ltr'>B.</span> <span class='ocrx_word' id='word_1_105' title='bbox 1062 1322 1288 1385; x_wconf 89' lang='lat' dir='ltr'>Mariae</span> <span class='ocrx_word' id='word_1_106' title='bbox 1337 1323 1415 1385; x_wconf 88' lang='lat' dir='ltr'>de</span> <span class='ocrx_word' id='word_1_107' title='bbox 1458 1324 1708 1401; x_wconf 79' lang='lat' dir='ltr'>Angelis</span> <span class='ocrx_word' id='word_1_108' title='bbox 1738 1326 1805 1385; x_wconf 90' lang='lat' dir='ltr'>S.</span> <span class='ocrx_word' id='word_1_109' title='bbox 1839 1326 2115 1386; x_wconf 85' lang='lat' dir='ltr'>Macarii</span> <span class='ocrx_word' id='word_1_110' title='bbox 2144 1323 2390 1384; x_wconf 82' lang='lat' dir='ltr'>abbatis</span> <span class='ocrx_word' id='word_1_111' title='bbox 2434 1323 2728 1402; x_wconf 83' lang='lat' dir='ltr'>Aegyptii</span> <span class='ocrx_word' id='word_1_112' title='bbox 2777 1322 3070 1400; x_wconf 86' lang='lat' dir='ltr'>epistolae</span> <span class='ocrx_word' id='word_1_113' title='bbox 3116 1320 3289 1401; x_wconf 89' lang='lat' dir='ltr'>(ibid.</span> <span class='ocrx_word' id='word_1_114' title='bbox 3362 1338 3429 1400; x_wconf 84' lang='lat' dir='ltr'>p.</span> <span class='ocrx_word' id='word_1_115' title='bbox 3473 1318 3612 1379; x_wconf 82' lang='lat'>413.</span> 
     </span>
    </p>
   </div>
   <div class='ocr_carea' id='block_1_10' title="bbox 365 1418 3616 1507">
    <p class='ocr_par' dir='ltr' id='par_1_10' title="bbox 365 1418 3616 1507">
     <span class='ocr_line' id='line_1_10' title="bbox 365 1418 3616 1507; baseline 0.002 -29"><span class='ocrx_word' id='word_1_116' title='bbox 365 1418 537 1498; x_wconf 78' lang='lat'>430),</span> <span class='ocrx_word' id='word_1_117' title='bbox 567 1422 632 1482; x_wconf 91' lang='lat' dir='ltr'>in</span> <span class='ocrx_word' id='word_1_118' title='bbox 656 1424 840 1487; x_wconf 92' lang='lat' dir='ltr'>codd.</span> <span class='ocrx_word' id='word_1_119' title='bbox 871 1427 1235 1488; x_wconf 84' lang='lat' dir='ltr'>monasterii</span> <span class='ocrx_word' id='word_1_120' title='bbox 1262 1430 1324 1489; x_wconf 94' lang='lat' dir='ltr'>S.</span> <span class='ocrx_word' id='word_1_121' title='bbox 1359 1428 1644 1490; x_wconf 83' lang='lat' dir='ltr'>Audoeni</span> <span class='ocrx_word' id='word_1_122' title='bbox 1676 1428 2224 1507; x_wconf 85' lang='lat' dir='ltr'>Rothomagensis,</span> <span class='ocrx_word' id='word_1_123' title='bbox 2255 1446 2423 1491; x_wconf 89' lang='lat' dir='ltr'>nunc</span> <span class='ocrx_word' id='word_1_124' title='bbox 2453 1428 2612 1489; x_wconf 92' lang='lat' dir='ltr'>Bibl.</span> <span class='ocrx_word' id='word_1_125' title='bbox 2649 1426 2824 1507; x_wconf 89' lang='lat' dir='ltr'>publ.</span> <span class='ocrx_word' id='word_1_126' title='bbox 2856 1426 3378 1503; x_wconf 83' lang='lat' dir='ltr'>Bothomagensis</span> <span class='ocrx_word' id='word_1_127' title='bbox 3403 1426 3479 1485; x_wconf 73' lang='grc' dir='ltr'>Ν*</span> <span class='ocrx_word' id='word_1_128' title='bbox 3504 1421 3616 1482; x_wconf 85' lang='grc'>508</span> 
     </span>
    </p>
   </div>
   <div class='ocr_carea' id='block_1_11' title="bbox 363 1522 3617 1610">
    <p class='ocr_par' dir='ltr' id='par_1_11' title="bbox 363 1522 3617 1610">
     <span class='ocr_line' id='line_1_11' title="bbox 363 1522 3617 1610; baseline 0.001 -29"><span class='ocrx_word' id='word_1_129' title='bbox 363 1522 817 1601; x_wconf 86' lang='lat' dir='ltr'>membranae.,</span> <span class='ocrx_word' id='word_1_130' title='bbox 850 1528 1109 1606; x_wconf 87' lang='lat' dir='ltr'>epistola</span> <span class='ocrx_word' id='word_1_131' title='bbox 1138 1530 1413 1591; x_wconf 86' lang='lat' dir='ltr'>Macarii</span> <span class='ocrx_word' id='word_1_132' title='bbox 1448 1531 1596 1591; x_wconf 86' lang='lat' dir='ltr'>data</span> <span class='ocrx_word' id='word_1_133' title='bbox 1633 1532 1717 1592; x_wconf 89' lang='lat' dir='ltr'>ad</span> <span class='ocrx_word' id='word_1_134' title='bbox 1744 1531 2077 1592; x_wconf 84' lang='lat' dir='ltr'>monachos</span> <span class='ocrx_word' id='word_1_135' title='bbox 2114 1530 2288 1610; x_wconf 85' lang='lat' dir='ltr'>(ibid.</span> <span class='ocrx_word' id='word_1_136' title='bbox 2322 1532 2391 1590; x_wconf 91' lang='lat' dir='ltr'>T.</span> <span class='ocrx_word' id='word_1_137' title='bbox 2426 1532 2482 1590; x_wconf 94' lang='lat' dir='ltr'><strong>II</strong></span> <span class='ocrx_word' id='word_1_138' title='bbox 2529 1549 2595 1609; x_wconf 93' lang='lat' dir='ltr'>p.</span> <span class='ocrx_word' id='word_1_139' title='bbox 2634 1527 2807 1602; x_wconf 88' lang='lat'>1238;</span> <span class='ocrx_word' id='word_1_140' title='bbox 2839 1527 3077 1590; x_wconf 88' lang='lat' dir='ltr'>Haencl</span> <span class='ocrx_word' id='word_1_141' title='bbox 3114 1525 3381 1603; x_wconf 87' lang='lat' dir='ltr'>Catalogi</span> <span class='ocrx_word' id='word_1_142' title='bbox 3420 1523 3617 1586; x_wconf 86' lang='lat' dir='ltr'>libro-</span> 
     </span>
    </p>
   </div>
   <div class='ocr_carea' id='block_1_12' title="bbox 367 1623 3617 1712">
    <p class='ocr_par' dir='ltr' id='par_1_12' title="bbox 367 1623 3617 1712">
     <span class='ocr_line' id='line_1_12' title="bbox 367 1623 3617 1712; baseline 0 -28"><span class='ocrx_word' id='word_1_143' title='bbox 367 1641 510 1684; x_wconf 89' lang='lat' dir='ltr'>rum</span> <span class='ocrx_word' id='word_1_144' title='bbox 555 1643 702 1688; x_wconf 89' lang='lat' dir='ltr'>mss.</span> <span class='ocrx_word' id='word_1_145' title='bbox 778 1646 843 1708; x_wconf 90' lang='lat' dir='ltr'>p.</span> <span class='ocrx_word' id='word_1_146' title='bbox 895 1628 1058 1710; x_wconf 89' lang='lat'>423).</span> <span class='ocrx_word' id='word_1_147' title='bbox 1097 1630 1352 1692; x_wconf 87' lang='lat' dir='ltr'>Taurini</span> <span class='ocrx_word' id='word_1_148' title='bbox 1397 1630 1460 1691; x_wconf 93' lang='lat' dir='ltr'>in</span> <span class='ocrx_word' id='word_1_149' title='bbox 1503 1631 1646 1693; x_wconf 91' lang='lat' dir='ltr'>cod.</span> <span class='ocrx_word' id='word_1_150' title='bbox 1683 1632 1757 1692; x_wconf 92' lang='lat'>80</span> <span class='ocrx_word' id='word_1_151' title='bbox 1807 1638 1900 1694; x_wconf 90' lang='lat' dir='ltr'>est</span> <span class='ocrx_word' id='word_1_152' title='bbox 1941 1632 2207 1712; x_wconf 87' lang='lat' dir='ltr'>epistola</span> <span class='ocrx_word' id='word_1_153' title='bbox 2245 1632 2312 1693; x_wconf 90' lang='lat' dir='ltr'>S.</span> <span class='ocrx_word' id='word_1_154' title='bbox 2362 1631 2680 1693; x_wconf 83' lang='lat' dir='ltr'>Macharii</span> <span class='ocrx_word' id='word_1_155' title='bbox 2713 1631 2795 1691; x_wconf 88' lang='lat' dir='ltr'>ad</span> <span class='ocrx_word' id='word_1_156' title='bbox 2836 1627 3167 1690; x_wconf 79' lang='lat' dir='ltr'>monachos</span> <span class='ocrx_word' id='word_1_157' title='bbox 3218 1625 3285 1686; x_wconf 91' lang='lat' dir='ltr'>in</span> <span class='ocrx_word' id='word_1_158' title='bbox 3326 1623 3617 1703; x_wconf 88' lang='lat' dir='ltr'>gallicum</span> 
     </span>
    </p>
   </div>
   <div class='ocr_carea' id='block_1_13' title="bbox 358 1728 3618 1810">
    <p class='ocr_par' dir='ltr' id='par_1_13' title="bbox 358 1728 3618 1810">
     <span class='ocr_line' id='line_1_13' title="bbox 358 1728 3618 1810; baseline 0.001 -28"><span class='ocrx_word' id='word_1_159' title='bbox 358 1739 726 1786; x_wconf 84' lang='lat' dir='ltr'>sermonem</span> <span class='ocrx_word' id='word_1_160' title='bbox 766 1743 1090 1804; x_wconf 89' lang='lat' dir='ltr'>conversa,</span> <span class='ocrx_word' id='word_1_161' title='bbox 1124 1728 1301 1792; x_wconf 92' lang='lat' dir='ltr'>cuius</span> <span class='ocrx_word' id='word_1_162' title='bbox 1327 1730 1575 1791; x_wconf 90' lang='lat' dir='ltr'>initium</span> <span class='ocrx_word' id='word_1_163' title='bbox 1612 1747 1626 1790; x_wconf 88' lang='lat'><em>:</em></span> <span class='ocrx_word' id='word_1_164' title='bbox 1661 1754 1689 1787; x_wconf 77' lang='grc' dir='ltr'><strong>α</strong></span> <span class='ocrx_word' id='word_1_165' title='bbox 1722 1731 1786 1791; x_wconf 90' lang='lat' dir='ltr'>Si</span> <span class='ocrx_word' id='word_1_166' title='bbox 1813 1748 1944 1808; x_wconf 89' lang='lat' dir='ltr'>ung</span> <span class='ocrx_word' id='word_1_167' title='bbox 1972 1731 2229 1793; x_wconf 89' lang='lat' dir='ltr'>homme</span> <span class='ocrx_word' id='word_1_168' title='bbox 2267 1731 2552 1808; x_wconf 87' lang='lat' dir='ltr'>cognoist</span> <span class='ocrx_word' id='word_1_169' title='bbox 2586 1731 2734 1793; x_wconf 90' lang='lat' dir='ltr'>bien</span> <span class='ocrx_word' id='word_1_170' title='bbox 2773 1748 2895 1810; x_wconf 91' lang='lat' dir='ltr'>que</span> <span class='ocrx_word' id='word_1_171' title='bbox 2928 1729 2966 1791; x_wconf 87' lang='lat' dir='ltr'>il</span> <span class='ocrx_word' id='word_1_172' title='bbox 3002 1734 3094 1790; x_wconf 89' lang='lat' dir='ltr'>est</span> <span class='ocrx_word' id='word_1_173' title='bbox 3137 1733 3348 1806; x_wconf 89' lang='lat' dir='ltr'>etque</span> <span class='ocrx_word' id='word_1_174' title='bbox 3379 1732 3472 1786; x_wconf 91' lang='lat' dir='ltr'>est</span> <span class='ocrx_word' id='word_1_175' title='bbox 3500 1741 3618 1785; x_wconf 91' lang='lat' dir='ltr'>son</span> 
     </span>
    </p>
   </div>
   <div class='ocr_carea' id='block_1_14' title="bbox 363 1828 3616 1915">
    <p class='ocr_par' dir='ltr' id='par_1_14' title="bbox 363 1828 3616 1915">
     <span class='ocr_line' id='line_1_14' title="bbox 363 1828 3616 1915; baseline 0.001 -26"><span class='ocrx_word' id='word_1_176' title='bbox 363 1830 661 1891; x_wconf 88' lang='lat' dir='ltr'>Createur</span> <span class='ocrx_word' id='word_1_177' title='bbox 696 1836 756 1891; x_wconf 91' lang='lat' dir='ltr'>et</span> <span class='ocrx_word' id='word_1_178' title='bbox 790 1828 832 1889; x_wconf 90' lang='lat' dir='ltr'>il</span> <span class='ocrx_word' id='word_1_179' title='bbox 863 1847 931 1892; x_wconf 91' lang='lat' dir='ltr'>se</span> <span class='ocrx_word' id='word_1_180' title='bbox 958 1831 1127 1892; x_wconf 91' lang='lat' dir='ltr'>veult</span> <span class='ocrx_word' id='word_1_181' title='bbox 1152 1832 1431 1911; x_wconf 89' lang='lat' dir='ltr'>repentir</span> <span class='ocrx_word' id='word_1_182' title='bbox 1464 1834 1541 1894; x_wconf 89' lang='lat' dir='ltr'>de</span> <span class='ocrx_word' id='word_1_183' title='bbox 1569 1849 1670 1894; x_wconf 86' lang='lat' dir='ltr'>ses</span> <span class='ocrx_word' id='word_1_184' title='bbox 1698 1833 1931 1912; x_wconf 88' lang='lat' dir='ltr'>peches</span> <span class='ocrx_word' id='word_1_185' title='bbox 1965 1840 2086 1895; x_wconf 91' lang='lat' dir='ltr'>cet.</span> <span class='ocrx_word' id='word_1_186' title='bbox 2128 1835 2294 1915; x_wconf 88' lang='lat' dir='ltr'>(Mss.</span> <span class='ocrx_word' id='word_1_187' title='bbox 2333 1836 2517 1897; x_wconf 90' lang='lat' dir='ltr'>codd.</span> <span class='ocrx_word' id='word_1_188' title='bbox 2554 1834 2713 1896; x_wconf 89' lang='lat' dir='ltr'>Bibl.</span> <span class='ocrx_word' id='word_1_189' title='bbox 2760 1836 2913 1912; x_wconf 83' lang='lat' dir='ltr'>Reg.</span> <span class='ocrx_word' id='word_1_190' title='bbox 2953 1832 3351 1894; x_wconf 88' lang='lat' dir='ltr'>Taurinensis</span> <span class='ocrx_word' id='word_1_191' title='bbox 3396 1828 3616 1894; x_wconf 88' lang='lat' dir='ltr'>Tauri-</span> 
     </span>
    </p>
   </div>
   <div class='ocr_carea' id='block_1_15' title="bbox 364 1929 3620 2015">
    <p class='ocr_par' dir='ltr' id='par_1_15' title="bbox 364 1929 3620 2015">
     <span class='ocr_line' id='line_1_15' title="bbox 364 1929 3620 2015; baseline -0.001 -21"><span class='ocrx_word' id='word_1_192' title='bbox 364 1949 491 1994; x_wconf 88' lang='lat' dir='ltr'>nae</span> <span class='ocrx_word' id='word_1_193' title='bbox 526 1931 591 1992; x_wconf 89' lang='lat'>17</span> <span class='ocrx_word' id='word_1_194' title='bbox 603 1932 674 1992; x_wconf 84' lang='lat'>49</span> <span class='ocrx_word' id='word_1_195' title='bbox 704 1933 773 1992; x_wconf 91' lang='lat' dir='ltr'>T.</span> <span class='ocrx_word' id='word_1_196' title='bbox 803 1934 859 1993; x_wconf 93' lang='lat' dir='ltr'><strong>II</strong></span> <span class='ocrx_word' id='word_1_197' title='bbox 888 1951 953 2013; x_wconf 90' lang='lat' dir='ltr'>p.</span> <span class='ocrx_word' id='word_1_198' title='bbox 996 1931 1158 2014; x_wconf 68' lang='lat'>482).</span> <span class='ocrx_word' id='word_1_199' title='bbox 1189 1933 1440 1996; x_wconf 89' lang='lat' dir='ltr'>Parisiis</span> <span class='ocrx_word' id='word_1_200' title='bbox 1468 1934 1533 1994; x_wconf 89' lang='lat' dir='ltr'>in</span> <span class='ocrx_word' id='word_1_201' title='bbox 1563 1933 1723 1995; x_wconf 89' lang='lat' dir='ltr'>Bibl.</span> <span class='ocrx_word' id='word_1_202' title='bbox 1767 1934 1945 1999; x_wconf 84' lang='lat' dir='ltr'>Dubl.</span> <span class='ocrx_word' id='word_1_203' title='bbox 1992 1936 2135 1998; x_wconf 93' lang='lat' dir='ltr'>cod.</span> <span class='ocrx_word' id='word_1_204' title='bbox 2193 1934 2306 1996; x_wconf 89' lang='lat'>916</span> <span class='ocrx_word' id='word_1_205' title='bbox 2338 1941 2535 1997; x_wconf 87' lang='lat' dir='ltr'>exstat</span> <span class='ocrx_word' id='word_1_206' title='bbox 2571 1934 2832 2015; x_wconf 87' lang='lat' dir='ltr'>epistola</span> <span class='ocrx_word' id='word_1_207' title='bbox 2864 1936 2931 1995; x_wconf 87' lang='lat' dir='ltr'>S.</span> <span class='ocrx_word' id='word_1_208' title='bbox 2959 1933 3234 1995; x_wconf 86' lang='lat' dir='ltr'>Macarii</span> <span class='ocrx_word' id='word_1_209' title='bbox 3262 1930 3504 1993; x_wconf 83' lang='lat' dir='ltr'>abbatis</span> <span class='ocrx_word' id='word_1_210' title='bbox 3534 1929 3620 1992; x_wconf 86' lang='lat' dir='ltr'>ad</span> 
     </span>
    </p>
   </div>
   <div class='ocr_carea' id='block_1_16' title="bbox 362 2034 2386 2116">
    <p class='ocr_par' dir='ltr' id='par_1_16' title="bbox 362 2034 2386 2116">
     <span class='ocr_line' id='line_1_16' title="bbox 362 2034 2386 2116; baseline 0 -20"><span class='ocrx_word' id='word_1_211' title='bbox 362 2035 629 2096; x_wconf 86' lang='lat' dir='ltr'>Esaiam</span> <span class='ocrx_word' id='word_1_212' title='bbox 677 2034 992 2103; x_wconf 84' lang='lat' dir='ltr'>abbatem;</span> <span class='ocrx_word' id='word_1_213' title='bbox 1028 2035 1176 2097; x_wconf 87' lang='lat' dir='ltr'>item</span> <span class='ocrx_word' id='word_1_214' title='bbox 1228 2036 1295 2096; x_wconf 88' lang='lat' dir='ltr'>in</span> <span class='ocrx_word' id='word_1_215' title='bbox 1331 2036 1473 2099; x_wconf 88' lang='lat' dir='ltr'>cod.</span> <span class='ocrx_word' id='word_1_216' title='bbox 1521 2034 1633 2096; x_wconf 89' lang='lat'>975</span> <span class='ocrx_word' id='word_1_217' title='bbox 1680 2038 1749 2100; x_wconf 88' lang='lat' dir='ltr'>S.</span> <span class='ocrx_word' id='word_1_218' title='bbox 1787 2038 2062 2099; x_wconf 80' lang='lat' dir='ltr'>Macarii</span> <span class='ocrx_word' id='word_1_219' title='bbox 2101 2037 2386 2116; x_wconf 85' lang='lat' dir='ltr'>epistola.</span> 
     </span>
    </p>
   </div>
   <div class='ocr_carea' id='block_1_17' title="bbox 446 2132 3620 2216">
    <p class='ocr_par' dir='ltr' id='par_1_17' title="bbox 446 2132 3620 2216">
     <span class='ocr_line' id='line_1_17' title="bbox 446 2132 3620 2216; baseline -0.001 -21"><span class='ocrx_word' id='word_1_220' title='bbox 446 2137 643 2197; x_wconf 87' lang='lat' dir='ltr'>Porro</span> <span class='ocrx_word' id='word_1_221' title='bbox 682 2136 1092 2197; x_wconf 90' lang='lat' dir='ltr'>Assemannio</span> <span class='ocrx_word' id='word_1_222' title='bbox 1123 2145 1378 2198; x_wconf 90' lang='lat' dir='ltr'>auctore</span> <span class='ocrx_word' id='word_1_223' title='bbox 1407 2137 1653 2199; x_wconf 87' lang='lat' dir='ltr'>arabice</span> <span class='ocrx_word' id='word_1_224' title='bbox 1684 2143 1934 2198; x_wconf 88' lang='lat' dir='ltr'>exstant</span> <span class='ocrx_word' id='word_1_225' title='bbox 1964 2138 2031 2198; x_wconf 91' lang='lat' dir='ltr'>in</span> <span class='ocrx_word' id='word_1_226' title='bbox 2065 2138 2284 2199; x_wconf 91' lang='lat' dir='ltr'>codice</span> <span class='ocrx_word' id='word_1_227' title='bbox 2313 2155 2371 2198; x_wconf 88' lang='lat' dir='ltr'>a.</span> <span class='ocrx_word' id='word_1_228' title='bbox 2402 2136 2542 2197; x_wconf 88' lang='lat' dir='ltr'>Chr.</span> <span class='ocrx_word' id='word_1_229' title='bbox 2577 2134 2727 2196; x_wconf 89' lang='lat'>1055</span> <span class='ocrx_word' id='word_1_230' title='bbox 2757 2136 2988 2216; x_wconf 88' lang='lat' dir='ltr'>scripto</span> <span class='ocrx_word' id='word_1_231' title='bbox 3018 2138 3085 2197; x_wconf 92' lang='lat' dir='ltr'>S.</span> <span class='ocrx_word' id='word_1_232' title='bbox 3127 2135 3402 2197; x_wconf 89' lang='lat' dir='ltr'>Macarii</span> <span class='ocrx_word' id='word_1_233' title='bbox 3430 2132 3620 2193; x_wconf 81' lang='lat' dir='ltr'>abba-</span> 
     </span>
    </p>
   </div>
   <div class='ocr_carea' id='block_1_18' title="bbox 367 2237 3618 2321">
    <p class='ocr_par' dir='ltr' id='par_1_18' title="bbox 367 2237 3618 2321">
     <span class='ocr_line' id='line_1_18' title="bbox 367 2237 3618 2321; baseline -0.001 -21"><span class='ocrx_word' id='word_1_234' title='bbox 367 2242 452 2302; x_wconf 84' lang='lat' dir='ltr'>tis</span> <span class='ocrx_word' id='word_1_235' title='bbox 506 2241 802 2319; x_wconf 87' lang='lat' dir='ltr'>epistolae</span> <span class='ocrx_word' id='word_1_236' title='bbox 833 2251 890 2301; x_wconf 91' lang='lat' dir='ltr'>et</span> <span class='ocrx_word' id='word_1_237' title='bbox 918 2259 1229 2302; x_wconf 82' lang='lat' dir='ltr'>sermones</span> <span class='ocrx_word' id='word_1_238' title='bbox 1258 2243 1341 2303; x_wconf 91' lang='lat' dir='ltr'>ad</span> <span class='ocrx_word' id='word_1_239' title='bbox 1370 2242 1701 2303; x_wconf 85' lang='lat' dir='ltr'>monachos</span> <span class='ocrx_word' id='word_1_240' title='bbox 1730 2244 1969 2316; x_wconf 81' lang='lat' dir='ltr'>XXVI,</span> <span class='ocrx_word' id='word_1_241' title='bbox 2003 2250 2064 2304; x_wconf 90' lang='lat' dir='ltr'>et</span> <span class='ocrx_word' id='word_1_242' title='bbox 2106 2243 2169 2302; x_wconf 89' lang='lat' dir='ltr'>in</span> <span class='ocrx_word' id='word_1_243' title='bbox 2204 2243 2327 2304; x_wconf 90' lang='lat' dir='ltr'>alio</span> <span class='ocrx_word' id='word_1_244' title='bbox 2375 2243 2595 2305; x_wconf 89' lang='lat' dir='ltr'>codice</span> <span class='ocrx_word' id='word_1_245' title='bbox 2637 2243 2888 2305; x_wconf 88' lang='lat' dir='ltr'>arabico</span> <span class='ocrx_word' id='word_1_246' title='bbox 2934 2242 3167 2321; x_wconf 87' lang='lat' dir='ltr'>scripto</span> <span class='ocrx_word' id='word_1_247' title='bbox 3217 2259 3275 2303; x_wconf 90' lang='lat' dir='ltr'>a.</span> <span class='ocrx_word' id='word_1_248' title='bbox 3321 2240 3462 2301; x_wconf 90' lang='lat' dir='ltr'>Chr.</span> <span class='ocrx_word' id='word_1_249' title='bbox 3503 2237 3618 2299; x_wconf 90' lang='lat'>885</span> 
     </span>
    </p>
   </div>
   <div class='ocr_carea' id='block_1_19' title="bbox 362 2344 3618 2428">
    <p class='ocr_par' dir='ltr' id='par_1_19' title="bbox 362 2344 3618 2428">
     <span class='ocr_line' id='line_1_19' title="bbox 362 2344 3618 2428; baseline -0.001 -21"><span class='ocrx_word' id='word_1_250' title='bbox 362 2347 433 2407; x_wconf 89' lang='lat' dir='ltr'>S.</span> <span class='ocrx_word' id='word_1_251' title='bbox 468 2344 743 2406; x_wconf 81' lang='lat' dir='ltr'>Macarii</span> <span class='ocrx_word' id='word_1_252' title='bbox 774 2365 973 2409; x_wconf 87' lang='lat' dir='ltr'>sermo</span> <span class='ocrx_word' id='word_1_253' title='bbox 1003 2348 1076 2409; x_wconf 86' lang='lat' dir='ltr'>de</span> <span class='ocrx_word' id='word_1_254' title='bbox 1095 2347 1393 2410; x_wconf 80' lang='lat' dir='ltr'>Oratione</span> <span class='ocrx_word' id='word_1_255' title='bbox 1427 2354 1621 2426; x_wconf 84' lang='lat' dir='ltr'>atque</span> <span class='ocrx_word' id='word_1_256' title='bbox 1660 2346 1923 2425; x_wconf 85' lang='lat' dir='ltr'>epistola</span> <span class='ocrx_word' id='word_1_257' title='bbox 1944 2348 2027 2408; x_wconf 88' lang='lat' dir='ltr'>ad</span> <span class='ocrx_word' id='word_1_258' title='bbox 2046 2346 2381 2408; x_wconf 87' lang='lat' dir='ltr'>monachos</span> <span class='ocrx_word' id='word_1_259' title='bbox 2406 2349 2585 2428; x_wconf 88' lang='lat' dir='ltr'>(Bibl.</span> <span class='ocrx_word' id='word_1_260' title='bbox 2618 2348 2854 2410; x_wconf 83' lang='lat' dir='ltr'>Orient.</span> <span class='ocrx_word' id='word_1_261' title='bbox 2881 2349 2956 2407; x_wconf 89' lang='lat' dir='ltr'>T.</span> <span class='ocrx_word' id='word_1_262' title='bbox 2989 2348 3045 2407; x_wconf 94' lang='lat' dir='ltr'>II</span> <span class='ocrx_word' id='word_1_263' title='bbox 3080 2366 3143 2426; x_wconf 90' lang='lat' dir='ltr'>p.</span> <span class='ocrx_word' id='word_1_264' title='bbox 3178 2344 3336 2421; x_wconf 85' lang='lat'>511).</span> <span class='ocrx_word' id='word_1_265' title='bbox 3365 2345 3618 2423; x_wconf 86' lang='lat' dir='ltr'>Syriace</span> 
     </span>
    </p>
   </div>
   <div class='ocr_carea' id='block_1_20' title="bbox 364 2446 3621 2532">
    <p class='ocr_par' dir='ltr' id='par_1_20' title="bbox 364 2446 3621 2532">
     <span class='ocr_line' id='line_1_20' title="bbox 364 2446 3621 2532; baseline 0.001 -25"><span class='ocrx_word' id='word_1_266' title='bbox 364 2453 578 2508; x_wconf 88' lang='lat' dir='ltr'>autem</span> <span class='ocrx_word' id='word_1_267' title='bbox 630 2447 693 2509; x_wconf 87' lang='lat' dir='ltr'>in</span> <span class='ocrx_word' id='word_1_268' title='bbox 752 2449 896 2511; x_wconf 92' lang='lat' dir='ltr'>cod.</span> <span class='ocrx_word' id='word_1_269' title='bbox 943 2450 1240 2512; x_wconf 88' lang='lat' dir='ltr'>Nitriensi</span> <span class='ocrx_word' id='word_1_270' title='bbox 1274 2449 1343 2512; x_wconf 94' lang='lat'>18</span> <span class='ocrx_word' id='word_1_271' title='bbox 1399 2459 1650 2514; x_wconf 85' lang='lat' dir='ltr'>exarato</span> <span class='ocrx_word' id='word_1_272' title='bbox 1694 2471 1751 2514; x_wconf 87' lang='lat' dir='ltr'>a.</span> <span class='ocrx_word' id='word_1_273' title='bbox 1805 2452 1913 2514; x_wconf 92' lang='lat' dir='ltr'>Ch.</span> <span class='ocrx_word' id='word_1_274' title='bbox 1959 2453 2072 2515; x_wconf 89' lang='lat'>769</span> <span class='ocrx_word' id='word_1_275' title='bbox 2110 2454 2404 2532; x_wconf 87' lang='lat' dir='ltr'>leguntur</span> <span class='ocrx_word' id='word_1_276' title='bbox 2439 2453 2714 2514; x_wconf 87' lang='lat' dir='ltr'>Macarii</span> <span class='ocrx_word' id='word_1_277' title='bbox 2754 2451 2977 2530; x_wconf 82' lang='lat' dir='ltr'>Magni</span> <span class='ocrx_word' id='word_1_278' title='bbox 3005 2449 3296 2528; x_wconf 81' lang='lat' dir='ltr'>Aegyptii</span> <span class='ocrx_word' id='word_1_279' title='bbox 3327 2446 3621 2527; x_wconf 79' lang='lat' dir='ltr'>discipuli</span> 
     </span>
    </p>
   </div>
   <div class='ocr_carea' id='block_1_21' title="bbox 366 2550 3617 2636">
    <p class='ocr_par' dir='ltr' id='par_1_21' title="bbox 366 2550 3617 2636">
     <span class='ocr_line' id='line_1_21' title="bbox 366 2550 3617 2636; baseline -0 -25"><span class='ocrx_word' id='word_1_280' title='bbox 366 2552 436 2612; x_wconf 89' lang='lat' dir='ltr'>S.</span> <span class='ocrx_word' id='word_1_281' title='bbox 490 2552 753 2613; x_wconf 83' lang='lat' dir='ltr'>Antonii</span> <span class='ocrx_word' id='word_1_282' title='bbox 791 2572 1102 2617; x_wconf 89' lang='lat' dir='ltr'>sermones</span> <span class='ocrx_word' id='word_1_283' title='bbox 1150 2557 1258 2617; x_wconf 89' lang='lat' dir='ltr'>III</span> <span class='ocrx_word' id='word_1_284' title='bbox 1307 2564 1364 2617; x_wconf 87' lang='lat' dir='ltr'>et</span> <span class='ocrx_word' id='word_1_285' title='bbox 1420 2557 1713 2636; x_wconf 80' lang='lat' dir='ltr'>epistolae</span> <span class='ocrx_word' id='word_1_286' title='bbox 1755 2560 1937 2631; x_wconf 82' lang='lat' dir='ltr'><strong><em>VIII,</em></strong></span> <span class='ocrx_word' id='word_1_287' title='bbox 1988 2564 2049 2620; x_wconf 85' lang='lat' dir='ltr'>et</span> <span class='ocrx_word' id='word_1_288' title='bbox 2098 2558 2371 2619; x_wconf 84' lang='lat' dir='ltr'>Macarii</span> <span class='ocrx_word' id='word_1_289' title='bbox 2419 2556 2841 2618; x_wconf 76' lang='lat' dir='ltr'>Alexandrini</span> <span class='ocrx_word' id='word_1_290' title='bbox 2876 2572 3184 2615; x_wconf 85' lang='lat' dir='ltr'>sermones</span> <span class='ocrx_word' id='word_1_291' title='bbox 3231 2552 3341 2613; x_wconf 90' lang='grc' dir='ltr'>ΙΙΙ</span> <span class='ocrx_word' id='word_1_292' title='bbox 3382 2560 3440 2611; x_wconf 85' lang='lat' dir='ltr'>et</span> <span class='ocrx_word' id='word_1_293' title='bbox 3483 2550 3617 2628; x_wconf 84' lang='lat' dir='ltr'>cpi-</span> 
     </span>
    </p>
   </div>
   <div class='ocr_carea' id='block_1_22' title="bbox 368 2650 3620 2738">
    <p class='ocr_par' dir='ltr' id='par_1_22' title="bbox 368 2650 3620 2738">
     <span class='ocr_line' id='line_1_22' title="bbox 368 2650 3620 2738; baseline 0.001 -29"><span class='ocrx_word' id='word_1_294' title='bbox 368 2650 564 2710; x_wconf 84' lang='lat' dir='ltr'>stolae</span> <span class='ocrx_word' id='word_1_295' title='bbox 609 2652 730 2713; x_wconf 77' lang='lat' dir='ltr'><strong><em>VII</em></strong></span> <span class='ocrx_word' id='word_1_296' title='bbox 762 2653 936 2733; x_wconf 91' lang='lat' dir='ltr'>(ibid.</span> <span class='ocrx_word' id='word_1_297' title='bbox 972 2658 1043 2717; x_wconf 89' lang='lat' dir='ltr'>T.</span> <span class='ocrx_word' id='word_1_298' title='bbox 1079 2658 1105 2716; x_wconf 93' lang='grc' dir='ltr'>Ι</span> <span class='ocrx_word' id='word_1_299' title='bbox 1148 2676 1210 2736; x_wconf 90' lang='lat' dir='ltr'>p.</span> <span class='ocrx_word' id='word_1_300' title='bbox 1262 2656 1422 2736; x_wconf 90' lang='lat'>567).</span> <span class='ocrx_word' id='word_1_301' title='bbox 1470 2662 1627 2720; x_wconf 89' lang='lat' dir='ltr'>Item</span> <span class='ocrx_word' id='word_1_302' title='bbox 1670 2659 1737 2720; x_wconf 93' lang='lat' dir='ltr'>in</span> <span class='ocrx_word' id='word_1_303' title='bbox 1777 2659 1919 2721; x_wconf 89' lang='lat' dir='ltr'>cod.</span> <span class='ocrx_word' id='word_1_304' title='bbox 1964 2660 2267 2721; x_wconf 89' lang='lat' dir='ltr'>Beroensi</span> <span class='ocrx_word' id='word_1_305' title='bbox 2313 2660 2548 2738; x_wconf 89' lang='lat' dir='ltr'>scripto</span> <span class='ocrx_word' id='word_1_306' title='bbox 2599 2676 2658 2720; x_wconf 89' lang='lat' dir='ltr'>a.</span> <span class='ocrx_word' id='word_1_307' title='bbox 2714 2656 2861 2717; x_wconf 87' lang='lat'>1578</span> <span class='ocrx_word' id='word_1_308' title='bbox 2911 2654 3314 2717; x_wconf 88' lang='lat' dir='ltr'>inveniuntur</span> <span class='ocrx_word' id='word_1_309' title='bbox 3343 2651 3620 2713; x_wconf 86' lang='lat' dir='ltr'>Macarii</span> 
     </span>
    </p>
   </div>
   <div class='ocr_carea' id='block_1_23' title="bbox 367 2753 3616 2842">
    <p class='ocr_par' dir='ltr' id='par_1_23' title="bbox 367 2753 3616 2842">
     <span class='ocr_line' id='line_1_23' title="bbox 367 2753 3616 2842; baseline -0.001 -26"><span class='ocrx_word' id='word_1_310' title='bbox 367 2756 665 2835; x_wconf 80' lang='lat' dir='ltr'>Aegyptii</span> <span class='ocrx_word' id='word_1_311' title='bbox 709 2778 1018 2821; x_wconf 87' lang='lat' dir='ltr'>sermones</span> <span class='ocrx_word' id='word_1_312' title='bbox 1046 2764 1160 2823; x_wconf 85' lang='lat' dir='ltr'><strong><em>III</em></strong></span> <span class='ocrx_word' id='word_1_313' title='bbox 1203 2772 1260 2823; x_wconf 82' lang='lat' dir='ltr'>et</span> <span class='ocrx_word' id='word_1_314' title='bbox 1304 2763 1595 2842; x_wconf 87' lang='lat' dir='ltr'>epistolae</span> <span class='ocrx_word' id='word_1_315' title='bbox 1635 2764 1796 2825; x_wconf 78' lang='lat' dir='ltr'><strong><em>VIII</em></strong></span> <span class='ocrx_word' id='word_1_316' title='bbox 1820 2771 1881 2826; x_wconf 91' lang='lat' dir='ltr'>et</span> <span class='ocrx_word' id='word_1_317' title='bbox 1900 2765 2176 2826; x_wconf 83' lang='lat' dir='ltr'>Macarii</span> <span class='ocrx_word' id='word_1_318' title='bbox 2206 2762 2627 2823; x_wconf 77' lang='lat' dir='ltr'>Alexandrini</span> <span class='ocrx_word' id='word_1_319' title='bbox 2654 2778 2965 2821; x_wconf 88' lang='lat' dir='ltr'>sermones</span> <span class='ocrx_word' id='word_1_320' title='bbox 2993 2759 3069 2819; x_wconf 93' lang='grc' dir='ltr'><em>ΙΙ</em></span> <span class='ocrx_word' id='word_1_321' title='bbox 3098 2768 3154 2818; x_wconf 87' lang='lat' dir='ltr'>et</span> <span class='ocrx_word' id='word_1_322' title='bbox 3194 2753 3487 2835; x_wconf 87' lang='lat' dir='ltr'>epistolae</span> <span class='ocrx_word' id='word_1_323' title='bbox 3517 2753 3616 2814; x_wconf 77' lang='lat' dir='ltr'>IX</span> 
     </span>
    </p>
   </div>
   <div class='ocr_carea' id='block_1_24' title="bbox 374 2854 3620 2941">
    <p class='ocr_par' dir='ltr' id='par_1_24' title="bbox 374 2854 3620 2941">
     <span class='ocr_line' id='line_1_24' title="bbox 374 2854 3620 2941; baseline -0.001 -26"><span class='ocrx_word' id='word_1_324' title='bbox 374 2856 551 2919; x_wconf 84' lang='lat' dir='ltr'>libid.</span> <span class='ocrx_word' id='word_1_325' title='bbox 587 2876 649 2939; x_wconf 91' lang='lat' dir='ltr'>p.</span> <span class='ocrx_word' id='word_1_326' title='bbox 691 2858 860 2941; x_wconf 88' lang='lat'>586);</span> <span class='ocrx_word' id='word_1_327' title='bbox 893 2861 1042 2923; x_wconf 90' lang='lat' dir='ltr'>item</span> <span class='ocrx_word' id='word_1_328' title='bbox 1073 2863 1138 2923; x_wconf 90' lang='lat' dir='ltr'>in</span> <span class='ocrx_word' id='word_1_329' title='bbox 1171 2863 1388 2925; x_wconf 89' lang='lat' dir='ltr'>codice</span> <span class='ocrx_word' id='word_1_330' title='bbox 1420 2864 1664 2940; x_wconf 80' lang='lat' dir='ltr'>syriaco</span> <span class='ocrx_word' id='word_1_331' title='bbox 1695 2863 1753 2939; x_wconf 91' lang='lat'>6,</span> <span class='ocrx_word' id='word_1_332' title='bbox 1787 2871 2038 2926; x_wconf 84' lang='lat' dir='ltr'>exarato</span> <span class='ocrx_word' id='word_1_333' title='bbox 2068 2882 2125 2926; x_wconf 90' lang='lat' dir='ltr'>a.</span> <span class='ocrx_word' id='word_1_334' title='bbox 2161 2862 2334 2936; x_wconf 88' lang='lat'>1223,</span> <span class='ocrx_word' id='word_1_335' title='bbox 2367 2864 2433 2924; x_wconf 91' lang='lat' dir='ltr'>S.</span> <span class='ocrx_word' id='word_1_336' title='bbox 2466 2861 2741 2923; x_wconf 89' lang='lat' dir='ltr'>Macarii</span> <span class='ocrx_word' id='word_1_337' title='bbox 2766 2859 3061 2939; x_wconf 88' lang='lat' dir='ltr'>Aegyptii</span> <span class='ocrx_word' id='word_1_338' title='bbox 3085 2874 3394 2917; x_wconf 86' lang='lat' dir='ltr'>sermones</span> <span class='ocrx_word' id='word_1_339' title='bbox 3411 2854 3525 2915; x_wconf 87' lang='lat' dir='ltr'><strong><em>III</em></strong></span> <span class='ocrx_word' id='word_1_340' title='bbox 3556 2858 3620 2913; x_wconf 87' lang='lat' dir='ltr'>et</span> 
     </span>
    </p>
   </div>
   <div class='ocr_carea' id='block_1_25' title="bbox 373 2958 3619 3046">
    <p class='ocr_par' dir='ltr' id='par_1_25' title="bbox 373 2958 3619 3046">
     <span class='ocr_line' id='line_1_25' title="bbox 373 2958 3619 3046; baseline -0 -27"><span class='ocrx_word' id='word_1_341' title='bbox 373 2963 672 3039; x_wconf 83' lang='lat' dir='ltr'>epistolae</span> <span class='ocrx_word' id='word_1_342' title='bbox 698 2967 778 3039; x_wconf 83' lang='lat' dir='ltr'>X,</span> <span class='ocrx_word' id='word_1_343' title='bbox 814 2972 874 3028; x_wconf 87' lang='lat' dir='ltr'>et</span> <span class='ocrx_word' id='word_1_344' title='bbox 901 2968 1176 3029; x_wconf 85' lang='lat' dir='ltr'>Macarii</span> <span class='ocrx_word' id='word_1_345' title='bbox 1230 2968 1654 3029; x_wconf 75' lang='lat' dir='ltr'>Alexandrini</span> <span class='ocrx_word' id='word_1_346' title='bbox 1706 2987 2013 3030; x_wconf 84' lang='lat' dir='ltr'>sermones</span> <span class='ocrx_word' id='word_1_347' title='bbox 2064 2970 2115 3031; x_wconf 84' lang='grc' dir='ltr'><em>γ</em></span> <span class='ocrx_word' id='word_1_348' title='bbox 2153 2975 2216 3030; x_wconf 92' lang='lat' dir='ltr'>et</span> <span class='ocrx_word' id='word_1_349' title='bbox 2284 2966 2546 3046; x_wconf 87' lang='lat' dir='ltr'>epistola</span> <span class='ocrx_word' id='word_1_350' title='bbox 2599 2965 2683 3026; x_wconf 91' lang='lat' dir='ltr'>ad</span> <span class='ocrx_word' id='word_1_351' title='bbox 2722 2960 3255 3026; x_wconf 86' lang='lat' dir='ltr'>sanctimonialem</span> <span class='ocrx_word' id='word_1_352' title='bbox 3306 2958 3619 3040; x_wconf 87' lang='lat' dir='ltr'>quandam</span> 
     </span>
    </p>
   </div>
   <div class='ocr_carea' id='block_1_26' title="bbox 374 3062 880 3144">
    <p class='ocr_par' dir='ltr' id='par_1_26' title="bbox 374 3062 880 3144">
     <span class='ocr_line' id='line_1_26' title="bbox 374 3062 880 3144; baseline 0.008 -22"><span class='ocrx_word' id='word_1_353' title='bbox 374 3062 553 3136; x_wconf 90' lang='lat' dir='ltr'>(ibid.</span> <span class='ocrx_word' id='word_1_354' title='bbox 612 3084 675 3144; x_wconf 83' lang='lat' dir='ltr'>p.</span> <span class='ocrx_word' id='word_1_355' title='bbox 718 3064 880 3143; x_wconf 89' lang='lat'>610).</span> 
     </span>
    </p>
   </div>
   <div class='ocr_carea' id='block_1_27' title="bbox 455 3160 3618 3242">
    <p class='ocr_par' dir='ltr' id='par_1_27' title="bbox 455 3160 3618 3242">
     <span class='ocr_line' id='line_1_27' title="bbox 455 3160 3618 3242; baseline 0 -21"><span class='ocrx_word' id='word_1_356' title='bbox 455 3164 514 3222; x_wconf 94' lang='lat' dir='ltr'>S.</span> <span class='ocrx_word' id='word_1_357' title='bbox 549 3163 792 3224; x_wconf 88' lang='lat' dir='ltr'>Macarii</span> <span class='ocrx_word' id='word_1_358' title='bbox 821 3166 1043 3227; x_wconf 86' lang='lat' dir='ltr'>Preces</span> <span class='ocrx_word' id='word_1_359' title='bbox 1070 3183 1104 3228; x_wconf 90' lang='lat' dir='ltr'>e</span> <span class='ocrx_word' id='word_1_360' title='bbox 1134 3164 1557 3228; x_wconf 85' lang='lat' dir='ltr'>Bibliotheeae</span> <span class='ocrx_word' id='word_1_361' title='bbox 1581 3166 2087 3229; x_wconf 83' lang='lat' dir='ltr'>Vindobonensis</span> <span class='ocrx_word' id='word_1_362' title='bbox 2113 3166 2330 3229; x_wconf 89' lang='lat' dir='ltr'>codice</span> <span class='ocrx_word' id='word_1_363' title='bbox 2356 3184 2472 3228; x_wconf 91' lang='lat' dir='ltr'>ms.</span> <span class='ocrx_word' id='word_1_364' title='bbox 2504 3166 2697 3227; x_wconf 90' lang='lat' dir='ltr'>theol.</span> <span class='ocrx_word' id='word_1_365' title='bbox 2731 3181 2934 3242; x_wconf 89' lang='lat' dir='ltr'>graec.</span> <span class='ocrx_word' id='word_1_366' title='bbox 2966 3162 3103 3236; x_wconf 92' lang='lat'>231,</span> <span class='ocrx_word' id='word_1_367' title='bbox 3134 3160 3280 3224; x_wconf 91' lang='lat' dir='ltr'>olim</span> <span class='ocrx_word' id='word_1_368' title='bbox 3309 3161 3407 3235; x_wconf 89' lang='lat'>76,</span> <span class='ocrx_word' id='word_1_369' title='bbox 3432 3160 3618 3223; x_wconf 85' lang='lat' dir='ltr'>char-</span> 
     </span>
    </p>
   </div>
   <div class='ocr_carea' id='block_1_28' title="bbox 372 3266 3622 3351">
    <p class='ocr_par' dir='ltr' id='par_1_28' title="bbox 372 3266 3622 3351">
     <span class='ocr_line' id='line_1_28' title="bbox 372 3266 3622 3351; baseline 0.002 -27"><span class='ocrx_word' id='word_1_370' title='bbox 372 3272 578 3338; x_wconf 86' lang='lat' dir='ltr'>taceo,</span> <span class='ocrx_word' id='word_1_371' title='bbox 619 3267 901 3345; x_wconf 89' lang='lat' dir='ltr'>antiquo,</span> <span class='ocrx_word' id='word_1_372' title='bbox 954 3267 1019 3329; x_wconf 91' lang='lat' dir='ltr'>in</span> <span class='ocrx_word' id='word_1_373' title='bbox 1069 3267 1147 3342; x_wconf 88' lang='lat'>4°,</span> <span class='ocrx_word' id='word_1_374' title='bbox 1198 3270 1599 3348; x_wconf 84' lang='lat' dir='ltr'>proferimus,</span> <span class='ocrx_word' id='word_1_375' title='bbox 1638 3271 1749 3333; x_wconf 93' lang='lat' dir='ltr'>ubi</span> <span class='ocrx_word' id='word_1_376' title='bbox 1797 3269 1910 3333; x_wconf 89' lang='lat' dir='ltr'>fol.</span> <span class='ocrx_word' id='word_1_377' title='bbox 1954 3270 2052 3344; x_wconf 92' lang='lat'>61,</span> <span class='ocrx_word' id='word_1_378' title='bbox 2110 3272 2133 3332; x_wconf 95' lang='lat'>1</span> <span class='ocrx_word' id='word_1_379' title='bbox 2206 3290 2346 3351; x_wconf 88' lang='lat' dir='ltr'>sqq.</span> <span class='ocrx_word' id='word_1_380' title='bbox 2403 3271 2716 3349; x_wconf 88' lang='lat' dir='ltr'>leguntur,</span> <span class='ocrx_word' id='word_1_381' title='bbox 2780 3267 3189 3347; x_wconf 85' lang='lat' dir='ltr'>sequentibus</span> <span class='ocrx_word' id='word_1_382' title='bbox 3241 3266 3498 3328; x_wconf 88' lang='lat' dir='ltr'>canticis</span> <span class='ocrx_word' id='word_1_383' title='bbox 3540 3267 3622 3330; x_wconf 83' lang='lat' dir='ltr'>ad</span> 
     </span>
    </p>
   </div>
   <div class='ocr_carea' id='block_1_29' title="bbox 371 3368 3617 3452">
    <p class='ocr_par' dir='ltr' id='par_1_29' title="bbox 371 3368 3617 3452">
     <span class='ocr_line' id='line_1_29' title="bbox 371 3368 3617 3452; baseline 0.001 -26"><span class='ocrx_word' id='word_1_384' title='bbox 371 3368 437 3426; x_wconf 91' lang='lat' dir='ltr'>S.</span> <span class='ocrx_word' id='word_1_385' title='bbox 488 3368 820 3429; x_wconf 84' lang='lat' dir='ltr'>Antonium</span> <span class='ocrx_word' id='word_1_386' title='bbox 864 3374 926 3429; x_wconf 89' lang='lat' dir='ltr'>et</span> <span class='ocrx_word' id='word_1_387' title='bbox 973 3370 1035 3428; x_wconf 92' lang='lat' dir='ltr'>S.</span> <span class='ocrx_word' id='word_1_388' title='bbox 1068 3369 1417 3431; x_wconf 88' lang='lat' dir='ltr'>Onufrium.</span> <span class='ocrx_word' id='word_1_389' title='bbox 1464 3372 1663 3443; x_wconf 87' lang='lat' dir='ltr'>Quare</span> <span class='ocrx_word' id='word_1_390' title='bbox 1709 3371 1955 3433; x_wconf 90' lang='lat' dir='ltr'>Macarii</span> <span class='ocrx_word' id='word_1_391' title='bbox 1999 3372 2285 3452; x_wconf 82' lang='lat' dir='ltr'>Aegyptii</span> <span class='ocrx_word' id='word_1_392' title='bbox 2331 3370 2468 3432; x_wconf 88' lang='lat' dir='ltr'>illas</span> <span class='ocrx_word' id='word_1_393' title='bbox 2517 3389 2655 3432; x_wconf 88' lang='lat' dir='ltr'>esse</span> <span class='ocrx_word' id='word_1_394' title='bbox 2685 3368 3018 3432; x_wconf 87' lang='lat' dir='ltr'>verisimile</span> <span class='ocrx_word' id='word_1_395' title='bbox 3053 3368 3234 3430; x_wconf 91' lang='lat' dir='ltr'>nobis</span> <span class='ocrx_word' id='word_1_396' title='bbox 3265 3368 3463 3428; x_wconf 91' lang='lat' dir='ltr'>visum</span> <span class='ocrx_word' id='word_1_397' title='bbox 3500 3374 3617 3429; x_wconf 91' lang='lat' dir='ltr'>est.</span> 
     </span>
    </p>
   </div>
   <div class='ocr_carea' id='block_1_30' title="bbox 370 3468 3614 3557">
    <p class='ocr_par' dir='ltr' id='par_1_30' title="bbox 370 3468 3614 3557">
     <span class='ocr_line' id='line_1_30' title="bbox 370 3468 3614 3557; baseline 0.001 -28"><span class='ocrx_word' id='word_1_398' title='bbox 370 3469 664 3533; x_wconf 90' lang='lat' dir='ltr'>Codicem</span> <span class='ocrx_word' id='word_1_399' title='bbox 689 3472 1055 3535; x_wconf 88' lang='lat' dir='ltr'>Lambecius</span> <span class='ocrx_word' id='word_1_400' title='bbox 1084 3476 1498 3536; x_wconf 88' lang='lat' dir='ltr'>Commentar.</span> <span class='ocrx_word' id='word_1_401' title='bbox 1530 3478 1601 3537; x_wconf 89' lang='lat' dir='ltr'>T.</span> <span class='ocrx_word' id='word_1_402' title='bbox 1640 3478 1726 3537; x_wconf 93' lang='lat' dir='ltr'><strong>III</strong></span> <span class='ocrx_word' id='word_1_403' title='bbox 1757 3476 1857 3539; x_wconf 90' lang='lat' dir='ltr'>ed.</span> <span class='ocrx_word' id='word_1_404' title='bbox 1889 3476 2084 3540; x_wconf 87' lang='lat' dir='ltr'>altera</span> <span class='ocrx_word' id='word_1_405' title='bbox 2125 3496 2191 3557; x_wconf 90' lang='lat' dir='ltr'>p.</span> <span class='ocrx_word' id='word_1_406' title='bbox 2226 3475 2338 3538; x_wconf 90' lang='lat'>372</span> <span class='ocrx_word' id='word_1_407' title='bbox 2369 3493 2537 3556; x_wconf 89' lang='lat' dir='ltr'>sqq.,</span> <span class='ocrx_word' id='word_1_408' title='bbox 2587 3476 2665 3537; x_wconf 92' lang='lat' dir='ltr'>de</span> <span class='ocrx_word' id='word_1_409' title='bbox 2704 3475 2920 3537; x_wconf 88' lang='lat' dir='ltr'>Nessel</span> <span class='ocrx_word' id='word_1_410' title='bbox 2977 3473 3163 3536; x_wconf 87' lang='lat' dir='ltr'>Catal.</span> <span class='ocrx_word' id='word_1_411' title='bbox 3220 3474 3290 3534; x_wconf 94' lang='lat' dir='ltr'>T.</span> <span class='ocrx_word' id='word_1_412' title='bbox 3324 3473 3352 3532; x_wconf 93' lang='grc' dir='ltr'>Ι</span> <span class='ocrx_word' id='word_1_413' title='bbox 3404 3490 3469 3551; x_wconf 88' lang='lat' dir='ltr'>p.</span> <span class='ocrx_word' id='word_1_414' title='bbox 3503 3468 3614 3532; x_wconf 84' lang='lat'>327</span> 
     </span>
    </p>
   </div>
   <div class='ocr_carea' id='block_1_31' title="bbox 370 3569 1038 3649">
    <p class='ocr_par' dir='ltr' id='par_1_31' title="bbox 370 3569 1038 3649">
     <span class='ocr_line' id='line_1_31' title="bbox 370 3569 1038 3649; baseline 0.004 -21"><span class='ocrx_word' id='word_1_415' title='bbox 370 3584 516 3647; x_wconf 86' lang='lat' dir='ltr'>sqq.</span> <span class='ocrx_word' id='word_1_416' title='bbox 551 3569 1038 3649; x_wconf 86' lang='lat' dir='ltr'>descripserunt.</span> 
     </span>
    </p>
   </div>
   <div class='ocr_carea' id='block_1_32' title="bbox 1964 3874 2047 3960">
    <p class='ocr_par' dir='ltr' id='par_1_32' title="bbox 1964 3874 2047 3960">
     <span class='ocr_line' id='line_1_32' title="bbox 1964 3874 2047 3960; baseline 0 0"><span class='ocrx_word' id='word_1_417' title='bbox 1964 3874 2047 3960; x_wconf 91' lang='lat' dir='ltr'>l.</span> 
     </span>
    </p>
   </div>
   <div class='ocr_carea' id='block_1_33' title="bbox 794 4036 3197 4136">
    <p class='ocr_par' dir='ltr' id='par_1_33' title="bbox 794 4036 3197 4136">
     <span class='ocr_line' id='line_1_33' title="bbox 794 4036 3197 4136; baseline 0.003 -9"><span class='ocrx_word' id='word_1_418' title='bbox 794 4036 1380 4130; x_wconf 84' lang='lat' dir='ltr'>EPISTOLA</span> <span class='ocrx_word' id='word_1_419' title='bbox 1477 4039 1888 4129; x_wconf 83' lang='lat' dir='ltr'>SANC&#39;I‘I</span> <span class='ocrx_word' id='word_1_420' title='bbox 1974 4038 2472 4133; x_wconf 82' lang='lat' dir='ltr'>MACARII</span> <span class='ocrx_word' id='word_1_421' title='bbox 2577 4042 3197 4136; x_wconf 83' lang='lat' dir='ltr'>AEGYPTII.</span> 
     </span>
    </p>
   </div>
   <div class='ocr_carea' id='block_1_34' title="bbox 435 4301 1948 4364">
    <p class='ocr_par' dir='ltr' id='par_1_34' title="bbox 435 4301 1948 4364">
     <span class='ocr_line' id='line_1_34' title="bbox 435 4301 1948 4364; baseline 0 -11"><span class='ocrx_word' id='word_1_422' title='bbox 435 4304 552 4354; x_wconf 83' lang='lat' dir='ltr'>Cod.</span> <span class='ocrx_word' id='word_1_423' title='bbox 593 4316 683 4349; x_wconf 90' lang='lat' dir='ltr'>ms.</span> <span class='ocrx_word' id='word_1_424' title='bbox 709 4301 818 4364; x_wconf 72' lang='lat' dir='ltr'>vat.</span> <span class='ocrx_word' id='word_1_425' title='bbox 844 4301 969 4350; x_wconf 86' lang='lat' dir='ltr'>Bibl.</span> <span class='ocrx_word' id='word_1_426' title='bbox 998 4302 1271 4364; x_wconf 79' lang='lat' dir='ltr'>Christinae</span> <span class='ocrx_word' id='word_1_427' title='bbox 1296 4302 1387 4351; x_wconf 79' lang='lat'>588</span> <span class='ocrx_word' id='word_1_428' title='bbox 1409 4301 1745 4353; x_wconf 83' lang='lat' dir='ltr'>membranae.</span> <span class='ocrx_word' id='word_1_429' title='bbox 1765 4304 1906 4354; x_wconf 82' lang='lat' dir='ltr'>Saec.</span> <span class='ocrx_word' id='word_1_430' title='bbox 1934 4319 1948 4353; x_wconf 66' lang='grc' dir='ltr'>ι</span> 
     </span>
    </p>
   </div>
   <div class='ocr_carea' id='block_1_35' title="bbox 441 4361 3618 4425">
    <p class='ocr_par' dir='ltr' id='par_1_35' title="bbox 441 4361 3618 4425">
     <span class='ocr_line' id='line_1_35' title="bbox 441 4361 3618 4425; baseline 0.004 -18"><span class='ocrx_word' id='word_1_431' title='bbox 441 4367 559 4415; x_wconf 69' lang='lat' dir='ltr'>Cod.</span> <span class='ocrx_word' id='word_1_432' title='bbox 588 4379 676 4411; x_wconf 89' lang='lat' dir='ltr'>ms.</span> <span class='ocrx_word' id='word_1_433' title='bbox 706 4361 823 4412; x_wconf 89' lang='lat' dir='ltr'>olim</span> <span class='ocrx_word' id='word_1_434' title='bbox 852 4364 979 4425; x_wconf 72' lang='lat' dir='ltr'>Bibl.</span> <span class='ocrx_word' id='word_1_435' title='bbox 1007 4363 1057 4411; x_wconf 92' lang='lat' dir='ltr'>S.</span> <span class='ocrx_word' id='word_1_436' title='bbox 1088 4363 1334 4412; x_wconf 78' lang='lat' dir='ltr'>Maximini</span> <span class='ocrx_word' id='word_1_437' title='bbox 1360 4364 1701 4425; x_wconf 81' lang='lat' dir='ltr'>Treverensis,</span> <span class='ocrx_word' id='word_1_438' title='bbox 1726 4379 1852 4415; x_wconf 89' lang='lat' dir='ltr'>nunc</span> <span class='ocrx_word' id='word_1_439' title='bbox 1878 4368 2281 4416; x_wconf 79' lang='lat' dir='ltr'>Bollandistarum</span> <span class='ocrx_word' id='word_1_440' title='bbox 2302 4364 2571 4423; x_wconf 84' lang='lat' dir='ltr'>Bruxellis,</span> <span class='ocrx_word' id='word_1_441' title='bbox 2599 4363 2927 4414; x_wconf 80' lang='lat' dir='ltr'>membranae.</span> <span class='ocrx_word' id='word_1_442' title='bbox 2956 4365 3097 4416; x_wconf 88' lang='lat' dir='ltr'>Saec.</span> <span class='ocrx_word' id='word_1_443' title='bbox 3125 4381 3187 4415; x_wconf 80' lang='lat' dir='ltr'>xv</span> <span class='ocrx_word' id='word_1_444' title='bbox 3211 4369 3292 4418; x_wconf 87' lang='lat' dir='ltr'>fol.</span> <span class='ocrx_word' id='word_1_445' title='bbox 3362 4407 3375 4419; x_wconf 94' lang='lat'>.</span> <span class='ocrx_word' id='word_1_446' title='bbox 3444 4409 3456 4420; x_wconf 91' lang='lat'>.</span> <span class='ocrx_word' id='word_1_447' title='bbox 3526 4412 3539 4424; x_wconf 89' lang='lat'>.</span> <span class='ocrx_word' id='word_1_448' title='bbox 3569 4361 3618 4424; x_wconf 62' lang='grc' dir='ltr'>’ᾗ</span> 
     </span>
    </p>
   </div>
   <div class='ocr_carea' id='block_1_36' title="bbox 438 4424 3617 4486">
    <p class='ocr_par' dir='ltr' id='par_1_36' title="bbox 438 4424 3617 4486">
     <span class='ocr_line' id='line_1_36' title="bbox 438 4424 3617 4486; baseline 0.002 -7"><span class='ocrx_word' id='word_1_449' title='bbox 438 4428 553 4479; x_wconf 85' lang='lat' dir='ltr'>Cod.</span> <span class='ocrx_word' id='word_1_450' title='bbox 581 4441 671 4474; x_wconf 87' lang='lat' dir='ltr'>ms.</span> <span class='ocrx_word' id='word_1_451' title='bbox 706 4424 1229 4484; x_wconf 72' lang='lat' dir='ltr'>Coriﬂuenlinus,BIbl.</span> <span class='ocrx_word' id='word_1_452' title='bbox 1257 4426 1831 4486; x_wconf 77' lang='lat' dir='ltr'>Gymnasii23chartac.</span> <span class='ocrx_word' id='word_1_453' title='bbox 1857 4428 2000 4478; x_wconf 87' lang='lat' dir='ltr'>Saec.</span> <span class='ocrx_word' id='word_1_454' title='bbox 2026 4442 2088 4477; x_wconf 85' lang='lat' dir='ltr'>xv</span> <span class='ocrx_word' id='word_1_455' title='bbox 2114 4428 2196 4476; x_wconf 79' lang='lat' dir='ltr'>l‘ol.</span> <span class='ocrx_word' id='word_1_456' title='bbox 2273 4463 2287 4476; x_wconf 96' lang='lat'>.</span> <span class='ocrx_word' id='word_1_457' title='bbox 2355 4464 2367 4476; x_wconf 94' lang='lat'>.</span> <span class='ocrx_word' id='word_1_458' title='bbox 2438 4461 2452 4474; x_wconf 92' lang='lat'>.</span> <span class='ocrx_word' id='word_1_459' title='bbox 2521 4463 2533 4474; x_wconf 93' lang='lat'>.</span> <span class='ocrx_word' id='word_1_460' title='bbox 2601 4464 2615 4476; x_wconf 91' lang='lat'>.</span> <span class='ocrx_word' id='word_1_461' title='bbox 2683 4464 2695 4475; x_wconf 94' lang='lat'>.</span> <span class='ocrx_word' id='word_1_462' title='bbox 2763 4460 2776 4475; x_wconf 86' lang='lat'>.</span> <span class='ocrx_word' id='word_1_463' title='bbox 2848 4466 2859 4475; x_wconf 92' lang='lat'>.</span> <span class='ocrx_word' id='word_1_464' title='bbox 2927 4463 2941 4476; x_wconf 91' lang='lat'>.</span> <span class='ocrx_word' id='word_1_465' title='bbox 3011 4465 3023 4476; x_wconf 94' lang='lat'>.</span> <span class='ocrx_word' id='word_1_466' title='bbox 3092 4464 3105 4477; x_wconf 92' lang='lat'>.</span> <span class='ocrx_word' id='word_1_467' title='bbox 3175 4467 3187 4478; x_wconf 91' lang='lat'>.</span> <span class='ocrx_word' id='word_1_468' title='bbox 3260 4468 3272 4479; x_wconf 92' lang='lat'>.</span> <span class='ocrx_word' id='word_1_469' title='bbox 3341 4468 3354 4482; x_wconf 93' lang='lat'>.</span> <span class='ocrx_word' id='word_1_470' title='bbox 3421 4470 3433 4482; x_wconf 94' lang='lat'>.</span> <span class='ocrx_word' id='word_1_471' title='bbox 3500 4470 3515 4484; x_wconf 91' lang='lat'>.</span> <span class='ocrx_word' id='word_1_472' title='bbox 3579 4436 3617 4486; x_wconf 91' lang='lat' dir='ltr'><strong><em>C</em></strong></span> 
     </span>
    </p>
   </div>
   <div class='ocr_carea' id='block_1_37' title="bbox 442 4517 3615 4619">
    <p class='ocr_par' dir='ltr' id='par_1_37' title="bbox 442 4517 3615 4619">
     <span class='ocr_line' id='line_1_37' title="bbox 442 4517 3615 4619; baseline 0.002 -21"><span class='ocrx_word' id='word_1_473' title='bbox 442 4551 619 4599; x_wconf 72' lang='lat' dir='ltr'>Exstat</span> <span class='ocrx_word' id='word_1_474' title='bbox 648 4551 773 4619; x_wconf 80' lang='lat' dir='ltr'>haec</span> <span class='ocrx_word' id='word_1_475' title='bbox 799 4547 1024 4619; x_wconf 78' lang='lat' dir='ltr'>epistola_</span> <span class='ocrx_word' id='word_1_476' title='bbox 1046 4549 1154 4619; x_wconf 56' lang='lat' dir='ltr'>cod:</span> <span class='ocrx_word' id='word_1_477' title='bbox 1185 4548 1242 4619; x_wconf 51' lang='grc' dir='ltr'>ᾼΛ</span> <span class='ocrx_word' id='word_1_478' title='bbox 1260 4550 1345 4619; x_wconf 67' lang='lat' dir='ltr'>fol.</span> <span class='ocrx_word' id='word_1_479' title='bbox 1373 4548 1598 4610; x_wconf 64' lang='lat'>112—114,</span> <span class='ocrx_word' id='word_1_480' title='bbox 1623 4550 1730 4600; x_wconf 87' lang='lat' dir='ltr'>cod.</span> <span class='ocrx_word' id='word_1_481' title='bbox 1756 4551 1798 4601; x_wconf 92' lang='lat' dir='ltr'>B</span> <span class='ocrx_word' id='word_1_482' title='bbox 1818 4517 2133 4612; x_wconf 44' lang='lat' dir='ltr'>ferente—dio,</span> <span class='ocrx_word' id='word_1_483' title='bbox 2153 4556 2206 4600; x_wconf 88' lang='lat' dir='ltr'>et</span> <span class='ocrx_word' id='word_1_484' title='bbox 2226 4549 2334 4598; x_wconf 87' lang='lat' dir='ltr'>eod.</span> <span class='ocrx_word' id='word_1_485' title='bbox 2356 4549 2393 4601; x_wconf 90' lang='lat' dir='ltr'><strong>C</strong></span> <span class='ocrx_word' id='word_1_486' title='bbox 2415 4548 2499 4598; x_wconf 83' lang='lat' dir='ltr'>fol.</span> <span class='ocrx_word' id='word_1_487' title='bbox 2527 4548 2632 4610; x_wconf 82' lang='lat'>125,</span> <span class='ocrx_word' id='word_1_488' title='bbox 2657 4550 2821 4600; x_wconf 73' lang='lat'>2-127.</span> <span class='ocrx_word' id='word_1_489' title='bbox 2868 4553 2941 4602; x_wconf 90' lang='lat' dir='ltr'>De</span> <span class='ocrx_word' id='word_1_490' title='bbox 2966 4552 3213 4603; x_wconf 81' lang='lat' dir='ltr'>codicibus</span> <span class='ocrx_word' id='word_1_491' title='bbox 3235 4559 3287 4603; x_wconf 91' lang='lat' dir='ltr'>et</span> <span class='ocrx_word' id='word_1_492' title='bbox 3317 4555 3382 4604; x_wconf 91' lang='lat' dir='ltr'>de</span> <span class='ocrx_word' id='word_1_493' title='bbox 3405 4555 3615 4619; x_wconf 85' lang='lat' dir='ltr'>epistola</span> 
     </span>
    </p>
   </div>
   <div class='ocr_carea' id='block_1_38' title="bbox 368 4608 1294 4675">
    <p class='ocr_par' dir='ltr' id='par_1_38' title="bbox 368 4608 1294 4675">
     <span class='ocr_line' id='line_1_38' title="bbox 368 4608 1294 4675; baseline -0.002 -14"><span class='ocrx_word' id='word_1_494' title='bbox 368 4615 776 4675; x_wconf 84' lang='lat' dir='ltr'>praemonuimus</span> <span class='ocrx_word' id='word_1_495' title='bbox 796 4608 941 4672; x_wconf 80' lang='lat' dir='ltr'>supra</span> <span class='ocrx_word' id='word_1_496' title='bbox 953 4611 1046 4658; x_wconf 89' lang='lat' dir='ltr'>col.</span> <span class='ocrx_word' id='word_1_497' title='bbox 1070 4608 1294 4659; x_wconf 70' lang='lat'>401-404.</span> 
     </span>
    </p>
   </div>
   <div class='ocr_carea' id='block_1_39' title="bbox 470 4777 3615 4853">
    <p class='ocr_par' dir='ltr' id='par_1_39' title="bbox 470 4777 3615 4853">
     <span class='ocr_line' id='line_1_39' title="bbox 470 4777 3615 4853; baseline 0.002 -20"><span class='ocrx_word' id='word_1_498' title='bbox 470 4779 658 4849; x_wconf 82' lang='lat' dir='ltr'>Incipit</span> <span class='ocrx_word' id='word_1_499' title='bbox 686 4777 905 4850; x_wconf 79' lang='lat' dir='ltr'>cpistola</span> <span class='ocrx_word' id='word_1_500' title='bbox 933 4780 1102 4833; x_wconf 87' lang='lat' dir='ltr'>sancti</span> <span class='ocrx_word' id='word_1_501' title='bbox 1122 4779 1380 4833; x_wconf 78' lang='lat' dir='ltr'>Macharii</span> <span class='ocrx_word' id='word_1_502' title='bbox 1404 4781 1474 4833; x_wconf 87' lang='lat' dir='ltr'>ad</span> <span class='ocrx_word' id='word_1_503' title='bbox 1500 4779 1639 4849; x_wconf 82' lang='lat' dir='ltr'>ﬁlios</span> <span class='ocrx_word' id='word_1_504' title='bbox 1667 4781 1764 4836; x_wconf 89' lang='lat' dir='ltr'>Dei</span> <span class='ocrx_word' id='word_1_505' title='bbox 1792 4779 1855 4853; x_wconf 75' lang='grc' dir='ltr'>ί).</span> <span class='ocrx_word' id='word_1_506' title='bbox 1968 4786 2023 4847; x_wconf 76' lang='grc' dir='ltr'><strong>Α</strong></span> <span class='ocrx_word' id='word_1_507' title='bbox 2046 4789 2129 4837; x_wconf 87' lang='lat' dir='ltr'>tas</span> <span class='ocrx_word' id='word_1_508' title='bbox 2162 4782 2267 4837; x_wconf 89' lang='lat' dir='ltr'>sibi</span> <span class='ocrx_word' id='word_1_509' title='bbox 2311 4780 2541 4836; x_wconf 87' lang='lat' dir='ltr'>iniurias</span> <span class='ocrx_word' id='word_1_510' title='bbox 2589 4779 2836 4843; x_wconf 69' lang='lat' dir='ltr'>suﬂ‘erat,</span> <span class='ocrx_word' id='word_1_511' title='bbox 2873 4790 2929 4835; x_wconf 89' lang='lat' dir='ltr'>et</span> <span class='ocrx_word' id='word_1_512' title='bbox 2975 4791 3036 4836; x_wconf 90' lang='lat' dir='ltr'>ut</span> <span class='ocrx_word' id='word_1_513' title='bbox 3071 4782 3198 4837; x_wconf 91' lang='lat' dir='ltr'>odio</span> <span class='ocrx_word' id='word_1_514' title='bbox 3230 4783 3428 4838; x_wconf 84' lang='lat' dir='ltr'>habeat</span> <span class='ocrx_word' id='word_1_515' title='bbox 3452 4800 3615 4841; x_wconf 84' lang='lat' dir='ltr'>omne</span> 
     </span>
    </p>
   </div>
   <div class='ocr_carea' id='block_1_40' title="bbox 445 4871 1949 4944">
    <p class='ocr_par' dir='ltr' id='par_1_40' title="bbox 445 4871 1949 4944">
     <span class='ocr_line' id='line_1_40' title="bbox 445 4871 1949 4944; baseline 0.003 -18"><span class='ocrx_word' id='word_1_516' title='bbox 445 4872 505 4927; x_wconf 83' lang='lat' dir='ltr'>In</span> <span class='ocrx_word' id='word_1_517' title='bbox 527 4872 718 4941; x_wconf 89' lang='lat' dir='ltr'>primis</span> <span class='ocrx_word' id='word_1_518' title='bbox 738 4871 956 4941; x_wconf 87' lang='lat' dir='ltr'>quidem</span> <span class='ocrx_word' id='word_1_519' title='bbox 976 4873 1020 4926; x_wconf 91' lang='lat' dir='ltr'>si</span> <span class='ocrx_word' id='word_1_520' title='bbox 1033 4872 1074 4943; x_wconf 80' lang='lat'>’)</span> <span class='ocrx_word' id='word_1_521' title='bbox 1093 4871 1387 4941; x_wconf 75' lang='lat' dir='ltr'>eoeperit’)</span> <span class='ocrx_word' id='word_1_522' title='bbox 1411 4873 1573 4927; x_wconf 85' lang='lat' dir='ltr'>homo</span> <span class='ocrx_word' id='word_1_523' title='bbox 1596 4874 1949 4944; x_wconf 88' lang='lat' dir='ltr'>semetipsum</span> 
     </span>
    </p>
   </div>
   <div class='ocr_carea' id='block_1_41' title="bbox 371 4963 1947 5035">
    <p class='ocr_par' dir='ltr' id='par_1_41' title="bbox 371 4963 1947 5035">
     <span class='ocr_line' id='line_1_41' title="bbox 371 4963 1947 5035; baseline 0.002 -17"><span class='ocrx_word' id='word_1_524' title='bbox 371 4980 694 5035; x_wconf 82' lang='lat' dir='ltr'>agnoscere,</span> <span class='ocrx_word' id='word_1_525' title='bbox 725 4979 823 5018; x_wconf 90' lang='lat' dir='ltr'>cur</span> <span class='ocrx_word' id='word_1_526' title='bbox 842 4974 1059 5019; x_wconf 89' lang='lat' dir='ltr'>creatus</span> <span class='ocrx_word' id='word_1_527' title='bbox 1091 4964 1183 5028; x_wconf 90' lang='lat' dir='ltr'>sit,</span> <span class='ocrx_word' id='word_1_528' title='bbox 1208 4972 1263 5018; x_wconf 87' lang='lat' dir='ltr'>et</span> <span class='ocrx_word' id='word_1_529' title='bbox 1289 4963 1548 5018; x_wconf 85' lang='lat' dir='ltr'>factorem</span> <span class='ocrx_word' id='word_1_530' title='bbox 1574 4981 1734 5019; x_wconf 90' lang='lat' dir='ltr'>suum</span> <span class='ocrx_word' id='word_1_531' title='bbox 1761 4967 1947 5032; x_wconf 91' lang='lat' dir='ltr'>deum,</span> 
     </span>
    </p>
   </div>
   <div class='ocr_carea' id='block_1_42' title="bbox 372 5055 1950 5127">
    <p class='ocr_par' dir='ltr' id='par_1_42' title="bbox 372 5055 1950 5127">
     <span class='ocr_line' id='line_1_42' title="bbox 372 5055 1950 5127; baseline 0.002 -18"><span class='ocrx_word' id='word_1_532' title='bbox 372 5065 510 5109; x_wconf 86' lang='lat' dir='ltr'>tunc</span> <span class='ocrx_word' id='word_1_533' title='bbox 547 5055 773 5127; x_wconf 84' lang='lat' dir='ltr'>incipiet</span> <span class='ocrx_word' id='word_1_534' title='bbox 796 5056 1080 5126; x_wconf 88' lang='lat' dir='ltr'>poenitere</span> <span class='ocrx_word' id='word_1_535' title='bbox 1102 5055 1144 5126; x_wconf 74' lang='grc'>⁸)</span> <span class='ocrx_word' id='word_1_536' title='bbox 1170 5070 1335 5124; x_wconf 90' lang='lat' dir='ltr'>super</span> <span class='ocrx_word' id='word_1_537' title='bbox 1376 5056 1502 5120; x_wconf 88' lang='lat' dir='ltr'>hiis,</span> <span class='ocrx_word' id='word_1_538' title='bbox 1542 5072 1649 5125; x_wconf 91' lang='lat' dir='ltr'>que</span> <span class='ocrx_word' id='word_1_539' title='bbox 1676 5058 1950 5112; x_wconf 89' lang='lat' dir='ltr'>commisit</span> 
     </span>
    </p>
   </div>
   <div class='ocr_carea' id='block_1_43' title="bbox 372 5144 1949 5219">
    <p class='ocr_par' dir='ltr' id='par_1_43' title="bbox 372 5144 1949 5219">
     <span class='ocr_line' id='line_1_43' title="bbox 372 5144 1949 5219; baseline 0 -17"><span class='ocrx_word' id='word_1_540' title='bbox 372 5147 436 5202; x_wconf 86' lang='lat' dir='ltr'>in</span> <span class='ocrx_word' id='word_1_541' title='bbox 461 5144 508 5216; x_wconf 76' lang='lat'>&#39;)</span> <span class='ocrx_word' id='word_1_542' title='bbox 536 5153 780 5217; x_wconf 85' lang='lat' dir='ltr'>tempore</span> <span class='ocrx_word' id='word_1_543' title='bbox 810 5147 1143 5218; x_wconf 75' lang='lat' dir='ltr'>negligencie</span> <span class='ocrx_word' id='word_1_544' title='bbox 1171 5164 1287 5202; x_wconf 90' lang='lat' dir='ltr'>sue.</span> <span class='ocrx_word' id='word_1_545' title='bbox 1312 5146 1402 5202; x_wconf 90' lang='lat' dir='ltr'>Sic</span> <span class='ocrx_word' id='word_1_546' title='bbox 1432 5147 1651 5201; x_wconf 90' lang='lat' dir='ltr'>demum</span> <span class='ocrx_word' id='word_1_547' title='bbox 1682 5148 1949 5219; x_wconf 84' lang='lat' dir='ltr'>benignus</span> 
     </span>
    </p>
   </div>
   <div class='ocr_carea' id='block_1_44' title="bbox 371 5238 1950 5310">
    <p class='ocr_par' dir='ltr' id='par_1_44' title="bbox 371 5238 1950 5310">
     <span class='ocr_line' id='line_1_44' title="bbox 371 5238 1950 5310; baseline 0.002 -19"><span class='ocrx_word' id='word_1_548' title='bbox 371 5238 514 5292; x_wconf 83' lang='lat' dir='ltr'>deus</span> <span class='ocrx_word' id='word_1_549' title='bbox 553 5238 647 5294; x_wconf 88' lang='lat' dir='ltr'>dat</span> <span class='ocrx_word' id='word_1_550' title='bbox 685 5239 767 5294; x_wconf 89' lang='lat' dir='ltr'>illi</span> <span class='ocrx_word' id='word_1_551' title='bbox 811 5239 1098 5295; x_wconf 89' lang='lat' dir='ltr'>tristiciam</span> <span class='ocrx_word' id='word_1_552' title='bbox 1130 5255 1232 5310; x_wconf 88' lang='lat' dir='ltr'>pro</span> <span class='ocrx_word' id='word_1_553' title='bbox 1263 5240 1521 5309; x_wconf 87' lang='lat' dir='ltr'>peccatis,</span> <span class='ocrx_word' id='word_1_554' title='bbox 1568 5248 1625 5293; x_wconf 91' lang='lat' dir='ltr'>et</span> <span class='ocrx_word' id='word_1_555' title='bbox 1669 5248 1794 5309; x_wconf 88' lang='lat' dir='ltr'>post</span> <span class='ocrx_word' id='word_1_556' title='bbox 1846 5240 1950 5295; x_wconf 91' lang='lat' dir='ltr'>hec</span> 
     </span>
    </p>
   </div>
   <div class='ocr_carea' id='block_1_45' title="bbox 370 5331 1949 5403">
    <p class='ocr_par' dir='ltr' id='par_1_45' title="bbox 370 5331 1949 5403">
     <span class='ocr_line' id='line_1_45' title="bbox 370 5331 1949 5403; baseline -0.001 -16"><span class='ocrx_word' id='word_1_557' title='bbox 370 5334 581 5387; x_wconf 85' lang='lat' dir='ltr'>iterum</span> <span class='ocrx_word' id='word_1_558' title='bbox 619 5349 719 5402; x_wconf 89' lang='lat' dir='ltr'>per</span> <span class='ocrx_word' id='word_1_559' title='bbox 757 5348 912 5387; x_wconf 88' lang='lat' dir='ltr'>suam</span> <span class='ocrx_word' id='word_1_560' title='bbox 949 5332 1341 5403; x_wconf 81' lang='lat' dir='ltr'>benignitatem</span> <span class='ocrx_word' id='word_1_561' title='bbox 1384 5333 1551 5386; x_wconf 87' lang='lat' dir='ltr'>donat</span> <span class='ocrx_word' id='word_1_562' title='bbox 1585 5332 1664 5386; x_wconf 91' lang='lat' dir='ltr'>illi</span> <span class='ocrx_word' id='word_1_563' title='bbox 1700 5331 1949 5386; x_wconf 78' lang='lat' dir='ltr'>afﬂictio-</span> 
     </span>
    </p>
   </div>
   <div class='ocr_carea' id='block_1_46' title="bbox 368 5421 1947 5495">
    <p class='ocr_par' dir='ltr' id='par_1_46' title="bbox 368 5421 1947 5495">
     <span class='ocr_line' id='line_1_46' title="bbox 368 5421 1947 5495; baseline -0.001 -19"><span class='ocrx_word' id='word_1_564' title='bbox 368 5437 505 5477; x_wconf 86' lang='lat' dir='ltr'>nem</span> <span class='ocrx_word' id='word_1_565' title='bbox 526 5424 567 5495; x_wconf 79' lang='lat'>&quot;)</span> <span class='ocrx_word' id='word_1_566' title='bbox 598 5425 846 5494; x_wconf 90' lang='lat' dir='ltr'>corporis</span> <span class='ocrx_word' id='word_1_567' title='bbox 876 5424 931 5479; x_wconf 90' lang='lat' dir='ltr'>in</span> <span class='ocrx_word' id='word_1_568' title='bbox 960 5424 1181 5479; x_wconf 90' lang='lat' dir='ltr'>ieiuniis</span> <span class='ocrx_word' id='word_1_569' title='bbox 1206 5434 1261 5479; x_wconf 88' lang='lat' dir='ltr'>et</span> <span class='ocrx_word' id='word_1_570' title='bbox 1281 5422 1324 5493; x_wconf 83' lang='grc'><strong>⁷)</strong></span> <span class='ocrx_word' id='word_1_571' title='bbox 1350 5423 1568 5493; x_wconf 82' lang='lat' dir='ltr'>vigiliis,</span> <span class='ocrx_word' id='word_1_572' title='bbox 1598 5430 1654 5477; x_wconf 89' lang='lat' dir='ltr'>et</span> <span class='ocrx_word' id='word_1_573' title='bbox 1675 5421 1947 5477; x_wconf 87' lang='lat' dir='ltr'>oracionis</span> 
     </span>
    </p>
   </div>
   <div class='ocr_carea' id='block_1_47' title="bbox 375 5514 1944 5588">
    <p class='ocr_par' dir='ltr' id='par_1_47' title="bbox 375 5514 1944 5588">
     <span class='ocr_line' id='line_1_47' title="bbox 375 5514 1944 5588; baseline -0.002 -17"><span class='ocrx_word' id='word_1_574' title='bbox 375 5515 722 5584; x_wconf 83' lang='lat' dir='ltr'>instanciam,</span> <span class='ocrx_word' id='word_1_575' title='bbox 746 5527 803 5574; x_wconf 87' lang='lat' dir='ltr'>et</span> <span class='ocrx_word' id='word_1_576' title='bbox 826 5526 1198 5588; x_wconf 89' lang='lat' dir='ltr'>contemptum</span> <span class='ocrx_word' id='word_1_577' title='bbox 1229 5517 1437 5581; x_wconf 86' lang='lat' dir='ltr'>mundi,</span> <span class='ocrx_word' id='word_1_578' title='bbox 1464 5525 1521 5570; x_wconf 90' lang='lat' dir='ltr'>et</span> <span class='ocrx_word' id='word_1_579' title='bbox 1540 5524 1601 5570; x_wconf 91' lang='lat' dir='ltr'>ut</span> <span class='ocrx_word' id='word_1_580' title='bbox 1621 5514 1800 5570; x_wconf 89' lang='lat' dir='ltr'>libens</span> <span class='ocrx_word' id='word_1_581' title='bbox 1829 5514 1944 5568; x_wconf 85' lang='lat' dir='ltr'>illa-</span> 
     </span>
    </p>
   </div>
   <div class='ocr_carea' id='block_1_48' title="bbox 2045 4872 3615 4947">
    <p class='ocr_par' dir='ltr' id='par_1_48' title="bbox 2045 4872 3615 4947">
     <span class='ocr_line' id='line_1_48' title="bbox 2045 4872 3615 4947; baseline 0.003 -19"><span class='ocrx_word' id='word_1_582' title='bbox 2045 4875 2391 4945; x_wconf 81' lang='lat' dir='ltr'>refrigerium</span> <span class='ocrx_word' id='word_1_583' title='bbox 2422 4872 2725 4943; x_wconf 86' lang='lat' dir='ltr'>corporale,</span> <span class='ocrx_word' id='word_1_584' title='bbox 2749 4883 2806 4928; x_wconf 89' lang='lat' dir='ltr'>et</span> <span class='ocrx_word' id='word_1_585' title='bbox 2831 4883 2892 4928; x_wconf 93' lang='lat' dir='ltr'>ut</span> <span class='ocrx_word' id='word_1_586' title='bbox 2923 4874 3109 4945; x_wconf 81' lang='lat' dir='ltr'>diligat</span> <span class='ocrx_word' id='word_1_587' title='bbox 3139 4876 3413 4945; x_wconf 90' lang='lat' dir='ltr'>planctum</span> <span class='ocrx_word' id='word_1_588' title='bbox 3444 4879 3615 4947; x_wconf 82' lang='lat' dir='ltr'>magis</span> 
     </span>
    </p>
   </div>
   <div class='ocr_carea' id='block_1_49' title="bbox 2043 4966 3615 5037">
    <p class='ocr_par' dir='ltr' id='par_1_49' title="bbox 2043 4966 3615 5037">
     <span class='ocr_line' id='line_1_49' title="bbox 2043 4966 3615 5037; baseline 0.003 -16"><span class='ocrx_word' id='word_1_589' title='bbox 2043 4982 2209 5037; x_wconf 90' lang='lat' dir='ltr'>quam</span> <span class='ocrx_word' id='word_1_590' title='bbox 2248 4966 2440 5020; x_wconf 85' lang='lat' dir='ltr'>risum.</span> <span class='ocrx_word' id='word_1_591' title='bbox 2480 4967 2611 5022; x_wconf 91' lang='lat' dir='ltr'>Post</span> <span class='ocrx_word' id='word_1_592' title='bbox 2650 4966 2753 5021; x_wconf 89' lang='lat' dir='ltr'>hec</span> <span class='ocrx_word' id='word_1_593' title='bbox 2791 4966 2997 5021; x_wconf 82' lang='lat' dir='ltr'>tribuet</span> <span class='ocrx_word' id='word_1_594' title='bbox 3036 4967 3111 5020; x_wconf 92' lang='lat' dir='ltr'>illi</span> <span class='ocrx_word' id='word_1_595' title='bbox 3146 4967 3481 5022; x_wconf 85' lang='lat' dir='ltr'>desiderium</span> <span class='ocrx_word' id='word_1_596' title='bbox 3518 4968 3615 5025; x_wconf 82' lang='lat' dir='ltr'>tle-</span> 
     </span>
    </p>
   </div>
   <div class='ocr_carea' id='block_1_50' title="bbox 2043 5057 3614 5127">
    <p class='ocr_par' dir='ltr' id='par_1_50' title="bbox 2043 5057 3614 5127">
     <span class='ocr_line' id='line_1_50' title="bbox 2043 5057 3614 5127; baseline 0.002 -15"><span class='ocrx_word' id='word_1_597' title='bbox 2043 5067 2199 5112; x_wconf 90' lang='lat' dir='ltr'>tuum</span> <span class='ocrx_word' id='word_1_598' title='bbox 2219 5057 2603 5127; x_wconf 83' lang='lat' dir='ltr'>planctumque</span> <span class='ocrx_word' id='word_1_599' title='bbox 2621 5064 2678 5112; x_wconf 87' lang='lat' dir='ltr'>et</span> <span class='ocrx_word' id='word_1_600' title='bbox 2700 5058 3062 5112; x_wconf 89' lang='lat' dir='ltr'>humilitatem</span> <span class='ocrx_word' id='word_1_601' title='bbox 3094 5069 3149 5113; x_wconf 87' lang='lat' dir='ltr'>et</span> <span class='ocrx_word' id='word_1_602' title='bbox 3170 5059 3614 5115; x_wconf 88' lang='lat' dir='ltr'>bumiliacionem</span> 
     </span>
    </p>
   </div>
   <div class='ocr_carea' id='block_1_51' title="bbox 2044 5147 3617 5213">
    <p class='ocr_par' dir='ltr' id='par_1_51' title="bbox 2044 5147 3617 5213">
     <span class='ocr_line' id='line_1_51' title="bbox 2044 5147 3617 5213; baseline 0.002 -12"><span class='ocrx_word' id='word_1_603' title='bbox 2044 5147 2247 5210; x_wconf 86' lang='lat' dir='ltr'>cordis,</span> <span class='ocrx_word' id='word_1_604' title='bbox 2281 5154 2338 5201; x_wconf 87' lang='lat' dir='ltr'>et</span> <span class='ocrx_word' id='word_1_605' title='bbox 2358 5155 2418 5201; x_wconf 91' lang='lat' dir='ltr'>ut</span> <span class='ocrx_word' id='word_1_606' title='bbox 2447 5147 2659 5201; x_wconf 89' lang='lat' dir='ltr'>trabem</span> <span class='ocrx_word' id='word_1_607' title='bbox 2683 5148 2829 5202; x_wconf 91' lang='lat' dir='ltr'>oeuli</span> <span class='ocrx_word' id='word_1_608' title='bbox 2864 5148 2946 5202; x_wconf 90' lang='lat' dir='ltr'>sui</span> <span class='ocrx_word' id='word_1_609' title='bbox 2982 5147 3312 5213; x_wconf 83' lang='lat' dir='ltr'>consideret,</span> <span class='ocrx_word' id='word_1_610' title='bbox 3337 5165 3448 5204; x_wconf 91' lang='lat' dir='ltr'>non</span> <span class='ocrx_word' id='word_1_611' title='bbox 3477 5149 3617 5204; x_wconf 88' lang='lat' dir='ltr'>alte-</span> 
     </span>
    </p>
   </div>
   <div class='ocr_carea' id='block_1_52' title="bbox 2044 5237 3620 5311">
    <p class='ocr_par' dir='ltr' id='par_1_52' title="bbox 2044 5237 3620 5311">
     <span class='ocr_line' id='line_1_52' title="bbox 2044 5237 3620 5311; baseline 0.002 -18"><span class='ocrx_word' id='word_1_612' title='bbox 2044 5239 2159 5293; x_wconf 87' lang='lat' dir='ltr'>rius</span> <span class='ocrx_word' id='word_1_613' title='bbox 2186 5237 2449 5293; x_wconf 86' lang='lat' dir='ltr'>festueam</span> <span class='ocrx_word' id='word_1_614' title='bbox 2479 5237 2686 5291; x_wconf 86' lang='lat' dir='ltr'>nitatur</span> <span class='ocrx_word' id='word_1_615' title='bbox 2713 5253 2931 5303; x_wconf 89' lang='lat' dir='ltr'>eruere,</span> <span class='ocrx_word' id='word_1_616' title='bbox 2961 5248 3016 5293; x_wconf 90' lang='lat' dir='ltr'>et</span> <span class='ocrx_word' id='word_1_617' title='bbox 3050 5239 3195 5295; x_wconf 87' lang='lat' dir='ltr'>dicat</span> <span class='ocrx_word' id='word_1_618' title='bbox 3222 5256 3457 5311; x_wconf 89' lang='lat' dir='ltr'>semper,</span> <span class='ocrx_word' id='word_1_619' title='bbox 3481 5256 3620 5311; x_wconf 89' lang='lat' dir='ltr'>quo-</span> 
     </span>
    </p>
   </div>
   <div class='ocr_carea' id='block_1_53' title="bbox 2041 5329 3617 5400">
    <p class='ocr_par' dir='ltr' id='par_1_53' title="bbox 2041 5329 3617 5400">
     <span class='ocr_line' id='line_1_53' title="bbox 2041 5329 3617 5400; baseline 0 -15"><span class='ocrx_word' id='word_1_620' title='bbox 2041 5331 2188 5385; x_wconf 89' lang='lat' dir='ltr'>niam</span> <span class='ocrx_word' id='word_1_621' title='bbox 2234 5329 2579 5398; x_wconf 87' lang='lat' dir='ltr'>iniquitatem</span> <span class='ocrx_word' id='word_1_622' title='bbox 2624 5344 2801 5384; x_wconf 88' lang='lat' dir='ltr'>meam</span> <span class='ocrx_word' id='word_1_623' title='bbox 2839 5346 2938 5399; x_wconf 84' lang='lat' dir='ltr'>ego</span> <span class='ocrx_word' id='word_1_624' title='bbox 2975 5346 3209 5400; x_wconf 85' lang='lat' dir='ltr'>agnoseo</span> <span class='ocrx_word' id='word_1_625' title='bbox 3237 5341 3291 5386; x_wconf 89' lang='lat' dir='ltr'>et</span> <span class='ocrx_word' id='word_1_626' title='bbox 3330 5340 3617 5400; x_wconf 89' lang='lat' dir='ltr'>peccatum</span> 
     </span>
    </p>
   </div>
   <div class='ocr_carea' id='block_1_54' title="bbox 2042 5420 3616 5491">
    <p class='ocr_par' dir='ltr' id='par_1_54' title="bbox 2042 5420 3616 5491">
     <span class='ocr_line' id='line_1_54' title="bbox 2042 5420 3616 5491; baseline 0 -16"><span class='ocrx_word' id='word_1_627' title='bbox 2042 5435 2223 5475; x_wconf 91' lang='lat' dir='ltr'>meum</span> <span class='ocrx_word' id='word_1_628' title='bbox 2245 5425 2437 5473; x_wconf 86' lang='lat' dir='ltr'>contra</span> <span class='ocrx_word' id='word_1_629' title='bbox 2456 5434 2543 5472; x_wconf 90' lang='lat' dir='ltr'>me</span> <span class='ocrx_word' id='word_1_630' title='bbox 2570 5428 2655 5473; x_wconf 90' lang='lat' dir='ltr'>est</span> <span class='ocrx_word' id='word_1_631' title='bbox 2676 5435 2913 5488; x_wconf 88' lang='lat' dir='ltr'>semper,</span> <span class='ocrx_word' id='word_1_632' title='bbox 2938 5430 2993 5474; x_wconf 91' lang='lat' dir='ltr'>et</span> <span class='ocrx_word' id='word_1_633' title='bbox 3019 5429 3078 5474; x_wconf 92' lang='lat' dir='ltr'>ut</span> <span class='ocrx_word' id='word_1_634' title='bbox 3102 5422 3245 5476; x_wconf 90' lang='lat' dir='ltr'>diem</span> <span class='ocrx_word' id='word_1_635' title='bbox 3266 5423 3445 5477; x_wconf 79' lang='lat' dir='ltr'>exitus</span> <span class='ocrx_word' id='word_1_636' title='bbox 3464 5421 3551 5476; x_wconf 88' lang='lat' dir='ltr'>sui</span> <span class='ocrx_word' id='word_1_637' title='bbox 3569 5420 3616 5491; x_wconf 78' lang='grc'>⁸)</span> 
     </span>
    </p>
   </div>
   <div class='ocr_carea' id='block_1_55' title="bbox 2043 5508 3619 5583">
    <p class='ocr_par' dir='ltr' id='par_1_55' title="bbox 2043 5508 3619 5583">
     <span class='ocr_line' id='line_1_55' title="bbox 2043 5508 3619 5583; baseline 0.002 -16"><span class='ocrx_word' id='word_1_638' title='bbox 2043 5512 2099 5567; x_wconf 89' lang='lat' dir='ltr'>in</span> <span class='ocrx_word' id='word_1_639' title='bbox 2131 5515 2314 5563; x_wconf 85' lang='lat' dir='ltr'>mente</span> <span class='ocrx_word' id='word_1_640' title='bbox 2347 5508 2565 5574; x_wconf 87' lang='lat' dir='ltr'>habeat,</span> <span class='ocrx_word' id='word_1_641' title='bbox 2587 5517 2644 5564; x_wconf 90' lang='lat' dir='ltr'>et</span> <span class='ocrx_word' id='word_1_642' title='bbox 2675 5510 2949 5579; x_wconf 90' lang='lat' dir='ltr'>quomodo</span> <span class='ocrx_word' id='word_1_643' title='bbox 2989 5510 3045 5564; x_wconf 90' lang='lat' dir='ltr'>in</span> <span class='ocrx_word' id='word_1_644' title='bbox 3076 5522 3370 5583; x_wconf 88' lang='lat' dir='ltr'>conspectu</span> <span class='ocrx_word' id='word_1_645' title='bbox 3404 5512 3493 5568; x_wconf 90' lang='lat' dir='ltr'>dei</span> <span class='ocrx_word' id='word_1_646' title='bbox 3524 5526 3619 5571; x_wconf 68' lang='lat'>00—</span> 
     </span>
    </p>
   </div>
   <div class='ocr_carea' id='block_1_56' title="bbox 1666 5696 2357 5755">
    <p class='ocr_par' dir='ltr' id='par_1_56' title="bbox 1666 5696 2357 5755">
     <span class='ocr_line' id='line_1_56' title="bbox 1666 5696 2357 5755; baseline -0.004 -1"><span class='ocrx_word' id='word_1_647' title='bbox 1666 5699 1917 5754; x_wconf 81' lang='lat' dir='ltr'>VARIAE</span> <span class='ocrx_word' id='word_1_648' title='bbox 1954 5696 2357 5755; x_wconf 79' lang='lat' dir='ltr'>LECTIONES.</span> 
     </span>
    </p>
   </div>
   <div class='ocr_carea' id='block_1_57' title="bbox 378 5814 1946 5891">
    <p class='ocr_par' dir='ltr' id='par_1_57' title="bbox 378 5814 1946 5891">
     <span class='ocr_line' id='line_1_57' title="bbox 378 5814 1946 5891; baseline 0.004 -24"><span class='ocrx_word' id='word_1_649' title='bbox 378 5814 422 5887; x_wconf 77' lang='grc' dir='ltr'>ί)</span> <span class='ocrx_word' id='word_1_650' title='bbox 450 5815 543 5869; x_wconf 77' lang='lat' dir='ltr'>Dei</span> <span class='ocrx_word' id='word_1_651' title='bbox 570 5831 678 5891; x_wconf 58' lang='lat' dir='ltr'>orn.</span> <span class='ocrx_word' id='word_1_652' title='bbox 702 5817 893 5891; x_wconf 56' lang='grc' dir='ltr'>Βᾳτ</span> <span class='ocrx_word' id='word_1_653' title='bbox 921 5818 963 5887; x_wconf 81' lang='lat'>&#39;)</span> <span class='ocrx_word' id='word_1_654' title='bbox 982 5818 1027 5891; x_wconf 79' lang='grc' dir='ltr'><strong>Β</strong></span> <span class='ocrx_word' id='word_1_655' title='bbox 1044 5819 1297 5889; x_wconf 85' lang='lat' dir='ltr'>siquidem</span> <span class='ocrx_word' id='word_1_656' title='bbox 1318 5821 1379 5873; x_wconf 80' lang='lat' dir='ltr'>si.</span> <span class='ocrx_word' id='word_1_657' title='bbox 1406 5852 1477 5860; x_wconf 90' lang='lat'>——</span> <span class='ocrx_word' id='word_1_658' title='bbox 1499 5820 1539 5884; x_wconf 85' lang='grc'>³)</span> <span class='ocrx_word' id='word_1_659' title='bbox 1562 5818 1643 5873; x_wconf 86' lang='lat' dir='ltr'>BC</span> <span class='ocrx_word' id='word_1_660' title='bbox 1662 5823 1946 5891; x_wconf 83' lang='lat' dir='ltr'>ceperit.—</span> 
     </span>
    </p>
   </div>
   <div class='ocr_carea' id='block_1_58' title="bbox 2018 5809 3509 5890">
    <p class='ocr_par' dir='ltr' id='par_1_58' title="bbox 2018 5809 3509 5890">
     <span class='ocr_line' id='line_1_58' title="bbox 2018 5809 3509 5890; baseline -0.006 -14"><span class='ocrx_word' id='word_1_661' title='bbox 2018 5819 2166 5890; x_wconf 71' lang='lat' dir='ltr'>‘)BC</span> <span class='ocrx_word' id='word_1_662' title='bbox 2211 5821 2458 5890; x_wconf 77' lang='lat' dir='ltr'>penitere,</span> <span class='ocrx_word' id='word_1_663' title='bbox 2482 5825 2539 5872; x_wconf 90' lang='lat' dir='ltr'>et</span> <span class='ocrx_word' id='word_1_664' title='bbox 2579 5817 2658 5890; x_wconf 83' lang='lat' dir='ltr'>sic</span> <span class='ocrx_word' id='word_1_665' title='bbox 2701 5815 2905 5888; x_wconf 84' lang='lat' dir='ltr'>ubique</span> <span class='ocrx_word' id='word_1_666' title='bbox 2950 5814 3229 5872; x_wconf 87' lang='lat' dir='ltr'>scribitur.</span> <span class='ocrx_word' id='word_1_667' title='bbox 3268 5809 3406 5885; x_wconf 84' lang='grc'>-⁸)</span> <span class='ocrx_word' id='word_1_668' title='bbox 3453 5812 3509 5868; x_wconf 72' lang='lat' dir='ltr'>in</span> 
     </span>
    </p>
   </div>
   <div class='ocr_carea' id='block_1_59' title="bbox 451 5887 2804 5961">
    <p class='ocr_par' dir='ltr' id='par_1_59' title="bbox 451 5887 2804 5961">
     <span class='ocr_line' id='line_1_59' title="bbox 451 5887 2804 5961; baseline 0 -20"><span class='ocrx_word' id='word_1_669' title='bbox 451 5901 564 5942; x_wconf 89' lang='lat' dir='ltr'>om.</span> <span class='ocrx_word' id='word_1_670' title='bbox 596 5887 655 5941; x_wconf 88' lang='lat' dir='ltr'>B.</span> <span class='ocrx_word' id='word_1_671' title='bbox 686 5920 755 5928; x_wconf 92' lang='lat'>-—</span> <span class='ocrx_word' id='word_1_672' title='bbox 776 5887 821 5959; x_wconf 81' lang='grc'>⁸)</span> <span class='ocrx_word' id='word_1_673' title='bbox 845 5889 887 5945; x_wconf 88' lang='lat' dir='ltr'>C</span> <span class='ocrx_word' id='word_1_674' title='bbox 910 5887 1265 5961; x_wconf 71' lang='lat' dir='ltr'>aﬂliccionem,</span> <span class='ocrx_word' id='word_1_675' title='bbox 1296 5900 1353 5946; x_wconf 90' lang='lat' dir='ltr'>et</span> <span class='ocrx_word' id='word_1_676' title='bbox 1385 5892 1464 5947; x_wconf 88' lang='lat' dir='ltr'>sic</span> <span class='ocrx_word' id='word_1_677' title='bbox 1490 5887 1808 5960; x_wconf 54' lang='lat' dir='ltr'>ubiqueJ—</span> <span class='ocrx_word' id='word_1_678' title='bbox 1830 5891 1872 5961; x_wconf 89' lang='grc'>⁷)</span> <span class='ocrx_word' id='word_1_679' title='bbox 1899 5899 1947 5946; x_wconf 82' lang='lat' dir='ltr'>ct</span> <span class='ocrx_word' id='word_1_680' title='bbox 2020 5887 2131 5946; x_wconf 82' lang='lat' dir='ltr'>cm.</span> <span class='ocrx_word' id='word_1_681' title='bbox 2180 5891 2240 5948; x_wconf 89' lang='lat' dir='ltr'>C.</span> <span class='ocrx_word' id='word_1_682' title='bbox 2268 5922 2335 5931; x_wconf 87' lang='lat'>-—</span> <span class='ocrx_word' id='word_1_683' title='bbox 2359 5887 2403 5959; x_wconf 81' lang='grc'>⁸)</span> <span class='ocrx_word' id='word_1_684' title='bbox 2435 5889 2477 5944; x_wconf 84' lang='lat' dir='ltr'>C</span> <span class='ocrx_word' id='word_1_685' title='bbox 2520 5888 2659 5943; x_wconf 88' lang='lat' dir='ltr'>male</span> <span class='ocrx_word' id='word_1_686' title='bbox 2694 5904 2804 5942; x_wconf 86' lang='lat' dir='ltr'>sue.</span> 
     </span>
    </p>
   </div>
  </div>
