3948 6574
463 423 566 478 407
1705 433 1760 487 s.
1798 431 2035 487 MACAR

2140 432 2444 491 \EGYPTII
3625 426 3730 481 εἱϋὸ

460 557 727 600 cursurus
751 554 844 610 snt,
875 548 971 602 sed
1018 560 1074 606 et
1104 538 1307 606 iudicia
1351 563 1407 608 et
1445 568 1611 622 penas
1660 551 1937 606 describat
1976 551 2033 604 in
2067 561 2107 613 Λ
2141 560 2283 606 ture.
2317 553 2372 606 Si
2410 561 2592 606 autem
2619 552 2684 605 ad
2717 551 2815 604 bas
2855 549 3300 621 impugnaciones
3333 564 3446 603 non
3482 547 3727 600 lassave-

464 642 761 702 conspectu
806 638 1004 694 mentis
1036 655 1167 706 sue,
1215 656 1317 696 nec
1368 659 1475 695 non
1521 642 1692 695 eciam
1746 642 1973 695 meritos
1993 643 2036 711 9)

461 721 701 780 honores
740 728 832 795 qui
878 728 1041 783 dandi
1087 741 1214 784 sunt
1257 732 1477 785 sanctis.
1527 731 1582 785 Si
1632 731 1795 801 igitur
1831 729 2038 802 [192]

456 816 678 882 viderit,
707 821 962 888 quoniam
987 821 1087 876 hec
1123 823 1198 876 illi
1226 824 1412 876 suavia
1438 832 1600 885 sunt,
1631 831 1864 892 temptat
1888 839 2035 885 eum,

459 907 505 960 si
527 907 877 964 abrenuntiat
921 913 1328 982 voluptatibus,
1352 921 1408 967 et
1450 913 1736 982 resistit”)
1775 913 2039 966 adversus

460 999 841 1070 ilnpugnautcs
867 1005 929 1072 Η)
952 1003 1319 1059 huiusmundi
1340 1005 1619 1074 principes
1636 1005 1823 1075 “),qui
1847 1004 2036 1057 vinxe-

461 1100 592 1145 runt
619 1108 746 1146 eum
777 1095 948 1163 prius,
973 1095 1144 1150 sedet
1164 1112 1419 1151 escarum
1442 1101 1592 1151 varie
1612 1095 2034 1159 delectaciones,

459 1197 569 1250 que
618 1185 851 1238 emolliri
884 1187 1090 1240 faciunt
1113 1203 1229 1253 cor,
1264 1197 1322 1242 ut
1346 1189 1409 1258 ¹⁸)
1447 1204 1639 1242 rursus
1661 1188 1724 1257 “’)
1751 1201 2040 1256 propemo-

459 1273 592 1328 dum
617 1275 680 1345 ³⁸)
713 1276 852 1330 vinei
884 1288 1049 1348 queat
1077 1296 1107 1334 e
1128 1281 1191 1350 ⁸⁸)
1225 1281 1548 1335 lassitudine
1567 1281 1815 1350 corporis
1841 1281 2035 1336 etlon-

457 1365 798 1435 ginquitate,
862 1368 1172 1426 dicentibus
1230 1372 1311 1426 illi
1371 1373 1801 1443 cogitaeionibus
1871 1373 2032 1428 suis:

2141 643 2234 706 rit,
2261 653 2390 699 tunc
2416 644 2686 713 benignus
2707 652 2760 698 ct
2791 644 3108 697 misericors
3129 643 3266 697 deus
3290 641 3464 694 mittit
3500 638 3582 691 illi
3616 636 3728 689 vir-

2141 743 2311 788 tutem
2355 750 2528 798 suam,
2583 744 2639 788 et
2688 734 2978 788 conﬁrmat
3025 749 3122 787 cor
3175 732 3366 802 ipsius,
3404 740 3469 785 et
3517 729 3616 781 dat
3655 726 3729 780 illi

2139 825 2378 879 leliciam
2413 835 2469 878 et
2504 824 2850 894 refrigerium
2883 836 2938 878 et
2964 824 3402 895 possibilitatem,
3428 830 3496 874 ut
3525 819 3730 872 forcior

2140 919 2376 972 inimicis
2415 919 2744 981 inveniatur,
2800 927 2858 971 ut
2901 919 3121 972 illorum
3165 917 3431 972 adversus
3477 914 3641 967 illum
3664 910 3730 980 ")

2138 1027 2316 1080 pugna
2348 1011 2414 1080 ³⁷)
2447 1028 2555 1063 non
2586 1010 2884 1079 prevaleat,
2917 1009 3344 1078 timentibusque
3380 1013 3603 1075 prestat
3629 1004 3734 1055 vir-

2138 1110 2310 1156 tutem
2335 1101 2425 1172 ³⁸),
2455 1103 2598 1156 sicut
2625 1112 2680 1156 et
2707 1112 2928 1156 sanctus
2967 1102 3160 1170 paulus
3183 1101 3352 1156 dicit.:
3372 1096 3727 1158 contendite,

2137 1202 2196 1247 et
2243 1194 2526 1263 accipietis
2569 1194 2851 1247 virtutem.
2903 1193 3013 1246 Hec
3052 1193 3254 1261 quippe
3296 1189 3361 1259 ³⁸)
3395 1197 3489 1241 est
3528 1185 3730 1248 virtus,

2137 1299 2302 1351 quam
2335 1283 2528 1337 beatus
2577 1293 2766 1352 petrus
2804 1282 3048 1350 loquitur
3084 1282 3309 1334 dicens:
3352 1276 3732 1330 hereditatem

2138 1378 2509 1444 incorruptam
2563 1386 2619 1429 et
2664 1374 3172 1429 immarcessibilem
3231 1379 3624 1425 conservatam
3678 1367 3730 1420 in

460 1467 670 1525 quanto
696 1461 956 1530 temporis
1001 1463 1186 1531 spacio
1220 1463 1366 1518 hunc
1396 1464 1640 1518 laborem
1681 1465 1910 1519 suﬁ‘erre
1935 1481 2036 1534 po-

462 1547 615 1611 teris,
647 1560 703 1604 et
733 1553 861 1621 quia
902 1553 1060 1607 ardui
1111 1555 1314 1609 laboris
1352 1555 1443 1618 sit,
1483 1565 1542 1610 ut
1591 1566 1869 1611 mereatur
1912 1557 2037 1626 quis

460 1639 886 1698 inhabitatorem
908 1645 1108 1700 habere
1134 1647 1318 1709 deum,
1342 1647 1628 1716 presertim
1659 1648 1842 1718 tu,qui
1866 1649 2036 1703 multa

2137 1470 2269 1522 celis
2303 1472 2358 1521 in
2383 1469 2558 1530 vobis,
2581 1467 2676 1536 qui
2707 1467 2762 1520 in
2792 1465 3076 1534 virtute”)
3109 1463 3197 1518 dei
3233 1458 3600 1517 custodirnini
3640 1473 3734 1524 per

2139 1557 2320 1610 ﬁdem.
2354 1557 2507 1610 Tunc
2541 1557 2814 1626 benignus
2854 1564 2908 1608 et
2941 1557 3183 1608 clemens
3221 1552 3379 1612 deus,
3407 1550 3455 1603 si
3504 1547 3730 1610 viderit,

2137 1648 2264 1717 quia
2287 1650 2352 1719 Ιδ’)
2386 1665 2482 1702 cor
2502 1649 2670 1718 ipsius
2709 1647 3126 1702 corroboratum
3153 1655 3238 1698 est
3265 1658 3430 1712 super
3470 1641 3738 1695 inimicos

460 1734 721 1800 peccasti,
749 1743 805 1790 et
842 1745 1042 1805 quanta
1085 1737 1182 1790 tibi
1229 1747 1458 1808 possunt
1497 1739 1700 1792 remitti
1749 1749 1967 1808 peccata
2005 1757 2036 1795 a
2138 1755 2285 1803 suos,
2327 1749 2456 1796 tunc
2496 1741 2759 1810 paulatim
2798 1739 3077 1794 subtrahit
3107 1738 3390 1798 virtutem,
3427 1749 3547 1802 que
3573 1732 3734 1800 illi“)

459 1821 602 1876 deol
648 1823 704 1877 Si
745 1835 929 1879 autem
976 1827 1312 1896 cognoverit,
1343 1827 1469 1896 quia
1501 1843 1596 1881 cor
1642 1829 1789 1882 illius
1817 1827 2034 1882 ﬁrmum
2138 1833 2527 1902 opitulabatur,
2558 1840 2612 1886 et
2634 1831 2886 1887 concedit
2907 1829 3145 1883 inimicis
3172 1824 3588 1896 impugnare“)
3607 1838 3734 1876 eum

457 1924 545 1969 est
573 1915 630 1968 in
655 1916 846 1972 timore
873 1918 960 1973 dei
1004 1928 1059 1974 et
1081 1937 1189 1973 non
1226 1920 1457 1975 dimittit
1489 1921 1669 1975 locum
1718 1938 1899 1986 suum,
1941 1923 2034 1976 sed
2071 1910 2105 1963 Β
2139 1925 2306 1978 variis
2334 1923 2806 1992 concupiscenciis
2823 1922 3024 1984 carnis,
3057 1936 3158 1974 nec
3199 1935 3308 1972 non
3337 1925 3394 1971 et
3426 1930 3579 1968 vane
3615 1913 3732 1983 glo-

459 2006 678 2063 fortiter
715 2011 923 2064 resistit
950 2022 1006 2066 et
1037 2013 1351 2083 pugnat"),
1398 2023 1527 2068 tunc
1565 2015 1782 2069 venient
1829 2015 1907 2069 illi
1933 2017 2036 2071 sub

460 2099 748 2156 occasione
779 2102 1000 2172 justicie
1034 2104 1315 2162 dicentes:
1368 2105 1612 2159 Peccasti
1655 2106 1912 2174 quidem,
1941 2107 2036 2161 sed

467 2191 834 2261 penitcnciam
870 2195 1051 2265 egisti,
1085 2196 1194 2266 jam
1240 2207 1461 2252 sanctus
1502 2213 1596 2263 es;
1639 2207 1696 2251 et
1730 2197 1938 2252 faciunt
1967 2199 2034 2252 il-

463 2279 580 2335 lum
603 2281 666 2353 ¹⁸)
703 2284 983 2338 recordari
1016 2286 1360 2355 quorundam
1381 2286 1664 2340 hominum
1695 2290 2034 2359 peccata,qui

458 2389 571 2427 non
601 2383 834 2444 egerunt
873 2376 1262 2446 penitenciam,
1308 2379 1812 2446 superseminantes
1861 2381 1938 2434 illi
1979 2383 2035 2436 in

461 2464 629 2519 corde
657 2481 850 2519 vanam
903 2467 1152 2537 gloriam.
1194 2469 1315 2523 Non
1356 2471 1532 2523 solum
1584 2485 1717 2524 vero
1761 2472 1897 2537 hec,
1939 2473 2034 2527 sed

459 2555 634 2610 eciam
666 2557 874 2613 faciunt
905 2560 1170 2628 quosdam
1209 2561 1460 2615 homines
1491 2562 1715 2617 laudare
1741 2579 1865 2617 eum
1903 2565 2036 2617 sub-

459 2644 608 2710 dole,
642 2656 698 2702 et
737 2663 1037 2717 provocare
1069 2665 1196 2703 eum
1243 2651 1311 2704 ad
1360 2667 1546 2721 opera,
1587 2669 1695 2722 que
1736 2654 1880 2708 ferre
1924 2671 2034 2708 non

460 2746 661 2807 potest,
691 2739 1048 2795 immittentcs
1068 2741 1144 2795 illi
1175 2743 1542 2811 eogitaciones
1573 2761 1683 2799 non
1705 2747 1961 2800 vescendi
1982 2756 2036 2801 et

461 2843 572 2883 non
613 2829 858 2895 bibendi,
887 2847 990 2885 nec
1017 2847 1125 2886 non
1154 2842 1210 2885 et
1236 2832 1541 2903 vigiliarum
1563 2875 1577 2899 ,
1606 2845 1662 2890 et
1702 2836 1872 2890 multa
1907 2838 2031 2901 alia,

459 2936 569 2991 que
603 2921 823 2992 longum
873 2931 957 2977 est
989 2923 1195 2988 dicere,
1241 2935 1300 2980 et
1335 2925 1655 2982 facilitatem
1693 2929 1772 2983 illi
1822 2929 1890 2982 ad
1932 2931 2036 2984 hec

460 3012 792 3082 perﬁcienda
833 3017 1103 3080 tribuunt,
1137 3018 1182 3070 si
1206 3018 1268 3088 ι’)
1304 3035 1413 3088 quo
1453 3020 1617 3074 modo
1657 3037 1785 3075 eum
1827 3023 1894 3075 ad
1933 3023 2036 3077 hec

461 3106 690 3160 illiciant
736 3107 1176 3178 ’°),precavente
1238 3111 1516 3179 scriptura
1569 3121 1627 3166 et
1671 3113 1925 3169 dicente:
1963 3131 2034 3169 ne

2140 2015 2220 2069 rie
2238 2015 2304 2086 “)
2335 2015 2656 2084 cupiditate,
2688 2023 2744 2068 et
2775 2011 3051 2082 superbia,
3080 2008 3387 2076 ceterisque
3405 2005 3508 2070 ⁸⁵),
3537 2019 3649 2072 que
3666 2003 3733 2071 “)

2139 2107 2204 2160 ad
2230 2107 2601 2176 pcrdieionem
2635 2106 2877 2169 trahunt,
2906 2114 2965 2158 ut
2991 2099 3385 2172 propemodum
3405 2097 3480 2167 Ι’⁸⁷)
3511 2095 3733 2149 assimi-

2137 2197 2282 2251 letur
2320 2198 2466 2260 navi,
2503 2213 2612 2266 que
2643 2197 2762 2251 sine
2801 2194 3175 2266 gubernaculo
3221 2193 3277 2245 in
3323 2188 3583 2258 scopulis
3627 2188 3734 2242 huc

2138 2291 2460 2361 illucque“)
2485 2289 2734 2344 oﬁ‘endit.
2778 2288 2913 2342 Cum
2954 2295 3135 2340 autem
3172 2300 3267 2338 eor
3299 2284 3421 2337 eius
3438 2280 3518 2352 δ’)
3550 2295 3732 2341 emar-

2137 2382 2313 2436 cuerit
2346 2381 2400 2434 in
2427 2382 2555 2446 hiis,
2585 2389 2641 2434 et
2666 2380 2741 2434 ita
2763 2380 2830 2450 ⁸ο)
2854 2378 3119 2434 defecerit
3145 2376 3210 2430 ad
3241 2377 3456 2446 singula
3489 2383 3730 2443 tempta~

2139 2482 2318 2527 menta
2339 2472 2407 2543 ³⁵¹)
2444 2473 2683 2536 inimici,
2723 2482 2853 2526 tunc
2887 2471 2957 2524 ho
3001 2467 3206 2541 [194]
3255 2469 3469 2521 minum
3519 2472 3734 2519 amator

2137 2563 2308 2628 deus,
2343 2580 2530 2618 curam
2587 2564 2798 2618 habens
2843 2570 3095 2616 creature
3150 2576 3283 2624 sue,
3331 2557 3594 2613 immittit
3654 2555 3729 2608 illi

2137 2666 2381 2711 sanctam
2419 2656 2682 2710 virtutem
2734 2663 2791 2709 et
2843 2655 3152 2715 conﬁrmat,
3204 2650 3494 2704 subiciens
3537 2664 3637 2702 cor
3675 2658 3730 2701 et

2136 2747 2373 2800 animam
2405 2757 2460 2801 et
2491 2763 2692 2816 corpus
2729 2746 2901 2816 ipsius
2927 2754 2984 2798 et
3011 2745 3196 2798 omnia
3234 2743 3440 2797 viscera
3474 2740 3602 2793 eius
3628 2740 3728 2793 sub

2139 2839 2262 2909 iugo
2291 2839 2538 2909 paracliti
2563 2839 2654 2908 ⁸⁸),
2693 2839 2810 2906 ipso
2833 2837 3085 2891 dicente:
3122 2835 3294 2890 tollite
3317 2835 3510 2903 iugum
3545 2847 3726 2885 meum

2134 2946 2302 3000 super
2330 2946 2425 2984 vos
2458 2939 2513 2983 et
2535 2929 2728 2983 discite
2755 2945 2784 2982 a
2808 2944 2916 2992 me,
2957 2927 3091 2996 quia
3133 2926 3278 2980 mitis
3303 2940 3423 2980 sum
3450 2931 3512 2977 et
3545 2923 3723 2976 Immi-

2136 3023 2204 3077 lis
2243 3022 2434 3076 corde.‘
2483 3023 2552 3076 Et
2604 3022 2682 3074 sic
2736 3020 2956 3074 demum
3005 3018 3278 3088 benignus
3321 3016 3460 3070 deus
3500 3013 3728 3083 incipiet

2137 3113 2497 3182 adaperire”)
2545 3112 2733 3165 oculos
2784 3110 2966 3164 cordis
2997 3107 3279 3178 ipsius“),
3315 3117 3376 3160 ut
3423 3105 3720 3174 intelligat,

459 3199 818 3255 declinaveris
859 3201 926 3255 ad
957 3201 1205 3256 dextram
1251 3218 1429 3272 neque
1465 3203 1532 3257 ad
1575 3204 1852 3258 sinistram
1877 3245 1892 3271 ,
1933 3207 2029 3261 sed
2057 3251 2098 3307 ϐ
2138 3206 2396 3274 quoniam
2428 3205 2545 3273 ipse
2569 3214 2671 3267 est,
2705 3203 2799 3272 qui
2834 3201 3122 3255 conﬁrmat
3148 3215 3273 3255 eum
3295 3240 3309 3264 ,
3342 3207 3399 3252 et
3429 3207 3570 3251 tunc
3603 3213 3722 3299 vere

461 3297 674 3342 rectum
724 3289 828 3343 iter
876 3291 1184 3359 ingredere.
1234 3291 1291 3346 Si
1335 3303 1518 3349 autem
1571 3297 1840 3366 benignus
1895 3299 2030 3354 deus

460 3383 821 3452 perspexerit,
849 3385 976 3452 quia
1009 3386 1144 3438 nulli
1191 3401 1381 3440 eorum
1417 3389 1691 3457 acquievit
1717 3406 1812 3445 cor
1841 3391 2032 3460 ipsius,

460 3471 679 3528 dicente
705 3473 866 3527 david
904 3484 960 3528 et
985 3475 1050 3528 de
1077 3475 1454 3530 huiuscemodi
1486 3481 1943 3548 temptacionibus
1966 3483 2032 3554 ²¹)

463 3565 837 3635 signiﬁcante:
867 3568 1111 3636 probasti
1134 3584 1229 3622 cor
1243 3584 1425 3622 meum
1445 3581 1501 3625 et
1521 3573 1751 3628 visitasti
1771 3578 2033 3646 nocte"),

463 3657 588 3726 igne
618 3673 705 3711 me
751 3659 1098 3722 examinasti,
1126 3671 1182 3714 et
1204 3677 1312 3713 non
1342 3671 1430 3716 est
1460 3663 1682 3720 inventa
1724 3665 1778 3718 in
1811 3683 1896 3720 me
1927 3667 2034 3721 ini-

461 3747 665 3817 quitas.
701 3747 766 3800 Et
790 3747 893 3801 hoc
921 3749 1384 3818 perspiciendum,
1414 3767 1514 3806 cur
1559 3765 1721 3809 nocte
1742 3755 1808 3825 ’³)
1835 3757 2037 3811 dixerit

461 3850 646 3894 etnon
668 3839 755 3893 die
777 3839 864 3910 ²¹⁵);
888 3840 1141 3896 videlicet
1159 3843 1286 3911 quia
1305 3845 1812 3901 circumvencioues
1833 3849 2036 3903 inimici

462 3948 570 3986 nox
591 3932 884 3994 sunt,sicut
901 3933 968 4003 ’⁵)
991 3933 1185 3987 beatus
1210 3937 1405 4003 paulus
1441 3937 1577 3990 dixit
1597 3938 1901 4012 “),[193]
1928 3959 2036 3996 non

461 4039 584 4078 esse
624 4040 723 4078 nos
750 4024 889 4079 ﬁlios
915 4026 1264 4081 tenebrarum
1287 4028 1377 4099 ‘7),
1407 4029 1505 4084 sed
1544 4032 1704 4096 lucis,
1730 4034 1859 4102 quia
1892 4034 2038 4090 ﬁlius

463 4116 554 4171 dei
579 4117 696 4171 dies
715 4126 797 4171 est
815 4118 904 4187 ‘3),
925 4118 1174 4174 diabolus
1193 4120 1258 4191 ’⁸)
1281 4137 1412 4174 vero
1434 4122 1582 4176 nocti
1603 4123 1955 4179 assimilatur.
1980 4126 2038 4180 Si

463 4223 598 4261 vero
628 4208 729 4263 hec
745 4210 928 4264 omnia
953 4210 1095 4263 bella
1117 4226 1468 4280 supergressa
1496 4212 1662 4267 fuerit
1681 4215 1882 4279 anima,
1907 4225 2038 4272 tunc

464 4299 735 4369 incipiunt
764 4300 842 4354 illi
874 4301 1164 4355 immittere
1186 4302 1526 4358 adversarios
1546 4305 1614 4375 ³ο)
1647 4308 2034 4376 cogitaciones,

466 4389 854 4446 fornicaeionis
881 4392 1218 4447 desiderium
1249 4402 1304 4448 et
1337 4395 1631 4450 nefandum
1654 4399 1719 4468 ει)
1762 4408 2034 4469 stuprum.

465 4480 528 4535 In
553 4481 662 4536 hiis
683 4482 748 4552 ")
779 4482 944 4552 igitur
963 4483 1218 4538 omnibus
1241 4484 1546 4539 inﬁrmatur
1564 4487 1744 4543 anima
1764 4497 1821 4543 et
1843 4505 1939 4543 cor
1962 4499 2040 4544 ta-

2142 3295 2367 3365 incipiet
2406 3311 2566 3348 nosse
2605 3295 2769 3348 homo
2801 3294 3063 3347 honorem
3115 3291 3246 3346 dare
3266 3290 3368 3345 deo
3406 3306 3538 3344 cum
3576 3289 3717 3342 omni

2143 3386 2450 3440 humilitate
2490 3395 2545 3438 et
2574 3383 2788 3437 actione
2817 3381 3147 3452 graeiarum,
3181 3380 3324 3433 sicut
3357 3377 3523 3430 david
3557 3375 3716 3429 dicit:

2143 3477 2470 3532 sacriﬁcium
2503 3475 2606 3529 deo
2632 3475 2855 3544 Spiritus
2886 3471 3307 3526 contribulatus.
3339 3469 3419 3522 Ex
3444 3469 3557 3521 hoc
3577 3468 3717 3521 enim

2143 3571 2329 3623 labore
2358 3570 2518 3640 prelii
2557 3567 2840 3622 humilitas
2877 3545 2933 3621 Et
2957 3562 3360 3619 contribulacio
3381 3570 3436 3616 et
3460 3575 3716 3614 mansue-

2144 3663 2276 3716 tudo
2316 3662 2548 3716 eﬁieitur
2603 3660 2693 3731 ⁸⁵).
2740 3660 2876 3713 Cum
2917 3657 3023 3711 hiis
3064 3655 3229 3723 igitur
3261 3653 3521 3708 omnibus
3559 3650 3717 3704 fuerit

2143 3753 2429 3823 probatus,
2465 3759 2595 3805 tunc
2619 3751 2843 3818 incipiet
2869 3749 2944 3803 illi
2977 3748 3204 3818 spiritus
3225 3755 3446 3800 sanctus
3481 3742 3715 3797 revelare

2143 3844 2468 3912 occulta“),
2497 3843 2602 3896 hoc
2635 3850 2739 3904 est,
2772 3858 2878 3910 que
2908 3840 3110 3894 sanctis
3130 3839 3248 3892 iure
3289 3836 3600 3904 meritoque
3631 3834 3716 3886 dc-

2143 3934 2345 3989 bentur
2375 3944 2431 3988 et
2461 3934 2587 3997 hiis,
2615 3933 2707 4002 qui
2739 3940 2961 4001 sperant
2985 3946 3149 4000 super
3172 3927 3553 3983 misericordia
3580 3927 3711 3987 eius,

2143 4035 2199 4080 et
2229 4035 2358 4080 tunc
2391 4033 2606 4094 reputat
2634 4041 2820 4078 secum
2864 4024 3027 4076 homo
3056 4021 3247 4075 dicens
3279 4019 3410 4074 illud
3454 4018 3713 4087 apostoli—

2143 4133 2269 4172 cum
2295 4134 2308 4170 :
2345 4117 2475 4186 quia
2503 4131 2614 4169 non
2647 4125 2777 4169 sunt
2798 4113 3065 4182 condigne
3093 4111 3374 4181 passiones
3397 4109 3566 4161 huius
3588 4116 3715 4159 tem-

2144 4208 2296 4278 poris
2333 4207 2400 4260 ad
2425 4206 2662 4260 futuram
2691 4205 2936 4274 gloriam,
2963 4217 3070 4272 que
3101 4199 3435 4255 revelabitur
3464 4197 3520 4252 in
3541 4196 3710 4257 nobis,

2143 4309 2200 4354 et
2220 4299 2352 4352 illud
2380 4297 2573 4352 david:
2616 4295 2748 4366 quid
2778 4295 2925 4349 enim
2956 4293 3124 4347 michi
3153 4302 3234 4346 est
3268 4292 3322 4345 in
3350 4291 3469 4344 celo
3489 4330 3504 4353 ,
3530 4300 3585 4343 et
3613 4304 3642 4340 a
3664 4298 3711 4340 te

2145 4391 2276 4462 quid
2299 4389 2447 4444 volui
2473 4404 2637 4458 super
2661 4386 2900 4442 terram?
2921 4386 3024 4438 hoc
3049 4395 3132 4439 est
3155 4401 3168 4436 :
3194 4398 3227 4437 o
3249 4382 3492 4444 domine,
3517 4387 3710 4449 quanta

2144 4482 2312 4536 michi
2347 4495 2640 4551 paraveras
2683 4479 2741 4533 in
2785 4477 2924 4540 celo,
2959 4487 3016 4531 et
3056 4491 3158 4546 ego
3197 4475 3327 4544 quid
3365 4490 3396 4528 a
3433 4481 3486 4527 te
3524 4486 3709 4542 quere-

467 4573 662 4638 bescit,
695 4585 756 4629 ut
779 4575 1118 4644 impossibile
1140 4576 1204 4645 ³³)
1230 4577 1333 4630 sibi
1370 4578 1559 4632 credat
1588 4595 1706 4634 esse
1735 4581 2039 4634 custodiam
2075 4611 2116 4663 ο
2147 4573 2271 4626 ham
2286 4571 2353 4644 ⁸⁷)
2392 4571 2448 4624 in
2487 4571 2599 4624 vita
2623 4569 2881 4622 mortali?
2912 4568 2979 4621 Et
3011 4568 3092 4663 sic
3128 4568 3300 4620 eciam
3341 4564 3607 4634 incipient
3637 4561 3707 4663 illi

466 4666 763 4730 castitatis,
789 4667 1185 4737 subiungentes
1213 4667 1314 4732 illi,
1339 4678 1401 4722 ut
1440 4669 1573 4733 dixi,
1609 4671 1870 4740 temporis
1909 4688 2038 4741 pro-

465 4757 772 4824 lixitatem,
819 4760 1088 4813 virtutum
1140 4760 1374 4814 arduum
1396 4760 1462 4832 “)
1494 4762 1757 4826 laborem,
1813 4770 1868 4817 et
1912 4765 2040 4832 quia

466 4852 673 4922 grande
702 4851 775 4906 sit
801 4865 941 4905 onus
967 4864 1210 4921 ipsarum
1238 4859 1294 4904 et
1326 4850 1775 4922 importabile”),
1812 4853 2042 4906 subiun-

2147 4665 2377 4721 revelari
2410 4668 2709 4725 tormenta,
2743 4677 2848 4729 que
2877 4659 3092 4729 passuri
3123 4665 3253 4711 sunt
3289 4664 3631 4726 peccatores,
3657 4660 3708 4705 et

2147 4759 2315 4812 multa
2361 4756 2488 4819 alia,
2528 4771 2634 4824 que
2681 4769 2767 4806 me
2799 4760 3014 4806 tacente
3063 4760 3282 4803 sanctus
3319 4748 3403 4801 vir
3442 4745 3704 4814 intelligit.

2145 4850 2275 4904 Post
2295 4849 2396 4902 hec
2415 4862 2545 4900 vero
2565 4846 2746 4898 omnia
2767 4844 2991 4912 incipiet
3021 4843 3315 4913 paraelitus
3341 4841 3480 4894 inire
3500 4851 3703 4909 pactum

2147 4957 2272 4996 cum
2307 4940 2546 5010 puritate
2583 4938 2765 4992 cordis
2815 4935 2989 5006 ipsius
3042 4942 3098 4988 et
3149 4934 3329 4986 anime
3369 4933 3621 4986 ﬁrn'iitate
3657 4938 3707 4982 et

467 4953 658 5014 gentes
687 4943 764 4997 illi
793 4942 1164 4997 inﬁrmitatem
1197 4943 1446 5013 corporis
1470 4951 1527 4998 et
1563 4944 1912 5014 fragilitatem
1944 4960 2040 4998 na-

1769 5063 2023 5117 VARIAE
2062 5059 2354 5116 LECTION
2362 5059 2464 5114 ES.

556 5178 599 5248 ")
625 5178 664 5232 C
713 5177 958 5233 radendo
979 5177 1352 5253 corringerito.
1377 5208 1434 5216 —
1466 5178 1481 5208 ¹
1501 5175 1543 5253 (ξ)
1577 5177 1617 5231 Β
1653 5179 1957 5253 resis_t_at._—-
1973 5175 2142 5253 ξ¹)ᾼΒ
2159 5170 2752 5253 ἱηιρηςῃᾳςὶοῃρδπ-ημ)
2780 5171 2820 5223 Β
2846 5169 3245 5253 ρνξηεὶητέηζ-
3267 5165 3331 5234 ³³)
3355 5164 3396 5219 C
3416 5165 3556 5253 male
3575 5173 3703 5253 εῖτ

473 5235 651 5322 ’⁸)ᾸΒ
681 5267 1002 5322 promam:
1026 5249 1090 5318 ’⁸)
1118 5248 1197 5302 BC
1228 5235 1635 5322 propemodum.
1656 5248 1836 5322 7—7‘")
1863 5248 1906 5301 A
1935 5235 2170 5322 vincique
2191 5235 2341 5322 aI—i
2359 5245 2399 5273 ”
2423 5244 2518 5322 )_et
2540 5235 2743 5313 pugnat
2765 5235 2872 5322 oni.
3127 5237 3168 5291 (Ζ
3199 5235 3488 5322 ειιηι.-¹ξ)
3515 5235 3556 5317 (ξ
3580 5236 3702 5322 male

468 5321 579 5374 sed.
621 5314 777 5390 -—"°)
807 5319 894 5373 AB
922 5314 1175 5372 illiceimt.
1200 5314 1270 5356 3—
1293 5314 1358 5387 ")
1386 5319 1429 5371 Α
1452 5319 1868 5387 cogitationibus.
1931 5349 1998 5356 ——
2022 5314 2092 5385 ²²)’
2113 5316 2153 5370 C
2228 5315 2457 5390 probasti
2486 5329 2778 5390 co_r_mcum
2797 5314 3466 5390 etnpisitasticourtezanet
3501 5314 3701 5390 risitastt

541 5398 706 5444 nocte.
734 5377 886 5458 4—”)
923 5388 1004 5444 BC
1033 5391 1088 5442 in
1113 5397 1277 5442 nocte.
1305 5377 1374 5427 -ἓ
1395 5390 1460 5451 ’⁵)
1491 5377 1570 5443 BC
1601 5390 1654 5441 in
1680 5389 1782 5441 die.
1813 5420 1882 5427 —-
1907 5387 1973 5450 ’5‘)
1998 5377 2280 5461 C_'_sicztti,
2309 5393 2364 5438 et
2397 5385 2476 5461 sic
2501 5385 2798 5461 ubique:
2837 5383 2881 5410 "‘
2900 5380 2980 5461 ΒΟ
3005 5380 3148 5461 dicit.
3178 5377 3244 5446 ⁸⁷)
3387 5377 3702 5461 tlcttcbrarulr‘n

468 5461 630 5532 filios.
690 5492 758 5532 έ
790 5447 962 5532 “last
987 5475 1098 5513 om.
1126 5459 1391 5532 Αηέ-εθ)
1423 5447 1462 5513 C
1489 5459 1773 5532 Dyabglus.
1839 5490 1909 5498 -—
1933 5447 1999 5526 ³ο)
2034 5457 2167 5532 Βοω
2189 5447 2682 5532 ιξςίίζενδανίεῖῙ-ῖτὴ
2819 5449 3282 5532 περρΙιιιηίιηηιξςτ-Δ
3303 5448 3494 5532 iii/riis
3516 5463 3620 5498 om.

468 5517 537 5572 '—
566 5531 630 5599 ³³)
681 5531 723 5584 Α
748 5517 1040 5600 ροδίςὶὺὶΙρηι
1103 5561 1170 5568 ——
1199 5528 1264 5599 3“)
1291 5528 1335 5582 Α
1369 5517 1573 5591 iterum:
1626 5529 1666 5583 C
1716 5547 1931 5583 vanum.
1984 5517 2176 5600 1—3")
2205 5524 2600 5600 Bjnportabile.
2828 5517 3149 5600 Cronium—
3165 5517 3230 5582 ³⁷)
3255 5517 3340 5600 ᾼςῖ
3365 5517 3697 5600 iirtpagnoﬁio;

481 5632 552 5641 —-
583 5584 649 5668 ³6)
685 5603 725 5655 A
748 5584 1150 5665 'timentiumque
1201 5584 1334 5668 quae
1359 5584 1616 5652 inhabitat
1649 5603 1701 5673 ira
1725 5617 1782 5652 eo
1822 5596 2120 5662 virtutem:
2140 5584 2210 5634 έ-
2240 5595 2303 5664 39)
2327 5584 2514 5673 quippe
2536 5611 2644 5647 om.
2677 5592 2789 5673 ΒΟ..
2845 5621 2916 5672 οτ-
2941 5590 3004 5658 ⁶⁰)
3037 5589 3484 5673 Βλξίνζὶςξηιζζθηι-
3523 5618 3586 5624 -

469 5659 747 5741 quantum.
800 5673 903 5740 -Ω
932 5673 999 5740 ⁸³)
1035 5659 1115 5724 illi
1151 5659 1259 5722 om.
1299 5669 1396 5721 BC.
1459 5700 1528 5708 ——
1597 5670 1642 5702 ⁸³
1661 5669 1701 5724 C
1732 5671 1871 5723 male
1983 5659 2200 5738 agitare.
2253 5659 2515 5745 ξιιμ
2553 5682 2691 5745 υιιηιξ
2735 5662 2926 5746 gloria.
2990 5660 3145 5728 —“)
3189 5659 3269 5711 BC
3304 5668 3696 5738 ceterarumque.

469 5741 626 5800 -’⁸⁶)
662 5758 762 5804 que
782 5759 889 5794 (vin.
914 5741 975 5795 (Ζ.
1035 5772 1101 5779 -
1130 5741 1194 5804 ⁸⁷)
1223 5740 1263 5791 Β
1296 5755 1453 5806 prope
1487 5739 1718 5792 modum.
1795 5771 1864 5780 ——-
1901 5687 2035 5806 δεξλ
2067 5747 2222 5805 atque
2247 5734 2481 5806 illuc—5
2507 5737 2572 5806 ἦν)
2608 5735 2652 5787 Α
2675 5735 2837 5802 illius.
2897 5762 2967 5806 στ-
3003 5729 3070 5799 ⁵⁰>
3101 5729 3312 5806 ,θεωρίαι
3341 5729 3700 5806 tta-dicam:—

468 5741 626 5800 -’⁶⁶)
662 5758 762 5804 que
782 5759 889 5794 (vin.
914 5741 975 5795 (Ζ.
1035 5772 1101 5779 -
1130 5741 1194 5804 ⁸⁷)
1223 5741 1263 5791 Β
1296 5755 1453 5808 prope
1487 5741 1718 5792 modum.
1795 5771 1864 5780 ——-
1901 5741 1965 5806 υδ)
1990 5741 2035 5792 Α
2067 5747 2222 5805 atque
2247 5741 2478 5787 illuc.—
2507 5741 2572 5804 δν)
2608 5741 2652 5787 Α
2675 5741 2837 5802 illius.
2897 5762 2967 5770 —-
3003 5741 3070 5799 °")
3101 5741 3147 5782 Α
3185 5741 3235 5780 et
3257 5741 3312 5779 ut
3344 5741 3697 5807 itu-arcam:—

475 5812 542 5871 "l
570 5812 1040 5879 Bdcmptamcnta.
1099 5810 1250 5876 --¹⁵²)
1277 5809 1313 5861 Α
1349 5809 1629 5879 pararlyti.
1692 5842 1758 5848 —-
1831 5810 1896 5873 ⁸³)
1936 5810 1977 5862 Λ
2008 5808 2228 5879 aperire.
2267 5835 2332 5844 ——
2360 5806 2425 5875 ⁸³)
2466 5805 2548 5860 BC
2592 5806 2752 5876 ipsius
2791 5801 2977 5857 cordis.
3037 5830 3104 5838 —
3129 5798 3196 5868 ⁵⁵)
3223 5798 3264 5852 Β
3302 5796 3616 5866 efﬁcmntur.
3642 5821 3697 5833 --

473 5882 544 5950 ⁸⁸)
582 5883 626 5937 Δ
652 5882 937 5935 ecclesiam.
983 5881 1134 5947 —~”)
1173 5880 1211 5931 Β
1244 5879 1367 5948 quid
1407 5898 1435 5931 η
1472 5889 1518 5931 te
1551 5880 1675 5946 quid
1711 5881 2008 5948 (merebam.
