3948 6538
173 349 257 404 ιω
1061 335 1068 378 ;
1579 331 1975 386 icrlsrome

3279 339 3383 394 HO

169 458 420 518 sanctitate
445 447 689 518 corporis
717 456 772 501 ct
801 464 922 500 cum
961 448 1186 518 spiritus
1213 448 1332 501 cius
1367 446 1698 508 humilitate,
1734 457 1772 508 Α
1806 457 1909 510 est,
1941 459 1994 502 et
2020 450 2277 516 quoniam
2303 448 2416 517 ipse
2439 447 2502 519 ‘9)
2527 458 2610 502 est
2632 449 2742 503 vita
2769 449 2907 515 eius,
2934 450 3149 506 dicente
3177 453 3338 508 david
3371 467 3381 498 ε

165 553 212 611 et
230 549 367 605 faciet
383 543 450 612 ⁵⁸)
481 557 604 595 eum
627 541 880 611 progredi
897 541 964 612 σε’)
981 549 1404 594 ι;›ιιιι·ιριιιόι“ριιιιι
1416 555 1548 603 ram,
1568 549 1623 592 et
1645 546 1704 592 ut

164 659 253 702 non
281 639 523 704 loquatur
562 649 624 686 os
647 634 769 688 eius
807 648 970 702 opera
1000 633 1314 695 hominum,
1360 643 1416 685 et
1455 639 1515 685 ut
1552 639 1704 685 recta

163 732 308 791 oculis
336 727 445 782 suis
479 725 679 789 videat,
720 734 777 779 et
805 733 867 778 ut
909 726 993 779 ori
1040 740 1139 779 suo
1172 724 1475 778 custodiam
1516 729 1702 794 ponat,

163 835 207 880 et
226 824 317 877 iter
341 818 499 872 faciat
521 825 731 870 rectum
750 815 1104 886 ")gressibus
1126 814 1321 876 suis,ct
1348 822 1407 867 ut
1434 813 1705 868 iusticiam

161 917 332 973 habeat
375 925 633 964 manuum
671 923 924 972 suarum,
953 907 1058 960 hoc
1092 913 1176 960 est
1213 910 1467 974 operum,
1497 914 1553 958 et
1581 920 1707 958 ora-

159 1006 307 1064 cionis
327 1001 667 1065 instanciam,
699 1016 802 1054 nec
823 1014 933 1052 non
953 997 1088 1068 et“)
1120 996 1478 1051 aﬂliccionem
1508 1010 1705 1065 corpo-

161 1103 225 1157 ris
243 1108 292 1154 et
320 1095 624 1166 vigiliarum
665 1092 1057 1162 frequenciam.
1088 1090 1155 1144 Et
1178 1090 1282 1145 hec
1318 1089 1556 1159 disponit
1581 1102 1707 1141 cum

161 1193 284 1250 eoin
308 1203 559 1242 mensura
591 1194 646 1240 et
669 1183 1030 1246 discrecione,
1048 1192 1103 1236 et
1126 1197 1234 1235 non
1259 1181 1314 1234 in
1339 1179 1704 1242 turbulencia,

155 1284 234 1341 sed
261 1283 312 1336 in
340 1280 524 1349 quiete
547 1277 636 1348 Μ).
663 1277 719 1330 Si
744 1290 874 1329 vero
899 1290 1055 1328 mens
1091 1274 1263 1344 ipsius
1285 1271 1708 1342 disposicionem

153 1371 303 1442 sancti
342 1368 548 1442 [195]
607 1367 834 1437 spiritus
873 1365 1296 1434 contempserit,
1342 1374 1471 1418 tunc
1509 1363 1706 1426 virtus,

151 1483 240 1538 que
263 1439 312 1519 in
334 1439 460 1517 eum
480 1439 546 1531 "l
573 1461 766 1514 collata
786 1457 1066 1529 fuerat“),
1087 1457 1340 1520 discedit,
1359 1465 1414 1512 et
1432 1456 1511 1510 sic
1529 1472 1708 1526 pugne

149 1555 437 1612 elﬁciuntur
477 1552 532 1605 in
574 1551 737 1605 corde
781 1551 904 1604 eius
954 1557 1008 1602 et
1053 1547 1621 1618 eonturbaciones“),
1655 1557 1710 1603 et

149 1646 460 1703 conturbant
482 1659 608 1698 eum
625 1643 690 1713 ⁸⁸)
723 1642 1009 1712 passiones
1034 1640 1283 1710 corporis
1305 1656 1402 1710 per
1431 1650 1708 1695 momenta

149 1740 334 1810 singula
360 1737 773 1808 expugnacione
805 1734 1035 1789 inimici.
1074 1733 1130 1787 Si
1165 1740 1345 1786 autem
1380 1748 1708 1787 conversum

1807 543 2038 596 clamavi
2063 542 2131 596 ad
2163 552 2214 596 te
2241 552 2296 597 ct
2325 543 2528 597 sanasti
2565 558 2683 608 me;
2710 550 2766 596 et
2795 543 2992 596 item-Im
3021 561 3032 597 :
3075 546 3202 616 quia
3240 549 3388 618 apud

1805 644 1859 689 te
1887 644 1970 688 est
1993 634 2114 689 fons
2136 635 2300 689 vitae.
2330 635 2500 706 Igitur
2532 635 2836 690 secundum
2868 651 3050 690 meum
3092 638 3389 693 consilium

1806 725 2031 795 quidem
2051 725 2252 796 7°),nisi
2275 727 2440 781 homo
2461 726 2720 797 grandem
2739 727 3129 802 possederit")
3159 730 3385 786 humili-

1807 821 1997 879 tatem,
2027 831 2132 884 que
2172 815 2437 870 virtutum
2463 817 2706 870 omnium
2734 817 2951 871 culmen
2984 825 3088 882 est,
3119 827 3177 873 et
3207 830 3389 876 custm

1807 906 1953 959 diam
1978 907 2224 976 posuerit
2245 908 2326 961 ori
2351 923 2470 972 suo,
2498 918 2555 963 et
2573 909 2724 962 cordi
2750 909 2999 966 timorem
3025 911 3135 976 dei,
3159 922 3214 967 et
3240 913 3295 966 in
3319 922 3388 969 eo

1807 998 2032 1068 quidem
2070 1015 2128 1052 se
2158 999 2355 1068 probat
2379 1001 2651 1055 excellere
2696 1003 2914 1067 ceteris,
2943 1020 3051 1057 non
3103 1021 3161 1059 se
3200 1006 3385 1076 prefe—

1808 1091 1978 1162 rat")
2011 1100 2271 1161 tanquam
2308 1093 2516 1162 aliquid
2558 1093 2689 1148 boni
2717 1095 2930 1162 fecerit,
2971 1107 3027 1151 et
3070 1106 3129 1150 ut
3159 1098 3389 1168 injurias

1809 1182 1912 1236 sibi
1943 1183 2120 1237 illatas
2158 1182 2396 1238 libenter
2419 1183 2664 1249 sufferat,
2707 1196 2764 1241 et
2793 1188 3020 1256 prebeat
3057 1191 3387 1258 percutienti
3473 1189 3476 1195 ’

1809 1289 1866 1329 se
1897 1275 2060 1328 aliain
2099 1275 2395 1342 maxillam,
2422 1286 2478 1329 et
2504 1288 2562 1331 ut
2584 1277 2651 1331 ad
2674 1293 2834 1333 omne
2869 1296 3007 1350 opus
3034 1281 3240 1335 bonum
3267 1283 3388 1336 vio—

1808 1366 1986 1422 lenter
2007 1375 2259 1438 erumpat
2297 1377 2354 1422 et
2402 1368 2646 1438 diripiat,
2672 1381 2729 1425 et
2770 1381 2832 1425 ut
2866 1374 3102 1427 animam
3142 1391 3297 1429 suam
3331 1375 3388 1429 in

1809 1475 1975 1514 manu
2002 1469 2185 1530 portet
2211 1462 2368 1532 quasi
2412 1463 2640 1518 cottidie
2667 1465 2972 1520 moriturus
2994 1508 3008 1532 ,
3041 1476 3097 1522 et
3132 1477 3194 1521 ut
3249 1485 3388 1524 vana

1811 1554 1975 1609 ducat
2024 1557 2228 1621 omnia,
2279 1573 2386 1626 que
2429 1557 2531 1611 sub
2581 1557 2775 1629 hoc")
2822 1558 3018 1630 sole”)
3061 1571 3386 1621 cernuntur,

1811 1655 1867 1699 et
1891 1645 1958 1714 7')
1988 1645 2136 1700 dicat
2161 1665 2174 1699 :
2211 1647 2372 1716 cupio
2399 1647 2622 1702 dissolvi
2652 1659 2708 1704 et
2730 1665 2851 1704 esse
2885 1665 3008 1704 cum
3034 1649 3273 1715 Christo,
3298 1660 3385 1705 et:

1812 1736 1980 1791 michi
2006 1738 2190 1793 vivere
2228 1738 2481 1794 Christus
2503 1750 2586 1794 est
2624 1749 2680 1795 et
2719 1741 2855 1794 mori
2885 1743 3120 1806 lucrum,
3150 1759 3260 1796 non
3286 1758 3386 1812 po-

145 1808 289 1887 tuerit
317 1845 411 1883 cor
462 1829 584 1882 eius
632 1837 688 1882 et
741 1824 1135 1897 optinuerit‘")
1181 1833 1437 1894 precepta
1480 1825 1705 1894 spiritus
1741 1808 1780 1862 Β
1811 1829 1940 1883 terit
1977 1841 2236 1900 precepta
2268 1846 2485 1886 servare
2528 1832 2756 1901 spiritus
2781 1834 2974 1887 sancti.
3016 1833 3244 1905 Emplicit
3276 1808 3385 1906 ipa-
3481 1881 3484 1884 _

147 1924 312 1986 sancti,
334 1923 612 1992 proteceio
634 1921 840 1976 domini
865 1920 925 1974 ﬁt
948 1934 1112 1988 super
1131 1932 1278 1971 eum.
1297 1917 1365 1971 Et
1383 1926 1513 1971 tunc
1536 1918 1701 1974 homo

143 2016 487 2087 agnoscet“),
517 2015 645 2086 quia
672 2013 1050 2068 indesinenter
1083 2010 1350 2064 adherere
1381 2009 1700 2065 deobonum

1809 1920 1947 1974 stola
1975 1922 2113 1976 beati
2142 1922 2400 1977 Macharii
2426 1924 2494 1978 ad
2521 1924 2768 1996 filios").

1399 2170 1656 2225 VARIAE
1697 2169 2099 2230 LECTIONES.

213 2290 275 2359 ⁵⁸)
305 2288 548 2368 Α--ρῖεὶῑ,
576 2319 646 2368 ῖς
669 2288 760 2368 53L
878 2288 1204 2368 supergredi.
1236 2321 1305 2368 τ
1446 2290 1491 2345 Α
1545 2293 1647 2368 iter
1685 2300 1904 2368 fectant
1957 2295 2141 2363 faciat.
2175 2327 2245 2335 —
2272 2296 2339 2368 ⁶¹)
2394 2307 2443 2350 ct
2485 2314 2594 2353 om.
2654 2299 2714 2354 C.
2745 2331 2815 2340 ——
2839 2300 2906 2368 ⁶¹)

197 2377 312 2438 omn
345 2359 457 2413 BC.
492 2389 562 2397 —-
583 2359 648 2429 ⁸³)
683 2359 874 2438 BCmin‘
910 2375 989 2438 eo.
1022 2391 1091 2403 -ς
1124 2360 1190 2425 ⁸⁵)
1323 2361 1438 2438 fuit.
1465 2393 1536 2400 —
1566 2362 1632 2430 ⁸³)
1676 2359 2126 2438 ςένίὁαιαέὶοηγρδ.
2164 2398 2236 2406 —-
2269 2359 2334 2438 ⁸⁸)
2370 2385 2488 2422 eum
2521 2386 2630 2423 om.
2655 2370 2715 2424 C.
2747 2403 2818 2410 —
2847 2372 2890 2402 "’

2965 2302 3062 2374 sed
3117 2303 3173 2356 in
3218 2304 3390 2374 quiete

2895 2372 2913 2442 )
2944 2373 2984 2427 C
3015 2372 3388 2428 obtinuerit.—

286 2431 330 2513 ᾼ
360 2430 892 2513 εοῃηοδ-ιξριρ-ῖιεξθλΛ
917 2430 1106 2513 ipsum.
1131 2431 1520 2513 —"°_)_guidem
1541 2448 1651 2513 om.
1676 2430 1779 2486 BC.
1816 2436 2011 2513 -.τ-λι)
2157 2430 2451 2513 possederit
2469 2442 2743 2513 grandem.
2776 2472 2843 2481 —-
2863 2430 2931 2511 τί)
2962 2443 3002 2498 C
3041 2445 3294 2513 proferat.
3317 2475 3386 2484 -—

197 2499 257 2583 13)
280 2503 514 2583 (ιρξριιι.
804 2501 844 2553 C
869 2499 977 2551 sole
1010 2501 1128 2583 [ξος.
1155 2531 1225 2540 -
1255 2499 1330 2571 ⁷⁵)
1355 2511 1403 2554 et
1437 2518 1553 2556 om.
1591 2502 1652 2558 C.
1672 2530 1743 2540 —-
1816 2504 1883 2575 ")
1909 2499 2405 2580 Explicit'epistola
2435 2499 2571 2565 ὁὲαιὶ
2606 2512 2864 2567 Macharii
2890 2499 2958 2567 a'd
2985 2499 3266 2583 ﬁlios'om.
3295 2514 3384 2581 A.;

194 2565 320 2626 beati
345 2570 580 2624 Macarii
612 2571 682 2623 ad
703 2565 840 2638 ﬁlios
876 2585 985 2622 om.
1007 2571 1066 2623 C.

1681 2938 1813 3026 II.

586 3153 1174 3248 EPISTOLA
1269 3157 1686 3246 SANCTI
1778 3155 2271 3248 MACABII
2363 3157 2929 3249 AEGYPTII

1267 3347 1431 3410 CUM
1472 3347 1857 3409 VERSIONE
1898 3347 2278 3410 EDITORIS.

1712 3502 1784 3513 —-

614 3637 726 3690 Cod.
754 3651 843 3687 ms.
871 3649 1038 3701 graec.
1066 3636 1176 3687 F01.
1208 3636 1264 3686 l6
1285 3637 1415 3687 Bibl.
1439 3638 1565 3702 Reg.
1595 3639 1936 3691 Berolinensis
1961 3640 2287 3704 bombycinus
2318 3641 2461 3692 Saec.
2492 3654 2560 3692 xu
2584 3641 2665 3692 vel
2689 3654 2774 3691 xui
2805 3639 2893 3688 fol.

174 3750 491 3817 Antecedunt
515 3749 777 3817 epistolam
807 3747 935 3817 inde
957 3747 1018 3817 ab
1066 3745 1208 3817 initio
1228 3747 1409 3817 codicis
1427 3764 1457 3817 ⁸ι
1480 3748 1584 3817 Τοῦ
1608 3751 1744 3817 ὁσίου
1790 3751 1978 3817 Harpe;
1997 3752 2134 3817 ἡμῶν
2151 3750 2423 3817 -Μακαρίοιζ
2437 3750 2528 3817 τοᾷ
2569 3749 2827 3817 Αἰγυπτίου
2869 3746 3387 3817 ὁμιλίαιβνξυματικαδ

119 3815 228 3860 πάνυ
248 3815 431 3875 πολλῆς
456 3810 693 3875 ὠφέλείας
709 3810 1074 3875 πεπληρωμέναι
1097 3810 1202 3870 περὶ
1222 3816 1305 3875 ’ζῇς
1323 3811 1624 3875 ὀφειλομένης
1641 3814 1721 3859 καὶ
1746 3810 2127 3875 σπουδὰζομένης
2151 3810 2447 3875 Χριστιὰνοῖς
2463 3810 2782 3875 τελειὸτὴτοςι
2810 3811 2966 3875 :nnde
2989 3810 3245 3875 epistolam
3267 3812 3392 3862 hanc

123 3875 333 3922 eiusdem
361 3870 573 3934 Macarii
596 3872 830 3934 Aegyptii
853 3870 968 3918 esse
990 3877 1212 3934 apparet.
1237 3870 1513 3924 Notandum
1550 3881 1646 3928 est.
1678 3875 1729 3921 in
1757 3874 1938 3923 codicis
1968 3870 2114 3922 textu
2163 3870 2470 3921 homiliarum
2515 3875 2662 3921 verba
2685 3873 2930 3921 interdum
2957 3870 3190 3934 nonnulla
3215 3885 3389 3921 errore

121 3937 291 4000 librarii
324 3932 774 4000 excidisse,_quod
828 3946 888 4000 au
923 3945 1028 4000 Anon
1060 3933 1212 4000 etiam
1245 3934 1568 4000 irrepistolae
1617 3941 2152 4000 textu_no_nnunquam
2197 3935 2452 3996 acciderit,
2495 3937 2662 3984 dicere
2712 3935 2922 3983 haesito.
2958 3935 3033 3982 De
3065 3932 3234 3982 codice
3276 3934 3389 3984 vide

120 3998 482 4046 Ρμειιοιιειωιι
515 3997 580 4046 ad
604 3993 883 4044 SfMacarii
907 3995 1141 4056 Aegyptii
1170 3993 1408 4043 Homilias
1434 3993 1558 4044 infra
1586 3995 1680 4047 col.
1702 3997 1927 4046 447—548.

125 4147 222 4200 Τοῦ
243 4145 438 4200 αὑτοῦ
484 4144 668 4215 ἁγίου
697 4145 1007 4215 Μακαρίου
1032 4142 1325 4211 ἐπιστολὴ
1350 4142 1582 4214 μεγάλη
1611 4143 1710 4198 καὶ
1739 4148 1781 4207 C
1814 4143 2065 4200 Eiusdem
2097 4146 2269 4199 sancti
2289 4143 2515 4198 Macarii
2558 4143 2778 4214 epistola
2810 4159 3009 4215 magna
3044 4151 3092 4197 et
3121 4143 3384 4214 penditis.

625 4215 786 4268 πάνυ
831 4213 1128 4282 ὠφέλιμος
1155 4215 1219 4281 ²).

182 4307 218 4358 Γ
223 4305 486 4359 ινὼσκειν
538 4303 801 4376 βούλομαι
831 4307 931 4376 τὴν
965 4305 1181 4357 σύνεσίν
1210 4320 1304 4357 σου
1330 4344 1344 4368 ,
1380 4305 1461 4358 ὅτι
1493 4305 1599 4377 χρὴ
1625 4305 1735 4380 τδνγ

116 4398 309 4450 τέλειον
341 4397 528 4467 ἄνδρα
557 4396 933 4466 ἀφιερωμένον
959 4395 1298 4464 τυγχάνοντα
1326 4397 1398 4466 μὴ
1427 4397 1586 4466 μόνον
1616 4399 1713 4450 αὺ-

116 4488 197 4540 τὸν
223 4489 280 4540 ἐν
297 4487 429 4558 Θεῷ
468 4483 640 4548 εἶναι,
674 4486 811 4539 ἀλλὰ
841 4487 933 4539 καὶ
958 4486 1048 4538 τὸν
1067 4487 1199 4542 Θεὸν
1227 4489 1284 4539 ὲν
1321 4487 1490 4558 αὐτῷ·
1525 4487 1713 4551 καθώς

116 4596 268 4647 φησιν
309 4579 340 4630 ὁ
371 4577 609 4647 κύριος·
645 4579 679 4629 ὁ
718 4576 918 4645 μένων
944 4577 1014 4629 ἐν
1044 4577 1211 4645 ἐμοί,
1246 4578 1409 4647 κάγὼ
1435 4578 1506 4630 ἐν
1529 4577 1711 4643 αὐτῷ.

115 4669 185 4722 δεῖ
211 4670 320 4742 γὰρ
366 4671 467 4722 τὸν
513 4667 616 4720 τοῦ
642 4667 786 4722 Θεοῦ
831 4667 1116 4736 ἄνθρωπον
1148 4669 1244 4722 καὶ
1283 4671 1616 4740 παροικῆσαι
1652 4672 1710 4722 ὲν

114 4761 184 4830 τῷ
214 4761 559 4833 σκηνώματι
594 4758 672 4829 τῷ
705 4758 904 4829 Θεῖκῷ,
940 4761 1032 4813 καὶ
1066 4761 1487 4832 κατασκηνῶσαι
1534 4765 1592 4813 ἐν
1631 4760 1710 4832 τῷ

117 4853 246 4923 ἁγίῳ
269 4854 392 4924 ὄρει
426 4853 540 4922 τῆς
576 4852 844 4921 ἀχράντου
879 4851 1150 4922 ϐιότητος,
1188 4853 1273 4906 ἵνα
1307 4854 1380 4924 μὴ
1415 4854 1572 4923 μόνον
1609 4873 1708 4906 πε-

117 4945 300 5014 ριέχων
315 4941 374 5016 ᾗ,
404 4944 559 4997 ἀλλὰ
583 4943 676 4996 καὶ
691 4943 1076 5012 περιεχόμενος
1100 4943 1204 4996 ὑπὸ
1225 4944 1324 5014 τῆς
1346 4944 1503 5015 δόξης
1518 4944 1611 4998 τοῦ
1634 4943 1709 5015 μὴ

117 5037 535 5108 συγχωροῦντος
566 5037 608 5105 ²)
661 5035 1226 5090 καταδυναστεύεσθαι
1289 5037 1394 5090 ὑπὸ
1459 5039 1558 5108 τῆς
1611 5036 1708 5089 τοῦ

118 5132 328 5195 σκότους
347 5128 653 5202 ἐνεργείας
693 5128 800 5181 τῶν
852 5127 1062 5181 παθῶν.
1104 5128 1376 5198 ἁγιασμοῦ
1398 5127 1505 5198 γὰρ
1553 5128 1710 5198 χάριν

116 5222 324 5293 καὶτῆς
347 5224 584 5284 οἰκείας
609 5219 876 5283 ἀπαθείας
900 5222 1099 5274 ἐνοικεῖ
1121 5223 1232 5284 τοῖς
1259 5221 1431 5284 ἀξίοις
1453 5223 1482 5274 ὁ
1505 5222 1706 5290 σωτήρ,

117 5314 195 5368 ἵνα
227 5317 357 5381 καί,
393 5318 479 5379 ὡς
512 5313 682 5375 αὐτὸς
712 5311 930 5383 ἀπαθὴς
962 5311 1227 5384 τυγχάνῃ,
1269 5311 1363 5365 καὶ
1391 5312 1519 5374 τοὺς
1559 5309 1711 5374 δεξα-

1885 4296 2046 4368 199
2071 4296 2416 4368 Cognoscere
2460 4297 2622 4366 cupio
2662 4307 2907 4352 mentem
2946 4306 3117 4361 tuam,
3149 4312 3218 4350 an
3259 4311 3388 4352 cen-

1809 4405 1930 4444 seas
1965 4405 2188 4444 necesse
2226 4405 2345 4444 esse
2385 4388 2665 4460 perfectus
2693 4389 2796 4453 vir,
2826 4389 2920 4459 qui
2961 4389 3033 4443 sit
3075 4389 3384 4446 sanctiﬁca-

1810 4491 1918 4546 tus,
1949 4498 2058 4535 non
2103 4483 2278 4536 solum
2322 4481 2438 4551 ipse
2466 4482 2520 4535 in
2548 4482 2659 4536 Deo
2684 4481 2774 4544 sit,
2809 4481 2906 4536 sed
2936 4491 2991 4536 et
3030 4482 3174 4536 Deus
3200 4481 3256 4536 in
3297 4499 3385 4545 eo,

1810 4570 1952 4624 sicut
1981 4571 2058 4624 ait
2086 4570 2384 4624 Dominus:
2411 4573 2500 4641 qui
2533 4579 2708 4625 manet
2728 4573 2782 4624 in
2804 4588 2905 4636 me,
2942 4581 2990 4624 et
3011 4587 3103 4641 ego
3121 4572 3176 4625 in
3204 4589 3262 4626 eo
3285 4573 3384 4645 (1).

1815 4662 2042 4732 Oportet
2071 4663 2216 4718 enim
2241 4664 2336 4718 Dei
2363 4663 2641 4718 hominem
2671 4672 2725 4718 et
2763 4665 3013 4719 habitare
3045 4665 3099 4718 in
3131 4665 3388 4720 taberna-

1815 4756 1940 4810 culo
1991 4755 2216 4821 divino,
2251 4766 2307 4811 et
2371 4773 2580 4826 ponere
2629 4757 3062 4828 tabernaculum,
3091 4756 3146 4810 in
3199 4767 3391 4814 sancto

1816 4857 2000 4902 monte
2026 4847 2405 4903 immaculatae
2439 4848 2689 4913 Deitatis,
2723 4858 2783 4903 ut
2818 4865 2925 4903 non
2948 4849 3123 4903 solum
3150 4849 3388 4902 circum-

1817 4939 1929 5004 det,
1966 4940 2060 4994 sed
2089 4941 2253 4994 etiam
2281 4941 2650 4995 circumdatus
2675 4941 2746 4996 sit
2771 4940 2942 5011 gloria
2973 4939 3114 5004 eius,
3152 4939 3246 5010 qui
3278 4955 3388 4993 non

1816 5033 2021 5102 patitur
2053 5033 2225 5104 redigi
2269 5049 2396 5087 eum
2440 5035 2543 5088 sub
2579 5042 2904 5103 potestatem
2948 5032 3299 5086 tenebrarum
3327 5047 3390 5087 ac

1816 5111 2151 5193 passionum.
2198 5123 2656 5181 Sanctiﬁcationis
2691 5126 2837 5179 enim
2881 5133 2938 5178 et
2964 5121 3220 5193 propriae
3253 5138 3386 5192 apa-

1815 5215 1962 5270 thiae
2003 5216 2174 5286 gratia
2203 5215 2473 5272 inhabitat
2510 5217 2686 5287 dignis
2713 5216 2981 5280 Salvator,
3005 5224 3086 5278 ut,
3120 5214 3383 5284 quemad-

1817 5308 2040 5362 modum
2059 5309 2172 5380 ipse
2193 5308 2506 5379 passionum
2523 5325 2719 5381 expers
2735 5316 2839 5376 est,
2859 5308 2931 5363 ita
2947 5309 3112 5365 etiam
3131 5307 3274 5375 illos,
3291 5307 3382 5378 qui

1421 5463 1674 5520 VARIAE
1712 5462 2112 5520 LECTIONES.

180 5566 218 5629 ¹)
245 5565 385 5620 Cod.
419 5561 722 5631 ὀςέλιμος.
751 5592 820 5602 -—-
851 5561 894 5631 ⁸)
934 5558 1071 5616 Cod.
1121 5557 1540 5630 συγχοροῦντος.

1651 5715 1898 5775 NOTAE.

186 5821 257 5890 (ι)
282 5822 409 5878 Joh.
445 5820 576 5883 xv,
622 5819 669 5872 δ.
