3948 6550
581 272 681 329 «ιιι
1885 267 1939 323 S.
1982 266 2261 324 MACARII
2299 265 2619 323 AEGYPTll
3677 270 3755 328 £22

578 408 708 448 eum
724 398 1070 462 receperunt,
1101 406 1132 446 λ
1163 389 1507 462 passionibus
1533 388 1751 454 liberet,
1782 388 1889 443 iam
1916 403 2023 443 non
2044 390 2137 460 agi-

2198 400 2230 453 Α
2260 389 2453 457 μένους
2483 387 2646 442 αὐτὸν
2677 386 2906 449 ἀπαθεῖς
2933 383 3350 456 κατασκευάσῃ,
3384 387 3567 455 μηκέτι
3598 388 3757 445 κλυδω.

581 494 724 541 tatos
750 494 807 539 et
847 484 1199 538 circumlatos
1234 482 1429 552 quovis
1464 491 1649 536 vento.
1699 480 1839 536 Sunt
1879 481 2027 535 enim
2057 481 2140 550 qui

2249 478 2562 551 νιζομένους
2595 478 2691 531 καὶ
2722 476 3184 548 περιφερομένους
3212 475 3317 527 ὑπὸ
3356 476 3549 539 παντὸς
3575 478 3756 549 ἀνέμου.

580 594 691 632 non
731 578 893 633 modo
917 576 1019 647 ipsi
1047 577 1239 647 procul
1267 591 1297 629 a
1324 575 1529 631 Christi
1558 573 1834 646 mysteriis
1866 574 2139 643 degentes,

2248 573 2356 626 είσὶ
2379 572 2487 642 γάρ
2515 587 2679 633 τινες,
2710 570 2761 622 οἳ
2788 569 2848 622 ού
2883 570 3041 639 μόνον
3079 558 3235 622 αὐτοὶ
3269 566 3543 638 πόρρωθεν
3571 570 3663 622 τῶν
3686 576 3758 628 τοῦ

578 684 773 725 verum
802 669 968 723 etiam
1005 666 1271 736 proximis
1306 673 1493 734 potum
1526 662 1778 717 sordidae
1808 660 2137 730 corruptelae

2248 661 2483 734 Χριστοῦ
2514 659 2826 731 μυστηρίων
2862 658 3237 728 τυγχάνοντες,
3263 655 3401 711 ἀλλὰ
3425 657 3515 709 καὶ
3535 659 3644 722 τοὺς
3664 660 3763 734 πλη.

582 762 930 833 praebentes,
964 759 1249 814 veritatem
1295 756 1389 811 Dei
1426 756 1491 826 _in
1540 754 1809 809 iniustitia
1846 752 2141 817 detineant,

2252 757 2367 811 σίον
2418 756 2727 821 ποτίζοντες
2767 751 3081 822 ἀνατροπὴν
3118 751 3342 823 ϐολεράν
3368 752 3409 816 ⁸,
3434 750 3529 821 τὴν
3557 752 3763 822 ἀλήθειαν

582 855 639 909 in
664 854 885 924 quibus,
911 852 1107 922 inquit,
1145 850 1307 919 200
1338 848 1476 919 quod
1510 856 1689 902 notum
1716 854 1794 899 est
1812 844 1932 909 Dei,
1968 846 2141 897 mani-

2248 847 2341 901 τοῦ
2362 845 2495 900 Θεοῦ
2522 846 2579 897 ὲν
2605 842 2788 915 ἀδικίᾳ
2811 841 3153 911 κατέχουσιν·
3187 843 3244 894 ὲν
3268 835 3369 905 οἷς,
3405 839 3553 909 φησί,
3572 843 3631 896 τὸ
3654 862 3765 913 γνω-

581 946 772 1017 festum
797 955 868 998 est
884 945 930 1015 (1
951 943 989 1014 ).
1009 943 1143 997 Nam
1169 941 1294 994 vani
1326 941 1381 994 in
1394 937 1818 1009 cogitationibus
1841 936 1954 990 suis
1972 945 2026 990 et
2055 934 2140 989 ob-

2249 939 2402 995 στὸν
2438 938 2546 992 τοῦ
2581 935 2727 990 Θεοῦ
2753 934 3015 1004 φανερόν
3052 931 3241 986 ἐστιν.
3278 931 3658 1002 ματαιωθέντες
3683 935 3764 1007 γᾶρ

580 1035 728 1091 seuri
758 1036 813 1089 in
849 1032 1127 1103 insipienti
1149 1030 1314 1086 corde
1346 1045 1445 1085 suo
1472 1028 1619 1093 facti,
1648 1027 1838 1082 dicunt
1875 1026 2139 1080 naturales

2250 1034 2309 1085 ὲν
2348 1033 2460 1092 τοῖς
2499 1027 2863 1096 διαλογισμοῖς
2894 1024 3097 1086 αὐτῶν,
3138 1023 3232 1076 καὶ
3265 1023 3627 1089 σκοτωθέντες
3657 1033 3766 1083 κατὰ

577 1144 698 1183 esse
715 1136 769 1181 et
787 1142 817 1180 a
841 1126 952 1180 Deo
972 1131 1287 1195 procreatas
1310 1121 1592 1192 passiones
1620 1119 1973 1190 ignominiae,
1992 1117 2136 1171 volu-

2248 1122 2346 1193 τὴν
2380 1120 2635 1174 ἀσύνετον
2665 1116 2843 1185 αὐτῶν
2884 1107 3126 1187 καρδίαν,
3160 1116 3426 1184 φάσκουσι
3454 1117 3643 1185 φυσικά
3660 1112 3767 1175 εἶναι

580 1225 785 1287 ptatcm
833 1216 1055 1283 inquam
1081 1211 1469 1283 corruptionis,
1506 1218 1561 1265 et
1593 1210 1835 1264 animum
1866 1208 2139 1273 iniustum,

2250 1212 2344 1265 καὶ
2377 1213 2441 1263 ὲκ
2465 1210 2599 1262 Θεοῦ
2625 1205 3042 1276 γεγενῆσθαιτά
3065 1204 3214 1274 πάθη
3242 1206 3342 1275 τῆς
3366 1206 3599 1276 ἀτιμίας,
3618 1210 3768 1281 ἡδονὴν

581 1310 717 1365 iram
750 1309 1087 1371 indecoram,
1130 1322 1240 1361 non
1277 1304 1578 1361 secundum
1617 1304 1787 1359 Deum
1821 1312 2044 1366 motam,
2096 1311 2140 1355 el

2250 1302 2392 1372 λέγω
2427 1302 2654 1374 φθορᾶς,
2689 1301 2783 1354 καὶ
2816 1299 2985 1370 θυμὸν
3017 1299 3222 1364 ἄδικον,
3260 1299 3432 1372 ὀργὴν
3463 1302 3685 1373 ἀπρεπῆ,
3713 1306 3766 1375 μὴ

578 1398 684 1453 alia
708 1396 1001 1451 eiusmodi.

2250 1395 2391 1448 κατὰ
2415 1397 2550 1452 Θεὸν
2578 1393 2928 1463 κινουμένην,
2965 1392 3057 1444 καὶ
3086 1392 3188 1445 ὃσα
3223 1392 3466 1445 τοιαῦτα.

646 1488 756 1542 Nos
787 1488 951 1557 igitur
979 1494 1033 1539 et
1058 1485 1179 1540 illos
1204 1493 1258 1537 et
1282 1498 1443 1538 voces
1465 1498 1653 1537 eorum
1681 1491 1935 1551 tanquam
1957 1496 1986 1534 a
2019 1496 2150 1551 pro-

2332 1487 2521 1557 Ἡμεῖς
2551 1486 2731 1539 τοίνυν
2760 1483 2955 1548 αὐτούς
2984 1502 3045 1537 τε
3075 1484 3169 1538 καὶ
3198 1484 3299 1548 τὰς
3326 1483 3507 1554 φωνὰς
3535 1485 3694 1538 αὐτῶν
3714 1488 3769 1551 ὡς

579 1580 756 1651 posito
777 1580 1096 1634 aberrantes
1113 1576 1307 1630 missos
1325 1574 1606 1637 facientes,
1628 1573 2039 1628 consideremus
2080 1573 2138 1626 li-

2251 1580 2522 1652 ὲκτροπάς
2573 1578 2855 1643 ἐάσαντες,
2902 1576 3215 1648 ὲπιγνῶμεν
3258 1576 3358 1647 τὴν
3404 1576 3637 1631 δοθεῖσαν
3669 1581 3768 1649 ἡμῖν

578 1673 808 1727 bertatis
839 1669 1128 1725 arbitrium
1179 1667 1248 1720 ab
1282 1682 1347 1721 eo
1379 1666 1537 1721 nobis
1564 1665 1749 1719 datum
1781 1664 1876 1733 qui
1903 1663 2137 1718 condidil

2250 1674 2345 1744 τῆς
2380 1673 2690 1744 ἐλευθερίας
2726 1671 3171 1741 αὐτεξουσιότητα
3210 1669 3362 1741 παρά
3401 1668 3498 1722 τοῦ
3536 1670 3769 1737 κτίσαντος

536 1758 549 1765 ⁷
578 1777 698 1826 nos,
734 1769 794 1814 ut
824 1760 878 1813 in
918 1766 1104 1812 nostra
1146 1764 1410 1826 potestate
1444 1756 1515 1810 sit
1554 1764 1609 1809 et
1628 1755 1853 1810 meliora
1893 1761 2095 1825 appete]

2212 1742 2433 1835 ιἡμᾶς,
2486 1742 2582 1816 ἵνα-
2619 1762 2703 1833 ἐφ’
2754 1766 2883 1834 ἡμῖν
3011 1763 3072 1816 τὸ
3114 1762 3157 1833 ³)
3201 1767 3297 1817 καὶ
3338 1762 3445 1817 τῶν
3499 1766 3771 1834 κρειττόνων

574 1859 634 1908 et
669 1867 700 1905 a
740 1850 1023 1921 peioribus
1058 1849 1357 1904 abstinere.
1396 1848 1581 1917 Neque
1612 1846 1759 1902 enim
1786 1847 1961 1901 iustus
1986 1846 2133 1900 iudex

2250 1857 2568 1929 ὀρέγεσθαι,
2600 1858 2695 1911 καὶ
2730 1859 2839 1912 τῶν
2868 1858 3125 1929 χειρόνων
3160 1856 3482 1929 ἀπέχεσθαι.
3513 1858 3571 1911 ού
3607 1858 3701 1929 γὰρ
3725 1860 3772 1911 ἂν

573 1944 797 2016 puniret
815 1958 916 1999 nos
929 1942 1277 2012 passionibus
1298 1939 1567 2004 subditos,
1592 1939 1636 1993 si
1657 1939 1771 2008 ipse
1791 1947 1937 1993 esset
1957 1952 2132 1993 earun

2249 1951 2277 2003 6
2301 1950 2509 2013 δίκαιος
2547 1949 2739 2021 κριτὴς
2783 1949 3039 2014 ἐκόλαζεν
3065 1950 3211 2021 ἡμᾶς
3250 1950 3661 2020 ἑνεργουμὲνους
3696 1950 3773 2003 ὑπὸ

590 2044 802 2091 auctor.
842 2035 1045 2105 Apage,
1103 2034 1303 2097 iubeo,
1358 2047 1548 2102 apage,
1590 2046 1770 2101 neque
1807 2030 1863 2085 in
1908 2042 2147 2085 mentem

2248 2043 2357 2096 τῶν
2383 2042 2589 2107 παθῶν,
2614 2043 2770 2114 εῐπερ
2791 2037 2860 2114 ἦν
2893 2041 3052 2105 αὐτὸς
3084 2042 3263 2095 αὐτῶν
3296 2042 3546 2112 ποιητής.
3601 2040 3767 2111 ἄπαγε.

572 2128 782 2182 venias.
819 2124 1198 2181 Abominanda
1239 2125 1386 2179 enim
1432 2123 1578 2178 omni
1612 2123 1733 2193 piae
1774 2122 1941 2177 menti
1982 2137 2131 2192 prav:

2248 2133 2572 2207 παρακαλῶ,
2596 2135 2796 2203 ἄπαγε,
2833 2134 2967 2205 μηδὲ
2998 2135 3078 2198 είς
3100 2133 3305 2187 ἔννοιαν
3327 2132 3509 2204 ἔλθῃς’
3534 2133 3774 2203 βδελυκτὺν

575 2220 668 2274 illa
705 2227 761 2274 et
782 2219 945 2273 stulta
966 2218 1235 2272 doctrina.
1267 2216 1401 2271 Nam
1438 2216 1767 2269 mundarum
1797 2223 1853 2268 et
1872 2213 2031 2267 valde
2052 2213 2134 2267 bo

2245 2230 2355 2302 γάρ
2386 2229 2565 2300 πάσεης
2605 2229 2860 2293 εὐσεϐοῦς
2903 2229 3143 2292 διανοίας
3187 2228 3249 2282 τὸ
3291 2229 3492 2283 ἄτοπον
3532 2228 3675 2283 τοῦτο
3706 2234 3774 2285 καὶ

574 2326 769 2366 narum
808 2318 1125 2364 naturarum
1153 2306 1333 2377 opifex
1368 2308 1530 2371 Deus,
1553 2307 1695 2361 sicut
1720 2306 1999 2377 praedicat
2019 2305 2133 2376 Spi-

2244 2319 2438 2394 εὔηθες
2468 2321 2663 2393 δόγμα.
2698 2320 2953 2392 καθαρῶν
2982 2319 3091 2392 γὰρ
3121 2320 3215 2374 κο.)⁸
3243 2320 3366 2374 λίαν
3393 2320 3575 2375 καλῶν
3600 2322 3774 2390 φύσεων

574 2402 717 2456 ritus
751 2410 975 2456 sanctus
999 2399 1054 2453 in
1109 2398 1300 2452 mundi
1346 2398 1815 2453 creatione:Ecce
1858 2399 2019 2462 enim,
2058 2398 2133 2451 in-

2243 2414 2575 2486 δημιουργὸς
2595 2416 2623 2466 6
2643 2413 2794 2477 Θεόςο
2816 2411 2999 2475 καθὼς
3024 2412 3329 2483 διαγορεύει
3347 2412 3408 2466 τὸ
3426 2412 3581 2481 ἅγιον
3601 2414 3775 2484 πνεῦμα

573 2496 715 2565 quit,
765 2500 953 2546 amota
974 2488 1127 2544 valde
1149 2489 1283 2543 bona
1314 2488 1412 2561 (2).
1442 2489 1705 2544 Jeremias
1730 2496 1911 2543 autem
1953 2490 2132 2558 lugens

2244 2507 2302 2559 ὲν
2344 2509 2410 2577 τῇ
2457 2506 2801 2576 κοσμοποιῖᾳ·
2842 2504 2971 2559 ἰδοὺ
3025 2505 3155 2576 γάρ,
3206 2505 3367 2575 φησί,
3419 2504 3613 2558 πάντα
3653 2508 3774 2557 καλὰ

572 2597 633 2642 et
668 2584 957 2653 ambigens
995 2582 1062 2636 de
1109 2580 1426 2650 passionum
1472 2580 1768 2651 ignominia
1815 2598 1829 2633 :
1865 2580 2131 2645 Dominus,

2241 2599 2401 2652 λίαν.
2416 2596 2681 2669 Ἱερεμίας
2711 2596 2767 2649 δὲ
2804 2595 3125 2667 ὀδυρόμενος
3166 2597 3262 2650 καὶ
3294 2594 3647 2667 ἀμφισϐητῶν
3678 2598 3776 2664 περὶ

574 2679 770 2747 inquit,
795 2694 899 2731 non
932 2677 1061 2730 dixit
1084 2693 1101 2730 :
1127 2675 1252 2741 Quis
1276 2683 1350 2727 est
1372 2673 1470 2727 iste
1489 2674 1577 2742 qui
1594 2674 1723 2726 dixit
1754 2682 1811 2725 ut
1836 2673 2006 2742 ﬁeret,
2032 2673 2133 2728 Do-

2239 2690 2338 2759 τῆς
2358 2688 2467 2740 τῶν
2492 2687 2682 2741 παθῶν
2704 2687 2948 2758 ἀτιμίας·
2971 2688 3196 2756 κύριος,
3226 2687 3381 2758 φησί,
3404 2690 3521 2743 οὐκ
3546 2683 3685 2741 εἷπε·
3708 2689 3778 2751 τίς

572 2774 714 2826 mino
738 2788 841 2825 non
862 2770 1070 2823 iubente
1096 2768 1223 2823 ?Ea:
1266 2783 1354 2821 ore
1372 2765 1629 2821 Altissimi
1662 2783 1766 2819 non
1811 2766 2131 2836 egredientu:

2240 2776 2426 2841 οὕτως
2450 2776 2470 2807 ³
2490 2772 2621 2829 εἶπε
2644 2776 2741 2830 καὶ
2775 2774 3028 2844 ἐγενήθη
3049 2791 3067 2838 ;
3086 2775 3287 2844 κύριος
3312 2776 3422 2829 οὐκ
3456 2775 3774 2836 ἐνετείλατο,

573 2862 742 2926 mata,
764 2862 854 2915 sed
886 2860 1019 2914 bona
1046 2859 1145 2930 ('5).
1173 2859 1241 2913 Et
1268 2859 1472 2913 iterum
1501 2856 1855 2927 interrogatio
1878 2856 1931 2910 in
1965 2858 2132 2912 Evan-

2238 2867 2307 2919 ἐκ
2340 2867 2634 2935 στόματος
2662 2866 2926 2934 ὑψίστου
2958 2867 3068 2919 οὐκ
3099 2864 3481 2928 ἐξελεύσεται
3514 2864 3585 2917 τὰ
3622 2863 3776 2924 κακά,

571 2953 714 3022 gelio
746 2951 815 3005 ad
844 2952 1136 3006 Dominum
1165 2950 1235 3004 ab
1283 2948 1747 3005 intellectualibus
1777 2948 2130 3018 potestatibus

2242 2958 2405 3013 ἀλλὰ
2430 2959 2501 3011 τὰ
2529 2956 2737 3025 ἀγαθά.
2776 2958 2870 3010 καὶ
2901 2952 3053 3019 αὖθις
3082 2958 3116 3026 ή
3149 2958 3207 3009 ὲν
3238 2954 3315 3025 τῷ
3344 2955 3645 3024 εὐαγγελίῳ
3672 2954 3778 3025 πρὸς

572 3042 732 3097 facta.
751 3042 990 3107 Domine,
1009 3041 1182 3106 aiunt,
1208 3057 1377 3095 nonne
1396 3040 1585 3093 bonum
1599 3055 1774 3092 semen
1793 3040 2062 3093 seminasti
2082 3041 2131 3092 in

2243 3047 2333 3100 τὸν
2358 3046 2544 3119 κύριον
2571 3044 2907 3117 ἐπερώτησις
2922 3046 3029 3099 τῶν
3049 3045 3279 3113 λογικῶν
3302 3045 3602 3115 δυνάμεων
3622 3046 3772 3111 κύριε.

573 3152 704 3207 agro
729 3146 815 3189 tuo
846 3136 870 3189 ἒ)
893 3134 1037 3189 Unde
1060 3135 1188 3188 haec
1210 3132 1414 3187 zizania
1442 3130 1516 3201 (4)
1538 3132 1561 3184 ?
1580 3130 1723 3185 Alibi
1741 3145 1873 3185 vero
1896 3129 2132 3185 Salvator

2244 3138 2428 3207 φησίν,
2456 3140 2527 3191 οὐ
2548 3139 2739 3191 καλὸν
2765 3137 3000 3207 σπέρμα
3022 3137 3305 3205 ἔσπειρας
3322 3136 3390 3190 ἐν
3410 3138 3495 3202 τῷ
3516 3136 3604 3202 σῷ
3620 3135 3776 3205 ἁγνῶς

572 3227 688 3297 ipse
726 3226 794 3281 de
844 3224 1037 3279 iisdem
1097 3224 1231 3278 dicit
1267 3241 1280 3275 :
1315 3221 1492 3277 Omnis
1524 3220 1810 3291 plantatio,
1846 3238 2004 3291 quam
2045 3238 2131 3274 no:

2243 3231 2427 3283 πόθεν
2450 3228 2623 3282 τοῦτο
2652 3229 2718 3281 τὸ
2753 3226 3033 3292 ὔζάνιον;
3077 3227 3302 3299 ἑτέρωθι
3326 3228 3381 3282 δὲ
3402 3228 3569 3291 αὐτὸς
3584 3231 3610 3282 6
3631 3228 3775 3298 σωτὴρ

571 3318 993 3391 plantavitPater
1008 3314 1619 3379 coelestis,eradicabitur
1635 3312 1965 3385 (5).Omnem
1979 3315 2123 3369 enim

2244 3319 2375 3390 napi.
2402 3320 2509 3372 τῶν
2538 3318 2718 3372 αὐτῶν
2745 3336 2878 3389 φησι
2903 3335 2917 3349 ’
2949 3318 3116 3373 πᾶσα
3148 3321 3380 3388 φυτεία,
3408 3318 3496 3388 ἣν
3526 3322 3632 3375 οὐκ
3660 3321 3776 3391 ἐφύ-

590 3432 730 3487 quae
757 3431 826 3472 ex
869 3417 980 3470 Deo
1020 3416 1111 3478 sit,
1154 3412 1545 3484 plantationem
1587 3426 1708 3466 esse
1743 3411 1942 3465 bonam
1980 3420 2149 3466 testa-

2244 3426 2462 3466 τευσεν
2488 3412 2521 3464 ὁ
2551 3410 2746 3478 πατὴρ
2776 3412 2808 3465 ό
2837 3410 2907 3463 ἐν
2930 3410 3054 3476 τοῖς
3085 3410 3390 3479 οὐρανοῖς,
3421 3410 3774 3480 ἑκριζωθήσε-

570 3516 664 3563 tur
711 3508 930 3572 Paulus,
952 3508 1007 3561 in
1031 3522 1139 3577 quo
1181 3504 1432 3561 Christus
1461 3503 1747 3572 loquitur:
1796 3502 1933 3568 Quia
1972 3504 2129 3556 omni:

2243 3514 2357 3551 ται.
2391 3498 2513 3550 Ὅτι
2545 3496 2651 3568 γάρ
2672 3498 2819 3551 πᾶσα
2858 3498 2893 3568 ή
2925 3499 2990 3552 ὲκ
3016 3500 3153 3554 Θεοῦ
3178 3500 3371 3568 φυτεία
3399 3501 3578 3572 καλή,
3610 3518 3775 3572 μαρτυ-

570 3608 814 3654 creatura
838 3599 934 3652 Dei
966 3600 1101 3652 bona
1129 3606 1203 3651 est
1231 3596 1326 3669 (6).
1354 3596 1396 3650 E
1418 3594 1620 3666 quibus
1644 3594 1905 3666 intellige,
1928 3605 2129 3651 nostra:

2249 3592 2332 3661 ρεῖ
2360 3588 2590 3654 Παῦλος,
2621 3592 2679 3642 ὲν
2714 3585 2759 3659 ᾧ
2788 3592 2817 3647 6
2845 3591 3076 3663 Χριστὸς
3111 3592 3286 3645 λαλεῖσ
3321 3593 3409 3647 ὅτι
3445 3594 3571 3649 πᾶν
3594 3596 3776 3664 κτίσμα

568 3705 680 3745 non
717 3705 836 3744 esse
860 3689 1145 3759 passiones
1184 3688 1240 3741 in
1279 3686 1439 3741 nobis
1480 3685 1809 3749 reconditas,
1857 3684 1954 3740 sed
2007 3685 2127 3739 alie-

2235 3681 2384 3737 Θεοῦ
2416 3682 2622 3737 καλόν.
2668 3682 2899 3750 γίνωσκε
2930 3684 3127 3749 τοίνυν,
3163 3684 3237 3755 μὴ
3277 3685 3523 3758 ἡμέτερα
3561 3682 3687 3740 εἷναι
3723 3687 3774 3738 τὰ

569 3797 687 3837 nas.
711 3782 845 3836 Nam
871 3800 883 3834 :
908 3780 971 3834 ab
995 3779 1208 3833 occultis
1233 3781 1382 3843 meis,
1407 3778 1605 3848 inquit,
1632 3778 1830 3831 munda
1862 3794 1966 3841 me,
1996 3787 2045 3831 et
2072 3778 2128 3831 ab

2247 3775 2768 3846 ὲναποκεκρυμμένα
2807 3778 2941 3847 ἡμῖν
2987 3777 3155 3846 πάθη,
3190 3778 3325 3832 ἀλλὰ
3352 3778 3393 3846 ⁴⁵)
3434 3778 3697 3850 ἀλλότρια.
3723 3780 3774 3831 ἐκ

570 3872 756 3926 alienis
802 3887 959 3943 parce
996 3886 1142 3924 servo
1167 3880 1254 3922 tuo
1282 3868 1378 3939 (7).
1403 3869 1469 3922 Et
1495 3887 1507 3921 :
1533 3868 1703 3923 Alieni
1738 3870 2129 3921 insurrexerunt

2245 3862 2365 3917 τῶν
2397 3866 2665 3933 κρυφίων
2685 3883 2804 3934 μου
2837 3867 2967 3937 γάρ,
3003 3868 3156 3938 φησί,
3198 3868 3531 3937 καθάρισον
3562 3888 3665 3940 με,
3700 3871 3771 3922 καὶ

571 3963 847 4016 adversum
872 3978 972 4025 me,
990 3970 1038 4015 et
1055 3962 1210 4031 fortes
1236 3961 1573 4030 quaesierunt
1603 3961 1839 4013 animam
1864 3959 2130 4030 meam(8).

2244 3957 2360 4011 ἀπὸ
2393 3958 2723 4026 ἀλλοτρίων
2758 3958 2959 4027 φεῖσαι
2988 3961 3091 4015 τοῦ
3126 3961 3349 4016 δούλου
3377 3978 3521 4017 σου.
3552 3964 3665 4016 καί·
3690 3964 3773 4015 ἁλ-

569 4052 672 4107 Et:
699 4053 907 4115 Iudico,
926 4051 1411 4115 Domine,nocentes
1436 4066 1535 4115 me,
1562 4066 1802 4120 expugna
1826 4051 2128 4121 impugnan-

2242 4050 2465 4117 λότριοι
2485 4049 2909 4118 ἐπανέστησαν
2925 4052 3016 4105 ἐπ’
3039 4062 3162 4122 εμὲ,
3192 4054 3286 4107 καὶ
3313 4055 3578 4123 «pararat
3607 4054 3772 4120 ἐζήτηο

570 4150 644 4195 tes
669 4158 749 4195 me
795 4139 892 4211 (9).
918 4139 1261 4209 Quaeﬁgitur
1286 4139 1520 4203 occulta,
1562 4138 1650 4192 vel
1669 4138 1764 4207 qui
1796 4146 2059 4193 nocentes
2082 4148 2129 4194 el

2244 4157 2366 4195 σαν
2406 4142 2522 4210 τὴν
2566 4144 2778 4223 ψυχήν
2820 4163 2958 4213 μου.
3007 4146 3122 4199 καί·
3170 4145 3443 4213 δίκασαν,
3466 4148 3645 4217 κύριε,
3662 4145 3773 4207 τοὺς

570 4232 973 4302 impugnantcs,
1031 4231 1119 4284 vel
1157 4230 1252 4299 qui
1299 4230 1454 4298 201
1518 4229 1713 4292 alieni,
1751 4228 1858 4284 nisi
1901 4230 2129 4285 malitiae

2242 4232 2598 4301 ἀδικοῦντάς
2620 4252 2716 4304 με,
2744 4236 3093 4306 πολέμησον
3112 4238 3253 4305 τοὺς
3278 4236 3684 4307 πολεμοῦντάς
3697 4252 3771 4305 με.

571 4323 798 4393 spiritus
830 4322 1033 4378 Christi
1063 4322 1365 4377 virtutibus
1406 4321 1685 4391 oppositi?

2241 4324 2294 4378 τί
2333 4322 2426 4380 οῦν
2461 4326 2529 4380 τὰ
2560 4327 2787 4397 κρύφια,
2820 4328 2853 4400 ἢ
2895 4329 3039 4393 τίνες
3070 4333 3119 4384 οἱ
3151 4330 3467 4394 ἀδικοῦντες
3516 4333 3607 4385 καὶ
3650 4329 3773 4383 πολε-

572 4420 821 4490 μοῦντες,
875 4420 909 4491 ἢ
937 4420 1081 4483 τίνες
1110 4420 1159 4472 οἱ
1218 4417 1505 4486 ἀλλότριοι,
1535 4418 1581 4470 εί
1639 4417 1713 4488 μὴ
1774 4417 1843 4470 τά
1869 4420 1968 4488 τῆς
2000 4420 2259 4490 πονηρίας
2290 4421 2572 4493 πνεύματα
2598 4424 2666 4477 τὰ
2692 4425 3034 4496 ἀντικείμενα
3070 4429 3187 4491 ταῖς
3216 4427 3452 4499 Χριστοῦ
3484 4428 3719 4500 ἁρεταῖς;

641 4546 873 4601 Attende
922 4546 1248 4618 diligenter,
1281 4547 1742 4616 quemadmodum
1791 4561 1847 4605 et
1918 4551 2006 4605 lex
2050 4550 2137 4605 di-
2171 4548 2200 4605 I

2213 4561 2219 4595 ⁵
2313 4556 2549 4628 Πρόσεχε
2577 4558 2839 4627 ἀκριϐῶς,
2864 4560 3010 4624 ὅπως
3040 4562 3132 4615 καὶ
3155 4563 3183 4615 6
3207 4562 3368 4633 νόμος
3392 4562 3679 4634 διαρρήδην
3698 4560 3772 4630 βοᾷ

569 4649 715 4695 serte
771 4638 1015 4694 clamitet
1070 4640 1138 4694 de
1188 4640 1468 4696 interioris
1540 4641 1776 4697 hominis
1821 4642 2128 4697 munditia:

2244 4652 2370 4721 περὶ
2406 4652 2505 4722 τῆς
2541 4653 2682 4705 κατὰ
2707 4654 2798 4707 τὸν
2825 4653 2933 4706 ἔσω
2979 4655 3263 4726 ἄνθρωπον
3304 4656 3691 4727 καθαρότητος·
3717 4655 3771 4706 οὐ

568 4732 687 4789 Non
729 4734 1045 4805 usurpabis,
1090 4733 1187 4799 ait,
1232 4750 1419 4789 nomen
1458 4734 1669 4789 Domini
1716 4734 1813 4789 Dei
1854 4736 1930 4789 tui
1997 4736 2127 4805 [rw

2235 4739 2440 4808 λήψῃ,
2480 4741 2634 4813 φησί,
2678 4743 2745 4796 τὸ
2779 4742 2965 4813 ὄνομα
2995 4746 3207 4814 κυρίου
3242 4743 3352 4801 τοῦ
3372 4747 3525 4802 Θεοῦ
3554 4764 3665 4801 σου
3695 4743 3773 4797 ἐπι

1860 4876 2112 4934 VARIAE
2150 4878 2550 4937 LECTIONES.

658 4964 699 5035 ⁸)
736 4961 872 5019 Cod.
904 4960 1215 5043 ἀνατροπὴν
1257 4961 1508 5044 ρολερὰν.
1542 4963 1597 5015 ot’
1621 4980 1766 5027 τινες
1810 4966 1995 5044 τήν-κ.
2036 4986 2087 5024 τ,
2124 4970 2171 5023 λ.
2204 4969 2307 5044 Ubi
2338 4972 2484 5027 haud
2522 4972 2688 5027 dubie
2726 4988 2881 5027 error
2908 4972 3100 5028 calami
3140 4972 3379 5043 irrepsit.
3420 4974 3549 5029 Sive
3584 4974 3716 5029 enim

566 5034 758 5113 οἵτινες
795 5034 1044 5113 corrigif.
1080 5034 1193 5113 θίγε
1215 5034 1277 5113 εἴ
1302 5051 1445 5096 τινες
1473 5034 1512 5086 ἱ.
1561 5047 1611 5087 e.
1655 5054 1673 5085 ‹
1709 5051 1806 5113 vae
1831 5034 2355 5113 q'uidamiretines,
2393 5045 2495 5097 hae
2545 5058 2709 5098 voces
2762 5045 3034 5112 quomodo
3072 5034 3554 5099 nexui'orationis
3602 5060 3717 5099 eon-

565 5107 807 5184 veniant,
847 5117 958 5184 non
988 5104 1179 5184 liquet.
1209 5104 1510 5184 Quareﬁllt
1538 5115 1660 5184 PQSI
1706 5104 1929 5184 βολερριν
1952 5104 2421 5184 excidisseverba
2457 5115 2749 5177 nonnulla,
2780 5104 2877 5167 aut
2913 5130 3018 5168 vox
3075 5118 3268 5180 οἵτινες
3318 5115 3580 5184 (οἵτινες),
3616 5117 3718 5169 sive

567 5176 853 5257 relativum
892 5174 1141 5257 oi,quod
1170 5173 1484 5257 antecedit,
1528 5173 1758 5256 delenda
1789 5173 2155 5235 videntur.-—-
2205 5181 2246 5253 ')
2265 5184 2446 5249 Coni.,
2479 5184 2602 5239 cod.
2634 5173 2754 5252 ἤτω
2776 5214 2846 5223 -
2865 5186 2906 5255 ⁸)
2927 5185 3109 5251 Corr.,
3132 5173 3264 5243 cod:
3291 5173 3465 5249 οὗτος.
3488 5173 3619 5257 ἐκ)
3639 5186 3717 5241 Sic

567 5248 623 5303 in
651 5246 842 5303 codice
880 5244 999 5299 sine
1030 5245 1384 5316 apostrOpho,
1421 5256 1482 5300 ut
1518 5246 1739 5317 passim.
1824 5271 1843 5286 ο

2083 5392 2331 5451 NOTAE.

662 5476 713 5558 ι)
752 5475 1083 5558 nom._t,1_9_.
2314 5488 2387 5558 (6)
2416 5490 2431 5543 ι
2463 5490 2605 5544 Τιπι.
2629 5490 2716 5553 IV,
2742 5492 2797 5553 ι,

654 5488 723 5617 ἐξ.
749 5488 971 5616 ἕξει.Ιᾷ
996 5488 1083 5600 132:.
2314 5488 2387 5632 (δὲ
2416 5490 2431 5543 1
2463 5490 2605 5544 Τιπι.
2629 5490 2797 5573 ινηι,

654 5596 722 5635 ηε
760 5617 823 5635 ..η
1222 5618 1289 5635 ..-
1350 5619 1417 5635 ,η
2312 5562 2365 5635 (ῖ
2411 5560 2611 5635 esum.
2636 5561 2940 5635 mw-
2973 5563 3061 5618 η.

704 5617 718 5686 )
752 5617 1309 5700 Ῑιιῐςηκξῑῑιδίὶὲλ
1350 5619 1436 5674 '53-
2313 5617 2387 5700 (8)
2419 5632 2615 5685 Psalm.
2658 5632 2790 5695 Lm,
2810 5617 2876 5687 '5.

630 5639 718 5771 ᾆξ’
752 5639 1309 5771 simul???"
1351 5639 1436 5674 ω’
2646 5639 2882 5769 ﬁliis,
2903 5704 2955 5757 ι.

634 5756 716 5833 (5)
744 5756 940 5829 Matth.
968 5757 1080 5823 xv,
1112 5757 1196 5810 ιδ.
