3948 6540
167 355 264 412 4Ιὸ

1595 319 1996 380 EPISTOLAE.

3263 295 3379 356 ιιι

163 487 392 564 ματαίῳο
417 483 486 534 οὐ
505 479 615 548 γὰρ
638 474 724 546 μὴ
752 463 1065 564 ειιαθαρίσειΔ
1094 461 1434 564 napi-cietur
1459 457 1708 564 καρδίαι·

1836 474 1939 522 ra;
2009 469 2174 524 neque
2234 454 2373 506 enim
2435 450 2708 504 mundabit
2775 448 3030 502 Dominus
3088 463 3177 500 cor
3226 447 3376 508 eius,

1886 551 1900 563 .
2258 563 2280 564 η
2358 561 2470 564 Ad---
2489 560 2536 564 ___
2575 544 2672 564 Α---
2721 543 3048 564 -----,μ..--..2ι
3081 540 3152 564 [ιι
3199 537 3376 564 nn--.‘

164 546 676 642 :oﬁjapwrorroc
699 563 766 617 τὸ
787 563 972 630 ὄνομα
999 555 1184 612 αὐτοῦ
1215 552 1312 608 ἐπὶ
1339 549 1590 642 ματαίῳἶ
1625 546 1708 600 διδ

166 671 248 730 καὶ
267 671 296 721 ό
342 640 630 720 ἀπόστολος
651 655 836 725 σαφῶς
851 653 1104 723 παραινεῖ
1124 648 1364 718 φάσκων·
1379 640 1710 720 καθαρίσω-

161 780 264 835 μεν
313 753 558 818 ἑαυτοὺς
605 747 722 805 ἀπὸ
771 744 995 810 παντὸς
1034 735 1356 835 ﬂexuram-17
1405 735 1477 835 ρύ
1519 731 1712 835 μόνον

161 823 393 924 σαρκός,
415 845 573 903 ἀλλὰ
605 841 703 897 καὶ
729 839 1083 906 πνεύματος.
1115 832 1209 886 καὶ
1233 823 1712 924 ἑτέρωθιολὲρρανο

159 911 450 1012 τισμέέὸι,
485 932 648 1005 φησί,
696 929 810 997 τὴν
853 924 1101 993 καρδίαν
1139 921 1256 975 ἀπὸ
1308 911 1712 1012 συνειδήσεως

159 1003 434 1099 ποκηρᾶς.
467 1003 563 1080 καί
593 1023 782 1077 πάλιν·
842 1018 1180 1081 ὁλόκληρον
1208 1008 1376 1078 ὑμῶν
1418 1005 1485 1059 τὸ
1521 1003 1712 1099 σῶμα,

159 1129 221 1182 τὸ
253 1095 484 1190 πκώμα
512 1116 607 1172 καὶ
642 1116 678 1183 ἠ
700 1110 906 1181 ψυχῆς
920 1106 1233 1176 ἀμέμπτως
1259 1095 1710 1190 διαφυλαχθείη.

161 1219 266 1281 καίσ
296 1185 676 1281 ἵνα-γένησθε
697 1203 873 1256 τέκνα
887 1195 1036 1255 Θεοῦ
1063 1193 1364 1263 ἀμώμητα.
1394 1189 1508 1281 ὅσοι
1537 1185 1716 1281 τοίνυν

163 1278 440 1385 βούλονται.
455 1302 554 1371 τῆς
579 1296 849 1357 υἱοθεσίας
873 1289 1186 1385 ἀξιωθῇναι,
1205 1284 1265 1385 ού
1289 1280 1530 1385 τδσῶμα
1560 1278 1717 1385 μόνρν

161 1370 314 1473 αγνὺν
359 1388 665 1471 [ἐχόντων]
697 1388 761 1455 ¹),
807 1383 944 1437 ἀλλὰ
981 1380 1076 1433 καὶ
1113 1377 1210 1449 τὴν
1235 1374 1413 1445 ψυχὴν
1451 1370 1590 1473 κατὰ
1624 1370 1717 1472 τδν

159 1461 379 1562 λέγοντα
393 1504 412 1562 '_
432 1461 743 1555 per-nonem
774 1478 811 1545 ὴ
853 1473 1066 1541 καρδία
1088 1486 1215 1562 μου
1237 1468 1472 1562 ἄμωμος
1503 1461 1720 1562 ἐπι-,τρίς

159 1551 502 1648 δικαιώμέισί
545 1587 660 1628 σου
683 1611 696 1632 ,
739 1569 898 1629 ὅπως
928 1563 1004 1618 ἂν
1028 1560 1114 1631 μὴ
1160 1554 1500 1648 αίσχυνθῷ.
1540 1554 1589 1648 oi
1621 1551 1720 1648 μὲν

113 1663 118 1666 ’
161 1678 262 1748 γὰρ
288 1641 392 1726 suis
415 1668 577 1738 νόμον
602 1663 671 1716 τὰ
695 1660 794 1730 τῆς
823 1655 1021 1728 σαρκὸς
1045 1648 1388 1748 δικαιώματα
1415 1641 1722 1748 ἐπιτελορῢνῖ

1808 551 1900 620 qui
1923 565 2082 619 super
2102 564 2158 600 re
2184 563 2324 601 vana
2353 560 2540 598 nomen
2566 544 2674 597 eius
2713 543 3048 612 assumpserit
3079 540 3175 610 (1).
3199 537 3378 604 Quare

1807 647 1866 694 et
1918 639 2208 710 Apostolus
2245 645 2432 707 aperte
2480 643 2665 690 monet
2685 633 2906 688 dicens:
2938 630 3245 685 Mundemus
3284 646 3382 684 nos

1809 728 1874 782 ab
1919 729 2062 783 omni
2107 729 2506 798 inquinamento
2562 742 2667 780 non
2721 723 2896 778 carnis
2937 721 3144 786 solum,
3199 720 3290 774 sed
3329 727 3382 772 et

1809 820 2025 890 spiritus
2065 817 2162 891 (2).
2209 817 2277 872 Ει
2313 816 2484 872 alibi:
2519 815 2731 887 Aspersi
2757 856 2771 879 ,
2804 813 3009 884 inquit,
3052 829 3140 866 cor
3181 829 3213 865 a
3253 827 3380 864 con-

1809 911 2026 964 scientia
2090 908 2234 964 mala
2298 909 2396 979 (5).
2441 908 2510 962 Et
2566 908 2764 962 iterum
2813 907 3136 976 :Integrum
3191 920 3384 974 corpus

1814 1011 2078 1068 vestrum,
2123 1011 2172 1054 et
2209 1001 2422 1071 spiritus
2464 1009 2512 1052 et
2542 1001 2721 1052 anima
2743 1000 2852 1052 sine
2876 996 3086 1069 querela
3121 997 3385 1051 custodia-

1815 1107 1902 1151 tur
1927 1094 2023 1166 (1).
2079 1095 2146 1148 Et
2197 1111 2210 1146 :
2267 1091 2330 1147 Ut
2378 1092 2490 1145 sitis
2526 1089 2625 1159 ﬁlii
2670 1090 2766 1143 Dei
2816 1092 2929 1144 sine
2990 1089 3203 1160 querela
3279 1090 3377 1158 (5).

1814 1187 2092 1254 Quotquot
2154 1183 2321 1254 igitur
2377 1182 2570 1236 volunt
2637 1181 2929 1250 adoptione
2988 1181 3226 1235 ﬁliorum
3294 1181 3381 1234 di-

1815 1276 1905 1346 gni
1956 1273 2168 1336 haberi,
2200 1288 2307 1326 non
2346 1287 2548 1340 corpus
2589 1270 2763 1324 solum
2803 1280 3011 1324 castum
3050 1269 3380 1341 [habento],

1817 1369 1911 1424 sed
1970 1368 2212 1421 animum
2269 1381 2485 1434 quoque
2543 1364 2841 1418 secundum
2896 1379 3020 1417 eum
3059 1365 3150 1432 qui
3201 1363 3381 1417 dicit:

1816 1461 1934 1515 Fiat
1954 1477 2044 1514 cor
2071 1475 2239 1512 meum
2263 1455 2666 1512 immaculatum
2699 1457 2754 1509 in
2769 1453 3234 1525 justiﬁcationibus
3259 1457 3380 1518 tuis,

1819 1568 1883 1604 ne
1908 1547 2313 1620 confundar(6).
2337 1547 2471 1601 Nam
2489 1547 2525 1600 ii
2548 1545 2792 1614 quidem,
2824 1544 2917 1613 qui
2935 1544 3036 1598 sub
3061 1545 3178 1613 lege
3205 1546 3393 1598 carnis

1814 1641 2232 1713 justiﬁcationes
2273 1647 2574 1709 operantur
2597 1677 2610 1701 ,
2645 1637 2974 1690 exteriorem
3013 1644 3222 1690 tantum
3268 1652 3385 1690 ser-

281 1764 442 1836 μὸνον
469 1725 568 1826 τὴν
607 1725 763 1814 ἐκτὸς
797 1725 1122 1817 φυλάττουσι
1166 1738 1547 1836 καθαρότητα]
1582 1734 1639 1836 ,οἱ
1663 1733 1720 1786 δὲ

1830 1739 1948 1785 vant
1984 1730 2346 1795 munditiam;
2372 1729 2409 1782 ii
2436 1744 2589 1793 vero,
2619 1727 2712 1797 qui
2745 1726 2846 1808 sub
2883 1726 3076 1797 gratia,
3098 1725 3263 1780 etiam
3302 1727 3386 1780 in-
3409 1757 3427 1774 .

281 1813 448 1922 ιᾆαριν
470 1813 563 1899 χοὶι
591 1841 689 1910 τῆς
716 1813 862 1891 ἔνδον
893 1836 950 1888 ἐν
977 1828 1235 1901 ἁγιασμῷ
1261 1828 1480 1922 εἰρήνης
1505 1823 1719 1922 ὀρέγον-

1830 1823 2076 1877 teriorem
2110 1837 2247 1891 quae
2283 1821 2336 1875 in
2363 1820 2794 1875 sanctificatione
2827 1820 3044 1874 condita
3084 1829 3168 1874 est
3198 1835 3388 1890 pacem

164 1962 266 2006 ται,
288 1917 612 1998 ’πεισθέντες
658 1931 735 2002 τῷ
773 1922 1063 1999 είρηκότιί
1089 1922 1196 1976 ἐὰν
1218 1920 1304 1991 μὴ
1347 1917 1718 2006 περισσεύσῃ

1820 1920 2111 1981 appetunt,
2128 1910 2388 1964 ,obseeuti
2441 1909 2520 1963 illi
2553 1908 2647 1978 qui
2692 1908 2830 1962 dixit
2863 1908 3012 1963 :Nisi
3048 1910 3390 1964 abundaverit

348 2033 388 2098 ἡ
433 1998 784 2088 δικαιοσύίνη
827 1998 1052 2072 πλείων
1092 2012 1211 2066 τῶν
1245 2009 1579 2081 φαρισαίωγ
1623 2004 1721 2105 καὶ

1830 2005 2022 2068 iustitia
2049 2012 2223 2057 vestra
2275 2001 2392 2072 plus
2424 2017 2586 2072 quam
2634 2000 3046 2055 Pharisaeorum
3089 2013 3136 2053 et
3174 1998 3388 2054 Scriba-

167 2097 559 2196 τραμματέωγ,
590 2116 661 2168 οὐ
686 2110 770 2181 μὴ
802 2106 1112 2173 εἰσέλθητε
1145 2105 1230 2168 εὶς
1258 2100 1371 2169 τὴν
1399 2097 1724 2196 ,βασιλείαν

304 2188 598 2280 οὐρανῶν.
630 2207 677 2258 οἱ
704 2202 814 2274 γὰρ
853 2200 1128 2272 φαρισαῖοι
1147 2235 1163 2258 ,
1192 2191 1594 2264 τυφλώττοντες
1625 2188 1724 2280 τῂν

166 2279 429 2369 διάνοιαν,
455 2301 516 2355 τὸ
542 2299 646 2364 ἔξω
677 2294 770 2348 τοῦ
802 2291 1060 2363 ποτηρίου
1091 2286 1367 2341 πλύνουσι.
1400 2285 1476 2347 ὼς
1508 2282 1603 2336 καὶ
1630 2279 1725 2333 νῦν

165 2404 212 2457 οἱ
263 2398 384 2454 κατ’
435 2391 629 2454 αὐτοὺς
679 2388 788 2442 νέοι
839 2384 1113 2455 φαρισαῖοι
1161 2379 1251 2433 τὸν
1295 2376 1398 2443 ἔξω
1443 2375 1726 2445 ἄνθρωπον

167 2485 563 2559 ἀνεπιτηδεύτῳ
591 2481 670 2536 νοτ
699 2475 1142 2550 σχηματίζοντες,
1177 2471 1404 2532 ἑαυτοὺς
1438 2463 1725 2531 δικαιοῦσι,

173 2581 242 2651 μὴ
267 2553 560 2646 συμμαρτυ
571 2569 784 2642 ροῦντος
812 2563 905 2617 τοῦ
941 2563 1096 2631 ἁγίου
1134 2559 1442 2628 πνεύματος
1465 2556 1541 2626 τῷ
1567 2553 1730 2608 πνεύ-

175 2647 296 2740 ματι
336 2664 545 2726 αὐτῶν,
585 2661 674 2714 ἵνα
718 2653 820 2712 ὦσι
863 2653 1027 2708 τέκνα
1047 2651 1182 2710 Θεοῦ
1223 2649 1363 2704 κατὰ
1390 2648 1480 2701 τὸν
1505 2647 1730 2715 λέγοντα

171 2736 481 2812 απόστολονο
511 2751 654 2804 αὐτὸ
677 2749 746 2802 τὸ
766 2745 1000 2813 πνεῦμα
1027 2738 1437 2811 συμμαρτυρεῖ
1453 2736 1534 2803 τῷ
1557 2738 1732 2791 πνεύ-

167 2863 297 2918 ματι
321 2842 516 2914 ἡμῶν,
539 2840 628 2894 ὅτι
648 2838 835 2907 ἐσμὲν
864 2834 1044 2889 τέκνα
1059 2831 1223 2890 Θεοῦ·
1252 2831 1344 2885 καὶ
1377 2829 1452 2902 μὴ
1475 2829 1732 2901 βουλόμε-

173 2957 246 2994 νοι
273 2936 542 3008 γνωρίσαι
582 2933 680 3003 τὴν
720 2933 779 2982 ὲν
817 2925 1073 3002 ἁγιασμῷ
1107 2923 1334 2994 αὗξησιν
1364 2921 1456 2974 τοῦ
1489 2921 1596 2973 ἔσω
1637 2921 1733 2973 ἀν-

172 3031 381 3104 θρώπου
412 3069 430 3092 ,
466 3024 601 3081 ἀλλὰ
646 3019 1145 3094 πληροφορούμενοι
1187 3016 1344 3087 μόνον
1385 3015 1444 3067 ὲν
1484 3014 1598 3076 τοῖς
1634 3011 1734 3080 τῆς

177 3103 365 3195 σαρκὸς
396 3115 802 3189 κατορθώμασιο
840 3111 915 3183 μὴ
943 3109 1184 3179 γνόντες,
1219 3108 1301 3160 ὅτι
1325 3105 1494 3160 πᾶσα
1516 3103 1555 3170 ἡ
1586 3103 1734 3168 δόξα

172 3215 279 3284 τῆς
297 3208 589 3280 θυγατρὸς
607 3205 711 3259 τοῦ
735 3201 1039 3269 ,ϐασιλέως
1060 3200 1304 3254 ἔσωθεν.
1352 3195 1468 3250 ἔστι
1494 3195 1603 3284 γάρ
1630 3212 1734 3258 τις,

173 3283 248 3372 ὡς
271 3306 468 3366 ἔοικεν,
499 3302 728 3362 ἕκαστος
757 3295 913 3367 ἡμῶν
938 3293 1101 3364 νοητὴ
1133 3290 1294 3360 συκῆ.
1332 3291 1458 3360 παρ’
1487 3283 1556 3361 ἧς
1583 3289 1610 3341 ὁ
1641 3287 1737 3341 κύ-

180 3417 285 3472 ριος
305 3398 394 3450 τὸν
423 3394 570 3448 ἔνδον
597 3388 806 3462 καρπὸν
831 3385 1096 3454 ἐπιζητεῖ,
1124 3384 1219 3436 καὶ
1243 3382 1303 3434 οὑ
1330 3381 1420 3433 τὸν
1445 3381 1508 3433 ὲκ
1529 3378 1739 3447 φύλλων

177 3491 522 3560 ἐπικείμενον
561 3480 957 3555 σχηματισμόν.
1007 3479 1036 3531 ό
1069 3476 1248 3530 τοίνυν
1288 3472 1596 3545 συνηγορῶν
1628 3473 1740 3534 τοῖς

179 3584 366 3653 πάθεσι
413 3579 518 3648 τῆς
561 3575 782 3643 ἀτιμίας
813 3571 888 3635 ὡς
917 3569 1196 3640 φυσικοῖς,
1227 3565 1322 3620 καὶ
1352 3565 1450 3634 οὑχ
1491 3564 1567 3627 ὡς
1607 3580 1742 3632 συμ-

173 3652 468 3744 ϐεϐηκόσι.
505 3663 802 3738 μετήλλαξε
834 3663 932 3734 τὴν
975 3659 1069 3713 τοῦ
1088 3658 1222 3714 Θεοῦ
1263 3656 1520 3727 ἀλήθειαν
1566 3655 1623 3707 ὲν
1663 3652 1741 3724 τῷ

167 3743 354 3828 »οἰκείῳ
393 3757 602 3828 ψεύδει.
652 3754 727 3817 ὡς
780 3751 889 3822 γὰρ
945 3748 1208 3821 προέφην,
1262 3749 1291 3800 ὁ
1337 3746 1602 3816 ἄχραντος
1649 3743 1742 3796 καὶ

179 3853 414 3924 καθαρὸς
449 3849 543 3902 καὶ¹
567 3845 664 3918 τὴν
698 3844 880 3898 εἰκόνα
917 3841 1081 3895 αὐτοῦ
1125 3838 1316 3910 ὁμοίαν
1343 3834 1744 3890 κατεσκεύασεν

177 3943 368 4012 ἑαυτῷο
419 3936 695 4008 φθόνῳρδὲ
737 3933 981 3988 διαϐόλου
1015 3931 1243 3992 θάνατος
1293 3929 1372 3991 εἰς
1415 3927 1504 3979 τὸν
1544 3927 1745 3995 κόσμον

183 4034 387 4106 είσῆλθε
414 4074 432 4088 .
473 4029 660 4098 ἐπειδὴ
709 4026 886 4079 τοίνυν
916 4024 979 4076 τὸ
1021 4021 1130 4074 τῶν
1169 4019 1468 4106 ἀνθρώπων
1499 4017 1748 4106 γένος-ἐν

182 4101 431 4194 ἀνομίαις
485 4116 685 4188 κυηθὲν
718 4116 798 4181 ’),
846 4112 941 4166 καὶ
1008 4111 1064 4161 ὲν
1117 4105 1410 4177 ἁμαρτίαις
1460 4101 1743 4194 γεννηθέν,

184 4191 595 4286 ἀπηλλοτριώθη
645 4205 753 4260 ἀπὸ
796 4204 1006 4274 μήτρας
1051 4198 1146 4252 καὶ
1185 4195 1457 4286 ἐπλανήθη
1500 4191 1606 4246 ἀπὸ
1643 4209 1749 4286 Δγα-

183 4279 354 4376 στρός,
399 4279 794 4374 βασιλευσάσης
821 4294 921 4364 τῆς
952 4289 1223 4362 ἁμαρτίας
1243 4286 1350 4342 ἀπὸ
1384 4279 1556 4355 Ἀδὰμ
1589 4283 1750 4376 μέχρι

303 4393 624 4467 παρουσίας
644 4388 739 4442 τοῦ
767 4383 1027 4457 Χριστοῦ,
1057 4379 1220 4453 ἦλθεν
1251 4377 1483 4441 ίλασθεὶς
1576 4375 1750 4468 αμνδς

1821 2111 1942 2148 rum
1972 2135 1986 2158 ,
2027 2112 2133 2148 non
2158 2094 2428 2148 intrabitis
2452 2093 2504 2146 in
2537 2109 2756 2162 regnum
2791 2091 3390 2164 coelorum(7).Elenim

1822 2184 2097 2239 Pharisaei
2142 2181 2640 2239 menteiobcaccati
2671 2189 2911 2236 cxteram
2955 2181 3132 2251 poculi
3174 2175 3390 2251 partem

1821 2277 2024 2332 lavant.
2061 2275 2214 2330 Sicut
2243 2274 2409 2330 etiam
2431 2288 2577 2327 nunc
2597 2272 2725 2326 novi
2743 2272 3043 2327 secundum
3077 2287 3174 2327 eos
3197 2271 3392 2337 Phari—

1825 2369 1935 2423 saei
1963 2368 2288 2422 exteriorem
2315 2367 2590 2421 hominem
2621 2366 2804 2421 nativa
2834 2363 3066 2434 quadam
3099 2363 3394 2433 sagacitate

1825 2467 2152 2514 exornantes
2173 2474 2231 2513 se
2258 2459 2404 2528 ipsos
2434 2458 2752 2521 iustiﬁcant,
2779 2455 2989 2526 Spiritu
3024 2464 3211 2509 sancto
3236 2455 3394 2508 testi-

1827 2549 2069 2602 monium
2118 2564 2226 2601 non
2262 2546 2586 2617 perhibente
2637 2545 2855 2615 spiritui
2901 2559 3129 2607 eorum,
3179 2550 3238 2597 ut
3288 2543 3398 2596 sint

1829 2640 1926 2694 ﬂlii
1991 2640 2086 2694 Dei
2162 2639 2461 2694 secundum
2526 2637 2842 2708 Apostolum
2903 2637 3175 2692 dicentem
3224 2655 3236 2690 :
3278 2635 3400 2706 Ipse

1830 2734 1968 2786 enim
1992 2730 2216 2803 Spiritus
2243 2733 2591 2785 testimonium
2620 2729 2789 2782 reddit
2818 2731 3026 2800 spiritui
3059 2737 3234 2782 nostra
3260 2729 3400 2800 quod

1828 2839 2008 2877 sumus
2042 2821 2143 2890 ﬁlii
2162 2822 2255 2874 Dei
2284 2820 2357 2891 (8)
2383 2861 2398 2885 ,
2440 2835 2621 2889 neque
2665 2819 2911 2873 volentes
2949 2833 3272 2887 cognoscere
3312 2819 3399 2871 in-

1833 2916 2050 2972 terioris
2077 2915 2313 2969 hominis
2334 2920 2683 2984 augmentum
2710 2911 2856 2981 quod
2873 2920 2959 2966 est
2998 2911 3053 2964 in
3090 2909 3399 2965 sanctiﬁca-
3441 2919 3444 2923 '

1833 3003 2002 3069 tione,
2038 3002 2133 3058 sed
2167 3002 2509 3056 abundantes
2546 3007 2754 3054 tantum
2789 2999 2844 3052 in
2886 2997 3066 3052 carnis
3115 2998 3402 3066 operibus,

1837 3097 2165 3168 ignorantes,
2195 3112 2400 3150 omnem
2430 3095 2655 3166 gloriam
2684 3095 2832 3163 ﬁliae
2852 3094 2986 3163 regis
3013 3092 3075 3146 ab
3106 3093 3245 3146 intus
3285 3092 3388 3164 (9).

1836 3187 2076 3257 Quisque
2109 3188 2255 3240 enim
2296 3194 2564 3249 nostrum,
2595 3195 2654 3239 ut
2679 3186 2754 3238 ita
2790 3185 2988 3247 dicam,
3023 3183 3158 3236 licus
3193 3183 3283 3236 illa
3325 3184 3408 3236 in-

1839 3275 2162 3332 tellectualis
2181 3290 2299 3328 esse
2339 3274 2596 3337 videtur,
2642 3274 2799 3327 cuius
2841 3274 3117 3326 internum
3169 3272 3407 3327 fructum

1838 3366 2101 3420 Dominus
2130 3367 2364 3435 quaerit,
2395 3375 2450 3420 et
2478 3381 2587 3420 non
2615 3365 2947 3435 prepositam
2975 3364 3121 3418 foliis
3148 3363 3404 3418 formam.

1839 3457 1889 3512 Is
1918 3457 2230 3528 igitur,.qui
2278 3472 2496 3512 causam
2541 3457 2675 3510 dicit
2720 3455 3031 3525 passionum
3074 3454 3410 3525 ignominiae

1840 3559 1903 3606 ut
1936 3550 2287 3614 naturalium,
2312 3557 2497 3602 etnon
2522 3557 2582 3602 ut
2630 3548 2789 3617 202
2817 3546 3204 3611 accidentium,
3257 3562 3411 3601 com-

1842 3643 2072 3697 mutavit
2123 3641 2406 3695 veritatem
2451 3639 2546 3693 Dei
2602 3639 2658 3691 in
2709 3637 2990 3706 proprium
3040 3636 3410 3692 mendacium.

1843 3734 1912 3790 Ut
1942 3733 2086 3786 enim
2131 3748 2294 3801 supra
2343 3729 2474 3794 dixi,
2527 3727 2908 3781 immaculatus
2949 3734 3004 3779 et
3041 3742 3213 3795 purus
3245 3727 3412 3782 etiam

1845 3824 2136 3894 imaginem
2173 3838 2325 3877 suam
2354 3822 2585 3876 similem
2616 3819 2828 3888 paravit
2858 3818 2961 3878 sui,
2991 3817 3192 3870 invidia
3228 3830 3412 3872 autem

1844 3919 2044 3974 diaboli
2085 3933 2233 3971 mors
2267 3917 2321 3970 in
2351 3915 2613 3969 mundum
2646 3913 2891 3967 intravit.
2927 3913 3218 3980 Postquam
3250 3912 3414 3982 igitur

1845 4026 2015 4081 genus
2043 4011 2340 4063 humanum
2369 4009 2421 4061 in
2454 4005 2838 4075 iniquitatibus
2887 4013 3212 4073 conceptum
3259 4016 3314 4057 et
3353 4003 3412 4058 in

1846 4099 2086 4170 peccatis
2109 4099 2349 4168 genitum
2371 4097 2739 4151 abalienatum
2763 4105 2846 4150 est
2863 4096 2931 4149 ab
2953 4106 3127 4158 utero,
3158 4103 3214 4148 et
3235 4110 3263 4147 a
3283 4111 3417 4148 ven-

1847 4202 1928 4247 tre
1952 4192 2004 4244 in
2021 4207 2264 4245 errorem
2288 4190 2592 4251 inductum,
2621 4195 2880 4257 regnante
2904 4194 3130 4256 peccato
3157 4186 3224 4239 ab
3245 4184 3414 4239 Adam

1849 4296 2020 4350 usque
2040 4279 2107 4334 ad
2130 4280 2420 4334 adventum
2445 4277 2671 4341 Christi,
2714 4277 2864 4331 venit
2899 4276 3202 4348 propitians
3246 4291 3418 4345 agnus

1849 4375 1968 4439 Dei,
1996 4381 2056 4427 ut
2077 4373 2296 4427 tolleret
2323 4379 2606 4442 peccatum
2645 4370 2832 4423 mundi
2859 4370 3080 4439 propria
3107 4384 3202 4422 sua
3222 4377 3420 4437 poten-

178 4458 271 4542 τού
291 4458 453 4546 Θεοθ,
502 4479 634 4552 ἆραι
677 4479 776 4549 τὴν
815 4473 1090 4546 ἁμαρτίαν
1132 4469 1227 4524 τοῦ
1264 4468 1471 4539 κόσμου
1515 4464 1602 4519 διὰ
1645 4465 1730 4534 τῆς

1849 4467 1944 4531 tia,
1965 4475 2252 4536 postquam
2272 4464 2464 4518 fortem
2487 4463 2682 4527 vinxit,
2709 4463 2782 4516 ita
2805 4461 3008 4530 ereptis
3027 4460 3255 4530 captivis
3279 4458 3424 4512 vasis

181 4578 386 4640 οἰκείας
409 4573 579 4628 αὑτοῦ
599 4569 901 4639 δυνάμεως,
919 4565 1087 4636 δήσας
1111 4559 1373 4632 πρότερον
1398 4555 1492 4610 τὸν
1514 4555 1751 4626 ἰσχυρόν,

184 4671 277 4724 καὶ
327 4667 507 4730 οὕτως
567 4661 874 4735 διαρπάσας
929 4657 998 4710 τὰ
1051 4648 1530 4724 αἱχμαλωτισμένα
1590 4647 1752 4700 αὐτοῦ

187 4764 351 4831 σκεύη
394 4756 540 4813 κατὰ
583 4755 643 4808 τὸ
695 4748 1017 4821 είρημένον·
1063 4743 1538 4814 ᾐχμαλώτευσας
1603 4741 1734 4831 al;-

1851 4559 1991 4623 eius,
2028 4559 2171 4614 sicut
2207 4558 2414 4612 dictum
2437 4565 2523 4611 est
2552 4574 2565 4610 :
2599 4555 2877 4626 Captivam
2896 4554 3013 4622 fecit
3035 4553 3424 4622 captivitatem;

1851 4660 1908 4706 et
1931 4651 2130 4705 iterum
2170 4669 2184 4703 :
2215 4649 2359 4720 Cepit
2381 4650 2738 4718 captivitatem
2770 4646 2905 4717 (10).
2929 4645 3198 4699 Nimirum
3229 4658 3426 4698 curare

1851 4741 2140 4805 debemus,
2177 4750 2240 4795 ut
2273 4755 2596 4795 revocemur
2618 4755 2648 4792 a
2695 4738 3013 4807 captivitate
3061 4745 3117 4792 et
3143 4744 3428 4806 portemus

183 4853 517 4926 μαλωσίαν·
541 4848 634 4902 καὶ
651 4844 810 4898 πάλιν
833 4857 846 4870 °
877 4839 1091 4894 ἐλαϐεν
1113 4832 1545 4926 αἰχμαλωσίακ.
1587 4830 1730 4902 ἦγουε

1852 4833 2143 4903 imaginem
2203 4832 2494 4896 caelestis,
2551 4830 2694 4885 sicut
2747 4830 3088 4900 portavimus
3136 4830 3427 4900 imaginem

185 4921 330 5001 ἐστιν
352 4945 489 5014 ἡμῖν
520 4936 738 5011 φροντίς
760 4974 776 4999 ,
803 4927 1172 5000 ἀνακληθῆναι
1199 4924 1306 4980 ἀπὸ
1344 4923 1443 4994 τῆς
1477 4921 1754 4993 αἰχμαλω-

1850 4923 2052 4979 terreni
2076 4922 2209 4995 (11),
2231 4933 2287 4978 et
2304 4923 2663 4978 exhibeamus
2703 4921 2946 4975 membra
2971 4930 3157 4976 nostra
3180 4961 3194 4984 ,
3223 4922 3429 4976 servire

1487 5053 1746 5110 VARIAE
1785 5052 2187 5110 LECTIONES.

288 5171 330 5242 ι)
366 5169 630 5239 ἐχόντων
673 5161 990 5238 coniectura
1022 5150 1353 5208 addidimus.
1377 5179 1446 5188 —
1470 5148 1511 5207 ἰ
1543 5147 1622 5200 Ex
1667 5142 1834 5210 coni.,
1870 5146 1998 5200 cod.
2033 5145 2287 5216 κι..ηθὲν.
2327 5145 2468 5200 Num
2499 5160 2609 5199 una
2647 5159 2716 5198 an
2766 5142 2905 5196 duae
2949 5143 3138 5196 literae
3180 5141 3324 5195 exci-

187 5229 581 5306 deriintfcerto
610 5233 718 5288 dici
756 5229 964 5300 nequit.

1707 5336 1955 5394 NOTAE.

291 5455 528 5512 Il'Deut.
554 5453 618 5512 ν,
645 5447 730 5501 11.

291 5459 306 5510 I
341 5455 528 5509 'Deut.
554 5455 618 5512 ν,
645 5455 730 5501 11.

261 5455 405 5598 έὲξίῐ
429 5525 554 5578 Cor.
579 5520 688 5580 VII,
724 5518 776 5571 1.

263 5596 340 5642 (Si
408 5593 573 5642 IIehr.
597 5590 666 5642 Χ.
687 5589 776 5642 22.

268 5590 340 5668 ‘5')
408 5593 573 5646 Ilebr.
597 5590 779 5652 31,22.

263 5599 340 5739 ἑά)
373 5664 620 5739 Ephesi?-
648 5658 827 5739 Yaas'

267 5729 342 5806 (δ)
381 5735 523 5789 Phil.
564 5733 627 5791 ιι,
662 5729 748 5781 15.

269 5809 344 5880 (6)
369 5807 566 5861 Psalm.
595 5799 748 5856 CXVI

269 5753 342 5806 (ὃ)
384 5753 523 5789 Hm.
564 5753 627 5791 ll,
662 5753 748 5781 ιθ.

269 5809 344 5882 (6)
369 5807 566 5861 Psalm.
595 5798 819 5860 CXVIII,
847 5796 880 5851 5
919 5794 972 5849 6.

1929 5434 2006 5503 (7)
2043 5434 2233 5489 Matth.
2277 5434 2340 5495 v,
2377 5431 2466 5486 ao.

1945 5503 1998 5566 8)
2029 5507 2186 5559 Rom.
2221 5503 2356 5566 VIII,
2386 5504 2472 5556 16.

1949 5572 2002 5643 9)
2030 5575 2229 5630 Psalm.
2254 5574 2438 5634 XLIV,
2468 5572 2536 5626 11-

1951 5639 2036 5710 10)
2069 5645 2267 5700 Psalm.
2301 5644 2502 5706 LXVII,
2523 5641 2610 5698 18.
2634 5642 2771 5714 Eph.
2795 5657 2884 5708 IV,
2909 5639 2964 5696 8.

1928 5717 2043 5790 (ιι)
2069 5715 2088 5771 ι
2119 5715 2248 5773 Cor.
2273 5715 2387 5781 xv,
2417 5714 2505 5769 49.
