3948 6572
521 327 627 383 U5

454 426 460 434 ’
519 435 763 496 iustitiae
810 449 865 496 et
929 441 1364 506 sanetiﬂcationi,
1401 444 1539 498 sicut
1580 444 1929 498 exhibuimus
1964 459 2090 512 pee-

520 541 644 591 cato
671 533 770 604 (1).
799 532 1328 588 Credamusdebere
1366 551 1465 589 nos
1489 537 1544 588 in
1591 537 1713 589 luce
1751 535 2088 588 ambulantes

521 625 644 678 sine
658 625 866 679 offensa
887 626 1071 679 videre
1102 627 1371 679 mirabilia
1398 627 1490 679 Dei
1517 627 1812 680 secundum
1840 640 1963 679 eum
1995 625 2086 693 qui

523 714 602 768 ait
635 731 648 766 :
702 715 892 768 Revela
918 714 1094 768 oculos
1125 733 1262 768 meos
1292 724 1338 767 et
1364 715 1701 769 considerabo
1722 714 1985 768 mirabilia
1998 720 2091 766 tua

519 805 589 856 de
631 804 738 875 lege
759 804 958 875 tua(2).
986 805 1123 858 Nam
1147 812 1226 867 ut,
1264 803 1408 872 quod
1439 803 1508 858 ad
1530 819 1723 858 sensus
1741 804 1996 872 pertinet,
2023 803 2089 868 is,

524 897 697 964 quiin
724 897 846 950 luce
873 896 1134 958 ambulat,
1157 911 1265 949 non
1279 894 1526 958 offendit,
1551 895 1648 958 sic,
1671 894 1818 964 quod
1845 894 1912 948 ad
1929 894 2091 964 spiri-

526 997 644 1041 tum
677 987 891 1049 attinet,
915 987 980 1049 is,
999 985 1092 1054 qui
1122 985 1430 1055 inperfecta
1453 985 1882 1040 sanctiﬁcatione
1905 1000 2092 1039 versa—

527 1087 771 1147 tur,norr
797 1075 1134 1144 concupiscit
1167 1076 1327 1138 mala,
1359 1091 1467 1128 non
1490 1075 1692 1144 cogitat
1721 1091 1905 1146 prava.
1933 1075 2094 1129 Nulla

542 1174 686 1222 enim
707 1176 792 1221 est
812 1168 1044 1221 societas
1069 1167 1176 1220 luci
1199 1167 1265 1220 ad
1291 1168 1542 1220 tenebras
1560 1167 1842 1237 (5),neque
1861 1181 2091 1220 consen-

527 1274 623 1312 sus
657 1258 864 1326 templo
884 1257 981 1310 Dei
1016 1272 1139 1310 cum
1158 1255 1318 1309 idolis
1346 1255 1632 1325 (ll).ltaque
1661 1262 1916 1323 tanquam
1957 1263 2094 1308 lem-

526 1351 680 1417 plum
736 1348 832 1402 Dei
892 1348 1177 1402 considera
1225 1348 1478 1416 teipsum,
1512 1345 1778 1415 effugiens
1844 1344 2098 1415 spiritua-

531 1445 665 1498 lium
730 1443 999 1496 idolorum
1063 1441 1121 1495 in
1186 1441 1350 1496 corde
1407 1440 1656 1509 efﬁgiem.
1707 1439 1896 1493 Omnis
1948 1439 2096 1492 enim

532 1537 761 1590 affectus
797 1550 1031 1604 operans
1059 1534 1116 1587 in
1162 1535 1343 1586 anima
1387 1533 1592 1585 idolum
1636 1540 1737 1585 est.
1780 1532 1933 1587 Unde
1960 1531 2097 1585 bene

527 1631 761 1698 dictum:
785 1647 816 1682 a
838 1646 940 1699 quo
962 1629 1075 1698 quis
1096 1635 1370 1698 superatus
1385 1629 1636 1689 est,huius
1656 1637 1701 1680 et
1722 1644 1896 1680 servus
1919 1625 2094 1696 ρεαδ).

534 1721 630 1774 Sin
671 1720 851 1773 carnis
908 1719 1281 1787 voluptatibus
1333 1721 1476 1772 servi
1523 1719 1651 1772 facti
1707 1735 1931 1780 sumus,
1986 1734 2100 1771 ma-

491 1809 507 1826 '
533 1810 792 1868 nifestum
818 1816 901 1861 est
923 1849 938 1872 ,
986 1808 1159 1862 sancti
1214 1816 1269 1862 et
1309 1809 1616 1862 innocentis
1653 1809 1877 1878 spiritus
1913 1822 2100 1861 servos
2131 1831 2172 1884 Β

532 1915 636 1953 nos
674 1900 844 1952 factos
882 1915 989 1952 non
1046 1914 1185 1952 esse.
1247 1899 1416 1952 Nemo
1453 1900 1598 1953 enim
1654 1907 1835 1969 potest
1888 1900 2101 1953 duobus

533 1989 773 2042 dominis
822 1988 1026 2042 servire
1077 1988 1238 2042 :Non
1279 1991 1486 2056 potestis
1515 2029 1529 2052 ,
1584 1990 1796 2058 inquit,
1855 1989 1962 2042 Deo
1987 2006 2101 2042 ser-

532 2081 645 2134 vire
720 2087 769 2132 et
841 2095 1178 2133 mammonae
1219 2079 1322 2150 (ϐ).
1376 2081 1662 2150 Templum
1735 2081 1883 2136 enim
1943 2082 2101 2151 203

536 2169 631 2223 Dei
654 2176 899 2222 sanctum
921 2179 1022 2231 est,
1041 2185 1141 2220 non
1164 2169 1356 2221 habens
1388 2169 1651 2222 maculam
1676 2178 1767 2223 aut
1792 2187 1977 2240 rugam
2007 2180 2103 2224 aut

541 2259 746 2329 aliquid
775 2259 1070 2313 huiusmodi
1099 2259 1198 2330 (7).
1237 2258 1412 2325 Quare
1441 2260 1675 2330 Spiritus
1693 2271 1910 2316 sanctus
1935 2262 2108 2333 fugiet

548 2353 736 2407 dolum
791 2361 849 2408 et
907 2352 1127 2406 recedet
1171 2369 1201 2406 a
1251 2354 1674 2424 cogitationibus
1704 2356 2105 2427 insipientibus,

545 2459 724 2514 neque
750 2444 805 2496 in
839 2441 1235 2496 fraudulentam
1275 2444 1509 2498 animam
1548 2446 1772 2501 intrabit
1801 2448 2104 2517 disciplina.

538 2534 839 2589 Credentes
865 2534 1050 2603 igitur,
1076 2547 1291 2587 omnem
1320 2543 1558 2588 nostram
1592 2535 1763 2605 legem
1802 2537 1972 2608 digito
2013 2540 2109 2594 Dei

543 2626 598 2679 in
627 2627 791 2680 corde
829 2627 1014 2690 scribi,
1039 2640 1150 2679 non
1177 2635 1500 2690 atramento,
1541 2628 1635 2681 sed
1660 2627 1863 2696 Spiritu
1900 2631 2108 2698 divino,

541 2719 906 2787 suscipiamus
921 2719 1201 2772 veritatem
1224 2719 1547 2788 legislatoris
1569 2721 1833 2775 dicentis:
1863 2722 1973 2792 Ego
1994 2739 2110 2777 sum

539 2811 734 2864 veritas
761 2809 858 2878 (8),
891 2808 1030 2869 eius,
1052 2808 1143 2876 qui
1175 2819 1230 2861 et
1266 2808 1446 2862 cordis
1469 2811 1936 2866 circumcisionem
1984 2830 2114 2883 ope-

543 2908 791 2962 ratur,ct
814 2900 1064 2954 inscribit
1106 2900 1160 2954 in
1205 2903 1481 2957 mentibus
1521 2902 1810 2974 dignorum
1854 2904 2113 2960 bonitatis

543 3008 674 3046 suae
698 2991 888 3059 legem,
915 2991 1056 3045 sicut
1080 2993 1131 3045 in
1158 2994 1419 3063 propheta
1439 2995 1514 3047 ait
1532 2993 1696 3048 :Dabo
1739 2995 1901 3066 legem
1943 3015 2114 3052 meam

543 3085 600 3136 in
623 3083 858 3136 cordibus
903 3100 1102 3146 eorum,
1149 3094 1196 3136 et
1241 3088 1295 3138 in
1341 3087 1615 3139 visceribus
1665 3103 1841 3141 eorum
1889 3089 2113 3143 scribam

1719 325 1759 380 S
1809 323 2090 380 MACARII
2122 326 2298 382 AEGY
2308 327 2436 381 PTll

3646 329 3735 386 ίὶθ

2122 479 2162 532 Α
2194 445 2334 507 σίας,
2359 445 2453 498 καὶ
2485 444 2709 514 φορέσαι
2735 441 2832 512 τὴν
2859 443 3040 496 εἰκόνα
3067 443 3162 495 τοῦ
3197 443 3542 512 ἐπουρανίου,
3578 449 3738 512 καθὼς

2193 535 2533 605 ἐφορέσαμεν
2562 536 2661 603 τὴν
2688 534 2870 586 εἰκόνα
2910 532 3004 586 τοῦ
3039 533 3245 603 χοῖκοῦ,
3277 535 3370 587 καὶ
3406 537 3744 606 παραστῆσαι

2189 629 2257 680 τὰ
2289 627 2421 698 μέλη
2441 629 2474 696 ἡ
2483 625 2596 697 μῶν
2617 625 2778 678 δοῦλα
2804 627 2870 694 τῇ
2908 623 3225 694 δικαιοσύνῃ
3255 625 3348 677 καὶ
3373 624 3456 693 τῷ
3484 625 3743 695 ἁγιασμῷ,

2190 719 2368 782 καθὼς
2422 720 2844 789 παρεστήσαμεν
2893 717 2958 785 τῇ
3013 707 3282 787 ἁμαρτίᾳ.
3335 715 3748 785 πιστεύωμενί),

2190 813 2272 864 ὅτι
2309 812 2414 881 χρὴ
2445 810 2589 879 ἡμᾶς
2637 810 2693 860 tv
2720 806 2798 876 τῷ
2843 808 2982 875 φωτὶ
3021 805 3460 878 περιπατοῦντας
3493 806 3750 876 ἀπροσκό-

2193 920 2309 966 πως
2333 883 2465 971 όρᾷν
2488 899 2557 952 τὰ
2587 897 2681 951 τοῦ
2702 896 2839 952 Θεοῦ
2865 897 3164 967 θαυμάσια,
3197 897 3338 950 κατὰ
3368 898 3465 950 τὸν
3497 899 3746 968 φήσαντα·

2191 993 2593 1060 ἀποκάλυψον
2613 990 2756 1056 τοὺς
2783 991 3128 1058 ὀφθαλμούς
3135 1008 3274 1058 μου,
3291 989 3388 1042 καὶ
3411 990 3752 1054 κατανοήσω

2192 1085 2264 1138 τὰ
2302 1081 2603 1152 θαυμάσιά
2624 1098 2740 1135 σου
2763 1079 2830 1132 ἐκ
2856 1080 2962 1133 τοῦ
2983 1081 3169 1148 νόμου
3203 1095 3341 1132 σου.
3369 1079 3447 1141 ὡς
3484 1077 3596 1146 γὰρ
3628 1080 3755 1133 κατὰ

2193 1176 2254 1229 τὸ
2280 1173 2533 1244 αἰσθητὸν
2563 1174 2591 1224 ὁ
2613 1174 2670 1223 tv
2700 1171 2777 1241 τῷ
2806 1170 2945 1238 φωτὶ
2975 1168 3293 1239 περιπατῶν
3319 1170 3379 1220 ού
3408 1170 3752 1240 προσκόπτει,

2193 1266 2366 1329 οὕτως
2415 1263 2557 1318 κατὰ
2603 1263 2666 1316 τὸ
2716 1262 2904 1332 νοητὸν
2959 1261 2988 1314 ό
3042 1263 3100 1313 tv
3149 1259 3224 1330 τῷ
3275 1258 3470 1329 τελείῳ
3518 1262 3756 1332 ἁγιασμῷ

2196 1358 2456 1426 ὑπάρχων
2481 1354 2580 1407 ούκ
2604 1353 2915 1422 ἐνθυμεῖται
2939 1351 3170 1420 πονηρά,
3193 1350 3254 1402 ού
3275 1348 3554 1416 λογίζεται
3575 1349 3753 1418 φαῦλα·

2196 1447 2423 1512 οὐδεμία
2478 1446 2532 1515 ¹)
2570 1443 2677 1513 γὰρ
2723 1440 2977 1496 κοινωνία
3024 1441 3162 1508 φωτὶ
3207 1439 3342 1510 πρὸς
3377 1441 3606 1502 σκότος,
3651 1442 3755 1494 οὐδὲ

2199 1536 2589 1606 συγκατάθεσις
2621 1532 2748 1587 ναοῦ
2795 1531 2932 1602 μετὰ
2965 1530 3223 1584 εἰδώλων.
3267 1531 3342 1593 ὡς
3368 1527 3468 1583 οὖν
3499 1530 3626 1594 ναὸς
3640 1530 3755 1586 Θεοῦ

2197 1627 2456 1697 ἐπίγνωθι
2494 1626 2738 1689 σεαυτόν,
2773 1622 3183 1692 ἀποδιδράσκων
3210 1620 3308 1690 τὴν
3340 1623 3397 1674 tv
3431 1620 3631 1691 καρδίᾳ
3665 1624 3756 1676 τῶν

2199 1719 2402 1790 νοητῶν
2435 1707 2669 1770 εἰδώλων
2703 1712 3072 1769 ἀποτύπωσιν·
3109 1713 3217 1764 πᾶν
3255 1711 3363 1781 γὰρ
3395 1711 3577 1772 πάθος
3623 1713 3755 1784 ἐνερ-

2199 1812 2325 1878 γοῦν
2350 1811 2496 1881 ψυχῇ
2525 1807 2738 1862 εἴδωλόν
2771 1809 2938 1859 ἐστιν·
2966 1805 3088 1857 ὅθεν
3121 1804 3300 1866 καλῶς
3330 1803 3580 1872 εἴρηται·
3612 1795 3658 1868 ᾧ
3683 1821 3757 1869 τις

2204 1903 2467 1968 ἣττηται,
2514 1901 2698 1965 τούτῳ
2739 1899 2836 1952 καὶ
2885 1895 3265 1950 δεδούλωται.
3316 1896 3365 1948 εί
3409 1894 3474 1947 δὲ
3523 1897 3633 1956 tot;
3675 1899 3760 1965 τῆς

2204 1992 2405 2063 σαρκὸς
2431 1991 2624 2044 πάθεσι
2642 1986 3032 2057 δεδουλώμεθα,
3059 1985 3300 2056 δηλονότι
3344 1985 3386 2053 ³)
3413 1982 3498 2053 τῷ
3526 1985 3660 2054 ἁγίῳ
3680 1986 3760 2037 καὶ

2202 2085 2402 2139 ἀπαθεῖ
2435 2084 2707 2153 πνεύματι
2750 2082 2811 2134 ού
2859 2077 3260 2149 δεδουλώμεθα·
3300 2078 3360 2131 οὐ
3402 2077 3521 2146 γὰρ
3558 2076 3760 2130 δύναταί

2202 2195 2286 2241 τις
2320 2176 2439 2230 δυσὶ
2478 2176 2684 2246 κυρίοις
2709 2172 2998 2227 δουλεύειν·
3029 2173 3099 2225 οὐ
3137 2171 3429 2230 δύνασθε,
3471 2168 3627 2238 φησί,
3655 2167 3760 2233 Θεῷ

2204 2269 2513 2323 δουλεύειν
2543 2267 2640 2321 καὶ
2663 2262 2974 2335 μαμμωνᾷ.
3001 2264 3032 2316 ὁ
3060 2263 3168 2332 γὰρ
3196 2262 3322 2325 ναὸς
3347 2260 3446 2314 τοῦ
3461 2258 3600 2318 Θεοῦ
3627 2259 3758 2327 ἅγιός

2205 2363 2342 2422 ἐστι,
2369 2362 2454 2429 μὴ
2487 2359 2638 2427 ἔχων
2666 2358 2892 2412 σπῖλον
2922 2354 2961 2422 ἢ
2993 2353 3239 2422 ῥυτίδα,
3265 2352 3304 2420 ἢ
3341 2368 3397 2405 τι
3436 2348 3561 2403 τῶν
3588 2353 3758 2404 τοιού-

2205 2470 2344 2508 των.
2387 2452 2520 2504 διότι
2548 2450 2700 2515 ἅγιον
2729 2447 2947 2516 πνεῦμα
2977 2443 3229 2514 φεύξεται
3257 2443 3427 2506 δόλον,
3459 2441 3558 2493 καὶ
3581 2441 3760 2493 ἀπανι-

2207 2543 2460 2611 στήσεται
2484 2539 2591 2593 ἀπὸ
2614 2535 2889 2606 λογισμῶν
2914 2534 3210 2600 ἀσυνέτων,
3234 2533 3330 2587 καὶ
3349 2535 3431 2596 είς
3455 2531 3760 2602 κακότεχνον

2211 2633 2390 2703 ψυχὴν
2423 2633 2524 2684 ούκ
2557 2629 2925 2683 εἰσελεύσεται
2960 2626 3195 2680 παιδεία.
3236 2625 3630 2688 πιστεύσαντες
3661 2621 3759 2688 οῦν,

2206 2726 2287 2779 ὅτι
2316 2725 2423 2787 πᾶς
2445 2726 2474 2777 ό
2498 2726 2529 2793 ἡ
2539 2723 2654 2794 μῶν
2687 2721 2847 2792 νόμος
2871 2717 3116 2789 δακτύλῳ
3134 2717 3272 2774 Θεοῦ
3319 2720 3376 2770 tv
3410 2715 3614 2787 καρδίᾳ
3640 2717 3761 2787 γρά-

2211 2836 2389 2888 φεται,
2415 2819 2474 2870 ού
2503 2817 2712 2888 μέλανι,
2746 2814 2881 2868 ἀλλὰ
2901 2811 3168 2883 πνεύματι
3193 2811 3340 2881 θείῳ,
3374 2808 3656 2878 δεξώμεθα
3677 2809 3760 2878 τὴν

2210 2910 2466 2980 ἀλήθειαν
2492 2907 2584 2961 τοῦ
2596 2907 2883 2978 νομοθέτου
2901 2905 3162 2966 εἰπόντος·
3188 2902 3301 2972 ἐγώ
3319 2903 3434 2971 ειμι
3452 2900 3492 2966 ἠ
3513 2899 3741 2966 ἀλήθεια

2209 3003 2302 3056 τοῦ
2335 3017 2430 3056 και
2457 3002 2554 3072 τὴν
2587 3001 2686 3070 τῆς
2717 2999 2942 3070 καρδίας
2969 2996 3270 3069 περιτομὴν
3309 2993 3659 3063 ποιουμένου,
3683 2991 3761 3044 καὶ

2214 3094 2604 3166 έπιγράφοντος
2637 3091 2731 3144 ἐπὶ
2773 3090 2874 3153 τὰς
2914 3088 3148 3151 διανοίας
3193 3087 3302 3139 τῶν
3348 3084 3522 3149 ἀξίων
3553 3081 3641 3136 τὸν
3677 3084 3759 3152 τῆς

546 3191 664 3228 eam
696 3173 794 3244 (9).
827 3175 978 3229 Illico
1012 3175 1214 3244 itaque,
1259 3177 1675 3246 quibuscunque
1715 3194 1877 3233 curae
1923 3189 2006 3234 est
2051 3181 2106 3235 in

2209 3186 2572 3260 χρηστότητος
2607 3182 2770 3238 αὐτοῦ
2799 3183 2980 3252 νόμον·
3008 3181 3084 3243 ὥς
3107 3196 3270 3251 φησιν
3295 3180 3366 3232 ιὲν
3395 3177 3480 3250 τῷ
3509 3179 3756 3248 προσήτῃ·

547 3285 707 3336 genus
733 3267 972 3330 electum,
995 3268 1047 3320 in
1071 3268 1246 3338 regale
1271 3270 1640 3335 sacerdotium,
1675 3270 1730 3324 in
1756 3281 1959 3342 gentem
1981 3289 2109 3326 san-

545 3367 710 3416 ctam.
741 3359 795 3412 in
820 3359 1070 3429 populum
1105 3360 1470 3430 acceptabilem
1496 3360 1603 3432 (10)
1631 3363 1934 3431 pervenire,
1955 3363 2114 3419 facile

549 3453 824 3521 recipiunt
855 3451 911 3505 in
952 3468 1010 3504 se
1061 3451 1386 3506 viviﬁcantis
1434 3453 1668 3523 Spiritus
1721 3455 2109 3524 operationem.

548 3544 890 3613 Quapropter
912 3542 1281 3597 admonemini
1315 3543 1381 3598 ad
1423 3545 1715 3605 orandum,
1743 3555 1804 3600 ut
1828 3547 1976 3617 digni
2020 3547 2116 3602 ha-

550 3635 802 3698 beamur,
847 3635 940 3704 qui
987 3633 1236 3703 quamvis
1286 3635 1526 3690 breviter
1578 3638 1942 3709 intelligamus
1982 3640 2116 3694 sim-

551 3726 749 3796 plicem
774 3726 1204 3780 conversationis
1225 3726 1278 3780 in
1296 3726 1515 3781 Christo
1541 3729 1943 3785 rectitudinem.
1972 3731 2116 3786 Talis

547 3818 695 3872 enim
713 3817 911 3881 anima,
940 3833 1078 3888 quae
1105 3817 1358 3888 deposuit
1399 3819 1583 3873 vultus
1599 3820 1993 3885 confusionem,
2017 3838 2118 3878 nec

551 3910 658 3964 iam
685 3921 941 3981 regnatur
971 3911 1308 3981 turpitudine
1338 3913 1752 3981 cogitationum,
1771 3931 1873 3968 nec
1905 3915 2119 3970 adulte-

563 4010 717 4056 ratur
745 4017 774 4054 a
798 4001 1055 4071 maligno,
1103 4017 1225 4054 cum
1255 4002 1372 4054 solo
1389 4002 1674 4056 manifeste
1691 4003 2122 4074 coelesti'sponso

552 4093 872 4148 societatem
893 4093 1034 4156 iniit,
1049 4101 1236 4162 utpote
1261 4092 1374 4161 ipsa
1394 4092 1642 4162 simplex.
1660 4094 1954 4149 Vulnerata
1973 4094 2118 4148 enim

551 4199 736 4237 amore
766 4199 893 4253 erga
934 4199 1082 4247 eum,
1129 4183 1403 4238 desiderio
1453 4186 1702 4248 moritur,
1755 4193 1816 4239 ut
1865 4185 2121 4240 audacter

553 4275 767 4344 loquar,
803 4276 1202 4345 pulcherrimae
1229 4276 1375 4330 illius
1411 4276 1800 4331 intellectualis
1844 4286 1901 4332 et
1933 4277 2121 4348 mysti-

554 4383 651 4421 cae
666 4368 1067 4421 communionis
1089 4383 1214 4421 cum
1241 4383 1308 4420 eo
1333 4368 1633 4422 secundum
1653 4367 2119 4438 ineorruptibilem

553 4457 920 4526 aptitudinem
952 4458 1006 4512 in
1050 4458 1479 4514 sanctiﬁcatione
1521 4459 1773 4514 conditae
1826 4461 2117 4516 societatis.

555 4549 719 4602 Beata
753 4565 937 4602 revera
972 4558 1028 4604 et
1050 4550 1178 4604 felix
1202 4551 1326 4605 talis
1347 4551 1548 4615 anima,
1571 4567 1710 4620 quae
1732 4552 1872 4606 victa
1890 4553 2119 4622 spiritali

555 4654 764 4701 amore,
802 4639 962 4710 digne
989 4640 1314 4710 desponsata
1338 4649 1422 4697 est
1441 4641 1553 4698 Deo
1572 4644 1773 4697 Verbo.
1800 4644 1954 4699 Dicat
1991 4660 2121 4714 ergo

556 4729 696 4814 ipsa,
723 4730 902 4784 dicat:
938 4731 1212 4787 Exultabit
1237 4735 1416 4788 anima
1438 4750 1556 4789 mea
1581 4735 1636 4788 in
1660 4735 1905 4800 Domino,
1929 4737 2017 4806 qui
2044 4737 2122 4790 in-

2211 3276 2412 3342 διδοὺς
2434 3274 2635 3348 [δώσω
2682 3273 2726 3345 ⁸]
2748 3274 2969 3342 νόμους
2986 3289 3104 3341 μου
3139 3272 3183 3340 ⁵)
3198 3273 3284 3334 είς
3294 3270 3398 3336 τὰς
3414 3269 3660 3339 καρδίας
3673 3270 3758 3321 αὑ-

2209 3369 2347 3430 τῶν,
2365 3368 2460 3422 καὶ
2481 3367 2577 3420 ἐπὶ
2599 3365 2705 3430 τὰς
2721 3365 2987 3431 διανοίας
3001 3362 3197 3417 αὐτῶν
3214 3361 3528 3431 ἐπιγράψω
3539 3362 3755 3424 αὐτούς·

2211 3459 2407 3513 αὐτίκα
2432 3456 2560 3526 γοῦν
2583 3457 2729 3518 ὅσοις
2763 3454 2980 3527 φροντίς
3020 3456 3165 3506 ἐστιν
3191 3453 3268 3515 εἰς
3293 3453 3472 3522 γένος
3499 3451 3755 3505 ἐκλεκτὸν

2212 3551 2437 3619 φθάσαι,
2463 3551 2541 3612 εἰς
2566 3548 2886 3612 ,Βασίλειον
2919 3545 3250 3614 ἱεράτευμα,
3278 3546 3357 3606 εἰς
3385 3543 3566 3608 ἔθνος
3592 3541 3756 3610 ἄτιον,

2213 3645 2291 3706 είς
2311 3640 2466 3698 λαὸν
2491 3641 2856 3708 περιούσιον,
2881 3637 3078 3710 ῥᾳδίως
3100 3637 3342 3706 δέχονται
3367 3636 3424 3688 tv
3450 3635 3658 3697 ἑαυτοῖς
3677 3634 3758 3702 τὴν

2212 3733 2306 3788 τοῦ
2332 3731 2592 3797 ζωοποιοῦ
2614 3730 2924 3802 πνεύματος
2949 3730 3247 3800 ἐνέργειαν.
3279 3727 3468 3796 διόπερ
3499 3725 3756 3796 παρακλή-

2216 3825 2346 3897 θητε
2391 3822 2646 3895 εὔχεσθαι
2670 3823 2732 3886 ⁸),
2763 3823 2910 3884 ὅπως
2939 3818 3361 3889 καταξιωθῶμεν
3381 3818 3492 3872 κᾶν
3511 3817 3636 3886 γοῦν
3653 3815 3760 3886 βρα-

2215 3917 2353 3986 χέως
2382 3918 2614 3968 συνεῖναι
2651 3913 2749 3984 τὴν
2793 3912 3121 3982 μονότροπον
3149 3911 3206 3963 ὲν
3244 3908 3468 3978 Χριστῷ
3511 3906 3756 3966 πολιτείας

2217 4006 2507 4076 εὐθύτητα.
2549 4006 2584 4075 ἡ
2631 4004 2737 4074 γὰρ
2777 4002 2997 4072 τοιαύτη
3031 3999 3174 4070 ψυχὴ
3217 3998 3533 4069 ἀποθεμένη
3563 3997 3654 4067 τὴν
3681 3993 3755 4048 τοῦ

2219 4095 2507 4169 προσώπου
2554 4094 2842 4166 αἰσχύνην,
2896 4093 2992 4148 καὶ
3045 4093 3240 4164 μηκέτι
3279 4086 3752 4162 κατακυριευομένη

2221 4189 2325 4242 ύπὺ
2360 4189 2458 4258 τῆς
2482 4186 2833 4259 αἰσχρότητος
2856 4186 2963 4238 τῶν
2987 4185 3284 4255 λογισμῶν,
3308 4183 3401 4235 καὶ
3424 4179 3755 4254 μοιχευομένη

2221 4281 2326 4335 ὑπὸ
2353 4281 2446 4334 τοῦ
2477 4279 2734 4352 πονηροῦ,
2768 4282 2928 4350 μόνου
2945 4278 3141 4350 δηλαδὴ
3173 4278 3267 4330 τοῦ
3298 4276 3614 4348 ἐπουρανίου
3645 4290 3756 4342 νυμ-

2223 4374 2346 4443 φίου
2366 4375 2628 4435 κοινωνεῖ,
2651 4371 2725 4433 ώς
2742 4369 2933 4440 αύτὴτ)
2977 4371 3321 4440 μονότροπος·
3344 4367 3649 4440 τετρωμένη
3668 4365 3756 4437 γὰρ

2222 4467 2287 4535 τῇ
2311 4466 2389 4528 εἰς
2418 4464 2579 4516 αύτδν
2607 4463 2795 4532 ἀγάπῃ
2827 4461 3077 4513 ἐπιποθεῖ
3107 4460 3202 4512 καὶ
3234 4459 3476 4513 ἐκλείπει
3497 4498 3513 4524 ,
3551 4458 3630 4510 ἵνα
3655 4455 3754 4508 τολ-

2228 4559 2406 4626 μήσας
2435 4553 2590 4618 εἴπω,
2620 4553 2717 4622 τὴν
2747 4553 2884 4623 πρὸς
2915 4551 3076 4604 αὐτὸν
3116 4550 3191 4613 ὡς
3215 4549 3422 4621 ὡραίαν
3461 4546 3651 4619 νοητὴν
3679 4541 3756 4597 καὶ

2231 4646 2495 4717 μυστικὴν
2544 4645 2827 4697 συνουσίαν
2873 4642 3014 4697 κατὰ
3052 4641 3153 4710 τὴν
3189 4641 3462 4711 ἄφθαρτον
3503 4637 3756 4704 συνάφειαν

2225 4741 2322 4809 τῆς
2355 4742 2412 4791 ἐν
2439 4738 2695 4808 ἁγιασμῷ
2724 4737 3028 4798 κοινωνίας.
3074 4732 3316 4805 μακαρία
3344 4733 3418 4796 ὼς
3449 4729 3653 4803 ἀληθῶς
3681 4724 3755 4780 καὶ

1853 4875 2106 4930 νΑιιιΑΕ
2143 4876 2544 4933 LECTIONES.

646 4986 686 5059 ¹.)
717 4987 852 5062 Cod.
905 5006 1256 5060 πιστεσομεν.
1289 4989 1820 5062 Primumlibrarius
1839 4990 2122 5062 scripsisse
2150 4991 2371 5046 videtur
2406 4989 2751 5058 πιστεύομεν,
2803 4987 3001 5062 deinde
3062 4995 3244 5062 autem
3290 4987 3512 5062 lil.era_v
3557 4995 3701 5062 supra

556 5056 848 5131 adscripta
875 5056 1178 5117 correxisse
1229 5071 1323 5116 aut
1370 5061 1749 5129 πιστεύσομεν.
1792 5079 1821 5112 υ
1848 5060 1905 5131 ἰιι
1935 5056 1985 5125 σ,
2019 5070 2114 5114 aut
2151 5062 2510 5129 πιστεύωμεν,
2543 5079 2603 5113 υο
2627 5056 2682 5116 in
2709 5079 2753 5113 ω
2789 5060 2896 5131 (ιῖὀ)
2921 5060 3341 5131 emendatis:
3376 5057 3419 5125 ²)
3444 5056 3699 5131 ΕΧ--οοηὶιν

558 5129 680 5183 cod.
721 5125 912 5193 οὐδεὶς.
949 5161 1018 5170 ——-
1041 5133 1082 5202 ³)
1131 5133 1275 5196 Ειιι.,
1307 5132 1429 5187 cod.
1464 5125 1746 5202 δῆλονὸτι.
1780 5160 1849 5170 --
1877 5130 1918 5200 ‘)
1981 5131 2135 5184 δώσω
2171 5148 2279 5185 om.
2312 5125 2456 5195 cod.,
2486 5133 2670 5186 addidi
2709 5125 3009 5190 cx'Jerem.
3051 5129 3240 5192 XXXI,
3277 5127 3365 5180 55.
3401 5155 3469 5164 -—
3513 5125 3555 5194 ⁵)
3613 5137 3698 5190 μου

557 5263 722 5320 supra
779 5251 957 5306 adscr.
1017 5252 1124 5306 alia
1170 5267 1244 5307 m.
1273 5282 1342 5292 -—
1373 5253 1414 5323 6)
1485 5251 1606 5309 cod.
1665 5221 1937 5324 εύχεσθαῗ,
1969 5271 1995 5306 ε
2027 5268 2190 5321 supra
2231 5252 2409 5307 adscr.
2443 5253 2564 5307 ead.
2597 5270 2670 5306 ιιι.
2697 5284 2766 5292 ——
2803 5254 2846 5321 ⁷)
2913 5252 3092 5315 Coni.,
3140 5249 3262 5304 cod.
3300 5246 3428 5302 αύτε
3460 5247 3544 5302 vel
3568 5245 3695 5298 οὔτε.

2065 5363 2318 5420 NOTAE.

740 5547 939 5615 Psalm.
968 5547 1200 5614 CXVIII,
1228 5549 1316 5606 18.

741 5617 782 5686 ιι
805 5616 929 5670 Cor.
960 5617 1044 5676 Vl.
1083 5618 1168 5671 ιιι.

760 5686 800 5738 ll
833 5686 958 5740 Cor.
994 5687 1084 5749 V'l,
1117 5688 1205 5742 16.

631 5476 708 5614 ρ)
732 5475 814 5531 Cf.
841 5475 998 5530 Rom.
1025 5477 1114 5537 Vl,
1148 5478 1234 5533 l9.

653 5548 686 5600 ἓ
740 5547 939 5614 Psalm.
968 5547 1200 5614 CXVIII,
1228 5568 1234 5580 λ

633 5615 714 5754 (il)

632 5687 710 5826 is)

657 5757 710 5826 5)
747 5756 788 5808 ιι
818 5757 965 5810 Pctr.
998 5758 1175 5821 11,19.

2353 5476 2371 5617 ζ
2408 5477 2596 5532 Matth.
2623 5479 2714 5541 v1,
2757 5478 2849 5531 ει.

2402 5549 2540 5616 Eph.
2565 5549 2628 5611 ν,
2655 5549 2744 5602 27.

2318 5549 2369 5616 ι)
2402 5549 2540 5616 Eph.
2565 5549 2628 5611 ν,
2655 5549 2744 5602 27.

2321 5619 2373 5684 8)
2403 5618 2526 5670 Joh.
2561 5619 2700 5678 XIV.
2739 5620 2792 5672 6.

2322 5687 2375 5748 θ’)
2400 5688 2599 5742 Jerem.
2628 5689 2792 5742 XXXI

2355 5761 2386 5808 0
