3948 6550
183 359 274 414 417

181 564 377 640 ματικῷ
426 564 612 636 ἔρωτι,
662 564 827 627 ἀξίως
867 562 1180 633 ἐνυμφεύθη
1226 563 1304 633 τῷ
1355 562 1463 633 θεῷ
1489 562 1530 633 ι)
1565 562 1725 633 λόγῳ.

176 662 362 729 λεγέτω
389 659 570 711 τοίνυν
600 657 736 728 αὐτή
761 696 775 718 ,
811 655 1035 723 λεγέτω·
1062 654 1454 725 ἀπιμιάσθω
1483 656 1523 724 ἡ
1561 652 1732 724 ψυχή

171 766 274 819 μου
303 746 402 799 ἐπὶ
428 745 508 799 τῶ
538 744 742 812 κυρίῳ·
775 743 1029 798 ἐνέδυσε
1056 743 1168 812 γάρ
1189 760 1266 812 με
1288 742 1520 812 ίμάτιον
1545 758 1736 810 σωτη-

167 840 313 909 ρίου,
352 837 448 890 καί
484 855 705 906 χιτῶνα
742 837 1126 905 εὐφροσύνης
1157 833 1467 902 περιέθηκέ
1492 850 1617 902 μοι,
1655 833 1736 898 ὡς

172 931 395 999 νυμφίῳ
407 930 627 998 μίτραν
646 929 716 998 ³),
742 929 840 981 καὶ
861 927 941 994 ὠς
962 929 1204 996 νύμφην
1222 923 1637 994 κατεκόσμησέ
1660 941 1738 993 με

171 1022 382 1088 κόσμῳ.
417 1018 620 1088 ταύτης
644 1019 754 1086 γὰρ
777 1017 838 1070 τὸ
857 1017 1049 1080 κάλλος
1071 1016 1414 1087 ἐπιθυμήσας
1437 1017 1465 1068 ὁ
1486 1015 1738 1086 βασιλεὺς

169 1112 259 1182 τῆς
294 1110 453 1180 δόξης
479 1108 818 1179 κατηξίωσεν
845 1109 1015 1179 αὐτὴν
1037 1108 1471 1179 χρηματίζεσθαι
1489 1109 1550 1160 οὐ
1579 1109 1738 1178 μόνον

170 1204 286 1257 ναὸν
309 1201 457 1262 θεοῦ,
484 1201 622 1254 ἀλλὰ
651 1201 746 1253 καὶ
770 1200 1042 1270 θυγατέρα
1065 1200 1327 1271 βασιλέως
1357 1201 1450 1253 καὶ
1471 1199 1734 1269 βασιλίδα·

167 1294 285 1351 ναὸν
335 1293 435 1364 μὲν
469 1292 592 1346 θεοῦ
625 1293 702 1355 ὡς
745 1291 1118 1346 οἰκειωθεῖσαν
1153 1291 1232 1362 τῷ
1271 1292 1410 1362 ἁγίῳ
1443 1291 1736 1362 πνεύματι·

169 1387 438 1456 θυγατέρα
466 1385 524 1438 δὲ
555 1383 821 1454 βασιλέως
846 1385 922 1448 ὡς
953 1382 1436 1453 τεκνοποιηθεῑσαν
1463 1383 1616 1452 παρά
1644 1381 1740 1436 τοῦ

165 1477 368 1549 πατρὸς
393 1476 504 1529 τῶν
533 1475 727 1546 φώτων
752 1492 767 1506 ·
799 1476 895 1528 καὶ
919 1475 1164 1546 βασιλίδα
1188 1475 1263 1538 ὡς
1291 1473 1652 1544 συναφθεῖσαν
1673 1477 1740 1546 τῇ

167 1570 373 1638 θεότητι
410 1571 511 1638 τῆς
536 1565 694 1637 δόξης
719 1565 813 1621 τοῦ
847 1565 1190 1638 μονογενοῦς.
1227 1567 1348 1619 καθ’
1390 1567 1448 1619 ὃν
1479 1566 1588 1639 γὰρ
1614 1567 1740 1637 τρό-

164 1679 258 1715 πον
283 1662 315 1713 ὁ
337 1660 545 1730 κύριος,
581 1655 664 1722 εἷς
686 1657 762 1711 ὢν
789 1658 910 1711 κατ’
936 1659 1144 1722 οὐσίαν,
1175 1657 1526 1729 πολυώνυμος
1552 1657 1743 1728 γέγονε

1629 342 2031 406 EPISTULAE.

178 474 430 544 εὐδαίμων
460 473 496 544 ἡ
522 471 744 544 τοιαύτη
773 470 915 543 ψυχή
936 512 952 537 ,
982 473 1102 543 ἥτις
1126 471 1421 542 ἡττηθεῖσα
1457 469 1536 542 τῷ
1569 489 1730 526 πνευ-

1842 471 1948 526 duit
1992 485 2077 525 me
2127 467 2445 524 vestimentis
2501 465 2690 521 salutis
2749 475 2799 520 et
2841 467 3146 522 indumento
3185 471 3418 526 iustitiae
3507 505 3509 508 ι

3301 349 3407 408 418

1833 560 2172 616 circumdedit
2196 577 2298 624 me,
2324 561 2476 631 quasi
2498 575 2746 631 sponsum
2783 559 3091 614 decoratum
3135 579 3326 618 corona
3370 578 3419 620 et

1835 657 1988 726 quasi
2008 671 2256 726 sponsam
2277 662 2523 709 ornatam
2550 652 2829 707 monilibus
2848 655 2954 707 suis
2978 653 3257 725 (1).Huius
3271 657 3417 711 enim

1834 746 2299 818 pulchritudinem
2341 745 2737 814 concupiscens
2773 760 2869 799 rex
2917 744 3120 815 gloriae
3166 746 3422 818 dignatus

1836 847 1920 891 est
1947 853 2069 892 eam
2110 851 2430 906 nuncupare
2467 852 2579 891 non
2616 836 2791 890 solum
2816 836 3077 905 templum
3101 836 3220 901 Dei,
3245 837 3340 891 sed
3365 847 3420 892 et

1837 929 2004 984 ﬁliam
2032 931 2174 1000 regis
2202 939 2258 984 et
2300 930 2571 1000 reginam:
2631 929 2894 998 templum
2944 927 3170 998 quidem
3215 929 3312 984 Dei
3362 939 3424 983 ut

1838 1020 2001 1092 2M
2014 1020 2316 1075 habitatam
2345 1035 2373 1072 a
2407 1018 2616 1089 Spiritu
2644 1027 2855 1082 sancto,
2880 1017 3044 1072 ﬁliam
3069 1028 3250 1072 autem
3280 1021 3423 1090 regis

1839 1118 1902 1164 ut
1927 1109 2238 1179 adoptatam
2271 1124 2301 1162 a
2339 1117 2494 1178 patre
2522 1108 2815 1173 luminum,
2847 1115 2904 1161 et
2946 1108 3292 1179 regittam'kut
3322 1126 3420 1181 ap-

1839 1212 2008 1258 tatam
2041 1202 2318 1257 divinitati
2352 1203 2556 1273 gloriae
2592 1200 2892 1272 Unigeniti.
2933 1201 3031 1256 Ad.
3061 1219 3223 1272 quem
3274 1203 3426 1258 enim

1841 1296 2064 1351 modum
2097 1295 2380 1359 Dominus,
2407 1295 2599 1364 quiest
2637 1310 2781 1348 unus
2813 1295 3116 1349 secundum
3163 1296 3426 1350 substan-

1842 1389 1994 1452 tiam,
2021 1387 2192 1441 multa
2225 1386 2450 1441 nomina
2503 1385 2714 1456 accepit
2772 1387 2984 1456 tropice
3038 1395 3263 1456 propter
3309 1387 3425 1441 dis-

1843 1481 2220 1552 pensationem
2285 1479 2478 1534 salutis
2531 1479 2855 1533 hominum?
2920 1478 3206 1545 Quomodo
3260 1489 3414 1550 petra

1844 1574 2149 1644 appellatur
2191 1583 2248 1628 et
2297 1574 2535 1628 ostium?
2580 1573 2858 1643 quomodo
2923 1573 3132 1628 securis
3189 1582 3244 1628 et
3295 1574 3424 1628 via?

1844 1675 1900 1720 et
1921 1667 2120 1722 iterum
2144 1666 2277 1722 vitis
2299 1677 2355 1721 et
2391 1665 2592 1737 panis?
2646 1665 2807 1720 Petra
2858 1665 3081 1736 quidem
3133 1665 3205 1719 ob
3257 1666 3428 1720 robur

165 1753 301 1809 κατά
334 1751 697 1824 τροπολογίαν
732 1751 919 1805 ἕνεκεν
965 1753 1066 1823 τῆς
1106 1751 1420 1821 οἰκονομίας
1468 1750 1741 1822 σωτηρίας

1845 1758 1968 1813 eius
2023 1758 2411 1813 inconcussum
2451 1765 2508 1812 et
2556 1757 2955 1812 inaccessibile.
3003 1755 3214 1812 Ostium
3269 1772 3424 1822 vero,

159 1846 264 1902 τῶν
296 1819 605 1916 ἀνθρώπων
634 1842 741 1914 (πῆ
769 1845 868 1916 μὲν
895 1819 1071 1914 πέτρα
1100 1819 1425 1915 ὀνομασθεὶς
1451 1843 1545 1896 καὶ
1568 1819 1708 1914 θῦρα
1725 1886 1741 1910 ,

1846 1848 1976 1920 quia
1991 1849 2108 1918 ipse
2131 1856 2216 1903 est
2231 1848 2494 1903 introitus
2515 1857 2770 1902 aeternae
2789 1847 2954 1900 vitae.
2976 1846 3196 1900 Securis
3216 1854 3425 1910 autem.

162 1939 235 2009 πῆ
267 1937 329 1991 δὲ
361 1937 516 2008 ἀξίνη
545 1937 639 1990 καὶ
674 1938 821 2004 ὁδός,
845 1937 939 1992 καὶ
971 1933 1126 2000 αὖθις
1157 1936 1400 2008 ἄμπελος
1428 1937 1524 1990 καὶ
1545 1937 1743 2007 ἄρτος,

160 2025 336 2095 πέτρα
371 2023 468 2094 μὲν
500 2023 590 2077 διὰ
612 2024 672 2077 τὸ
705 2025 763 2078 ὲν
794 2028 860 2096 τῇ
894 2023 1054 2097 ῥώμῃ
1083 2024 1248 2078 αὑτοῦ
1279 2024 1529 2079 ἄσειστόν
1561 2043 1620 2079 τε
1650 2027 1747 2080 καὶ

160 2116 489 2187 ἀπρόσιτον·
523 2115 662 2187 θύρα
696 2117 753 2170 δὲ
797 2117 886 2171 διὰ
928 2117 990 2169 τὸ
1037 2117 1198 2169 αὑτὸν
1232 2115 1373 2171 εἶναι
1401 2118 1609 2172 εἴσοδον
1647 2119 1746 2188 τῆς

157 2207 381 2263 αἰωνίου
413 2207 559 2278 ζωῆς
582 2224 596 2237 ·
629 2207 784 2280 ἀξίνη
816 2208 872 2261 δὲ
903 2207 992 2262 διὰ
1020 2207 1082 2261 τὸ
1123 2209 1412 2263 ἐκκόπτειν
1449 2210 1610 2263 αὑτὸν
1645 2210 1745 2275 τὰς

157 2301 250 2370 τῆς
275 2299 480 2361 κακίας
524 2299 709 2369 ῥίζας·
743 2299 836 2353 καὶ
871 2299 989 2363 ὁδὸς
1024 2298 1122 2352 διὰ
1154 2299 1216 2352 τὸ
1246 2298 1401 2368 ἄγειν
1427 2300 1589 2354 αὐτὸν
1619 2302 1745 2364 τοὺς

157 2389 343 2456 ἀξίους
377 2389 470 2443 ἐπὶ
492 2390 590 2460 τὴν
612 2389 715 2458 τῆς
741 2388 1000 2460 ἀληθείας
1023 2391 1335 2459 ἐπίγνωσιν·
1362 2392 1455 2446 καὶ
1479 2391 1740 2463 ἄμπελος,

161 2485 242 2537 ὅτι
279 2481 346 2548 ἐξ
395 2479 559 2534 αὐτοῦ
607 2481 638 2534 ὁ
667 2480 973 2551 εὐφραίνων
1013 2483 1240 2553 καρδίαν
1281 2483 1569 2556 ἀνθρώπου
1600 2477 1744 2548 οἶνος

157 2575 590 2644 καρποφορεῖται
612 2590 626 2604 ·
656 2573 856 2642 ὁμοίως
891 2573 948 2627 δὲ
992 2575 1088 2627 καὶ
1122 2575 1317 2647 ἄρτος,
1349 2576 1432 2629 ὅτι
1472 2576 1743 2646 στηρίζων

155 2664 389 2735 καρδίαν
424 2663 644 2733 λογικοῦ
695 2663 993 2736 ζώου)·τδν
1031 2666 1194 2721 αὐτὸν
1223 2667 1423 2739 τρόπον
1457 2668 1552 2721 καὶ
1583 2669 1617 2739 ἡ
1659 2668 1742 2722 ol-

155 2755 451 2809 κειωθεῖσα
480 2754 560 2826 τῷ
588 2753 696 2825 θεῷ
725 2755 771 2825 ³)
802 2754 944 2827 λόγῳ
983 2756 1212 2827 ἄμωμος
1239 2757 1383 2829 ψυχὴ
1409 2758 1741 2827 μονότροπος

150 2848 504 2917 τυγχάνουσα
521 2849 662 2900 κατὰ
683 2847 886 2910 πολλὰς
913 2849 1195 2918 προκοπὰς
1216 2849 1324 2902 τῶν
1353 2848 1739 2919 πνευματικῶν

151 2939 368 3010 ἀρετῶν
400 2937 495 2992 καὶ
522 2939 630 2992 τῶν
650 2938 868 3010 δωρεῶν
901 2939 1286 3011 ἀξιωθήσεται.
1318 2941 1531 3011 είρηται
1560 2941 1616 2994 δέ
1649 2958 1738 3012 μοι

147 3030 327 3084 ταῦτα
384 3031 570 3084 ἕνεκεν
615 3030 711 3084 τοῦ
734 3032 778 3102 ⁸)
835 3033 896 3086 οὐ
951 3032 1109 3103 μόνον
1148 3034 1309 3104 τριχῆ
1362 3033 1596 3086 νοεῖσθαι
1646 3033 1738 3087 τὸν

149 3122 546 3194 χρηματισμὸν
577 3123 676 3193 τῆς
715 3123 953 3194 νύμφης,
991 3123 1128 3177 ἀλλὰ
1166 3125 1259 3177 κοιλ⁸
1298 3123 1596 3195 πολλαχῶς.
1647 3124 1736 3192 γι-

1847 1937 1978 2009 quia
2003 1938 2279 1994 exscindit
2305 1938 2518 1992 radices
2544 1935 2848 2006 pravitatis.
2883 1937 2953 1991 Et
2989 1936 3098 2001 via,
3130 1935 3258 2005 quia
3275 1936 3429 1992 ducit

1846 2031 2040 2101 dignos
2066 2030 2135 2084 ad
2171 2030 2421 2085 veritatis
2452 2028 2842 2099 cognitionem.
2891 2029 2961 2083 Et
2987 2027 3134 2092 vitis,
3173 2029 3321 2098 quod
3359 2046 3427 2084 ex

1845 2121 1965 2192 ipso
1987 2122 2304 2176 exhilarans
2329 2136 2425 2175 cor
2445 2119 2687 2174 hominis
2719 2120 2910 2174 vinum
2953 2121 3216 2190 carpitur.
3267 2119 3429 2176 Simi-
3511 2121 3518 2126 ⁷

1843 2212 1970 2267 liter
1983 2227 2114 2267 vero
2134 2212 2298 2266 etiam
2319 2212 2497 2282 panis,
2523 2219 2712 2281 utpote
2728 2210 3058 2265 confirmans
3079 2227 3174 2265 cor
3192 2211 3428 2266 rationa-

1843 2302 1971 2358 bilis
1990 2302 2257 2357 animalis.
2293 2302 2353 2356 ln
2378 2301 2610 2356 eandem
2643 2301 2909 2354 rationem
2931 2301 3095 2355 etiam
3126 2301 3426 2356 inhabitata

1843 2407 1875 2447 a
1908 2393 2020 2446 Deo
2046 2391 2216 2447 verbo
2261 2391 2608 2445 immaculata
2649 2388 2850 2453 anima,
2882 2388 3114 2458 simplex
3142 2387 3304 2453 facta,
3341 2404 3428 2444 se-

1843 2481 2084 2535 cundum
2129 2481 2332 2535 multos
2383 2477 2662 2550 profectus
2700 2476 3084 2548 spiritualibus
3129 2476 3427 2531 virtutibus

1842 2573 2113 2645 donisque
2146 2573 2481 2644 dignabitur.
2510 2572 2666 2626 Dicta
2701 2579 2886 2625 autem
2917 2578 3046 2626 sunt
3077 2565 3213 2624 haec
3251 2585 3283 2623 a
3314 2585 3423 2633 me,

1840 2674 1905 2721 ut
1944 2681 2056 2722 non
2105 2667 2283 2721 solum
2329 2665 2618 2736 tripliciter
2659 2664 2996 2735 intelligatur
3039 2663 3319 2718 oraculum
3356 2662 3424 2716 de

1841 2775 2060 2830 sponsa,
2085 2759 2180 2814 sed
2206 2759 2370 2813 etiam
2397 2757 2774 2812 multifariam.
2798 2755 3079 2826 Cognosce
3098 2769 3250 2818 vero,
3277 2754 3427 2808 hunc

1839 2863 1960 2904 esse
1985 2849 2261 2919 planctum
2278 2847 2334 2902 in
2355 2857 2653 2918 conspectu
2678 2845 3065 2911 nostri,donec
3087 2845 3426 2900 introeamus

1840 2940 1911 2994 ad
1938 2940 2114 2994 altare
2142 2941 2260 3006 Dei,
2290 2941 2359 2994 ad
2377 2940 2545 2994 Deum
2573 2941 2660 3011 qui
2687 2939 2942 3008 laetiﬁcat
2973 2940 3298 2992 iuventutem
3325 2953 3424 2990 no-

1835 3033 2117 3104 stram(‘2).
2147 3034 2276 3088 Vult
2293 3033 2440 3087 enim
2461 3032 2731 3097 Salvator,
2746 3032 2911 3086 etiam
2929 3045 3051 3095 nos,
3074 3029 3166 3100 qui
3190 3030 3244 3084 in
3262 3043 3426 3084 carne

1839 3141 2048 3189 sumus,
2070 3140 2166 3179 sua
2187 3124 2403 3195 apathia
2425 3124 2620 3194 dignos
2638 3123 2791 3178 reddi
2817 3121 3141 3192 implerique
3169 3121 3426 3176 sanctita-

148 3230 328 3266 νωσκε
364 3212 445 3274 δέ,
479 3213 562 3266 ὅτι
584 3212 744 3266 τοῦτο
771 3214 940 3278 κόπος
967 3214 1023 3284 ⁸)
1056 3215 1204 3268 ἐστὶν
1237 3214 1469 3268 ἐνώπιον
1493 3213 1648 3286 ἡμῶν
1669 3215 1737 3284 ⁸),

1842 3227 1916 3284 te,
1953 3225 2014 3272 ut
2043 3215 2383 3272 conﬁdenter
2408 3215 2687 3270 dicamus:
2709 3213 2774 3269 In
2793 3230 2950 3268 carne
2970 3213 3299 3267 ambulantes
3322 3229 3426 3266 non

148 3304 255 3368 ’ἐως
299 3298 368 3358 οὗ
397 3303 727 3376 εἰσέλθωμεν
749 3306 794 3377 ⁷)
825 3307 906 3370 είς
940 3306 1007 3359 τὸ
1046 3307 1433 3376 ἁγιαστήριον
1459 3306 1568 3360 τοῦ
1603 3305 1741 3361 θεοῦ

1842 3310 2121 3364 secundum
2151 3325 2367 3362 carnem
2406 3301 2694 3361 militamus
2713 3324 2730 3372 ;
2752 3323 2877 3360 nam
2895 3323 3047 3359 arma
3066 3304 3288 3358 militiae
3326 3321 3426 3358 no-

147 3395 303 3464 πρὸς
323 3396 438 3449 τὸν
447 3395 588 3450 θεὸν
605 3398 712 3450 τὸν
729 3399 1129 3467 εὐφραίνοντα
1145 3399 1259 3466 τὴν
1275 3401 1526 3466 νεότητα
1549 3398 1740 3469 ἡμῶν.

1842 3411 1984 3457 strae
2006 3419 2110 3457 non
2133 3401 2376 3455 carnalia
2392 3409 2534 3463 sunt,
2549 3399 2638 3453 sed
2653 3401 2884 3470 potentia
2904 3398 3014 3452 Deo
3031 3399 3100 3453 ad
3117 3396 3450 3452 destructiow

152 3487 415 3557 βούλεται
456 3488 567 3560 γὰρ
601 3490 748 3560 ἡμᾶς
777 3491 806 3542 ὁ
833 3490 1016 3561 σωτὴρ
1049 3491 1108 3543 ὲν
1139 3491 1304 3560 σαρκὶ
1330 3490 1488 3554 ὄντας
1523 3490 1616 3544 καὶ⁸
1643 3488 1741 3560 τῆς

1844 3507 1962 3544 nem
1980 3487 2585 3552 munitionum,consilia
2606 3475 2927 3540 destruente's
2951 3493 2998 3539 et
3017 3501 3222 3538 omnem
3245 3483 3430 3538 altitu-

144 3580 433 3644 ἀπαθείας
480 3581 644 3635 αὐτοῦ
701 3583 1137 3652 καταξιωθῆναι,
1189 3585 1284 3636 καὶ
1323 3582 1418 3636 τοῦ
1469 3582 1741 3654 ἀγιασμοῦ

1842 3583 2015 3636 dinem
2047 3578 2382 3636 extollentem
2405 3596 2461 3634 se
2483 3580 2731 3634 adversus
2764 3580 3038 3633 scientiam
3062 3578 3158 3632 Dei
3176 3577 3274 3649 (5).
3296 3578 3427 3633 Inde

147 3672 548 3744 πληρωθῆναι,
609 3674 695 3728 ἵνα
743 3674 1070 3746 θαρροῦντες
1120 3674 1402 3746 λέγωμεν·
1440 3674 1512 3728 ἐν
1562 3675 1742 3744 σαρκί

143 3765 631 3832 περιπατοῦντες
659 3768 731 3822 οὐ
760 3765 912 3820 κατὰ
943 3765 1145 3834 σάρκα
1170 3767 1639 3837 στρατευόμεθα·
1671 3767 1746 3822 τὰ

144 3859 260 3928 τὰρ
291 3859 465 3913 ὅπλα
490 3858 599 3927 τῆς
627 3858 943 3928 στρατείας
962 3857 1132 3927 ἡμῶν
1156 3859 1228 3912 οὐ
1259 3857 1546 3926 σαρκικά,
1587 3859 1746 3914 ἀλλὰ

143 3950 397 4006 δυνατὰ
439 3949 522 4014 τῷ
574 3948 685 4016 θεῷ
717 3950 868 4020 πρὸς
916 3949 1263 4018 καθαίρεσιν
1318 3949 1742 4019 ὀχυρωμάτων·

142 4042 498 4113 λογισμοὺς
524 4043 949 4110 καθαιροῦντες
978 4041 1077 4096 καὶ
1107 4040 1230 4096 πᾶν
1255 4041 1472 4111 ὕψωμα
1507 4043 1746 4110 ἐπαιρό-

133 4151 343 4206 μενον
386 4133 539 4188 κατὰ
561 4133 671 4202 τῆς
697 4132 971 4204 γνώσεως
996 4133 1102 4187 τοῦ
1128 4132 1286 4187 θεοῦ.
1320 4132 1425 4204 χρὴ
1451 4133 1626 4186 τοίνυν
1659 4136 1746 4186 ὲν-

1845 3673 2010 3744 igitur
2046 3679 2264 3742 Oportet
2295 3669 2401 3724 iam
2427 3668 2642 3740 alligare
2673 3683 2774 3722 nos
2797 3667 2948 3722 cruci
2974 3667 3257 3738 passiones
3295 3682 3426 3736 pec-

1846 3767 1950 3822 cati
1973 3764 2273 3820 secundum
2298 3763 2599 3834 prophetae
2623 3760 2931 3816 orationem
2957 3777 2971 3812 :
2997 3757 3212 3828 Conﬁge
3239 3759 3427 3812 timore
3481 3775 3488 3780 ·

1849 3864 1936 3910 tuo
1963 3873 2147 3910 carnes
2178 3872 2320 3909 meas
2345 3854 2443 3925 (4).
2470 3854 2604 3907 Nam
2630 3867 2758 3908 caro
2780 3860 2836 3906 et
2857 3850 3099 3920 sanguis,
3127 3866 3263 3920 quas
3293 3850 3428 3906 dicit

1846 3947 2141 4018 Apostolus
2165 3961 2274 4000 non
2298 3960 2456 4016 posse
2485 3959 2714 4015 regnum
2747 3943 2844 3998 Dei
2878 3941 3082 4007 sortiri,
3116 3957 3225 3996 non
3265 3941 3426 4012 205

1847 4049 1931 4093 est
1951 4039 2056 4093 hoc
2081 4038 2227 4109 quod
2249 4036 2582 4107 conspicitur
2602 4049 2820 4105 corpus,
2843 4034 2950 4088 hoc
2967 4033 3113 4088 enim
3138 4049 3167 4088 a
3186 4033 3297 4087 Deo
3316 4031 3428 4087 for-

1849 4140 2055 4185 matum
2073 4138 2178 4196 est,
2201 4129 2296 4185 sed
2322 4129 2600 4202 prudentia
2627 4129 2804 4182 carnis
2827 4126 2926 4198 (5),
2957 4141 3096 4197 quae
3122 4133 3374 4179 movetur
3399 4142 3430 4182 ει

1849 4220 2131 4290 spiritibus
2161 4219 2460 4290 nequitiae,
2487 4219 2574 4290 qui
2607 4225 2894 4289 operantur
2925 4218 2979 4271 in
3007 4216 3146 4286 filios
3186 4215 3424 4286 (li/ﬁdem

1850 4314 1954 4366 tiae
1976 4311 2073 4384 (6).
2097 4312 2313 4367 Etenim
2355 4327 2467 4366 non
2513 4312 2762 4366 adversus
2797 4327 3010 4364 carnem
3036 4317 3084 4362 et
3107 4309 3420 4380 sanguinem

1850 4406 2105 4478 perfectis
2128 4407 2184 4461 in
2208 4406 2426 4462 Christo
2449 4405 2814 4462 certatoribus
2854 4413 2930 4458 est
2970 4402 3290 4467 colluctatio,
3335 4400 3426 4455 sed

141 4220 349 4276 τεῦθεν
377 4223 483 4294 ἥδη
508 4223 856 4294 προσηλῶσαι
886 4224 1032 4293 ἡμᾶς
1052 4221 1130 4291 τῷ
1154 4222 1371 4294 σταυρῷ
1393 4222 1462 4276 τὰ
1482 4222 1628 4293 πάθη
1648 4223 1748 4294 τῆς

140 4313 445 4383 ἁμαρτίας
464 4312 602 4365 κατά
616 4311 714 4383 τὴν
743 4310 840 4364 τοῦ
871 4313 1154 4382 προφήτου
1180 4311 1364 4382 εὐχήν·
1391 4310 1750 4380 καθήλωσον

137 4405 210 4458 ἑκ
247 4405 374 4459 τοῦ
407 4405 596 4473 φόϐου
626 4421 742 4458 σου
773 4405 880 4470 τὰς
912 4402 1146 4472 σάρκας
1171 4421 1310 4473 μου.
1345 4404 1481 4475 σὰρξ
1509 4405 1618 4477 γὰρ
1655 4407 1750 4459 καὶ

138 4489 318 4568 αἷμα,
367 4497 504 4568 περὶ
530 4490 604 4549 ῶν
644 4495 790 4564 λέγει
821 4497 850 4549 ὁ
874 4496 1167 4559 ἀπόστολος
1203 4496 1276 4566 μὴ
1303 4495 1561 4550 δύνασθαι
1595 4497 1741 4568 βασι-

1856 4499 2099 4554 adversus
2121 4500 2302 4554 mundi
2341 4507 2563 4553 rectores
2609 4497 2936 4552 tenebrarum
2981 4497 3191 4561 harum,
3239 4502 3425 4549 contra

133 4588 301 4642 λείαν
327 4587 466 4642 θεοῦ
507 4588 931 4660 κληρονομῆσαι,
966 4588 1026 4641 οὐ
1059 4588 1216 4642 τοῦτό
1249 4590 1364 4642 ἐστι
1391 4587 1452 4640 τὸ
1475 4587 1741 4660 ὁρώμενον

1861 4593 2165 4664 spiritualia
2189 4594 2452 4664 nequitiae
2469 4592 2566 4664 (7).

137 4695 342 4767 σῶμα·
377 4694 538 4748 τοῦτο
562 4695 671 4767 γὰρ
697 4695 801 4750 ὑπὸ
823 4694 958 4765 δθεοῦ
1007 4695 1247 4768 ἐπλάσθη
1272 4712 1286 4727 ·
1322 4695 1457 4749 ἀλλά
1492 4697 1559 4750 τὸ
1599 4699 1875 4769 φρόνημα
1896 4701 2007 4772 τῆς
2027 4704 2253 4773 σαρκὸς
2299 4704 2363 4757 τὺ
2419 4701 2734 4771 κινούμενον
2759 4698 2865 4754 ὑπὸ
2921 4696 3032 4750 τῶν
3098 4693 3425 4764 πνευμάτων

132 4789 245 4857 τῆς
296 4787 608 4860 πονηρίαςν
658 4788 776 4842 τῶν
821 4788 1224 4859 ἐνεργούντων
1270 4789 1394 4856 τοῖς
1438 4791 1589 4857 υἱοῖς
1629 4792 1741 4861 τῆς
1776 4795 2099 4865 ἀπειθείας.
2142 4800 2214 4853 οὺ
2278 4798 2386 4869 γὰρ
2458 4796 2610 4865 πρὸς
2643 4791 2786 4863 αἷμα
2834 4791 2933 4846 καὶ
2973 4792 3169 4858 σάρκα
3213 4791 3327 4853 τοῖς
3365 4791 3424 4841 ἐν

134 4878 393 4952 Χριστῷ
457 4879 683 4943 τελείοις
721 4879 1052 4948 ἀγωνισταῖς
1102 4881 1142 4948 ἡ
1194 4878 1395 4949 πάλη,
1447 4881 1608 4936 ἀλλὰ
1672 4885 1821 4952 πρὸς
1858 4888 2001 4954 τοὺς
2051 4887 2540 4960 κοσμοκράτορας
2587 4883 2695 4938 τοῦ
2748 4883 3009 4960 σκότους
3053 4878 3162 4932 τοῦ
3209 4876 3424 4941 αἰῶνος

131 4973 407 5039 τούτου,
438 4973 590 5040 πρὸς
614 4971 688 5026 τὰ
715 4972 1086 5040 πνευματικὰ
1117 4970 1230 5040 τῆς
1256 4973 1567 5041 πονηρίας.

1452 5085 1708 5141 VARIAE
1749 5086 2156 5143 LECTIONES.

212 5176 266 5250 ³)
305 5175 415 5250 Sic
443 5174 590 5250 cod_.,
627 5189 737 5250 non
770 5173 954 5244 θεῖκῷ.
983 5176 1130 5250 -_—A’)
1161 5174 1415 5250 Emend,
1454 5176 1576 5230 cod.
1624 5178 1855 5250 μῆτραν.
1891 5209 1962 5218 -—-
1983 5178 2027 5250 ³)
2067 5177 2156 5233 Sic
2183 5175 2330 5242 cod.,
2362 5191 2470 5250 non
2513 5170 2698 5250 θεῖκῷ.
2725 5200 2795 5210 --
2820 5167 3137 5250 ‘).Em.end.,
3179 5167 3301 5222 cod.
3340 5169 3420 5249 τό.

130 5240 427 5325 .._‘)_Sic
464 5247 614 5325 cod.,
670 5246 810 5298 forte
856 5240 1091 5325 σκοπόςῖζ
1113 5240 1183 5287 ⁷-
1207 5247 1252 5316 ³)
1285 5245 1421 5325 βοά.
1468 5240 1753 5325 μοιμέὲά
1801 5240 2019 5304 eadem'
2048 5264 2132 5325 m.‘
2168 5240 2352 5325 supra
2384 5243 2564 5325 adscr.
2587 5240 2815 5325 literato
2843 5240 3275 5325 'ﬂnsignumquel
3311 5240 3392 5293 cir

130 5306 429 5440 cumaea;
467 5306 700 5386 syllabae
733 5332 830 5385 μου
860 5306 1142 5385 imposuit,
1189 5306 1334 5370 unde
1377 5306 1531 5386 ἡμῶν
1563 5306 1854 5388 legendum
1891 5335 2011 5373 esse
2049 5306 2377 5375 existimavi.
2411 5345 2480 5359 -—-
2512 5315 2556 5386 ⁷)
2583 5311 2697 5368 Cod
2769 5306 3018 5374 εῑςέλθωξ
3041 5308 3137 5364 88d
3177 5306 3300 5364 ead.
3343 5325 3421 5370 m-

129 5403 321 5460 supra
345 5403 386 5440 a
431 5401 537 5440 scr.
568 5402 721 5457 ομεν.

1691 5498 1943 5555 NOTAE.

2024 5597 2181 5652 nom.
2207 5595 2344 5658 vm,
2382 5596 2432 5651 6.

1928 5672 1976 5738 (ε
2034 5669 2173 5737 Eph.
2203 5669 2266 5732 η,
2306 5669 2358 5722 2.

1924 5669 1999 5737 (δ)
2034 5669 2173 5737 Eph.
2203 5669 2266 5732 ιι,
2306 5669 2358 5722 2.

1881 5795 1886 5799 .
1925 5734 2000 5810 (7)
2028 5734 2164 5810 Eph.
2200 5739 2284 5805 γι,
2315 5739 2397 5792 te.

203 5596 300 5664 ω)
345 5595 484 5650 Isai.
511 5593 648 5657 LXI,
685 5595 771 5649 to.

230 5668 296 5732 Ξ)
337 5666 551 5720 Psalm.
581 5665 739 5730 XLII,
761 5667 814 5719 4.

231 5742 296 5796 5)
341 5735 393 5789 11
425 5735 550 5787 Cor.
594 5735 658 5794 Χ,
692 5737 745 5789 5.
778 5737 831 5789 4.

207 5805 296 5879 (4.)
341 5805 553 5860 Psalm.
578 5806 808 5870 cxvm,
845 5807 966 5859 120.

412 5900 684 5964 PATROL.
731 5906 846 5964 Gn.
886 5903 1149 5963 XXXIV.
2838 5889 2907 5950 14
