3948 6540
588 330 690 388 419

1840 323 1897 379 S.
1937 321 2218 378 MACARII
2254 319 2576 387 AEGYPTII

3696 331 3773 388 L20

659 447 866 515 Quodsi
888 446 1230 512 conﬁtemur,
1257 460 1368 501 non
1394 443 1697 499 naturalem
1729 456 1849 497 esse
1879 440 2150 511 operatio-

2322 439 2387 493 Εἰ
2415 434 2508 494 οὖν
2543 438 2933 510 ὁμολογοῦμεν,
2985 437 3062 510 μὴ
3101 436 3338 510 φυσικὴν
3366 431 3504 492 εἶναι
3546 438 3633 511 τὴν
3659 443 3777 516 Mp-

587 558 714 596 nein
748 541 926 603 istam,
951 540 1045 594 sed
1087 539 1518 593 adversariarum
1532 533 2156 604 virtutum,poterimus,

587 643 808 694 accepta
859 632 1123 686 adversus
1166 646 1260 685 eas
1308 638 1587 683 armatura
1633 627 1858 691 Christi,
1907 626 2161 681 resistere

587 741 778 780 carum
802 721 1116 793 insidiis(l),
1145 721 1380 776 donante
1427 720 1585 774 nobis
1608 726 1929 790 potestatem
1973 717 2160 772 Salva-

590 824 708 868 tore
743 811 983 866 calcandi
1005 827 1165 880 supra
1188 818 1448 879 serpentes
1491 815 1539 859 et
1584 806 1876 876 scorpiones
1917 813 1964 856 et
2007 819 2163 874 super

590 920 794 958 omnem
831 904 1070 956 virtutem
1103 897 1399 952 adversarii
1419 896 1532 968 ('2);
1562 907 1622 950 ut
1655 894 1955 949 audeamus
1981 892 2162 948 dicere

590 995 722 1049 dum
755 994 807 1047 in
833 1007 993 1046 carne
1024 1006 1212 1045 sumus
1235 1008 1248 1043 :
1275 989 1617 1060 Iniquitatem
1649 989 1693 1042 si
1711 988 1888 1058 aspexi
1910 987 1962 1040 in
1989 986 2160 1048 corde,

592 1103 696 1141 non
724 1083 964 1137 exaudiet
981 1081 1233 1134 Dominus
1259 1079 1358 1151 (5);
1384 1087 1440 1134 ct
1463 1097 1476 1132 :
1501 1077 1628 1134 Sine
1647 1079 1933 1150 iniquitate
1958 1078 2165 1130 cucurri

591 1185 641 1230 et
657 1177 821 1230 direxi
838 1174 960 1245 (4)),
977 1173 1031 1228 id
1049 1181 1152 1236 est,
1180 1172 1298 1226 sine
1319 1171 1515 1226 aﬂ‘ectu
1540 1171 1773 1240 quodam
1797 1169 1997 1224 carnali
2020 1168 2163 1222 viam

592 1261 844 1324 coelestis
889 1262 1318 1321 conversationis
1356 1261 1513 1316 facile
1550 1260 1845 1331 ingredior,
1898 1260 1965 1313 ad
2011 1259 2166 1312 desti-

591 1369 778 1414 natum
828 1372 1161 1428 persequens,
1213 1355 1282 1409 ad
1338 1355 1576 1408 brevium
1628 1367 1885 1424 supernae
1933 1351 2164 1404 vocatio-

593 1452 672 1505 nis
697 1449 797 1522 (5).
826 1449 907 1503 Ab
934 1446 1082 1501 omni
1107 1446 1252 1501 enim
1281 1444 1478 1499 aﬂ'ectu
1510 1441 1801 1497 abalienati
1842 1440 2166 1494 audebimus

591 1542 806 1596 dicere:
833 1555 946 1593 non
968 1537 1130 1592 modo
1149 1536 1306 1606 ﬁdem
1345 1535 1566 1598 servavi,
1614 1533 1711 1588 sed
1751 1533 1915 1588 etiam
1953 1548 2166 1586 cursum

592 1630 946 1688 consummavi
969 1627 1067 1701 (6).
1098 1628 1286 1698 Neque
1324 1627 1471 1681 cnim
1507 1625 1728 1680 credere
1753 1625 1929 1679 solum
1949 1631 2166 1693 oportet

591 1724 827 1786 Christo,
863 1721 958 1776 sed
1001 1719 1167 1774 etiam
1225 1717 1336 1788 pati
1377 1732 1499 1771 cum
1547 1731 1634 1781 eo,
1689 1714 1990 1770 secundum
2030 1711 2164 1768 illud

591 1815 738 1886 quod
767 1814 974 1868 dictum
1011 1820 1096 1866 cst
1119 1829 1132 1865 :
1162 1809 1308 1864 Vobis
1333 1811 1470 1863 enim
1497 1807 1750 1861 donatum
1772 1814 1846 1859 est
1873 1822 1977 1859 non
1994 1803 2165 1859 solum

592 1918 649 1962 ut
672 1909 725 1961 in
751 1905 1015 1961 Christum
1038 1901 1284 1968 credatis,
1307 1901 1398 1956 sed
1429 1909 1487 1954 ut
1519 1899 1678 1952 etiam
1720 1914 1815 1969 pro
1853 1895 1945 1951 illo
1990 1893 2205 1967 patia—-°

593 1998 724 2053 mini
765 1995 863 2068 (7).
904 1995 1038 2050 Nam
1077 1993 1257 2048 solum
1305 1990 1528 2046 credere
1565 1990 1677 2044 Deo
1717 2002 1907 2043 eorum
1949 1996 2033 2042 est
2072 1987 2167 2056 qui

593 2098 808 2143 terrena
835 2085 1073 2156 sapiunt,
1108 2098 1176 2137 ne
1226 2081 1405 2136 dicam
1453 2089 1509 2134 et
1556 2078 1964 2133 immundorum
2004 2078 2166 2149 spiri-

593 2185 749 2231 tuum
789 2173 882 2244 qui
930 2172 1158 2227 dicunt:
1197 2169 1399 2226 Scimus
1449 2179 1498 2223 te
1542 2171 1629 2240 qui
1660 2169 1752 2234 sis,
1798 2168 1877 2238 ﬁli
1925 2167 2020 2222 Dei
2066 2167 2164 2240 (8).

593 2267 837 2337 Utraque
861 2264 1009 2320 enim
1036 2279 1163 2334 pars
1188 2261 1408 2316 inimica
1433 2271 1518 2316 est
1540 2260 1721 2316 crucis
1751 2259 1992 2327 Christi;
2035 2276 2168 2331 quo-

594 2376 715 2413 rum
736 2357 858 2428 ﬁnis
881 2357 1142 2420 interitus,
1174 2369 1397 2424 quorum
1422 2351 1560 2405 Deus
1598 2359 1773 2405 venter
1805 2359 1876 2404 est
1914 2359 1962 2404 et
1996 2349 2167 2421 gloria

593 2451 651 2504 in
689 2447 986 2518 confusione
1017 2446 1250 2516 ipsorum
1297 2443 1387 2513 qui
1435 2449 1643 2494 terrena
1683 2441 1899 2510 sapiunt
1927 2439 2024 2510 (9).
2073 2439 2169 2493 Vi-

596 2537 786 2603 desne,
841 2552 952 2591 non
995 2543 1206 2589 tantum
1257 2531 1585 2603 apostaticas
1631 2531 1866 2584 virtutes
1920 2530 2170 2585 inimicos

595 2630 775 2687 crucis
800 2645 940 2693 esse,
966 2627 1062 2682 sed
1091 2635 1148 2681 et
1173 2641 1268 2681 eos
1291 2626 1383 2696 qui
1407 2633 1626 2680 terrena
1650 2623 1908 2694 sapiunt?
1928 2623 2043 2678 Pati
2069 2639 2168 2678 au-

596 2732 706 2777 tem
731 2736 855 2776 cum
880 2720 1099 2775 Christo
1121 2726 1176 2771 et
1203 2715 1599 2787 congloriﬁcari
1642 2717 1816 2770 solum
1846 2730 2036 2769 eorum
2059 2722 2166 2780 est,

595 2813 690 2884 qui
715 2827 837 2867 sese
862 2809 1252 2866 cruciﬁxerunt
1298 2807 1464 2862 rebus
1507 2806 1673 2867 huius
1713 2805 1924 2869 mundi,
1964 2805 2170 2874 quique

598 2903 811 2958 Domini
842 2902 1094 2972 stigmata
1126 2899 1181 2952 in
1219 2899 1445 2970 propriis
1469 2897 1769 2968 corporibus
1791 2905 2005 2968 portant
2033 2894 2166 2967 (10).

593 2995 823 3068 Oportet
844 2993 993 3048 enim
1015 3005 1132 3056 eos,
1158 2990 1252 3060 qui
1277 2998 1425 3044 recte
1445 2988 1818 3059 phi1050phari
1847 2997 2070 3053 norunt,
2093 2996 2171 3042 at-

595 3103 704 3160 que
733 3085 942 3141 animas
969 3100 1038 3138 ex
1060 3081 1298 3136 malitiae
1341 3079 1770 3150 inquinamentis
1803 3079 2170 3143 redemerunt,

597 3186 852 3234 accurate
883 3174 1022 3230 scire
1056 3171 1435 3244 philosophiae
1466 3169 1651 3236 ﬁnem,
1679 3178 1739 3223 ut
1761 3168 1978 3240 cognito
1999 3178 2055 3223 et
2087 3169 2175 3223 iti—

599 3268 748 3323 neris
791 3266 977 3320 labore
1020 3274 1076 3319 et
1127 3278 1321 3318 cursus
1359 3260 1617 3324 termino,
1669 3274 1860 3315 omnes
1921 3259 2179 3315 deiiciant

599 3356 912 3428 superbiam
934 3362 990 3409 et
1014 3352 1392 3425 gloriationem
1423 3349 1490 3404 de
1517 3348 1677 3404 bonis
1705 3349 1866 3420 206
1894 3349 2174 3419 operibus,

598 3452 762 3513 atque
787 3443 1023 3497 animam
1063 3455 1218 3496 suam
1251 3455 1360 3495 una
1381 3454 1506 3493 cum
1529 3438 1640 3492 vita
1667 3438 1968 3492 secundum
2014 3455 2177 3509 prae-

600 3543 821 3606 ceptum
851 3533 1170 3604 Scripturae
1196 3527 1655 3602 abnegantesﬂi)
1674 3545 1842 3583 unum
1861 3529 2177 3585 intueantur

601 3627 953 3690 thesaurum,
1009 3639 1174 3694 quem
1223 3621 1533 3678 dilectionis
1577 3621 1634 3676 in
1679 3622 1958 3678 Christum
2016 3637 2175 3691 prac-

599 3718 770 3774 rnium
795 3715 1154 3795 diligentibus
1178 3713 1465 3785 proposuit
1488 3714 1652 3778 Deus,
1698 3728 1897 3767 vocans
1935 3711 2002 3767 ad
2048 3727 2174 3766 eum

598 3825 788 3868 omnes
820 3808 913 3882 qui
951 3814 1228 3862 certamen
1272 3804 1573 3874 accipiendi
1619 3802 1882 3876 [crucem]
1924 3804 2176 3858 lubenter

597 3905 872 3960 subeunt:
899 3899 1101 3974 quibus
1120 3896 1320 3954 sufﬁcit
1341 3896 1409 3951 ad
1431 3895 1698 3952 eiusmodi
1714 3895 2024 3950 certaminis
2047 3910 2173 3949 cur-

598 4014 719 4053 sum
739 3997 997 4051 viaticum
1023 4011 1157 4050 crux
1191 3988 1419 4056 Christi,
1463 4004 1626 4058 quam
1674 4003 1800 4042 cum
1837 3987 2174 4042 iucunditate

598 4092 850 4161 bonaque
881 4105 976 4160 spe
1007 4095 1284 4160 portantes
1309 4086 1463 4157 sequi
1483 4096 1706 4140 necesse
1728 4089 1813 4135 est
1838 4079 2173 4136 Salvatorcm

598 4182 792 4245 Deum,
817 4181 992 4251 legem
1014 4186 1069 4232 et
1091 4178 1233 4231 viam
1262 4176 1406 4231 vitae
1431 4175 1695 4230 facientes
1718 4169 1864 4227 iliius
1887 4169 2173 4242 dispensa-

599 4273 825 4329 tionem.
858 4271 1010 4326 Sicut
1041 4269 1178 4323 dixit
1217 4269 1331 4338 ipse
1356 4266 1682 4337 Apostolus:
1727 4265 2020 4318 imitatores
2067 4261 2169 4317 mei

601 4371 780 4424 estote,
810 4361 941 4414 sicut
961 4367 1008 4413 et
1028 4375 1118 4428 ego
1139 4355 1488 4426 Christi(12),
1513 4363 1567 4409 et
1586 4368 1815 4407 rursus:
1847 4369 1938 4423 per
1967 4353 2172 4423 patien-

2244 548 2414 599 xstav
2456 530 2677 600 ταύτην,
2711 531 2824 584 ἀλλ’
2858 533 2924 585 ἐκ
2957 530 3068 585 τῶν
3111 528 3500 601 ἀντικειμένων
3531 529 3778 603 δυνάμεων,

2259 622 2624 694 δυνησόμεθα,
2673 623 2795 677 κατ’
2835 622 3016 676 αὐτῶν
3058 622 3417 686 ἀναλαϐόντες
3456 621 3552 692 τὴν
3592 624 3782 695 Χριστοῦ

2236 715 2623 779 πανοπλίαν,
2652 714 2966 783 ἀντιστῆναι
2993 713 3122 779 ταῖς
3145 713 3480 782 μεθοδείαις
3507 714 3685 780 αὐτῶν,
3707 718 3785 772 6m-

2263 805 2524 877 ρουμένου
2551 807 2684 876 ἡμῖν
2713 805 2942 875 δύναμιν
2969 803 3061 857 τοῦ
3091 805 3335 876 σωτῆρος
3367 805 3502 876 πρὸς
3529 805 3586 858 τὸ
3619 811 3786 864 πατεῖν

2262 899 2408 968 ἡμᾶς
2439 897 2638 951 ἐπάνω
2671 898 2863 966 ὄφεων
2899 897 2998 950 καὶ
3035 897 3344 964 σκορπίων
3377 897 3473 949 καὶ
3498 897 3591 950 ἐπὶ
3619 898 3788 957 πᾶσαν

2262 987 2377 1054 τὴν
2403 987 2658 1056 δύναμιν
2684 988 2777 1040 τοῦ
2806 985 3197 1057 ἀντικειμένου·
3229 985 3318 1038 ῖνα
3346 985 3627 1058 θαρρῶμεν
3647 989 3788 1059 λέγειν

2263 1079 2320 1132 ὲν
2348 1079 2511 1148 σαρκὶ
2542 1080 2712 1143 ὄντες·
2744 1078 2983 1133 ἀδικίαν
3008 1080 3061 1132 εί
3087 1075 3382 1146 ἐθεώρουν
3401 1078 3472 1132 ὲν
3495 1079 3706 1148 καρδίᾳ,
3724 1085 3790 1154 μὴ

2263 1167 2674 1220 είσακουσάτω
2703 1167 2923 1234 κύριος.
2963 1167 3079 1220 καί·
3118 1167 3267 1221 ἄνευ
3303 1167 3557 1236 ἀνομίας
3581 1169 3793 1241 ἔδραμον

2264 1257 2363 1312 καὶ
2392 1259 2745 1312 κατεύθυνα·
2777 1257 2922 1311 τοῦτ’
2954 1256 3118 1324 ἔστιν,
3153 1259 3282 1314 ἄνευ
3313 1259 3514 1322 πάθους
3535 1260 3668 1325 τινὸς
3695 1280 3796 1337 σαρ-

2263 1349 2422 1401 κικοῦ
2453 1349 2552 1419 τὴν
2584 1351 2642 1402 ὲν
2668 1350 2915 1418 οὐρανοῖς
2941 1348 3214 1404 πολιτείαν
3242 1351 3438 1421 ῥᾳδίως
3473 1349 3653 1421 βαίνω,
3677 1357 3796 1410 κατὰ

2263 1438 2502 1494 σκοπὸν
2527 1438 2756 1493 διώκων
2765 1439 2862 1494 ἐπὶ
2884 1440 2950 1492 τὸ
2965 1440 3251 1508 βραϐεῖον
3271 1441 3379 1509 τῆς
3399 1441 3522 1495 ἄνω
3545 1443 3796 1512 κλήσεως.

2266 1528 2468 1592 παντὸς
2515 1527 2624 1598 γὰρ
2659 1527 2863 1590 πάθους
2897 1527 3346 1600 ἀλλοτριωθέντες
3372 1529 3714 1602 τολμήσωμεν
3734 1533 3798 1587 λέ.

2263 1637 2398 1689 γειν·
2434 1621 2495 1674 ού
2533 1621 2690 1689 μόνον
2719 1620 2833 1688 τὴν
2856 1623 3066 1675 πίστιν
3094 1621 3410 1690 τετήρηκα,
3446 1622 3582 1676 ἀλλά
3608 1626 3693 1677 καὶ
3719 1627 3801 1681 τὸν

2265 1713 2488 1782 δρόμον
2509 1713 2812 1768 τετέλεκα.
2827 1715 2886 1768 οὐ
2905 1714 3014 1785 γὰρ
3035 1714 3309 1768 πιστεύειν
3331 1715 3493 1786 μόνον
3511 1715 3800 1790 δεῖΧριστῷ,

2196 1781 2239 1839 Β
2266 1781 2402 1856 ἀλλά
2433 1802 2526 1854 καὶ
2551 1803 2892 1873 συμπάσχειν
2915 1781 3083 1876 αὐτῷ,
3113 1804 3254 1858 κατὰ
3278 1781 3344 1858 τό
3364 1781 3667 1877 εἰρημένον1

2267 1895 2377 1966 γάρ
2399 1894 2685 1963 ἐχαρίσθη
2715 1897 2787 1948 οὺ
2803 1897 2995 1964 μόνον
3024 1896 3091 1950 τὸ
3121 1901 3211 1963 εις
3231 1896 3491 1965 Χριστὸν
3517 1883 3800 1965 πιστεύειν,

2268 1986 2428 2042 ἀλλὰ
2451 1987 2549 2040 καὶ
2596 1985 2663 2040 τὸ
2701 1986 2855 2055 ὑπὲρ
2896 1987 3082 2042 αὑτοῦ
3116 1988 3400 2056 πάσχειν.
3437 1987 3501 2042 τὸ
3545 1989 3650 2060 γὰρ
3679 1993 3805 2062 μόνον

2270 2075 2549 2130 πιστεύειν
2579 2075 2685 2147 θεῷ
2707 2077 2814 2129 τῶν
2841 2076 2911 2130 τὰ
2943 2078 3162 2146 ὲπίγεια
3192 2076 3535 2148 φρονούντων
3560 2078 3715 2146 ἐστίν,
3740 2083 3807 2136 ἵνα

2272 2167 2349 2238 μὴ
2394 2167 2558 2236 λέγω,
2592 2168 2673 2222 ὅτι
2711 2168 2806 2222 καὶ
2849 2167 2956 2222 τῶν
2991 2167 3318 2238 ἀκαθάρτων
3367 2169 3685 2240 πνευμάτων
3724 2172 3808 2225 τῶν

2268 2259 2551 2329 λεγόντων·
2579 2260 2825 2330 οῑδαμέν
2843 2276 2918 2316 σε
2950 2262 3042 2328 τίς
3067 2257 3141 2328 εί,
3162 2261 3256 2316 vis
3284 2261 3390 2318 τοῦ
3419 2263 3580 2317 θεοῦ·
3610 2264 3809 2336 ἑκάτερα

2268 2353 2378 2424 γὰρ
2413 2355 2483 2407 τὰ
2518 2355 2658 2426 μέρη
2688 2353 2860 2426 ἐχθρὰ
2887 2355 3120 2426 ὑπάρχει
3160 2354 3256 2409 τοῦ
3293 2354 3530 2427 σταυρού⁹
3555 2355 3644 2410 τοῦ
3673 2358 3809 2428 Χρισ-

2269 2445 2366 2498 τοῦ
2386 2462 2399 2475 ο
2429 2440 2518 2499 ὦν
2538 2445 2603 2498 τὸ
2621 2443 2796 2512 τέλος
2811 2445 3095 2512 ἀπώλεια,
3121 2439 3208 2501 ὧν
3232 2449 3266 2502 ό
3287 2448 3421 2514 θεὸς
3445 2448 3488 2514 ἠ
3507 2449 3712 2514 κοιλία,
3737 2450 3809 2503 tul

2270 2536 2310 2604 ἡ
2338 2535 2487 2600 δόξα
2521 2537 2592 2590 ἐν
2627 2533 2703 2604 τῇ
2723 2537 2987 2605 αἰσχύνῃ
3017 2535 3235 2603 αὐτῶν,
3266 2538 3321 2590 oi
3354 2536 3427 2591 τὰ
3457 2537 3682 2608 ἐπίγεια
3704 2555 3811 2606 φρο-

2269 2625 2538 2691 νοῦντες.
2567 2626 2721 2696 ὁρᾷς,
2745 2625 2827 2678 ὅτι
2848 2626 2908 2679 οὐ
2947 2626 3108 2697 μόνον
3132 2627 3188 2679 αἱ
3207 2627 3576 2681 ἁποστατικαὶ
3597 2627 3810 2697 δυνάμεις

2271 2716 2455 2787 ἐχθροὶ
2483 2714 2576 2769 τοῦ
2606 2717 2839 2789 σταυροῦ
2865 2717 3243 2788 τυγχάνουσιν,
3272 2719 3408 2772 ἀλλά
3432 2721 3533 2773 καὶ
3562 2721 3608 2773 oi
3635 2720 3696 2773 τὰ
3719 2721 3812 2772 ἐπί-

2271 2825 2393 2876 γεια
2420 2807 2772 2880 φρονοῦντεςς
2801 2808 2861 2863 τὸ
2890 2809 2948 2862 δὲ
2982 2810 3323 2881 συμπάσχειν
3357 2810 3582 2880 Χριστῷ
3607 2813 3694 2864 καὶ
3717 2828 3813 2863 συν-

2270 2899 2589 2967 δοξάζεσθαι
2637 2901 2796 2971 μόνον
2833 2901 2943 2955 τῶν
2990 2901 3216 2966 ἑαυτοὺς
3265 2904 3694 2974 σταυρωσάντων
3729 2902 3812 2957 τῶν

2271 2991 2365 3044 τοῦ
2400 2991 2606 3061 κόσμου
2632 2991 2821 3044 τούτου
2856 2991 2950 3045 καὶ
2979 2991 3049 3047 τὰ
3082 2990 3190 3046 τοῦ
3220 2993 3432 3060 κυρίου
3461 2993 3743 3063 στίγματα
3762 2994 3814 3046 ἐν

2275 3083 2399 3150 τοῖς
2415 3084 2653 3151 οἰκείοις
2673 3083 2909 3154 σώμασι
2922 3082 3350 3149 βασταζόντων
3372 3085 3412 3156 ¹)
3433 3067 3714 3145 ἐστίν.υεί
3733 3084 3812 3155 γάρ

2277 3175 2400 3238 τοὺς
2429 3173 2603 3245 ὀρθῶς
2634 3175 2941 3244 φιλοσοφεῖν
2969 3176 3298 3244 ἐγνωκότας,
3335 3177 3431 3230 καὶ
3455 3176 3559 3240 τὰς
3583 3176 3744 3247 ψυχὰς
3768 3178 3815 3229 ir.

2278 3266 2386 3320 τῶν
2414 3267 2511 3336 τῆς
2562 3267 2760 3330 κακίας
2797 3267 3088 3338 μολυσμῶν
3128 3268 3570 3340 λυτρουμένους,
3613 3269 3814 3341 ἁκριδῶς

2278 3357 2474 3411 εἰδέναι
2495 3358 2584 3411 τὸν
2606 3360 2704 3429 τῆς
2722 3359 3039 3429 φιλοσοφίας
3064 3361 3282 3428 σκοπόν,
3308 3362 3460 3426 ὄπως
3479 3363 3817 3434 μεμαθηκότες

2276 3449 2374 3519 τῆς
2400 3467 2461 3503 τε
2492 3451 2718 3522 πορείας
2748 3453 2839 3506 τὸν
2874 3453 3058 3517 πόνον,
3092 3453 3187 3508 καὶ
3225 3454 3318 3510 τοῦ
3348 3455 3558 3527 δρόμου
3597 3457 3655 3510 τὸ
3683 3456 3816 3526 πέρας

2279 3542 2478 3612 ρίψωσι
2511 3545 2609 3614 μὲν
2633 3544 2834 3609 πάντες
2856 3544 2957 3617 τὴν
2977 3539 3286 3610 αὐθάδειαν,
3312 3548 3407 3602 καὶ
3436 3548 3501 3601 τὸ
3521 3552 3726 3621 φρονεῖν
3748 3546 3818 3600 ἐπὶ

2275 3637 2388 3699 τοῖς
2430 3635 2848 3718 κατορθώμασι,
2893 3637 2994 3709 τήν
3034 3654 3096 3690 τε
3122 3639 3331 3692 ἑαυτῶν
3372 3640 3557 3711 ψυχὴν
3602 3641 3727 3712 μετά
3749 3638 3817 3692 τοῦ

2279 3724 2396 3796 βίου
2430 3725 2572 3779 κατὰ
2609 3727 2671 3779 τὸ
2713 3728 3041 3800 πρόσταγμα
3082 3730 3181 3800 τῆς
3223 3731 3444 3800 γραφῆς
3493 3730 3819 3802 ἀρνησάμενοι

2277 3817 2414 3888 πρὸς
2460 3817 2555 3871 ἕνα
2605 3817 2841 3889 βλέπωσι
2862 3819 2905 3892 ²)
2951 3819 3197 3886 πλοῦτον,
3243 3821 3302 3874 ὃν
3352 3821 3458 3891 τῆς
3508 3824 3590 3884 είς
3629 3819 3819 3893 Χριστὸν

2276 3909 2498 3980 ἀγάπης
2537 3903 2698 3963 ἆθλον
2727 3913 2842 3974 τοῖς
2879 3912 3166 3980 ἀγαπῶσιν
3205 3911 3399 3983 ἔθηκεν
3439 3916 3470 3966 ό
3501 3913 3642 3978 θεός,
3681 3910 3821 3966 καλῶν

2276 4002 2356 4064 είς
2386 4000 2548 4056 αὐτὸν
2579 4002 2786 4065 πάντας
2817 4004 2941 4066 τοὺς
2964 4003 3057 4056 τὸν
3097 4003 3285 4072 ἀγῶνα
3306 4003 3400 4057 τοῦ
3431 4004 3625 4058 λαϐεῖν
3653 4003 3818 4075 προθύ-

2278 4107 2396 4161 μως
2425 4091 2844 4162 ὑφισταμένους·
2877 4085 2958 4156 οἷς
2974 4093 3197 4163 ἐξαρκεῖ
3215 4093 3352 4164 πρὸς
3377 4095 3481 4165 τὴν
3505 4093 3603 4148 τοῦ
3623 4091 3820 4148 τοιούτου

2275 4183 2496 4252 πορείαν
2519 4180 2768 4252 ἐφόδιονό
2803 4185 3036 4256 σταυρὸς
3079 4186 3172 4238 τοῦ
3224 4185 3490 4254 Χριστοῦ,
3532 4186 3591 4240 ὃν
3621 4186 3700 4239 δεῖ
3733 4165 3822 4255 μετ’

2275 4273 2615 4347 εὐφροσύνης
2643 4275 2737 4328 καὶ
2764 4276 2973 4348 ἀγαθῆς
2999 4277 3214 4340 ἐλπίδος
3239 4277 3613 4344 βαστάζοντας
3637 4276 3822 4331 ἀκολου·

2279 4365 2390 4420 θεῖν
2419 4365 2497 4436 τῷ
2529 4367 2734 4438 σωτῆρι
2770 4366 2906 4438 θεῷ,
2939 4369 3102 4438 νόμον
3153 4371 3248 4423 καὶ
3291 4369 3410 4423 ὁδὸν
3451 4369 3550 4422 τοῦ
3600 4369 3706 4440 βίου
3749 4367 3822 4436 τὴν

603 4452 734 4505 tiam
770 4457 1026 4503 currimus
1053 4451 1121 4502 ad
1151 4447 1474 4518 prapositum
1507 4444 1647 4497 nobis
1670 4451 1954 4506 certamen,
1986 4441 2166 4512 adspi-

2280 4458 2486 4511 ἐκείνου
2516 4457 2826 4528 ποιούμενοι
2852 4460 3162 4531 οἰκονομίαν
3191 4473 3206 4490 ⁶
3231 4457 3412 4525 καθὼς
3447 4457 3607 4515 εἶπεν
3649 4459 3822 4521 αὐτὸςὸ

602 4541 793 4594 cientes
820 4540 877 4592 in
907 4548 1169 4591 auctorem
1197 4536 1322 4604 ﬁdei
1363 4544 1411 4588 et
1451 4541 1922 4588 consummatorem
1966 4532 2165 4598 Iesum,

603 4631 692 4700 qui
726 4630 986 4700 proposito
1007 4629 1103 4682 sibi
1133 4627 1324 4699 gaudio
1353 4626 1599 4681 sustinuit
1627 4641 1852 4690 crucem,
1877 4625 2178 4694 confusione

603 4728 919 4790 contempta,
949 4729 1104 4790 atque
1125 4721 1179 4773 in
1204 4719 1417 4772 dextera
1443 4717 1578 4771 sedis
1613 4716 1705 4770 Dei
1724 4718 1863 4771 sedet
1881 4719 2013 4789 (l5).
2040 4718 2175 4772 Nam

605 4812 961 4867 metuendum
987 4820 1091 4874 est,
1119 4826 1187 4864 ne
1206 4811 1366 4864 donis
1396 4826 1425 4863 a
1455 4808 1664 4878 Spiritu
1687 4809 1925 4878 acceptis
1949 4809 2098 4873 elati,
2123 4818 2180 4864 ct

605 4911 752 4958 recte
775 4901 1025 4956 faciendo
1048 4901 1255 4970 aliquid
1286 4917 1384 4955 'icr
1411 4900 1668 4955 virtutem
1702 4900 2044 4955 occasionem
2086 4917 2176 4955 ar-

2279 4548 2596 4612 ἀπόστολος·
2615 4551 2871 4618 μιμηταί
2885 4567 3006 4619 μου
3023 4553 3282 4620 γίνεσθε,
3307 4554 3508 4620 καθὼς
3541 4553 3697 4623 κάγὼ
3722 4555 3824 4618 χρ..

2283 4637 2453 4692 στοῦ.
2487 4639 2580 4691 καὶ
2611 4639 2791 4696 πάλιν·
2816 4639 2890 4693 δι’
2928 4641 3239 4710 ὑπομονῆς
3265 4645 3562 4713 τρέχομεν
3590 4644 3692 4698 τόν
3718 4658 3825 4710 ,τρο-

2285 4725 2561 4794 κείμενον
2611 4725 2756 4795 ἡμῖν
2804 4725 3024 4797 ἀγῶνα,
3066 4728 3408 4797 ἀφορῶντες
3464 4734 3556 4796 εὶς
3603 4732 3702 4784 τὸν
3744 4727 3826 4792 τῆς

2288 4815 2549 4882 πίστεως
2580 4817 2848 4886 ἀρχηγὸν
2872 4817 2970 4871 καὶ
2999 4819 3318 4889 τελειωτὴν
3359 4823 3630 4889 Ἰησοῦν,
3650 4822 3712 4886 ὃς
3726 4815 3826 4873 ἀντὶ

2286 4902 2394 4973 τῆς
2423 4906 2818 4976 προκειμένης
2854 4907 3015 4973 αὐτῷ
3046 4909 3236 4979 χαρᾶς
3265 4911 3550 4984 ὑπέμεινε
3579 4911 3825 4980 σταυρόν,

1892 5057 2150 5112 VARIAE
2186 5058 2476 5118 LECTION
2483 5064 2586 5120 ES.

701 5157 742 5229 ⁸)
770 5155 905 5212 Cod.
928 5153 1368 5222 βασταζόντων,
1395 5155 1488 5210 sed
1513 5155 1633 5211 ead.
1666 5171 1738 5210 m.
1765 5170 1909 5210 corr.
1929 5154 2388 5219 βασταξάντων.
2415 5190 2485 5199 -
2516 5163 2537 5192 ³
2562 5161 2815 5225 Emend,
2845 5162 2968 5217 cod.
3003 5163 3278 5234 βλέπουσι.

2122 5250 2372 5307 NOTAE.

709 5343 759 5413 l)
791 5344 931 5413 Eph.
966 5344 1054 5407 Vl,
1087 5345 1171 5396 ιι.
1204 5345 1290 5398 ιε.

703 5413 758 5476 2)
797 5414 930 5468 Luc.
960 5413 1028 5476 Χ,
1061 5415 1144 5468 19.

706 5484 760 5545 5)
793 5484 992 5538 Psalm.
1025 5484 1184 5545 LXV,
1221 5485 1300 5539 18.

707 5554 760 5620 4)
791 5554 990 5608 Psalm.
1027 5555 1208 5620 LVlll,
1239 5557 1291 5610 5.

709 5624 762 5688 5)
799 5624 941 5678 Phil.
970 5624 1060 5688 lll,
1095 5626 1182 5679 14.

707 5693 760 5758 6)
795 5693 838 5747 ll
867 5695 1006 5749 Tim.
1038 5696 1123 5758 IV,
1156 5697 1207 5749 7.

711 5764 763 5829 '7)
796 5764 936 5818 Phil.
961 5765 1002 5829 Ι,
1036 5766 1122 5818 29.

2371 5347 2446 5486 (εξ
2488 5349 2620 5404 Luc.
2655 5351 2742 5416 IV,
2771 5353 2858 5407 si.

2371 5420 2419 5486 [9
2484 5419 2624 5473 Phil.
2653 5422 2742 5485 Ill,
2774 5423 2858 5475 ις).

2388 5419 2442 5485 9)
2484 5419 2624 5473 Phil.
2653 5422 2742 5485 Ill,
2774 5423 2859 5475 ις).

2365 5421 2442 5558 (9)
2484 5421 2624 5473 Phil.
2653 5422 2742 5485 Ill,
2774 5423 2859 5475 ις).

2390 5488 2474 5557 io)
2511 5490 2591 5545 cr.
2627 5491 2744 5546 Gal.
2785 5493 2874 5556 vr,
2901 5494 2988 5548 ιι.

2371 5559 2481 5635 (ιι)
2513 5560 2678 5635 ιιριιι.
2705 5563 2846 5635 xvi,
2882 5564 2953 5617 ει
2980 5581 3061 5635 sq.
3095 5565 3228 5622 Luc.
3251 5565 3341 5631 Ix,
3372 5566 3466 5622 ει.

2368 5630 2477 5698 (12)
2512 5631 2679 5685 lCor.
2704 5634 2790 5696 IV,
2827 5633 2908 5688 16.

2369 5699 2480 5770 (ιδ)
2518 5701 2682 5755 Hebr.
2726 5703 2840 5770 xu,
2881 5704 2928 5758 ι.
2959 5705 3014 5759 2.
