3948 6540
178 376 263 436 421

1620 372 2018 429 Ειηετοιλε.
2105 351 2112 368 ³

3289 373 3396 430 422
3441 392 3446 397 '

175 489 448 559 αἰσχύνης
476 488 963 558 καταφρονήσας.
1005 489 1073 542 ἐν
1101 487 1267 556 δεξιᾷ
1287 507 1349 543 τε
1378 491 1484 545 τοῦ
1511 492 1704 559 θρόνοι

1829 491 2087 561 ripientes
2107 488 2460 560 superbiendi
2489 497 2542 544 et
2569 487 2863 560 gloriandi,
2887 488 3204 559 priusquam
3229 489 3285 544 in
3327 489 3393 544 tli-

174 585 265 639 τοῦ
293 580 420 636 θεοῦ
450 578 725 634 κεκάθικε
747 581 808 648 ¹).
842 581 959 645 δέος
989 581 1117 653 γάρ,
1154 583 1228 653 μὴ
1277 585 1388 647 τοῖς
1427 585 1576 656 παρά
1622 583 1717 636 τοῦ

170 673 455 742 πνεύματος
471 671 614 742 δωρή
624 688 788 741 μασιν
803 672 1176 743 ἐπαιρόμενοι,
1191 675 1286 726 καὶ
1300 675 1360 726 τὸ
1375 673 1718 744 κατορθῶσαί

167 783 213 820 τι
232 765 294 818 δι’
315 761 508 834 ἀρετὴν
533 765 787 834 ἀφορμὴν
807 762 1064 826 λαϐόντες
1083 766 1160 828 είς
1182 765 1242 818 τὸ
1267 768 1486 836 φρονεῖν
1513 767 1606 820 καὶ
1633 783 1720 818 σε-

169 855 437 928 μνύνεσθαι
464 896 478 919 ,
504 856 632 924 πρὶν
669 857 748 918 είς
780 855 933 919 τέλος
981 855 1091 908 τῶν
1117 855 1487 926 ἐλπιζομένων
1521 857 1762 922 ἐλθεῖνξ

165 948 464 1016 ἐκπέσωμεν
493 947 536 1016 ¹)
585 947 684 1017 τῆς
734 947 933 1018 ὁρμῆς,
968 947 1185 1018 ἀχρεῖον
1229 949 1441 1010 ἑαυτοῖς
1487 950 1582 1002 καὶ
1625 949 1716 1001 τὸν

163 1038 478 1110 προλαϐόντα
505 1039 666 1092 πόνον
709 1041 776 1110 τῇ
824 1038 1080 1111 αὐθαδείᾳ
1115 1042 1457 1111 ποιήσαντες,
1501 1043 1591 1095 καὶ
1621 1043 1716 1094 ἀν-

161 1135 285 1198 άξιοι
306 1131 559 1201 φανέντες
581 1133 675 1202 τῆς
690 1132 1041 1202 τελειότητος,
1060 1135 1139 1195 εἰς
1155 1133 1222 1202 ἣν
1245 1135 1277 1203 ἡ
1295 1133 1386 1186 τοῦ
1410 1134 1717 1205 πνεύματος

159 1227 386 1279 εἵλκυσεν
415 1226 562 1294 ἡμᾶς
590 1225 768 1294 χάρις.
805 1224 887 1276 δεῖ
913 1219 1004 1278 οῦν
1037 1224 1286 1295 μηδαμοῦ
1312 1226 1402 1280 τὸν
1429 1227 1524 1280 τοῦ
1553 1229 1712 1281 πόνου

157 1317 292 1369 τόνον
334 1313 566 1378 ἐκλύειν,
623 1316 757 1386 μηδὲ
804 1316 1119 1381 ἐξίστασθαι
1168 1317 1276 1370 τῶν
1337 1319 1768 1389 προκειμένωνιο

155 1407 382 1477 ἀγώνων,
420 1406 554 1476 μηδέ
584 1410 694 1469 τοῖς
725 1408 972 1471 κατόπιν,
1008 1408 1061 1460 εἴ
1083 1425 1134 1461 τι
1166 1410 1499 1480 πέπρακται,
1547 1428 1714 1464 σπου-

154 1499 283 1552 δαῖον
311 1497 576 1567 κατέχειν,
611 1496 726 1550 ἀλλ’
765 1497 988 1551 ἐκείνων
1032 1499 1130 1568 μὲν
1177 1499 1348 1571 λήθην
1391 1500 1710 1570 λαμϐάνειν,

151 1591 235 1642 ἐπὶ
261 1588 312 1641 δὲ
336 1587 453 1641 τῶν
489 1587 830 1656 ἔμπροσθεν
849 1589 988 1642 κατά
1007 1591 1099 1644 τὸν
1127 1591 1424 1645 ἀπόστολον
1452 1592 1714 1646 ἐπεκτεί-

1822 602 1947 640 nem
1985 594 2171 640 rerum
2215 581 2554 654 speratarum
2598 583 3032 655 pervenerimus,
3079 583 3396 638 exeidamus

1821 678 2024 740 studio.
2041 676 2297 731 inutilem
2322 676 2484 730 nobis
2507 678 2670 732 etiam
2704 683 3016 745 susceptum
3039 675 3280 729 laborem
3299 692 3392 729 su-

1818 769 2008 838 perbia
2055 768 2341 832 facientes,
2393 775 2558 836 atque
2606 766 2813 836 indigni
2855 774 3176 836 apparentes
3212 767 3394 836 perfe-

1818 857 2022 921 ctione,
2054 857 2107 910 in
2139 872 2300 926 quam
2343 855 2579 927 Spiritus
2607 855 2769 909 traxit
2796 870 2896 909 nos
2937 854 3126 926 gratia.
3166 854 3396 925 Oportet

1817 948 1985 1018 igitur
2008 965 2278 1019 nusquam
2303 949 2506 1003 laboris
2522 949 2931 1002 contentionem
2948 948 3193 1011 dissolvi,
3214 961 3393 1017 neque

1815 1057 1916 1095 nos
1939 1040 2222 1094 discedere
2247 1057 2275 1094 a
2308 1041 2604 1110 propositis
2643 1041 3057 1105 certaminibus,
3101 1056 3278 1110 neque
3325 1042 3394 1095 iis

1815 1148 1954 1202 quae
1981 1142 2128 1186 retro
2170 1140 2318 1197 sunt,
2369 1132 2414 1185 si
2461 1132 2592 1201 quid
2640 1140 2822 1185 actum
2877 1132 2969 1196 sit,
3012 1132 3252 1196 studere,
3294 1133 3391 1186 sed

1813 1242 2006 1280 eorum
2052 1226 2386 1280 oblivionem
2429 1239 2644 1294 capere,
2677 1225 2747 1277 ad
2807 1240 2868 1277 ea
2921 1240 3042 1278 vero
3085 1241 3222 1294 quae
3267 1235 3390 1278 sunt

1814 1319 1993 1388 priora
2023 1317 2320 1371 secundum
2348 1316 2667 1386 Apostolum
2693 1316 2968 1368 extendere
3007 1331 3099 1368 nos
3123 1317 3261 1386 ipsos
3287 1315 3386 1387 (1),

1813 1411 2172 1478 laborumque
2207 1410 2355 1464 curis
2385 1425 2479 1464 cor
2511 1417 2818 1472 conterere,
2854 1409 3116 1462 habentes
3164 1409 3386 1464 insatiav

1812 1503 1977 1556 bilem
2020 1502 2259 1556 iustitiae
2313 1500 2690 1570 cupiditatem,
2752 1515 2914 1570 quam
2959 1499 3130 1552 solam
3172 1500 3387 1554 esurire

1811 1594 2074 1662 sitireque
2109 1593 2313 1647 debent
2352 1591 2412 1658 ii,
2465 1588 2558 1660 qui
2607 1589 2674 1644 ad
2716 1589 3106 1659 perfectionem
3167 1591 3387 1646 student

151 1685 361 1745 νεσθαι,
399 1681 494 1734 καὶ
528 1682 830 1753 συντρίϐειν
860 1685 981 1745 ταῖς
1007 1681 1114 1735 τῶν
1135 1683 1314 1736 πόνων
1339 1683 1586 1755 φροντίσι
1611 1685 1704 1756 τὴν

1809 1679 2140 1750 pertingere.
2173 1679 2419 1734 Humiles
2447 1694 2550 1732 nos
2574 1687 2630 1732 et
2653 1677 3034 1733 timidissimos
3060 1677 3177 1733 fieri
3224 1696 3388 1750 opor-

149 1770 389 1841 καρδίαν,
438 1769 732 1842 ἀκόρεστον
790 1770 1012 1840 ἔχοντας
1066 1769 1166 1841 τὴν
1221 1771 1320 1841 τῆς
1363 1770 1704 1837 δικαιοσύνης

1809 1780 1910 1836 tet,
1946 1779 2135 1840 utpote
2169 1771 2262 1840 qui
2297 1771 2486 1841 procul
2523 1771 2696 1825 simus
2727 1786 2756 1824 a
2783 1770 3071 1840 promissis
3115 1771 3386 1843 longeque

149 1861 452 1932 ἐπιθυμίαν,
490 1858 557 1933 ἦς
597 1863 764 1933 μόνης
802 1864 906 1935 χρὴ
939 1864 1130 1934 πεινῇν
1157 1863 1251 1915 καὶ
1285 1861 1443 1933 διψῇν
1472 1861 1599 1925 τοῦς
1624 1865 1704 1926 είς

1806 1862 2000 1915 remoti
2035 1876 2065 1914 a
2099 1860 2341 1930 perfecta
2379 1860 2582 1915 Christi
2626 1860 2940 1914 dilectione.
2995 1859 3131 1914 Nam
3173 1861 3238 1928 is,
3288 1863 3384 1932 qui

147 1955 200 2008 τὸ
219 1953 417 2007 τέλειον
444 1953 645 2022 φθάσαι
670 1953 988 2024 ζητοῦντας.
1019 1954 1307 2016 ταπεινοὺς
1333 1952 1414 2005 δεῖ
1440 1953 1535 2006 καὶ
1559 1970 1704 2024 περι-

1811 1951 1957 2005 illam
2003 1950 2264 2004 ardenter
2309 1949 2588 2004 desiderat
2634 1958 2691 2004 et
2728 1949 2795 2003 ad
2840 1965 3133 2019 supernam
3175 1960 3386 2020 spectat

151 2047 273 2109 δεεῖς
310 2045 623 2115 γινομένους
656 2045 730 2108 ὼς
771 2045 958 2116 πόρρω
989 2062 1091 2098 που
1141 2043 1250 2096 τῶν
1283 2044 1704 2115 ἐπηγγελμένων

1807 2043 2249 2114 promissionem,
2302 2057 2405 2096 nec
2449 2041 2720 2107 ieiunans,
2766 2056 2868 2096 nec
2916 2041 3166 2112 vigilans,
3205 2059 3384 2112 neque

144 2139 497 2209 τυγχάνοντας
536 2137 632 2190 καὶ
669 2137 767 2207 τῆς
810 2137 1021 2201 τελείας
1066 2135 1158 2190 τοῦ
1205 2136 1442 2208 Χριστοῦ
1488 2137 1706 2207 μακράν

1807 2133 1900 2188 alii
1947 2133 2204 2204 cuiquam
2241 2133 2464 2188 virtutis
2501 2133 2799 2188 excercitio
2830 2150 3027 2188 vacans
3060 2143 3167 2188 stat
3206 2135 3384 2190 elatus

143 2230 547 2303 ἀπῳκισμένους
589 2230 831 2300 ἀγάπης.
856 2231 886 2283 ό
914 2231 1022 2302 γὰρ
1049 2229 1264 2301 ἐκείνης
1283 2230 1440 2302 ἐρῶν,
1460 2231 1704 2302 καὶπρὸς

1805 2226 1875 2281 ad
1932 2227 2074 2280 bona
2122 2241 2310 2296 opera,
2357 2239 2496 2294 quae
2540 2224 2666 2279 talia
2714 2225 3034 2295 anticipant,
3079 2226 3175 2280 sed
3220 2227 3382 2298 207

141 2324 230 2396 τὴν
253 2323 361 2378 ἀνω
386 2324 602 2394 βλέπων
627 2324 960 2394 ἐπαγγελίαν
992 2325 1061 2394 ⁸),
1095 2321 1218 2378 οὔτε
1246 2324 1542 2395 νηστεύων,
1582 2324 1704 2378 οὔτε

143 2417 446 2486 ἀγρυπνῶν,
475 2415 598 2470 οῦτε
629 2416 758 2469 ἄλλο
799 2434 851 2469 τι
877 2419 983 2469 τῶν
1027 2416 1124 2486 τῆς
1155 2415 1357 2486 ἀρετῆς
1389 2417 1704 2481 σπουδάζων

142 2510 334 2562 ἵσταται
368 2512 487 2573 τοῖς
530 2509 855 2580 προλαϐοῦσι
898 2507 1315 2580 κατορθώμασιν
1362 2509 1698 2580 ἐπηρμένος·

142 2597 262 2651 ἀλλά
276 2597 474 2668 μεστὸς
491 2596 564 2652 ὣν
583 2598 676 2652 τοῦ
699 2599 841 2651 θείου
866 2598 1052 2664 πόθου,
1071 2599 1166 2652 καὶ
1184 2599 1317 2670 πρὸς
1329 2599 1418 2652 τὸν
1435 2599 1700 2654 καλοῦντα

1806 2318 2002 2388 plenus
2042 2317 2229 2372 divino
2263 2317 2558 2383 desiderio,
2613 2324 2670 2372 et
2718 2316 2785 2371 ad
2839 2327 3125 2372 vocantem
3173 2318 3382 2374 intente

1805 2421 2078 2481 spectans,
2109 2412 2193 2466 vel
2225 2427 2387 2466 omne
2415 2420 2716 2476 certamen,
2745 2412 3111 2482 quodcunque
3133 2423 3380 2470 certave-

1803 2505 1896 2570 rit,
1926 2505 1995 2559 ad
2026 2504 2161 2559 illud
2178 2506 2622 2576 consequendum
2664 2521 2891 2575 parvum
2929 2506 3199 2560 aestimat.
3245 2507 3380 2562 Eni-

1806 2596 1940 2650 titur
1963 2605 2147 2650 autem
2185 2597 2251 2650 ad
2288 2596 2451 2651 finem
2481 2612 2656 2666 usque
2691 2597 2858 2651 huius
2895 2596 3062 2664 vitae,
3097 2598 3380 2655 laboribus

142 2689 387 2754 συντόνως
421 2689 654 2760 βλέπων,
680 2691 787 2744 πᾶν
819 2691 938 2760 μὲν,
967 2691 996 2743 ὃ
1022 2707 1074 2742 τι
1095 2689 1160 2743 ἂν
1181 2689 1538 2761 ἀγωνίσηται,
1564 2691 1702 2764 πρὸς

1804 2689 2022 2743 labores
2049 2697 2104 2743 et
2139 2690 2370 2744 virtutes
2393 2689 2691 2743 virtutibus
2719 2690 3014 2760 iungendo,
3053 2689 3230 2745 donec
3257 2707 3375 2762 pre-

138 2781 192 2834 τδ
213 2784 382 2851 τυχεῖν
422 2780 631 2834 ἐκείνου
659 2781 852 2852 μικρὸν
881 2783 1096 2852 ἡγεῖται
1127 2782 1221 2834 καὶ
1247 2781 1357 2834 τῶν
1383 2781 1581 2836 ἄθλων.
1614 2801 1702 2852 φι-

137 2872 347 2926 λονεικεῖ
362 2873 422 2926 δὲ
453 2872 612 2945 μέχρι
636 2874 736 2944 τῆς
755 2872 850 2926 τοῦ
876 2872 989 2943 βίου
1008 2873 1200 2926 τούτου
1220 2873 1496 2943 τελευτῆς,
1520 2874 1700 2938 πόνοις

136 2965 336 3029 πόνους,
369 2967 471 3018 καὶ
501 2965 702 3037 ἀρετὰς
733 2967 955 3036 ἀρεταῖς
980 2966 1286 3032 συνάπτων,
1323 2965 1514 3037 μέχρις
1537 2965 1602 3020 ἂν
1623 2966 1702 3019 τί-

140 3073 248 3125 μιον
271 3056 467 3111 ἑαυτὸν
496 3056 574 3126 τῷ
605 3056 712 3127 θεῷ
763 3058 1078 3129 καταστήσῃ
1110 3057 1198 3110 διὰ
1227 3057 1336 3110 τῶν
1369 3057 1568 3128 ἔργων,
1598 3058 1698 3110 οῦκ

135 3144 259 3215 ἔχων
294 3147 349 3199 ἐν
376 3145 462 3216 τῷ
492 3145 752 3198 συνειδότι
792 3145 852 3198 τὸ
895 3146 1136 3216 νομίζειν
1187 3145 1336 3212 ἀξιον
1374 3147 1561 3200 ἐαυτὸν
1601 3155 1758 3216 trs—53

135 3237 396 3308 ποιηκέναι
436 3237 564 3308 θεῷ.
600 3237 757 3290 τοῦτο
799 3237 907 3310 γάρ
940 3239 1056 3291 ἐστι
1085 3237 1414 3309 κατόρθωμα
1443 3238 1695 3308 μέγιστον

135 3329 461 3398 φιλοσοφίας,
499 3328 560 3382 τὸ
599 3329 769 3400 μέγαν
794 3329 922 3382 δντα
948 3330 1060 3391 τοῖς
1097 3327 1278 3399 ἔργοις
1309 3327 1692 3382 συστέλλεσθαι

130 3425 190 3492 τῇ
221 3420 406 3491 καρδία
444 3420 537 3472 καὶ
585 3417 1014 3486 καταγινώσκειν
1058 3418 1152 3471 τοῦ
1189 3418 1337 3488 βίου,
1388 3419 1536 3472 κάτω
1589 3437 1691 3473 που

133 3513 345 3584 ῥίψαντα
375 3512 421 3581 ⁵)
456 3511 534 3582 τῷ
572 3510 708 3582 πρὸς
737 3511 827 3564 τὸν
862 3511 981 3564 θεὸν
1008 3510 1156 3582 φόϐῳ
1188 3512 1286 3581 τὴν
1314 3511 1508 3582 οἴησιν,
1545 3513 1693 3576 ὅπως

1803 2779 2002 2833 tiosum
2039 2768 2100 2832 se
2132 2779 2245 2833 Deo
2274 2786 2517 2849 praestet
2543 2787 2770 2848 propter
2798 2794 2986 2848 opera,
3014 2795 3117 2834 nec
3144 2780 3198 2834 in
3242 2797 3376 2835 con-

1802 2874 2031 2928 scientia
2069 2889 2167 2928 sua
2199 2874 2449 2939 credens,
2483 2874 2707 2944 dignum
2755 2873 2931 2944 ipsum
2971 2889 3027 2929 se
3076 2873 3378 2928 reddidisse

1800 2965 1932 3020 Deo.
1976 2966 2088 3020 Hoc
2121 2966 2265 3020 enim
2319 2974 2402 3020 est
2449 2980 2589 3036 opus
2630 2966 2926 3020 maximum
2974 2965 3374 3038 philus'Ophiae,

1801 3074 2055 3130 magnum
2082 3057 2137 3112 in
2169 3058 2430 3128 Operibus
2455 3057 2737 3111 humiliari
2765 3058 2952 3124 corde,
2980 3067 3037 3113 et
3073 3059 3372 3129 reprehen-

1801 3151 1930 3205 dere
1972 3150 2163 3217 vitam,
2206 3145 2516 3221 abjiciendo
2552 3150 2748 3205 timore
2794 3148 2892 3206 Dei
2935 3150 3274 3220 opinionem,
3313 3161 3372 3207 ut

1799 3247 2072 3316 particeps
2099 3245 2190 3300 fiat
2216 3246 2675 3317 repromissionis,
2706 3247 2862 3317 quasi
2907 3245 3183 3301 credendo
3232 3245 3372 3300 hanc

1800 3335 2151 3405 appetiverit,
2188 3352 2299 3391 non
2321 3337 2474 3406 quasi
2502 3336 2780 3406 operando
2816 3349 2936 3390 eam
2983 3336 3227 3390 lucratus
3274 3335 3367 3390 sit.

1798 3427 2064 3494 Quoniam
2089 3427 2235 3482 enim
2255 3443 2447 3498 magna
2487 3436 2615 3482 sunt
2641 3427 2802 3490 dona,
2829 3427 3045 3482 labores
3087 3427 3236 3497 digni
3285 3427 3368 3481 in-

1796 3518 1971 3572 veniri
2008 3535 2117 3572 non
2157 3528 2426 3588 possunt;
2463 3533 2658 3588 magna
2691 3526 2871 3572 autem
2904 3517 3008 3572 fide
3035 3527 3090 3572 et
3113 3533 3208 3588 spe
3232 3533 3369 3588 opus

131 3605 393 3678 ἀπολαύσῃ
451 3606 550 3675 τῆς
600 3604 949 3673 ἐπαγγελίας,
1003 3603 1180 3668 καθὼς
1225 3605 1289 3659 ἀν
1309 3605 1353 3677 ⁸)
1399 3605 1704 3670 πιστεύσας

1804 3618 1898 3672 est,
1939 3617 2003 3662 ut
2054 3608 2160 3672 his,
2198 3623 2307 3662 non
2369 3607 2673 3672 laboribus,
2725 3615 3185 3676 compensentur:
3241 3605 3367 3664 fidei

131 3700 325 3770 ἠράσθη
356 3698 590 3768 ταύτης,
616 3698 675 3750 ού
701 3696 882 3761 καθὼς
927 3697 994 3750 ἂν
1013 3697 1058 3765 ⁸)
1095 3697 1325 3760 πονέσας
1375 3697 1690 3768 εἰργάσατοο

135 3791 362 3860 μεγάλων
403 3790 521 3863 γὰρ
574 3790 741 3842 ὄντων
764 3789 871 3842 τῶν
916 3789 1135 3858 δωρεῶν
1183 3789 1284 3842 οῦκ
1330 3787 1446 3842 ἔστι
1495 3790 1690 3854 πόνους

1795 3711 1978 3754 autem
2013 3699 2318 3754 substantia
2356 3707 2441 3754 est
2462 3699 2690 3770 spiritus
2713 3708 3007 3772 paupertas
3032 3711 3088 3755 et
3118 3699 3366 3757 inﬁnitus

1792 3807 1918 3862 erga
1947 3792 2120 3846 Deum
2149 3805 2320 3846 amor.

132 3887 297 3952 ἀξίους
325 3889 530 3958 εὐρεῖνθ
569 3885 808 3957 μεγάλης
840 3884 894 3937 δὲ
933 3873 1032 3937 δεῖ
1056 3884 1290 3949 πίστεως
1321 3885 1415 3938 καὶ
1443 3884 1683 3951 ἐλπίδος,
1724 3887 1804 3950 είς
1825 3887 1884 3940 τὸ
1903 3887 2126 3950 ταύταις
2149 3886 2504 3958 μετρηθῆναι,
2541 3886 2617 3959 μὴ
2643 3889 2754 3952 τοῖς
2816 3887 3016 3956 πόνοις,
3079 3889 3179 3962 τὴν
3205 3891 3356 3963 ἀμοι-

132 3980 238 4050 ϐήν·
269 3981 504 4040 πίστεως
548 3978 604 4030 δὲ
647 3978 944 4039 ὑπόστασις
972 3975 1279 4048 πνεύματος
1312 3977 1554 4048 πτωχεία
1585 3977 1679 4030 καὶ
1715 3979 1749 4049 ἡ
1776 3979 1912 4050 πρὸς
1938 3979 2058 4032 θεὸν
2087 3979 2322 4050 ἄμετρος
2351 3978 2563 4048 ἀγάπη.

193 4074 267 4127 Τά
297 4077 390 4146 μὲν
413 4075 481 4147 δὴ
516 4075 658 4128 κατά
687 4075 784 4146 τὴν
815 4075 1003 4130 ἐλπίδα
1027 4074 1121 4128 τοῦ
1152 4072 1356 4126 σκοποῦ
1395 4075 1508 4136 τοῖς
1537 4072 1704 4142 φιλο--

1859 4074 1929 4128 Ει
1969 4073 2105 4127 haec
2150 4072 2394 4142 quidem,
2428 4089 2568 4145 quae
2609 4075 2676 4130 ad
2731 4091 2880 4146 spem
2922 4078 3202 4148 pertinent
3239 4079 3362 4136 ﬁnis

131 4164 294 4232 σόφως
339 4165 440 4235 ζῇν
471 4167 769 4238 ᾑρημένοις
805 4167 1004 4229 ἱκανῶς
1059 4163 1309 4236 εἰρῆσθαι
1355 4163 1577 4233 νομίζω.
1607 4162 1689 4216 δεῖ

127 4253 178 4305 δὲ
197 4254 372 4307 λοιπὸν
402 4255 716 4325 προσθεῖναι
758 4258 870 4317 τοῖς
898 4255 1223 4326 εἰρημένοις,
1264 4254 1411 4316 ὅπως
1443 4253 1541 4325 μὲν
1579 4252 1686 4324 χρὴ

1790 4163 1876 4228 iis,
1916 4164 2009 4234 qui
2045 4164 2420 4234 philosophice
2465 4167 2647 4222 vivere
2693 4169 2997 4239 elegerunt,
3040 4171 3172 4227 satis
3216 4171 3360 4228 dicta

1789 4269 1907 4310 esse
1933 4271 2148 4310 censeo.
2177 4254 2405 4326 Oportet
2435 4257 2599 4328 igitur
2623 4269 2807 4314 cetera
2835 4277 2936 4316 nos
2966 4261 3188 4328 addere,
3226 4280 3356 4334 quo-

128 4346 346 4395 συνεῖναι
371 4345 486 4406 τοῖς
514 4343 774 4406 τοιούτοις
816 4343 1063 4414 ἀλλήλοις
1082 4385 1096 4406 ,
1127 4343 1344 4406 ὁποίους
1377 4342 1435 4395 δὲ
1464 4343 1685 4414 ἀγαπᾷν

1804 4345 1952 4400 nodo
1979 4346 2112 4401 tales
2143 4347 2283 4402 alius
2312 4349 2403 4403 alii
2445 4350 2635 4404 adesse
2673 4351 2927 4417 debeant,
2950 4354 3140 4422 quales
3177 4371 3358 4412 amare

127 4432 327 4496 πόνους,
356 4433 508 4495 ὅπως
540 4435 618 4485 δεῖ
635 4433 678 4502 ⁷)
715 4433 928 4504 τρέχειν
961 4435 1079 4505 μετ’
1104 4431 1370 4504 ἀλλήλων,
1391 4432 1494 4496 ἓως
1513 4431 1683 4487 ἂνὲπὶ

123 4522 211 4590 τὴν
242 4523 351 4575 ἅνω
384 4523 544 4576 πόλιν
572 4523 896 4590 ἀφίκωνται.

186 4615 272 4666 Δεῖ
296 4615 475 4668 τοίνυν
502 4614 593 4666 τὸν
617 4613 682 4667 τά
722 4613 816 4666 τοῦ
859 4613 970 4684 βίου
1002 4614 1188 4668 τούτου
1224 4613 1397 4685 σεμνὰ
1427 4614 1681 4686 καθαρῶς

123 4702 466 4772 ἀτιμάζοντα,
501 4704 594 4756 καὶ
617 4703 946 4774 ἀρνούμενον
977 4704 1075 4774 μὲν
1107 4706 1232 4767 τοὺς
1261 4707 1557 4774 συγγενεῖς,
1577 4705 1680 4773 ἀρ-

122 4793 204 4845 νοῦ
213 4812 363 4863 μενον
389 4795 446 4848 δὲ
471 4798 650 4848 πᾶσαν
671 4797 768 4868 τὴν
785 4797 935 4850 κάτω
956 4797 1134 4862 δόξαν,
1160 4799 1254 4850 καὶ
1273 4798 1485 4868 ὁρῶντα
1495 4796 1676 4872 ἱτάγί)

119 4885 207 4953 τῆς
241 4888 499 4957 οὐρανίας
546 4889 730 4958 τιμῆς,
786 4889 880 4942 καὶ
925 4892 1039 4952 τοῖς
1075 4888 1216 4943 κατά
1267 4888 1386 4942 θεὸν
1430 4889 1680 4958 ἀδελφοῖς

1787 4438 2024 4502 labores,
2061 4439 2335 4507 quomodo
2367 4449 2615 4510 oporteat
2644 4458 2740 4496 eos
2773 4459 2882 4498 una
2909 4460 3152 4511 currere,
3184 4447 3357 4503 donec

1705 4538 1772 4595 '15
1787 4529 1853 4583 ad
1886 4545 2177 4598 supernam
2204 4529 2477 4586 civitatem
2508 4534 2848 4602 perveniant.

1856 4618 2082 4689 Oportet
2126 4635 2255 4691 ergo
2293 4635 2440 4685 eum,
2479 4622 2573 4690 qui
2620 4622 2784 4694 hujus
2823 4624 2966 4680 vitae
3008 4627 3353 4696 splendorem

1785 4727 1922 4782 pure
1945 4720 2292 4778 contemnat,
2328 4721 2383 4767 ct
2421 4713 2654 4786 abneget
2690 4727 2967 4787 cognatos,
3015 4720 3354 4791 abnegetque

1784 4805 1946 4858 etiam
1980 4820 2196 4860 omnem
2237 4813 2506 4859 terrenam
2542 4806 2790 4876 gloriam,
2831 4819 2886 4863 et
2923 4809 3201 4865 intueatur
3233 4828 3352 4867 coe-

1777 4893 1969 4948 lestem
2017 4895 2316 4959 honorem,
2364 4894 2627 4950 fratribus
2673 4899 2976 4952 secundum
3016 4900 3187 4953 Deum
3239 4901 3352 4958 suis

120 4979 494 5044 πνευματικῶς
548 4981 968 5052 συναπτόμενον,
1013 4982 1353 5052 ἀρνήσασθαι
1404 4981 1541 5053 μετά
1582 4981 1704 5035 τοῦ

1807 4986 2134 5054 piritualiter
2178 4988 2532 5053 coniunctus,
2579 4989 2852 5061 abnegare
2913 5007 3020 5044 una
3069 5008 3193 5047 cum
3241 4993 3349 5047 vita

120 5067 224 5136 βίου
267 5071 363 5124 καὶ
416 5073 520 5142 τὴν
551 5072 743 5124 ἑαυτοῦ
786 5073 985 5144 ψυχήν.
1035 5073 1262 5144 ἄρνησις
1303 5074 1358 5126 δὲ
1402 5074 1584 5143 ψυχῆς
1617 5073 1679 5127 τδ

1813 5078 1939 5130 tiam
1971 5078 2208 5132 animam
2242 5093 2415 5133 suam.
2449 5079 2754 5151 Abnegatio
2797 5091 2981 5136 autem
3019 5083 3232 5138 animae
3266 5094 3347 5138 est

121 5163 356 5233 μηδαμοῦ
380 5165 566 5234 ζητεῖν
589 5165 650 5217 τὸ
671 5165 862 5218 ἑαυτοῦ
885 5165 1114 5237 θέλημα,
1130 5165 1453 5235 θεραπεύειν
1479 5166 1678 5237 μᾶλλον

1804 5183 2056 5236 [unquam
2098 5184 2361 5238 quaerere
2391 5185 2546 5225 suam
2587 5174 2945 5238 voluntatem,
2985 5175 3151 5229 immo
3195 5177 3347 5231 subi—

114 5250 162 5304 δὲ
193 5255 383 5310 ἑαυτοῦ
419 5257 652 5328 θέλημα,
681 5259 852 5311 ποιεῖν
879 5259 969 5310 τὸν
1003 5258 1284 5328 ἐφεστῶτα
1312 5256 1403 5310 τοῦ
1433 5256 1556 5309 θεοῦ
1585 5257 1674 5310 λό-

1775 5274 1903 5330 gere
1949 5261 2226 5330 propriam
2269 5263 2628 5328 voluntatem,
2691 5263 2871 5320 facere
2927 5267 3137 5323 instans
3189 5268 3346 5324 nobis

1371 5375 1624 5430 VARIAE
1658 5375 2060 5432 LECTlONES.

175 5462 212 5535 ξ)
236 5461 371 5516 Cod.
403 5463 698 5535 κεκάθηκε.
741 5464 884 5535 --ν²)
921 5463 1168 5525 Emend.,
1206 5462 1328 5535 cod.
1357 5464 1677 5535 ἐκπέσομεν.

149 5509 382 5603 idem;
413 5564 486 5572 —
516 5534 557 5603 ⁵)
599 5509 676 5588 hx
705 5509 883 5595 coni.,l
910 5536 1031 5588 cml.
1067 5535 1143 5586 ὃν.
1177 5565 1246 5571 -

130 5602 322 5670 )Coni.
359 5602 613 5658 addimus
643 5606 732 5670 τά,
762 5605 906 5675 quod
946 5605 999 5659 in
1033 5605 1154 5659 cod.
1189 5603 1546 5660 desideratur.

1736 5466 1866 5543 -_—’)
1902 5466 2312 5543 Emend.,___cod.
2349 5468 2734 5543 ἐπαγγελείαν.
2783 5471 3189 5543 —_-_‘)Emend..
3219 5474 3344 5530 cod.

1278 5532 1336 5611 ἦ).
1357 5535 1435 5588 Ex
1472 5532 1644 5601 coni.,
1678 5537 1802 5591 cod.
1843 5532 1922 5590 ὃν.
1955 5568 2025 5578 —-
2068 5538 2111 5605 ⁷)
2146 5541 2235 5594 Sic
2264 5538 2415 5606 cod.,
2448 5532 2591 5595 forte
2644 5540 2750 5611 leg.
2792 5532 2909 5610 ae,’
2933 5543 3016 5598 vel
3038 5560 3101 5597 τε
3126 5543 3236 5600 δεῖ.
3279 5574 3342 5586 —-

1609 5720 1855 5776 NOTAE.

166 5802 244 5874 (ι)
281 5805 422 5862 Phil.
458 5807 544 5870 ιιι,
583 5809 662 5862 ιδ.
