3948 6532
591 332 697 388 425
1866 329 1923 385 S.
1966 326 2245 383 HACAR“
2290 327 2613 385 AEGYPTII
3710 341 3786 398 ω

590 448 823 504 verbum
848 445 967 513 Dei,
988 461 1165 519 eoque
1198 447 1280 503 uti
1320 456 1578 518 tanquam
1612 447 1757 503 bono
1785 447 2149 518 gubernatore

2229 453 2249 507 ι
2278 462 2395 515 γον,
2418 448 2513 501 καὶ
2532 448 2708 519 τούτῳ
2722 447 3024 519 κεχρῆσθαι
3046 446 3300 517 καθάπερ
3320 444 3509 517 ἁγαθῷ
3525 449 3788 529 κυϐερνῂτη,

591 539 1071 611 congregationem
1109 539 1338 595 fratrum
1377 555 1500 593 eum
1534 538 1829 595 concordia
1863 538 1931 593 ad
1962 548 2150 609 portum

2286 532 2348 585 τὸ
2379 533 2555 587 κοινὸν
2598 536 2696 605 τῆς
2730 534 3089 606 ἁδελφότητος
3133 535 3407 605 πλήρωμα
3453 538 3565 605 μεθ’
3597 541 3790 611 ὁμονοίας

592 630 892 686 voluntatis
917 630 1014 685 Dei
1049 630 1341 702 dirigente.
1374 629 1661 685 Possidere
1691 636 1873 684 autem
1910 628 2049 683 nihil
2089 627 2151 683 de

2286 623 2379 675 ἐπὶ
2422 624 2515 677 τὸν
2542 624 2737 695 λιμένα
2765 625 2857 679 τοῦ
2902 625 3208 697 θελήματος
3250 623 3347 678 τοῦ
3398 625 3519 679 θεοῦ
3556 630 3824 695 summa,

593 723 691 777 hes
724 722 829 787 vel,
852 722 1137 777 nominare
1184 720 1465 792 proprium
1512 729 1669 775 extra
1727 721 1803 785 id,
1840 720 1987 791 quod
2034 735 2152 775 com

2285 715 2583 785 κεκτῆσθαι
2608 718 2665 770 δὲ
2697 718 2847 771 οὐδὲν
2873 718 2977 790 χρὴ
3012 720 3107 789 ἤ¹>
3136 719 3424 789 ὀνομάζειν
3458 721 3581 773 ἴδιον
3612 728 3732 797 παρὰ
3753 734 3794 786 τὸ

593 830 759 869 mune
794 823 899 877 est,
927 822 1309 884 praeterquam
1335 814 1559 881 pallium
1592 829 1702 883 quo
1725 828 1927 883 corpus
1957 813 2152 884 tegitur

2236 812 2254 821 ’
2285 806 2483 868 κοινόν,
2534 806 2673 878 πλὴν
2714 807 2807 861 τοῦ
2832 808 2894 860 τὸ
2940 809 3097 879 σῶμα
3136 810 3502 874 καλύπτοντος
3533 810 3732 880 ἱματίου.
3763 824 3795 874 εί

592 905 807 960 Etenim
841 905 885 959 si
920 904 1059 959 nihil
1097 919 1289 957 eorum
1335 902 1521 967 habet,
1552 903 1649 957 sed
1691 912 1891 959 exutus
1928 913 2013 958 est
2055 918 2151 973 pro

2282 900 2391 971 γὰρ
2423 900 2588 971 μηδὲν
2615 901 2725 971 ἔχει
2768 900 2995 963 τούτων,
3030 901 3165 956 ἀλλὰ
3193 902 3396 972 γυμνὸς
3428 902 3510 972 εἴη
3536 904 3576 973 ³)
3602 905 3683 975 τῆς
3707 911 3795 963 καθ’

591 995 745 1066 priae
786 996 931 1050 vitae
973 1009 1125 1059 cura,
1170 993 1481 1048 communis
1518 994 1625 1049 erit
1672 994 1838 1064 208
1880 994 2150 1048 necessitu

2283 990 2472 1044 ἑαυτὸν
2499 992 2593 1045 τοῦ
2624 992 2738 1070 βίου
2781 993 3079 1063 φροντίδος,
3116 994 3215 1063 τῆς
3257 994 3445 1064 κοινῆς
3488 995 3628 1049 ἐσται
3654 1002 3796 1070 χρείας

590 1087 735 1141 dinis
773 1086 1059 1150 minister,
1092 1094 1149 1141 et
1186 1085 1631 1157 praepositorum
1677 1085 1886 1139 iussum
1927 1099 2050 1139 cum
2085 1100 2149 1139 νο

2281 1066 2651 1155 θεραπευτήςλ
2676 1086 2769 1137 καὶ
2802 1085 2861 1138 τὸ
2891 1087 3042 1155 παρὰ
3061 1086 3167 1138 τῶν
3191 1086 3545 1159 προεστώτων
3574 1090 3798 1146 ἐπιτασσό-

590 1178 799 1248 luptate
841 1186 897 1232 et
941 1192 1039 1249 spe
1079 1186 1336 1248 prompte
1378 1176 1645 1247 perficiet,
1679 1186 1934 1245 tanquam
1973 1176 2147 1247 probu

2284 1193 2443 1247 μενον
2472 1176 2589 1246 μεθ’
2614 1177 2808 1248 ἡδονῆς
2846 1179 2939 1231 καὶ
2972 1179 3187 1243 ἐλπίδος
3236 1176 3533 1249 προθύμως
3572 1180 3797 1247 ἐπιτελῶν,

590 1285 656 1325 ac
692 1270 925 1341 simplex
962 1285 1155 1325 servus
1194 1269 1422 1334 Christi,
1457 1270 1526 1324 ad
1560 1284 1903 1325 communem
1946 1268 2149 1322 fratrun

2239 1284 2257 1323 3
2280 1269 2530 1338 καθάπερ
2558 1268 2744 1334 εὔνους
2769 1272 2863 1324 καί⁵
2888 1270 3095 1335 ἁπλοῦς
3113 1270 3298 1335 δοῦλος
3328 1270 3422 1323 τοῦ
3445 1272 3681 1341 Χριστοῦ,
3700 1278 3798 1346 πρὸς

592 1352 1059 1417 necessitudinem
1084 1360 1423 1429 redemptus.
1453 1359 1569 1415 lloc
1593 1359 1743 1414 enim
1770 1358 2035 1412 Dominus
2060 1357 2151 1412 vul

2278 1364 2377 1433 τὴν
2406 1363 2591 1434 κοινὴν
2622 1363 2731 1415 τῶν
2763 1364 3009 1433 ἀδελφῶν
3047 1364 3237 1435 χρείαν
3266 1364 3649 1436 ὴγορασμένος.
3680 1368 3798 1422 τοῦτο

590 1462 890 1523 monetque
925 1452 1116 1508 dicens
1154 1470 1165 1505 :
1202 1450 1305 1517 Qui
1331 1451 1443 1505 vult
1480 1452 1618 1505 inter
1650 1466 1736 1504 vos
1764 1450 1967 1520 primus
1996 1464 2104 1501 esse
2126 1466 2149 1502 e

2278 1452 2387 1525 γὰρ
2415 1455 2443 1507 ὁ
2464 1453 2649 1525 κύριος
2682 1454 2927 1524 βούλεται
2962 1456 3054 1509 καὶ
3080 1458 3339 1527 παραινεῖ
3372 1455 3571 1524 λέγων’
3598 1458 3627 1509 ὁ
3654 1458 3799 1512 θέλων

593 1560 842 1616 magnus,
866 1552 973 1597 esto
1003 1544 1238 1596 omnium
1264 1543 1572 1595 novissimus
1598 1549 1647 1594 et
1671 1542 1906 1594 omnium
1936 1540 2152 1593 ministe;

2276 1543 2347 1596 ὲν
2378 1544 2521 1613 ὑμῖν
2559 1540 2711 1598 εἶναι
2760 1543 2993 1612 πρῶτος
3037 1544 3134 1597 καὶ
3160 1546 3368 1615 μέγας,
3417 1546 3572 1598 ἔστω
3613 1546 3800 1601 πάντων

591 1646 643 1692 et
662 1638 899 1691 omnium
919 1652 1097 1691 servus
1123 1634 1218 1707 (l).
1254 1633 1481 1705 Oportet
1505 1634 1671 1705 igitur
1708 1634 2032 1688 servitutem
2078 1648 2150 1689 co

2276 1635 2559 1705 ἔσχατος,
2598 1636 2697 1690 καὶ
2737 1636 2980 1690 πάντων
3009 1635 3315 1703 διάκονος,
3345 1637 3439 1690 καὶ
3464 1636 3800 1693 πάντωνδεῦ

592 1739 708 1783 ram
762 1727 1080 1782 hominibus
1130 1725 1528 1781 infructuosam
1571 1740 1722 1788 esse,
1766 1740 1946 1794 neque
2002 1725 2151 1780 ullun

2246 1728 2409 1794 ξλος.
2460 1727 2566 1801 χρὴ
2614 1725 2709 1784 οὖν
2756 1729 2855 1800 τὴν
2901 1727 3148 1782 δουλείαν
3188 1727 3341 1800 παρὰ
3390 1731 3503 1791 τοῖς
3553 1728 3801 1800 ἀνθρώποις

591 1819 854 1876 servienti
899 1818 1096 1874 afferre
1136 1818 1404 1873 honorem
1452 1819 1541 1873 vel
1582 1817 1835 1889 gloriam,
1874 1832 1943 1871 ne
1981 1826 2150 1872 contr:

2243 1831 2247 1863 ί
2274 1821 2523 1893 ἄκαρπον
2548 1816 2686 1876 εἶναι
2704 1862 2718 1883 ,
2744 1822 2839 1875 καὶ
2868 1821 3138 1893 μηδεμίαν
3161 1820 3433 1890 φέρουσαν
3456 1819 3534 1891 τῷ
3558 1820 3802 1875 δουλεύοντι

591 1911 930 1983 Scripturam
961 1911 1118 1982 quasi
1166 1911 1457 1965 hominibus
1496 1909 1711 1981 placens
1757 1908 2035 1974 videatur,
2075 1924 2150 1979 ap

2276 1913 2442 1985 τιμὴν
2488 1914 2622 1985 μηδέ
2667 1913 2845 1979 δόξαν,
2879 1915 3028 1977 ὅπως
3072 1913 3149 1984 μὴ
3190 1913 3341 1984 παρὰ
3385 1913 3445 1966 τὸ
3476 1915 3803 1985 γεγραμμένον

589 2016 848 2075 pareatve
886 2005 955 2058 ad
984 2001 1193 2058 oculum
1212 2005 1439 2059 serviens
1477 2002 1577 2075 (3),
1613 2016 1791 2071 neque
1832 2001 2148 2056 hominibus

2275 2005 2780 2075 ἀνθρωπάρεσκος
2826 2005 3107 2075 φαίνοιτο,
3165 2006 3517 2076 σχηματίζων
3562 2007 3728 2059 ἑαυτὸν
3767 2010 3806 2061 ὲν

590 2096 689 2153 sed
725 2109 787 2151 ut
827 2096 931 2167 Ipsi
976 2095 1209 2151 Domino
1252 2096 1518 2159 serviens,
1554 2103 1869 2164 arctamque
1907 2094 2052 2148 viam
2093 2093 2149 2149 in

2274 2096 2795 2167 ὀφθαλμοδουλείςι
2831 2097 3070 2168 ³),ημηδὲ
3100 2096 3427 2168 ἀνθρώποις,
3472 2097 3583 2151 ἀλλ’
3609 2098 3675 2160 ὡς
3694 2100 3806 2169 αὐτῷ

589 2188 812 2244 sistens.
870 2186 973 2245 Uni
1022 2187 1169 2241 illius
1216 2186 1343 2257 iugo
1382 2193 1637 2256 prompte
1683 2185 1884 2239 collum
1937 2183 2148 2239 submit!

2247 2187 2350 2258 ’τῷ
2383 2189 2557 2260 κυρίῳ
2598 2186 2886 2253 δουλεύων,
2926 2188 3022 2241 καὶ
3071 2186 3169 2259 τὴν
3212 2188 3582 2259 τεθλιμμένην
3624 2188 3806 2258 βαδίζων

593 2288 734 2343 tens,
768 2278 933 2349 idque
974 2287 1199 2349 portans
1248 2278 1616 2341 continenter,
1649 2277 1705 2331 in
1740 2277 2019 2347 voluptate
2061 2276 2152 2331 fer-

2281 2280 2411 2335 δδόν.
2456 2281 2538 2334 ἐνὶ
2562 2280 2607 2344 ⁵)
2636 2279 2713 2350 τῷ
2741 2279 2946 2333 ἐκείνου
2988 2279 3139 2351 ζυγῷ
3170 2279 3467 2351 προθύμως
3516 2280 3715 2344 ὑποθεὶς
3741 2276 3835 2334 tin-

593 2380 685 2426 tur
712 2370 780 2425 ad
817 2370 980 2425 finem
1008 2385 1134 2425 cum
1172 2370 1316 2425 bona
1348 2384 1463 2439 spe.
1494 2368 1668 2424 Debet
1699 2368 1867 2439 igitur
1896 2368 2152 2423 subiectu:

2291 2375 2497 2445 ιύχὲνα,
2538 2376 2631 2427 καί⁸
2662 2372 2946 2443 βαστάζων
2971 2372 3060 2427 δια
3097 2373 3305 2435 τέλους,
3346 2375 3402 2425 ἐν
3438 2373 3597 2441 ἠδονῇ
3629 2374 3807 2443 φέρεται
3846 2358 3850 2365 ’

590 2479 713 2521 esse
756 2462 1034 2528 omnibus,
1068 2472 1125 2518 et
1160 2472 1418 2533 tanquam
1456 2461 1633 2517 mutui
1670 2460 1781 2516 dati
1821 2460 2039 2516 debitor
2068 2462 2149 2515 mil

2276 2468 2413 2539 πρὸς
2434 2468 2495 2521 τὸ
2523 2467 2674 2530 τέλος
2708 2465 2847 2538 μετὰ
2875 2466 3094 2535 ἀγαθῆς
3134 2465 3367 2529 ἐλπίδος.
3413 2466 3498 2518 δεῖ
3530 2462 3617 2519 οῦν
3648 2467 3801 2519 ὑποτε-

590 2556 826 2610 nistrare
856 2554 1142 2619 fratribus,
1174 2553 1422 2609 omnium
1454 2553 1604 2608 curis
1642 2552 1698 2606 in
1738 2553 1920 2608 anima
1951 2568 2049 2607 sua
2090 2568 2148 2608 re

2274 2559 2470 2631 τάχθαι
2514 2561 2665 2622 πᾶσι,
2714 2560 2808 2611 καὶ
2855 2557 3108 2627 καθάπερ
3140 2557 3350 2611 δανείου
3384 2557 3660 2628 χρεώστην
3692 2557 3807 2627 θερα-

590 2647 816 2718 positis,
881 2645 1228 2716 reddensque
1280 2643 1519 2699 debitam
1579 2644 1885 2699 caritatem.
1949 2642 2149 2715 Oporte

2256 2648 2464 2703 ’πεύειν
2502 2652 2629 2713 τοὺς
2668 2649 2973 2718 ἀδελφοὺς,
3005 2648 3104 2712 τὰς
3135 2649 3274 2719 ὑπὲρ
3316 2650 3536 2702 πάντων
3574 2650 3807 2719 φροντίδας

590 2747 776 2796 autem
834 2739 1000 2793 etiam
1055 2736 1397 2809 praepositos
1448 2736 1749 2807 spiritualis
1806 2736 1959 2791 chori
2011 2751 2149 2791 curat

2278 2740 2672 2811 ἐναποθέμενον
2704 2743 2773 2812 τῇ
2805 2740 2977 2811 ψυχῇ,
3008 2740 3102 2793 καὶ
3129 2739 3555 2811 ἀποπληροῦντα
3582 2739 3671 2810 τὴν
3695 2740 3808 2807 ὀφει-

589 2830 695 2887 sibi
732 2830 1101 2886 incumbentis
1133 2827 1566 2900 magnitudinem
1595 2827 1894 2893 intuentes,
1922 2836 2148 2896 artesqui

2276 2833 2508 2904 λομένην
2548 2830 2940 2905 ἀγάπην.ιχρὴ
2981 2832 3036 2884 δὲ
3067 2832 3162 2884 καὶ
3206 2833 3332 2895 τοὺς
3376 2831 3710 2902 προεστῶτας
3738 2832 3806 2884 τοῦ

590 2920 903 2977 insidiantis
942 2918 1069 2975 ﬁdei
1108 2918 1348 2975 malitiae
1370 2917 1739 2982 attendentes,
1780 2916 1941 2987 digne
1963 2916 2149 2988 praesit

2277 2925 2649 2997 πνευματικοῦ
2678 2924 2839 2997 χοροῦ
2865 2926 2923 2978 τὸ
2950 2924 3177 2996 μέγεθος
3204 2927 3303 2995 τῆς
3322 2924 3505 2977 αὐτῶν
3527 2922 3806 2985 σκοποῦντας

589 3011 683 3067 dio
730 3026 829 3066 suo
869 3019 1105 3075 certare,
1139 3026 1241 3066 nec
1278 3010 1349 3065 ob
1384 3016 1708 3081 potestatem
1749 3020 2029 3063 assumere
2067 3008 2148 3079 spi

2277 3018 2556 3090 φροντίδος
2584 3018 2628 3088 ⁸)
2661 3018 2755 3071 καὶ
2779 3018 2875 3088 τῆς
2907 3016 3301 3087 ἐφεδρευούσης
3320 3016 3418 3087 τὴν
3447 3016 3629 3069 πίστιν
3658 3014 3808 3077 κακίας

591 3104 779 3157 ritum.
808 3101 922 3156 Hoc
945 3100 1095 3155 enim
1124 3100 1245 3155 loco
1270 3107 1357 3154 est
1386 3098 1713 3169 periculum.
1747 3096 1816 3152 Et
1849 3106 1979 3152 sunt
2012 3112 2150 3166 quos

2276 3110 2656 3180 λογιζομένους
2683 3110 2783 3173 τὰς
2809 3110 3024 3181 τέχνας,
3054 3109 3219 3174 ἀξίως
3243 3108 3342 3179 τῆς
3364 3107 3678 3171 ἐπιστασίας
3702 3108 3808 3175 ἀγω-

590 3207 717 3248 eum
752 3192 953 3247 ceteris
999 3192 1105 3245 iam
1143 3206 1201 3245 se
1245 3200 1527 3262 praestare
1554 3198 1833 3261 putarent,
1867 3204 2071 3258 eosque
2106 3204 2149 3241 at

2280 3169 2539 3267 νίξεσθαι,
2566 3203 2640 3275 μὴ
2662 3204 2796 3275 πρὸς
2816 3169 2914 3274 τὴτν
2938 3202 3183 3268 ἐξουσίαν
3204 3169 3565 3273 ἀναιροῦντας
3586 3169 3809 3272 φρύνημα.
3830 3212 3839 3227 ί

590 3292 875 3339 aeternam
911 3282 1113 3337 ducere
1150 3281 1341 3345 vitam,
1372 3281 1618 3345 latuerit,
1649 3280 1906 3351 superbia
1941 3296 1997 3335 se
2030 3280 2145 3350 ipso

2278 3297 2519 3361 κίνδυνος
2542 3298 2650 3368 γὰρ
2680 3295 2931 3350 ἐνταῦθα.
2958 3296 3053 3349 καί
3076 3313 3218 3358 τινες
3242 3294 3341 3365 ήδη
3372 3293 3651 3357 δοκοῦντες
3674 3294 3707 3361 ⁵)
3728 3291 3810 3345 ἑτέ-

592 3375 843 3430 interire.
896 3375 1109 3430 Debent
1158 3374 1322 3445 igitur
1372 3372 1426 3426 in
1481 3372 1756 3442 praesidio
1804 3373 1927 3443 plus
1977 3373 2151 3427 ceteri:

2280 3405 2388 3460 ρων
2419 3389 2769 3459 προεστάναι,
2798 3387 2893 3441 καὶ¹
2920 3386 3138 3450 τούτους
3170 3386 3262 3439 ἐπὶ
3294 3386 3391 3456 τὴν
3417 3386 3664 3457 ούρὰνιον
3686 3381 3808 3437 εὐθύς

590 3466 887 3537 praepositi
924 3464 1195 3528 laborare,
1224 3462 1487 3517 humilius
1516 3470 1699 3517 autem
1741 3461 2004 3517 subiectis
2032 3460 2149 3532 cogi

2276 3496 2386 3532 νειν
2436 3478 2603 3549 ζωήν,
2640 3478 2830 3532 ἔλαθον
2881 3479 2987 3532 ὑπὸ
3019 3480 3366 3550 φρονήματος
3412 3478 3637 3540 ἑαυτοὺς
3668 3473 3812 3528 ἀπολί-

590 3566 730 3621 tare,
765 3563 930 3627 atque
966 3566 1153 3627 typum
1188 3554 1471 3610 servitutis
1503 3553 1671 3608 vitam
1716 3568 1870 3609 suam
1908 3554 2149 3624 praeberi

2258 3570 2492 3633 σαντες.
2515 3571 2595 3624 δεῖ
2614 3566 2706 3623 οὖν
2730 3571 2787 3623 ἐν
2807 3572 2873 3641 τῇ
2897 3569 3189 3639 ἐπιστασία
3205 3566 3428 3639 μείζονα
3450 3568 3549 3639 μὲν
3564 3567 3664 3621 τῶν
3680 3566 3812 3620 ἄλλων

590 3648 876 3715 fratribus,
909 3659 1073 3721 atque
1107 3648 1419 3721 depositum
1456 3648 1552 3704 Dei
1587 3647 1901 3703 existimare
1935 3662 2051 3712 eos,
2080 3663 2149 3718 qu

2274 3667 2400 3727 τοὺς
2424 3663 2774 3734 προεστῶτας
2799 3665 3002 3726 πονεῖν,
3026 3661 3385 3731 ταπεινότερα
3410 3661 3469 3714 δὲ
3501 3661 3608 3714 τῶν
3632 3657 3811 3731 ἀρχομέ-

591 3742 699 3797 sibi
730 3744 1030 3798 concrediti
1068 3754 1214 3798 sunt.
1252 3742 1468 3798 Etenim
1497 3742 1541 3797 si
1572 3742 1646 3795 ita
1674 3757 1733 3795 se
1766 3740 1988 3804 habent,
2015 3756 2150 3795 exer-

2275 3772 2382 3808 νων
2409 3758 2644 3826 φρονεῖν,
2673 3756 2767 3808 καὶ
2784 3754 2953 3807 τύπον
2978 3754 3218 3816 δουλείας
3247 3754 3337 3805 τὸν
3368 3753 3564 3806 ἑαυτοῦ
3590 3752 3693 3822 βίον
3716 3767 3813 3821 περ·

591 3843 780 3890 Centes
834 3836 998 3891 simul
1052 3845 1302 3891 sanctum
1342 3835 1651 3891 ministerio
1690 3849 1791 3889 suo
1833 3834 2085 3897 chorum,
2120 3848 2150 3887 e

2277 3844 2420 3915 ἐχειν
2460 3848 2573 3908 τοῖς
2616 3844 2883 3912 ἀδελφοῖς,
2926 3841 3399 3913 παρακαταθήκην
3442 3841 3569 3895 θεοῦ
3618 3839 3811 3909 νομίζον-

591 3927 900 3983 doctrinam
935 3929 1235 3984 secundum
1269 3928 1535 3997 cuiusque
1571 3925 1954 3980 necessitatem
1996 3925 2150 3994 palan

2273 3953 2371 4000 τας
2396 3936 2559 4006 ἔχειν,
2600 3934 2693 3999 οὒς
2742 3935 3163 4004 ἐπιστεύθησαν.
3210 3937 3258 3987 εί
3305 3935 3415 4006 γὰρ
3448 3933 3623 3997 οὕτως
3663 3933 3810 4001 ἔχοιεν,

590 4031 979 4092 proponentes,
1017 4021 1084 4075 ad
1128 4020 1448 4075 salvandum
1499 4019 1697 4089 cuique
1746 4028 2149 4073 consentaneun

2252 4028 2704 4099 ισυγκροτοῦντες
2727 4029 2817 4082 τὸν
2855 4027 2998 4099 ἱερὸν
3027 4030 3090 4099 τῇ
3131 4027 3396 4097 θεραπεία
3434 4027 3615 4099 χορόν,
3642 4022 3810 4091 καὶτὴν

592 4110 863 4175 ordinem,
902 4110 959 4165 in
1004 4112 1222 4166 occulto
1269 4126 1400 4165 vero
1446 4110 1814 4165 humilitatem
1855 4120 2151 4165 exercente:

2278 4122 2375 4194 μὲν
2394 4114 2612 4190 διδαχὴν
2627 4120 2767 4173 κατὰ
2782 4119 2877 4189 τὴν
2894 4120 3123 4173 ἑκάστου
3145 4120 3335 4189 χρείαν
3358 4121 3415 4172 ἐν
3436 4117 3651 4189 φανερῷ
3674 4114 3811 4168 mmsi-

593 4200 649 4257 in
680 4212 885 4268 mente,
918 4211 1177 4273 tanquam
1208 4203 1364 4273 probi
1399 4204 1637 4259 ministri
1672 4202 1831 4257 fidem
1871 4212 2150 4258 servantes

2278 4225 2449 4279 μενοι.
2482 4208 2616 4278 πρὸς
2642 4208 2703 4261 τὸ
2733 4206 2928 4272 σώζειν
2958 4209 3057 4277 τὴν
3092 4210 3322 4263 ἑκάστου
3347 4212 3658 4279 πρέπουσαν
3676 4205 3834 4269 τάξιν..

592 4309 843 4364 magnam
890 4294 997 4349 sibi
1040 4294 1327 4350 lucrantur
1359 4296 1452 4351 tali
1495 4298 1608 4351 vita
1651 4297 1982 4351 mercedem.
2013 4297 2151 4367 2οε

2276 4300 2334 4351 ἐν
2359 4296 2435 4367 τῷ
2464 4296 2691 4367 κρυπτῷ
2715 4296 2770 4349 δὲ
2792 4296 2934 4349 κατὰ
2952 4296 3189 4350 διάνοιαν
3210 4298 3309 4367 τὴν
3336 4295 3809 4367 ταπεινοφροσύνην,

595 4386 687 4442 Sic
734 4386 900 4458 igitur
942 4403 1137 4442 eorum
1182 4400 1371 4441 curam
1415 4401 1605 4456 gerere
1650 4387 1882 4451 debent,
1930 4394 1992 4441 ut
2043 4387 2151 4441 bon

2276 4388 2528 4459 καθάπερ
2576 4387 2916 4459 εὐγνώμονες
2962 4387 3136 4440 δοῦλοι
3177 4387 3471 4459 τηροῦντες
3512 4388 3608 4457 τὴν
3653 4385 3806 4439 πίστιν.

593 4478 840 4549 magistri
874 4493 1170 4548 puerorum
1217 4487 1553 4542 tenerorum,
1593 4479 1687 4549 qui
1724 4479 1829 4533 sibi
1867 4478 2151 4534 concredit

2247 4505 2249 4507 ’
2282 4482 2455 4551 μέγαν
2500 4481 2712 4543 ἑαυτοῖς
2745 4481 3069 4552 ἐργάζονται
3111 4480 3185 4551 τῷ
3230 4480 3459 4551 τοιούτῳ
3492 4481 3593 4551 βίῳ
3637 4476 3806 4549 μισθόν.

595 4577 724 4625 sunt
748 4584 777 4622 a
804 4568 1052 4639 patribus
1072 4584 1286 4623 eorum.
1310 4568 1445 4624 Nam
1480 4570 1579 4634 illi,
1603 4586 1904 4641 puerorum
1933 4569 2153 4625 indolen

2279 4572 2450 4637 οὕτως
2487 4568 2580 4626 οῦν
2615 4572 2738 4645 [δεῖ]
2760 4574 2803 4644 ⁷)
2844 4573 3220 4643 ἐπιμελεῖσθαι
3253 4572 3459 4637 αύτῶν,
3512 4573 3588 4637 ὡς
3622 4572 3684 4624 ἂν
3709 4586 3808 4640 χρη-

596 4671 939 4731 spectantes,
999 4662 1093 4716 alii
1149 4661 1415 4727 verbera,
1468 4662 1561 4716 alii
1612 4663 2019 4733 correptiones,
2080 4664 2150 4717 ali

2282 4663 2398 4715 στοὶ
2448 4662 2788 4730 παιδαγωγοὶ
2816 4662 3022 4716 παίδων
3050 4662 3294 4724 ἁπαλῶν,
3323 4662 3417 4725 οὒς
3460 4659 3807 4730 ἐπιστεύθησαι

596 4750 835 4816 laudem,
866 4751 959 4805 alii
996 4750 1145 4805 aliud
1186 4750 1499 4807 huiusmodi
1540 4753 1799 4818 afl‘erunt,
1836 4769 2013 4823 neque
2048 4769 2155 4808 cun

2281 4754 2431 4826 παρὰ
2457 4754 2564 4808 τῶν
2591 4754 2841 4827 πατέρων
2878 4755 3320 4809 αύτῶνίίέκεῖνοι
3348 4755 3479 4827 γάρ,
3520 4755 3626 4808 τῶν
3652 4751 3808 4806 παίδων

596 4841 800 4905 studio,
824 4857 1003 4911 neque
1039 4857 1165 4897 cum
1194 4842 1322 4896 odio
1356 4842 1655 4913 quidquam
1681 4860 1872 4899 eorum
1902 4844 2151 4899 faciendo

2279 4846 2380 4909 τὰς
2410 4844 2552 4911 ἔξεις
2582 4847 2929 4911 σκοποῦντες,
2971 4850 3048 4919 τῷ
3070 4847 3173 4917 μὲν
3207 4847 3444 4918 πληγὰς,
3478 4846 3559 4917 τῷ
3584 4847 3638 4900 δὲ
3666 4842 3807 4897 vovet-

596 4934 691 4988 sed
727 4935 869 4990 sicut
900 4937 979 4990 rei
1006 4936 1283 5002 convenit,
1318 4948 1375 4993 et
1408 4938 1564 5007 pueri
1596 4940 1838 5009 postulat
1870 4949 2085 5004 natura,
2113 4957 2146 4994 ιι

2249 4935 2253 4970 ί
2281 4938 2424 5003 σίας,
2456 4938 2533 5010 τῷ
2562 4939 2620 4993 δὲ
2653 4940 2894 5003 ἔπαινον,
2922 4938 3002 5010 τῷ
3040 4940 3096 4993 δὲ
3126 4939 3253 4994 ἄλλο
3292 4958 3343 4992 τι
3402 4937 3661 5002 τοιοῦτον,
3680 4949 3808 5005 προσι

596 5025 729 5080 fiant
757 5026 924 5081 huius
948 5028 1091 5083 vitae
1121 5028 1372 5085 homines
1399 5030 1635 5085 honesti.
1662 5029 1799 5102 [Sic]
1838 5046 1938 5087 nos
1960 5047 2155 5101 quoqut

2280 5031 2528 5101 ἀγουσιν,
2556 5034 2710 5087 οὐδὲν
2743 5032 2867 5087 οὔτε
2895 5033 3031 5104 πρὸς
3057 5034 3215 5105 χάριν
3240 5032 3364 5086 οὔτε
3387 5032 3527 5103 πρὸς
3564 5029 3810 5100 ἀπέχθειαν

594 5127 815 5188 oportet
856 5120 1007 5174 omni
1050 5119 1179 5175 odio
1210 5121 1267 5176 in
1301 5121 1525 5178 fratrem
1572 5124 1831 5193 omnique
1864 5124 2153 5195 arroganti;

2277 5126 2482 5179 τούτων
2509 5126 2809 5193 ποιοῦντες,
2832 5126 2945 5181 ἀλλ’
2974 5126 3049 5191 ὡς
3074 5126 3244 5198 ἀνῆκε
3266 5126 3362 5180 τοῦ
3384 5126 3717 5198 πράγματος.
3743 5120 3809 5171 καὶ

1860 5279 2115 5335 VARIAE
2156 5279 2558 5338 LECTIONES.

670 5385 711 5457 ')
745 5389 1060 5473 Coni._add.
1204 5393 1257 5447 in
1287 5394 1422 5473 _cod.
1476 5393 1843 5473 desideratur.
1879 5430 1957 5473 _——
1999 5395 2044 5465 ³)
2074 5400 2171 5473 εἰς
2204 5400 2335 5473 cod.
2380 5398 2509 5473 —:')
2546 5400 2801 5465 Emenu.,
2830 5403 2963 5473 cod.
3016 5401 3513 5473 ὀφθαλμωδουλείᾳ.
3550 5430 3611 5439 -
3638 5397 3676 5465 ⁸)

594 5459 693 5513 ea.
724 5490 795 5499 —
823 5461 865 5529 ι)
908 5457 1161 5528 uiuendi,
1200 5465 1323 5519 cod.
1364 5465 1670 5535 φροντίδας.
1703 5497 1771 5506 -
1798 5468 1838 5538 ι)
1879 5457 2135 5535 ciuem,
2167 5471 2290 5527 cod.
2321 5457 2605 5535 δοκῶνίιες.
2644 5503 2715 5512 -
2739 5457 3239 5544 τ)’δεῖίίοω.’ςο‹ι“.,
3290 5457 3480 5528 addidi
3511 5486 3578 5527 ex
3605 5457 3733 5524 coni.

2110 5606 2361 5663 NOTAE.

595 5712 927 5838 ιέξζιδῐτςςε-
964 5714 1057 5783 IX.
1087 5716 1188 5783 Si;
1222 5716 1287 5780 Χ,
1319 5718 1386 5774 ιδ
1415 5733 1521 5788 sq.;
1553 5718 1742 5774 Matth.
1778 5717 1896 5785 xx,
1926 5719 1995 5776 εδ
2035 5735 2178 5790 sqq.,
2363 5723 2441 5795 (ε)
2482 5726 2620 5797 Eph.
2665 5728 2752 5797 vl,
2781 5729 2837 5795 6,
2875 5729 2929 5795 7;
2958 5728 3073 5785 Col.
3112 5728 3201 5793 ιιι,
3229 5726 3317 5782 22.
