3948 6544
163 353 256 411 429
1538 352 1722 409 EPIS'I

1823 351 1941 407 ΛΕ.
3277 341 3382 399 450

169 463 378 534 ἀγῶνας,
407 458 556 524 ὅπως
583 459 777 531 μικρὸν
808 460 981 533 εὑρὼν
1006 464 1034 515 ὁ
1063 463 1149 527 τὰς
1181 465 1245 519 ἐκ
1275 465 1374 535 τῆς
1411 466 1515 534 γῆς
1545 466 1709 536 τιμὰς

1825 463 2017 531 Quodsi
2061 481 2215 518 amor
2246 464 2340 519 Dei
2367 462 2524 518 vobis
2565 461 2729 525 inest,
2754 475 2977 515 necesse
3002 467 3085 512 est
3115 468 3171 514 et
3202 468 3384 514 cetera

167 547 471 612 ὑποϐάλλων,
506 549 601 600 καὶ
648 549 896 603 ἐντεῦθεν
937 553 1190 622 ἀρπάσας
1237 554 1393 624 ὑμῶν
1441 555 1530 608 τὸν
1559 555 1702 618 νοῦν,

1825 559 1966 612 illum
2013 556 2309 627 consequi,
2364 569 2604 610 amorem
2649 553 2970 615 fraternum,
3013 550 3384 604 mansuetudi-

165 645 220 696 ὲκ
245 639 334 709 τῆς
359 637 465 691 τῶν
507 637 771 708 ἀληθινῶν
811 640 1066 710 ἀσχολίας
1108 634 1205 697 ’ἐπὶ
1250 644 1320 696 τὰ
1377 646 1579 714 μάταια
1613 646 1707 698 καὶ

1826 661 1956 711 iem,
1995 647 2388 709 sinceritatem,
2432 644 2490 698 in
2531 645 2776 699 oratione
2819 641 3303 712 perseverantiam,
3329 649 3385 695 et

167 731 349 799 πλάνης
393 730 564 799 μεστά
617 731 897 802 καταϐάλῃ
948 734 1015 791 ³).
1078 735 1152 806 μὴ
1201 734 1378 805 εὑρὼν
1417 735 1472 788 δὲ
1517 736 1708 807 καιρὸν

1825 739 2018 804 telum,
2058 747 2114 793 et
2165 737 2390 793 omnino
2428 752 2647 792 omnem
2710 735 2992 788 virtutem.
3053 732 3158 786 Sed
3216 748 3384 801 quum

163 822 280 882 ὅλως
325 817 458 888 μηδέ
505 819 876 890 παρείσδυσιν,
910 822 990 885 είς
1029 823 1089 875 τὸ
1131 823 1380 878 δελεάσαι
1436 827 1562 890 τοὺς
1595 826 1722 880 ἄνω.

1829 843 2039 899 nagnus
2080 829 2152 884 sit
2189 829 2513 893 thesaurus,
2563 826 2744 898 magni
2776 827 2941 880 etiam
2994 824 3103 877 sint
3168 823 3388 877 labores

161 915 266 973 ταῖς
309 909 503 980 ψυχαῖς
575 911 948 984 διατρίϐοντας
1004 915 1250 970 ἀπόλωλε
1301 918 1346 988 ⁸)
1395 919 1490 971 καὶ
1531 921 1708 973 κεῖται

1826 934 2033 974 iecesse
2085 929 2170 974 est
2234 919 2301 973 ad
2353 934 2478 972 eum
2540 915 2977 988 adipiscendum,
3017 912 3112 982 qui
3162 927 3272 965 non
3319 910 3385 964 ad

162 1002 351 1074 νεκρός
387 1002 614 1069 Θάνατος
641 1003 748 1074 γάρ
782 1003 1025 1060 διαϐόλου
1053 1007 1111 1060 τὸ
1133 1008 1412 1081 ἄπρακτον
1445 1009 1588 1081 ἔχειν
1617 1012 1708 1065 καὶ

1829 1012 2231 1066 »εῑοηῐιιιίοηρῐη
2275 1011 2417 1081 apud
2458 1010 2709 1064 homines
2752 1009 2900 1072 ﬁant,
2942 1006 3035 1060 sed
3080 1014 3139 1058 ut
3177 1005 3388 1076 placea-

159 1095 494 1166 ἀνενέργητον
517 1096 615 1168 τὴν
641 1100 860 1154 κακίαν.
895 1100 1117 1171 ἀγάπης
1139 1099 1231 1155 οὖν
1261 1105 1318 1155 ἐν
1351 1103 1478 1174 ὑμῖν
1504 1103 1711 1176 παρῶ.

1829 1119 1934 1158 nus
1983 1103 2214 1158 Domino
2249 1103 2343 1172 qui
2383 1103 2538 1156 novit
2586 1099 2925 1163 abscondita,
2963 1114 3124 1168 quem
3173 1110 3388 1164 Semper

161 1204 247 1256 σης
267 1185 356 1239 τοῦ
375 1185 497 1238 θεοῦ
528 1187 740 1259 ἀνάγκη
772 1189 867 1242 καὶ
891 1189 960 1243 τὰ
987 1189 1146 1244 λοιπά
1167 1191 1338 1266 ταύτῃ
1361 1193 1706 1258 συνέπεσθαι,

1827 1195 2081 1266 respicere
2100 1194 2384 1258 debemus,
2411 1203 2463 1249 et
2499 1192 2761 1247 interiora
2791 1191 2959 1246 animi
2991 1190 3243 1253 scrutari,
3270 1189 3386 1258 pie-

155 1278 208 1332 τὺ
233 1277 566 1347 φιλάδελφον,
600 1278 663 1332 τὸ
691 1282 886 1352 πρᾶον,
939 1281 1000 1335 τὸ
1043 1283 1432 1352 ἀνυπόκριτον,
1475 1285 1537 1337 τὸ
1579 1287 1710 1356 περὶ

1830 1289 2049 1357 ,atisque
2082 1287 2300 1341 munire
2341 1284 2785 1355 cogitationibus,
2812 1300 2880 1337 ne
2917 1282 3200 1336 introitum
3241 1281 3389 1335 inve-

155 1371 242 1434 τὰς
264 1368 424 1438 εὐχὰς
456 1369 677 1440 διαρκὲς
703 1373 799 1426 καὶ
841 1374 1148 1436 σπουδαῖον,
1184 1376 1278 1428 καὶ
1314 1375 1500 1437 ἁπλῶς
1529 1378 1710 1430 πᾶσαν

1831 1379 1929 1433 iiat
1965 1393 2145 1448 neque
2173 1377 2354 1432 locum
2383 1374 2706 1428 insidiarum
2737 1372 3104 1437 adversarius,
3132 1387 3389 1426 exercere

154 1462 363 1535 ἀρετήν.
389 1461 465 1526 ὡς
491 1458 583 1516 οὖν
616 1465 854 1534 μεγάλου
875 1465 968 1519 τοῦ
987 1467 1262 1537 κτήματος
1283 1467 1434 1532 ὄντος
1462 1469 1710 1539 μεγάλων

1833 1486 1944 1524 rero
1978 1480 2034 1525 et
2066 1469 2267 1524 ducere
2303 1467 2368 1521 ad
2414 1465 2541 1519 boni
2579 1475 2634 1520 et
2669 1465 2793 1518 mali
2837 1463 3202 1534 cognitionem
3241 1479 3392 1516 mor--

154 1555 238 1608 καὶ
275 1553 453 1606 πόνων
501 1554 582 1608 δεῖ
629 1556 759 1627 περὶ
786 1555 884 1626 τὴν
931 1559 1125 1628 κτῆσιν
1151 1600 1166 1625 ,
1215 1559 1276 1612 οὐ
1329 1559 1466 1630 πρὸς
1492 1560 1712 1625 ἔνδειξιν

1831 1563 1939 1620 )ida
1961 1561 2171 1616 animae
2193 1560 2454 1614 membra.
2470 1559 2736 1612 Exercere
2763 1565 2946 1609 autem
2961 1570 3078 1608 eam
3100 1555 3203 1608 scit
3219 1554 3390 1606 Deum

152 1643 443 1716 ἀνθρώπων
483 1647 803 1716 γινομένων,
836 1647 952 1701 ἀλλ’
976 1651 1055 1713 εἰς
1091 1650 1154 1703 τὸ
1184 1651 1378 1722 ἀρέσαι
1407 1653 1485 1723 τῷ
1539 1655 1711 1723 κυρίῳ

1830 1669 2050 1725 sequens
2097 1667 2251 1706 mens
2293 1660 2349 1705 et
2400 1660 2567 1705 totam
2607 1649 2843 1704 animam
2882 1646 2985 1701 sibi
3027 1645 3289 1715 capulans
3323 1644 3389 1698 ad

151 1735 222 1807 τῷ
251 1736 316 1789 τὰ
346 1737 570 1808 κρυπτά
596 1738 780 1802 εἰδότι,
818 1740 956 1812 πρὸς
976 1741 1034 1796 δν
1057 1742 1138 1795 δεῖ
1168 1743 1384 1814 βλέπειν
1413 1745 1519 1809 ἀεί,
1539 1747 1710 1799 καὶτὸ

1839 1743 1968 1795 llum
2003 1757 2070 1795 ex
2103 1740 2198 1794 Dei
2233 1756 2436 1802 amore,
2474 1750 2528 1794 et
2561 1737 2791 1793 occultis
2811 1737 3033 1791 virtutis
3053 1735 3392 1804 cogitationi-

152 1829 282 1882 ἔνδον
306 1828 412 1897 τῆς
431 1829 607 1899 ψυχῆς
635 1830 712 1884 διε
721 1834 935 1904 ρευνᾷν,
955 1834 1049 1886 καὶ
1065 1835 1460 1905 περιφράσσειν
1482 1838 1594 1900 τοῖς
1613 1838 1711 1908 τῆς

1836 1849 1920 1888 )llS
1957 1832 2447 1901 mandatorumque
2479 1829 2741 1900 operibus
2777 1826 3056 1898 putridum
3099 1840 3296 1878 sanans
3339 1834 3395 1879 et

152 1916 422 1981 εὐσεϐείας
451 1919 754 1990 λογισμοῖς,
776 1921 924 1984 ὅπως
954 1922 1028 1992 μὴ
1059 1923 1407 1993 παρείσδυσιν
1431 1923 1568 1998 εὕρῃ
1595 1926 1711 1979 τινὰ

1835 1935 2084 1996 ιιιαηιιηιι
2140 1925 2270 1979 licet
2314 1926 2668 1995 conjungens.
2715 1921 2892 1987 Quum
2937 1927 3118 1972 autem
3167 1932 3274 1970 una
3323 1916 3394 1970 sit

155 2009 282 2081 μηδὲ
308 2008 498 2079 χώραν
529 2011 864 2084 ἐπιϐουλῆςδ
891 2013 1182 2081 ἀντίδικος,
1211 2015 1510 2086 γυμνάζειν
1536 2017 1592 2069 δὲ
1624 2017 1714 2070 καὶ

1833 2013 2064 2068 :ustodia
2103 2022 2157 2067 et
2193 2027 2323 2066 cura
2357 2012 2590 2075 animae,
2624 2010 2721 2064 Dei
2761 2009 2973 2064 scilicet
3005 2023 3128 2062 cum
3174 2006 3392 2060 deside-

149 2101 440 2173 προσάγειν
474 2102 611 2173 πρὸς
645 2103 743 2174 τὴν
770 2103 865 2158 τοῦ
899 2104 1065 2158 καλοῦ
1092 2107 1186 2159 καὶ
1222 2108 1462 2177 πονηροῦ
1489 2108 1708 2176 διάγνω-

1836 2107 1904 2160 ·ἱο
1949 2105 2248 2168 recordari,
2279 2115 2335 2159 et
2385 2119 2601 2173 semper
2643 2102 2802 2156 bonis
2843 2099 3266 2169 cogitationibus
3313 2097 3395 2149 in-

149 2212 226 2248 σιν
261 2193 329 2247 τὰ
361 2193 705 2265 ήσθενηκότα
741 2197 842 2267 τῆς
886 2197 1068 2268 ψυχῆς
1114 2197 1274 2269 μέλη.
1320 2199 1619 2269 γυμνάζειν
1663 2200 1708 2254 δὲ

1835 2213 2070 2259 maerere,
2101 2211 2168 2250 ne
2198 2194 2512 2249 excidamus
2543 2195 2636 2249 tali
2674 2193 2811 2254 zelo,
2850 2191 2963 2245 sive
2997 2190 3244 2252 edentes,
3281 2189 3394 2242 sive

148 2285 305 2357 αὐτὴν
323 2280 468 2341 οἶδεν
493 2288 522 2339 6
546 2286 624 2358 τῷ
645 2287 752 2359 θεῷ
767 2289 1032 2360 ἑπόμενος
1061 2290 1104 2358 ³)
1130 2289 1253 2353 νοῦς
1279 2291 1372 2344 καὶ
1401 2291 1707 2354 συνοικίζωι

1838 2288 2092 2352 )ibentes,
2125 2287 2239 2342 sive
2272 2287 2454 2349 otiosi,
2489 2286 2603 2340 sive
2644 2293 2866 2353 agentes
2905 2280 3133 2351 aliquid,
3166 2279 3280 2333 sive
3320 2280 3397 2332 lo-

147 2377 312 2449 ἐαυτῷ
345 2379 534 2431 πᾶσαν
584 2379 683 2450 τὴν
729 2378 909 2451 ψυχὴν
941 2380 1079 2450 πρὸς
1107 2381 1312 2434 ἐκεῖνον
1344 2382 1410 2434 ἐκ
1441 2381 1541 2452 τῆς
1583 2381 1706 2452 πρὸς

1837 2387 2073 2450 luentes,
2105 2388 2167 2433 ut
2216 2380 2418 2441 omnia,
2449 2394 2589 2447 quae
2649 2377 2898 2439 facimus,
2937 2375 2991 2427 in
3036 2369 3131 2427 Dei
3179 2371 3396 2425 laudem

149 2469 262 2523 θεὸν
291 2469 540 2540 ἀγάπης,
589 2469 684 2524 κα)⁸
709 2469 820 2523 τῶν
852 2469 1112 2541 κρυπτῶν
1141 2473 1242 2542 τῆς
1271 2470 1471 2542 ἀρετῆς
1503 2470 1708 2523 ἐννοιῶπ

1841 2474 2036 2538 :edant,
2073 2489 2182 2526 non
2233 2472 2286 2526 in
2323 2480 2561 2526 nostram
2602 2471 2866 2539 ipsorum,
2902 2481 3082 2546 neque
3114 2465 3244 2536 quid
3284 2480 3400 2517 sor-

148 2563 234 2617 καὶ
255 2560 437 2634 ἔργων
477 2561 698 2632 ἐντολῆς
733 2560 961 2634 ἰώμενος
990 2562 1049 2616 τὸ
1080 2562 1278 2634 σαθρὸν
1309 2563 1405 2616 καὶ
1438 2563 1707 2616 συνάπτωη

1842 2567 2012 2620 lidum
2046 2568 2131 2621 vel
2173 2565 2553 2621 immunditiae
2583 2565 2693 2619 vita
2723 2574 2910 2618 nostra
2933 2579 2999 2617 ex
3037 2561 3239 2616 diaboli
3272 2559 3401 2613 insi-

145 2655 219 2725 τῷ
252 2653 490 2726 δυνατῷ.
518 2655 640 2708 ἐπεὶ
672 2650 766 2708 οῦν
801 2654 898 2726 μία
921 2655 1038 2708 ἐστὶ
1072 2655 1282 2727 φρουρά
1327 2655 1421 2708 καὶ
1458 2654 1704 2726 θεραπείι

1843 2658 1931 2712 liis
1965 2659 2163 2713 trahat.
2205 2659 2495 2712 Praeterea
2533 2657 2705 2710 Deum
2748 2653 3102 2725 diligentibus
3135 2651 3308 2706 facilis
3347 2657 3402 2704 et

146 2745 340 2817 ψυχῆς,
392 2745 461 2799 τὸ
493 2745 802 2817 μεμνῆσθαι
839 2747 899 2799 ἐν
943 2746 1094 2818 πόοῳ
1137 2747 1282 2811 θεοῦ,
1335 2746 1432 2800 καὶ
1477 2746 1564 2800 ἀεὶ
1615 2745 1705 2799 τῶ1

1843 2751 2008 2805 ίυανίδ
2052 2750 2432 2804 mandatorum
2477 2749 2652 2813 labor,
2698 2761 2868 2817 quum
2909 2747 3028 2800 leve
3073 2753 3130 2799 et
3169 2742 3402 2797 amabile

146 2838 365 2907 ἀγαθῶν
391 2837 618 2909 ἔχεσθαι
646 2837 884 2903 ἐννοιῶν,
910 2839 985 2910 μὴ
1009 2839 1334 2909 ἀποστῶμεν
1350 2839 1450 2910 τῆς
1470 2840 1705 2911 τοιαύτης

1844 2840 1986 2895 ιοὺίε
2029 2849 2308 2896 certamen
2358 2839 2552 2894 reddat
2603 2838 2750 2892 illius
2795 2852 2966 2891 amor.
3017 2833 3196 2902 Quare
3236 2833 3403 2889 etiam

150 2931 404 3004 σπουδῆς,
447 2933 545 3004 ἦτε
581 2931 872 2997 ἐσθίοντες,
897 2933 994 3002 ἦτε
1023 2932 1294 2996 πίνοντες,
1343 2933 1440 3004 ήτε
1467 2932 1709 3003 ἠρεμοῦν

1845 2932 2082 2988 liabolus
2108 2932 2257 2987 omni
2295 2932 2456 2986 modo
2490 2930 2708 2992 nititur,
2745 2937 2805 2983 ut
2841 2929 3090 2983 timorem
3124 2924 3340 2980 Domini
3373 2938 3404 2978 e

146 3040 252 3088 τες,
299 3025 400 3095 ἦτε
444 3023 728 3087 ποιοῦντές
774 3042 848 3090 τι,
883 3024 916 3096 ἢ
953 3024 1334 3094 φθεγγόμενοι,
1373 3026 1520 3088 ὅπως
1550 3025 1705 3078 πάντι

1847 3026 2090 3082 :ordihus
2140 3025 2368 3089 evellat,
2421 3031 2475 3078 et
2527 3037 2769 3077 amorem
2821 3035 2950 3090 erga
3000 3011 3154 3072 illum
3199 3017 3406 3072 illicitis

148 3113 214 3168 τὰ
239 3117 371 3188 παρ’
405 3115 544 3186 ἡμῖν
576 3116 655 3179 εἰς
685 3115 782 3185 τὴν
801 3115 894 3170 τοῦ
927 3114 1047 3168 θεοῦ
1077 3114 1301 3187 συντελῇ
1328 3113 1506 3180 δόξαν,
1533 3116 1625 3169 καὶ
1651 3115 1707 3185 μί

1849 3116 2204 3186 voluptatibus
2247 3115 2616 3182 suavibusque
2662 3105 2838 3166 liamis
2867 3109 3147 3174 dissolvat,
3185 3116 3408 3162 conten-

145 3210 220 3271 είς
263 3181 681 3280 τηνιημετέραν
718 3181 920 3272 αὐτῶν,
964 3207 1099 3278 μηδέ
1129 3206 1225 3278 ἔχῃ
1251 3181 1436 3276 *ξτινά
1473 3181 1662 3278 ῥύπον·
1693 3209 1704 3259 i

1850 3181 2044 3276 litque,
2089 3214 2169 3269 ut,
2212 3219 2337 3259 cum
2383 3181 2620 3258 animam
2655 3201 2860 3256 nudam
2906 3199 3288 3270 spiritualibus
3323 3213 3409 3251 ar-

147 3300 334 3371 κηλῖδα
364 3298 533 3371 ἡμῶν
551 3301 583 3353 6
619 3299 733 3371 βίος
771 3302 836 3354 ἐκ
865 3303 966 3372 τῆς
991 3299 1086 3353 τοῦ
1129 3297 1368 3370 πονηροῦ
1400 3299 1690 3367 ἐπιϐουλῆς

1852 3297 1937 3350 nis
1967 3303 2023 3350 et
2056 3293 2446 3349 incustoditam
2481 3289 2929 3363 deprehenderit,
2956 3298 3172 3344 nostros
3193 3287 3411 3343 labores

142 3394 236 3447 καὶ
267 3394 454 3456 ἄλλως
487 3392 531 3463 ⁸)
559 3392 617 3447 δὲ
657 3395 770 3456 τοῖς
799 3393 1062 3461 ἀγαπῶσι
1091 3392 1182 3445 τὸν
1211 3391 1330 3445 θεὸν
1377 3391 1596 3455 εῧκολος
1637 3409 1701 3445 κα

1852 3387 2044 3450 ierdat,
2084 3395 2357 3440 terrenam
2407 3383 2569 3439 nobis
2613 3381 2840 3454 gloriam
2879 3396 2980 3451 pro
3016 3379 3239 3435 coelesti
3286 3394 3411 3450 sug-

145 3486 272 3555 ήδὺς
319 3484 438 3539 τῶν
476 3483 704 3538 ἐντολῶν
737 3485 766 3539 6
796 3485 978 3548 πόνος,
1024 3484 1257 3556 ἐλαφρὸν
1306 3485 1401 3538 καὶ
1435 3485 1704 3556 ἐπέραστο

1848 3494 2048 3549 gerens,
2077 3485 2134 3533 et
2161 3477 2460 3531 obscurans
2485 3489 2626 3546 quae
2655 3486 2783 3528 vere
2811 3471 3040 3543 pulchra
3069 3470 3229 3543 213
3261 3479 3407 3534 sunt,

143 3577 272 3644 ἡμῖν
297 3574 395 3627 τὸν
431 3574 624 3643 ἀγῶνα
659 3574 762 3645 τῆς
800 3575 936 3646 πρὸς
965 3576 1176 3628 ἐκεῖνον
1202 3575 1462 3646 ποιούσης
1487 3574 1702 3645 ἀγάπης

1857 3573 1904 3626 is
1945 3585 2084 3641 quae
2122 3569 2350 3639 pulchra
2387 3582 2508 3624 esse
2544 3564 2805 3620 videntur
2835 3561 3209 3634 imaginationi
3254 3559 3413 3615 dece-

144 3664 229 3718 διά
260 3665 428 3720 τοῦτο
460 3665 558 3719 καὶ
587 3667 617 3720 6
665 3645 898 3735 πονηρδς
947 3665 1124 3719 πάντα
1157 3665 1483 3735 ἀγωνίζεται
1511 3665 1703 3737 τρόπον

1854 3673 2070 3719 itorum.
2097 3659 2388 3717 Terribilis
2406 3659 2553 3715 enim
2572 3666 2657 3713 est
2672 3667 2748 3725 et,
2771 3655 3110 3728 negligentes
3125 3654 3172 3709 si
3191 3653 3413 3708 invene-

142 3757 396 3811 ἐκϐαλεῖν
419 3756 518 3810 τὸν
542 3755 634 3811 τοῦ
679 3758 870 3828 κυρίου
907 3757 1070 3828 φόϐον
1095 3758 1204 3812 ἀπὸ
1241 3757 1351 3811 τῶν
1391 3757 1601 3828 ψυχῶν,
1641 3775 1701 3811 κο

1854 3756 1911 3810 ’ἰι
1948 3752 2223 3816 custodes,
2257 3751 2311 3805 in
2352 3749 2766 3821 opportunitate
2807 3745 3117 3820 arripienda
3147 3753 3204 3799 et
3235 3743 3413 3798 virtu-

139 3843 396 3902 διαλῦσαι
422 3847 529 3919 τὴν
559 3847 696 3919 πρὸς
724 3849 931 3902 ἐκεῖνον
971 3849 1194 3919 ἀγάπην
1236 3850 1451 3920 ἡδοναῖς
1499 3849 1698 3920 παρανό

1863 3846 1908 3901 is
1952 3845 2236 3900 laboribus
2287 3840 2601 3912 irrependo,
2635 3848 2692 3896 et
2735 3839 2918 3895 tritico
2960 3853 3058 3895 sua
3092 3835 3301 3892 zizania
3333 3835 3416 3890 in-

137 3957 265 4013 μοις
313 3939 416 3994 καὶ
477 3941 729 4010 τερπνοῖς
775 3938 1122 4011 ἀγκίστροις,
1181 3940 1536 4010 φιλονεικῶν,
1586 3941 1696 3993 ὅπω

1855 3937 2176 4001 .erserendo,
2195 3935 2548 3990 maledictum
2572 3933 2785 3989 scilicet
2807 3939 2864 3986 et
2883 3929 3196 4005 superbiam
3218 3937 3274 3984 et
3296 3928 3414 3982 ina-

141 4031 362 4109 γυμνὴν
406 4031 527 4085 τῶν
582 4031 966 4101 πνευματικῶν
1003 4030 1180 4085 ὃπλων
1226 4033 1268 4101 ⁸)
1322 4033 1417 4085 καὶ
1463 4033 1700 4103 ἄφρουρο

1856 4045 1961 4084 rem
1989 4028 2216 4099 gloriam
2240 4036 2296 4082 et
2314 4026 2542 4082 honoris
2571 4023 2884 4095 cupidinem
2919 4031 2976 4078 et
3007 4021 3415 4078 contentionem

140 4121 327 4177 λαϐὼν
355 4126 470 4196 τὴν
499 4123 700 4194 ψυχήν,
735 4124 865 4187 τοὺς
891 4123 1088 4188 πόνους
1114 4123 1273 4194 ἡμῶν
1297 4123 1603 4196 διαφθείρῃ,
1638 4124 1699 4195 τὴ

1858 4131 1894 4176 :t
1925 4129 2110 4176 cetera
2151 4120 2390 4175 malitiae
2430 4118 2694 4175 facinora.
2737 4115 2964 4189 Oportet
2998 4115 3164 4186 igitur
3195 4112 3417 4183 vigilem

142 4215 209 4269 ἐκ
241 4215 344 4286 τῆς
377 4214 497 4285 γῆς
537 4215 668 4285 ἡμῖν
701 4213 857 4281 δόξαν
904 4213 1210 4283 ἐπεισάγων
1243 4217 1308 4286 τῇ
1339 4215 1594 4286 οὐρανίῳ,
1645 4234 1701 4270 κο

1858 4231 1956 4271 esse
2001 4223 2059 4271 et
2089 4215 2332 4286 undique
2387 4213 2663 4270 custodire
2709 4210 3034 4274 inimicum,
3067 4216 3162 4272 ut,
3204 4204 3417 4261 etiamsi

139 4306 423 4362 ἐπιθολῶν
458 4307 532 4362 τὰ
561 4307 730 4372 ὅντως
763 4306 905 4360 καλά
949 4310 1061 4370 τοῖς
1097 4306 1345 4360 δοκοῦσιν
1382 4304 1521 4361 εἶναι
1553 4307 1698 4362 καλοῖ

1860 4309 2148 4364 nachinam
2200 4306 2474 4378 quandam
2522 4304 2873 4376 impudenter
2921 4301 3200 4366 adhibeat,
3240 4298 3419 4370 prius-

137 4401 204 4470 τῇ
232 4399 347 4453 τῶν
377 4399 764 4470 ἀπατωμένων
799 4401 1106 4470 φαντασίᾳῖ
1129 4399 1302 4461 δεινὸς
1326 4400 1434 4471 γάρ
1473 4402 1588 4454 ἐστι
1614 4399 1696 4453 καλ

1861 4417 2003 4471 [nam
2043 4401 2279 4455 animam
2320 4399 2518 4469 capiat,
2553 4413 2680 4453 eum
2729 4395 3132 4468 propulsemus.
3183 4391 3420 4447 Memen-

138 4489 542 4562 ρᾳθυμοῦντας
564 4492 611 4544 εἰ
634 4491 680 4562 ⁷)
705 4490 840 4565 εὕρῃ
864 4492 988 4554 τοὺς
1010 4489 1278 4558 φύλακας.
1309 4491 1504 4561 κλέψαι
1524 4490 1697 4563 καιρόι

1862 4502 1954 4548 .ote
1987 4509 2119 4548 vero
2151 4492 2287 4547 mihi
2329 4491 2496 4546 etiam
2540 4505 2778 4560 seraper,
2814 4487 2962 4559 quod
2997 4486 3131 4542 Abel
3181 4485 3294 4539 Deo
3337 4499 3421 4537 sa-

136 4580 236 4632 καὶ
267 4580 631 4634 ἐπεισελθεῖν
658 4581 774 4643 τοῖς
805 4578 906 4649 τῆς
931 4579 1135 4648 ἀρετῆς
1167 4579 1370 4644 πόνοις,
1401 4579 1497 4633 καὶ
1527 4595 1695 4646 συγκα

1859 4585 2110 4640 :riﬂeium
2158 4585 2226 4640 de
2273 4584 2537 4656 primitiis
2589 4583 2776 4638 ovium
2824 4590 2882 4638 et
2931 4581 3152 4650 adipum
3198 4575 3418 4641 obtulit,

137 4675 450 4744 τασπεῖραι
481 4670 559 4742 τῷ
584 4670 798 4741 σίτῳτά
819 4668 1010 4723 ἑαυτοῦ
1037 4669 1274 4733 ζιζάνια,
1303 4671 1567 4742 λοιδορίαν
1597 4671 1696 4740 λέγι

1862 4678 1975 4733 lain
2003 4694 2136 4733 vero
2163 4678 2230 4732 de
2261 4677 2532 4732 fructibus
2563 4684 2764 4740 terrae,
2795 4673 2892 4730 sed
2921 4689 3032 4728 non
3064 4672 3131 4726 de
3162 4668 3421 4740 primitiis

135 4765 235 4818 καὶ
263 4763 455 4834 τῦφον
492 4764 587 4817 καὶ
635 4763 942 4828 κενοδοξίαν
983 4763 1080 4816 καὶ
1111 4763 1275 4833 τιμῆς
1313 4763 1607 4833 ἐπιθυμίαν
1648 4782 1694 4816 κι

1861 4773 2139 4825 'ructuum.
2162 4770 2230 4824 Et
2247 4770 2494 4841 respexit,
2515 4767 2715 4838 inquit,
2738 4765 2880 4820 Deus
2903 4764 2971 4818 ad
2987 4761 3248 4827 sacriﬁcia
3271 4757 3420 4821 Abel,

137 4856 258 4929 ἔριν
291 4860 398 4912 καὶ
427 4857 504 4911 τά
523 4857 687 4911 λοιπά
701 4857 801 4926 τῆς
819 4857 1020 4922 κακίας
1045 4857 1523 4929 δημιουργήματα.
1551 4855 1696 4913 δεῖοί

1865 4863 1913 4916 ιά
1938 4878 2160 4916 munera
2183 4860 2317 4917 Cain
2345 4869 2522 4915 autem
2552 4875 2658 4913 non
2700 4858 2926 4930 respexit
2945 4854 3044 4927 (l).
3069 4853 3220 4919 Quae
3257 4851 3424 4920 igitur

135 4948 528 5020 ἐγρηγορέναι
560 4948 653 5000 καὶ
677 4949 866 5018 τηρεῖν
897 4945 1160 5000 πάντοθεν
1189 4946 1280 5000 τὸν
1309 4947 1520 5018 ἐχθρόν,
1567 4949 1694 5002 ὅπως

1866 4953 2109 5008 iistoriae
2139 4953 2386 5008 utilitas?
2427 4952 2690 5018 Discitur,
2725 4966 2890 5020 quam
2920 4949 3286 5017 beneplacens
3314 4945 3425 4999 Deo

133 5037 240 5092 κᾶν
269 5036 578 5110 προσϐάλῃ
599 5036 721 5090 τινά
767 5036 1013 5106 μηχανὴν
1043 5037 1134 5089 ὑπ’
1160 5037 1564 5107 ἀναισχυντίας,
1613 5041 1692 5110 πρ

1866 5062 2008 5100 ηηηο
2056 5046 2148 5112 sit,
2188 5045 2334 5115 quod
2362 5061 2487 5101 cum
2518 5046 2715 5099 timore
2749 5052 2805 5098 et
2846 5041 2952 5096 ﬁde
2984 5040 3062 5103 ﬁt,
3091 5053 3269 5109 neque
3296 5051 3425 5091 vero

131 5129 390 5198 ἅψασθαι
442 5129 550 5199 τῆς
597 5128 796 5199 ψυχῆς,
845 5128 1312 5197 ἀποκρούσασθαι.
1375 5129 1690 5200 μνημονεύει

1869 5121 1903 5188 d
1941 5134 2086 5204 quod
2119 5144 2436 5206 sumptuose
2469 5135 2586 5190 sine
2619 5149 2804 5189 amore
2847 5131 3148 5203 perﬁcitur.
3185 5129 3300 5183 Nec
3331 5127 3428 5181 ali-

130 5223 187 5275 δέ
210 5241 311 5292 μοι
345 5221 604 5292 συνεχῶς
621 5218 1001 5283 κάκείνων,ὅτι
1019 5218 1181 5272 Ἀϐελ
1216 5219 1314 5290 μὲν
1337 5221 1642 5291 προσέφερε
1665 5223 1743 5293 τῷ

130 5315 242 5387 θεῷ
269 5315 492 5369 θυσίαν
521 5314 629 5367 ἀπὸ
659 5311 1026 5384 πρωτοτόκων
1044 5310 1334 5382 προϐάτων
1356 5313 1450 5366 καὶ
1481 5313 1741 5380 στεάτων,

1427 5429 1682 5486 νΑῐιιΑΕ
1724 5422 2126 5491 LECTIOSES.

1848 5235 1932 5281 ter
1964 5227 2239 5281 Abraham
2281 5243 2312 5281 a
2352 5225 2752 5282 Melchisedech
2796 5223 3235 5280 benedictionem
3275 5235 3428 5274 acce-

1847 5317 1949 5386 pit,
1979 5319 2083 5372 nisi
2117 5319 2280 5374 etiam
2310 5319 2580 5388 primitias
2602 5327 2657 5374 et
2681 5317 2862 5388 opima
2889 5316 3126 5372 offerens
3155 5311 3425 5368 sacerdoti

240 5525 259 5557 ¹
287 5519 509 5598 )Λ(ξο(1.
539 5517 872 5598 καταϐάλλῃ.
899 5518 1043 5598 τῖ’)
1069 5515 1204 5572 Cod.
1231 5517 1520 5598 ἀπώλωλε.
1547 5520 1690 5598 —:_')
1722 5521 1857 5598 C_od.
1900 5525 2181 5598 ἑπόμενος.
2200 5558 2269 5567 -
2299 5525 2538 5598 ‘)Corr.,
2575 5524 2698 5598 cod.
2729 5525 2911 5595 ἔχειν.
2974 5557 3044 5566 —
3085 5525 3130 5597 ⁸)
3165 5522 3423 5590 Emend.,

132 5595 259 5650 cod.
291 5588 505 5655 ἀλλος.
542 5619 613 5630 -—
640 5590 684 5659 ⁸)
714 5588 849 5644 Cod.
900 5588 1099 5642 ὅπλων.
1137 5617 1208 5627 -
1231 5589 1276 5660 ⁷)
1327 5591 1376 5642 εἰ
1428 5605 1536 5644 om.
1583 5588 1866 5659 librarius,
1906 5588 2022 5652 sed.
2069 5588 2150 5652 in.
2183 5588 2334 5653 corr.’
2370 5588 2538 5667 supra
2572 5588 2855 5652 adscr."oi.

1678 5710 1931 5772 NOTAE.

206 5787 290 5859 (ι)
338 5785 560 5842 Gcnes.
593 5781 680 5844 ιν,
713 5782 765 5835 ι.

3563 3151 3610 3170 ..ι
