3948 6570
522 318 617 375 (Si
1795 326 1851 382 S.
1894 326 2079 384 MACA

2214 329 2392 384 AEGY
2402 330 2484 384 PT
2493 331 2532 384 ll
3655 333 3739 386 L71

525 435 621 490 Dei
651 434 760 508 (l);
788 433 970 512 opima
1001 445 1184 493 autem
1227 437 1363 494 dicit
1387 446 1444 495 et
1479 441 1748 512 primitias
1773 441 2084 498 substantia.

2195 444 2332 502 Κάῖν
2349 446 2405 500 δὲ
2432 446 2539 499 ἀπὸ
2562 447 2791 516 καρπῶν
2808 446 2906 515 τῆς
2924 443 3049 513 γῆς,
3080 435 3194 496 ἀλλ’
3220 444 3322 496 οὑκ
3353 443 3460 496 ἀπὸ
3487 442 3593 496 τῶν
3613 447 3740 517 πρὼ-

527 544 650 584 rum
699 529 870 600 ipsam
916 529 1156 584 animam
1198 541 1254 586 et
1301 533 1472 603 ipsam
1517 544 1788 600 mentem,
1834 535 2086 604 imperan:

2207 553 2317 590 των
2345 538 2593 607 καρπῶν.
2623 538 2722 590 καὶ
2747 536 2964 598 ἐπεῖδε,
3000 536 3155 604 φησί,
3183 537 3213 588 ό
3241 535 3373 599 θεὸς
3399 533 3492 586 ἐπὶ
3520 534 3641 598 ταῖς
3663 543 3745 590 θυ-

525 619 706 684 nobis,
742 636 812 675 ne
852 621 1278 690 pusillanimiter
1321 625 1666 680 immolemus
1694 626 1806 680 Deo
1833 625 2024 681 laudes
2053 641 2084 681 e

2209 628 2374 692 σίαις
2407 623 2714 689 τοῦἍϐελ,
2753 626 2851 680 ἐπὶ
2887 625 2956 679 δὲ
2988 625 3114 692 τοῖς
3149 625 3360 692 δώροις
3392 625 3496 678 τοῦ
3520 625 3654 678 Κάῖν
3690 631 3747 682 οὐ

526 726 754 781 preces,
803 727 983 782 neque
1016 713 1177 768 obvia
1222 731 1473 785 quaeque
1514 717 1746 772 Domino
1791 717 2085 772 offeramus

2207 717 2532 783 προσέσχε.
2563 717 2617 770 τί
2654 715 2830 770 τοίνυν
2873 717 2971 786 τῆς
3015 714 3258 786 ἱστορίας
3299 713 3362 767 τὸ
3417 715 3640 784 κέρδοςξ
3682 717 3749 768 ὅτι

527 803 626 858 sed
656 804 800 874 quod
835 806 1103 875 optimum
1139 815 1223 862 est
1254 808 1488 873 animae,
1523 809 1689 866 immo
1720 809 1903 880 potius
1932 809 2086 880 ipsan

2209 805 2328 857 ἔστι
2347 804 2559 875 μαθεῖν,
2577 804 2652 867 ὡς
2675 804 2968 876 εὐάρεστον
2991 803 3071 874 τῷ
3091 802 3199 873 θεῷ
3222 801 3559 874 πάντοτε[τδ]
3576 804 3613 872 ¹)
3637 808 3750 873 μετά

527 903 698 949 totam
751 895 966 950 tradere
1011 911 1135 950 cum
1184 897 1332 952 omni
1380 915 1565 954 amore
1607 910 1664 954 et
1713 901 2014 967 alacritate,
2048 917 2080 955 u

2213 897 2385 968 φόϐου
2418 899 2530 968 itali
2558 898 2814 960 πίστεως,
2850 898 2910 950 οὑ
2957 897 3020 950 τὸ
3049 896 3354 959 πολυτελῶς
3393 895 3521 949 ἄνευ
3561 897 3751 967 ἀγάπης

531 939 698 949 -υ-...--
753 939 966 950 ...μνη
1013 939 1135 950 νυ...
1380 939 1565 954 ...μων
1607 939 1664 954 υ..
1713 939 2014 967 ...αωηανη
2049 939 2080 955 ι.

527 1001 744 1056 semper
769 986 964 1040 nutriti
985 985 1224 1059 Spiritus
1253 991 1446 1062 gratia,
1469 1001 1524 1046 et
1552 991 1834 1058 virtutem,
1869 1009 2010 1063 quae
2041 1010 2086 1049 ei

2213 939 2532 1061 γινόμενονέ1
2543 989 2665 1043 οὑδὲ
2693 939 2941 1062 ’Λέραάμ
2959 989 3110 1060 παρά
3134 988 3225 1042 to:
3249 988 3578 1056 Μελχισεδὲκ

526 1076 748 1133 Christo
780 1088 883 1144 est,
922 1089 1265 1136 assumentes
1289 1082 1542 1153 expedite
1571 1098 1861 1139 curramus
1885 1100 2085 1140 cursun

2215 1081 2432 1148 ἐδέξατο
2454 1080 2554 1152 τὴν
2586 1079 2858 1148 εὐλογίαν,
2893 1079 3030 1133 ἀλλὰ
3063 1081 3154 1133 καὶ
3176 1079 3275 1142 τὰς
3302 1080 3555 1149 ἀπαρχὰς
3583 1085 3666 1132 ναὶ
3701 1087 3755 1136 τὰ

528 1169 742 1232 salutis,
781 1186 1020 1240 eumque
1056 1172 1274 1228 facilem
1303 1182 1359 1228 et
1390 1190 1611 1229 suavem
1646 1175 1956 1239 reddamus,
1985 1192 2087 1230 cur

2215 1175 2402 1246 καίρια
2427 1173 2801 1245 προσενέγκας
2827 1172 2906 1243 τῷ
2940 1173 3076 1244 ἱερεῖ
3108 1173 3201 1225 τοῦ
3244 1171 3390 1224 θεοῦ·
3415 1172 3484 1224 τά
3518 1172 3690 1243 καίρια
3712 1175 3755 1228 δὲ

530 1274 650 1315 sum
679 1261 890 1318 scilicet
911 1263 1172 1329 iustitiae,
1203 1265 1506 1335 opitulante
1541 1266 1701 1321 nobis
1723 1267 1835 1320 Deo
1865 1267 1934 1320 ad
1961 1267 2089 1321 labo

2186 1265 2371 1333 ιλὲγει
2401 1264 2495 1318 καὶ
2534 1263 2602 1316 τά
2630 1261 2916 1332 ἀκροθίνια
2959 1263 3068 1314 τῶν
3111 1260 3463 1331 ὑπαρχόντων
3495 1260 3656 1328 αὑτὴν
3680 1260 3745 1330 τὴ·

531 1369 655 1408 rum
682 1355 946 1422 studium,
984 1367 1040 1412 et
1060 1357 1375 1428 perﬁciente
1403 1375 1501 1429 per
1526 1375 1626 1413 nos
1648 1359 1894 1430 justitiae
1923 1375 2085 1429 Opera

2214 1358 2392 1428 ψυχὴν
2409 1356 2610 1410 καὶτὸν
2638 1353 2760 1408 νοῦν
2781 1355 2963 1418 αὑτόν,
2985 1353 3225 1407 κελεύων
3245 1354 3290 1422 ²)
3323 1355 3472 1422 ἡμῖν,
3500 1351 3573 1422 μὴ
3595 1370 3757 1423 μικρο-

531 1447 761 1514 πρεπῶς
813 1449 958 1502 θύειν
1011 1450 1089 1520 τῷ
1130 1449 1236 1520 θεῷ
1271 1449 1372 1512 τὰς
1419 1449 1654 1513 αἰνέσεις
1694 1451 1787 1503 καὶ
1830 1451 1930 1514 τὰς
1963 1451 2148 1520 εύχάς,
2192 1448 2326 1518 μηδὲ
2355 1447 2397 1516 ³)
2427 1446 2495 1499 τά
2522 1444 2755 1515 τυχόντα
2794 1443 2872 1513 τῷ
2899 1443 3134 1514 δεσπότῃ
3167 1443 3488 1513 προσάγειν,
3517 1442 3625 1494 ἀλλ’
3656 1443 3759 1495 εἴτε

534 1539 752 1610 καίριον
779 1545 878 1612 τῆς
906 1543 1105 1615 ψυχῆς,
1141 1544 1342 1614 μᾶλλον
1395 1543 1452 1598 δὲ
1501 1544 1671 1616 αὐτὴν
1712 1545 1840 1615 ὅλην
1873 1545 2186 1599 ἀνατιθέναι
2228 1543 2365 1613 με.τά
2401 1543 2581 1611 πάσης
2609 1540 2832 1610 ἀγάπης
2859 1541 2953 1592 καὶ
2982 1539 3315 1610 προθυμίας.
3355 1539 3506 1599 ὅπως
3540 1538 3621 1589 ἀεὶ
3658 1555 3759 1606 τρε-

537 1633 761 1702 φόμενοι
785 1637 848 1704 τῇ
873 1634 965 1687 τοῦ
1000 1637 1306 1707 πνεύματος
1328 1638 1509 1708 χάριτι
1537 1639 1630 1692 καὶ
1661 1638 1891 1706 δύναμιν
1919 1637 2016 1707 τῆν
2052 1640 2115 1690 ἐκ
2154 1637 2267 1708 τοῦᾼ
2315 1635 2554 1706 Χριστοῦ
2615 1632 3148 1704 προσλαμϐάνοντες,
3193 1631 3484 1702 τρέχωμεν
3511 1630 3551 1698 ’⁸)
3596 1629 3761 1699 ῥᾳδίως

533 1725 628 1778 τὸν
657 1728 923 1799 σωτηρίου
954 1730 998 1794 ⁸)
1038 1730 1256 1802 δρόμον,
1302 1733 1502 1801 κοῦφον
1553 1733 1648 1786 καὶ
1687 1733 1816 1804 ἡδὺν
1881 1703 2310 1797 ποιοῦντες,¹·ἶδν
2345 1731 2486 1802 ὑπὲρ
2519 1731 2617 1798 τῆς
2652 1727 3018 1798 δικαιοσύνης,
3047 1725 3634 1795 συναντιλαμϐάνοντος
3657 1727 3764 1797 ἡμῖν

537 1816 642 1870 τοῦ
683 1817 806 1871 θεοῦ
849 1821 985 1890 πρὸς
1016 1823 1114 1892 τὴν
1152 1823 1260 1876 τῶν
1291 1825 1468 1878 πόνων
1496 1826 1754 1897 σπουδήν,
1783 1827 1878 1880 καὶ
1928 1827 2319 1889 ἀποτελοῦντος
2348 1825 2421 1878 δι’
2454 1823 2612 1894 ἡμῶν
2629 1822 2699 1876 τὰ
2731 1823 2830 1892 τῆς
2860 1820 3207 1892 δικαιοσύνης
3239 1819 3397 1890 ἔργα·

608 1911 676 1966 Ει
706 1912 841 1967 haec
861 1913 1085 1982 quidem
1110 1914 1396 1972 hactenus.
1425 1919 1501 1972 De
1524 1919 1744 1974 virtutis
1769 1930 1950 1976 autem
1987 1938 2113 1991 par-
2147 1925 2167 1982 ι

2287 1921 2396 1973 Καὶ
2429 1917 2602 1971 ταῦτα
2633 1917 2731 1986 μὲν
2785 1914 2949 1985 μέχρι
2996 1914 3208 1967 τούτου.
3258 1914 3387 1983 περὶ
3435 1913 3495 1966 δὲ
3542 1912 3644 1966 τῶν
3686 1915 3763 1984 τῆς

539 2002 707 2067 tibus,
739 2020 1006 2074 quaenam
1041 2007 1235 2070 melior
1276 2009 1347 2064 sit
1379 2010 1738 2066 existimanda
1767 2021 1822 2067 et
1852 2029 1979 2082 prae
2022 2029 2098 2067 ce-

2219 2013 2422 2083 ἀρετῆς
2455 2009 2658 2082 μερῶν,
2691 2012 2840 2062 ποῖον
2883 2008 2964 2060 δεῖ
2997 2010 3243 2077 κρεῖττον
3285 2005 3540 2077 ἡγεῖσθαι
3570 2009 3655 2059 καὶ
3682 2009 3764 2076 πρὸ

540 2094 676 2149 teris
719 2098 1041 2166 expetenda,
1081 2114 1349 2168 quaenam
1398 2109 1522 2171 post
1569 2119 1691 2157 eam
1736 2104 2010 2168 secunda,
2064 2121 2093 2158 e

2219 2106 2327 2158 τῶν
2351 2105 2526 2159 ἄλλων
2550 2101 2917 2171 ἐπιτηδεύειν,
2942 2103 3094 2152 ποῖον
3119 2099 3178 2152 δὲ
3194 2098 3384 2152 τούτου
3411 2098 3675 2168 δεύτερον,
3694 2101 3766 2151 καὶ

541 2197 757 2242 ceterae
793 2189 1055 2262 deinceps
1094 2193 1360 2264 singulae,
1395 2195 1504 2249 dici
1551 2195 1760 2265 nequit.
1791 2196 1955 2269 214
1985 2197 2100 2251 Nan

2203 2196 2288 2249 δτά
2340 2196 2474 2248 ἄλλα
2527 2193 2728 2264 ἑφεξῆς
2781 2192 2904 2246 καθ’
2955 2192 3207 2256 ἕκαστον,
3249 2191 3349 2244 οὑκ
3402 2191 3554 2243 ἔστιν
3600 2192 3762 2244 εἰπεῖν.

542 2278 662 2348 pari
688 2280 896 2336 honore
928 2282 1072 2337 inter
1108 2299 1166 2338 se
1208 2293 1355 2350 sunt,
1388 2294 1444 2340 et
1478 2286 1714 2341 invicem
1749 2290 2024 2344 studiosos
2053 2306 2101 2344 at

2220 2289 2464 2358 ἀλλήλων
2487 2286 2598 2356 γὰρ
2625 2285 2902 2356 όμοτίμως
2932 2283 3167 2353 ἔχονται,
3199 2285 3295 2336 καὶ
3323 2283 3395 2336 δι’
3435 2283 3672 2352 ἀλλήλων
3694 2284 3767 2334 ἐπὶ

542 2369 822 2446 fastigium
859 2372 1088 2428 ducunt.
1132 2375 1348 2430 Etenim
1389 2378 1713 2448 simplicitas
1745 2381 1814 2436 ad
1854 2382 2101 2436 obedien-

2221 2381 2320 2450 τὴν
2365 2378 2608 2451 κορυφὴν
2633 2378 2759 2439 τοὺς
2787 2375 3100 2446 χρωμένους
3131 2373 3454 2443 ἀνάγουσιν.
3494 2375 3528 2443 ἡ
3573 2373 3663 2442 μὲν
3684 2373 3767 2440 γὰρ

544 2460 679 2515 tiam
715 2462 989 2532 perducit,
1015 2464 1329 2521 obedientia
1365 2468 1435 2522 ad
1458 2468 1618 2524 fidem
1639 2510 1653 2534 ,
1683 2470 1817 2526 fides
1845 2472 1915 2525 ad
1949 2488 2098 2541 spem

2226 2473 2460 2542 ἁπλότης
2504 2473 2570 2539 τῇ
2619 2471 2834 2538 ὑπακοῇ
2880 2465 3285 2538 παραδίδωσιν,
3333 2465 3454 2536 ἡδὲ
3494 2463 3691 2533 ὑπακοὴ
3717 2467 3765 2532 τῇ

543 2567 670 2623 spes
707 2553 774 2607 ad
802 2555 1284 2622 ministrationem,
1327 2567 1383 2613 et
1427 2560 1563 2614 haec
1606 2560 1672 2615 ad
1722 2562 2085 2618 humilitatem

2225 2565 2428 2624 πίστει,
2467 2562 2605 2632 αὕτη
2638 2563 2682 2632 ⁸)
2721 2561 2778 2614 δὲ
2812 2563 2879 2630 τῇ
2911 2560 3110 2622 ἐλπίδι,
3137 2559 3228 2612 καὶ
3261 2560 3293 2628 ἡ
3325 2557 3482 2619 ἐλπὶς
3518 2559 3582 2627 τῇ
3617 2556 3765 2608 6mm-

543 2657 576 2697 a
603 2659 708 2712 qua
738 2647 1103 2702 mansuetudo
1126 2648 1407 2719 excipiens
1436 2651 1504 2705 ad
1534 2652 1794 2722 gaudium
1840 2654 2101 2723 perducit

2205 2647 2332 2726 ἶνία,
2389 2655 2616 2725 κάκείνη
2670 2656 2736 2724 τῇ
2784 2652 3155 2720 ταπεινότητι,
3211 2650 3362 2720 παρά
3414 2648 3474 2700 δὲ
3524 2647 3764 2717 ταύτηςή

544 2735 800 2805 gaudium
841 2737 908 2790 ad
935 2739 1240 2802 caritatem,
1273 2741 1474 2796 caritas
1502 2743 1569 2796 ad
1603 2743 1933 2808 orationem,
1965 2755 2021 2799 et
2052 2745 2103 2799 it:

2225 2743 2469 2814 πρᾳότης
2501 2739 3003 2811 παραλαμϐάνουσα
3039 2742 3106 2810 τῇ
3155 2741 3300 2810 χαρᾷ
3347 2737 3632 2809 προσάγει,
3663 2739 3692 2806 ἡ
3726 2737 3767 2788 δὲ

545 2838 738 2884 mutuo
761 2828 1046 2886 devinctae
1067 2841 1123 2886 et
1149 2833 1522 2888 devincientes
1547 2851 1692 2899 eum,
1716 2837 1810 2905 qui
1832 2852 1926 2891 eas
1952 2837 2104 2905 possi

2229 2835 2372 2905 χαρά
2417 2837 2482 2905 τῇ
2515 2834 2728 2904 ἀγάπῃ,
2767 2832 2925 2901 καὶή
2963 2831 3154 2900 ἀγάπη
3183 2833 3250 2901 τῇ
3297 2831 3456 2899 eam.
3503 2831 3594 2882 καὶ
3632 2829 3768 2890 οὕτως

547 2916 660 2980 det,
686 2918 754 2973 ad
776 2919 954 2990 ipsum
995 2921 1306 2990 perducunt
1336 2924 1414 2979 rei
1445 2925 1786 2982 desideratae
1815 2926 2090 2996 fastigium

2226 2925 2472 2996 ἀλλήλων
2505 2924 2869 2995 ἐξηρτημέναι
2893 2925 2989 2976 καὶ
3013 2921 3382 2994 ὲξαρτήσασαι
3413 2922 3509 2975 τὸν
3536 2921 3767 2992 ἐχόμενον,

549 3011 696 3066 sicut
729 3027 760 3066 e
782 3013 1060 3070 contrario
1092 3016 1338 3086 nequitia
1367 3033 1495 3071 suos
1530 3019 1734 3074 amicos
1757 3035 1855 3089 per
1884 3021 2108 3091 propria:

2228 3021 2315 3074 ἐπ’
2362 3019 2534 3088 αὑτὴν
2578 3018 2842 3085 ἀνάγουσι
2884 3015 2979 3069 τοῦ
3008 3014 3344 3084 ποθουμένου
3385 3014 3488 3084 τὴν
3535 3015 3768 3084 κορυφήν·

549 3101 726 3172 ipsius
748 3113 934 3174 partes
964 3105 1033 3158 ad
1064 3116 1370 3161 extremam
1396 3109 1660 3163 malitiam
1690 3111 1932 3166 deducit.
1959 3111 2108 3182 Opor‘

2228 3110 2480 3179 καθάπερ
2507 3111 2600 3162 ἀπ’
2622 3109 2882 3164 ἐναντίων
2911 3110 2944 3178 ἡ
2975 3107 3210 3177 πονηρία
3241 3107 3368 3169 τοὺς
3397 3109 3596 3176 ἑαυτῆς
3624 3105 3769 3173 (pilae;

554 3202 634 3247 tet
669 3204 850 3250 autem
872 3212 970 3250 vos
993 3198 1166 3267 magis
1191 3201 1429 3254 orationi
1453 3215 1672 3270 operam
1697 3219 1916 3258 navare.
1944 3204 2113 3276 Siqui-

2229 3201 2316 3254 διὰ
2345 3201 2454 3255 τῶν
2476 3201 2693 3254 οἰκείων
2727 3199 2899 3268 αὐτῆς
2938 3198 3122 3270 μερῶν
3153 3199 3245 3251 ἐπὶ
3277 3199 3375 3263 τὴν
3413 3198 3647 3268 ἐσχάτην
3672 3213 3770 3248 κστ-

555 3283 682 3338 dem
713 3300 778 3340 ea
819 3285 930 3340 dux
966 3287 1237 3356 quaedam
1266 3299 1351 3344 est
1392 3291 1447 3344 in
1485 3292 1654 3346 choro
1680 3293 1968 3350 virtutum.
2017 3296 2114 3350 Per

2227 3294 2593 3362 dyet‘xaxiav.
2620 3293 2700 3346 δεῖ
2728 3293 2785 3345 δὲ
2819 3292 2965 3362 ὑμᾶς
3011 3291 3174 3344 πλέον
3214 3294 3279 3362 τῇ
3308 3292 3445 3362 εὑχῇ
3478 3306 3769 3362 προσκαρτε-

556 3389 720 3442 quam
741 3383 797 3427 et
820 3384 1030 3430 ceteras
1049 3375 1187 3429 virtu
1197 3387 1276 3433 tes
1292 3393 1321 3432 a
1343 3379 1454 3433 Deo
1474 3379 1730 3450 petimus,
1749 3389 1807 3435 ut
1821 3382 2115 3438 communit

2237 3387 2369 3456 ρεῖν.
2415 3379 2527 3437 οἷον
2551 3383 2659 3454 γὰρ
2693 3384 2987 3456 κορυφαῖός
3033 3400 3119 3446 τις
3157 3381 3235 3453 τῷ
3276 3381 3424 3452 χορῷ
3474 3381 3581 3434 τῶν
3605 3380 3770 3451 ἀρετῶν

558 3475 722 3535 atque
756 3467 1073 3522 coniunctio
1101 3468 1318 3534 existat,
1342 3485 1440 3539 per
1475 3471 1757 3542 mysticam
1786 3474 2117 3528 sanctitaten

2236 3474 2374 3545 αὑτὴ
2401 3475 2678 3544 τυγχάνει·
2723 3475 2790 3528 δι’
2827 3470 2896 3545 ἦς
2928 3474 3024 3528 καὶ
3052 3475 3153 3537 τὰς
3185 3473 3377 3536 λοιπὰς
3407 3473 3606 3544 ἀρετὰς
3630 3471 3771 3525 αἰτού-

558 3567 616 3612 et
637 3557 976 3627 spiritualem
999 3560 1273 3628 quandam
1300 3562 1680 3631 Operationem
1715 3573 1771 3618 et
1807 3564 2117 3620 ineﬂ'abilen

2211 3560 2380 3634 ῗμεθα
2420 3564 2572 3636 παρά
2609 3563 2702 3617 τοῦ
2745 3564 2891 3627 θεοῦ,
2943 3565 3020 3627 ὼς
3058 3565 3310 3629 κοινωνεῖ
3341 3564 3440 3616 καὶ
3492 3562 3770 3615 συνάπτεται

559 3648 1013 3718 dispositionem,
1057 3651 1180 3704 eius
1229 3650 1323 3720 qui
1378 3652 1434 3705 in
1490 3653 1792 3706 orationem
1847 3654 2114 3709 incumbit

2237 3655 2302 3707 δι’
2324 3657 2612 3725 ἁγιότητος
2655 3657 2923 3726 μυστικῆς
2955 3656 3050 3709 καὶ
3083 3654 3468 3725 πνευματικῆς
3497 3671 3633 3715 τινος
3654 3653 3769 3719 ὲνερα

561 3742 800 3812 Spiritus
831 3742 978 3796 enim
1023 3742 1150 3798 inde
1178 3743 1373 3798 ducem
1407 3752 1462 3798 et
1488 3744 1716 3799 militiae
1744 3746 1954 3800 socium
1987 3763 2120 3800 assu.

2239 3747 2394 3815 γείας
2407 3748 2503 3800 καὶ
2515 3747 2806 3807 διαθέσεως
2819 3748 3063 3818 ἀρρήτου
3077 3749 3105 3800 ὁ
3120 3750 3186 3816 τῇ
3206 3747 3338 3816 εὑχῇ
3363 3743 3767 3816 προσκαρτερῶν.

561 3848 716 3886 mens
739 3833 1052 3887 incenditur
1091 3833 1157 3887 ad
1194 3834 1408 3888 Domini
1449 3852 1733 3900 amorem,
1757 3845 1816 3892 et
1854 3838 2013 3892 ardet
2039 3839 2120 3892 de-

2238 3839 2300 3891 τὸ
2328 3839 2439 3909 γάρ
2467 3838 2685 3908 πνεῦμα
2712 3838 2888 3892 λαϐὼν
2918 3837 3170 3892 ἐντεῦθεν
3195 3837 3388 3905 ὁδηγὸν
3420 3838 3516 3890 καὶ
3535 3837 3771 3906 σύμμαχον

561 3924 785 3988 siderio,
809 3925 1086 3980 fastidium
1109 3927 1375 3982 orationis
1405 3944 1513 3982 non
1551 3928 1859 3995 inveniens,
1885 3929 1982 3984 sed
2000 3947 2120 3985 sem-

2242 3929 2499 3998 φλέγεται
2549 3930 2682 4001 πρὸς
2703 3928 2800 4000 τὴν
2829 3929 2921 3982 τοῦ
2964 3929 3155 4000 κυρίου
3188 3929 3437 3998 ἀγάπην,
3479 3929 3570 3980 καὶ
3604 3927 3697 3990 ζέει
3718 3925 3771 3992 τῷ

562 4027 659 4085 per
690 4016 758 4070 ad
785 4033 1029 4071 amorem
1063 4016 1192 4072 boni
1239 4017 1607 4075 inflammatus
1646 4029 1703 4074 et
1741 4023 1978 4076 animam
2024 4023 2121 4076 ala-

2211 4055 2216 4071 .
2244 4021 2418 4088 πόθῳ,
2451 4021 2613 4090 κόρον
2649 4021 2749 4091 τῆς
2779 4020 2946 4090 εὐχῆς
2977 4022 3073 4090 οὑχ
3100 4021 3394 4092 εὑρίσκων,
3419 4021 3537 4072 ἀλλ’
3569 4019 3648 4072 ἀεὶ
3673 4019 3770 4087 πρὸς

561 4109 760 4163 critate
795 4109 1148 4179 refrigerans,
1175 4110 1550 4188 sicutdictum
1583 4121 1667 4166 est
1692 4130 1704 4165 :
1729 4111 1828 4178 Qui
1851 4113 2006 4166 edunt
2041 4131 2120 4166 me

2243 4112 2334 4163 τὺν
2383 4111 2560 4182 ἔρωτα
2602 4111 2696 4164 τοῦ
2726 4110 2934 4178 ἀγαθοῦ
2978 4113 3356 4181 ὲκκαιόμενος,
3393 4111 3492 4163 καὶ¹
3531 4108 3686 4181 ἄρδων
3722 4109 3766 4174 τῇ

564 4205 734 4256 adhuc
761 4199 1010 4269 esuriem,
1041 4215 1089 4258 ct
1113 4207 1201 4276 qui
1229 4205 1404 4259 bibunt
1447 4224 1546 4272 me,
1569 4209 1738 4261 adhuc
1765 4210 1939 4262 sitiant
1959 4208 2055 4278 (Ξ),
2089 4226 2119 4263 e

2246 4201 2523 4273 προθυμίᾳ,
2542 4203 2642 4272 τὴν
2679 4202 2880 4271 ψυχήν,
2921 4201 3102 4264 καθὼς
3134 4203 3381 4274 εἴρηται·
3415 4205 3469 4255 al
3504 4197 3766 4269 τρώγσντέ(

565 4295 696 4348 alibi
727 4313 739 4347 :
777 4295 973 4350 Dedisti
1005 4296 1263 4350 laetitiam
1305 4299 1363 4350 in
1392 4299 1545 4352 corde
1598 4316 1710 4353 meo
1739 4300 1839 4368 (5),
1878 4309 1934 4355 et
1959 4301 2124 4354 Domit

2240 4311 2318 4364 με
2337 4294 2422 4348 ἔτι
2451 4293 2833 4354 πεινάσουσι,
2856 4294 2954 4348 καὶ
2977 4299 3030 4348 οι
3062 4293 3344 4359 πίνοντές
3370 4294 3414 4361 ⁷)
3445 4311 3522 4361 με
3536 4294 3614 4345 ἕτι
3635 4288 3771 4356 διψή-

566 4403 707 4441 nus:
746 4387 979 4458 Regnum
1023 4390 1288 4444 caelorum
1333 4393 1477 4444 intra
1509 4409 1597 4445 vos
1638 4401 1712 4444 est
1735 4392 1831 4462 (4).
1861 4392 2125 4458 Quodnan

2248 4401 2453 4440 σουσι.
2487 4385 2581 4438 καὶ
2613 4384 2855 4453 ,ἀλλαχοῦ
2880 4399 2894 4412 °
2922 4384 3149 4450 ἔδωκας
3178 4384 3568 4451 εὐφροσύνην
3585 4384 3660 4446 είς
3689 4379 3770 4443 τὴν

566 4493 796 4549 regnum
819 4480 953 4533 dicit
976 4481 1116 4536 intra
1140 4497 1239 4535 nos
1266 4497 1408 4546 esse,
1442 4483 1545 4536 nisi
1568 4484 1790 4537 omnino
1815 4484 1958 4537 illam
1981 4483 2125 4537 desu‘

2211 4474 2498 4541 ςκαρδίαν
2518 4490 2657 4542 μου.
2695 4475 2788 4526 καὶ
2806 4475 2836 4524 ὁ
2861 4473 3049 4544 κύριος
3073 4490 3087 4503 ·
3113 4475 3151 4541 ἡ
3185 4474 3468 4528 ϐασιλεία
3507 4471 3616 4524 τῶν
3639 4471 3770 4533 εὐχᾷ-ιι-

568 4582 669 4640 per
723 4587 822 4640 per
888 4572 1154 4642 Spiritum
1212 4573 1448 4628 infusam
1498 4575 1785 4628 animabus
1848 4575 2127 4630 laetitiam

2251 4564 2373 4617 νῶν
2393 4565 2567 4629 ἐντὸς
2592 4564 2761 4634 ὑμῶν
2779 4565 2928 4618 ἐστι.
2959 4565 3080 4618 τίνα
3108 4565 3165 4617 δὲ
3191 4564 3338 4633 λέγει
3368 4565 3634 4634 βασιλείαν
3663 4560 3771 4619 ἐντὸς

571 4637 879 4716 llaeceiiim
896 4637 980 4719 est
1003 4672 1062 4718 ut
1077 4665 1212 4719 illud
1239 4675 1295 4719 et
1314 4668 1624 4735 exemplum
1648 4675 1703 4719 et
1720 4667 1917 4736 pignus
1939 4675 2124 4722 aetern

2212 4641 2226 4686 ⁵
2254 4656 2412 4727 ἡμῶν
2441 4651 2601 4722 εἶναι,
2629 4657 2662 4726 ἣ
2690 4658 2908 4718 πάντως
2927 4657 3026 4728 τὴν
3057 4657 3264 4710 ἄνωθεν
3285 4655 3372 4709 διὰ
3393 4657 3488 4710 τοῦ
3520 4655 3771 4724 πνεύματος

571 4754 776 4822 gaudii,
801 4771 912 4824 quo
955 4765 1269 4812 sanctorum
1309 4757 1523 4812 animae
1557 4757 1612 4810 in
1653 4768 1886 4811 venturo
1923 4758 2130 4811 saeculc

2253 4749 2611 4819 ὲγγινομένην
2627 4751 2747 4810 ταῖς
2765 4747 2965 4817 ψυχαῖς
2986 4747 3327 4818 εὐφροσύνην
3347 4765 3361 4812 ;
3380 4747 3518 4817 αὕτη
3547 4747 3643 4815 γάρ
3663 4747 3769 4794 ἐστιν

571 4845 951 4911 perfruuntur.
1002 4846 1330 4902 Consolatur
1387 4846 1553 4918 igitur
1597 4864 1700 4902 nos
1740 4849 2002 4903 Dominus
2045 4864 2130 4918 pel

2252 4840 2364 4897 οἷον
2399 4844 2593 4913 ἐκείνῳ
2619 4844 2662 4912 ⁸)
2694 4842 2787 4896 καὶ
2819 4843 3019 4912 δεῖγμα
3055 4843 3150 4894 καῖ
3191 4841 3448 4913 ἀρραϐὼν
3477 4841 3570 4910 τῆς
3602 4836 3768 4890 dimico

571 4939 946 5005 operationem
981 4939 1219 5008 Spiritus
1255 4940 1309 4994 in
1355 4941 1502 4994 omni
1551 4941 1902 4995 tribulatione
1936 4950 2121 4994 nostra

2210 4944 2238 4980 υ
2257 4937 2452 5007 χαρᾶς,
2485 4931 2554 5008 ἧς
2585 4934 2950 4988 ἀπολαύουσιν
2976 4935 3031 4986 αἱ
3059 4934 3164 4986 τῶν
3195 4933 3364 5000 ἁγίων
3391 4933 3452 4984 ἐν
3479 4932 3554 5000 τῷ
3593 4927 3769 4998 προσδο-

574 5034 634 5079 υι
669 5027 840 5081 salvet
892 5045 1013 5092 nos,
1055 5039 1112 5083 et
1151 5029 1219 5082 de
1262 5029 1644 5099 spirituajibus
1682 5030 1840 5084 bonis
1877 5039 1934 5084 et
1981 5029 2133 5098 ipsius

2258 5027 2492 5098 κωμένῳ
2535 5027 2697 5080 αἰῶνι
2727 5025 2919 5097 ψυχαί.
2949 5025 3258 5094 παρακαλεῖ
3285 5019 3378 5076 οῦν
3410 5024 3549 5093 ἡμᾶς
3575 5023 3599 5072 ὀ
3629 5019 3769 5086 κύρεις

572 5118 923 5176 cbarismatis
971 5121 1136 5177 nobis
1172 5122 1560 5177 communicet.
1606 5120 1710 5186 Qui
1748 5121 1917 5185 enim,
1953 5122 2131 5190 inquit

2260 5120 2348 5173 διὰ
2375 5120 2472 5190 τῆς
2497 5118 2778 5190 ἐνεργείας
2807 5117 2901 5170 τοῦ
2925 5116 3230 5186 πνεύματος
3256 5117 3349 5167 ἐπὶ
3378 5115 3525 5184 πάσῃ
3555 5115 3613 5182 τῇ
3640 5106 3767 5173 θλίψει

1839 5275 2095 5330 VARIAE
2135 5273 2430 5329 LECTION
2437 5273 2539 5327 ES.

650 5391 690 5459 ')
719 5391 781 5442 τὸ
805 5407 914 5465 om_.
951 5393 1098 5465 cod”
1128 5393 1314 5465 addidi
1345 5409 1411 5448 ex
1431 5390 1722 5465 eon_i.--')
1751 5391 1931 5465 (ξονς,
1967 5391 2088 5445 cod.
2122 5392 2411 5465 arenosa.
2443 5389 2940 5465 -—__‘)._Corr.,co‘d.
2964 5389 3147 5465 E11622.
3179 5420 3250 5428 —
3273 5389 3315 5458 ⁸)
3345 5387 3532 5465 (Σίρι-πολ..
3555 5373 3768 5465 coiit?"

575 5446 761 5532 κομεν.
792 5492 862 5499 —-
885 5463 928 5532 ⁸)
958 5446 1098 5517 Corr
1123 5504 1139 5525 .
1169 5446 1314 5519 cod;
1335 5446 1620 5536 σωτηρίον,
1647 5446 1717 5502 -έ
1763 5460 1806 5532 6)
1849 5446 2029 5526 Corn,
2065 5461 2186 5516 cod.
2215 5461 2376 5531 αὑτὴ.
2406 5491 2477 5499 —
2499 5463 2542 5530 τ)
2566 5446 2749 5524 Corn,
2790 5446 2913 5514 cod.
2963 5446 3256 5522 πείνοντες.
3288 5446 3358 5498 -'——
3395 5455 3438 5528 ⁸)
3482 5455 3567 5510 Sic
3599 5446 3768 5504 cod-7*

2089 5598 2339 5654 NOTAE.

657 5692 733 5757 (Ι)
770 5693 966 5745 Cenes.
1001 5692 1139 5753 XIV,
1181 5693 1263 5747 18.
2341 5689 2419 5754 (3)
2454 5691 2762 5751 PsalInJV,
2797 5691 2846 5741 7.

659 5759 734 5833 (2)
765 5761 933 5817 Eccli-
959 5761 1147 5829 XXIV.
1177 5764 1269 5816 ‘29-
2330 5761 2404 5832 (ι)
2444 5761 2572 5815 Luc.
2609 5761 2768 5827 xvu,
2793 5761 2880 5814 τι.
