3948 6568
141 344 232 398 1,33
1562 346 1963 405 EPISTOLAE.

3281 347 3387 405 454

145 454 308 528 ἡμῶν,
335 454 410 516 είς
434 452 496 507 τὸ
515 453 689 508 σῶσαι
719 453 813 508 καὶ
832 452 1158 524 μεταδοῦναι
1180 453 1291 509 τῶν
1321 457 1694 528 πνευματικῶν

1807 462 2116 516 consolatur
2133 479 2228 517 nos
2253 463 2306 516 in
2335 462 2478 521 omni
2511 461 2735 516 veritate
2757 467 2958 524 nostra,
2986 469 3043 514 ut
3067 461 3321 532 possimus
3337 467 3384 513 et

143 543 343 614 ἀγαθῶν
370 544 460 598 καὶ
488 543 596 597 τῶν
625 544 822 598 ἑαυτοῦ
855 545 1230 615 χαρισμάτων.
1266 549 1300 599 ὁ
1336 548 1694 615 παρακαλῶν

1798 555 1899 624 ipsi
1925 553 2188 609 consolari
2208 571 2314 618 eos,
2346 555 2436 625 qui
2461 555 2515 608 in
2539 555 2682 607 omni
2711 569 2956 624 pressura
2983 560 3106 605 sunt
3139 550 3239 623 (l).
3278 549 3382 606 Et:

139 641 256 710 γάρ,
287 636 464 707 φησίν,
501 636 660 704 ἡμᾶς
682 637 779 690 ἐπὶ
817 636 985 704 πάσῃ
1015 635 1087 704 τῇ
1117 637 1367 704 ἀληθείᾳ
1393 638 1583 706 ἡμῶν,
1609 643 1692 706 εἰς

138 731 198 784 τὸ
219 729 503 783 δύνασθαι
532 725 690 796 ἡμᾶς
711 729 1081 796 παρακαλεῖν
1111 729 1252 794 τοὺς
1273 729 1344 782 ἐν
1371 729 1540 799 πάσῃ
1570 731 1696 784 0.1L-

135 826 248 892 ⁴ψει.
281 821 370 874 καί
393 837 406 852 ο
449 820 486 887 ἠ
511 821 723 890 καρδία
741 838 861 890 μου
881 820 981 874 καὶ
1011 822 1050 888 ἡ
1077 820 1236 888 σάρξ
1261 839 1380 890 μου
1404 822 1695 892 ﬁrmum-

136 931 308 967 σαντο
327 911 421 965 ἐπὶ
454 912 593 966 θεὸν
631 911 838 973 ζῶντα.
881 911 1010 965 καί·
1052 911 1195 968 ὡσεί
1233 915 1276 980 ί)
1311 914 1565 979 στέατος
1595 915 1693 968 καὶ

1799 644 1903 700 Cor
1945 664 2118 701 meum
2171 656 2219 701 et
2253 664 2379 701 caro
2406 663 2520 701 mea
2558 645 2927 702 exultauerunt
2980 647 3037 698 in
3091 643 3257 698 Deum
3305 646 3384 697 vi-

1797 739 2030 811 uum(2).
2057 741 2124 795 Et
2148 757 2161 792 :
2187 739 2322 792 sicut
2353 737 2505 807 adipe
2535 734 2762 805 et215
2789 734 3100 805 pinguedine
3119 731 3386 802 rcpleatrr

1813 832 1995 885 anima
2023 849 2136 886 mea
2169 830 2267 903 (5).
2291 830 2438 884 Haec
2469 829 2651 884 omnia
2676 827 2942 885 laetitiam
2972 837 3030 881 et
3059 825 3387 881 consolatio-

1797 935 1925 975 nem
1951 938 2019 976 ει
2057 921 2266 993 Spiritu
2300 937 2399 991 per
2427 921 2738 990 aenigmata
2761 917 3031 973 indicant.

130 1008 394 1072 πιότητος
415 1004 788 1073 ἐκπλησθείη
813 1005 858 1074 ⁸)
889 1007 928 1074 ἡ
951 1004 1120 1075 ψυχή
1145 1022 1288 1076 μου.
1345 1006 1520 1061 ταῦτα
1572 1007 1752 1062 πάντα
1787 1011 1886 1084 τὴν
1919 1015 1984 1067 ὲκ
2023 1015 2115 1068 τοῦ
2159 1012 2472 1084 πνεύματος
2501 1009 2839 1084 εὐφροσύνην
2879 1010 2975 1063 καὶ
3038 1006 3386 1079 παράκλησιν

127 1097 191 1158 δι’
211 1092 544 1163 αἰνιγμάτων
566 1091 888 1162 παραδηλοῖ.

203 1183 415 1254 Ἐπειδὴ
461 1182 643 1236 τοίνυν
687 1182 994 1246 δέδεικται,
1040 1181 1125 1246 τίς
1175 1183 1205 1236 ὁ
1252 1182 1355 1253 τῆς
1403 1182 1687 1247 εὐσεϐείας

129 1275 318 1337 σκοπός
338 1313 354 1338 ,
387 1273 446 1327 δν
469 1272 576 1345 χρὴ
601 1271 920 1344 προκεῖσθαι
946 1275 1058 1336 τοῖς
1086 1272 1178 1326 τὸν
1205 1271 1424 1344 θεοφιλῆ
1448 1273 1561 1344 βίον
1591 1275 1690 1344 ζῇν

127 1367 497 1438 αἱρουμένοις,
547 1366 606 1430 ὃς
664 1366 784 1418 ἐστι
838 1364 1018 1435 ψυχῆς
1064 1365 1406 1437 καθαρισμὸς
1450 1367 1547 1420 καὶ
1595 1366 1691 1420 τοῦ

124 1463 428 1528 πνεύματος
455 1460 523 1513 δι’
562 1459 739 1532 ἔργων
773 1457 994 1526 ἀγαθῶν
1019 1460 1337 1530 προτροπῆς
1383 1459 1693 1529 ὲνοίκησις,

1859 1185 2040 1252 Quum
2078 1183 2246 1255 igitur
2274 1184 2710 1240 demonstratum
2749 1193 2853 1250 snt,
2889 1187 3015 1255 quis
3053 1184 3126 1241 sit
3163 1185 3386 1254 pietatis

1791 1277 1936 1340 ﬁnis,
1961 1291 2126 1346 quem
2162 1291 2473 1347 proponere
2515 1275 2621 1330 sibi
2658 1276 2864 1332 debent
2907 1278 3076 1332 vitam
3115 1278 3228 1332 Deo
3268 1279 3384 1348 pla-

1792 1377 2008 1424 centem
2029 1367 2311 1438 eligentes
2353 1383 2440 1438 1.1
2466 1375 2550 1422 est
2588 1367 2803 1422 animae
2835 1367 3086 1437 purgatio
3115 1376 3173 1422 et
3202 1367 3385 1438 Spiri-

1794 1469 1884 1516 tus
1909 1476 2009 1532 per
2045 1460 2484 1516 exhortationem
2519 1460 2586 1514 ad
2628 1459 2772 1514 bona
2812 1475 2982 1530 opera
3029 1461 3382 1526 inhabitatio,

123 1553 339 1614 ’ἐκαστος
363 1551 516 1621 ὑμῶν
533 1550 674 1604 κατὰ
692 1550 783 1604 τὸν
801 1549 1113 1620 ὑπαχθέντα
1132 1551 1330 1604 σκοπὸν
1350 1569 1423 1604 πα
1433 1551 1694 1622 ρασκευά-

1798 1553 2180 1622 unusquisque
2209 1561 2454 1610 vestrum
2477 1551 2546 1606 ad
2574 1551 2916 1620 propositum
2950 1551 3111 1609 linem
3139 1552 3384 1606 animum

124 1662 214 1707 σας
239 1642 338 1714 τὴν
364 1643 546 1714 ψυχήν
565 1683 580 1708 ,
603 1643 698 1696 καὶ
731 1643 986 1713 μέγιστον
1010 1640 1133 1695 θεοῦ
1158 1645 1388 1713 ποιήσας
1425 1643 1603 1713 ἔρωτα
1621 1644 1688 1712 3),

122 1733 279 1796 οὕτως
327 1731 576 1785 ἀποδότω
620 1733 812 1786 ἑαυτὸν
857 1736 981 1796 ταῖς
1026 1733 1215 1802 εὐχαῖς
1262 1735 1357 1787 καὶ
1404 1734 1684 1804 νηστείαις

122 1824 250 1878 κατὰ
289 1823 350 1876 τὺ
401 1822 568 1875 αὐτοῦ
615 1821 868 1894 θέλημα,
921 1823 1259 1894 μεμνημένοι
1294 1823 1386 1877 τοῦ
1437 1842 1690 1896 παρακα-

119 1915 322 1979 λοῦντος
351 1915 416 1968 τὸ
456 1913 820 1977 ἀδιαλείπτως
865 1914 1264 1985 προσεύχεσθαι
1285 1956 1300 1980 ,
1328 1917 1424 1970 καὶ
1453 1920 1517 1988 τῇ
1559 1918 1690 1987 εὐχῇ

122 2005 655 2080 προσκαρτεροῦντες
681 2007 774 2060 καὶ
798 2009 918 2070 ταῖς
951 2006 1046 2060 τοῦ
1077 2007 1268 2079 κυρίου
1301 2009 1691 2078 ἐπαγγελίαις,

121 2103 173 2154 ὲν
264 2099 306 2170 ³)
337 2115 500 2170 φησι·
551 2099 704 2170 πόσῳ
738 2099 938 2172 μᾶλλον
965 2099 1207 2169 ποιήσει
1235 2100 1350 2168 τὴν
1376 2101 1694 2167 ἐκδίκησιν

121 2197 151 2248 ό
173 2191 299 2258 θεὸς
329 2191 452 2246 τῶν
477 2190 766 2257 βοώντων
792 2193 942 2262 πρὸς
971 2193 1159 2247 αὐτὸν
1177 2190 1396 2258 νυκτὸς
1420 2193 1518 2245 καὶ
1551 2190 1694 2262 mtt—

115 2303 236 2354 ρας.
278 2283 455 2354 ἔλεγε
487 2283 632 2354 γάρ,
682 2284 849 2353 φησί,
897 2283 997 2338 καὶ
1044 2284 1398 2352 παραϐολὴν
1437 2284 1584 2353 πρὸς
1626 2283 1695 2337 τὸ

121 2377 238 2430 δεῖν
266 2377 530 2431 πάντοτε
561 2377 847 2446 εὔχεσθαι
871 2378 970 2430 καὶ
997 2377 1086 2447 μὴ
1110 2377 1408 2432 ἐκκακεῐν.
1454 2379 1536 2432 ὅτι
1565 2377 1622 2430 δὲ
1657 2378 1691 2448 ἡ

121 2472 238 2541 περὶ
272 2470 371 2540 τὴν
403 2468 570 2541 εὐχὴν
609 2469 812 2539 σπουδὴ
841 2469 1051 2540 μεγάλα
1076 2467 1387 2540 χαρίζεται,
1436 2470 1532 2522 καὶ
1561 2468 1692 2524 αὐτὸ

119 2561 174 2615 τὸ
200 2561 415 2632 πνεῦμα
448 2564 568 2624 ταῖς
616 2560 818 2631 ψυχαῖς
865 2559 1117 2624 ὲνοικίζει
1137 2599 1152 2625 ,
1183 2558 1334 2628 δηλοῖ
1364 2559 1548 2627 σαφῶς
1569 2599 1583 2619 ,
1624 2559 1690 2611 δι’

119 2645 186 2704 ὧν
216 2651 517 2723 προτρέπει
545 2653 694 2723 ἡμᾶς
722 2653 751 2705 ὁ
790 2649 1086 2714 ἀπόστολος
1112 2649 1313 2717 λέγων·
1360 2649 1457 2702 διὰ
1489 2647 1694 2716 πάσης

120 2741 463 2813 προσευχῆς
486 2744 583 2796 καὶ
614 2741 881 2808 δεήσεως
907 2742 1396 2812 προσευχόμενος
1417 2740 1486 2792 ἐν
1511 2739 1693 2792 παντὶ

119 2834 286 2902 καιρῷ
322 2836 393 2888 ἐν
435 2836 729 2904 πνεύματι
753 2873 770 2899 ,
804 2833 904 2887 καὶ
956 2835 1046 2900 εὶς
1095 2834 1243 2887 αὐτὸ
1289 2831 1466 2886 τοῦτο
1515 2833 1694 2900 ἀγρυ-

1795 1651 2106 1714 praeparet,
2140 1654 2197 1699 et
2226 1643 2323 1698 Dei
2359 1658 2602 1699 amorem
2633 1658 2908 1697 summum
2941 1643 3196 1708 reddens,
3226 1643 3301 1698 ita
3327 1660 3385 1699 se

1793 1733 1958 1789 dedat
1983 1734 2329 1789 orationibus
2355 1742 2412 1788 et
2433 1732 2657 1788 ieiuniis
2683 1733 2991 1788 secundum
3023 1733 3143 1788 eius
3185 1734 3386 1788 volun-

1794 1833 2264 1890 tatem,memores
2289 1824 2410 1880 eius
2434 1825 2531 1894 qui
2562 1824 2838 1888 hortatur,
2871 1834 2933 1879 ut
2961 1824 3078 1878 sine
3111 1824 3388 1879 intermis-

1793 1917 1962 1984 sione.
1996 1933 2218 1972 oremus
2258 1927 2317 1972 et
2365 1917 2424 1971 in
2456 1917 2765 1972 orationem
2812 1917 3196 1972 incumbentes
3233 1927 3290 1972 et
3326 1917 3384 1971 in

1803 2013 2018 2067 Domini
2045 2012 2336 2082 promissa,
2369 2011 2499 2066 ubi:
2533 2021 2743 2081 quanto
2773 2011 2967 2082 magis,
3007 2011 3206 2080 inquit,
3235 2012 3388 2080 faciet

1792 2103 2077 2157 vindictam
2101 2101 2242 2156 Deus
2263 2101 2611 2156 clamantium
2641 2103 2709 2157 ad
2724 2119 2779 2156 se
2801 2103 2883 2156 die
2920 2119 2982 2156 ac
3003 2110 3150 2155 nocte
3167 2102 3264 2172 (4).
3292 2101 3387 2155 Di-

1793 2191 1939 2245 cebat
1975 2199 2173 2255 autem,
2223 2190 2422 2261 inquit,
2488 2190 2835 2262 parabolam,
2893 2193 3146 2262 quoniam
3183 2199 3388 2262 oportet

1793 2299 2000 2354 semper
2047 2299 2204 2336 orare
2247 2289 2297 2336 et
2343 2299 2448 2336 non
2481 2281 2702 2352 deﬁcere
2735 2282 2833 2353 (5).
2874 2281 3031 2348 Quod
3083 2299 3216 2336 vero
3261 2298 3386 2334 ora-

1794 2376 1959 2432 tionis
1975 2376 2125 2430 zelus
2152 2391 2349 2446 magna
2372 2376 2628 2447 largitur,
2651 2384 2727 2441 et,
2758 2375 2874 2446 ipse
2901 2375 3141 2447 Spiritus
3175 2376 3380 2429 animis

1794 2477 1856 2522 ut
1878 2467 2167 2532 inhabitet,
2185 2467 2338 2530 facit,
2362 2477 2551 2537 aperte
2573 2466 2873 2522 ostendunt
2891 2481 2978 2532 ea,
3005 2465 3209 2536 quibus
3233 2465 3386 2535 Apo-

1793 2560 1967 2614 stolus
2009 2574 2108 2614 nos
2151 2559 2477 2614 exhortatur
2527 2558 2766 2614 dicens:
2810 2575 2902 2630 per
2935 2575 3140 2613 omnem
3192 2561 3390 2614 oratio-

1793 2668 1913 2706 nem
1948 2658 1997 2703 et
2023 2651 2428 2704 obsecrationem
2454 2659 2665 2704 orantes
2687 2651 2830 2705 omni
2859 2659 3088 2722 tempore
3101 2652 3156 2704 in
3185 2649 3388 2720 Spiritu

1794 2750 1842 2794 et
1864 2743 1919 2794 in
1942 2741 2053 2812 ipso
2067 2740 2340 2810 vigilantes
2361 2740 2416 2794 in
2434 2742 2575 2794 omni
2587 2741 2845 2796 instantia
2861 2747 2909 2794 et
2925 2739 3362 2811 obsereatione(6)

1793 2831 2057 2900 Quisquis
2090 2847 2120 2886 e
2153 2830 2422 2886 fratribus
2457 2831 2589 2888 huic
2617 2831 2799 2902 parti,
2841 2831 3110 2887 orationis
3153 2832 3386 2895 scilicet,

121 2921 402 2987 πνοῦντες
431 2921 504 2975 ἐν
553 2921 720 2989 πάσῃ
763 2920 1282 2990 προσκαρτερήσει
1326 2920 1426 2974 καὶ
1462 2919 1689 2985 δεήσει.

1798 2937 1854 2977 se
1887 2921 2060 2986 dedit,
2112 2923 2408 2992 pulchrum
2469 2922 2791 2978 thesaurum
2855 2933 3092 2989 tractat,
3149 2923 3246 2992 qui
3303 2932 3388 2976 est

121 3013 256 3076 ὅστις
278 3016 320 3083 ⁸)
361 3014 480 3067 τῶν
525 3015 770 3084 ἀδελφῶν
815 3013 992 3085 τούτῳ
1021 3013 1065 3085 ⁸)
1110 3013 1189 3085 τῷ
1240 3013 1396 3085 μέρει
1443 3014 1612 3084 αὐτῆς
1643 3013 1689 3081 ⁷)

123 3105 297 3159 ἑαυτὸν
331 3105 649 3171 ἀποδίδωσι,
685 3105 763 3176 τῷ
791 3107 888 3177 τῆς
910 3107 1077 3178 εὐχῆς
1100 3105 1266 3175 λέγω,
1291 3104 1457 3158 καλὸν
1496 3103 1692 3176 θησαυ-

126 3197 210 3267 ρδν
257 3197 517 3267 περιέπει
561 3198 658 3251 καὶ
701 3197 933 3268 ἐραστοῦ
977 3197 1236 3268 μεγίστου
1265 3196 1309 3269 ⁸)
1345 3198 1620 3268 κτήματος
1645 3196 1691 3264 ³)

128 3287 272 3355 μόνον
323 3287 568 3358 συντόνῳ
607 3289 703 3342 καὶ
739 3287 873 3360 ὀρθῇ
905 3288 1233 3360 συνειδήσει,
1267 3285 1519 3359 μηδαμοῦ
1553 3286 1695 3340 κατά

124 3375 211 3447 τὴν
231 3377 471 3432 διάνοιαν
496 3378 758 3442 ἑκουσίως
795 3377 1309 3449 περιπλανώμενος,
1339 3377 1474 3449 μηδὲ
1503 3376 1694 3448 ὥσπερ

126 3469 363 3524 ἀκούσιον
384 3469 677 3534 ἀποδιδοὺς
700 3471 766 3542 ι⁸)
785 3470 878 3522 ὐπ’
901 3471 1146 3541 ἀνάγκης
1170 3470 1355 3542 χρέος,
1383 3469 1498 3524 ἀλλ’
1516 3469 1696 3541 ἔρωτα

127 3561 210 3614 καὶ
245 3561 406 3615 πόθον
441 3561 780 3632 ἀποπληρῶν
820 3561 918 3632 τῆς
951 3561 1151 3632 ψυχῆς,
1189 3561 1434 3625 καὶτοὺς
1459 3561 1697 3631 ἀγαθοὺς

127 3651 217 3722 τῆς
256 3654 588 3725 παραμονῆς
633 3655 878 3725 καρποὺς
920 3655 1086 3707 πᾶσιν
1130 3651 1460 3716 ἐπιδεικνύς.
1503 3652 1610 3725 χρὴ
1640 3653 1698 3706 δὲ

129 3747 212 3799 καὶ
249 3747 373 3810 τούς
420 3745 646 3810 λοιποὺς
691 3746 888 3800 διδόναι
940 3744 1018 3816 τῷ
1061 3744 1288 3816 τοιούτῳ
1330 3744 1553 3817 καιρόν,
1603 3748 1698 3799 καὶ

132 3839 442 3912 συγχαίρειν
480 3841 546 3910 τῇ
575 3841 868 3911 παραμονῇ
897 3839 1001 3908 τῆς
1042 3838 1356 3909 προσευχῆς
1375 3877 1390 3897 ,
1426 3837 1576 3901 ὅπως
1602 3837 1698 3890 καὶ

127 3919 268 3984 αὐτοὶ
291 3933 613 4002 μετάσχωσι
636 3930 740 3983 τῶν
764 3930 985 3998 ἀγαθῶν
1005 3929 1258 4001 καρπῶν,
1287 3929 1382 3983 ac;
1411 3929 1477 4001 δὴ
1509 3947 1699 3984 κοινω-

129 4024 200 4075 νοὶ
228 4023 318 4077 τοῦ
352 4025 603 4077 τοιούτου
653 4023 768 4094 βίου
803 4023 882 4094 τῷ
932 4022 1256 4096 συνήδεσθαι
1283 4023 1571 4092 γεγονότες
1604 4023 1694 4093 ¹¹).

127 4113 272 4166 δώσει
302 4114 360 4167 δὲ
409 4116 511 4168 καὶ
559 4115 720 4178 αὐτὸς
770 4117 798 4168 δ
845 4113 1034 4186 κύριος
1082 4116 1194 4178 τοῖς
1245 4115 1519 4180 αἰτοῦσιν,
1550 4115 1699 4177 ὅπως

129 4205 366 4276 εὐχεσθαι
387 4207 492 4268 δεῖ,
518 4209 659 4261 κατά
686 4205 748 4259 τὸ
774 4207 1082 4278 εἰρημένον
1107 4208 1140 4260 ό
1167 4205 1373 4272 διδοὺς
1399 4205 1591 4275 εὐχὴν
1620 4203 1701 4272 τῷ

1792 3013 2050 3069 amatoris
2092 3016 2361 3070 maximae
2396 3016 2766 3086 possessionis
2820 3015 3202 3072 tantummodo
3233 3019 3390 3070 tirma

1793 3124 1856 3164 ac
1907 3120 2056 3166 recta
2091 3109 2440 3166 conscientia
2468 3149 2482 3174 ,
2538 3124 2807 3178 nusquam
2852 3109 2907 3162 in
2955 3116 3138 3162 mente
3192 3106 3391 3161 volun-

1795 3200 1933 3254 tarie
1977 3201 2431 3272 circumvagans,
2478 3215 2660 3270 neque
2725 3199 2880 3269 quasi
2946 3197 3178 3252 invitum
3240 3196 3392 3250 debi-

1795 3303 1910 3350 tum
1973 3295 2285 3350 necessario
2359 3295 2621 3357 solvens,
2656 3293 2754 3349 sed
2809 3307 3052 3347 amorem
3124 3300 3182 3346 et
3237 3289 3391 3344 desi-

1795 3385 2014 3441 derium
2066 3385 2234 3440 animi
2289 3386 2541 3455 explens,
2600 3384 2887 3454 bonosque
2943 3381 3390 3453 perseverantiae

1796 3478 2014 3534 fructus
2040 3478 2300 3534 omnibus
2326 3477 2646 3533 ostendens.
2677 3474 2908 3546 Oportet
2940 3483 3125 3529 autem
3153 3483 3211 3528 et
3237 3482 3391 3527 cete-

1799 3586 1892 3626 ros
1913 3571 2006 3626 tali
2043 3570 2174 3625 dare
2203 3577 2448 3640 tempus,
2479 3579 2536 3624 et
2567 3567 2913 3638 congaudere
2944 3565 3389 3636 perseverantiae

1797 3662 1855 3717 in
1877 3663 2148 3726 oratione,
2177 3669 2237 3715 ut
2259 3669 2316 3716 et
2342 3661 2446 3732 ipsi
2476 3661 2747 3715 bonorum
2775 3658 3052 3712 fructuum
3089 3656 3390 3726 participes

1799 3753 2158 3823 ﬁant,utpote
2181 3762 2464 3808 consortes
2487 3752 2614 3807 talis
2642 3751 2786 3806 vitae
2821 3749 2949 3804 facti
2978 3748 3391 3819 congaudendo.

1798 3845 1962 3900 Dabit
1996 3859 2130 3899 vero
2154 3853 2213 3899 et
2238 3844 2354 3915 ipse
2392 3843 2659 3898 Dominus
2695 3841 3035 3912 petentibus,
3080 3855 3192 3909 quo
3229 3839 3394 3894 modo

1798 3945 2053 4008 oporteat
2074 3951 2270 4001 orare,
2303 3935 2608 3990 secundum
2649 3933 2796 4004 quod
2833 3932 2997 4002 216
3033 3931 3238 3986 dictum
3274 3940 3390 3984 est;

1799 4029 1889 4099 qui
1920 4028 2011 4082 dat
2041 4028 2346 4099 petitionem
2370 4027 2562 4096 petenti
2585 4025 2684 4096 (7).
2706 4023 2977 4078 Debemus
3000 4022 3168 4092 igitur
3201 4030 3394 4091 petere

1801 4125 1860 4171 ct
1885 4116 2051 4180 scire,
2075 4123 2286 4186 quanto
2327 4114 2528 4168 melius
2580 4113 2647 4176 is,
2699 4110 2796 4182 qui
2846 4111 2901 4164 in
2945 4110 3253 4165 orationem
3306 4109 3393 4162 in-

1801 4210 2012 4267 cumbit
2036 4208 2319 4280 negotium
2337 4216 2568 4270 tantum,
2592 4220 2928 4276 cummagna
2948 4201 3316 4259 sollicitudine
3340 4213 3396 4255 et

126 4302 438 4372 εὐχομένω.
473 4302 554 4355 δεῖ
580 4298 674 4356 οῦν
718 4302 890 4355 αἰτεῖν
919 4302 1015 4355 καὶ
1060 4300 1294 4364 εἰδέναι,
1333 4298 1411 4363 ῶς
1451 4301 1694 4371 κρεῖττον

1800 4304 1948 4359 omni
1973 4303 2181 4358 virtute
2211 4309 2490 4357 certamen
2524 4299 2830 4364 sustineat;
2864 4314 3056 4369 magna
3097 4295 3245 4351 enim
3273 4311 3396 4349 ρετ-ο

127 4397 186 4464 τῇ
207 4395 334 4466 εὖχῇ
367 4393 912 4466 προσκαρτεροῦντα,
947 4391 1238 4464 πράγματι
1269 4390 1531 4462 τοσούτῳ,
1563 4390 1702 4462 μετά

131 4486 317 4556 πολλῆς
363 4487 602 4557 σπουδῆς
652 4487 745 4538 κα).
786 4484 964 4554 πάσης
1022 4483 1303 4550 δυνάμεως
1341 4481 1584 4536 ὲναθλεῖν
1623 4481 1702 4553 τῷ

129 4578 304 4644 ἀγῶνι·
327 4582 395 4634 τὰ
413 4579 523 4650 γὰρ
545 4579 755 4650 μεγάλα
775 4575 912 4633 ἆθλα
930 4577 1178 4648 μεγάλων
1194 4576 1366 4629 δεῖται
1387 4577 1481 4628 καὶ
1501 4574 1700 4642 πόνων,

129 4671 302 4740 ἐπειδὴ
337 4671 579 4742 μάλιστα
599 4673 631 4742 ἡ
651 4671 818 4724 κακία
847 4672 960 4734 τοῖς
977 4668 1238 4732 τοιούτοις
1259 4667 1538 4738 ἐφεδρεύει
1567 4686 1704 4723 παν-

128 4764 370 4832 ταχόθεν,
413 4763 890 4835 περιεργαζομένη
923 4764 1019 4816 καὶ
1046 4761 1442 4834 περιτρέχουσα
1477 4762 1572 4816 καὶ
1598 4761 1695 4832 ζη-

129 4851 283 4905 τοῦσα
322 4854 654 4926 περιτρέψαι
697 4857 794 4925 τὴν
830 4853 1090 4924 σπουδήν·
1130 4852 1344 4906 ἐκεῖθεν
1389 4851 1555 4916 ὕπνος
1600 4853 1698 4906 καὶ

130 4942 348 5015 βάρησις
377 4944 660 5016 σώματος,
689 4947 783 4999 καὶ
799 4944 977 5016 ψυχῆς
1004 4943 1274 5016 μαλακία,
1312 4943 1544 5015 ἀκηδία,
1583 4943 1695 4998 ὀλι-

1800 4395 2008 4450 tamina
2051 4409 2282 4465 magnos
2313 4392 2484 4448 etiam
2533 4391 2815 4462 postulant
2852 4390 3091 4453 labores,
3135 4387 3393 4458 quoniam

1801 4485 2036 4540 maxime
2074 4483 2286 4539 malitia
2320 4482 2526 4538 talibus
2557 4479 2802 4550 undique
2841 4479 3156 4543 insidietur,
3177 4477 3396 4531 curiose
3472 4541 3476 4546 _

1799 4594 1986 4650 agens,
2009 4578 2345 4634 circumiens
2364 4587 2422 4632 et
2441 4573 2869 4630 sollicitudinem
2894 4573 3116 4628 demere
3146 4564 3392 4626 tentatus;

1799 4671 1929 4726 inde
1957 4687 2184 4727 somnus
2215 4679 2272 4725 et
2305 4669 2544 4742 gravitas
2577 4667 2826 4738 corporis
2867 4675 2925 4721 et
2957 4665 3175 4720 animae
3207 4663 3393 4717 molit-

1800 4765 1924 4828 ties,
1957 4764 2169 4829 acedia,
2196 4761 2431 4825 incuria,
2463 4759 2829 4815 inconstantia
2851 4799 2864 4820 ,
2905 4767 2962 4812 et
2991 4766 3206 4812 ceterae
3238 4754 3397 4807 mali-

1805 4856 1912 4911 tiae
1969 4856 2258 4927 passiones
2317 4863 2374 4909 et
2427 4851 2811 4923 operationes,
2866 4848 3071 4918 quibus
3117 4845 3393 4900 occiditur

1803 4949 1985 5004 anima
2019 4963 2088 5004 ex
2117 4957 2276 5018 parte
2306 4956 2463 5018 rapta
2497 4953 2555 5000 et
2589 4943 2656 4997 ad
2689 4942 2864 5012 ipsius
2894 4939 3182 4994 inimicum
3212 4949 3391 4991 trans-

1393 5083 1650 5140 VARIAE
1689 5085 2098 5142 LECTIONES.

194 5179 372 5260 ρει-ι’..
415 5179 540 5260 cod.
581 5181 662 5260 tu;
685 5177 939 5260 ἕλκη-ς)
973 5176 1130 5260 corr.
1167 5176 1290 5260 cod:
1319 5176 1678 5260 ἐμπληρθήη.
1703 5209 1777 5260 _-—
1826 5179 1875 5260 ³),
1902 5180 2084 5243 Corr.,
2121 5177 2264 5260 cod;
2282 5175 2579 5260 μεγίστην
2593 5169 3033 5260 ,θείοξῗποιήσαὶς
3050 5169 3396 5260 ἔρωτος’-ῖ-

134 5237 168 5319 ⁸)
199 5250 288 5306 Sic
324 5237 452 5305 cod.
499 5280 568 5292 ~—
615 5237 658 5323 ⁸)
692 5249 828 5305 Cod.
868 5237 944 5313 ὣς
1001 5250 1103 5311 τίς.
1135 5277 1205 5286 -
1243 5248 1286 5316 ⁸)
1318 5237 1575 5312 Emend,
1607 5237 1739 5304 'c'od.
1773 5237 2020 5306 τοῦτων.
2051 5237 2123 5289 -ἓ-
2150 5249 2194 5320 ⁷)
2225 5237 2479 5308 Emend,
2516 5237 2640 5329 cod.
2689 5237 2816 5306 τῆς.
2873 5269 2943 5278 -—-
2971 5241 3015 5306 ⁸)
3049 5238 3231 5306 Corn,
3263 5237 3390 5294 cod.

134 5383 368 5452 μεγίτου.
403 5413 474 5422 -
498 5382 544 5453 9)
574 5343 755 5449 Coni.,
781 5381 904 5438 cod.
936 5378 1262 5451 Στήματος.
1293 5410 1364 5419 -—
1399 5379 1465 5453 ‘°)
1494 5378 1676 5444 Corr.,
1701 5380 1823 5436 cod.
1855 5380 2142 5444 ἀποδίδως.
2163 5379 2320 5431 -ίίὶ
2348 5379 2603 5446 Emend,
2628 5379 2749 5436 cod.
2771 5343 3017 5444 γεγονόξ.

1642 5471 1892 5531 NOTAE.

197 5574 270 5637 (l)
293 5574 338 5628 11
367 5574 498 5629 Cor.
531 5574 570 5637 Ι,
594 5575 643 5628 ι.

217 5644 269 5711 9.)
295 5645 501 5699 Psalm.
537 5644 830 5711 Lxxxut,
862 5646 915 5698 ε.

219 5716 271 5804 ξ)
295 5715 688 5804 momina,
701 5719 765 5803 ές.

222 5805 252 5840 ἦ

255 5785 274 5856 )
308 5785 428 5840 Luc
490 5785 672 5854 xvm,
701 5787 754 5842 ··.

1889 5559 2131 5638 (5,1biJ.
2165 5566 2355 5638 xvut,
2389 5567 2442 5620 ι.

1887 5589 1965 5705 ἓξὲξ
1987 5589 2131 5710 ἐῖἶέ
2151 5589 2355 5694 ὕΐῖἓ
2389 5589 2432 5620 ³·

1886 5712 1960 5782 (7)
1993 5707 2189 5766 Psahn.
2219 5707 2329 5774 CV,
2367 5707 2453 5762 15.
