3948 6572
569 335 677 394 «ιῦὅ

1863 325 1919 381 8.
1959 321 2241 380 MACARII
2277 321 2597 379 AEGYPTII

3710 326 3789 383 £36

576 451 724 521 fuga.
762 448 992 520 Oportet
1037 447 1204 520 igitur
1234 447 1289 502 in
1315 446 1586 511 oratione,
1629 453 1690 500 ut
1727 444 2031 515 sapientem
2069 458 2166 513 gu—

2275 440 2479 512 γωρία,
2529 439 2974 512 ἀνυπομονησία,
3024 439 3119 493 καὶ
3170 438 3241 492 τὰ
3289 438 3449 493 λοιπὰ
3497 440 3592 511 τῆς
3632 444 3790 512 κακίας

578 546 955 607 liernatorem,
988 542 1257 597 collocare
1286 539 1549 603 animum,
1581 552 1684 592 nec
1723 551 1964 605 unquam
2006 550 2163 589 men-

581 643 691 690 tem
724 632 1133 687 turbationibus
1172 630 1393 701 maligni
1421 629 1649 699 spiritus
1671 626 1957 698 praebere,
1985 640 2164 695 neque

581 727 732 782 illius
778 726 1043 779 ﬂuctibus
1093 722 1461 786 circumferri,
1512 720 1607 775 sed
1655 719 1821 773 rectis
1864 718 2041 773 oculis
2094 717 2163 771 ad

583 828 810 888 portum
853 815 1147 870 eoelestem
1200 813 1475 883 respicere
1519 820 1576 867 et
1617 810 1854 864 animam
1895 810 2164 879 integrann

582 910 818 963 reddere
848 908 994 971 Deo,
1024 906 1116 975 qui
1154 920 1275 960 eam
1316 904 1421 974 ipsi
1462 902 1806 957 concredidit
1847 910 1905 956 et
1943 900 2161 971 repetit.

579 1002 769 1071 Neque
806 1000 955 1054 enim
988 999 1046 1051 in
1080 1013 1255 1068 genua
1298 996 1663 1067 procumbere
1687 1035 1702 1059 ,
1740 1002 1799 1049 et
1837 995 1894 1048 in
1940 994 2167 1048 modum

579 1106 772 1145 eorum
800 1091 893 1159 qui
924 1090 1107 1143 iacent
1127 1088 1181 1141 in
1204 1087 1452 1142 oratione
1471 1085 1715 1150 extendi,
1736 1094 2165 1139 consentaneum

580 1192 665 1238 est
688 1182 1005 1253 Scripturae
1035 1190 1092 1235 et
1120 1180 1546 1250 beneplaeitum,
1579 1187 1761 1233 mente
1786 1177 1976 1247 procul
2003 1192 2033 1231 λ
2052 1177 2165 1232 Deo

582 1282 833 1343 vagante,
868 1287 1061 1325 verum
1094 1285 1314 1325 omnem
1346 1270 1739 1339 cogitationum
1778 1266 2163 1338 negligentiam

579 1375 639 1419 et
698 1364 964 1433 iniustum
1019 1376 1241 1416 sensum
1290 1360 1666 1430 expostulare,
1713 1366 1991 1427 totamque
2036 1373 2162 1412 eum

583 1472 815 1527 corpore
843 1456 1081 1509 animam
1118 1455 1353 1508 orationi
1387 1452 1801 1522 tradere.Atqui
1822 1452 1987 1506 etiam
2010 1466 2167 1520 prae-

585 1550 751 1620 positi
781 1549 985 1603 debent
1029 1548 1121 1602 tali
1162 1547 1443 1617 opitulari,
1475 1556 1531 1601 et
1559 1562 1685 1600 eum
1716 1545 1865 1599 omni
1898 1545 2165 1600 sollicitu-

586 1644 715 1697 dine
748 1650 804 1697 et
835 1640 1184 1711 correptione
1211 1640 1425 1693 nutrire
1462 1638 1670 1693 orantis
1708 1637 1779 1691 ad
1823 1636 2166 1706 propositum

584 1739 893 1800 fervorem,
954 1744 1012 1788 et
1074 1732 1365 1803 diligenter
1417 1732 1567 1786 illius
1618 1731 1857 1786 animam
1907 1746 2161 1801 purgare.

585 1832 794 1884 Eorum
819 1828 995 1892 enim,
1031 1826 1127 1896 qui
1168 1828 1243 1881 ita
1286 1842 1345 1881 se
1389 1826 1622 1891 habent,
1650 1824 1864 1880 fruetus
1900 1824 2167 1879 virtutum
2201 1821 2242 1875 Β

584 1938 757 1992 quum
791 1920 1023 1975 infirmis
1075 1918 1410 1983 ostenditur,
1443 1933 1552 1971 non
1608 1919 1785 1972 solum
1828 1918 1904 1983 ei,
1935 1918 2029 1987 qui
2062 1918 2171 1972 iam

586 2013 840 2081 profecit,
861 2012 957 2066 sed
989 2012 1155 2068 etiam
1176 2010 1421 2082 parvulis
1443 2018 1499 2064 et
1526 2008 1776 2064 doctrina
1800 2009 2172 2080 indigentibus

591 2107 653 2160 fit
681 2106 851 2171 utilis,
879 2107 1169 2162 consolans
1200 2120 1297 2159 eos
1327 2112 1384 2158 et
1411 2103 1480 2157 ad
1520 2102 1885 2157 imitationem
1921 2105 2171 2159 excitans

586 2203 808 2264 eorum,
844 2215 989 2269 quae
1035 2200 1242 2255 vident.
1281 2197 1515 2251 Fructus
1543 2208 1727 2252 autem
1762 2198 2009 2253 sincerae
2045 2215 2173 2253 ora-

590 2292 761 2346 tionis
812 2302 942 2346 sunt
986 2290 1344 2360 simplicitas,
1378 2289 1636 2355 dilectio,
1674 2290 1987 2355 humilitas,
2014 2291 2173 2346 forti-

592 2385 747 2449 tudo,
779 2384 1115 2446 innocentia,
1139 2392 1192 2437 et
1222 2398 1363 2451 quae
1397 2392 1527 2436 sunt
1554 2383 1846 2448 eiusmodi,
1880 2400 2018 2453 quos
2049 2392 2175 2441 ante

589 2478 862 2532 caelestes
890 2476 1103 2531 fructus
1131 2492 1229 2545 per
1252 2475 1396 2529 hanc
1420 2475 1587 2528 vitam
1605 2475 1823 2530 solliciti
1846 2476 1903 2529 in
1928 2477 2177 2532 oratione

590 2569 836 2623 hominis
856 2569 1014 2623 labor
1046 2569 1136 2622 hic
1163 2571 1452 2639 germinat.
1487 2568 1711 2623 Talibus
1741 2569 1917 2624 oratio
1950 2578 2177 2625 ornatur

591 2662 885 2717 fructibus.
913 2662 1123 2728 Quibus
1163 2677 1359 2715 carens
1399 2661 1618 2715 inanem
1652 2662 1881 2732 suscipit
1908 2662 2173 2718 laborem.

592 2757 757 2825 217
801 2756 915 2812 Nec
938 2755 1117 2810 solum
1148 2756 1346 2820 orat‘io,
1381 2754 1478 2810 sed
1513 2755 1679 2809 etiam
1719 2758 1899 2812 omnis
1932 2759 2178 2829 philoso-

592 2849 755 2918 phiae
784 2848 891 2912 via,
923 2862 954 2902 e
981 2847 1073 2901 tali
1105 2847 1351 2918 germine
1378 2856 1528 2912 nata,
1560 2864 1688 2903 vere
1712 2849 1953 2905 iustitiae
1986 2861 2070 2905 est
2089 2851 2178 2906 via

588 2952 653 2995 et
679 2940 747 2994 ad
779 2949 990 2993 rectum
1013 2939 1269 3010 perducit
1292 2938 1476 2993 finem.
1509 2941 1620 2996 lllis
1648 2952 1829 2997 autem
1857 2945 1949 3014 qui
1976 2944 2179 3014 spolia-

593 3042 686 3088 tus
716 3043 820 3098 est,
850 3033 902 3087 ei
930 3049 1132 3087 vanum
1166 3050 1364 3088 nomen
1396 3035 1749 3104 relinquitur,
1789 3048 1844 3092 et
1883 3039 2176 3092 stultarum

595 3126 870 3197 virginum
904 3125 1101 3180 similis
1135 3134 1239 3191 est,
1286 3127 1489 3195 quibus
1529 3137 1776 3198 tempore
1829 3131 2178 3187 necessitatis

595 3232 707 3269 non
734 3215 922 3269 aderat
938 3216 1120 3269 oleum
1144 3215 1200 3268 in
1222 3215 1461 3271 thalamo
1478 3217 1576 3289 (1).
1594 3218 1711 3273 Non
1729 3220 1875 3274 enim
1896 3221 2189 3307 habebant:

598 3307 657 3361 in
679 3307 878 3361 animis
905 3308 1113 3372 lumen,
1142 3307 1366 3364 virtutis
1400 3309 1661 3374 fructum,
1688 3327 1866 3382 neque
1891 3313 2183 3384 lucernam

600 3400 842 3470 Spiritus
874 3400 929 3453 in
974 3410 1176 3455 mente.
1201 3401 1383 3467 Quare
1416 3412 1473 3457 et
1506 3404 1701 3457 stultas
1727 3404 1925 3459 merito
1960 3406 2176 3462 vocavit

595 3509 695 3548 eas
713 3492 1012 3564 Scriptura,
1047 3493 1337 3549 deficiente
1372 3510 1560 3550 earum
1602 3498 1828 3562 virtute,
1853 3499 2175 3568 priusquam

598 3584 814 3638 veniret
844 3601 1097 3654 sponsus,
1126 3594 1182 3639 et
1216 3596 1508 3657 propterea
1537 3587 1767 3643 miseras
1805 3590 2046 3643 thalamo
2076 3606 2176 3645 su-

599 3692 773 3748 perna
802 3676 1054 3731 exclusit.
1087 3677 1208 3732 Non
1234 3678 1383 3732 enim
1412 3678 1469 3731 in
1506 3679 1639 3749 ipsis
1678 3680 1921 3734 studium
1949 3681 2179 3753 virgini-

600 3770 731 3824 tatis
755 3769 1045 3839 reputavit,
1070 3786 1240 3839 quum
1258 3771 1505 3841 operatio
1519 3772 1758 3842 Spiritus
1783 3772 1917 3842 ipsis
1941 3772 2177 3829 deesset.

606 3864 678 3919 Et
702 3863 858 3917 valde
889 3862 1107 3917 merito.
1141 3863 1360 3918 Etenim
1388 3880 1529 3934 quae
1583 3865 1794 3920 utilitas
1823 3866 1951 3921 vitis
1977 3867 2178 3932 cultae,

598 3958 645 4012 si
685 3956 896 4012 fructus
928 3957 1147 4022 desunt,
1184 3969 1410 4029 propter
1432 3974 1569 4028 quos
1590 3958 1834 4013 laborem
1867 3960 2017 4015 subit
2040 3961 2183 4031 agri-

597 4050 751 4104 cola?
782 4049 933 4115 Quae
986 4050 1195 4105 utilitas
1229 4050 1420 4104 ieiunii
1457 4059 1515 4105 et
1558 4051 1823 4106 orationis
1868 4061 1924 4106 et
1962 4052 2182 4123 vigilia-

601 4159 745 4207 rum,
772 4143 817 4197 si
846 4158 951 4212 pax
983 4143 1137 4198 deest
1162 4151 1217 4197 et
1244 4142 1467 4198 dilectio
1487 4152 1544 4198 et
1570 4144 1740 4199 ceteri
1767 4145 1973 4216 gratiae
2010 4144 2185 4217 Spiri-

603 4246 693 4288 tus
738 4235 990 4300 fructus,
1038 4249 1177 4303 quos
1225 4245 1447 4289 sanctus
1512 4246 1803 4291 enumerat
1857 4236 2184 4307 Apostolus?

600 4328 831 4382 Omnem
845 4329 991 4382 enim
1016 4328 1244 4382 sustinet
1267 4328 1510 4382 laborem
1529 4337 1750 4399 propter
1770 4346 1832 4384 ea
1862 4340 2072 4384 amator
2089 4344 2184 4385 su-

604 4438 806 4493 pernae
826 4423 1054 4491 patriae,
1071 4422 1272 4491 quibus
1289 4421 1527 4492 Spiritus
1543 4423 1861 4477 attrahitur.
1877 4424 1943 4477 Et
1956 4424 2181 4494 gratiae,

2267 534 2414 603 πὰθη
2448 535 2542 586 καὶ
2571 534 2943 604 ἐνεργήματα,
2969 531 3035 586 δι’
3065 532 3101 586 ἃ
3126 530 3423 586 ἀπόλλυται
3458 532 3491 601 ἡ
3524 532 3661 602 ψυχὴ
3684 540 3793 589 κατὰ

2268 626 2433 697 μέρος
2463 625 2821 699 ἀρπαζομένη
2848 627 2944 680 καὶ
2965 623 3342 695 αύτομολοῦσα
3370 624 3505 693 πρὸς
3532 623 3618 677 τὸν
3642 626 3793 696 ἐχθρὸν

2267 720 2485 789 ἑαυτῆς.
2523 719 2630 790 χρὴ
2667 716 2761 773 οὖν
2803 719 3097 789 ἐφεστάναι
3143 720 3206 789 τῇ
3242 720 3554 788 προσευχῇ,
3591 718 3794 793 καθάπερ

2268 812 2431 881 σοφὸν
2459 814 2799 884 κυϐερνήτην
2819 853 2833 877 ,
2863 813 2954 866 τὸν
2995 810 3289 881 λογισμόν,
3322 808 3571 880 μηδαμοῦ
3596 810 3683 880 τὴν
3709 813 3794 866 διὰ-

2265 924 2415 963 νοιαν
2458 907 2727 960 ἐνδιδόντα
2769 905 2908 977 πρὸς
2952 905 3053 968 τὰς
3096 902 3191 956 τοῦ
3241 901 3482 972 πονηροῦ
3533 903 3797 971 πνεύματος

2264 1000 2532 1072 ταραχάς,
2568 999 2701 1071 μηδέ
2730 1001 2844 1061 τοῖς
2875 998 3084 1051 ἐκείνου
3115 996 3323 1067 κύμασι
3365 996 3795 1066 συμπεριφερόμε-

2265 1113 2377 1160 νον,
2410 1093 2525 1147 ἀλλ’
2558 1093 2689 1146 εὐθὺ
2724 1091 2987 1163 βλέποντα
3026 1090 3163 1161 πρὸς
3209 1090 3301 1144 τὸν
3349 1091 3462 1143 ἀνω
3500 1087 3703 1157 λιμένα,
3732 1093 3798 1143 καὶ

2262 1187 2440 1258 ψυχὴν
2472 1186 2727 1256 ἀκέραιον
2776 1186 2817 1256 ¹)
2857 1183 3182 1237 ἀποδιδόντα
3231 1180 3309 1254 τῷ
3355 1182 3697 1234 πιστεύσαντι
3731 1186 3798 1237 καὶ

2265 1278 2587 1335 ἀπαιτοῦντι
2616 1278 2743 1349 θεῷ.
2775 1279 2834 1332 ού
2864 1277 2971 1348 γὰρ
3000 1276 3061 1329 τὸ
3093 1278 3278 1329 πεσεῖν
3307 1276 3401 1328 ἐπὶ
3430 1274 3562 1343 γόνυ
3594 1275 3678 1327 καὶ
3699 1277 3796 1345 axi.-

2270 1388 2399 1442 ματι
2425 1369 2535 1422 τῶν
2573 1370 2640 1422 δι’
2675 1368 2839 1439 εύχὴν
2884 1366 3155 1437 κειμένων
3204 1364 3535 1419 ἐκτετάσθαι
3566 1364 3799 1420 σπουδαῖοι

2263 1465 2331 1533 τῇ
2364 1465 2549 1534 γραφῇ
2594 1462 2688 1515 καὶ
2718 1464 2762 1530 ²)
2798 1460 3115 1531 εὐάρεστον,
3159 1457 3259 1527 τῆς
3306 1455 3547 1519 διανοίας
3601 1455 3696 1519 ἔξω
3733 1458 3800 1511 τοῦ

2267 1556 2390 1610 θεοῦ
2422 1554 2782 1626 πλανωμένης
2808 1555 2872 1624 ³),
2905 1552 3041 1608 ἀλλά
3070 1552 3132 1605 τὸ
3159 1554 3338 1605 πᾶσαν
3370 1548 3699 1605 ἐκκαλοῦντα
3723 1552 3801 1606 τῶν

2265 1648 2543 1721 λογισιοῶν
2571 1647 2842 1718 ῥαθυμίαν
2878 1664 2937 1699 τε
2955 1647 3050 1699 καὶ
3077 1645 3259 1700 ἄδικον
3289 1643 3523 1705 ἔννοιαν,
3552 1641 3672 1711 ὅλην
3702 1644 3801 1711 μετὰ

2266 1741 2362 1794 τοῦ
2389 1742 2642 1812 σώματος
2669 1738 2963 1794 ἀποδοῦναι
3008 1737 3107 1807 τὴν
3155 1736 3335 1807 ψυχὴν
3362 1737 3489 1797 ταῖς
3520 1734 3711 1803 εὐχαῖς.
3736 1736 3803 1787 καὶ

2270 1834 2396 1897 τοὺς
2460 1832 2813 1905 προεστῶτας
2888 1830 2947 1884 δέ
3007 1830 3113 1901 χρὴ
3186 1825 3702 1897 συναντιλαμϐάνειν
3751 1826 3805 1895 τῷ

2270 1925 2514 1997 τοιούτῳ,
2540 1926 2633 1979 καὶ
2664 1925 2752 1978 διὰ
2780 1922 2961 1995 πάσης
2994 1922 3228 1993 σπουδῆς
3258 1920 3354 1974 καὶ
3398 1917 3682 1981 νουθεσίας
3710 1917 3805 1987 τρέε

2272 2035 2392 2088 φειν
2417 2019 2515 2089 τὴν
2546 2018 2676 2088 περὶ
2704 2017 2765 2068 τὸ
2798 2014 3157 2087 προκείμενον
3200 2012 3294 2065 τοῦ
3340 2011 3635 2082 εὐχομένου
3660 2009 3808 2061 ἐπιθυ-

2276 2111 2426 2181 μίαν,
2455 2110 2547 2163 καὶ
2578 2108 2862 2180 καθαίρειν
2890 2105 3135 2178 ἀκριϐῶς
3164 2105 3264 2178 τὴν
3293 2104 3487 2157 τούτου
3517 2102 3704 2172 ψυχήν.
3730 2101 3808 2155 τῶν

2272 2204 2380 2274 γὰρ
2406 2202 2580 2266 οὕτως
2610 2202 2887 2272 ἐχομένων
2909 2200 2948 2253 δ’
2977 2199 3188 2271 καρπὸς
3232 2197 3341 2251 τῶν
3381 2196 3599 2268 ἀρετῶν
3626 2198 3723 2258 τοῖς
3748 2212 3808 2248 νο-

2275 2298 2459 2350 σοῦσιν
2494 2294 2939 2365 ἐπιδεικνύμενος
2965 2292 3025 2345 ού
3050 2290 3123 2362 τῷ
3154 2288 3495 2362 προκόψαντι
3518 2287 3690 2358 μόνον.
3709 2285 3810 2339 dm

2274 2390 2372 2443 καὶ
2402 2392 2516 2452 τοῖς
2554 2388 2634 2441 ἔτι
2667 2387 2888 2457 νηπίοις
2913 2384 3008 2438 καὶ
3034 2383 3310 2454 δεομένοις
3344 2378 3687 2441 διδασκαλίας
3711 2378 3811 2448 χρὴ·

2276 2499 2436 2553 σιμος
2458 2481 2671 2551 γίνεται
2708 2479 2777 2551 Ι’).
2813 2477 3148 2551 παρακαλῶν
3177 2476 3373 2539 αὐτοὺς
3397 2474 3498 2528 καὶ
3534 2473 3810 2544 προτρέπων

2276 2576 2356 2638 εἰς
2385 2574 2639 2645 μίμησιν,
2682 2565 2756 2625 ὧν
2787 2570 2977 2642 ὁρῶσι.
3010 2567 3215 2640 καρποὶ
3246 2566 3303 2621 δὲ
3335 2562 3662 2637 εἰλικρινοῦς
3683 2564 3806 2634 εὐχῆς

2278 2667 2539 2736 ἁπλότης,
2588 2664 2802 2735 ἀγάπη,
2863 2659 3363 2733 ταπεινοφροσύνη,
3399 2657 3682 2729 καρτερία,
3706 2660 3811 2710 ἀκα-

2277 2760 2394 2821 κία,
2444 2759 2540 2812 καὶ
2589 2758 2657 2811 τὰ
2707 2756 2954 2818 τοιαῦτα,
2992 2755 3029 2810 ἀ
3068 2754 3175 2825 πρὸ
3200 2753 3307 2807 τῶν
3346 2750 3583 2805 αἰωνίων
3630 2749 3809 2819 καρπῶν

2278 2851 2431 2922 παρὰ
2465 2850 2556 2903 τὸν
2585 2848 2698 2919 βίον
2720 2850 2748 2903 ὁ
2773 2846 2867 2901 τοῦ
2894 2847 3182 2900 σπουδαίου
3200 2844 3340 2915 περὶ
3375 2843 3480 2913 τὴν
3509 2841 3665 2912 εύχὴν
3692 2841 3809 2899 πόνος

2279 2944 2517 3001 ἐνταῦθα
2562 2942 2873 3016 βλαστάνει.
2917 2939 3129 3003 τούτοις
3181 2937 3315 3009 εὐχὴ
3371 2933 3748 2997 καλλωπίζεται
3778 2933 3807 2999 ⁸)

2278 3044 2390 3104 τοῖς
2416 3041 2671 3111 καρποῖςο
2698 3033 2983 3108 ἀποροῦσα
3018 3033 3075 3086 δὲ
3112 3031 3316 3085 τούτων
3359 3028 3595 3100 μάταιον
3632 3025 3809 3093 ἔχειτὸν

2282 3134 2463 3187 πόνον.
2504 3132 2597 3185 καὶ
2627 3130 2729 3184 ούκ
2757 3128 2890 3201 εύχὴ
2927 3128 3110 3200 μόνον,
3137 3124 3274 3180 ἀλλά
3303 3123 3398 3176 καὶ
3446 3122 3599 3175 πᾶσα
3646 3118 3811 3187 φιλοσο-

2279 3227 2408 3296 φίας
2441 3224 2594 3289 ὁδός,
2643 3222 2899 3292 τοιαύτην
2953 3220 3053 3292 μὲν
3099 3220 3296 3290 ἔχουσα
3328 3214 3429 3286 τὴν
3484 3209 3803 3285 βλάστην,δι-

2262 3314 2568 3403 ριαιοσύνης
2590 3313 2758 3377 ὅντως
2781 3312 2926 3364 ἐστὶν
2950 3310 3085 3374 ὁδός,
3101 3308 3195 3403 καὶ
3215 3305 3352 3403 πρὸς
3373 3304 3537 3376 ὀρθὸν
3554 3299 3808 3403 dive-mila:

2273 3394 2478 3463 τούτων
2527 3408 2583 3462 δέ
2623 3405 2971 3477 ἐστερημένῳ
3024 3400 3179 3457 κενδν
3224 3400 3395 3468 ὖνομα
3435 3394 3808 3454 καταλείπεται,

2261 3477 2372 3557 ⁴καὶ
2414 3503 2537 3561 ταῖς
2589 3502 2798 3571 μωραῖς
2844 3495 3037 3559 ἐοικὼς
3084 3492 3414 3565 παρθένοις,
3462 3483 3554 3552 αῖς
3591 3485 3724 3558 παρά
3746 3484 3809 3537 τὸν

2276 3596 2468 3669 καιρὸν
2490 3595 2589 3665 τῆς
2618 3593 2808 3666 χρείας
2832 3592 2895 3645 ού
2923 3591 3103 3662 παρῆν
3126 3590 3182 3642 ἐν
3206 3587 3284 3658 τῷ
3304 3584 3558 3656 νυμφῶνι
3581 3583 3637 3635 τὸ
3657 3580 3807 3669 ἔλαιον.

2277 3690 2336 3743 ού
2360 3668 2467 3758 γὰρ
2494 3681 2638 3757 εἶχον
2666 3687 2725 3738 ἐν
2752 3686 2875 3746 ταῖς
2912 3682 3110 3753 ψυχαῖς
3140 3680 3201 3734 τὸ
3229 3678 3365 3748 φῶς,
3396 3676 3497 3730 τὸν
3536 3674 3631 3744 τῆς
3656 3668 3807 3742 ἀρετῆς

2284 3777 2511 3849 καρπόν,
2530 3773 2650 3829 ούδέ
2668 3772 2759 3826 τὸν
2786 3771 2878 3825 τοῦ
2905 3769 3213 3841 πνεύματος
3235 3769 3291 3820 ἐν
3318 3768 3384 3837 τῇ
3406 3762 3617 3833 διανοίᾳ
3639 3760 3806 3828 λύχνον.

2279 3870 2401 3924 ὅθεν
2427 3868 2522 3921 καλ⁷
2570 3867 2760 3937 μωρὰς
2803 3862 3031 3925 εἰκότως
3068 3861 3355 3930 ὠνόμασεν
3386 3858 3421 3928 ἡ
3458 3855 3661 3927 γραφή,
3687 3851 3809 3919 συλη-

2282 3961 2502 4032 σθείσης
2518 3958 2560 4030 ⁸)
2582 3957 2759 4012 αὐτῶν
2778 3958 2880 4027 τῆς
2906 3955 3110 4027 ἀρετῆς
3133 3955 3264 4024 πρὶν
3292 3950 3471 4005 ἐλθεῖν
3497 3950 3585 4002 τὸν
3608 3944 3807 4016 νυμφίον,

2282 4055 2374 4108 καὶ
2402 4053 2489 4106 διὰ
2506 4050 2663 4104 τοῦτο
2686 4048 2777 4103 τοῦ
2804 4048 2916 4102 ἀνω
2944 4046 3236 4118 νυμφῶνος
3262 4044 3359 4109 τὰς
3389 4042 3582 4105 ἀθλίας
3602 4039 3807 4095 ἀπέκλει-

2284 4164 2395 4201 σεν.
2434 4145 2496 4198 ού
2525 4145 2634 4215 γὰρ
2660 4142 2939 4211 ἐλογίσατο
2974 4141 3166 4201 αὔταῖς
3198 4137 3297 4209 τὴν
3332 4135 3569 4205 σπουδὴν
3596 4133 3686 4203 τῆς
3708 4146 3807 4199 παρα

2284 4238 2464 4303 θενίας
2487 4236 2580 4291 τοῦ
2612 4235 2686 4307 μὴ
2708 4236 2964 4305 παρεῖναι
2985 4234 3085 4304 τὴν
3108 4231 3202 4285 τοῦ
3234 4227 3546 4300 πνεύματος
3562 4225 3805 4299 ἐνέργειαν.

2283 4332 2378 4385 καὶ
2411 4329 2553 4383 πάνυ
2590 4326 2836 4391 δικαίως.
2876 4326 2929 4380 τί
2975 4326 3085 4396 γὰρ
3116 4323 3307 4393 ὄφελος
3339 4320 3588 4391 ἀμπέλου
3622 4333 3807 4383 πεπονη-

2289 4426 2477 4497 μένης,
2498 4422 2726 4495 καρπῶν
2757 4421 2832 4492 μὴ
2860 4420 3163 4492 παρόντων,
3187 4410 3260 4471 ὧν
3281 4416 3467 4468 ἕνεκεν
3494 4412 3729 4483 ὑπομένει
3746 4408 3808 4497 τόν

604 4528 745 4583 quae
768 4512 892 4567 inde
915 4514 1177 4578 nascitur,
1201 4514 1475 4583 particeps
1498 4513 1673 4569 factus
1693 4517 1928 4570 fructum
1947 4515 2106 4570 ali‘ert
2126 4525 2174 4570 el

2285 4496 2444 4570 πόνον
2473 4517 2501 4569 ὁ
2528 4513 2808 4588 γεωργός;
2840 4511 2892 4564 τί
2931 4509 3120 4580 κέρδος
3148 4505 3401 4577 νηστείας
3434 4504 3531 4556 καὶ
3561 4496 3807 4588 προσευχῆς

604 4621 731 4659 cum
761 4604 958 4675 gaudio
988 4606 1192 4660 fruitur
1224 4606 1440 4660 cultura
1473 4607 1609 4677 agri,
1641 4624 1802 4676 quam
1846 4609 1903 4663 in
1948 4609 2177 4663 humili-

606 4707 716 4751 tate
756 4712 855 4750 sua
900 4706 955 4749 et
1002 4696 1185 4751 studio
1218 4712 1444 4766 Operum
1487 4697 1726 4769 Spiritus
1772 4700 1943 4754 coluit
1979 4700 2173 4770 gratia.

602 4788 833 4858 Oportet
858 4789 1024 4860 igitur
1054 4788 1272 4844 labores
1300 4789 1564 4845 orationis
1589 4800 1645 4845 et
1680 4792 1870 4847 ieiunii
1895 4802 1950 4847 et
1970 4804 2182 4848 cetero-

604 4894 728 4932 rum
758 4895 986 4950 operum
1024 4894 1149 4933 eum
1177 4880 1348 4933 multo
1368 4881 1561 4950 gaudio
1587 4890 1643 4936 et
1664 4881 1809 4937 bona
1840 4898 1936 4952 spe
1968 4883 2177 4948 subire,

604 4971 767 5025 flores
800 4986 932 5025 vero
991 4971 1243 5025 laborum
1293 4979 1349 5026 et
1396 4972 1611 5028 fruetus
1668 4975 1897 5029 credere
1940 4975 2179 5045 Spiritus

603 5077 723 5117 esse
749 5063 1113 5132 operationes.
1133 5062 1283 5129 Quae
1296 5064 1341 5118 si
1359 5064 1483 5133 quis
1499 5065 1604 5120 sibi
1622 5066 1966 5123 adseribatet
1989 5069 2175 5123 omnia

603 5153 719 5208 suis
744 5153 1027 5210 laboribus
1057 5155 1345 5221 attribuat,
1365 5171 1467 5226 pro
1493 5157 2044 5215 immarcescibilibus
2066 5160 2184 5215 fru-

2284 4611 2379 4665 καὶ
2413 4587 2750 4680 ἀγρυπνίας,
2780 4605 3002 4675 εἰρήνης
3022 4598 3267 4670 ἀπούσης
3295 4598 3389 4651 καὶ
3404 4596 3621 4665 ἀγάπης
3636 4591 3716 4646 καὶ
3732 4587 3808 4640 τῶν

2284 4701 2486 4756 λοιπῶν
2508 4701 2604 4771 τῆς
2621 4698 2712 4752 τοῦ
2733 4696 3042 4766 πνεύματος
3057 4692 3278 4764 χάριτος
3294 4688 3545 4760 καρπῶν,
3562 4685 3647 4749 οὓς
3661 4686 3685 4735 ὁ
3698 4682 3807 4748 ἅγιος

2287 4791 2681 4865 ἀπαριθμεῖται
2722 4787 3049 4852 ἀπόστολοςς
3086 4785 3266 4837 πάντα
3297 4782 3404 4853 γάρ
3439 4780 3709 4848 ὑφίσταται

2286 4902 2376 4939 νον
2412 4883 2616 4937 τούτων
2636 4883 2821 4936 ’ἐνεκεν
2868 4882 2896 4933 ό
2916 4879 3014 4949 τῆς
3044 4878 3155 4933 ἀνω
3184 4875 3369 4947 χώρας
3404 4875 3651 4944 ἐραστής,
3679 4869 3732 4921 δι’
3755 4858 3807 4917 ὦν

2288 4976 2574 5046 ἐφέλκεται
2604 4973 2666 5026 τὸ
2693 4969 2930 5041 πνεῦμα.
2949 4967 3045 5022 καὶ
3072 4967 3169 5036 τῆς
3202 4963 3410 5017 ἐκεῖθεν
3436 4955 3807 5034 μεταλαμϐάνων

2287 5068 2505 5139 χάριτος
2527 5064 2867 5135 καρποφορεῖ
2886 5062 2978 5115 καὶ
2998 5056 3259 5113 ἀπολαύει
3285 5055 3400 5127 μετ’
3416 5044 3808 5139 εὐφροσύνηςτῇ

2287 5138 2583 5230 γεωργίας,
2615 5157 2683 5229 ἢν
2710 5158 2769 5210 ἐν
2789 5157 2858 5227 τῇ
2889 5150 3083 5207 ἐαυτοῦ
3113 5145 3582 5218 ταπεινοφροσύνῃ
3612 5139 3695 5193 καὶ
3722 5138 3807 5187 ἐπι-

1894 5298 2150 5354 VABIAE
2189 5297 2595 5355 LECTIONES.

678 5433 997 5512 ξ)1ᾷῐηεηά.,
1035 5430 1168 5512 eod._
1196 5430 1501 5512 ἀκαίραιον.
1561 5462 1631 5473 -—-
1656 5430 1699 5503 ²)
1864 5434 1919 5489 in
1958 5435 2082 5512 c_od.
2123 5436 2314 5512 delere
2334 5437 2560 5512 _stud_uit
2584 5451 2696 5493 rec.
2724 5451 2799 5512 In.
2821 5464 2935 5512 η-
2960 5432 3003 5501 ⁸)
3057 5430 3313 5512 Emend,
3341 5425 3469 5512 god.
3499 5415 3805 5512 πλανοξέξηξί

606 5492 721 5578 τ-’ἧ
752 5506 834 5560 An
850 5492 1168 5578 isvr'tcim‘?
1198 5492 1598 5578 οοςίδγςεγῄῖαι.
1634 5492 1763 5575 -—'°)
1796 5504 2050 5573 Emend,
2073 5506 2197 5562 cod.
2230 5492 2633 5575 καλλοπίζεται.
2657 5507 2787 5578 --⁶)
2812 5492 2997 5571 Corn,
3032 5500 3156 5558 cod.
3196 5497 3532 5569 σηεσθήσης,
3577 5492 3737 5548 literas
3758 5494 3806 5535 υι

609 5574 794 5632 blattis
819 5574 1116 5631 exstinctas
1153 5574 1299 5628 coni.
1336 5574 1543 5629 addidi.

2100 5692 2351 5751 NOTAE.

684 5780 760 5851 (l)
790 5781 983 5837 Ma‘lth.
1010 5781 1171 5846 XXV,
1217 5781 1235 5835 ι
1274 5799 1391 5853 sqq.
