3948 6558
167 369 252 425 457

1534 361 1939 418 EPISTOLAE.

3276 358 3384 415 458

167 477 332 556 μελεία
348 473 452 526 τῶν
474 474 650 543 ἔργων
678 477 712 546 ἡ
733 475 826 529 τοῦ
849 474 1156 546 πνεύματος
1182 473 1495 546 ἐγεώργησε
1518 474 1696 545 χάρις.

1803 471 1982 526 ctibus
2005 469 2112 524 illis
2135 469 2306 525 fastus
2328 468 2422 523 tali
2455 477 2510 522 et
2537 468 2793 537 superbia
2823 470 3087 538 quaedam
3120 469 3380 541 gignitur.

166 576 236 630 δεῖ
255 566 338 623 οὖν
367 568 493 629 τοὺς
522 567 622 636 μὲν
653 569 846 630 πόνους
875 568 973 637 τῆς
1004 567 1168 637 εὐχῆς
1198 567 1292 620 καὶ
1316 566 1570 635 νηστείας
1608 565 1702 618 καὶ

159 664 250 718 τῶν
273 657 461 712 λοιπῶν
505 658 680 728 ἔργων
710 659 846 728 μετὰ.
888 660 1088 727 πολλῆς
1117 660 1308 729 ἡδονῆς
1360 659 1454 711 καὶ
1490 657 1702 726 ἀγαθῆς

163 751 349 811 ἐλπίδος
383 749 732 816 ὑφίστασθαι,
762 750 832 802 τὰ
863 750 918 802 δὲ
952 751 1085 820 ἄνθη
1109 750 1215 804 τῶν
1245 750 1442 813 πόνων,
1462 750 1702 813 καὶτοὺς

159 838 376 914 καρπούς
399 881 413 901 ,
439 839 534 891 τοῦ
569 839 880 908 πνεύματος
904 836 1044 892 εἶναι
1084 839 1358 894 πιστεύειν
1397 839 1697 910 ἐνεργείας.

159 938 200 988 εί
226 935 319 1001 γὰρ
362 931 540 1001 ἐαυτῷ
571 949 654 994 τις
681 931 946 1000 λογίζοιτο
980 931 1181 993 ταῦτα,
1205 933 1298 985 καὶ
1333 931 1394 984 τὸ
1435 933 1543 984 πᾶν
1571 932 1702 983 ἀνα-

158 1028 258 1095 θείη
280 1027 386 1085 τοῖς
411 1025 613 1086 πόνοις,
635 1025 756 1076 ἀντὶ
780 1024 886 1076 τῶν
909 1024 1200 1095 ἀκηράτων
1221 1024 1445 1077 ἐκείνων
1471 1023 1702 1093 καρπῶν

156 1113 416 1178 ἀλαζονεία
467 1113 544 1184 τῷ
583 1113 807 1184 τοιούτῳ
860 1115 955 1167 καὶ
1003 1113 1258 1184 φρόνημά
1287 1131 1339 1166 τι
1381 1115 1422 1180 ¹)
1481 1111 1697 1180 φύεται.

156 1208 308 1264 ταῦτα
334 1207 391 1258 δὲ
435 1205 504 1258 τὰ
531 1205 677 1270 πάθη
703 1205 955 1277 καθάπερ
991 1223 1077 1269 τις
1104 1204 1352 1275 σηπεδὼν
1381 1207 1424 1273 ¹)
1447 1206 1566 1266 ταῖς
1592 1203 1702 1256 τῶν

153 1298 364 1354 εύκόλων
385 1297 584 1368 ψυχαῖς
623 1297 939 1366 ἐμφυόμενα
967 1295 1268 1364 διαφθείρει
1302 1296 1394 1348 καὶ
1428 1293 1701 1346 ἀπόλλυσι

123 1389 258 1451 ιτοὺς
295 1385 509 1448 πόνους.
552 1386 605 1438 τί
648 1380 742 1438 οὖν
779 1383 889 1455 εχρὴ
916 1386 1089 1438 ποιεῖν
1117 1382 1208 1435 τὸν
1245 1382 1321 1452 τῷ
1359 1379 1466 1451 θεῷ
1511 1380 1605 1433 καὶ
1633 1381 1699 1450 τῇ

151 1478 333 1533 ἐκείνου
381 1476 560 1541 ζῶντα
602 1474 811 1540 ἐλπίδι;
861 1476 990 1536 τοὺς
1041 1474 1140 1544 μὲν
1171 1473 1314 1544 ὑπὲρ
1355 1471 1453 1540 τῆς
1501 1470 1702 1542 ἀρετῆς

125 1570 344 1640 ,ἀγῶνας
396 1568 515 1636 μεθ’
565 1565 759 1637 ἡδονῆς
806 1566 1099 1636 ὑπομένειν
1120 1606 1136 1630 ,
1169 1564 1268 1635 τὴν
1304 1563 1572 1634 λύτρωσιν
1604 1563 1699 1631 τῆς

147 1664 309 1734 ψυχῆς
339 1661 406 1712 ἐκ
454 1659 563 1712 τῶν
597 1656 822 1720 παθῶν,
856 1657 950 1708 καὶ
982 1653 1118 1725 πρὸς
1168 1654 1267 1723 τὴν
1319 1653 1626 1724 ἀκροτάτην
1656 1651 1700 1721 ι)

149 1757 242 1809 τῶν
291 1749 504 1821 ἀρετῶν
549 1749 735 1804 ἄνοδον
792 1748 892 1818 τῆς
941 1745 1276 1814 τελειότητος
1299 1783 1315 1806 ,
1367 1743 1453 1798 ἐπ’
1505 1741 1701 1810 ἐκείνω

1803 564 1963 618 Tales
2011 573 2191 617 autem
2225 561 2506 633 passiones
2529 573 2590 615 ut
2625 563 2860 631 putredo
2892 565 3162 634 quaedam
3203 566 3258 619 in
3290 582 3383 620 so—

1803 655 2062 709 cordibus
2105 655 2304 709 animis
2344 653 2506 707 insita
2540 654 2755 708 labores
2787 655 3116 725 disperdunt
3162 665 3218 711 et
3259 673 3382 710 eor-

1802 756 2082 817 rumpunt.
2117 747 2384 812 Quidnam
2411 748 2577 817 igitur
2601 748 2780 801 facere
2812 748 2976 802 debet
3005 748 3050 802 is
3080 748 3173 817 qui
3195 749 3305 802 Deo
3327 757 3385 801 et

1764 870 1770 877 -
1801 840 1916 908 spei
1947 839 2068 893 eius
2093 839 2259 893 vivit?
2277 840 2585 895 Certamina
2608 840 2830 895 virtutis
2866 856 2990 894 cum
3024 841 3224 911 gaudio
3253 855 3380 895 sus-

1801 928 1998 993 tinere,
2035 929 2414 1000 purgationem
2477 934 2688 986 animae
2737 947 2767 986 a
2811 932 3176 1001 passionibus,
3215 940 3272 986 et
3313 931 3381 984 ad

1801 1036 2076 1075 summum
2117 1021 2386 1076 virtutum
2437 1023 2666 1091 gradum
2703 1023 3077 1091 perfectionis,
3122 1025 3286 1092 218
3323 1023 3382 1077 in

1803 1111 1920 1181 ipso
1950 1127 2101 1180 spem
2123 1128 2347 1180 ponere,
2381 1123 2436 1168 et
2463 1114 2611 1167 illius
2633 1113 2960 1184 benignitati
2982 1115 3278 1169 conﬁdere.
3304 1115 3382 1169 lla

1800 1203 1950 1258 enim
1980 1214 2202 1272 paratus
2243 1213 2300 1257 et
2338 1204 2528 1259 fruens
2568 1222 2652 1269 ea,
2681 1223 2845 1276 quam
2890 1209 3154 1273 credidit,
3184 1209 3380 1278 gratia,

1802 1294 1919 1348 sine
1951 1294 2136 1348 labore
2169 1294 2364 1359 currit,
2402 1295 2711 1366 despiciens
2745 1298 3045 1352 adversarii
3087 1300 3380 1367 malitiam,

1803 1385 2006 1455 quippe
2041 1401 2211 1456 quum
2242 1387 2348 1440 iam
2388 1387 2461 1442 sit
2485 1389 2809 1459 peregrinus
2861 1391 2954 1444 ille
3003 1400 3061 1446 et
3107 1392 3320 1448 solutus
3351 1407 3383 1447 a

1801 1477 2148 1546 passionibus
2181 1479 2351 1548 gratia
2373 1478 2599 1534 Christi.
2637 1481 2794 1537 Sicut
2825 1483 2974 1536 enim
2999 1524 3013 1546 ,
3044 1483 3139 1552 qui
3166 1483 3384 1553 iniquas

1802 1569 2085 1638 passiones
2105 1586 2202 1639 per
2231 1571 2539 1641 neglectum
2560 1572 2830 1627 bonorum
2855 1573 2910 1626 in
2946 1575 3190 1644 ipsarum
3218 1588 3385 1631 natu-

1802 1673 1918 1711 ram
1957 1658 2334 1725 introducunt,
2361 1668 2418 1714 et
2444 1660 2499 1716 in
2525 1661 2657 1732 ipsis
2693 1678 2816 1717 cum
2858 1663 3222 1724 delectatione
3254 1681 3354 1719 ver

1803 1759 2013 1813 santur,
2030 1749 2188 1804 facile
2217 1751 2373 1821 quasi
2395 1752 2639 1807 innatam
2661 1762 2718 1808 et
2749 1755 3025 1824 propriam
3046 1755 3384 1825 voluptatem

148 1840 496 1914 παρίστασθαι
524 1840 619 1910 τὴν
650 1838 864 1902 ἐλπίδα,
895 1837 991 1891 καὶ
1020 1839 1086 1907 τῇ
1120 1838 1248 1906 παρ’
1277 1835 1484 1888 ἐκείνου
1515 1833 1703 1901 (pilav-

1806 1841 1860 1895 in
1883 1857 1941 1896 se
1961 1841 2286 1912 suscipiunt,
2321 1843 2715 1901 fructiﬁcantes
2735 1847 3019 1901 avaritiam
3041 1856 3098 1901 et
3123 1848 3384 1902 invidiam

149 1934 343 2009 θρωπίᾳ
391 1932 694 1986 πιστεύειν.
747 1931 921 1994 οὕτως
966 1929 1076 2000 γὰρ
1109 1927 1627 2000 παρεσκευασμένος
1655 1926 1700 1996 ’⁸)

146 2029 228 2084 καὶ
257 2025 568 2089 ἀπολαύσας
601 2025 720 2095 τῆς,
753 2023 782 2076 ὃ
807 2024 850 2093 ⁵)
891 2022 1223 2075 πεπίστευκε
1243 2061 1258 2085 ,
1287 2021 1531 2092 χάριτος,
1564 2018 1700 2072 ἀπό-

146 2138 237 2183 νως
266 2118 469 2190 τρέχει,
498 2115 854 2187 καταφρονῶν
890 2117 990 2184 τῆς
1011 2114 1105 2167 τοῦ
1133 2112 1326 2184 ἐχθροῦ
1350 2111 1548 2174 κακίας
1567 2149 1582 2172 ,
1605 2111 1702 2164 ἅτε

143 2211 197 2282 δὴ
242 2209 382 2274 ξένος
420 2209 626 2268 ἐκεῖνος
657 2207 751 2258 καὶ
792 2202 1198 2275 λελυτρωμένος
1241 2201 1347 2254 τῶν
1397 2199 1588 2254 παθῶν
1632 2201 1699 2269 τῇ

142 2301 224 2355 τοῦ
254 2299 489 2370 Χριστοῦ
516 2299 718 2370 χάριτι.
767 2295 957 2366 ὥσπερ
987 2297 1094 2368 γὰρ
1123 2296 1173 2348 oi
1206 2295 1275 2349 τὰ
1302 2292 1512 2365 πονηρά
1553 2291 1698 2362 πάθη

140 2397 218 2449 διὰ
241 2395 332 2459 τῆς
362 2392 476 2446 τῶν
513 2391 690 2444 καλῶν
734 2389 1006 2463 ραθυμίας
1033 2391 1098 2458 τῇ
1135 2387 1342 2442 ἑαυτῶν
1381 2386 1701 2453 ἐπεισάγον-

141 2505 221 2553 τες
244 2487 282 2558 ⁸)
305 2486 489 2554 φύσει,
524 2485 617 2538 καὶ
642 2483 1011 2552 διατρίϐοντες
1039 2483 1098 2533 ἐν
1126 2482 1310 2543 αὐτοῖς
1346 2479 1484 2551 μετά
1502 2480 1696 2550 χαρᾶς,

139 2573 428 2633 ἐπιτελοῦσι
478 2576 676 2647 ῥᾳδίως
724 2574 914 2645 ὥσπερ
945 2574 1068 2628 τινὰ
1099 2572 1337 2644 ἔμφυτον
1372 2572 1566 2643 ἡδονὴν
1605 2571 1700 2624 καὶ

142 2671 352 2735 οἰκείαν,
377 2666 750 2738 καρπούμενοι
784 2666 1099 2729 πλεονεξίαν
1133 2663 1226 2718 καὶ
1258 2665 1350 2718 τὸν
1383 2663 1576 2733 φθόνον
1603 2662 1699 2716 καὶ

140 2764 226 2834 τὴν
252 2761 518 2831 πονηρίαν
549 2761 644 2814 καὶ
687 2759 756 2812 τὰ
804 2759 968 2811 λοιπά
1002 2758 1143 2829 μέρη
1175 2758 1274 2828 τῆς
1321 2755 1701 2826 ἀντικειμένης

136 2854 340 2918 κακίας,
371 2851 552 2914 οὓτως
583 2851 681 2905 καὶ
715 2851 764 2903 oi
801 2849 896 2904 τοῦ
925 2849 1162 2920 Χριστοῦ
1196 2850 1292 2901 καὶ
1320 2851 1416 2919 τῆς
1441 2847 1700 2917 ἀληθείας

141 2943 347 3013 ἐργάται
375 2941 470 2994 διὰ
492 2958 554 2994 τε
588 2942 687 3011 τῆς
709 2940 945 3002 πίστεως
987 2939 1082 2992 καὶ
1108 2937 1216 2990 τῶν
1251 2937 1349 3006 τῆς
1375 2937 1575 3007 ἀρετῆς
1605 2935 1702 2987 πό-

141 3054 236 3088 νων
255 3035 323 3089 τά
365 3035 514 3106 ὑπὲρ
559 3034 657 3104 τὴν
686 3033 848 3102 φύσιν
878 3031 1059 3086 αὐτῶν
1093 3030 1275 3099 ἀγαθὰ
1301 3029 1455 3098 παρά
1479 3029 1576 3097 τῆς
1605 3025 1700 3080 τοῦ

143 3128 436 3196 πνεύματος
468 3125 688 3196 χάριτος
711 3123 828 3193 μεθ’
851 3123 1045 3194 ἡδονῆς
1078 3122 1320 3193 ἀρρήτου
1344 3120 1698 3192 καρποῦνται,

142 3217 224 3270 καὶ
263 3217 482 3280 ἀπόνως
539 3213 848 3269 ἐπιτελοῦσι
897 3213 996 3284 τὴν
1046 3213 1234 3267 ἄδολον
1286 3213 1382 3266 καὶ
1435 3212 1701 3283 ἄτρεπτον

141 3309 323 3372 πίστιν,
339 3309 447 3380 τὴν
475 3309 872 3362 ἀμετάπτωτον
898 3305 1141 3386 εἰρήνην,
1178 3305 1278 3376 τὴν
1308 3304 1476 3367 ὅντως
1506 3301 1706 3371 ἁγαθό-

139 3420 283 3474 τητα,
324 3402 396 3455 τά
445 3419 505 3455 τε
553 3400 715 3454 λοιπὰ
757 3399 970 3462 πάντα,
1021 3398 1090 3452 δι’
1124 3392 1198 3451 ὧν
1243 3396 1388 3467 ψυχὴ
1437 3395 1703 3466 κρείττων

142 3495 323 3564 ἑαυτῆς
369 3491 636 3562 γινομένη
681 3490 912 3560 καὶτῆς
955 3488 1051 3542 τοῦ
1103 3487 1298 3558 ἐχθροῦ
1349 3486 1698 3556 δυνατωτέρα

142 3584 355 3648 κακίας,
407 3583 725 3654 οἰκητήριον
779 3580 1018 3649 καθαρὸν
1069 3578 1268 3649 ἑαυτὴν
1334 3576 1563 3648 παρέχει
1625 3573 1704 3645 τῷ

143 3674 495 3747 προσκυνητῷ
524 3675 618 3727 καὶ
641 3673 779 3743 ἁγίῳ
813 3672 1106 3741 πνεύματι,
1138 3670 1265 3739 παρ’
1299 3661 1361 3723 οῦ
1387 3667 1484 3738 τὴν
1513 3666 1706 3720 ἀθάνα-

139 3787 222 3821 τον
265 3766 356 3822 τοῦ
409 3765 648 3839 Χριστοῦ
689 3764 929 3818 λαϐοῦσα
974 3763 1231 3834 εἰρήνην,
1271 3760 1597 3815 συνάπτεται
1634 3758 1702 3812 δι’

141 3862 299 3932 αὐτῆς
335 3862 434 3914 καὶ
471 3860 869 3930 προσκολλᾶται
906 3857 985 3927 τῷ
1014 3856 1221 3928 κυρίῳ.
1257 3853 1497 3907 λαϐοῦσα
1521 3853 1586 3906 δέ
1604 3853 1704 3922 τὴν

138 3955 225 4008 τοῦ
254 3953 565 4023 πνεύματος
594 3952 752 4023 χάριν
786 3951 881 4004 καὶ
903 3948 1222 4019 κολληθεῖσα
1249 3946 1326 4018 τῷ
1353 3945 1480 4017 θεῷ,
1507 3945 1601 3998 καί¹
1624 3945 1704 4007 εἰς

142 4044 194 4096 ἐν
223 4047 443 4114 πνεῦμα
487 4044 602 4113 μετ’
649 4043 814 4097 αὑτοῦ
860 4040 1126 4112 γενομένη
1148 4079 1163 4102 ,
1213 4040 1276 4093 οὐ
1312 4037 1472 4109 μόνον
1498 4042 1568 4092 τὰ
1606 4036 1704 4106 τῆς

138 4138 328 4200 οἰκείας
355 4139 564 4208 ἀρετῆς
601 4136 737 4207 ἔργα
775 4135 972 4206 ῥαδίως
999 4133 1268 4198 ἐπιτελεῖ,
1309 4131 1475 4203 μηδὲν
1508 4131 1707 4198 ἀγωνι-

142 4229 336 4301 ζομένη
371 4231 513 4300 πρὸς
550 4230 640 4284 τὸν
686 4228 892 4307 ἐχθρὸν⁸
921 4226 1015 4280 τοῦ
1061 4225 1325 4297 κρείττων
1361 4224 1458 4294 τῆς
1495 4221 1706 4275 ἐκείνου

137 4321 418 4392 τυγχάνειν
460 4320 786 4391 ἐπιὸουλῆς,
837 4319 974 4372 ἀλλὰ
1013 4318 1073 4372 τὸ
1119 4318 1334 4371 πάντων
1375 4313 1596 4386 μεῖζον,
1637 4311 1710 4366 τὰ

138 4415 224 4467 τοῦ
255 4415 503 4485 σωτῆρος
548 4415 628 4476 εἰς
676 4411 874 4478 ἑαυτὴν
915 4410 1232 4480 ἀναδέχεται
1275 4406 1459 4477 πάθη,
1488 4406 1582 4460 καὶ
1621 4406 1711 4458 ἐν-

1801 1942 1858 1988 et
1883 1934 2143 1988 malitiam
2166 1944 2222 1990 et
2243 1944 2661 2007 ceteraspartes
2691 1937 3035 1993 adversariae
3066 1940 3383 2009 pravitatis;

1803 2024 1879 2077 ita
1899 2032 1955 2079 et
1975 2022 2179 2079 Christi
2201 2033 2258 2078 et
2281 2025 2534 2080 veritatis
2557 2027 2797 2080 cultores
2821 2043 2919 2096 per
2943 2028 3103 2081 ﬁdem
3121 2037 3176 2082 et
3207 2029 3382 2083 virtu-

1803 2117 1874 2171 tis
1905 2116 2120 2170 labores
2150 2116 2295 2171 bona
2337 2133 2437 2172 sua
2485 2119 2924 2187 supernaturalia
2959 2136 3081 2173 cum
3118 2120 3382 2174 ineffabili

1804 2206 2008 2276 gaudio
2048 2205 2402 2271 fructiﬁcant,
2433 2215 2490 2262 et
2528 2207 2647 2262 sine
2678 2207 2866 2262 labore
2902 2208 3171 2264 sinceram
3198 2220 3255 2266 et
3287 2212 3388 2264 im-

1799 2297 2057 2352 mobilem
2086 2299 2248 2352 ﬁdem
2274 2298 2586 2368 perﬁciunt,
2611 2298 3007 2366 immutabilem
3033 2317 3245 2370 pacem,
3282 2318 3382 2356 τοι

1802 2407 1920 2445 ram
1953 2391 2252 2446 bonitatem
2275 2433 2290 2456 ,
2332 2401 2388 2446 et
2416 2401 2602 2447 cetera
2635 2393 2849 2458 omnia,
2879 2393 3081 2464 quibus
3109 2395 3286 2448 anima
3326 2412 3386 2452 se

1801 2484 1918 2554 ipsa
1949 2485 2146 2538 melior
2168 2485 2330 2548 facta,
2346 2493 2403 2539 et
2421 2484 2615 2539 fortior
2636 2485 2936 2540 adversarii
2955 2487 3178 2550 malitia,
3202 2489 3384 2542 taber-

1799 2577 2057 2631 naculum
2077 2592 2273 2646 purum
2299 2593 2358 2632 se
2385 2577 2554 2647 ipsam
2574 2577 3072 2634 exhibetadorabili
3102 2590 3158 2634 et
3197 2589 3387 2635 sancto

1800 2669 2050 2739 Spiritui,
2080 2685 2109 2724 a
2141 2684 2252 2739 quo
2287 2669 2648 2724 immortalem
2681 2669 2883 2725 Christi
2934 2688 3121 2741 pacem
3151 2672 3380 2743 accipit,

1799 2777 1900 2832 per
1949 2777 2116 2830 quam
2167 2761 2413 2832 iungitur
2448 2769 2504 2815 et
2541 2763 2829 2831 copulatur
2865 2763 3114 2817 Domino.
3152 2764 3388 2835 Accepta

1800 2860 1983 2906 autem
2020 2851 2257 2921 Spiritus
2299 2851 2502 2922 gratia,
2542 2860 2599 2906 et
2644 2853 2758 2907 Deo
2797 2854 3089 2909 coniuncta
3140 2862 3196 2907 et
3241 2872 3384 2910 unus

1803 2941 2038 3011 Spiritus
2064 2957 2189 2996 cum
2215 2957 2282 2995 eo
2305 2941 2464 3005 facta,
2501 2957 2610 2994 non
2641 2941 2819 2995 solum
2860 2943 3120 3012 prapriac
3157 2943 3383 3000 virtutis

1801 3048 1972 3103 opera
1998 3033 2159 3088 facile
2190 3032 2426 3102 perﬁcit,
2465 3031 2602 3087 nihil
2633 3041 2852 3088 certans
2881 3043 3071 3088 contra
3102 3034 3390 3090 inimicum

1811 3133 1875 3179 ut
1915 3123 2112 3178 fortior
2155 3123 2250 3178 ﬁat
2285 3123 2434 3178 illius
2489 3123 2735 3189 insidiis,
2771 3123 2890 3188 sed,
2944 3124 3091 3194 quod
3143 3124 3390 3179 omnium

1807 3216 2104 3271 maximum
2161 3223 2265 3279 est,
2315 3215 2616 3270 Salvatoris
2670 3215 2956 3285 passiones
3004 3216 3061 3270 in
3108 3232 3167 3272 se
3215 3217 3389 3287 ipsam

1803 3308 2054 3378 suscipit,
2080 3314 2136 3361 et
2163 3308 2219 3361 in
2246 3307 2354 3361 illis
2380 3307 2554 3378 magis
2581 3307 2907 3371 delectatur,
2927 3323 3089 3377 quam
3117 3317 3392 3364 amatores

1802 3399 1948 3453 vitae
1981 3398 2146 3453 huius
2180 3398 2438 3453 humanis
2467 3399 2773 3454 honoribus
2815 3407 2872 3454 et
2905 3399 3080 3470 gloria
3102 3408 3157 3454 et
3185 3401 3388 3470 regnis.

1801 3490 2130 3546 Christianis
2150 3490 2298 3546 enim
2333 3505 2432 3560 per
2457 3491 2656 3545 bonam
2696 3491 3168 3546 conversationem
3199 3497 3256 3546 et
3284 3490 3387 3546 d0-

1803 3598 1934 3636 num
1965 3580 2199 3652 Spiritus
2234 3580 2410 3636 sancti
2437 3581 2497 3635 in
2530 3580 2926 3636 intellectualis
2946 3580 3140 3634 aetatis
3166 3596 3390 3636 mensu—

1803 3689 1942 3739 ram,
1963 3674 2212 3744 gratiam,
2229 3674 2474 3744 inquam,
2497 3672 2630 3743 ipsis
2647 3673 2850 3737 datam,
2867 3673 3141 3742 provectis
3156 3673 3324 3744 gloria
3337 3681 3396 3729 ct

1803 3765 2032 3823 deliciae
2047 3773 2103 3821 et
2122 3765 2273 3819 omni
2299 3765 2642 3820 iucunditate
2665 3765 2865 3821 melior
2893 3767 3146 3836 voluptas
3165 3774 3249 3820 est
3265 3764 3392 3820 odio

1803 3855 1996 3911 haberi
2016 3865 2240 3926 prepter
2253 3855 2550 3920 Christum,
2571 3857 2749 3922 tundi,
2774 3872 2989 3912 omnem
3008 3856 3392 3912 contumeliam

1803 3957 1862 4004 et
1908 3948 2266 4019 ignominiam
2306 3958 2532 4019 propter
2561 3949 2722 4004 ﬁdem
2769 3949 2824 4002 in
2878 3951 3050 4004 Deum
3092 3949 3388 4004 sustinere.

1805 4041 1984 4108 Quum
2009 4042 2158 4096 enim
2189 4057 2314 4112 spes
2340 4041 2518 4096 omnis
2547 4041 2678 4096 huic
2704 4041 2776 4096 sit
2807 4041 2863 4096 in
2895 4041 3302 4097 resurrectione
3331 4047 3392 4096 et

1805 4134 2008 4190 futuris
2031 4134 2192 4189 bonis
2224 4135 2420 4204 posita,
2446 4135 2779 4190 contumelia
2807 4135 2987 4190 omnis
3019 4145 3074 4190 et
3095 4134 3308 4206 ﬂagella
3329 4143 3388 4190 et

1807 4225 1972 4295 219
2004 4226 2417 4295 persecutiones
2443 4234 2499 4281 et
2538 4236 2754 4282 ceterae
2785 4226 3069 4296 passiones
3108 4242 3280 4296 usque
3321 4225 3392 4280 ad

1807 4333 2028 4376 erucem
2059 4333 2250 4372 omnes
2285 4317 2517 4373 deliciae
2553 4327 2612 4374 et
2650 4319 2873 4389 requies
2903 4326 2962 4372 et
3001 4318 3229 4388 pignora
3263 4324 3394 4372 sunt

1807 4406 2128 4463 coelestium
2159 4407 2565 4462 thesaurorum.
2606 4406 2760 4461 Beati
2807 4407 2957 4462 enim
2996 4407 3138 4470 estis,
3189 4405 3389 4474 inquit,

136 4508 306 4576 τρυφᾷ
346 4504 559 4568 τούτοις
598 4504 756 4556 πλέον
796 4504 828 4574 ἢ
871 4504 919 4555 οἱ
953 4501 1179 4572 ἐρεισταί⁹
1221 4498 1314 4552 τοῦ
1349 4497 1461 4567 βίου
1515 4495 1703 4552 τούτου

1810 4513 1929 4551 cum
1949 4497 2324 4552 maledizerint
2344 4498 2485 4553 vobis
2503 4505 2551 4551 et
2577 4498 2834 4569 persecuti
2854 4513 2942 4550 vos
2966 4496 3160 4566 fuerint
3203 4510 3394 4549 omnes

137 4599 246 4659 ταῖς
274 4597 434 4668 παρὰ
458 4594 566 4649 τῶν
603 4594 908 4666 ἀνθρώπων
945 4595 1133 4663 τιμαῖς
1163 4591 1256 4644 καλ⁸
1278 4588 1458 4653 δόξαις
1497 4587 1593 4641 καὶ
1617 4586 1708 4640 δυ-

138 4690 433 4752 ναστείαις.
494 4686 820 4759 χριστιανῶν
865 4685 975 4756 γὰρ
1023 4683 1113 4736 διὰ
1162 4682 1437 4744 πολιτείας
1495 4679 1708 4749 ἀγαθῆς

141 4781 228 4834 καὶ
269 4785 369 4854 τῆς
400 4780 498 4835 τοῦ
542 4780 852 4849 πνεύματος
893 4777 1130 4847 δωρεᾶς,
1165 4778 1244 4839 είς
1285 4774 1346 4827 τὸ
1374 4774 1474 4845 τῆς
1513 4772 1710 4844 νοητῆς

138 4872 345 4941 ἡλικίας
375 4875 576 4946 μέτρον
594 4914 610 4937 ,
634 4873 734 4943 τῆς
754 4871 1048 4942 δεδομένης
1081 4869 1253 4938 αὐτῆς
1298 4867 1548 4941 χάριτος,
1577 4883 1712 4937 προ-

139 4963 398 5018 ελθόντων
428 4965 555 5031 δόξα
577 4965 670 5017 καὶ
696 4963 878 5035 τρυφὴ
901 4963 994 5016 καὶ
1021 4961 1203 5032 πάσης
1229 4961 1430 5032 ἡδονῆς,
1446 4959 1709 5031 κρείττων
1740 4980 1741 4983 η

138 5053 437 5120 ἀπόλαυσις
465 5057 525 5110 τὸ
558 5055 832 5127 μισεῖσθαι
865 5054 954 5108 διὰ
979 5053 1240 5124 Χριστόν,
1277 5052 1338 5105 τὸ
1359 5050 1708 5114 ἐλαύνεσθαι,

139 5147 195 5198 τὸ
215 5150 398 5200 πᾶσαν
431 5148 586 5218 ὓϐριν
624 5147 717 5200 καὶ
752 5144 1012 5215 αἰσχύνην
1045 5143 1185 5214 ὑπὲρ
1215 5144 1316 5213 τῆς
1345 5145 1424 5206 είς
1459 5141 1582 5195 θεὸν
1615 5140 1709 5194 πί-

143 5253 306 5304 στεως
345 5241 660 5312 ὑπομένειν.
696 5237 799 5308 τῆς
848 5235 956 5307 γὰρ
1001 5235 1214 5300 ἐλπίδος
1258 5235 1386 5306 ὅλης
1422 5234 1589 5306 οὔσης
1632 5229 1710 5303 τῷ

1811 4589 2064 4646 homines
2089 4597 2138 4644 et
2163 4590 2393 4644 dixerint
2413 4607 2568 4644 omne
2594 4589 2800 4643 malum
2831 4587 3111 4642 adversum
3133 4604 3219 4640 vos
3245 4603 3393 4640 men-

1805 4682 2013 4745 tientes,
2034 4688 2246 4752 prapter
2266 4697 2376 4746 me;
2395 4681 2621 4752 gaudete
2643 4687 2691 4733 et
2712 4679 2967 4743 exultate,
2989 4679 3242 4750 quoniam
3259 4693 3394 4730 mer-

1804 4788 1884 4826 ces
1905 4780 2081 4826 vestra
2099 4773 2310 4842 copiosa
2343 4782 2417 4826 est
2445 4774 2503 4826 in
2523 4770 2679 4825 caelis
2695 4770 2795 4844 (l).
2814 4771 2885 4826 Et
2914 4770 3214 4840 Apostolus
3236 4786 3248 4822 :
3274 4767 3393 4822 Non

1805 4864 1978 4919 solum
2002 4874 2203 4929 autem,
2238 4865 2327 4918 sed
2360 4872 2409 4919 et
2434 4863 2724 4935 gloriantes
2748 4865 2804 4918 in
2827 4862 3250 4917 tribulationibus
3281 4860 3391 4932 (2);

1806 4965 1865 5011 et
1897 4956 2059 5011 alibi:
2106 4957 2350 5014 Libenter
2392 4957 2556 5027 igitur
2595 4954 2866 5027 gloriabor
2908 4956 2965 5008 in
2997 4951 3394 5022 inﬁrmitatibus

1810 5049 1958 5112 meis,
1992 5056 2050 5101 ut
2083 5048 2338 5103 inhabitet
2365 5048 2423 5101 in
2457 5065 2539 5102 me
2563 5048 2728 5102 virtus
2758 5045 2973 5102 Christi.
3012 5042 3234 5114 Propter
3258 5042 3395 5114 quod

1816 5140 1996 5211 placeo
2041 5141 2169 5194 mihi
2196 5141 2252 5194 in
2278 5139 2702 5204 inﬁrmitatibus,
2737 5140 2793 5192 in
2826 5135 3183 5202 contumeliis,
3211 5135 3268 5189 in
3301 5152 3394 5188 ne-

1815 5231 2159 5298 cessitatibus,
2189 5233 2247 5287 in
2273 5232 2602 5300 carceribus;
2641 5248 2760 5286 cum
2795 5231 2935 5286 enim
2975 5228 3240 5298 inﬁrmor,
3273 5234 3397 5283 tunc

1440 5389 1696 5447 VARIAE
1735 5391 2138 5449 LECTIONES.

241 5503 257 5534 ¹
317 5504 460 5559 Cod.
495 5510 820 5580 φρονήματι.
879 5540 948 5580 έ
973 5509 1017 5575 ’)
1057 5505 1470 5580 Emendteod.
1513 5506 1838 5580 τισηπεδὼν.
1865 5539 1954 5580 _—-
1987 5505 2029 5574 ³)
2071 5506 2326 5572 Emend,
2361 5503 2485 5561 cod.
2526 5503 2845 5577 ἀκρότατον.
2882 5531 2952 5542 -
2979 5499 3024 5573 1⁵)
3051 5499 3231 5570 Corn,
3270 5495 3393 5556 eod.

141 5577 682 5648 παρασκευασμένοςζ
707 5612 777 5620 --
801 5581 843 5652 ⁵)
870 5579 961 5637 Sic
997 5579 1120 5635 eod.
1139 5609 1208 5618 —
1230 5578 1272 5648 ί)
1303 5577 1485 5642 C0rr.,
1522 5577 1644 5632 cod.
1690 5577 2093 5648 ἐπεισάγονται.

1637 5687 1889 5744 NOTAE.

209 5796 286 5870 (ι)
325 5799 520 5856 Matth.
545 5799 608 5869 v,
640 5802 720 5856 ιι.

1892 5803 1966 5874 (2)
2011 5802 2166 5857 lium.
2194 5802 2257 5867 ν,
2283 5801 2335 5855 5.
