3948 6574
588 339 698 399 459

1888 337 1945 392 8.
1988 335 2275 391 MACARII
2308 333 2628 390 AEGYPTII
3712 344 3789 400 ιω

592 468 775 529 potens
793 454 1013 529 sum(i).
1033 456 1102 511 Et
1123 455 1357 511 iterum:
1384 453 1529 511 Sicut
1556 454 1653 509 Dei
1677 455 1900 509 ministri
1919 455 1974 509 in
1998 452 2166 508 multa

2268 451 2495 521 τοιούτῳ
2521 450 2658 521 πρὸς
2686 452 2753 523 τῇ
2781 449 3076 504 ἀναστάσει
3120 448 3217 503 καὶ
3255 452 3367 513 τοῖς
3400 450 3665 521 μέλλωσιν
3688 459 3789 528 ἀγα.

592 549 956 622 patientiam.
978 549 1124 602 Ilaec
1139 548 1286 602 enim
1307 548 1478 619 gratia
1500 547 1735 617 Spiritus
1752 554 1918 601 totam
1934 545 2173 601 animam

592 657 888 711 occupans,
923 650 980 696 et
1017 640 1247 710 impleas
1289 640 1685 694 habitationem
1720 638 1920 708 gaudio
1964 644 2022 691 et
2058 636 2171 691 vir-

595 741 732 797 tute,
768 733 957 787 dulces
1003 732 1184 786 reddit
1223 735 1438 785 animae
1479 730 1694 785 Domini
1738 729 2051 800 passiones,
2077 744 2174 798 spe

588 825 902 881 futurorum
944 822 1246 893 praesentis
1281 823 1489 877 doloris
1531 838 1753 877 sensum
1791 821 2168 891 exstinguens.

589 913 653 971 In
689 923 797 969 tam
820 914 1090 969 excelsam
1123 912 1289 983 igitur
1311 914 1568 967 virtutem
1590 922 1647 967 et
1677 912 1942 967 honorem
1968 927 2172 981 coope-

591 1006 802 1060 ratione
844 1004 1078 1074 Spiritus
1123 1005 1413 1074 pervenire
1441 1004 1724 1075 cupientes
1758 1003 1832 1059 ita
1877 1020 2171 1060 conversa-

587 1094 746 1157 mini,
802 1110 1021 1148 onmem
1054 1094 1299 1148 laborem
1353 1102 1410 1149 et
1457 1105 1737 1149 certamen
1785 1110 1912 1150 cum
1970 1094 2170 1165 gaudia

586 1185 910 1248 subeuntes,
936 1194 995 1239 ut
1018 1184 1169 1255 digni
1193 1184 1489 1239 videamini
1518 1184 1913 1238 inbabitatione
1935 1183 2171 1253 Spiritus

584 1274 646 1329 in
671 1274 851 1338 nobis,
880 1284 936 1330 et
959 1276 1265 1331 hereditate
1293 1292 1415 1330 cum
1439 1276 1656 1331 Christo
1673 1292 2016 1345 nequaquam
2038 1274 2169 1331 elati

588 1380 767 1435 neque
792 1366 1011 1422 levitate
1037 1366 1310 1432 dissoluti,
1335 1379 1396 1422 ut
1414 1384 1591 1439 neque
1621 1368 1722 1438 ipsi
1749 1369 1974 1433 cadatis,
1992 1384 2170 1439 neque

588 1457 711 1513 aliis
747 1466 998 1513 auctores
1049 1459 1258 1529 peccati
1305 1460 1465 1515 ﬁatis.
1512 1460 1568 1516 Si
1617 1461 1713 1531 qui
1754 1476 1885 1515 vero
1923 1460 2168 1515 nondum

589 1565 833 1603 summae
867 1550 1131 1605 orationis
1162 1552 1429 1606 habentes
1467 1560 1713 1607 tenorem
1739 1593 1753 1617 ,
1789 1568 1968 1622 neque
2008 1552 2168 1633 debi-

590 1648 701 1695 tam
735 1641 864 1695 huic
889 1642 1041 1711 operi
1072 1642 1409 1712 diligentiam
1432 1651 1488 1698 et
1512 1643 1791 1708 virtutem,
1828 1644 1930 1699 hac
1962 1644 2168 1699 virtute

589 1732 966 1789 destituuntur
992 1752 1004 1786 :
1039 1734 1093 1787 in
1123 1735 1323 1789 ceteris
1359 1736 1618 1805 impleant
1650 1737 2041 1800 obedientiam,
2068 1753 2168 1807 pro

2274 544 2405 605 οοῖς,
2438 540 2593 612 ὕϐρις
2639 543 2790 594 πᾶσα
2827 541 2923 594 καὶ
2964 540 3229 611 μάστιγες
3254 543 3350 595 καὶ
3377 542 3596 613 διωγμοὶ
3633 550 3791 607 καὶτὰ

2271 630 2435 685 λοιπά
2454 630 2598 702 πάθη
2631 631 2791 703 μέχρι
2818 629 2911 684 τοῦ
2940 631 3177 702 σταυροῦ
3202 632 3379 685 πάντα
3402 635 3573 705 τρυφὴ
3596 640 3678 690 καὶ
3699 641 3794 698 ἀνά.

2273 741 2474 788 παυσις
2499 725 2594 777 καὶ
2623 724 2732 777 τῶν
2756 723 3024 794 οὐρανίων
3053 722 3286 795 ἐνέχυρα
3310 723 3618 795 θησαυρῶν
3646 734 3795 796 μακά.

2264 834 2385 885 ριοι
2413 817 2525 888 γάρ
2553 818 2714 879 ἐστε,
2744 815 2907 885 φησίν
2927 857 2942 879 ,
2970 815 3117 869 ὅταν
3147 816 3527 870 ὀνειδίσωσιν
3561 819 3698 889 ὑμᾶς
3724 828 3796 879 καὶ

2272 910 2527 976 διώξωσι
2559 911 2759 973 πάντες
2804 911 2854 962 οἱ
2884 909 3183 979 ἄνθρωποι,
3219 909 3317 962 καὶ
3348 911 3555 964 simum
3582 912 3689 967 πᾶν
3720 932 3799 969 zo-

2271 1004 2460 1070 νηρὸν
2501 1002 2669 1072 ῥῆμα
2735 1004 2865 1057 καθ’
2918 1003 3115 1072 ὑμῶν,
3174 1001 3590 1073 ψευδόμεήοι,
3634 1005 3800 1062 ἕνεκεν

2272 1093 2446 1163 ἐμοῦ
2483 1094 2524 1163 ¹)
2546 1108 2558 1124 ·
2586 1092 2821 1162 χαίρετε
2843 1094 2886 1159 ⁸)
2917 1092 3016 1145 καὶ
3047 1092 3548 1161 ἀγαλλιᾶσθε,ὃτι
3578 1097 3608 1148 ὁ
3623 1099 3797 1164 μισθὸς

2272 1183 2440 1253 ὑμῶν
2476 1183 2671 1249 πολὺς
2707 1184 2778 1237 ἐν
2814 1182 2939 1249 τοῖς
2970 1182 3268 1251 οὐρανοῖς.
3311 1184 3405 1236 καὶ
3443 1184 3472 1236 ὁ
3516 1185 3796 1251 ἀπόστολος·

2270 1275 2343 1327 οὐ
2362 1275 2556 1342 μόνον
2581 1272 2647 1327 δέ
2671 1313 2685 1336 ,
2715 1274 2875 1328 ἀλλὰ
2908 1273 3007 1327 καὶ
3050 1272 3423 1343 καυχώμενοι
3452 1275 3523 1327 ἐν
3547 1275 3667 1341 ταῖς
3702 1281 3798 1331 0.11-

2271 1368 2438 1435 ψεσι.
2485 1368 2579 1420 καὶ
2625 1366 2892 1438 ἀλλαχοῦο
2942 1365 3162 1434 ἣδιστα
3199 1362 3314 1422 οὖν
3360 1367 3720 1438 καυχήσομαι
3748 1372 3798 1425 ἐν

2271 1457 2401 1524 ταῖς
2427 1458 2766 1523 ἀσθενείαις
2803 1476 2953 1528 μου,
2989 1460 3090 1512 ἵνα
3114 1458 3510 1526 ἐπισκηνώσῃ
3541 1460 3628 1511 ἐπ’
3660 1460 3795 1531 ἐμὲή

2270 1549 2521 1617 δύναμις
2542 1548 2647 1603 τοῦ
2682 1544 2973 1616 Χριστοῦο
3002 1548 3094 1601 διὸ
3119 1547 3348 1602 εὐδοκῶ
3378 1549 3450 1601 ἐν
3482 1549 3795 1617 ἀσθενείαις,

2270 1642 2340 1695 ἐν
2360 1642 2635 1710 ὕϐρεσιν,
2665 1642 2735 1696 ἑν
2767 1641 3080 1711 ἀνάγκαις,
3112 1641 3183 1694 ἐν
3202 1639 3527 1709 φυλακαῖςο
3561 1640 3694 1694 ὅταν
3720 1643 3798 1711 γὰρ

2270 1733 2535 1793 ἀσθενῶ.
2567 1734 2697 1787 τότε
2739 1733 3005 1798 δυνατός
3047 1735 3185 1801 εἰμι.
3222 1732 3317 1786 καὶ
3362 1731 3553 1784 πάλινο
3584 1733 3659 1798 ὠς
3694 1736 3797 1789 θεοῦ

588 1825 800 1878 viribus
851 1826 1474 1891 servientes,lubenter
1523 1838 1832 1897 operantes,
1880 1829 2166 1899 diligenter

2269 1826 2535 1880 διάκονοι
2563 1826 2633 1879 ἐν
2657 1824 2935 1896 ὑπομονῇ
2959 1823 3182 1893 πολλῇ.
3213 1824 3351 1894 αὕτη
3377 1824 3489 1895 γὰρ
3514 1826 3547 1895 ὴ
3576 1826 3717 1895 χάρις
3732 1827 3797 1879 τοῦ

588 1915 964 1971 ministrantes
1016 1933 1142 1972 cum
1197 1918 1417 1988 gaudio,
1460 1934 1569 1972 non
1606 1920 1861 1974 mercede
1918 1920 2162 1985 honoris,

594 2023 774 2077 neque
817 2018 1040 2077 propter
1092 2010 1385 2064 humanam
1430 2011 1693 2081 gloriam,
1723 2026 1899 2081 neque
1943 2020 2167 2082 propter

591 2099 877 2153 moilitiam
906 2100 987 2154 vel
1028 2101 1333 2155 socordiam
1360 2103 1576 2157 labores
1606 2103 1968 2167 remittentes,
1989 2120 2165 2173 neque

590 2197 654 2243 ut
672 2190 866 2247 alienis
896 2192 1222 2260 corporibus
1245 2201 1302 2247 et
1335 2194 1622 2249 animabus
1644 2195 1807 2264 220
1840 2195 2163 2261 servientes,

585 2279 685 2334 sed
721 2288 781 2333 ut
803 2278 1008 2334 Christi
1037 2282 1228 2346 servis,
1267 2292 1327 2337 ut
1365 2284 1571 2338 nostris
1599 2285 1938 2351 visceribus,
1975 2296 2035 2341 ut
2068 2303 2168 2356 pu-

588 2387 712 2425 rum
764 2382 821 2425 et
861 2372 1137 2427 sincerum
1188 2390 1325 2444 apus
1375 2383 1623 2430 vestrum
1668 2387 1928 2446 appareat
1980 2394 2165 2433 coram

588 2464 720 2519 Deo.
738 2465 909 2520 Nemo
935 2482 1066 2521 vero
1090 2466 1157 2521 de
1181 2467 1448 2522 bonorum
1472 2484 1699 2538 operum
1718 2470 1900 2524 studio
1929 2470 2162 2537 dictitet,

588 2570 699 2609 non
744 2572 903 2625 posse
942 2573 1000 2612 se
1047 2560 1310 2627 perﬁcere
1356 2574 1421 2613 ea
1475 2576 1614 2629 quae
1661 2561 1896 2614 animam
1933 2562 2162 2617 salvent.

588 2645 778 2716 Neque
806 2648 954 2702 enim
998 2649 1143 2703 Deus
1174 2649 1534 2719 impossibilia
1577 2649 1811 2721 iniungit
1837 2652 2011 2706 servis
2031 2692 2046 2717 ,
2068 2651 2165 2706 sed

587 2744 696 2795 tam
733 2739 1106 2796 abundantem
1134 2750 1190 2797 et
1214 2743 1424 2810 largum
1452 2743 1695 2797 ostendit
1720 2759 1960 2798 amorem
1991 2754 2047 2799 et
2069 2744 2167 2798 bo-

584 2826 814 2882 nitatem
859 2830 1105 2895 Deitatis,
1141 2838 1204 2885 ut
1240 2831 1540 2901 unicuique
1586 2847 1689 2902 pro
1736 2833 2018 2888 voluntate
2065 2849 2166 2889 sua

585 2918 795 2975 tribuat
820 2921 949 2975 boni
974 2922 1183 2992 aliquid
1204 2924 1386 2979 facere
1419 2940 1600 2994 posse,
1636 2933 1693 2980 et
1728 2941 1911 2991 nemo,
1936 2927 2030 2996 qui
2052 2937 2168 2982 stu-

583 3007 741 3065 dium
797 3011 966 3067 habet
1015 3015 1229 3080 salutis,
1279 3024 1551 3084 potestate
1590 3026 1792 3072 careat.
1838 3016 2162 3088 Quicunque,

584 3101 784 3175 inquit,
808 3117 988 3178 potum
1011 3109 1211 3163 dederit
1238 3126 1409 3180 aquae
1432 3110 1657 3181 frigidae
1684 3112 1739 3164 in
1767 3111 1980 3164 nomine
2004 3111 2163 3163 disci-

590 3197 725 3269 puli,
747 3216 901 3253 amen
930 3200 1043 3253 dico
1072 3201 1231 3266 vobis,
1254 3219 1356 3255 non
1376 3203 1553 3273 perdet
1576 3202 1865 3256 mercedem
1887 3219 2039 3257 suam
2062 3202 2159 3273 (5).

585 3288 727 3360 Quid
763 3292 867 3347 hoc
888 3293 1143 3347 mandato
1174 3294 1783 3366 potentius?Frigidum
1809 3304 1997 3365 potum
2024 3310 2168 3350 mer-

586 3397 682 3438 ces
714 3384 973 3438 caelestis
1013 3387 1281 3455 sequitur.
1333 3387 1400 3441 Et
1429 3386 1552 3441 vide
1587 3386 1719 3440 mihi
1758 3387 1961 3441 amoris
1991 3387 2168 3441 homi-

584 3486 720 3527 num
768 3472 1115 3529 immensum.
1150 3473 1454 3541 Quamdiu,
1496 3476 1704 3546 inquit,
1736 3478 1925 3546 fecistis
1960 3479 2051 3532 uni
2102 3494 2166 3532 ea:

585 3563 686 3628 tis,
713 3565 839 3617 mihi
864 3564 1054 3633 fecistis
1080 3564 1178 3637 (4).
1205 3566 1514 3621 Mandatum
1537 3567 1760 3637 quidem
1787 3584 2036 3637 parvum,
2068 3570 2163 3625 sed

586 3653 934 3711 obedientiae
962 3657 1169 3712 utilitas
1198 3674 1413 3729 magna,
1439 3674 1580 3729 quae
1608 3675 1639 3714 a
1672 3660 1783 3714 Deo
1820 3660 2166 3716 abundanter

587 3746 855 3801 redditur.
889 3748 1076 3819 Itaque
1101 3749 1239 3805 nihil
1282 3752 1426 3806 ultra
1450 3751 1597 3806 vires
1629 3752 1888 3821 postulat.
1917 3752 2025 3809 Sed
2049 3755 2165 3810 sive

584 3850 816 3908 parvum
845 3840 959 3895 sive
993 3857 1249 3911 magnum
1278 3841 1414 3897 facis
1434 3883 1450 3906 ,
1472 3850 1526 3898 te
1563 3844 1813 3913 sequitur
1841 3860 1942 3914 pro
1968 3846 2163 3900 volun-

587 3938 697 3987 tate
724 3948 956 3988 merces.
992 3934 1047 3988 Si
1100 3935 1155 3989 in
1182 3936 1405 3993 nomine
1428 3953 1492 3993 ac
1531 3939 1727 3994 timore
1761 3938 1879 4005 Dei,
1919 3940 2165 4009 splendi-

585 4024 719 4081 dum
742 4035 909 4095 atque
934 4026 1291 4085 inamissibile
1318 4030 1543 4085 advenit
1566 4030 1800 4098 donum;
1830 4031 1915 4086 sin
1936 4048 2067 4087 vero
2096 4032 2165 4087 ad

585 4116 1010 4172 ostentationem
1056 4126 1113 4173 et
1171 4119 1399 4189 gloriam
1453 4121 1762 4188 hominum,
1816 4123 1944 4178 audi
1983 4123 2165 4194 ipsum

584 4203 879 4260 Dominum
924 4208 1225 4263 iurantem:
1254 4210 1425 4264 Amen
1484 4212 1598 4265 dico
1638 4214 1809 4279 vobis,
1857 4224 2164 4285 receperunt

586 4298 875 4351 mercedem
905 4316 1061 4353 suam
1086 4300 1183 4372 (5).
1202 4302 1280 4357 Ne
1308 4302 1475 4372 igitur
1491 4303 1595 4358 hoc
1614 4305 1907 4374 patiamur,
1943 4305 2166 4360 mandat

585 4385 870 4457 discipulis
892 4392 1007 4445 suis
1040 4401 1096 4445 et
1127 4392 1287 4447 nobis
1319 4409 1417 4463 per
1443 4395 1598 4450 illos:
1635 4396 1915 4452 Attendite
1936 4438 1949 4462 ,
1980 4413 2049 4451 ne
2079 4396 2163 4452 fa-

2266 1918 2574 1988 πνεύματος
2600 1918 2727 1987 ὃλην
2758 1915 3106 1987 κατασχοῦσα
3150 1916 3248 1985 τὴν
3275 1915 3454 1986 ψυχὴν
3487 1916 3581 1968 καὶ
3620 1917 3798 1988 πληρὼι

2268 2024 2405 2060 σασα
2432 2008 2493 2061 τὸ
2517 2009 2828 2079 οἰκητήριον
2849 2008 2949 2078 τῆς
2968 2006 3305 2077 εὐφροσύνης
3334 2024 3395 2059 τε
3425 2007 3522 2059 καὶ
3544 2007 3797 2077 δυνάμεως,

2266 2101 2467 2170 γλυκέα
2495 2101 2539 2165 ⁸)
2573 2104 2716 2154 ποιεῖ
2742 2102 2807 2171 τῇ
2839 2099 2985 2170 ψυχῇ
3036 2099 3106 2153 τὰ
3136 2099 3228 2153 τοῦ
3277 2099 3470 2169 κυρίου
3517 2099 3798 2170 παθήματα,

2265 2195 2330 2263 τῇ
2357 2191 2464 2245 τῶν
2493 2191 2793 2263 μελλόντων
2819 2192 2993 2245 ἐλπίδι
3021 2192 3120 2262 τῆς
3168 2191 3451 2263 παρούσης
3479 2191 3660 2260 ὀδύνης
3682 2193 3801 2259 ἀφαι-

2267 2283 2437 2355 ροῦσα
2461 2285 2559 2354 τὴν
2588 2283 2860 2353 αἴσθησιν.
2893 2283 2969 2345 ὠς
2996 2278 3089 2336 οὖν
3126 2284 3210 2351 ἐφ’
3233 2281 3408 2346 οὕτως
3440 2280 3647 2351 ὑψηλὴν
3674 2282 3711 2351 ⁸)
3734 2282 3800 2334 δύο

2265 2392 2428 2444 ναμιν
2454 2374 2547 2426 καὶ
2578 2371 2733 2436 δόξαν
2767 2372 3053 2444 μέλλοντες
3093 2372 3307 2426 ἀνιέναι
3337 2375 3404 2443 τῇ
3432 2371 3708 2442 συνεργείᾳ
3730 2373 3799 2425 τοῦ

2265 2467 2607 2537 πνεύματος,
2640 2465 2836 2537 ομητω
2888 2463 3241 2518 πολιτεύεσθε
3282 2466 3361 2534 ⁵),
3412 2462 3639 2535 πάντ[α]
3678 2464 3799 2517 πόνον

2265 2560 2359 2612 καὶ
2403 2558 2591 2627 ἀγῶνα
2640 2556 2825 2629 με[τὰ]
2874 2555 3100 2628 χαίρᾶ]ς
3151 2556 3549 2626 ὑφιστάμενοι,
3587 2557 3707 2628 πρὸς
3740 2556 3798 2629 [τὸ

2264 2649 2431 2722 ἀξι]οι
2458 2650 2695 2719 φανῆναι
2719 2647 2843 2721 τῆ[ς
2872 2647 2956 2720 ὲ]ν
2991 2650 3122 2719 ἡμῖν
3147 2648 3445 2718 ἐπιδημίας
3477 2646 3571 2700 τοῦ
3596 2647 3794 2716 πνεύμα-

2262 2759 2376 2806 τος,
2410 2742 2505 2796 καὶ
2532 2741 2630 2810 τῆς
2664 2740 2799 2810 μετά
2826 2739 2921 2793 τοῦ
2955 2738 3192 2809 Χριστοῦ
3230 2734 3643 2809 κλη[ρονομίας]
3668 2736 3703 2799 ⁸)
3724 2755 3798 2806 μη.
3894 2758 3895 2763 η

2263 2832 2436 2904 δαμοῦ
2466 2831 2844 2903 χαυνούμενοι,
2880 2829 3015 2901 μηδὲ
3050 2829 3367 2900 ἐκλυόμενοι
3399 2828 3512 2882 ἀπὺ
3542 2827 3795 2899 ραθυμίας,

2264 2924 2403 2996 πρὸς
2422 2924 2483 2977 τὸ
2524 2924 2661 2994 μήτε
2683 2923 2836 2976 αὐτοὶ
2867 2924 3086 2985 πεσεῖν,
3130 2922 3269 2993 μήτε
3301 2922 3417 2984 τοῖς
3460 2919 3637 2983 ἄλλοις
3674 2920 3797 2973 αίτιοι

2263 3018 2359 3072 τοῦ
2398 3018 2735 3089 ἁμαρτάνειν
2770 3015 3044 3084 γενέσθαι.
3086 3016 3134 3069 εί
3159 3014 3217 3068 δέ
3251 3031 3397 3078 τινες
3430 3015 3598 3085 μήπω
3630 3012 3709 3066 τὸν
3728 3012 3798 3083 τῆς

2266 3111 2442 3180 ἄκρας
2481 3110 2649 3180 εὐχῆς
2699 3108 2913 3179 ἔχοντες
2952 3109 3142 3173 τόνον,
3189 3107 3324 3179 μηδὲ
3358 3106 3463 3178 τὴν
3494 3106 3797 3176 ὀφειλομένην

2263 3203 2342 3274 τῷ
2374 3202 2654 3273 πράγματι
2693 3200 2928 3272 σπουδήν
2952 3218 3012 3254 τε
3040 3198 3135 3254 καὶ
3156 3198 3405 3269 δύναμιν,
3434 3199 3796 3267 ἀπολιμπάνοις

2263 3313 2352 3351 ται
2380 3295 2582 3367 ταύτης
2612 3294 2711 3366 τῆς
2751 3293 2973 3364 ἀρετῆς,
3009 3294 3068 3346 ὲν
3095 3292 3208 3355 τοῖς
3234 3291 3419 3355 ἄλλοις
3454 3290 3796 3362 πληρούτωσαν
3894 3350 3895 3355 η

2263 3387 2361 3459 τὴν
2392 3388 2659 3457 ὑπακοήν,
2689 3384 2831 3440 κατά
2866 3384 3096 3455 δύναμιν
3123 3382 3522 3447 διακονοῦντες,
3550 3380 3796 3452 προθύμως
3894 3376 3895 3389 ¹

2266 3479 2639 3550 ἐργαζόμενοι,
2689 3476 2994 3540 σπουδαίως
3038 3475 3436 3547 θεραπεύοντες
3481 3474 3600 3545 μεθ’
3626 3472 3797 3545 ἡδονῆς,

2268 3571 2343 3643 μὴ
2394 3572 2489 3625 ὲπ).
2538 3570 2717 3642 μισθῷ
2748 3571 2932 3641 τιμῆς,
2976 3569 3111 3640 μηδὲ
3155 3569 3253 3639 τῆς
3296 3568 3644 3640 ἀνθρωπίνης
3682 3565 3799 3632 ea;

2265 3667 2445 3730 ἕνεκα,
2502 3665 2637 3737 μηδὲ
2682 3664 2974 3725 ἐνδιδόντες
3019 3662 3126 3716 ὑπὸ
3171 3661 3448 3731 μαλακίας
3498 3660 3532 3731 ἢ
3580 3657 3798 3731 ῥαθυρίες

2264 3762 2375 3823 τοῖς
2408 3758 2612 3822 πόνοις,
2652 3756 2788 3828 μηδὲ
2816 3755 2893 3820 ὼς
2918 3754 3220 3827 ἀλλοτρίοις
3261 3752 3482 3824 σώμασι
3525 3751 3617 3805 καὶ
3644 3750 3798 3820 ψυχαῐς

2266 3850 2699 3922 ὑπηρετούμενοι
2722 3890 2737 3912 ,
2765 3848 2880 3903 ἀλλ’
2909 3847 2986 3911 ὼς
3015 3846 3254 3919 Χριστοῦ
3283 3846 3519 3909 δούλοις,
3548 3844 3620 3907 ὡς
3648 3840 3798 3913 ἡμετέ-

2267 3959 2382 4015 ροις
2407 3943 2451 4014 ⁷)
2481 3940 2832 4012 σπλάγχνοις,
2874 3939 2962 3993 ἵνα
3007 3938 3246 4009 καθαρὸν
3279 3938 3435 4008 ὑμῶν
3462 3936 3526 3989 τὸ
3566 3936 3709 4006 ἔργον
3731 3930 3798 3985 καὶ

2265 4036 2448 4093 ἄδολον
2485 4033 2769 4107 ἀποφανθῇ
2804 4033 2883 4106 τῷ
2916 4032 3045 4104 θεῷ.
3090 4030 3521 4104 προφασιζέσθω
3567 4031 3621 4083 δὲ
3653 4027 3798 4099 μηδεὶς

2265 4127 2402 4199 πρὸς
2440 4125 2623 4181 καλῶν
2661 4125 2839 4196 ἔργων
2881 4124 3143 4195 σπουδὴν,
3176 4125 3254 4187 ὡς
3289 4121 3553 4185 ἀδύνατος
3583 4118 3798 4174 ἐπιτελεῖν

2262 4219 2334 4271 τά
2379 4218 2617 4283 σώζοντα
2656 4217 2755 4288 τὴν
2778 4207 3139 4287 ψυχήν.ὀύδὲ
3183 4214 3293 4287 γὰρ
3339 4216 3368 4269 δ
3420 4213 3545 4276 θεὸς
3584 4210 3796 4266 ἀδύνατον

2264 4312 2539 4366 ἐπιτάττει
2571 4313 2684 4374 τοῖς
2723 4309 2949 4374 δούλοις,
2977 4308 3093 4363 ἀλλ’
3139 4306 3314 4371 οὕτως
3343 4304 3707 4377 ἐκκεχυμένην
3732 4300 3797 4353 καὶ

2265 4403 2526 4457 πλουσίαν
2559 4402 2727 4467 ἔδειξε
2761 4401 2859 4473 τὴν
2883 4402 3106 4471 ἀγάπην
3133 4400 3226 4453 καὶ
3260 4397 3577 4468 ἀγαθότητα
3599 4396 3687 4465 τῆς
3712 4392 3796 4445 θεό-

585 4479 746 4536 ciatis
797 4482 1229 4538 misericordiam
1276 4497 1515 4541 vestram
1565 4499 1661 4543 aut
1714 4490 2019 4545 orationem
2068 4499 2165 4545 aut

2267 4512 2453 4566 τητος,
2487 4495 2564 4559 ὼς
2610 4492 2825 4561 ἑκάστῳ
2865 4490 3009 4546 κατά
3056 4491 3120 4545 τὸ
3169 4490 3383 4560 θέλημα
3434 4488 3721 4560 παρασχεῖν
3753 4482 3796 4535 τὺ

587 4570 855 4627 ieiunium
886 4584 1130 4630 vestrum
1164 4593 1345 4633 coram
1381 4579 1731 4646 hominibus;
1762 4581 1997 4652 alioquin
2025 4599 2164 4637 mer-

580 4663 762 4719 cedem
799 4682 903 4720 non
936 4668 1183 4723 habebitis
1235 4671 1376 4742 apud
1425 4682 1632 4742 patrem
1670 4684 1922 4739 vestrum,
1967 4675 2055 4746 qui
2108 4676 2165 4729 in

586 4756 743 4811 caelis
777 4767 852 4813 est
894 4760 991 4832 (6).
1039 4762 1119 4816 Ita
1146 4763 1428 4834 despicere
1474 4766 1627 4821 iubet
1665 4775 1827 4837 atque
1854 4768 2043 4839 fugere
2066 4768 2165 4823 hos

588 4850 852 4907 mortales
872 4854 1299 4927 mortaliumque
1322 4858 1533 4923 laudes,
1568 4869 1625 4916 et
1655 4870 2083 4916 marcescentem
2110 4872 2170 4918 et

2269 4587 2529 4658 πράττειν
2557 4604 2609 4639 τι
2637 4584 2898 4639 δύνασθαι
2922 4582 3156 4652 ἀγαθόν,
3182 4582 3277 4635 καὶ
3308 4581 3516 4651 μηδένα
3546 4579 3647 4632 τῶν
3673 4592 3796 4627 meo

2268 4679 2364 4750 δὴν
2403 4680 2634 4750 ἐχόντων
2665 4676 2903 4747 σωθῆναι
2930 4677 3252 4747 διαμαρτεῖν
3274 4674 3367 4728 τοῦ
3392 4672 3675 4727 δύνασθαι·
3696 4668 3749 4733 ὃς
3763 4666 3793 4731 ³)

2270 4771 2379 4836 ἄν,
2422 4772 2583 4842 φησί,
2629 4770 2853 4839 ποτίσῃ
2904 4767 3193 4835 ποτήριον
3224 4764 3468 4835 ψυχροῦ
3508 4760 3797 4834 adrasum

2270 4864 2460 4935 ὄνομα
2480 4863 2751 4935 μαθητοῦ
2766 4903 2781 4929 ,
2806 4862 2970 4933 ἀμὴν
2994 4862 3148 4931 λέγω
3168 4860 3331 4931 ὑμῖν,
3355 4861 3430 4914 οὐ
3450 4858 3536 4929 μὴ
3561 4852 3797 4912 ἀπολέσει

1896 4998 2153 5055 VARIAE
2188 4999 2591 5058 LECTIONES.

676 5106 974 5193 {)“Literae
1014 5113 1172 5193 uncis
1196 5113 1477 5193 inclusae,
1514 5115 1569 5169 in
1600 5114 1791 5193 codice
1822 5115 2010 5171 blattis
2045 5133 2247 5193 paene_
2262 5120 2598 5193 exstinctae,
2632 5123 2907 5193 probabili
2948 5138 2980 5177 a
3007 5120 3169 5177 nobis
3190 5120 3532 5193 coniectura
3565 5117 3794 5193 intextum

591 5180 876 5261 restitutae
936 5192 1084 5261 sunt.
1120 5184 1511 5261 _—_—')Et_nend.‘,
1543 5186 1663 5261 cod.
1699 5186 1967 5261 χαίρεται.
2002 5180 2170 5261 υἷ’-³⁵)Δ
2197 5187 2459 5261 Emend“
2501 5180 2649 5245 cod:
2681 5194 2928 5261 γλυκεῖα.
2980 5223 3049 5232 -—
3076 5193 3119 5261 ⁸)

3177 5190 3359 5253 Coui.,
3412 5190 3535 5244 cod.
3568 5189 3645 5256 ἐφ’
3665 5184 3795 5241 οὕτως

590 5248 675 5317 ἐφ’
701 5250 929 5324 ὑψηλὴν.
968 5254 1083 5325 -⁸)
1119 5248 1374 5320 Emend,
1399 5256 1522 5310 cod.
1558 5248 1950 5310 πολιτεύεσθαι.
1974 5255 2107 5328 -⁶)
2142 5248 2365 5314 Litterae
2387 5248 2544 5317 uncis
2575 5248 2820 5321 inclusae
2857 5264 2914 5318 in
2954 5248 3142 5318 codice
3180 5248 3367 5317 blattis
3402 5248 3645 5314 mutilata
3664 5266 3795 5325 paene

588 5380 891 5466 exstinctae
932 5396 1085 5466 sunt,
1128 5387 1222 5441 sed
1252 5387 1524 5466 probabili
1581 5389 1899 5445 coniectura
1944 5405 1975 5444 a
2011 5388 2172 5444 nobis
2200 5388 2256 5444 in
2284 5398 2494 5448 textum
2535 5395 2842 5451 restitutae.
2884 5426 2955 5436 —-
2986 5394 3030 5466 ⁷)
3066 5392 3371 5466 ὑμετέροις,
3400 5409 3434 5463 η
3461 5403 3622 5461 supra
3654 5382 3793 5441 adscr-

590 5449 712 5506 eatl.
740 5468 814 5506 m.
835 5484 905 5493 —-
931 5455 973 5526 ⁸)
1008 5456 1189 5523 Corr.,
1221 5449 1342 5513 cad.
1392 5459 1497 5523 Ὡς.

2090 5551 2341 5609 NOTAE.

665 5649 745 5793 ξι)
783 5654 826 5709 II
856 5655 982 5712 Cor.
1016 5658 1133 5721 XII,
1156 5660 1188 5714 9
1212 5676 1293 5732 sq.

690 5727 724 5778 ‘2
776 5725 820 5779 II
852 5726 959 5782 Cor
988 5730 1074 5793 VI,
1112 5731 1163 5783 ι.

690 5725 745 5790 ’2)
776 5725 820 5779 II
852 5726 959 5782 Cor
988 5730 1074 5793 VI,
1112 5731 1163 5783 ι.

680 5795 756 5865 (ε)
787 5796 976 5853 Matth.
1004 5799 1172 5865 xm.

2339 5660 2415 5731 (4)
2452 5663 2642 5716 Matth.
2676 5663 2840 5725 XXV,
2868 5662 2955 5719 tt).

2347 5734 2422 5801 (εί)
2458 5733 2643 5786 Matth.
2680 5733 2769 5796 v1,
2798 5734 2850 5787 ε.

2339 5806 2415 5875 (ο)
2448 5802 2636 5859 Matth.
2662 5804 2750 5869 vi,
2782 5804 2829 5857 ι.
