3948 6538
121 351 198 414 ιη
1475 343 1680 402 ΕΡΙὸΤ(

1760 347 1876 402 .AE.
3211 357 3319 413 “2

114 473 204 528 τὸν
217 459 418 535 μισθὸν
439 459 645 516 αὐτοῦ.
668 460 722 514 τί
745 461 844 532 τῆς
870 462 1092 531 ἐντολῆς
1118 462 1324 535 ταύτης
1350 463 1639 519 δυνατώτε-
1669 523 1673 533 η

1757 465 2038 537 'ugientem
2082 483 2182 522 nos
2219 467 2466 540 gloriam,
2493 469 2636 525 illam
2676 486 2806 526 vero
2838 473 3005 530 solam
3029 491 3316 546 quaerere,

119 576 216 636 ρον;
237 552 414 626 ψυχρῷ
455 553 700 624 ποτηρίῳ
734 554 924 622 μισθὸς
954 556 1274 626 ἐπουράνιος
1305 557 1514 613 ἕπεται.
1549 556 1644 610 καί

1760 556 1901 610 :uius
1942 572 2122 627 neque
2147 559 2503 628 pulchritudo
2559 560 2666 615 dici
2707 578 2885 632 neque
2925 564 3048 620 finis
3083 566 3319 624 inveniri

117 671 190 725 μοι
214 648 384 703 σκόπει
409 645 510 714 τῆς
545 645 953 717 φιλανθρωπίας
994 647 1056 701 τὸ
1083 651 1339 718 ἄμετρον.
1369 647 1460 716 ἐφ’
1492 646 1644 702 ὅσον

1760 659 1942 717 )otest,
1974 667 2073 720 per
2105 667 2268 722 quam
2305 663 2360 707 et
2397 653 2497 723 ipsi
2532 655 2837 724 poterimus
2865 658 3162 728 participes
3200 660 3319 716 ﬁeri

115 743 187 800 ἐνὶ
226 740 433 794 τούτων
453 780 468 801 .
515 737 711 808 φησίν,
744 737 1089 804 ἐποιήσατε,
1121 739 1251 809 ἐμοὶ
1295 738 1640 805 ἐποιήσατε.

1759 740 2105 796 ηηοσαῢὶιίιιηι
2155 742 2373 796 illorum
2412 745 2800 814 mysteriorum
2846 747 2899 800 in
2930 747 3150 803 Christo
3189 750 3318 805 Jesu

113 838 160 891 τὸ
182 834 264 904 μὲν
291 830 563 899 ἐπίταγμα
591 831 787 900 μικρόν
805 872 820 892 ,
849 831 907 884 τὸ
945 831 1000 883 δὲ
1043 831 1141 901 τῆς
1179 831 1426 899 ὑπακοῆς
1453 830 1644 900 κέρδος

1757 829 1976 887 Domino
2017 844 2238 898 nostro,
2280 835 2367 888 cui
2395 835 2566 904 gloria
2596 835 2651 889 in
2695 839 2910 893 saecula
2951 842 3316 897 saeculorum.

116 923 252 986 πολύ,
294 920 379 974 καὶ
434 921 585 991 παρὰ
641 921 748 992 θεῷ
809 922 1074 985 πλουσίως
1137 922 1640 992 ἀνταποδιδόμενον.
1743 921 1937 977 Amen.

113 1023 224 1074 ὥστε
245 1017 383 1072 οὐδὲν
412 1017 552 1088 ὑπὲρ
598 1016 824 1086 δύναμιν
857 1018 1102 1074 ἀπαιτεῖ.
1165 1019 1301 1073 ἀλλὰ
1374 1019 1478 1074 κᾶν
1521 1021 1716 1094 μικρὸν
1757 1019 1862 1073 κᾶν
1890 1021 2032 1092 μέγα
2078 1025 2284 1086 ποιεῖς,
2312 1024 2508 1078 ἕπεταί
2534 1043 2617 1080 σοι
2659 1028 2800 1081 κατὰ
2827 1029 2925 1099 τὴν
2954 1029 3272 1100 προαίρεσιν
3296 1031 3324 1082 ὁ

116 1117 288 1191 μισθός.
343 1113 438 1167 ἐὰν
488 1114 586 1184 μὲν
620 1115 728 1186 γὰρ
777 1116 858 1178 εἰς
907 1115 1077 1186 ὄνομα
1122 1119 1216 1170 καὶ
1271 1118 1436 1186 φόϐον
1493 1117 1643 1183 θεοῦ,
1681 1119 1910 1190 λαμπρὰ
1975 1120 2069 1172 καὶ
2111 1119 2469 1190 ἀναφαίρετος
2501 1117 2664 1192 ἦλθεν
2731 1124 2990 1194 ἡδωρεά·
3034 1124 3127 1177 ἐὰν
3161 1124 3217 1178 δὲ
3244 1126 3324 1186 εἰς

111 1207 330 1272 επίδειξιν
372 1207 467 1260 καὶ
513 1207 672 1273 δόξαν
753 1207 1084 1278 ἀνθρώπων,
1137 1207 1369 1262 ἄκουσον
1419 1210 1680 1281 ὀμνύντος
1712 1211 1876 1264 αὑτοῦ
1903 1210 1995 1263 τοῦ
2027 1211 2237 1282 κυρίου”
2263 1211 2427 1278 ἀμὴν
2456 1211 2610 1282 λέγω
2638 1214 2809 1281 ὑμῖν,
2875 1215 3172 1284 ἀπέχουσι
3216 1215 3324 1268 τὸν

107 1303 294 1376 μισθὸν
318 1299 534 1354 αὐτῶν.
565 1301 651 1354 ἵνα
677 1296 770 1354 οὖν
803 1300 876 1372 μὴ
909 1301 1068 1354 τοῦτο
1131 1301 1414 1372 πάθωμεν.
1463 1304 1832 1376 παραγγέλλει
1900 1307 2012 1367 τοῖς
2055 1305 2322 1375 μαθηταῖς
2363 1305 2562 1368 αὐτοῦ,
2615 1307 2707 1358 καὶ
2747 1306 2813 1359 δι’
2883 1307 3104 1360 ἐκείνων
3168 1309 3318 1378 ἡμῖν·

110 1396 320 1465 βλέπετε.
370 1392 443 1462 μὴ
497 1391 686 1464 ποιῆτε
716 1392 816 1462 τὴν
861 1391 1232 1463 ἐλεημοσύνην
1285 1393 1440 1464 ὑμῶν
1478 1395 1514 1466 ἢ
1543 1393 1641 1465 τὴν
1677 1395 1843 1465 εὐχὴν
1885 1394 2050 1466 ἢτὴν
2079 1394 2330 1463 νηστείαν
2387 1395 2541 1462 ὑμῶν
2607 1393 2916 1465 ἔμπροσθεν
2960 1395 3066 1447 τῶν
3113 1395 3323 1466 ἀνθρὼ-

110 1507 222 1548 πωψ
248 1493 294 1544 εί
314 1488 380 1542 δὲ
408 1487 582 1558 μήτε,
598 1489 822 1556 μισθὸν
849 1489 961 1541 οὐκ
983 1487 1152 1556 ἔχετε
1178 1490 1338 1557 παρὰ
1362 1487 1442 1554 τῷ
1470 1488 1647 1557 πατρὶ
1704 1488 1873 1559 ὑμῶν
1910 1489 1990 1555 τῷ
2027 1490 2098 1542 ἐν
2161 1489 2286 1554 τοῖς
2334 1490 2424 1556 et";
2443 1488 2632 1555 ανοῖς.
2669 1489 2841 1552 οὕτως
2884 1489 3322 1560 ἀποστρέφεσθαι

108 1585 285 1642 κελεύει
313 1582 406 1634 καὶ
465 1581 684 1650 φεύγειν
711 1582 838 1646 τοὺς
878 1581 1103 1653 θνητοὺς
1130 1581 1353 1646 τούτους
1397 1581 1492 1636 καὶ
1560 1581 1712 1653 παρὰ
1753 1583 1962 1652 θνητῶν
1988 1581 2263 1645 ἐπαίνους,
2289 1581 2382 1634 καὶ
2408 1581 2508 1652 τὴν
2548 1581 2952 1652 μαραινομένην
2982 1583 3075 1633 καὶ
3099 1581 3326 1650 φεύγου-

109 1696 188 1732 σαν
219 1675 252 1744 ¹)
279 1674 422 1744 ἡμᾶς
455 1674 636 1740 δόξαν,
675 1672 858 1744 ζητεῖν
887 1673 942 1727 δὲ
971 1674 1130 1744 μόνον
1158 1675 1392 1746 ἐκείνην,
1420 1670 1486 1747 ἦς
1514 1677 1556 1744 ⁸)
1587 1675 1710 1728 οὐδὲ
1747 1676 1942 1740 κάλλος
1970 1674 2116 1729 ἔστιν
2155 1678 2329 1728 εἰπεῖν
2359 1675 2478 1729 οὐδὲ
2505 1677 2548 1746 ³)
2589 1676 2762 1746 πέρας
2805 1675 3002 1746 εὑρεῖν,
3032 1675 3098 1728 δι’
3129 1669 3194 1746 ἦς
3225 1674 3322 1727 καὶ

106 1770 233 1827 αὐτοὶ
276 1767 610 1839 δυνησόμεθα
649 1769 834 1838 τυχεῖν
910 1769 1020 1821 τῶν
1057 1769 1310 1841 ἀρρήτων
1359 1768 1674 1842 μυστηρίων
1713 1770 1959 1836 ἐκείνων,
2017 1771 2075 1823 ὲν
2097 1768 2318 1842 Χριστῷ
2351 1768 2528 1838 Ἰησοῦ
2553 1767 2633 1839 τῷ
2663 1767 2836 1839 κυρίῳ
2863 1765 3040 1838 ἡμῶν,
3062 1759 3104 1835 ᾧ
3130 1769 3169 1838 ἡ,
3193 1765 3323 1830 δόξα

104 1866 169 1930 εις
183 1863 292 1927 τοὺς
319 1860 524 1925 αἰῶνας
549 1859 658 1914 τῶν
689 1859 923 1916 αιώνων.
957 1859 1126 1932 ἀμήν.

1345 2038 1602 2095 VABIAE
1641 2034 2051 2093 LECTIONES.

167 2164 200 2235 ')
234 2162 317 2218 Sic
351 2161 481 2217 cod.
509 2193 580 2201 —
608 2159 651 2233 ’)
681 2159 864 2227 Corn,
899 2160 1022 2216 cod.
1056 2161 1216 2233 ἢν.--
1247 2158 1289 2227 ³)
1317 2157 1408 2214 Sic
1435 2156 1556 2210 eod.
1598 2153 1718 2208 οὐδὲ
1743 2185 1814 2194 —-
1845 2153 1984 2208 οὐδὲ.
2017 2153 2176 2208 Forte
2211 2151 2596 2224 corrigendum
2635 2151 2756 2206 οὔτε
2779 2185 2849 2194 —-
2871 2153 3015 2208 οὕτε.

116 2352 3308 2386 Μ-ᾙ-ᾒ

1600 2523 1792 2612 Ill.

567 2734 1146 2831 EPISTOLA
1216 2732 1826 2826 CUIUSDAM
1899 2733 2251 2824 BEATI
2350 2734 2842 2826 MACARII

1253 2960 1338 3006 UT
1370 2958 1653 3011 FIDETUR
1694 2956 2146 3002 ALEXANDRINI.

752 3177 914 3227 Lucae
936 3176 1181 3228 Ilolstenii
1209 3177 1360 3228 codex
1386 3177 1685 3239 Regularum
1729 3173 1983 3235 Augustae
2005 3172 2203 3223 Vindel.
2249 3171 2368 3222 1759
2390 3171 2449 3222 Τ.
2475 3171 2498 3221 Ι
2521 3185 2568 3235 p.
2594 3171 2674 3222 2i.

148 3287 302 3334 Exstat
327 3284 452 3334 haec
477 3281 685 3345 epistola
710 3282 906 3345 ingnihl.
933 3282 1271 3345 Burgundicae
1309 3277 1668 3345 Bmxellensis
1693 3278 1787 3326 cod
1823 3291 1910 3326 ms.
1942 3277 2007 3325 Νο
2049 3277 2200 3326 mmo
2238 3277 2640 3345 chartamfaec.
2682 3273 2781 3337 XV_
2806 3273 2890 3324 fol.
2916 3273 2995 3334 67,
3020 3274 3066 3322 2.
3092 3243 3325 3324 Codicem~

95 3348 194 3409 quin
232 3337 526 3396 conferrem'
554 3344 805 3395 Bmxellis
833 3337 1338 3408 versans‘impeditus
1377 3357 1504 3393 sum.
1530 3342 1601 3393 Cf.
1634 3340 1998 3392 Pannonium
2025 3353 2170 3402 supra
2198 3341 2294 3389 col.
2323 3337 2550 3387 4054M.

92 3601 256 3672 Incipit
278 3602 502 3674 epistola
533 3601 672 3656 beati
694 3601 952 3657 Macharii
981 3602 1109 3656 data
1138 3606 1207 3656 ad
1236 3605 1514 3658 monachos
1543 3603 1642 3676 (Ι).
1673 3608 1713 3662 Α
1744 3603 2071 3659 absconsum
2112 3614 2348 3669 namque
2386 3598 2440 3652 in
2481 3597 2563 3653 eis
2595 3606 2681 3653 est
2717 3612 2990 3652 venenum
3019 3597 3321 3653 bestiarum

149 3693 428 3765 Lignorum
457 3695 620 3764 copia
651 3693 924 3763 ingentem
957 3693 1160 3748 excitat
1181 3692 1472 3758 ﬂammam,
1506 3693 1645 3748 mul—
1747 3690 2162 3763 nequissimum.
2232 3689 2400 3758 Magis
2473 3687 2848 3757 apprOpinqua
2906 3686 3016 3758 igni
3084 3687 3320 3752 ardenti,

93 3784 244 3839 titudo
299 3795 486 3839 autem
555 3798 804 3838 escarum
861 3782 1062 3837 emittit
1123 3783 1641 3853 concupiscentiam.
1746 3800 1907 3854 quam
1943 3782 2158 3836 mulieri
2201 3780 2468 3834 novellae.
2503 3779 2638 3833 Cum
2684 3779 2760 3833 sis
2800 3777 3032 3841 iuvenis,
3063 3777 3186 3848 fuge
3221 3777 3320 3832 im-

92 3875 303 3931 Pessima
361 3875 816 3946 concupiscentia
867 3891 1116 3930 escarum
1164 3885 1220 3930 et
1279 3876 1645 3930 inobedientia

89 3977 286 4036 generat
339 3980 604 4024 mortem.
661 3967 915 4039 lndigens
968 3979 1161 4022 venter
1202 3967 1258 4021 in
1305 3967 1646 4023 orationibus

91 4059 400 4129 vigilantiam
447 4070 694 4132 praestat
735 4069 791 4115 et
833 4075 1091 4114 coronam
1132 4059 1344 4113 animae
1389 4059 1642 4129 acquirit,

87 4153 308 4220 repletus
379 4163 572 4208 autem
645 4168 896 4207 somnum
966 4149 1177 4206 inducit
1244 4151 1644 4221 gravissimum.

88 4239 270 4299 Oculus
315 4245 498 4315 gulosi
559 4243 808 4298 convivia
873 4251 1168 4306 scrutatur,
1213 4243 1405 4297 oculus
1463 4253 1644 4297 autem

87 4334 368 4402 sapientum
421 4335 728 4389 meditatur
776 4333 1188 4387 continentiam.
1240 4331 1647 4388 Formidolosus

88 4425 225 4479 miles
269 4427 551 4482 horrescit
597 4426 663 4480 ad
712 4426 896 4480 tubam
950 4440 1089 4494 quae
1127 4424 1330 4478 bellum
1356 4424 1644 4494 signiﬁcat,

84 4528 130 4571 et
151 4520 384 4588 gulosus,
417 4520 467 4574 si
511 4519 899 4574 abstinentiam
941 4517 1346 4588 praedicantem
1391 4517 1643 4582 audierit,

86 4623 178 4663 non
231 4612 475 4668 libenter
524 4612 814 4666 auscultat.
867 4611 1108 4666 Flamma
1161 4626 1285 4665 cum
1337 4611 1644 4677 marcescit,

82 4701 321 4759 elucescit
400 4705 613 4760 iterum
660 4703 705 4757 si
753 4703 1028 4774 acceperit
1074 4703 1317 4774 lignum,
1366 4713 1421 4760 et
1476 4704 1650 4758 libido

83 4794 244 4860 sopita.
267 4811 496 4850 rursum
533 4795 732 4850 crescit
764 4793 817 4848 in
847 4794 1158 4849 saturitate.
1189 4795 1308 4850 Non
1337 4796 1649 4851 miserearis

81 4887 294 4955 corpori,
321 4889 367 4944 si
403 4887 736 4943 lassitudine
763 4886 1026 4942 defecerit
1054 4903 1068 4940 :
1095 4903 1272 4957 equus
1300 4887 1649 4943 consentiens

1746 3888 1930 3946 petum
1985 3872 2233 3929 libidinis
2273 3881 2331 3926 et
2371 3871 2866 3926 eonfabulationem
2905 3871 3172 3925 mulieris.
3215 3870 3318 3939 Qui

1747 3970 2102 4038 repleverunt
2153 3973 2424 4030 ventrem,
2476 3972 2532 4019 et
2587 3964 2961 4034 promiserunt
2993 3965 3319 4031 castitatem,

1747 4058 1852 4113 sibi
1882 4058 2246 4113 mentiuntur.
2282 4057 2476 4111 Forma
2510 4056 2938 4128 pulchritudinis
2967 4057 3124 4126 peius
3156 4073 3319 4127 quam

1747 4151 1987 4222 procella
2046 4150 2366 4221 submergit.
2441 4149 2662 4219 Species
2715 4149 3000 4214 mulieris,
3053 4150 3098 4204 si
3153 4151 3318 4206 semel

1747 4251 1985 4298 mentem
2021 4243 2362 4306 eontriverit,
2394 4242 2558 4297 etiam
2589 4242 2760 4314 ipsam
2799 4252 3038 4298 mentem
3074 4252 3322 4298 contem-

1747 4351 1881 4391 nere
1909 4334 2219 4405 persuadet.
2251 4334 2322 4390 Ut
2348 4334 2518 4397 enim,
2547 4333 2589 4388 si
2627 4334 2797 4403 paleis
2823 4343 3128 4390 remoretur
3160 4336 3319 4407 ignis,

1747 4428 1949 4483 excitat
1977 4426 2278 4491 ﬂammam;
2311 4425 2390 4480 sic
2419 4427 2682 4480 memoria
2715 4425 2962 4482 mulieris
2996 4443 3325 4497 permanens

1749 4518 2034 4573 succendit
2070 4516 2591 4588 concupiscentiam.
2627 4518 2698 4574 Ut
2734 4519 2880 4573 enim
2918 4521 3194 4575 cumulata
3224 4539 3314 4578 na.

1747 4610 1838 4665 vis
1884 4610 2156 4664 undarum
2204 4609 2314 4663 ictu
2363 4609 2640 4674 obruitur,
2684 4610 2764 4664 sic
2816 4611 2987 4665 multa
3040 4612 3330 4682 possidens

1747 4703 2050 4758 monachus
2087 4719 2196 4757 non
2230 4701 2558 4758 ‘salvabitur.
2610 4703 2756 4758 Nihil
2807 4705 3094 4775 possidens
3139 4722 3334 4762 mona-

1747 4795 1886 4850 chus
1930 4796 2132 4851 athleta
2177 4795 2584 4866 insuperabilis,
2626 4796 2761 4850 nihil
2812 4796 3098 4866 possidens
3140 4813 3314 4852 mona-

1749 4886 1887 4942 chus
1918 4903 2110 4941 cursor
2143 4887 2299 4950 levis,
2341 4887 2606 4942 velociter
2641 4887 2707 4941 ad
2740 4887 2987 4942 bravium
3025 4888 3330 4942 vocationis

83 4973 308 5047 indigens
345 4993 562 5048 corpus
604 4992 708 5031 nec
755 4991 1100 5030 ascensorem
1161 4975 1349 5029 deiieit
1388 4991 1648 5044 unquam.
1683 4994 1724 5052 Β
1752 4978 2020 5047 pervenit.
2057 4977 2268 5031 Avarus
2301 4978 2602 5032 monachus
2643 4977 2859 5048 Operari
2899 4977 3153 5048 negligit;
3188 4977 3324 5032 nihil

79 5064 522 5139 Concupiscentia
578 5069 737 5139 gulae
788 5077 966 5122 mater
1008 5077 1093 5122 est
1138 5066 1404 5121 libidinis.
1454 5065 1646 5122 Oleum
1744 5069 2034 5139 possidens
2065 5069 2371 5124 monachus
2401 5077 2526 5139 post
2556 5085 2695 5140 Opus
2735 5069 3081 5124 moderatum
3119 5068 3312 5122 oratio-

82 5163 236 5217 nutrit
263 5163 527 5235 lampada
562 5164 821 5218 lucernae
861 5167 920 5216 et
955 5160 1133 5232 ignem
1171 5157 1482 5214 reaccendit
1512 5173 1644 5212 con-
1746 5160 1910 5214 nibus
1942 5169 1997 5214 et
2025 5161 2357 5216 lectionibus
2390 5169 2567 5216 vacat.
2608 5161 2821 5216 Avarus
2871 5160 3173 5215 monachus
3210 5160 3315 5214 the-

79 5250 318 5312 fabulatio
352 5256 635 5312 mulieris.
673 5254 862 5310 Facies
896 5253 1147 5308 mulieris
1189 5252 1381 5322 sagitta
1417 5260 1502 5305 est
1535 5259 1648 5304 tru-
1742 5251 1982 5306 saurizat
2024 5251 2129 5306 sibi
2170 5251 2304 5307 iram
2346 5253 2400 5306 in
2442 5253 2532 5308 die
2571 5253 2828 5318 ultionis;
2867 5252 3003 5307 nihil
3042 5251 3326 5319 possidens

80 5348 499 5420 culcnta,inﬁgit
528 5349 729 5403 vulnus
757 5347 812 5401 in
836 5345 1092 5400 animam.
1121 5343 1192 5400 Ut
1217 5356 1490 5398 venenum
1519 5339 1645 5411 fuge
1742 5343 2046 5397 monachus
2103 5344 2442 5400 thesaurizat
2494 5345 2550 5398 in
2600 5345 2754 5400 coelo
2800 5354 2853 5400 et
2906 5341 3061 5398 dabit.
3107 5342 3324 5397 laudem

80 5439 569 5498 contabulationem
607 5437 872 5503 mulieris,
905 5437 950 5493 si
994 5447 1176 5492 castus
1211 5448 1330 5490 esse
1366 5433 1640 5498 volucris;
1741 5449 1865 5489 cum
1915 5435 2122 5506 angelis
2164 5436 2297 5491 Deo.
2337 5435 2604 5491 Gloriatio
2657 5435 2912 5492 monachi
2956 5434 3220 5506 patientia
3270 5434 3326 5488 in

1583 5567 1836 5626 NOTAE.

80 5697 206 5821 En“)
243 5699 333 5755 Sic
381 5695 715 5754 inscribitur
779 5695 1006 5767 epistola
1048 5693 1102 5749 in
1142 5691 1264 5748 cod.
1313 5707 1412 5746 ms.
1483 5689 1817 5747 Bruxellensi
1865 5692 1954 5748 Νο.
1996 5692 2188 5749 15010.
2231 5693 2430 5751 Vocem
2472 5693 2663 5766 Incipit
2710 5710 2818 5750 om.
2859 5693 2961 5750 Ed.
3033 5691 3322 5752 Holstenii.

147 5785 207 5821 Π.

147 5785 207 5822 Π.
