  <div class='ocr_page' id='page_1' title='image "/cluster/home/n/w/nwhite01/storage/ocr_20150623/34/hvd.32044019207760/233.png"; bbox 0 0 3948 6542; ppageno 0'>
   <div class='ocr_carea' id='block_1_1' title="bbox 573 363 679 418">
    <p class='ocr_par' dir='ltr' id='par_1_1' title="bbox 573 363 679 418">
     <span class='ocr_line' id='line_1_1' title="bbox 573 363 679 418; baseline -0.009 0"><span class='ocrx_word' id='word_1_1' title='bbox 573 363 679 418; x_wconf 71' lang='lat' dir='ltr'><strong>M3</strong></span> 
     </span>
    </p>
   </div>
   <div class='ocr_carea' id='block_1_2' title="bbox 1841 348 3770 409">
    <p class='ocr_par' dir='ltr' id='par_1_2' title="bbox 1841 348 3770 409">
     <span class='ocr_line' id='line_1_2' title="bbox 1841 348 3770 409; baseline -0.001 -1"><span class='ocrx_word' id='word_1_2' title='bbox 1841 353 1896 409; x_wconf 89' lang='lat' dir='ltr'><strong>S.</strong></span> <span class='ocrx_word' id='word_1_3' title='bbox 1937 350 2218 407; x_wconf 72' lang='lat' dir='ltr'><strong>MACARII</strong></span> <span class='ocrx_word' id='word_1_4' title='bbox 2255 348 2574 404; x_wconf 74' lang='lat' dir='ltr'><strong>AEGYPTII</strong></span> <span class='ocrx_word' id='word_1_5' title='bbox 3690 351 3770 407; x_wconf 65' lang='lat' dir='ltr'><strong>LM</strong></span> 
     </span>
    </p>
   </div>
   <div class='ocr_carea' id='block_1_3' title="bbox 573 455 3774 535">
    <p class='ocr_par' dir='ltr' id='par_1_3' title="bbox 573 455 3774 535">
     <span class='ocr_line' id='line_1_3' title="bbox 573 455 3774 535; baseline -0.005 0"><span class='ocrx_word' id='word_1_6' title='bbox 573 472 1025 534; x_wconf 69' lang='lat' dir='ltr'><strong>tribulationibus</strong></span> <span class='ocrx_word' id='word_1_7' title='bbox 1049 471 1187 526; x_wconf 87' lang='lat' dir='ltr'><strong>eius.</strong></span> <span class='ocrx_word' id='word_1_8' title='bbox 1212 471 1476 526; x_wconf 89' lang='lat' dir='ltr'><strong>Gloriatio</strong></span> <span class='ocrx_word' id='word_1_9' title='bbox 1499 466 1748 523; x_wconf 82' lang='lat' dir='ltr'><strong>monachi</strong></span> <span class='ocrx_word' id='word_1_10' title='bbox 1772 459 2153 535; x_wconf 87' lang='lat' dir='ltr'><strong>longanimitas</strong></span> <span class='ocrx_word' id='word_1_11' title='bbox 2183 471 2224 523; x_wconf 74' lang='grc' dir='ltr'>Α</span> <span class='ocrx_word' id='word_1_12' title='bbox 2255 477 2403 516; x_wconf 89' lang='lat' dir='ltr'><strong>suae.</strong></span> <span class='ocrx_word' id='word_1_13' title='bbox 2439 460 2594 514; x_wconf 86' lang='lat' dir='ltr'><strong>Sicut</strong></span> <span class='ocrx_word' id='word_1_14' title='bbox 2623 457 2839 528; x_wconf 90' lang='lat' dir='ltr'><strong>pondus</strong></span> <span class='ocrx_word' id='word_1_15' title='bbox 2868 457 2999 512; x_wconf 81' lang='lat' dir='ltr'><strong>salis</strong></span> <span class='ocrx_word' id='word_1_16' title='bbox 3027 455 3284 525; x_wconf 91' lang='lat' dir='ltr'><strong>deprimit</strong></span> <span class='ocrx_word' id='word_1_17' title='bbox 3319 455 3492 509; x_wconf 82' lang='lat' dir='ltr'><strong>virum</strong></span> <span class='ocrx_word' id='word_1_18' title='bbox 3522 456 3774 530; x_wconf 80' lang='lat' dir='ltr'><strong>inﬁmum,</strong></span> 
     </span>
    </p>
   </div>
   <div class='ocr_carea' id='block_1_4' title="bbox 575 560 2154 626">
    <p class='ocr_par' dir='ltr' id='par_1_4' title="bbox 575 560 2154 626">
     <span class='ocr_line' id='line_1_4' title="bbox 575 560 2154 626; baseline -0.008 -3"><span class='ocrx_word' id='word_1_19' title='bbox 575 584 700 623; x_wconf 91' lang='lat' dir='ltr'><strong>cum</strong></span> <span class='ocrx_word' id='word_1_20' title='bbox 740 565 1024 620; x_wconf 87' lang='lat' dir='ltr'><strong>charitate.</strong></span> <span class='ocrx_word' id='word_1_21' title='bbox 1060 564 1325 624; x_wconf 84' lang='lat' dir='ltr'><strong>Gioriatio</strong></span> <span class='ocrx_word' id='word_1_22' title='bbox 1369 561 1618 614; x_wconf 86' lang='lat' dir='ltr'><strong>monachi</strong></span> <span class='ocrx_word' id='word_1_23' title='bbox 1654 560 1832 613; x_wconf 90' lang='lat' dir='ltr'><strong>nullas</strong></span> <span class='ocrx_word' id='word_1_24' title='bbox 1871 574 1959 611; x_wconf 83' lang='lat' dir='ltr'><strong>res</strong></span> <span class='ocrx_word' id='word_1_25' title='bbox 1996 572 2154 626; x_wconf 90' lang='lat' dir='ltr'><strong>prae-</strong></span> 
     </span>
    </p>
   </div>
   <div class='ocr_carea' id='block_1_5' title="bbox 575 646 2156 723">
    <p class='ocr_par' dir='ltr' id='par_1_5' title="bbox 575 646 2156 723">
     <span class='ocr_line' id='line_1_5' title="bbox 575 646 2156 723; baseline -0.008 -12"><span class='ocrx_word' id='word_1_26' title='bbox 575 657 747 711; x_wconf 79' lang='lat' dir='ltr'><strong>sentis</strong></span> <span class='ocrx_word' id='word_1_27' title='bbox 786 656 928 717; x_wconf 84' lang='lat' dir='ltr'><strong>vitae</strong></span> <span class='ocrx_word' id='word_1_28' title='bbox 975 653 1276 723; x_wconf 78' lang='lat' dir='ltr'><strong>possidere.</strong></span> <span class='ocrx_word' id='word_1_29' title='bbox 1327 651 1590 703; x_wconf 82' lang='lat' dir='ltr'><strong>Gloriatio</strong></span> <span class='ocrx_word' id='word_1_30' title='bbox 1639 648 1889 702; x_wconf 85' lang='lat' dir='ltr'><strong>monachi</strong></span> <span class='ocrx_word' id='word_1_31' title='bbox 1939 646 2156 716; x_wconf 90' lang='lat' dir='ltr'><strong>vigiliae</strong></span> 
     </span>
    </p>
   </div>
   <div class='ocr_carea' id='block_1_6' title="bbox 575 739 2158 802">
    <p class='ocr_par' dir='ltr' id='par_1_6' title="bbox 575 739 2158 802">
     <span class='ocr_line' id='line_1_6' title="bbox 575 739 2158 802; baseline -0.008 0"><span class='ocrx_word' id='word_1_32' title='bbox 575 759 633 802; x_wconf 82' lang='lat' dir='ltr'><strong>et</strong></span> <span class='ocrx_word' id='word_1_33' title='bbox 683 748 840 801; x_wconf 82' lang='lat' dir='ltr'><strong>ﬂetus</strong></span> <span class='ocrx_word' id='word_1_34' title='bbox 884 748 936 800; x_wconf 90' lang='lat' dir='ltr'><strong>in</strong></span> <span class='ocrx_word' id='word_1_35' title='bbox 985 745 1344 798; x_wconf 76' lang='lat' dir='ltr'><strong>orationibus.</strong></span> <span class='ocrx_word' id='word_1_36' title='bbox 1393 742 1658 796; x_wconf 85' lang='lat' dir='ltr'><strong>Gloriatio</strong></span> <span class='ocrx_word' id='word_1_37' title='bbox 1702 739 1955 793; x_wconf 80' lang='lat' dir='ltr'><strong>monachi</strong></span> <span class='ocrx_word' id='word_1_38' title='bbox 2005 754 2158 791; x_wconf 71' lang='lat' dir='ltr'><strong>mnu-</strong></span> 
     </span>
    </p>
   </div>
   <div class='ocr_carea' id='block_1_7' title="bbox 577 831 2153 894">
    <p class='ocr_par' dir='ltr' id='par_1_7' title="bbox 577 831 2153 894">
     <span class='ocr_line' id='line_1_7' title="bbox 577 831 2153 894; baseline -0.006 -1"><span class='ocrx_word' id='word_1_39' title='bbox 577 839 812 892; x_wconf 89' lang='lat' dir='ltr'><strong>suetudo</strong></span> <span class='ocrx_word' id='word_1_40' title='bbox 863 848 917 890; x_wconf 90' lang='lat' dir='ltr'><strong>et</strong></span> <span class='ocrx_word' id='word_1_41' title='bbox 975 835 1158 887; x_wconf 79' lang='lat' dir='ltr'><strong>cordis</strong></span> <span class='ocrx_word' id='word_1_42' title='bbox 1211 834 1510 887; x_wconf 91' lang='lat' dir='ltr'><strong>silentium.</strong></span> <span class='ocrx_word' id='word_1_43' title='bbox 1567 832 1830 886; x_wconf 88' lang='lat' dir='ltr'><strong>Gloriatio</strong></span> <span class='ocrx_word' id='word_1_44' title='bbox 1880 831 2153 894; x_wconf 81' lang='lat' dir='ltr'><strong>monachi,</strong></span> 
     </span>
    </p>
   </div>
   <div class='ocr_carea' id='block_1_8' title="bbox 582 923 2159 998">
    <p class='ocr_par' dir='ltr' id='par_1_8' title="bbox 582 923 2159 998">
     <span class='ocr_line' id='line_1_8' title="bbox 582 923 2159 998; baseline -0.005 -15"><span class='ocrx_word' id='word_1_45' title='bbox 582 931 795 998; x_wconf 84' lang='lat' dir='ltr'><strong>quando</strong></span> <span class='ocrx_word' id='word_1_46' title='bbox 825 928 1113 982; x_wconf 89' lang='lat' dir='ltr'><strong>Dominum</strong></span> <span class='ocrx_word' id='word_1_47' title='bbox 1145 941 1210 977; x_wconf 74' lang='lat' dir='ltr'><strong>ex</strong></span> <span class='ocrx_word' id='word_1_48' title='bbox 1244 935 1357 979; x_wconf 81' lang='lat' dir='ltr'><strong>toto</strong></span> <span class='ocrx_word' id='word_1_49' title='bbox 1387 925 1553 977; x_wconf 87' lang='lat' dir='ltr'><strong>corde</strong></span> <span class='ocrx_word' id='word_1_50' title='bbox 1585 923 1860 984; x_wconf 74' lang='lat' dir='ltr'><strong>dilexerit,</strong></span> <span class='ocrx_word' id='word_1_51' title='bbox 1894 933 1949 976; x_wconf 90' lang='lat' dir='ltr'><strong>ct</strong></span> <span class='ocrx_word' id='word_1_52' title='bbox 1977 923 2159 992; x_wconf 78' lang='lat' dir='ltr'><strong>proxi-</strong></span> 
     </span>
    </p>
   </div>
   <div class='ocr_carea' id='block_1_9' title="bbox 579 1013 2156 1084">
    <p class='ocr_par' dir='ltr' id='par_1_9' title="bbox 579 1013 2156 1084">
     <span class='ocr_line' id='line_1_9' title="bbox 579 1013 2156 1084; baseline -0.004 -12"><span class='ocrx_word' id='word_1_53' title='bbox 579 1036 726 1073; x_wconf 90' lang='lat' dir='ltr'><strong>mum</strong></span> <span class='ocrx_word' id='word_1_54' title='bbox 774 1033 933 1070; x_wconf 82' lang='lat' dir='ltr'><strong>suum</strong></span> <span class='ocrx_word' id='word_1_55' title='bbox 983 1028 1238 1084; x_wconf 90' lang='lat' dir='ltr'><strong>tanquam</strong></span> <span class='ocrx_word' id='word_1_56' title='bbox 1292 1015 1556 1084; x_wconf 85' lang='lat' dir='ltr'><strong>scipsum.</strong></span> <span class='ocrx_word' id='word_1_57' title='bbox 1601 1014 1868 1067; x_wconf 85' lang='lat' dir='ltr'><strong>Gloriatio</strong></span> <span class='ocrx_word' id='word_1_58' title='bbox 1905 1013 2156 1066; x_wconf 90' lang='lat' dir='ltr'><strong>monachi</strong></span> 
     </span>
    </p>
   </div>
   <div class='ocr_carea' id='block_1_10' title="bbox 575 1106 2154 1176">
    <p class='ocr_par' dir='ltr' id='par_1_10' title="bbox 575 1106 2154 1176">
     <span class='ocr_line' id='line_1_10' title="bbox 575 1106 2154 1176; baseline -0.004 -12"><span class='ocrx_word' id='word_1_59' title='bbox 575 1109 904 1164; x_wconf 74' lang='lat' dir='ltr'><strong>abstinentia</strong></span> <span class='ocrx_word' id='word_1_60' title='bbox 970 1122 1222 1161; x_wconf 81' lang='lat' dir='ltr'><strong>escarum</strong></span> <span class='ocrx_word' id='word_1_61' title='bbox 1284 1117 1340 1161; x_wconf 87' lang='lat' dir='ltr'><strong>et</strong></span> <span class='ocrx_word' id='word_1_62' title='bbox 1396 1123 1427 1160; x_wconf 90' lang='lat' dir='ltr'><strong>a</strong></span> <span class='ocrx_word' id='word_1_63' title='bbox 1501 1107 1850 1176; x_wconf 90' lang='lat' dir='ltr'><strong>multiloquio</strong></span> <span class='ocrx_word' id='word_1_64' title='bbox 1920 1106 2154 1175; x_wconf 90' lang='lat' dir='ltr'><strong>linguae.</strong></span> 
     </span>
    </p>
   </div>
   <div class='ocr_carea' id='block_1_11' title="bbox 577 1198 2160 1268">
    <p class='ocr_par' dir='ltr' id='par_1_11' title="bbox 577 1198 2160 1268">
     <span class='ocr_line' id='line_1_11' title="bbox 577 1198 2160 1268; baseline -0.004 -12"><span class='ocrx_word' id='word_1_65' title='bbox 577 1200 844 1256; x_wconf 81' lang='lat' dir='ltr'><strong>Gloriatio</strong></span> <span class='ocrx_word' id='word_1_66' title='bbox 886 1200 1162 1258; x_wconf 83' lang='lat' dir='ltr'><strong>Immachi,</strong></span> <span class='ocrx_word' id='word_1_67' title='bbox 1209 1200 1429 1268; x_wconf 84' lang='lat' dir='ltr'><strong>quando</strong></span> <span class='ocrx_word' id='word_1_68' title='bbox 1467 1199 1776 1268; x_wconf 79' lang='lat' dir='ltr'><strong>proximum</strong></span> <span class='ocrx_word' id='word_1_69' title='bbox 1818 1213 1976 1252; x_wconf 87' lang='lat' dir='ltr'><strong>suum</strong></span> <span class='ocrx_word' id='word_1_70' title='bbox 2017 1198 2160 1251; x_wconf 89' lang='lat' dir='ltr'><strong>sicut</strong></span> 
     </span>
    </p>
   </div>
   <div class='ocr_carea' id='block_1_12' title="bbox 581 1287 2159 1360">
    <p class='ocr_par' dir='ltr' id='par_1_12' title="bbox 581 1287 2159 1360">
     <span class='ocr_line' id='line_1_12' title="bbox 581 1287 2159 1360; baseline -0.003 -16"><span class='ocrx_word' id='word_1_71' title='bbox 581 1291 819 1360; x_wconf 79' lang='lat' dir='ltr'><strong>seipsum</strong></span> <span class='ocrx_word' id='word_1_72' title='bbox 855 1291 1076 1360; x_wconf 86' lang='lat' dir='ltr'><strong>patitur.</strong></span> <span class='ocrx_word' id='word_1_73' title='bbox 1118 1290 1382 1344; x_wconf 81' lang='lat' dir='ltr'><strong>Gloriatio</strong></span> <span class='ocrx_word' id='word_1_74' title='bbox 1430 1290 1704 1353; x_wconf 79' lang='lat' dir='ltr'><strong>monachi,</strong></span> <span class='ocrx_word' id='word_1_75' title='bbox 1745 1288 1960 1357; x_wconf 85' lang='lat' dir='ltr'><strong>quando</strong></span> <span class='ocrx_word' id='word_1_76' title='bbox 1993 1287 2159 1340; x_wconf 89' lang='lat' dir='ltr'><strong>verba</strong></span> 
     </span>
    </p>
   </div>
   <div class='ocr_carea' id='block_1_13' title="bbox 577 1375 2160 1450">
    <p class='ocr_par' dir='ltr' id='par_1_13' title="bbox 577 1375 2160 1450">
     <span class='ocr_line' id='line_1_13' title="bbox 577 1375 2160 1450; baseline -0.004 -16"><span class='ocrx_word' id='word_1_77' title='bbox 577 1381 701 1434; x_wconf 81' lang='lat' dir='ltr'><strong>eius</strong></span> <span class='ocrx_word' id='word_1_78' title='bbox 726 1381 986 1450; x_wconf 86' lang='lat' dir='ltr'><strong>operibus</strong></span> <span class='ocrx_word' id='word_1_79' title='bbox 1007 1388 1330 1434; x_wconf 79' lang='lat' dir='ltr'><strong>consonant.</strong></span> <span class='ocrx_word' id='word_1_80' title='bbox 1358 1379 1623 1433; x_wconf 85' lang='lat' dir='ltr'><strong>Gloriatio</strong></span> <span class='ocrx_word' id='word_1_81' title='bbox 1648 1377 1920 1440; x_wconf 90' lang='lat' dir='ltr'><strong>monachi,</strong></span> <span class='ocrx_word' id='word_1_82' title='bbox 1942 1375 2160 1445; x_wconf 84' lang='lat' dir='ltr'><strong>quando</strong></span> 
     </span>
    </p>
   </div>
   <div class='ocr_carea' id='block_1_14' title="bbox 581 1469 2155 1539">
    <p class='ocr_par' dir='ltr' id='par_1_14' title="bbox 581 1469 2155 1539">
     <span class='ocr_line' id='line_1_14' title="bbox 581 1469 2155 1539; baseline -0.002 -16"><span class='ocrx_word' id='word_1_83' title='bbox 581 1471 634 1523; x_wconf 89' lang='lat' dir='ltr'><strong>in</strong></span> <span class='ocrx_word' id='word_1_84' title='bbox 673 1471 793 1525; x_wconf 91' lang='lat' dir='ltr'><strong>loco</strong></span> <span class='ocrx_word' id='word_1_85' title='bbox 827 1486 928 1524; x_wconf 90' lang='lat' dir='ltr'><strong>suo</strong></span> <span class='ocrx_word' id='word_1_86' title='bbox 967 1478 1252 1539; x_wconf 89' lang='lat' dir='ltr'><strong>permanet</strong></span> <span class='ocrx_word' id='word_1_87' title='bbox 1281 1478 1338 1523; x_wconf 91' lang='lat' dir='ltr'><strong>et</strong></span> <span class='ocrx_word' id='word_1_88' title='bbox 1369 1469 1476 1523; x_wconf 88' lang='lat' dir='ltr'><strong>huc</strong></span> <span class='ocrx_word' id='word_1_89' title='bbox 1508 1469 1744 1536; x_wconf 82' lang='lat' dir='ltr'><strong>illucque</strong></span> <span class='ocrx_word' id='word_1_90' title='bbox 1771 1483 1878 1521; x_wconf 92' lang='lat' dir='ltr'><strong>non</strong></span> <span class='ocrx_word' id='word_1_91' title='bbox 1912 1475 2155 1535; x_wconf 77' lang='lat' dir='ltr'><strong>vagatur.</strong></span> 
     </span>
    </p>
   </div>
   <div class='ocr_carea' id='block_1_15' title="bbox 576 1558 2159 1629">
    <p class='ocr_par' dir='ltr' id='par_1_15' title="bbox 576 1558 2159 1629">
     <span class='ocr_line' id='line_1_15' title="bbox 576 1558 2159 1629; baseline -0.004 -13"><span class='ocrx_word' id='word_1_92' title='bbox 576 1560 843 1616; x_wconf 84' lang='lat' dir='ltr'><strong>Gloriatio</strong></span> <span class='ocrx_word' id='word_1_93' title='bbox 899 1560 1151 1614; x_wconf 88' lang='lat' dir='ltr'><strong>monachi</strong></span> <span class='ocrx_word' id='word_1_94' title='bbox 1205 1559 1606 1629; x_wconf 84' lang='lat' dir='ltr'><strong>longanimitas.</strong></span> <span class='ocrx_word' id='word_1_95' title='bbox 1651 1558 1804 1611; x_wconf 92' lang='lat' dir='ltr'><strong>Sicut</strong></span> <span class='ocrx_word' id='word_1_96' title='bbox 1851 1559 2056 1627; x_wconf 88' lang='lat' dir='ltr'><strong>lampas</strong></span> <span class='ocrx_word' id='word_1_97' title='bbox 2105 1559 2159 1611; x_wconf 88' lang='lat' dir='ltr'><strong>in</strong></span> 
     </span>
    </p>
   </div>
   <div class='ocr_carea' id='block_1_16' title="bbox 578 1649 2162 1715">
    <p class='ocr_par' dir='ltr' id='par_1_16' title="bbox 578 1649 2162 1715">
     <span class='ocr_line' id='line_1_16' title="bbox 578 1649 2162 1715; baseline -0.003 -9"><span class='ocrx_word' id='word_1_98' title='bbox 578 1653 700 1707; x_wconf 91' lang='lat' dir='ltr'><strong>loco</strong></span> <span class='ocrx_word' id='word_1_99' title='bbox 765 1653 1075 1715; x_wconf 85' lang='lat' dir='ltr'><strong>tenebroso,</strong></span> <span class='ocrx_word' id='word_1_100' title='bbox 1129 1652 1274 1705; x_wconf 88' lang='lat' dir='ltr'><strong>sicut</strong></span> <span class='ocrx_word' id='word_1_101' title='bbox 1332 1652 1412 1705; x_wconf 91' lang='lat' dir='ltr'><strong>sol</strong></span> <span class='ocrx_word' id='word_1_102' title='bbox 1467 1650 1708 1713; x_wconf 88' lang='lat' dir='ltr'><strong>radians,</strong></span> <span class='ocrx_word' id='word_1_103' title='bbox 1743 1650 1822 1703; x_wconf 88' lang='lat' dir='ltr'><strong>sic</strong></span> <span class='ocrx_word' id='word_1_104' title='bbox 1861 1649 2162 1702; x_wconf 86' lang='lat' dir='ltr'><strong>monachus</strong></span> 
     </span>
    </p>
   </div>
   <div class='ocr_carea' id='block_1_17' title="bbox 578 1741 2161 1814">
    <p class='ocr_par' dir='ltr' id='par_1_17' title="bbox 578 1741 2161 1814">
     <span class='ocr_line' id='line_1_17' title="bbox 578 1741 2161 1814; baseline -0.004 -14"><span class='ocrx_word' id='word_1_105' title='bbox 578 1755 762 1801; x_wconf 86' lang='lat' dir='ltr'><strong>mente</strong></span> <span class='ocrx_word' id='word_1_106' title='bbox 801 1744 985 1800; x_wconf 87' lang='lat' dir='ltr'><strong>sobria</strong></span> <span class='ocrx_word' id='word_1_107' title='bbox 1019 1751 1076 1797; x_wconf 91' lang='lat' dir='ltr'><strong>ct</strong></span> <span class='ocrx_word' id='word_1_108' title='bbox 1103 1743 1270 1798; x_wconf 91' lang='lat' dir='ltr'><strong>corde</strong></span> <span class='ocrx_word' id='word_1_109' title='bbox 1300 1742 1548 1814; x_wconf 82' lang='lat' dir='ltr'><strong>pervigili</strong></span> <span class='ocrx_word' id='word_1_110' title='bbox 1589 1742 1646 1795; x_wconf 91' lang='lat' dir='ltr'><strong>in</strong></span> <span class='ocrx_word' id='word_1_111' title='bbox 1679 1751 1921 1810; x_wconf 89' lang='lat' dir='ltr'><strong>tempore</strong></span> <span class='ocrx_word' id='word_1_112' title='bbox 1968 1741 2161 1794; x_wconf 87' lang='lat' dir='ltr'><strong>salutis</strong></span> 
     </span>
    </p>
   </div>
   <div class='ocr_carea' id='block_1_18' title="bbox 2257 549 3778 618">
    <p class='ocr_par' dir='ltr' id='par_1_18' title="bbox 2257 549 3778 618">
     <span class='ocr_line' id='line_1_18' title="bbox 2257 549 3778 618; baseline 0.004 -11"><span class='ocrx_word' id='word_1_113' title='bbox 2257 555 2335 608; x_wconf 90' lang='lat' dir='ltr'><strong>sic</strong></span> <span class='ocrx_word' id='word_1_114' title='bbox 2397 568 2625 607; x_wconf 88' lang='lat' dir='ltr'><strong>somnus</strong></span> <span class='ocrx_word' id='word_1_115' title='bbox 2668 551 3017 606; x_wconf 87' lang='lat' dir='ltr'><strong>monachum.</strong></span> <span class='ocrx_word' id='word_1_116' title='bbox 3073 550 3231 604; x_wconf 90' lang='lat' dir='ltr'><strong>Sicut</strong></span> <span class='ocrx_word' id='word_1_117' title='bbox 3287 549 3474 618; x_wconf 90' lang='lat' dir='ltr'><strong>spinae</strong></span> <span class='ocrx_word' id='word_1_118' title='bbox 3525 559 3577 603; x_wconf 91' lang='lat' dir='ltr'><strong>et</strong></span> <span class='ocrx_word' id='word_1_119' title='bbox 3629 556 3778 613; x_wconf 85' lang='lat' dir='ltr'><strong>tribuli</strong></span> 
     </span>
    </p>
   </div>
   <div class='ocr_carea' id='block_1_19' title="bbox 2257 642 3781 715">
    <p class='ocr_par' dir='ltr' id='par_1_19' title="bbox 2257 642 3781 715">
     <span class='ocr_line' id='line_1_19' title="bbox 2257 642 3781 715; baseline 0.002 -16"><span class='ocrx_word' id='word_1_120' title='bbox 2257 661 2386 715; x_wconf 87' lang='lat' dir='ltr'><strong>agro</strong></span> <span class='ocrx_word' id='word_1_121' title='bbox 2419 645 2623 714; x_wconf 89' lang='lat' dir='ltr'><strong>opimo,</strong></span> <span class='ocrx_word' id='word_1_122' title='bbox 2651 645 2732 698; x_wconf 90' lang='lat' dir='ltr'><strong>sic</strong></span> <span class='ocrx_word' id='word_1_123' title='bbox 2771 653 2827 698; x_wconf 89' lang='lat' dir='ltr'><strong>et</strong></span> <span class='ocrx_word' id='word_1_124' title='bbox 2863 642 3224 712; x_wconf 87' lang='lat' dir='ltr'><strong>cogitationes</strong></span> <span class='ocrx_word' id='word_1_125' title='bbox 3262 648 3452 709; x_wconf 85' lang='lat' dir='ltr'><strong>turpes</strong></span> <span class='ocrx_word' id='word_1_126' title='bbox 3482 643 3718 709; x_wconf 84' lang='lat' dir='ltr'><strong>pessimae</strong></span> <span class='ocrx_word' id='word_1_127' title='bbox 3739 649 3781 702; x_wconf 92' lang='lat' dir='ltr'><strong>in</strong></span> 
     </span>
    </p>
   </div>
   <div class='ocr_carea' id='block_1_20' title="bbox 2257 731 3785 790">
    <p class='ocr_par' dir='ltr' id='par_1_20' title="bbox 2257 731 3785 790">
     <span class='ocr_line' id='line_1_20' title="bbox 2257 731 3785 790; baseline 0.001 -1"><span class='ocrx_word' id='word_1_128' title='bbox 2257 736 2424 789; x_wconf 89' lang='lat' dir='ltr'><strong>corde</strong></span> <span class='ocrx_word' id='word_1_129' title='bbox 2468 734 2740 788; x_wconf 87' lang='lat' dir='ltr'><strong>monachi.</strong></span> <span class='ocrx_word' id='word_1_130' title='bbox 2791 733 2950 787; x_wconf 91' lang='lat' dir='ltr'><strong>Sicut</strong></span> <span class='ocrx_word' id='word_1_131' title='bbox 2995 733 3144 786; x_wconf 87' lang='lat' dir='ltr'><strong>tinea</strong></span> <span class='ocrx_word' id='word_1_132' title='bbox 3181 731 3508 785; x_wconf 82' lang='lat' dir='ltr'><strong>exterminat</strong></span> <span class='ocrx_word' id='word_1_133' title='bbox 3539 735 3785 790; x_wconf 86' lang='lat' dir='ltr'><strong>vestimen-</strong></span> 
     </span>
    </p>
   </div>
   <div class='ocr_carea' id='block_1_21' title="bbox 2260 821 3785 889">
    <p class='ocr_par' dir='ltr' id='par_1_21' title="bbox 2260 821 3785 889">
     <span class='ocr_line' id='line_1_21' title="bbox 2260 821 3785 889; baseline 0.002 -11"><span class='ocrx_word' id='word_1_134' title='bbox 2260 836 2408 889; x_wconf 85' lang='lat' dir='ltr'><strong>tum,</strong></span> <span class='ocrx_word' id='word_1_135' title='bbox 2459 827 2536 880; x_wconf 89' lang='lat' dir='ltr'><strong>sic</strong></span> <span class='ocrx_word' id='word_1_136' title='bbox 2583 824 2969 878; x_wconf 85' lang='lat' dir='ltr'><strong>distractiones</strong></span> <span class='ocrx_word' id='word_1_137' title='bbox 3015 821 3251 877; x_wconf 90' lang='lat' dir='ltr'><strong>animam</strong></span> <span class='ocrx_word' id='word_1_138' title='bbox 3299 822 3566 876; x_wconf 86' lang='lat' dir='ltr'><strong>monachi.</strong></span> <span class='ocrx_word' id='word_1_139' title='bbox 3607 823 3709 879; x_wconf 87' lang='lat' dir='ltr'><strong>Noli</strong></span> <span class='ocrx_word' id='word_1_140' title='bbox 3746 840 3785 884; x_wconf 85' lang='lat' dir='ltr'><strong>te</strong></span> 
     </span>
    </p>
   </div>
   <div class='ocr_carea' id='block_1_22' title="bbox 2258 914 3786 986">
    <p class='ocr_par' dir='ltr' id='par_1_22' title="bbox 2258 914 3786 986">
     <span class='ocr_line' id='line_1_22' title="bbox 2258 914 3786 986; baseline 0.002 -15"><span class='ocrx_word' id='word_1_141' title='bbox 2258 918 2388 972; x_wconf 90' lang='lat' dir='ltr'><strong>dare</strong></span> <span class='ocrx_word' id='word_1_142' title='bbox 2419 918 2485 971; x_wconf 89' lang='lat' dir='ltr'><strong>ad</strong></span> <span class='ocrx_word' id='word_1_143' title='bbox 2522 917 2855 986; x_wconf 91' lang='lat' dir='ltr'><strong>colloquium</strong></span> <span class='ocrx_word' id='word_1_144' title='bbox 2898 916 3214 977; x_wconf 88' lang='lat' dir='ltr'><strong>mulierum,</strong></span> <span class='ocrx_word' id='word_1_145' title='bbox 3245 929 3316 968; x_wconf 88' lang='lat' dir='ltr'><strong>ne</strong></span> <span class='ocrx_word' id='word_1_146' title='bbox 3357 914 3454 967; x_wconf 79' lang='lat' dir='ltr'><strong>tias</strong></span> <span class='ocrx_word' id='word_1_147' title='bbox 3487 927 3738 983; x_wconf 87' lang='lat' dir='ltr'><strong>separatus</strong></span> <span class='ocrx_word' id='word_1_148' title='bbox 3763 938 3786 974; x_wconf 70' lang='grc' dir='ltr'>ι</span> 
     </span>
    </p>
   </div>
   <div class='ocr_carea' id='block_1_23' title="bbox 2257 1007 3789 1079">
    <p class='ocr_par' dir='ltr' id='par_1_23' title="bbox 2257 1007 3789 1079">
     <span class='ocr_line' id='line_1_23' title="bbox 2257 1007 3789 1079; baseline 0.001 -16"><span class='ocrx_word' id='word_1_149' title='bbox 2257 1025 2426 1079; x_wconf 87' lang='lat' dir='ltr'><strong>regno</strong></span> <span class='ocrx_word' id='word_1_150' title='bbox 2451 1009 2582 1072; x_wconf 88' lang='lat' dir='ltr'><strong>Dei;</strong></span> <span class='ocrx_word' id='word_1_151' title='bbox 2607 1018 2665 1063; x_wconf 90' lang='lat' dir='ltr'><strong>et</strong></span> <span class='ocrx_word' id='word_1_152' title='bbox 2698 1024 2767 1062; x_wconf 90' lang='lat' dir='ltr'><strong>ne</strong></span> <span class='ocrx_word' id='word_1_153' title='bbox 2805 1009 2941 1062; x_wconf 85' lang='lat' dir='ltr'><strong>velis</strong></span> <span class='ocrx_word' id='word_1_154' title='bbox 2970 1007 3154 1062; x_wconf 89' lang='lat' dir='ltr'><strong>dicere</strong></span> <span class='ocrx_word' id='word_1_155' title='bbox 3188 1024 3200 1058; x_wconf 92' lang='lat'><strong>:</strong></span> <span class='ocrx_word' id='word_1_156' title='bbox 3233 1007 3427 1076; x_wconf 89' lang='lat' dir='ltr'><strong>loquar</strong></span> <span class='ocrx_word' id='word_1_157' title='bbox 3449 1022 3569 1059; x_wconf 90' lang='lat' dir='ltr'><strong>cum</strong></span> <span class='ocrx_word' id='word_1_158' title='bbox 3602 1009 3789 1064; x_wconf 84' lang='lat' dir='ltr'><strong>muliere</strong></span> 
     </span>
    </p>
   </div>
   <div class='ocr_carea' id='block_1_24' title="bbox 2259 1098 3790 1167">
    <p class='ocr_par' dir='ltr' id='par_1_24' title="bbox 2259 1098 3790 1167">
     <span class='ocr_line' id='line_1_24' title="bbox 2259 1098 3790 1167; baseline 0.003 -14"><span class='ocrx_word' id='word_1_159' title='bbox 2259 1110 2314 1153; x_wconf 86' lang='lat' dir='ltr'><strong>et</strong></span> <span class='ocrx_word' id='word_1_160' title='bbox 2348 1099 2588 1154; x_wconf 84' lang='lat' dir='ltr'><strong>mundus</strong></span> <span class='ocrx_word' id='word_1_161' title='bbox 2633 1115 2774 1154; x_wconf 91' lang='lat' dir='ltr'><strong>sum.</strong></span> <span class='ocrx_word' id='word_1_162' title='bbox 2821 1098 3119 1152; x_wconf 83' lang='lat' dir='ltr'><strong>Monachus</strong></span> <span class='ocrx_word' id='word_1_163' title='bbox 3163 1098 3382 1167; x_wconf 87' lang='lat' dir='ltr'><strong>sapiens</strong></span> <span class='ocrx_word' id='word_1_164' title='bbox 3428 1098 3544 1151; x_wconf 90' lang='lat' dir='ltr'><strong>suis</strong></span> <span class='ocrx_word' id='word_1_165' title='bbox 3582 1102 3790 1157; x_wconf 87' lang='lat' dir='ltr'><strong>manibus</strong></span> 
     </span>
    </p>
   </div>
   <div class='ocr_carea' id='block_1_25' title="bbox 2259 1189 3793 1260">
    <p class='ocr_par' dir='ltr' id='par_1_25' title="bbox 2259 1189 3793 1260">
     <span class='ocr_line' id='line_1_25' title="bbox 2259 1189 3793 1260; baseline 0.003 -16"><span class='ocrx_word' id='word_1_166' title='bbox 2259 1200 2519 1260; x_wconf 85' lang='lat' dir='ltr'><strong>operatur</strong></span> <span class='ocrx_word' id='word_1_167' title='bbox 2555 1201 2612 1245; x_wconf 89' lang='lat' dir='ltr'><strong>et</strong></span> <span class='ocrx_word' id='word_1_168' title='bbox 2659 1191 2864 1245; x_wconf 88' lang='lat' dir='ltr'><strong>victum</strong></span> <span class='ocrx_word' id='word_1_169' title='bbox 2915 1190 3021 1244; x_wconf 89' lang='lat' dir='ltr'><strong>sibi</strong></span> <span class='ocrx_word' id='word_1_170' title='bbox 3075 1189 3457 1258; x_wconf 89' lang='lat' dir='ltr'><strong>quotidianum</strong></span> <span class='ocrx_word' id='word_1_171' title='bbox 3500 1191 3714 1258; x_wconf 84' lang='lat' dir='ltr'><strong>acquirit</strong></span> <span class='ocrx_word' id='word_1_172' title='bbox 3751 1204 3793 1248; x_wconf 86' lang='lat' dir='ltr'><strong>et</strong></span> 
     </span>
    </p>
   </div>
   <div class='ocr_carea' id='block_1_26' title="bbox 2259 1283 3793 1347">
    <p class='ocr_par' dir='ltr' id='par_1_26' title="bbox 2259 1283 3793 1347">
     <span class='ocr_line' id='line_1_26' title="bbox 2259 1283 3793 1347; baseline 0.002 -10"><span class='ocrx_word' id='word_1_173' title='bbox 2259 1285 2504 1338; x_wconf 90' lang='lat' dir='ltr'><strong>lucratus</strong></span> <span class='ocrx_word' id='word_1_174' title='bbox 2542 1293 2628 1337; x_wconf 89' lang='lat' dir='ltr'><strong>est</strong></span> <span class='ocrx_word' id='word_1_175' title='bbox 2669 1284 2946 1337; x_wconf 85' lang='lat' dir='ltr'><strong>orationes</strong></span> <span class='ocrx_word' id='word_1_176' title='bbox 2985 1290 3041 1336; x_wconf 90' lang='lat' dir='ltr'><strong>et</strong></span> <span class='ocrx_word' id='word_1_177' title='bbox 3075 1283 3280 1336; x_wconf 92' lang='lat' dir='ltr'><strong>ieiunia</strong></span> <span class='ocrx_word' id='word_1_178' title='bbox 3312 1298 3439 1347; x_wconf 89' lang='lat' dir='ltr'><strong>sua;</strong></span> <span class='ocrx_word' id='word_1_179' title='bbox 3469 1283 3513 1336; x_wconf 89' lang='lat' dir='ltr'><strong>si</strong></span> <span class='ocrx_word' id='word_1_180' title='bbox 3551 1294 3712 1339; x_wconf 87' lang='lat' dir='ltr'><strong>autem</strong></span> <span class='ocrx_word' id='word_1_181' title='bbox 3742 1289 3793 1340; x_wconf 79' lang='lat' dir='ltr'><strong>ah</strong></span> 
     </span>
    </p>
   </div>
   <div class='ocr_carea' id='block_1_27' title="bbox 2261 1373 3794 1444">
    <p class='ocr_par' dir='ltr' id='par_1_27' title="bbox 2261 1373 3794 1444">
     <span class='ocr_line' id='line_1_27' title="bbox 2261 1373 3794 1444; baseline 0.001 -15"><span class='ocrx_word' id='word_1_182' title='bbox 2261 1376 2368 1429; x_wconf 90' lang='lat' dir='ltr'><strong>alio</strong></span> <span class='ocrx_word' id='word_1_183' title='bbox 2413 1375 2688 1444; x_wconf 80' lang='lat' dir='ltr'><strong>acceperit</strong></span> <span class='ocrx_word' id='word_1_184' title='bbox 2726 1375 2952 1438; x_wconf 87' lang='lat' dir='ltr'><strong>victum,</strong></span> <span class='ocrx_word' id='word_1_185' title='bbox 2985 1375 3116 1444; x_wconf 90' lang='lat' dir='ltr'><strong>quid</strong></span> <span class='ocrx_word' id='word_1_186' title='bbox 3162 1373 3386 1444; x_wconf 85' lang='lat' dir='ltr'><strong>prodest</strong></span> <span class='ocrx_word' id='word_1_187' title='bbox 3426 1373 3572 1442; x_wconf 92' lang='lat' dir='ltr'><strong>quod</strong></span> <span class='ocrx_word' id='word_1_188' title='bbox 3619 1384 3724 1428; x_wconf 83' lang='lat' dir='ltr'><strong>orat</strong></span> <span class='ocrx_word' id='word_1_189' title='bbox 3753 1388 3794 1430; x_wconf 85' lang='lat' dir='ltr'><strong>et</strong></span> 
     </span>
    </p>
   </div>
   <div class='ocr_carea' id='block_1_28' title="bbox 2260 1465 3790 1536">
    <p class='ocr_par' dir='ltr' id='par_1_28' title="bbox 2260 1465 3790 1536">
     <span class='ocr_line' id='line_1_28' title="bbox 2260 1465 3790 1536; baseline 0.001 -17"><span class='ocrx_word' id='word_1_190' title='bbox 2260 1467 2479 1536; x_wconf 85' lang='lat' dir='ltr'><strong>vigilat?</strong></span> <span class='ocrx_word' id='word_1_191' title='bbox 2527 1467 2680 1521; x_wconf 90' lang='lat' dir='ltr'><strong>Sicut</strong></span> <span class='ocrx_word' id='word_1_192' title='bbox 2734 1467 3111 1521; x_wconf 87' lang='lat' dir='ltr'><strong>mercenarius</strong></span> <span class='ocrx_word' id='word_1_193' title='bbox 3171 1466 3347 1520; x_wconf 90' lang='lat' dir='ltr'><strong>malus</strong></span> <span class='ocrx_word' id='word_1_194' title='bbox 3397 1465 3579 1518; x_wconf 90' lang='lat' dir='ltr'><strong>nudus</strong></span> <span class='ocrx_word' id='word_1_195' title='bbox 3619 1467 3790 1533; x_wconf 88' lang='lat' dir='ltr'><strong>evadit;</strong></span> 
     </span>
    </p>
   </div>
   <div class='ocr_carea' id='block_1_29' title="bbox 2262 1558 3790 1629">
    <p class='ocr_par' dir='ltr' id='par_1_29' title="bbox 2262 1558 3790 1629">
     <span class='ocr_line' id='line_1_29' title="bbox 2262 1558 3790 1629; baseline 0.001 -18"><span class='ocrx_word' id='word_1_196' title='bbox 2262 1559 2390 1628; x_wconf 91' lang='lat' dir='ltr'><strong>quia</strong></span> <span class='ocrx_word' id='word_1_197' title='bbox 2410 1559 2672 1628; x_wconf 84' lang='lat' dir='ltr'><strong>scriptum</strong></span> <span class='ocrx_word' id='word_1_198' title='bbox 2713 1569 2796 1612; x_wconf 86' lang='lat' dir='ltr'><strong>est</strong></span> <span class='ocrx_word' id='word_1_199' title='bbox 2817 1577 2828 1611; x_wconf 87' lang='lat'><strong>:</strong></span> <span class='ocrx_word' id='word_1_200' title='bbox 2847 1558 3033 1616; x_wconf 82' lang='lat' dir='ltr'><strong>Melius</strong></span> <span class='ocrx_word' id='word_1_201' title='bbox 3056 1569 3130 1611; x_wconf 84' lang='lat' dir='ltr'><strong>est</strong></span> <span class='ocrx_word' id='word_1_202' title='bbox 3155 1559 3282 1612; x_wconf 85' lang='lat' dir='ltr'><strong>dare</strong></span> <span class='ocrx_word' id='word_1_203' title='bbox 3297 1575 3458 1629; x_wconf 73' lang='lat' dir='ltr'><strong>quam</strong></span> <span class='ocrx_word' id='word_1_204' title='bbox 3484 1561 3699 1628; x_wconf 72' lang='lat' dir='ltr'><strong>accipere</strong></span> <span class='ocrx_word' id='word_1_205' title='bbox 3719 1560 3790 1624; x_wconf 64' lang='grc' dir='ltr'><strong>(ἰ).</strong></span> 
     </span>
    </p>
   </div>
   <div class='ocr_carea' id='block_1_30' title="bbox 2262 1647 3794 1720">
    <p class='ocr_par' dir='ltr' id='par_1_30' title="bbox 2262 1647 3794 1720">
     <span class='ocr_line' id='line_1_30' title="bbox 2262 1647 3794 1720; baseline 0 -18"><span class='ocrx_word' id='word_1_206' title='bbox 2262 1651 2364 1716; x_wconf 85' lang='lat' dir='ltr'><strong>Qui</strong></span> <span class='ocrx_word' id='word_1_207' title='bbox 2405 1650 2575 1718; x_wconf 82' lang='lat' dir='ltr'><strong>legis,</strong></span> <span class='ocrx_word' id='word_1_208' title='bbox 2619 1651 2860 1720; x_wconf 81' lang='lat' dir='ltr'><strong>intellige</strong></span> <span class='ocrx_word' id='word_1_209' title='bbox 2919 1650 2976 1703; x_wconf 93' lang='lat' dir='ltr'><strong>in</strong></span> <span class='ocrx_word' id='word_1_210' title='bbox 3017 1649 3248 1704; x_wconf 88' lang='lat' dir='ltr'><strong>Domino</strong></span> <span class='ocrx_word' id='word_1_211' title='bbox 3309 1664 3548 1717; x_wconf 86' lang='lat' dir='ltr'><strong>semper.</strong></span> <span class='ocrx_word' id='word_1_212' title='bbox 3605 1647 3794 1716; x_wconf 73' lang='lat' dir='ltr'><strong>Explia&#39;t</strong></span> 
     </span>
    </p>
   </div>
   <div class='ocr_carea' id='block_1_31' title="bbox 2263 1740 3792 1812">
    <p class='ocr_par' dir='ltr' id='par_1_31' title="bbox 2263 1740 3792 1812">
     <span class='ocr_line' id='line_1_31' title="bbox 2263 1740 3792 1812; baseline 0.001 -18"><span class='ocrx_word' id='word_1_213' title='bbox 2263 1741 2485 1812; x_wconf 82' lang='lat' dir='ltr'><strong>epistola</strong></span> <span class='ocrx_word' id='word_1_214' title='bbox 2517 1741 2654 1795; x_wconf 85' lang='lat' dir='ltr'><strong>beati</strong></span> <span class='ocrx_word' id='word_1_215' title='bbox 2685 1741 2944 1797; x_wconf 80' lang='lat' dir='ltr'><strong>Macharii</strong></span> <span class='ocrx_word' id='word_1_216' title='bbox 2971 1742 3171 1796; x_wconf 81' lang='lat' dir='ltr'><strong>abbatis</strong></span> <span class='ocrx_word' id='word_1_217' title='bbox 3187 1741 3314 1795; x_wconf 86' lang='lat' dir='ltr'><strong>data</strong></span> <span class='ocrx_word' id='word_1_218' title='bbox 3345 1741 3414 1795; x_wconf 85' lang='lat' dir='ltr'><strong>ad</strong></span> <span class='ocrx_word' id='word_1_219' title='bbox 3445 1740 3792 1812; x_wconf 77' lang='lat' dir='ltr'><strong>monachos(5).</strong></span> 
     </span>
    </p>
   </div>
   <div class='ocr_carea' id='block_1_32' title="bbox 2090 1856 2344 1914">
    <p class='ocr_par' dir='ltr' id='par_1_32' title="bbox 2090 1856 2344 1914">
     <span class='ocr_line' id='line_1_32' title="bbox 2090 1856 2344 1914; baseline 0.012 -3"><span class='ocrx_word' id='word_1_220' title='bbox 2090 1856 2344 1914; x_wconf 85' lang='lat' dir='ltr'><strong>NOTAE.</strong></span> 
     </span>
    </p>
   </div>
   <div class='ocr_carea' id='block_1_33' title="bbox 652 1975 1124 2120">
    <p class='ocr_par' dir='ltr' id='par_1_33' title="bbox 652 1975 1124 2120">
     <span class='ocr_line' id='line_1_33' title="bbox 674 1975 1124 2044; baseline 0.002 -15"><span class='ocrx_word' id='word_1_221' title='bbox 674 1975 731 2044; x_wconf 72' lang='grc'><strong>2)</strong></span> <span class='ocrx_word' id='word_1_222' title='bbox 760 1976 880 2031; x_wconf 86' lang='lat' dir='ltr'><strong>Act.</strong></span> <span class='ocrx_word' id='word_1_223' title='bbox 912 1993 1004 2038; x_wconf 75' lang='lat' dir='ltr'><strong>xx,</strong></span> <span class='ocrx_word' id='word_1_224' title='bbox 1036 1976 1124 2030; x_wconf 81' lang='lat'><strong>&#39;55.</strong></span> 
     </span>
     <span class='ocr_line' id='line_1_34' title="bbox 652 1975 1124 2120; baseline -0.006 -18"><span class='ocrx_word' id='word_1_225' title='bbox 652 1975 730 2120; x_wconf 49' lang='lat'><strong>23)</strong></span> <span class='ocrx_word' id='word_1_226' title='bbox 769 2047 860 2102; x_wconf 90' lang='lat' dir='ltr'><strong>Sic</strong></span> <span class='ocrx_word' id='word_1_227' title='bbox 891 2049 1013 2102; x_wconf 90' lang='lat' dir='ltr'><strong>cod.</strong></span> <span class='ocrx_word' id='word_1_228' title='bbox 1041 2047 1124 2100; x_wconf 78' lang='lat' dir='ltr'><strong>Bl‘l</strong></span> 
     </span>
    </p>
   </div>
   <div class='ocr_carea' id='block_1_34' title="bbox 677 2038 3067 2117">
    <p class='ocr_par' dir='ltr' id='par_1_34' title="bbox 677 2038 3067 2117">
     <span class='ocr_line' id='line_1_35' title="bbox 677 2038 3067 2117; baseline -0.005 -15"><span class='ocrx_word' id='word_1_229' title='bbox 677 2038 730 2117; x_wconf 79' lang='grc'><strong>5)</strong></span> <span class='ocrx_word' id='word_1_230' title='bbox 769 2047 860 2102; x_wconf 90' lang='lat' dir='ltr'><strong>Sic</strong></span> <span class='ocrx_word' id='word_1_231' title='bbox 891 2049 1013 2102; x_wconf 90' lang='lat' dir='ltr'><strong>cod.</strong></span> <span class='ocrx_word' id='word_1_232' title='bbox 1041 2045 1446 2112; x_wconf 78' lang='lat' dir='ltr'><strong>Bruxelleusis;</strong></span> <span class='ocrx_word' id='word_1_233' title='bbox 1483 2045 1684 2099; x_wconf 81' lang='lat' dir='ltr'><strong>abbatis</strong></span> <span class='ocrx_word' id='word_1_234' title='bbox 1719 2044 1846 2097; x_wconf 87' lang='lat' dir='ltr'><strong>data</strong></span> <span class='ocrx_word' id='word_1_235' title='bbox 1887 2042 1956 2096; x_wconf 90' lang='lat' dir='ltr'><strong>ad</strong></span> <span class='ocrx_word' id='word_1_236' title='bbox 1989 2043 2268 2095; x_wconf 86' lang='lat' dir='ltr'><strong>monachos</strong></span> <span class='ocrx_word' id='word_1_237' title='bbox 2303 2056 2413 2094; x_wconf 91' lang='lat' dir='ltr'><strong>om.</strong></span> <span class='ocrx_word' id='word_1_238' title='bbox 2455 2040 2554 2095; x_wconf 84' lang='lat' dir='ltr'><strong>Ed.</strong></span> <span class='ocrx_word' id='word_1_239' title='bbox 2589 2039 2876 2094; x_wconf 90' lang='lat' dir='ltr'><strong>llolstcuii.</strong></span> <span class='ocrx_word' id='word_1_240' title='bbox 2911 2038 3067 2093; x_wconf 83' lang='grc' dir='ltr'><strong>Ευιτ.</strong></span> 
     </span>
    </p>
   </div>
   <div class='ocr_carea' id='block_1_35' title="bbox 617 2212 3792 2244">
    <p class='ocr_par' dir='ltr' id='par_1_35' title="bbox 617 2212 3792 2244">
     <span class='ocr_line' id='line_1_36' title="bbox 617 2212 3792 2244; baseline -0.002 -12"><span class='ocrx_word' id='word_1_241' title='bbox 617 2212 3792 2244; x_wconf 70' lang='lat'><strong>,_____________________._.__.___..___.___—______</strong></span> 
     </span>
    </p>
   </div>
   <div class='ocr_carea' id='block_1_36' title="bbox 2119 2381 2286 2472">
    <p class='ocr_par' dir='ltr' id='par_1_36' title="bbox 2119 2381 2286 2472">
     <span class='ocr_line' id='line_1_37' title="bbox 2119 2381 2286 2472; baseline -0.012 -2"><span class='ocrx_word' id='word_1_242' title='bbox 2119 2381 2286 2472; x_wconf 78' lang='grc' dir='ltr'><strong>ιν.</strong></span> 
     </span>
    </p>
   </div>
   <div class='ocr_carea' id='block_1_37' title="bbox 1475 2587 2980 2684">
    <p class='ocr_par' dir='ltr' id='par_1_37' title="bbox 1475 2587 2980 2684">
     <span class='ocr_line' id='line_1_38' title="bbox 1475 2587 2980 2684; baseline -0.004 0"><span class='ocrx_word' id='word_1_243' title='bbox 1475 2590 2067 2684; x_wconf 84' lang='lat' dir='ltr'><strong>EPISTOLA</strong></span> <span class='ocrx_word' id='word_1_244' title='bbox 2149 2587 2980 2683; x_wconf 82' lang='lat' dir='ltr'><strong>SUPPOSITICIA</strong></span> 
     </span>
    </p>
   </div>
   <div class='ocr_carea' id='block_1_38' title="bbox 1086 2780 3380 2850">
    <p class='ocr_par' dir='ltr' id='par_1_38' title="bbox 1086 2780 3380 2850">
     <span class='ocr_line' id='line_1_39' title="bbox 1086 2780 3380 2850; baseline -0.006 -3"><span class='ocrx_word' id='word_1_245' title='bbox 1086 2794 1180 2848; x_wconf 89' lang='lat' dir='ltr'><strong>sub</strong></span> <span class='ocrx_word' id='word_1_246' title='bbox 1213 2792 1424 2846; x_wconf 82' lang='lat' dir='ltr'><strong>nomine</strong></span> <span class='ocrx_word' id='word_1_247' title='bbox 1446 2785 1705 2842; x_wconf 81' lang='lat' dir='ltr'><strong>Macharii</strong></span> <span class='ocrx_word' id='word_1_248' title='bbox 1727 2804 1757 2838; x_wconf 92' lang='lat' dir='ltr'><strong>a</strong></span> <span class='ocrx_word' id='word_1_249' title='bbox 1781 2782 2095 2838; x_wconf 85' lang='lat' dir='ltr'><strong>Petitdidier</strong></span> <span class='ocrx_word' id='word_1_250' title='bbox 2118 2780 2281 2846; x_wconf 86' lang='lat' dir='ltr'><strong>edita,</strong></span> <span class='ocrx_word' id='word_1_251' title='bbox 2309 2781 2378 2834; x_wconf 86' lang='lat' dir='ltr'><strong>ad</strong></span> <span class='ocrx_word' id='word_1_252' title='bbox 2407 2780 2566 2850; x_wconf 81' lang='lat' dir='ltr'><strong>ﬁdem</strong></span> <span class='ocrx_word' id='word_1_253' title='bbox 2591 2781 2821 2834; x_wconf 80' lang='lat' dir='ltr'><strong>codicum</strong></span> <span class='ocrx_word' id='word_1_254' title='bbox 2844 2781 2926 2834; x_wconf 82' lang='lat' dir='ltr'><strong>hic</strong></span> <span class='ocrx_word' id='word_1_255' title='bbox 2951 2781 3122 2834; x_wconf 83' lang='lat' dir='ltr'><strong>denuo</strong></span> <span class='ocrx_word' id='word_1_256' title='bbox 3145 2796 3380 2834; x_wconf 73' lang='lat' dir='ltr'><strong>excussa.</strong></span> 
     </span>
    </p>
   </div>
   <div class='ocr_carea' id='block_1_39' title="bbox 644 3011 3802 3074">
    <p class='ocr_par' dir='ltr' id='par_1_39' title="bbox 644 3011 3802 3074">
     <span class='ocr_line' id='line_1_40' title="bbox 644 3011 3802 3074; baseline -0.001 -6"><span class='ocrx_word' id='word_1_257' title='bbox 644 3017 759 3068; x_wconf 78' lang='lat' dir='ltr'><strong>Cod.</strong></span> <span class='ocrx_word' id='word_1_258' title='bbox 803 3031 892 3065; x_wconf 89' lang='lat' dir='ltr'><strong>ms.</strong></span> <span class='ocrx_word' id='word_1_259' title='bbox 925 3015 1053 3066; x_wconf 72' lang='lat' dir='ltr'><strong>Bibl.</strong></span> <span class='ocrx_word' id='word_1_260' title='bbox 1081 3015 1222 3064; x_wconf 81' lang='lat' dir='ltr'><strong>Caes.</strong></span> <span class='ocrx_word' id='word_1_261' title='bbox 1266 3012 1475 3062; x_wconf 75' lang='lat' dir='ltr'><strong>\‘indob.</strong></span> <span class='ocrx_word' id='word_1_262' title='bbox 1503 3012 1643 3072; x_wconf 60' lang='lat'><strong>4800,</strong></span> <span class='ocrx_word' id='word_1_263' title='bbox 1664 3011 1780 3061; x_wconf 93' lang='lat' dir='ltr'><strong>olim</strong></span> <span class='ocrx_word' id='word_1_264' title='bbox 1801 3014 1909 3063; x_wconf 85' lang='lat' dir='ltr'><strong>eod.</strong></span> <span class='ocrx_word' id='word_1_265' title='bbox 1937 3015 2094 3063; x_wconf 86' lang='lat' dir='ltr'><strong>theol.</strong></span> <span class='ocrx_word' id='word_1_266' title='bbox 2138 3014 2248 3074; x_wconf 78' lang='grc'><strong>561,</strong></span> <span class='ocrx_word' id='word_1_267' title='bbox 2283 3013 2592 3063; x_wconf 80' lang='lat' dir='ltr'><strong>membranae</strong></span> <span class='ocrx_word' id='word_1_268' title='bbox 2635 3014 2778 3063; x_wconf 85' lang='lat' dir='ltr'><strong>Saec.</strong></span> <span class='ocrx_word' id='word_1_269' title='bbox 2812 3013 2916 3064; x_wconf 81' lang='lat' dir='ltr'><strong>XIV</strong></span> <span class='ocrx_word' id='word_1_270' title='bbox 2949 3013 3032 3063; x_wconf 82' lang='lat' dir='ltr'><strong>fol.</strong></span> <span class='ocrx_word' id='word_1_271' title='bbox 3101 3050 3115 3063; x_wconf 92' lang='lat'><strong>.</strong></span> <span class='ocrx_word' id='word_1_272' title='bbox 3185 3051 3198 3062; x_wconf 96' lang='lat'><strong>.</strong></span> <span class='ocrx_word' id='word_1_273' title='bbox 3268 3050 3283 3063; x_wconf 93' lang='lat'><strong>.</strong></span> <span class='ocrx_word' id='word_1_274' title='bbox 3348 3053 3360 3064; x_wconf 94' lang='lat'><strong>.</strong></span> <span class='ocrx_word' id='word_1_275' title='bbox 3433 3052 3445 3063; x_wconf 93' lang='lat'><strong>.</strong></span> <span class='ocrx_word' id='word_1_276' title='bbox 3518 3053 3531 3064; x_wconf 94' lang='lat'><strong>.</strong></span> <span class='ocrx_word' id='word_1_277' title='bbox 3597 3051 3609 3063; x_wconf 93' lang='lat'><strong>.</strong></span> <span class='ocrx_word' id='word_1_278' title='bbox 3672 3051 3684 3063; x_wconf 97' lang='lat'><strong>.</strong></span> <span class='ocrx_word' id='word_1_279' title='bbox 3770 3017 3802 3066; x_wconf 80' lang='grc' dir='ltr'><strong>Α</strong></span> 
     </span>
    </p>
   </div>
   <div class='ocr_carea' id='block_1_40' title="bbox 646 3074 3802 3134">
    <p class='ocr_par' dir='ltr' id='par_1_40' title="bbox 646 3074 3802 3134">
     <span class='ocr_line' id='line_1_41' title="bbox 646 3074 3802 3134; baseline 0 -9"><span class='ocrx_word' id='word_1_280' title='bbox 646 3081 761 3127; x_wconf 67' lang='lat' dir='ltr'><strong>Cod.</strong></span> <span class='ocrx_word' id='word_1_281' title='bbox 805 3093 879 3126; x_wconf 84' lang='lat' dir='ltr'><strong>ms</strong></span> <span class='ocrx_word' id='word_1_282' title='bbox 937 3074 1428 3134; x_wconf 67' lang='lat' dir='ltr'><strong>Hibl.Burgundicae</strong></span> <span class='ocrx_word' id='word_1_283' title='bbox 1472 3074 1814 3124; x_wconf 82' lang='lat' dir='ltr'><strong>Bruxellensis</strong></span> <span class='ocrx_word' id='word_1_284' title='bbox 1838 3075 1901 3123; x_wconf 79' lang='lat' dir='ltr'><strong>N°</strong></span> <span class='ocrx_word' id='word_1_285' title='bbox 1944 3075 2086 3123; x_wconf 74' lang='lat'><strong>15011</strong></span> <span class='ocrx_word' id='word_1_286' title='bbox 2122 3077 2502 3125; x_wconf 80' lang='lat' dir='ltr'><strong>chartac.Saec.</strong></span> <span class='ocrx_word' id='word_1_287' title='bbox 2540 3077 2622 3128; x_wconf 73' lang='lat' dir='ltr'><strong>XV</strong></span> <span class='ocrx_word' id='word_1_288' title='bbox 2663 3077 2746 3125; x_wconf 81' lang='lat' dir='ltr'><strong>fol.</strong></span> <span class='ocrx_word' id='word_1_289' title='bbox 2816 3111 2828 3125; x_wconf 95' lang='lat'><strong>.</strong></span> <span class='ocrx_word' id='word_1_290' title='bbox 2901 3113 2911 3124; x_wconf 95' lang='lat'><strong>.</strong></span> <span class='ocrx_word' id='word_1_291' title='bbox 2981 3113 2993 3125; x_wconf 95' lang='lat'><strong>.</strong></span> <span class='ocrx_word' id='word_1_292' title='bbox 3064 3113 3077 3125; x_wconf 94' lang='lat'><strong>.</strong></span> <span class='ocrx_word' id='word_1_293' title='bbox 3147 3113 3159 3124; x_wconf 93' lang='lat'><strong>.</strong></span> <span class='ocrx_word' id='word_1_294' title='bbox 3230 3113 3242 3126; x_wconf 91' lang='lat'><strong>.</strong></span> <span class='ocrx_word' id='word_1_295' title='bbox 3313 3115 3325 3126; x_wconf 95' lang='lat'><strong>.</strong></span> <span class='ocrx_word' id='word_1_296' title='bbox 3393 3112 3406 3124; x_wconf 96' lang='lat'><strong>.</strong></span> <span class='ocrx_word' id='word_1_297' title='bbox 3570 3113 3582 3124; x_wconf 95' lang='lat'><strong>.</strong></span> <span class='ocrx_word' id='word_1_298' title='bbox 3647 3114 3657 3124; x_wconf 96' lang='lat'><strong>.</strong></span> <span class='ocrx_word' id='word_1_299' title='bbox 3715 3119 3720 3122; x_wconf 93' lang='lat'><strong>.</strong></span> <span class='ocrx_word' id='word_1_300' title='bbox 3777 3079 3802 3126; x_wconf 82' lang='grc' dir='ltr'><strong>Β</strong></span> 
     </span>
    </p>
   </div>
   <div class='ocr_carea' id='block_1_41' title="bbox 646 3135 2239 3190">
    <p class='ocr_par' dir='ltr' id='par_1_41' title="bbox 646 3135 2239 3190">
     <span class='ocr_line' id='line_1_42' title="bbox 646 3135 2239 3190; baseline -0.003 0"><span class='ocrx_word' id='word_1_301' title='bbox 646 3139 812 3190; x_wconf 80' lang='lat' dir='ltr'><strong>Editio</strong></span> <span class='ocrx_word' id='word_1_302' title='bbox 857 3137 1168 3189; x_wconf 76' lang='lat' dir='ltr'><strong>Petitdidier.</strong></span> <span class='ocrx_word' id='word_1_303' title='bbox 1194 3152 1223 3185; x_wconf 91' lang='lat' dir='ltr'><strong>e</strong></span> <span class='ocrx_word' id='word_1_304' title='bbox 1247 3138 1352 3186; x_wconf 88' lang='lat' dir='ltr'><strong>cod.</strong></span> <span class='ocrx_word' id='word_1_305' title='bbox 1379 3150 1468 3185; x_wconf 87' lang='lat' dir='ltr'><strong>ms.</strong></span> <span class='ocrx_word' id='word_1_306' title='bbox 1495 3136 1720 3186; x_wconf 85' lang='lat' dir='ltr'><strong>abbatiae</strong></span> <span class='ocrx_word' id='word_1_307' title='bbox 1745 3138 1796 3185; x_wconf 90' lang='lat' dir='ltr'><strong>S.</strong></span> <span class='ocrx_word' id='word_1_308' title='bbox 1825 3135 1988 3186; x_wconf 81' lang='lat' dir='ltr'><strong>V&#39;itoni</strong></span> <span class='ocrx_word' id='word_1_309' title='bbox 2009 3137 2239 3186; x_wconf 81' lang='lat' dir='ltr'><strong>adornata</strong></span> 
     </span>
    </p>
   </div>
   <div class='ocr_carea' id='block_1_42' title="bbox 646 3243 3805 3311">
    <p class='ocr_par' dir='ltr' id='par_1_42' title="bbox 646 3243 3805 3311">
     <span class='ocr_line' id='line_1_43' title="bbox 646 3243 3805 3311; baseline 0 -17"><span class='ocrx_word' id='word_1_310' title='bbox 646 3249 836 3300; x_wconf 77' lang='lat' dir='ltr'><strong>Prodiit</strong></span> <span class='ocrx_word' id='word_1_311' title='bbox 863 3249 1069 3311; x_wconf 83' lang='lat' dir='ltr'><strong>cpistola</strong></span> <span class='ocrx_word' id='word_1_312' title='bbox 1092 3247 1216 3295; x_wconf 77' lang='lat' dir='ltr'><strong>haec</strong></span> <span class='ocrx_word' id='word_1_313' title='bbox 1237 3259 1273 3311; x_wconf 87' lang='lat' dir='ltr'><strong>e_</strong></span> <span class='ocrx_word' id='word_1_314' title='bbox 1310 3260 1398 3311; x_wconf 70' lang='lat' dir='ltr'><strong>ms.</strong></span> <span class='ocrx_word' id='word_1_315' title='bbox 1438 3245 1543 3311; x_wconf 73' lang='lat' dir='ltr'><strong>eod.</strong></span> <span class='ocrx_word' id='word_1_316' title='bbox 1570 3243 1872 3311; x_wconf 54' lang='lat' dir='ltr'><strong>abbatiaef.</strong></span> <span class='ocrx_word' id='word_1_317' title='bbox 1898 3244 2072 3311; x_wconf 83' lang='lat' dir='ltr'><strong>Vitoni_</strong></span> <span class='ocrx_word' id='word_1_318' title='bbox 2108 3245 2474 3311; x_wconf 11' lang='lat' dir='ltr'><strong>(S_-V_a_nne)ﬂin</strong></span> <span class='ocrx_word' id='word_1_319' title='bbox 2494 3245 2630 3311; x_wconf 68' lang='lat' dir='ltr'><strong>libro</strong></span> <span class='ocrx_word' id='word_1_320' title='bbox 2646 3249 2731 3308; x_wconf 86' lang='lat' dir='ltr'><strong>qui</strong></span> <span class='ocrx_word' id='word_1_321' title='bbox 2768 3245 3054 3311; x_wconf 70' lang='lat' dir='ltr'><strong>inscribitur</strong></span> <span class='ocrx_word' id='word_1_322' title='bbox 3084 3247 3434 3311; x_wconf 23' lang='lat' dir='ltr'><strong>LARenqutws</strong></span> <span class='ocrx_word' id='word_1_323' title='bbox 3481 3261 3568 3296; x_wconf 84' lang='lat' dir='ltr'><strong>sur</strong></span> <span class='ocrx_word' id='word_1_324' title='bbox 3592 3247 3638 3296; x_wconf 86' lang='lat' dir='ltr'><strong>la</strong></span> <span class='ocrx_word' id='word_1_325' title='bbox 3673 3246 3805 3311; x_wconf 73' lang='lat' dir='ltr'><strong>biblio-</strong></span> 
     </span>
    </p>
   </div>
   <div class='ocr_carea' id='block_1_43' title="bbox 583 3305 3805 3376">
    <p class='ocr_par' dir='ltr' id='par_1_43' title="bbox 583 3305 3805 3376">
     <span class='ocr_line' id='line_1_44' title="bbox 583 3305 3805 3376; baseline -0.001 -14"><span class='ocrx_word' id='word_1_326' title='bbox 583 3314 753 3376; x_wconf 81' lang='lat' dir='ltr'><strong>theque</strong></span> <span class='ocrx_word' id='word_1_327' title='bbox 775 3316 860 3376; x_wconf 68' lang='lat' dir='ltr'><strong>des</strong></span> <span class='ocrx_word' id='word_1_328' title='bbox 884 3305 1078 3376; x_wconf 69' lang='lat' dir='ltr'><strong>duleiq&#39;s</strong></span> <span class='ocrx_word' id='word_1_329' title='bbox 1094 3305 1565 3376; x_wconf 40' lang='lat' dir='ltr'><strong>ecclesiastiqu‘es‘de</strong></span> <span class='ocrx_word' id='word_1_330' title='bbox 1591 3308 1658 3376; x_wconf 48' lang='lat' dir='ltr'><strong>ﬁt.</strong></span> <span class='ocrx_word' id='word_1_331' title='bbox 1687 3307 1899 3376; x_wconf 33' lang='lat' dir='ltr'><strong>l_)uﬁlfin_1</strong></span> <span class='ocrx_word' id='word_1_332' title='bbox 1923 3320 2014 3371; x_wconf 83' lang='lat' dir='ltr'><strong>par</strong></span> <span class='ocrx_word' id='word_1_333' title='bbox 2045 3309 2099 3356; x_wconf 85' lang='grc' dir='ltr'><strong>Ι).</strong></span> <span class='ocrx_word' id='word_1_334' title='bbox 2116 3305 2347 3356; x_wconf 66' lang='lat' dir='ltr'><strong>Mat/ciet:</strong></span> <span class='ocrx_word' id='word_1_335' title='bbox 2388 3305 2711 3376; x_wconf 25' lang='lat' dir='ltr'><strong>‘Petildidiei&#39;.</strong></span> <span class='ocrx_word' id='word_1_336' title='bbox 2726 3307 2895 3376; x_wconf 51' lang='lat' dir='ltr'><strong>Raris.</strong></span> <span class='ocrx_word' id='word_1_337' title='bbox 2923 3307 3061 3358; x_wconf 75' lang='grc'><strong>1692.</strong></span> <span class='ocrx_word' id='word_1_338' title='bbox 3090 3307 3148 3358; x_wconf 84' lang='grc' dir='ltr'><strong>Τ.</strong></span> <span class='ocrx_word' id='word_1_339' title='bbox 3170 3307 3214 3358; x_wconf 82' lang='grc' dir='ltr'><strong><em>ιι</em></strong></span> <span class='ocrx_word' id='word_1_340' title='bbox 3238 3323 3285 3372; x_wconf 92' lang='lat' dir='ltr'><strong>p.</strong></span> <span class='ocrx_word' id='word_1_341' title='bbox 3313 3305 3405 3359; x_wconf 72' lang='grc'><strong>220</strong></span> <span class='ocrx_word' id='word_1_342' title='bbox 3424 3323 3568 3372; x_wconf 84' lang='lat' dir='ltr'><strong>seqq.</strong></span> <span class='ocrx_word' id='word_1_343' title='bbox 3592 3311 3743 3360; x_wconf 76' lang='lat' dir='ltr'><strong>Exstat</strong></span> <span class='ocrx_word' id='word_1_344' title='bbox 3769 3309 3805 3358; x_wconf 78' lang='lat' dir='ltr'><strong>in</strong></span> 
     </span>
    </p>
   </div>
   <div class='ocr_carea' id='block_1_44' title="bbox 585 3367 2803 3432">
    <p class='ocr_par' dir='ltr' id='par_1_44' title="bbox 585 3367 2803 3432">
     <span class='ocr_line' id='line_1_45' title="bbox 585 3367 2803 3432; baseline -0.003 -7"><span class='ocrx_word' id='word_1_345' title='bbox 585 3367 694 3424; x_wconf 60' lang='lat' dir='ltr'><strong>Cod&#39;.</strong></span> <span class='ocrx_word' id='word_1_346' title='bbox 742 3378 785 3424; x_wconf 71' lang='grc' dir='ltr'><strong>Α</strong></span> <span class='ocrx_word' id='word_1_347' title='bbox 833 3373 916 3421; x_wconf 78' lang='lat' dir='ltr'><strong>fol.</strong></span> <span class='ocrx_word' id='word_1_348' title='bbox 959 3369 1066 3431; x_wconf 67' lang='lat'><strong>“6,</strong></span> <span class='ocrx_word' id='word_1_349' title='bbox 1091 3371 1148 3429; x_wconf 77' lang='lat'><strong>2;</strong></span> <span class='ocrx_word' id='word_1_350' title='bbox 1174 3367 1224 3417; x_wconf 87' lang='lat' dir='ltr'><strong>in</strong></span> <span class='ocrx_word' id='word_1_351' title='bbox 1261 3367 1445 3418; x_wconf 51' lang='lat' dir='ltr'><strong>code</strong></span> <span class='ocrx_word' id='word_1_352' title='bbox 1477 3368 1562 3417; x_wconf 83' lang='lat' dir='ltr'><strong>fol.</strong></span> <span class='ocrx_word' id='word_1_353' title='bbox 1586 3367 1666 3429; x_wconf 83' lang='lat'><strong>68,</strong></span> <span class='ocrx_word' id='word_1_354' title='bbox 1691 3369 1736 3418; x_wconf 84' lang='grc'><strong>1.</strong></span> <span class='ocrx_word' id='word_1_355' title='bbox 1765 3368 1836 3418; x_wconf 86' lang='lat' dir='ltr'><strong>Cl&#39;.</strong></span> <span class='ocrx_word' id='word_1_356' title='bbox 1865 3367 2229 3418; x_wconf 59' lang='lat' dir='ltr'><strong>Pannonicos</strong></span> <span class='ocrx_word' id='word_1_357' title='bbox 2275 3383 2423 3432; x_wconf 88' lang='lat' dir='ltr'><strong>supra</strong></span> <span class='ocrx_word' id='word_1_358' title='bbox 2450 3374 2547 3421; x_wconf 88' lang='lat' dir='ltr'><strong>col.</strong></span> <span class='ocrx_word' id='word_1_359' title='bbox 2574 3370 2750 3419; x_wconf 62' lang='lat'><strong>40540</strong></span> <span class='ocrx_word' id='word_1_360' title='bbox 2762 3371 2803 3419; x_wconf 71' lang='grc'><strong>1.</strong></span> 
     </span>
    </p>
   </div>
   <div class='ocr_carea' id='block_1_45' title="bbox 654 3557 3089 3635">
    <p class='ocr_par' dir='ltr' id='par_1_45' title="bbox 654 3557 3089 3635">
     <span class='ocr_line' id='line_1_46' title="bbox 654 3557 3089 3635; baseline 0.001 -17"><span class='ocrx_word' id='word_1_361' title='bbox 654 3562 853 3632; x_wconf 82' lang='lat' dir='ltr'><strong>Incipit</strong></span> <span class='ocrx_word' id='word_1_362' title='bbox 898 3559 1128 3629; x_wconf 89' lang='lat' dir='ltr'><strong>cpistola</strong></span> <span class='ocrx_word' id='word_1_363' title='bbox 1167 3557 1357 3612; x_wconf 80' lang='lat' dir='ltr'><strong>beati‘</strong></span> <span class='ocrx_word' id='word_1_364' title='bbox 1397 3557 1655 3612; x_wconf 82' lang='lat' dir='ltr'><strong>Macharii</strong></span> <span class='ocrx_word' id='word_1_365' title='bbox 1697 3559 1765 3613; x_wconf 88' lang='lat' dir='ltr'><strong>ad</strong></span> <span class='ocrx_word' id='word_1_366' title='bbox 1807 3562 2104 3618; x_wconf 90' lang='lat' dir='ltr'><strong>monachos</strong></span> <span class='ocrx_word' id='word_1_367' title='bbox 2127 3567 2169 3619; x_wconf 74' lang='grc'><strong>³.</strong></span> <span class='ocrx_word' id='word_1_368' title='bbox 2206 3577 2246 3631; x_wconf 77' lang='grc' dir='ltr'><strong>Β</strong></span> <span class='ocrx_word' id='word_1_369' title='bbox 2273 3565 2520 3629; x_wconf 82' lang='lat' dir='ltr'><strong>auferre,</strong></span> <span class='ocrx_word' id='word_1_370' title='bbox 2570 3573 2626 3618; x_wconf 90' lang='lat' dir='ltr'><strong>et</strong></span> <span class='ocrx_word' id='word_1_371' title='bbox 2681 3563 2829 3618; x_wconf 90' lang='lat' dir='ltr'><strong>dicat</strong></span> <span class='ocrx_word' id='word_1_372' title='bbox 2870 3581 3089 3635; x_wconf 85' lang='lat' dir='ltr'><strong>semper</strong></span> 
     </span>
    </p>
   </div>
   <div class='ocr_carea' id='block_1_46' title="bbox 654 3648 2164 3725">
    <p class='ocr_par' dir='ltr' id='par_1_46' title="bbox 654 3648 2164 3725">
     <span class='ocr_line' id='line_1_47' title="bbox 654 3648 2164 3725; baseline -0.002 -16"><span class='ocrx_word' id='word_1_373' title='bbox 654 3653 910 3725; x_wconf 83' lang='lat' dir='ltr'><strong>Inprimis</strong></span> <span class='ocrx_word' id='word_1_374' title='bbox 935 3651 1155 3721; x_wconf 86' lang='lat' dir='ltr'><strong>quidem</strong></span> <span class='ocrx_word' id='word_1_375' title='bbox 1183 3649 1226 3704; x_wconf 91' lang='lat' dir='ltr'><strong>si</strong></span> <span class='ocrx_word' id='word_1_376' title='bbox 1254 3649 1461 3719; x_wconf 89' lang='lat' dir='ltr'><strong>ceperit</strong></span> <span class='ocrx_word' id='word_1_377' title='bbox 1495 3648 1659 3704; x_wconf 91' lang='lat' dir='ltr'><strong>homo</strong></span> <span class='ocrx_word' id='word_1_378' title='bbox 1685 3652 1924 3721; x_wconf 86' lang='lat' dir='ltr'><strong>seipsum</strong></span> <span class='ocrx_word' id='word_1_379' title='bbox 1953 3655 1973 3684; x_wconf 92' lang='grc'>³</span> <span class='ocrx_word' id='word_1_380' title='bbox 2000 3671 2164 3725; x_wconf 85' lang='lat' dir='ltr'><strong>agno-</strong></span> 
     </span>
    </p>
   </div>
   <div class='ocr_carea' id='block_1_47' title="bbox 582 3740 2162 3810">
    <p class='ocr_par' dir='ltr' id='par_1_47' title="bbox 582 3740 2162 3810">
     <span class='ocr_line' id='line_1_48' title="bbox 582 3740 2162 3810; baseline -0.001 -9"><span class='ocrx_word' id='word_1_381' title='bbox 582 3763 737 3801; x_wconf 89' lang='lat' dir='ltr'><strong>scere</strong></span> <span class='ocrx_word' id='word_1_382' title='bbox 770 3761 869 3799; x_wconf 89' lang='lat' dir='ltr'><strong>cur</strong></span> <span class='ocrx_word' id='word_1_383' title='bbox 909 3752 1126 3797; x_wconf 88' lang='lat' dir='ltr'><strong>creatus</strong></span> <span class='ocrx_word' id='word_1_384' title='bbox 1157 3741 1249 3805; x_wconf 90' lang='lat' dir='ltr'><strong>sit,</strong></span> <span class='ocrx_word' id='word_1_385' title='bbox 1275 3752 1328 3795; x_wconf 91' lang='lat' dir='ltr'><strong>et</strong></span> <span class='ocrx_word' id='word_1_386' title='bbox 1353 3740 1677 3810; x_wconf 75' lang='lat' dir='ltr'><strong>exquisierit</strong></span> <span class='ocrx_word' id='word_1_387' title='bbox 1712 3742 1972 3797; x_wconf 83' lang='lat' dir='ltr'><strong>factorem</strong></span> <span class='ocrx_word' id='word_1_388' title='bbox 2003 3760 2162 3798; x_wconf 90' lang='lat' dir='ltr'><strong>suum</strong></span> 
     </span>
    </p>
   </div>
   <div class='ocr_carea' id='block_1_48' title="bbox 583 3832 2168 3904">
    <p class='ocr_par' dir='ltr' id='par_1_48' title="bbox 583 3832 2168 3904">
     <span class='ocr_line' id='line_1_49' title="bbox 583 3832 2168 3904; baseline 0 -12"><span class='ocrx_word' id='word_1_389' title='bbox 583 3840 747 3893; x_wconf 89' lang='lat' dir='ltr'><strong>deum</strong></span> <span class='ocrx_word' id='word_1_390' title='bbox 769 3839 810 3901; x_wconf 58' lang='grc' dir='ltr'><strong>λ,</strong></span> <span class='ocrx_word' id='word_1_391' title='bbox 847 3846 977 3890; x_wconf 86' lang='lat' dir='ltr'><strong>tunc</strong></span> <span class='ocrx_word' id='word_1_392' title='bbox 1005 3835 1139 3889; x_wconf 80' lang='lat' dir='ltr'><strong>sciet</strong></span> <span class='ocrx_word' id='word_1_393' title='bbox 1159 3835 1180 3866; x_wconf 83' lang='grc'><strong><em>⁵</em></strong></span> <span class='ocrx_word' id='word_1_394' title='bbox 1209 3833 1452 3903; x_wconf 89' lang='lat' dir='ltr'><strong>penitere</strong></span> <span class='ocrx_word' id='word_1_395' title='bbox 1489 3832 1557 3887; x_wconf 92' lang='lat' dir='ltr'><strong>de</strong></span> <span class='ocrx_word' id='word_1_396' title='bbox 1589 3833 1717 3898; x_wconf 90' lang='lat' dir='ltr'><strong>hiis,</strong></span> <span class='ocrx_word' id='word_1_397' title='bbox 1749 3851 1861 3904; x_wconf 92' lang='lat' dir='ltr'><strong>que</strong></span> <span class='ocrx_word' id='word_1_398' title='bbox 1893 3837 2168 3892; x_wconf 90' lang='lat' dir='ltr'><strong>commisit</strong></span> 
     </span>
    </p>
   </div>
   <div class='ocr_carea' id='block_1_49' title="bbox 584 3925 2168 4000">
    <p class='ocr_par' dir='ltr' id='par_1_49' title="bbox 584 3925 2168 4000">
     <span class='ocr_line' id='line_1_50' title="bbox 584 3925 2168 4000; baseline 0.001 -17"><span class='ocrx_word' id='word_1_399' title='bbox 584 3930 638 3983; x_wconf 93' lang='lat' dir='ltr'><strong>iu</strong></span> <span class='ocrx_word' id='word_1_400' title='bbox 666 3941 909 3999; x_wconf 89' lang='lat' dir='ltr'><strong>tempore</strong></span> <span class='ocrx_word' id='word_1_401' title='bbox 939 3925 1275 3996; x_wconf 79' lang='lat' dir='ltr'><strong>ncgligencie</strong></span> <span class='ocrx_word' id='word_1_402' title='bbox 1300 3941 1417 3989; x_wconf 90' lang='lat' dir='ltr'><strong>sue,</strong></span> <span class='ocrx_word' id='word_1_403' title='bbox 1445 3933 1502 3978; x_wconf 87' lang='lat' dir='ltr'><strong>et</strong></span> <span class='ocrx_word' id='word_1_404' title='bbox 1526 3925 1604 3979; x_wconf 89' lang='lat' dir='ltr'><strong>sic</strong></span> <span class='ocrx_word' id='word_1_405' title='bbox 1637 3925 1858 3980; x_wconf 88' lang='lat' dir='ltr'><strong>demum</strong></span> <span class='ocrx_word' id='word_1_406' title='bbox 1896 3927 2168 4000; x_wconf 82' lang='lat' dir='ltr'><strong>benignus</strong></span> 
     </span>
    </p>
   </div>
   <div class='ocr_carea' id='block_1_50' title="bbox 583 4017 2166 4090">
    <p class='ocr_par' dir='ltr' id='par_1_50' title="bbox 583 4017 2166 4090">
     <span class='ocr_line' id='line_1_51' title="bbox 583 4017 2166 4090; baseline 0.001 -16"><span class='ocrx_word' id='word_1_407' title='bbox 583 4022 722 4075; x_wconf 87' lang='lat' dir='ltr'><strong>deus</strong></span> <span class='ocrx_word' id='word_1_408' title='bbox 749 4021 769 4050; x_wconf 82' lang='lat'><em>‘</em></span> <span class='ocrx_word' id='word_1_409' title='bbox 807 4019 901 4072; x_wconf 86' lang='lat' dir='ltr'><strong>dat</strong></span> <span class='ocrx_word' id='word_1_410' title='bbox 937 4018 1015 4071; x_wconf 93' lang='lat' dir='ltr'><strong>illi</strong></span> <span class='ocrx_word' id='word_1_411' title='bbox 1050 4017 1335 4072; x_wconf 88' lang='lat' dir='ltr'><strong>tristiciam</strong></span> <span class='ocrx_word' id='word_1_412' title='bbox 1378 4032 1479 4086; x_wconf 91' lang='lat' dir='ltr'><strong>pro</strong></span> <span class='ocrx_word' id='word_1_413' title='bbox 1516 4019 1777 4087; x_wconf 84' lang='lat' dir='ltr'><strong>peccatis,</strong></span> <span class='ocrx_word' id='word_1_414' title='bbox 1816 4029 1872 4074; x_wconf 91' lang='lat' dir='ltr'><strong>et</strong></span> <span class='ocrx_word' id='word_1_415' title='bbox 1903 4032 2025 4090; x_wconf 85' lang='lat' dir='ltr'><strong>post</strong></span> <span class='ocrx_word' id='word_1_416' title='bbox 2061 4022 2166 4077; x_wconf 89' lang='lat' dir='ltr'><strong>ite-</strong></span> 
     </span>
    </p>
   </div>
   <div class='ocr_carea' id='block_1_51' title="bbox 583 4109 2166 4181">
    <p class='ocr_par' dir='ltr' id='par_1_51' title="bbox 583 4109 2166 4181">
     <span class='ocr_line' id='line_1_52' title="bbox 583 4109 2166 4181; baseline -0.001 -14"><span class='ocrx_word' id='word_1_417' title='bbox 583 4129 704 4167; x_wconf 88' lang='lat' dir='ltr'><strong>rum</strong></span> <span class='ocrx_word' id='word_1_418' title='bbox 749 4128 847 4181; x_wconf 84' lang='lat' dir='ltr'><strong>per</strong></span> <span class='ocrx_word' id='word_1_419' title='bbox 894 4125 1046 4164; x_wconf 87' lang='lat' dir='ltr'><strong>suam</strong></span> <span class='ocrx_word' id='word_1_420' title='bbox 1094 4109 1491 4179; x_wconf 79' lang='lat' dir='ltr'><strong>benignitatem</strong></span> <span class='ocrx_word' id='word_1_421' title='bbox 1541 4109 1634 4162; x_wconf 88' lang='lat' dir='ltr'><strong>dat</strong></span> <span class='ocrx_word' id='word_1_422' title='bbox 1686 4109 1763 4164; x_wconf 91' lang='lat' dir='ltr'><strong>illi</strong></span> <span class='ocrx_word' id='word_1_423' title='bbox 1817 4112 2166 4168; x_wconf 80' lang='lat' dir='ltr'><strong>amictionem</strong></span> 
     </span>
    </p>
   </div>
   <div class='ocr_carea' id='block_1_52' title="bbox 583 4198 2168 4272">
    <p class='ocr_par' dir='ltr' id='par_1_52' title="bbox 583 4198 2168 4272">
     <span class='ocr_line' id='line_1_53' title="bbox 583 4198 2168 4272; baseline 0.003 -19"><span class='ocrx_word' id='word_1_424' title='bbox 583 4202 831 4272; x_wconf 76' lang='lat' dir='ltr'><strong>corporis</strong></span> <span class='ocrx_word' id='word_1_425' title='bbox 861 4201 912 4254; x_wconf 93' lang='lat' dir='ltr'><strong>in</strong></span> <span class='ocrx_word' id='word_1_426' title='bbox 943 4202 962 4231; x_wconf 88' lang='lat'><strong><em>&quot;</em></strong></span> <span class='ocrx_word' id='word_1_427' title='bbox 1006 4199 1246 4262; x_wconf 88' lang='lat' dir='ltr'><strong>ieiuniis,</strong></span> <span class='ocrx_word' id='word_1_428' title='bbox 1283 4200 1338 4253; x_wconf 92' lang='lat' dir='ltr'><strong>in</strong></span> <span class='ocrx_word' id='word_1_429' title='bbox 1367 4200 1408 4229; x_wconf 81' lang='lat'><strong>&quot;‘</strong></span> <span class='ocrx_word' id='word_1_430' title='bbox 1447 4198 1667 4268; x_wconf 78' lang='lat' dir='ltr'><strong>vigiliis,</strong></span> <span class='ocrx_word' id='word_1_431' title='bbox 1703 4210 1761 4255; x_wconf 90' lang='lat' dir='ltr'><strong>et</strong></span> <span class='ocrx_word' id='word_1_432' title='bbox 1795 4203 2112 4257; x_wconf 89' lang='lat' dir='ltr'><strong>oracionum</strong></span> <span class='ocrx_word' id='word_1_433' title='bbox 2147 4204 2168 4236; x_wconf 83' lang='grc'>⁸</span> 
     </span>
    </p>
   </div>
   <div class='ocr_carea' id='block_1_53' title="bbox 585 4292 2170 4359">
    <p class='ocr_par' dir='ltr' id='par_1_53' title="bbox 585 4292 2170 4359">
     <span class='ocr_line' id='line_1_54' title="bbox 585 4292 2170 4359; baseline 0.003 -14"><span class='ocrx_word' id='word_1_434' title='bbox 585 4293 908 4347; x_wconf 89' lang='lat' dir='ltr'><strong>iustanciam</strong></span> <span class='ocrx_word' id='word_1_435' title='bbox 936 4294 979 4355; x_wconf 72' lang='grc'><strong>9,</strong></span> <span class='ocrx_word' id='word_1_436' title='bbox 1028 4301 1084 4344; x_wconf 87' lang='lat' dir='ltr'><strong>et</strong></span> <span class='ocrx_word' id='word_1_437' title='bbox 1127 4298 1503 4359; x_wconf 85' lang='lat' dir='ltr'><strong>contemptum</strong></span> <span class='ocrx_word' id='word_1_438' title='bbox 1539 4292 1581 4320; x_wconf 86' lang='grc'><strong>¹⁶</strong></span> <span class='ocrx_word' id='word_1_439' title='bbox 1631 4292 1842 4356; x_wconf 87' lang='lat' dir='ltr'><strong>mundi,</strong></span> <span class='ocrx_word' id='word_1_440' title='bbox 1893 4303 1954 4347; x_wconf 90' lang='lat' dir='ltr'><strong>ut</strong></span> <span class='ocrx_word' id='word_1_441' title='bbox 1993 4294 2170 4351; x_wconf 85' lang='lat' dir='ltr'><strong>libens</strong></span> 
     </span>
    </p>
   </div>
   <div class='ocr_carea' id='block_1_54' title="bbox 587 4381 2168 4445">
    <p class='ocr_par' dir='ltr' id='par_1_54' title="bbox 587 4381 2168 4445">
     <span class='ocr_line' id='line_1_55' title="bbox 587 4381 2168 4445; baseline 0.002 -9"><span class='ocrx_word' id='word_1_442' title='bbox 587 4385 763 4438; x_wconf 84' lang='lat' dir='ltr'><strong>illatas</strong></span> <span class='ocrx_word' id='word_1_443' title='bbox 805 4384 1033 4436; x_wconf 82' lang='lat' dir='ltr'><strong>iniurias</strong></span> <span class='ocrx_word' id='word_1_444' title='bbox 1066 4383 1104 4413; x_wconf 78' lang='lat'>“</span> <span class='ocrx_word' id='word_1_445' title='bbox 1141 4381 1388 4445; x_wconf 69' lang='lat' dir='ltr'><strong>sull‘erat,</strong></span> <span class='ocrx_word' id='word_1_446' title='bbox 1424 4391 1480 4435; x_wconf 89' lang='lat' dir='ltr'><strong>et</strong></span> <span class='ocrx_word' id='word_1_447' title='bbox 1531 4382 1659 4436; x_wconf 93' lang='lat' dir='ltr'><strong>odio</strong></span> <span class='ocrx_word' id='word_1_448' title='bbox 1698 4383 1896 4437; x_wconf 89' lang='lat' dir='ltr'><strong>habeat</strong></span> <span class='ocrx_word' id='word_1_449' title='bbox 1921 4386 1964 4414; x_wconf 80' lang='lat'>&quot;</span> <span class='ocrx_word' id='word_1_450' title='bbox 2005 4401 2168 4440; x_wconf 90' lang='lat' dir='ltr'><strong>onme</strong></span> 
     </span>
    </p>
   </div>
   <div class='ocr_carea' id='block_1_55' title="bbox 585 4472 2168 4548">
    <p class='ocr_par' dir='ltr' id='par_1_55' title="bbox 585 4472 2168 4548">
     <span class='ocr_line' id='line_1_56' title="bbox 585 4472 2168 4548; baseline 0.003 -20"><span class='ocrx_word' id='word_1_451' title='bbox 585 4475 926 4544; x_wconf 88' lang='lat' dir='ltr'><strong>relrigerium</strong></span> <span class='ocrx_word' id='word_1_452' title='bbox 959 4473 1262 4542; x_wconf 86' lang='lat' dir='ltr'><strong>corporale,</strong></span> <span class='ocrx_word' id='word_1_453' title='bbox 1296 4483 1352 4526; x_wconf 87' lang='lat' dir='ltr'><strong>et</strong></span> <span class='ocrx_word' id='word_1_454' title='bbox 1387 4472 1578 4542; x_wconf 86' lang='lat' dir='ltr'><strong>diligat</strong></span> <span class='ocrx_word' id='word_1_455' title='bbox 1612 4473 1654 4502; x_wconf 90' lang='grc'><strong>¹³</strong></span> <span class='ocrx_word' id='word_1_456' title='bbox 1685 4474 1959 4542; x_wconf 89' lang='lat' dir='ltr'><strong>planctum</strong></span> <span class='ocrx_word' id='word_1_457' title='bbox 1995 4478 2168 4548; x_wconf 81' lang='lat' dir='ltr'><strong>magis</strong></span> 
     </span>
    </p>
   </div>
   <div class='ocr_carea' id='block_1_56' title="bbox 584 4564 2171 4637">
    <p class='ocr_par' dir='ltr' id='par_1_56' title="bbox 584 4564 2171 4637">
     <span class='ocr_line' id='line_1_57' title="bbox 584 4564 2171 4637; baseline 0.003 -17"><span class='ocrx_word' id='word_1_458' title='bbox 584 4584 748 4637; x_wconf 78' lang='lat' dir='ltr'><strong>qliam</strong></span> <span class='ocrx_word' id='word_1_459' title='bbox 794 4567 982 4620; x_wconf 85' lang='lat' dir='ltr'><strong>risum.</strong></span> <span class='ocrx_word' id='word_1_460' title='bbox 1031 4568 1158 4618; x_wconf 81' lang='lat' dir='ltr'><strong>Post</strong></span> <span class='ocrx_word' id='word_1_461' title='bbox 1209 4565 1310 4618; x_wconf 90' lang='lat' dir='ltr'><strong>hec</strong></span> <span class='ocrx_word' id='word_1_462' title='bbox 1349 4564 1555 4618; x_wconf 88' lang='lat' dir='ltr'><strong>tribuet</strong></span> <span class='ocrx_word' id='word_1_463' title='bbox 1598 4564 1676 4618; x_wconf 89' lang='lat' dir='ltr'><strong>illi</strong></span> <span class='ocrx_word' id='word_1_464' title='bbox 1723 4565 2078 4633; x_wconf 90' lang='lat' dir='ltr'><strong>desiderium,</strong></span> <span class='ocrx_word' id='word_1_465' title='bbox 2113 4579 2171 4624; x_wconf 87' lang='lat' dir='ltr'><strong>et</strong></span> 
     </span>
    </p>
   </div>
   <div class='ocr_carea' id='block_1_57' title="bbox 583 4655 2168 4721">
    <p class='ocr_par' dir='ltr' id='par_1_57' title="bbox 583 4655 2168 4721">
     <span class='ocr_line' id='line_1_58' title="bbox 583 4655 2168 4721; baseline 0.001 -9"><span class='ocrx_word' id='word_1_466' title='bbox 583 4660 794 4721; x_wconf 70' lang='lat' dir='ltr'><strong>ﬂetuum,</strong></span> <span class='ocrx_word' id='word_1_467' title='bbox 829 4667 884 4711; x_wconf 90' lang='lat' dir='ltr'><strong>et</strong></span> <span class='ocrx_word' id='word_1_468' title='bbox 916 4656 1280 4710; x_wconf 89' lang='lat' dir='ltr'><strong>humilitatem</strong></span> <span class='ocrx_word' id='word_1_469' title='bbox 1308 4655 1351 4686; x_wconf 73' lang='lat'><em>“</em></span> <span class='ocrx_word' id='word_1_470' title='bbox 1379 4655 1562 4709; x_wconf 87' lang='lat' dir='ltr'><strong>cordis</strong></span> <span class='ocrx_word' id='word_1_471' title='bbox 1585 4656 1649 4720; x_wconf 77' lang='grc'><strong>’⁵,</strong></span> <span class='ocrx_word' id='word_1_472' title='bbox 1684 4666 1746 4710; x_wconf 91' lang='lat' dir='ltr'><strong>ut</strong></span> <span class='ocrx_word' id='word_1_473' title='bbox 1781 4658 1992 4713; x_wconf 91' lang='lat' dir='ltr'><strong>trabem</strong></span> <span class='ocrx_word' id='word_1_474' title='bbox 2021 4657 2168 4714; x_wconf 83' lang='lat' dir='ltr'><strong>oculi</strong></span> 
     </span>
    </p>
   </div>
   <div class='ocr_carea' id='block_1_58' title="bbox 585 4745 2165 4811">
    <p class='ocr_par' dir='ltr' id='par_1_58' title="bbox 585 4745 2165 4811">
     <span class='ocr_line' id='line_1_59' title="bbox 585 4745 2165 4811; baseline 0 -7"><span class='ocrx_word' id='word_1_475' title='bbox 585 4750 669 4804; x_wconf 91' lang='lat' dir='ltr'><strong>sui</strong></span> <span class='ocrx_word' id='word_1_476' title='bbox 703 4749 1032 4811; x_wconf 79' lang='lat' dir='ltr'><strong>consideret,</strong></span> <span class='ocrx_word' id='word_1_477' title='bbox 1070 4761 1178 4800; x_wconf 90' lang='lat' dir='ltr'><strong>nou</strong></span> <span class='ocrx_word' id='word_1_478' title='bbox 1215 4747 1256 4776; x_wconf 79' lang='lat'>&quot;</span> <span class='ocrx_word' id='word_1_479' title='bbox 1301 4745 1529 4800; x_wconf 88' lang='lat' dir='ltr'><strong>alterius</strong></span> <span class='ocrx_word' id='word_1_480' title='bbox 1571 4745 1834 4800; x_wconf 83' lang='lat' dir='ltr'><strong>festucam</strong></span> <span class='ocrx_word' id='word_1_481' title='bbox 1879 4747 2093 4804; x_wconf 90' lang='lat' dir='ltr'><strong>nitatur</strong></span> <span class='ocrx_word' id='word_1_482' title='bbox 2122 4750 2165 4781; x_wconf 74' lang='grc'><strong>¹⁷</strong></span> 
     </span>
    </p>
   </div>
   <div class='ocr_carea' id='block_1_59' title="bbox 3132 3567 3805 3638">
    <p class='ocr_par' dir='ltr' id='par_1_59' title="bbox 3132 3567 3805 3638">
     <span class='ocr_line' id='line_1_60' title="bbox 3132 3567 3805 3638; baseline -0.001 -18"><span class='ocrx_word' id='word_1_483' title='bbox 3132 3584 3146 3620; x_wconf 91' lang='lat'><strong>:</strong></span> <span class='ocrx_word' id='word_1_484' title='bbox 3191 3569 3452 3638; x_wconf 89' lang='lat' dir='ltr'><strong>quoniam</strong></span> <span class='ocrx_word' id='word_1_485' title='bbox 3507 3567 3805 3637; x_wconf 75' lang='lat' dir='ltr'><strong>iniquitatem</strong></span> 
     </span>
    </p>
   </div>
   <div class='ocr_carea' id='block_1_60' title="bbox 2271 3657 3804 3729">
    <p class='ocr_par' dir='ltr' id='par_1_60' title="bbox 2271 3657 3804 3729">
     <span class='ocr_line' id='line_1_61' title="bbox 2271 3657 3804 3729; baseline -0.001 -17"><span class='ocrx_word' id='word_1_486' title='bbox 2271 3674 2448 3713; x_wconf 90' lang='lat' dir='ltr'><strong>meam</strong></span> <span class='ocrx_word' id='word_1_487' title='bbox 2500 3673 2602 3728; x_wconf 77' lang='lat' dir='ltr'><strong>ego</strong></span> <span class='ocrx_word' id='word_1_488' title='bbox 2635 3657 2678 3689; x_wconf 87' lang='grc'><strong>¹⁸</strong></span> <span class='ocrx_word' id='word_1_489' title='bbox 2728 3673 3000 3727; x_wconf 84' lang='lat' dir='ltr'><strong>cognosco</strong></span> <span class='ocrx_word' id='word_1_490' title='bbox 3035 3659 3099 3723; x_wconf 83' lang='lat'><strong>&quot;,</strong></span> <span class='ocrx_word' id='word_1_491' title='bbox 3150 3669 3206 3714; x_wconf 92' lang='lat' dir='ltr'><strong>et</strong></span> <span class='ocrx_word' id='word_1_492' title='bbox 3255 3669 3547 3729; x_wconf 81' lang='lat' dir='ltr'><strong>peccatum</strong></span> <span class='ocrx_word' id='word_1_493' title='bbox 3583 3661 3626 3690; x_wconf 81' lang='lat'><strong>’°</strong></span> <span class='ocrx_word' id='word_1_494' title='bbox 3664 3673 3804 3712; x_wconf 70' lang='lat' dir='ltr'><strong>meum</strong></span> 
     </span>
    </p>
   </div>
   <div class='ocr_carea' id='block_1_61' title="bbox 2272 3751 3805 3819">
    <p class='ocr_par' dir='ltr' id='par_1_61' title="bbox 2272 3751 3805 3819">
     <span class='ocr_line' id='line_1_62' title="bbox 2272 3751 3805 3819; baseline -0.004 -13"><span class='ocrx_word' id='word_1_495' title='bbox 2272 3759 2463 3806; x_wconf 89' lang='lat' dir='ltr'><strong>contra</strong></span> <span class='ocrx_word' id='word_1_496' title='bbox 2500 3765 2587 3804; x_wconf 91' lang='lat' dir='ltr'><strong>me</strong></span> <span class='ocrx_word' id='word_1_497' title='bbox 2621 3758 2706 3804; x_wconf 88' lang='lat' dir='ltr'><strong>est</strong></span> <span class='ocrx_word' id='word_1_498' title='bbox 2740 3763 2978 3819; x_wconf 89' lang='lat' dir='ltr'><strong>semper,</strong></span> <span class='ocrx_word' id='word_1_499' title='bbox 3011 3759 3067 3804; x_wconf 91' lang='lat' dir='ltr'><strong>et</strong></span> <span class='ocrx_word' id='word_1_500' title='bbox 3096 3757 3158 3804; x_wconf 91' lang='lat' dir='ltr'><strong>ut</strong></span> <span class='ocrx_word' id='word_1_501' title='bbox 3189 3751 3296 3804; x_wconf 91' lang='lat' dir='ltr'><strong>diei</strong></span> <span class='ocrx_word' id='word_1_502' title='bbox 3331 3753 3373 3782; x_wconf 79' lang='lat'>“</span> <span class='ocrx_word' id='word_1_503' title='bbox 3411 3752 3595 3805; x_wconf 77' lang='lat' dir='ltr'><strong>exitus</strong></span> <span class='ocrx_word' id='word_1_504' title='bbox 3621 3751 3693 3804; x_wconf 86' lang='lat' dir='ltr'><strong>sui</strong></span> <span class='ocrx_word' id='word_1_505' title='bbox 3719 3764 3805 3801; x_wconf 74' lang='lat' dir='ltr'><strong>nie-</strong></span> 
     </span>
    </p>
   </div>
   <div class='ocr_carea' id='block_1_62' title="bbox 2272 3839 3806 3910">
    <p class='ocr_par' dir='ltr' id='par_1_62' title="bbox 2272 3839 3806 3910">
     <span class='ocr_line' id='line_1_63' title="bbox 2272 3839 3806 3910; baseline -0.003 -15"><span class='ocrx_word' id='word_1_506' title='bbox 2272 3857 2392 3896; x_wconf 91' lang='lat' dir='ltr'><strong>mor</strong></span> <span class='ocrx_word' id='word_1_507' title='bbox 2435 3840 2526 3904; x_wconf 91' lang='lat' dir='ltr'><strong>sit,</strong></span> <span class='ocrx_word' id='word_1_508' title='bbox 2569 3848 2626 3894; x_wconf 89' lang='lat' dir='ltr'><strong>et</strong></span> <span class='ocrx_word' id='word_1_509' title='bbox 2658 3839 2933 3908; x_wconf 90' lang='lat' dir='ltr'><strong>quomodo</strong></span> <span class='ocrx_word' id='word_1_510' title='bbox 2966 3839 3023 3893; x_wconf 90' lang='lat' dir='ltr'><strong>in</strong></span> <span class='ocrx_word' id='word_1_511' title='bbox 3050 3849 3346 3910; x_wconf 90' lang='lat' dir='ltr'><strong>conspectu</strong></span> <span class='ocrx_word' id='word_1_512' title='bbox 3385 3841 3477 3895; x_wconf 90' lang='lat' dir='ltr'><strong>dei</strong></span> <span class='ocrx_word' id='word_1_513' title='bbox 3512 3843 3556 3872; x_wconf 80' lang='grc'><strong>²³</strong></span> <span class='ocrx_word' id='word_1_514' title='bbox 3594 3853 3806 3893; x_wconf 83' lang='lat' dir='ltr'><strong>occursu-</strong></span> 
     </span>
    </p>
   </div>
   <div class='ocr_carea' id='block_1_63' title="bbox 2272 3928 3804 3999">
    <p class='ocr_par' dir='ltr' id='par_1_63' title="bbox 2272 3928 3804 3999">
     <span class='ocr_line' id='line_1_64' title="bbox 2272 3928 3804 3999; baseline -0.004 -13"><span class='ocrx_word' id='word_1_515' title='bbox 2272 3948 2367 3986; x_wconf 89' lang='lat' dir='ltr'><strong>rus</strong></span> <span class='ocrx_word' id='word_1_516' title='bbox 2395 3932 2484 3995; x_wconf 89' lang='lat' dir='ltr'><strong>sit,</strong></span> <span class='ocrx_word' id='word_1_517' title='bbox 2510 3929 2784 3986; x_wconf 87' lang='lat' dir='ltr'><strong>etiudicia</strong></span> <span class='ocrx_word' id='word_1_518' title='bbox 2810 3939 2869 3984; x_wconf 89' lang='lat' dir='ltr'><strong>ct</strong></span> <span class='ocrx_word' id='word_1_519' title='bbox 2892 3945 3060 3999; x_wconf 79' lang='lat' dir='ltr'><strong>ponas</strong></span> <span class='ocrx_word' id='word_1_520' title='bbox 3083 3928 3359 3985; x_wconf 87' lang='lat' dir='ltr'><strong>describat</strong></span> <span class='ocrx_word' id='word_1_521' title='bbox 3388 3931 3436 3962; x_wconf 80' lang='lat'><strong>&quot;</strong></span> <span class='ocrx_word' id='word_1_522' title='bbox 3470 3931 3527 3985; x_wconf 91' lang='lat' dir='ltr'><strong>in</strong></span> <span class='ocrx_word' id='word_1_523' title='bbox 3557 3936 3804 3998; x_wconf 79' lang='lat' dir='ltr'><strong>conspectu</strong></span> 
     </span>
    </p>
   </div>
   <div class='ocr_carea' id='block_1_64' title="bbox 2273 4019 3804 4084">
    <p class='ocr_par' dir='ltr' id='par_1_64' title="bbox 2273 4019 3804 4084">
     <span class='ocr_line' id='line_1_65' title="bbox 2273 4019 3804 4084; baseline -0.005 -8"><span class='ocrx_word' id='word_1_524' title='bbox 2273 4022 2472 4077; x_wconf 85' lang='lat' dir='ltr'><strong>mentis</strong></span> <span class='ocrx_word' id='word_1_525' title='bbox 2519 4037 2637 4084; x_wconf 91' lang='lat' dir='ltr'><strong>sue,</strong></span> <span class='ocrx_word' id='word_1_526' title='bbox 2680 4035 2783 4074; x_wconf 91' lang='lat' dir='ltr'><strong>nec</strong></span> <span class='ocrx_word' id='word_1_527' title='bbox 2828 4035 2940 4074; x_wconf 91' lang='lat' dir='ltr'><strong>non</strong></span> <span class='ocrx_word' id='word_1_528' title='bbox 2982 4020 3154 4075; x_wconf 88' lang='lat' dir='ltr'><strong>eciam</strong></span> <span class='ocrx_word' id='word_1_529' title='bbox 3182 4019 3228 4052; x_wconf 69' lang='lat'><em>“</em></span> <span class='ocrx_word' id='word_1_530' title='bbox 3267 4021 3469 4075; x_wconf 88' lang='lat' dir='ltr'><strong>merita</strong></span> <span class='ocrx_word' id='word_1_531' title='bbox 3515 4030 3573 4074; x_wconf 86' lang='lat' dir='ltr'><strong>et</strong></span> <span class='ocrx_word' id='word_1_532' title='bbox 3617 4020 3804 4073; x_wconf 79' lang='lat' dir='ltr'><strong>honores</strong></span> 
     </span>
    </p>
   </div>
   <div class='ocr_carea' id='block_1_65' title="bbox 2273 4109 3804 4182">
    <p class='ocr_par' dir='ltr' id='par_1_65' title="bbox 2273 4109 3804 4182">
     <span class='ocr_line' id='line_1_66' title="bbox 2273 4109 3804 4182; baseline -0.005 -15"><span class='ocrx_word' id='word_1_533' title='bbox 2273 4113 2367 4182; x_wconf 92' lang='lat' dir='ltr'><strong>qui</strong></span> <span class='ocrx_word' id='word_1_534' title='bbox 2385 4111 2550 4168; x_wconf 91' lang='lat' dir='ltr'><strong>dandi</strong></span> <span class='ocrx_word' id='word_1_535' title='bbox 2569 4119 2697 4166; x_wconf 85' lang='lat' dir='ltr'><strong>sunt</strong></span> <span class='ocrx_word' id='word_1_536' title='bbox 2717 4110 2920 4165; x_wconf 88' lang='lat' dir='ltr'><strong>sanctis</strong></span> <span class='ocrx_word' id='word_1_537' title='bbox 2943 4109 3040 4181; x_wconf 84' lang='grc'><strong>(1).</strong></span> <span class='ocrx_word' id='word_1_538' title='bbox 3060 4111 3116 4166; x_wconf 89' lang='lat' dir='ltr'><strong>Si</strong></span> <span class='ocrx_word' id='word_1_539' title='bbox 3145 4119 3328 4166; x_wconf 88' lang='lat' dir='ltr'><strong>autem</strong></span> <span class='ocrx_word' id='word_1_540' title='bbox 3351 4113 3689 4181; x_wconf 79' lang='lat' dir='ltr'><strong>cognoverit.</strong></span> <span class='ocrx_word' id='word_1_541' title='bbox 3710 4109 3804 4178; x_wconf 81' lang='lat' dir='ltr'><strong>quia</strong></span> 
     </span>
    </p>
   </div>
   <div class='ocr_carea' id='block_1_66' title="bbox 2264 4199 3808 4263">
    <p class='ocr_par' dir='ltr' id='par_1_66' title="bbox 2264 4199 3808 4263">
     <span class='ocr_line' id='line_1_67' title="bbox 2264 4199 3808 4263; baseline -0.003 -7"><span class='ocrx_word' id='word_1_542' title='bbox 2264 4216 2359 4256; x_wconf 92' lang='lat' dir='ltr'><strong>cor</strong></span> <span class='ocrx_word' id='word_1_543' title='bbox 2415 4201 2564 4255; x_wconf 91' lang='lat' dir='ltr'><strong>illius</strong></span> <span class='ocrx_word' id='word_1_544' title='bbox 2612 4199 2827 4253; x_wconf 85' lang='lat' dir='ltr'><strong>ﬁrmum</strong></span> <span class='ocrx_word' id='word_1_545' title='bbox 2871 4208 2956 4254; x_wconf 89' lang='lat' dir='ltr'><strong>est</strong></span> <span class='ocrx_word' id='word_1_546' title='bbox 3002 4200 3058 4254; x_wconf 92' lang='lat' dir='ltr'><strong>in</strong></span> <span class='ocrx_word' id='word_1_547' title='bbox 3110 4199 3309 4256; x_wconf 88' lang='lat' dir='ltr'><strong>timore</strong></span> <span class='ocrx_word' id='word_1_548' title='bbox 3364 4201 3600 4263; x_wconf 89' lang='lat' dir='ltr'><strong>domini,</strong></span> <span class='ocrx_word' id='word_1_549' title='bbox 3639 4209 3808 4253; x_wconf 87' lang='lat' dir='ltr'><strong>etnon</strong></span> 
     </span>
    </p>
   </div>
   <div class='ocr_carea' id='block_1_67' title="bbox 2265 4291 3805 4365">
    <p class='ocr_par' dir='ltr' id='par_1_67' title="bbox 2265 4291 3805 4365">
     <span class='ocr_line' id='line_1_68' title="bbox 2265 4291 3805 4365; baseline -0.004 -19"><span class='ocrx_word' id='word_1_550' title='bbox 2265 4292 2494 4347; x_wconf 89' lang='lat' dir='ltr'><strong>dimittit</strong></span> <span class='ocrx_word' id='word_1_551' title='bbox 2518 4291 2697 4345; x_wconf 88' lang='lat' dir='ltr'><strong>locum</strong></span> <span class='ocrx_word' id='word_1_552' title='bbox 2720 4305 2903 4355; x_wconf 91' lang='lat' dir='ltr'><strong>suum,</strong></span> <span class='ocrx_word' id='word_1_553' title='bbox 2938 4291 3034 4346; x_wconf 91' lang='lat' dir='ltr'><strong>sed</strong></span> <span class='ocrx_word' id='word_1_554' title='bbox 3061 4291 3278 4346; x_wconf 81' lang='lat' dir='ltr'><strong>fortiter</strong></span> <span class='ocrx_word' id='word_1_555' title='bbox 3309 4294 3524 4348; x_wconf 88' lang='lat' dir='ltr'><strong>resistit</strong></span> <span class='ocrx_word' id='word_1_556' title='bbox 3553 4293 3629 4365; x_wconf 66' lang='grc' dir='ltr'><strong>(Ξ)</strong></span> <span class='ocrx_word' id='word_1_557' title='bbox 3656 4292 3805 4346; x_wconf 77' lang='lat' dir='ltr'><strong>adver-</strong></span> 
     </span>
    </p>
   </div>
   <div class='ocr_carea' id='block_1_68' title="bbox 2266 4381 3803 4452">
    <p class='ocr_par' dir='ltr' id='par_1_68' title="bbox 2266 4381 3803 4452">
     <span class='ocr_line' id='line_1_69' title="bbox 2266 4381 3803 4452; baseline -0.003 -14"><span class='ocrx_word' id='word_1_558' title='bbox 2266 4385 2409 4438; x_wconf 90' lang='lat' dir='ltr'><strong>sario</strong></span> <span class='ocrx_word' id='word_1_559' title='bbox 2440 4400 2561 4448; x_wconf 91' lang='lat' dir='ltr'><strong>suo,</strong></span> <span class='ocrx_word' id='word_1_560' title='bbox 2589 4383 2680 4440; x_wconf 88' lang='lat' dir='ltr'><strong>ille</strong></span> <span class='ocrx_word' id='word_1_561' title='bbox 2716 4382 2992 4452; x_wconf 81' lang='lat' dir='ltr'><strong>perfectus</strong></span> <span class='ocrx_word' id='word_1_562' title='bbox 3030 4385 3332 4440; x_wconf 89' lang='lat' dir='ltr'><strong>monachus</strong></span> <span class='ocrx_word' id='word_1_563' title='bbox 3364 4395 3425 4440; x_wconf 89' lang='lat' dir='ltr'><strong>et</strong></span> <span class='ocrx_word' id='word_1_564' title='bbox 3464 4386 3623 4440; x_wconf 88' lang='lat' dir='ltr'><strong>miles</strong></span> <span class='ocrx_word' id='word_1_565' title='bbox 3643 4381 3803 4440; x_wconf 77' lang='lat' dir='ltr'><strong>Christi</strong></span> 
     </span>
    </p>
   </div>
   <div class='ocr_carea' id='block_1_69' title="bbox 2273 4476 3802 4532">
    <p class='ocr_par' dir='ltr' id='par_1_69' title="bbox 2273 4476 3802 4532">
     <span class='ocr_line' id='line_1_70' title="bbox 2273 4476 3802 4532; baseline -0.003 -2"><span class='ocrx_word' id='word_1_566' title='bbox 2273 4487 2526 4532; x_wconf 88' lang='lat' dir='ltr'><strong>vocatur.</strong></span> <span class='ocrx_word' id='word_1_567' title='bbox 2559 4476 2632 4531; x_wconf 87' lang='lat' dir='ltr'><strong>Ut</strong></span> <span class='ocrx_word' id='word_1_568' title='bbox 2667 4476 2814 4530; x_wconf 90' lang='lat' dir='ltr'><strong>enim</strong></span> <span class='ocrx_word' id='word_1_569' title='bbox 2847 4476 3121 4531; x_wconf 90' lang='lat' dir='ltr'><strong>cumulata</strong></span> <span class='ocrx_word' id='word_1_570' title='bbox 3150 4478 3196 4509; x_wconf 81' lang='lat'><strong>&quot;</strong></span> <span class='ocrx_word' id='word_1_571' title='bbox 3235 4477 3389 4531; x_wconf 87' lang='lat' dir='ltr'><strong>navis</strong></span> <span class='ocrx_word' id='word_1_572' title='bbox 3427 4477 3692 4532; x_wconf 84' lang='lat' dir='ltr'><strong>undarum</strong></span> <span class='ocrx_word' id='word_1_573' title='bbox 3722 4477 3802 4529; x_wconf 86' lang='lat' dir='ltr'><strong>ictu</strong></span> 
     </span>
    </p>
   </div>
   <div class='ocr_carea' id='block_1_70' title="bbox 2267 4568 3800 4637">
    <p class='ocr_par' dir='ltr' id='par_1_70' title="bbox 2267 4568 3800 4637">
     <span class='ocr_line' id='line_1_71' title="bbox 2267 4568 3800 4637; baseline -0.003 -15"><span class='ocrx_word' id='word_1_574' title='bbox 2267 4570 2546 4632; x_wconf 88' lang='lat' dir='ltr'><strong>obruitur,</strong></span> <span class='ocrx_word' id='word_1_575' title='bbox 2573 4570 2653 4622; x_wconf 90' lang='lat' dir='ltr'><strong>sic</strong></span> <span class='ocrx_word' id='word_1_576' title='bbox 2685 4568 2855 4623; x_wconf 83' lang='lat' dir='ltr'><strong>multa</strong></span> <span class='ocrx_word' id='word_1_577' title='bbox 2881 4568 3170 4637; x_wconf 90' lang='lat' dir='ltr'><strong>possidens</strong></span> <span class='ocrx_word' id='word_1_578' title='bbox 3196 4570 3503 4624; x_wconf 84' lang='lat' dir='ltr'><strong>monachus</strong></span> <span class='ocrx_word' id='word_1_579' title='bbox 3537 4586 3640 4623; x_wconf 91' lang='lat' dir='ltr'><strong>non</strong></span> <span class='ocrx_word' id='word_1_580' title='bbox 3666 4568 3800 4622; x_wconf 76' lang='lat' dir='ltr'><strong>salva-</strong></span> 
     </span>
    </p>
   </div>
   <div class='ocr_carea' id='block_1_71' title="bbox 2267 4659 3801 4732">
    <p class='ocr_par' dir='ltr' id='par_1_71' title="bbox 2267 4659 3801 4732">
     <span class='ocr_line' id='line_1_72' title="bbox 2267 4659 3801 4732; baseline -0.001 -18"><span class='ocrx_word' id='word_1_581' title='bbox 2267 4659 2435 4714; x_wconf 90' lang='lat' dir='ltr'><strong>bitur.</strong></span> <span class='ocrx_word' id='word_1_582' title='bbox 2463 4660 2609 4714; x_wconf 81' lang='lat' dir='ltr'><strong>Nihil</strong></span> <span class='ocrx_word' id='word_1_583' title='bbox 2640 4660 2928 4729; x_wconf 91' lang='lat' dir='ltr'><strong>possidens</strong></span> <span class='ocrx_word' id='word_1_584' title='bbox 2961 4661 3262 4715; x_wconf 89' lang='lat' dir='ltr'><strong>monachus</strong></span> <span class='ocrx_word' id='word_1_585' title='bbox 3286 4663 3461 4716; x_wconf 89' lang='lat' dir='ltr'><strong>viator</strong></span> <span class='ocrx_word' id='word_1_586' title='bbox 3487 4661 3752 4732; x_wconf 78' lang='lat' dir='ltr'><strong>expeditus</strong></span> <span class='ocrx_word' id='word_1_587' title='bbox 3770 4660 3801 4688; x_wconf 82' lang='lat'>&quot;</span> 
     </span>
    </p>
   </div>
   <div class='ocr_carea' id='block_1_72' title="bbox 2267 4750 3801 4823">
    <p class='ocr_par' dir='ltr' id='par_1_72' title="bbox 2267 4750 3801 4823">
     <span class='ocr_line' id='line_1_73' title="bbox 2267 4750 3801 4823; baseline -0.003 -19"><span class='ocrx_word' id='word_1_588' title='bbox 2267 4760 2370 4804; x_wconf 83' lang='lat' dir='ltr'><strong>est.</strong></span> <span class='ocrx_word' id='word_1_589' title='bbox 2407 4750 2555 4805; x_wconf 87' lang='lat' dir='ltr'><strong>Nihil</strong></span> <span class='ocrx_word' id='word_1_590' title='bbox 2592 4750 2879 4819; x_wconf 85' lang='lat' dir='ltr'><strong>possidens</strong></span> <span class='ocrx_word' id='word_1_591' title='bbox 2911 4753 3212 4806; x_wconf 87' lang='lat' dir='ltr'><strong>monachus</strong></span> <span class='ocrx_word' id='word_1_592' title='bbox 3234 4754 3391 4822; x_wconf 87' lang='lat' dir='ltr'><strong>quasi</strong></span> <span class='ocrx_word' id='word_1_593' title='bbox 3426 4755 3610 4823; x_wconf 88' lang='lat' dir='ltr'><strong>aquila</strong></span> <span class='ocrx_word' id='word_1_594' title='bbox 3642 4752 3702 4806; x_wconf 85' lang='lat' dir='ltr'><strong>ad</strong></span> <span class='ocrx_word' id='word_1_595' title='bbox 3730 4765 3801 4801; x_wconf 77' lang='lat' dir='ltr'><strong>ex-</strong></span> 
     </span>
    </p>
   </div>
   <div class='ocr_carea' id='block_1_73' title="bbox 1898 4905 2600 4965">
    <p class='ocr_par' dir='ltr' id='par_1_73' title="bbox 1898 4905 2600 4965">
     <span class='ocr_line' id='line_1_74' title="bbox 1898 4905 2600 4965; baseline 0.007 -5"><span class='ocrx_word' id='word_1_596' title='bbox 1898 4906 2154 4961; x_wconf 77' lang='lat' dir='ltr'><strong>VARIAE</strong></span> <span class='ocrx_word' id='word_1_597' title='bbox 2194 4905 2600 4965; x_wconf 76' lang='lat' dir='ltr'><strong>LECTIONES.</strong></span> 
     </span>
    </p>
   </div>
   <div class='ocr_carea' id='block_1_74' title="bbox 661 5026 3802 5102">
    <p class='ocr_par' dir='ltr' id='par_1_74' title="bbox 661 5026 3802 5102">
     <span class='ocr_line' id='line_1_75' title="bbox 661 5026 3802 5102; baseline -0.001 -22"><span class='ocrx_word' id='word_1_598' title='bbox 661 5028 840 5102; x_wconf 17' lang='lat' dir='ltr'><strong>&#39;Abeuti</strong></span> <span class='ocrx_word' id='word_1_599' title='bbox 872 5043 980 5102; x_wconf 82' lang='lat' dir='ltr'><strong>om.</strong></span> <span class='ocrx_word' id='word_1_600' title='bbox 1156 5029 1175 5057; x_wconf 83' lang='grc'>¹</span> <span class='ocrx_word' id='word_1_601' title='bbox 1204 5027 1245 5081; x_wconf 89' lang='grc' dir='ltr'>Β</span> <span class='ocrx_word' id='word_1_602' title='bbox 1279 5029 1472 5098; x_wconf 79' lang='lat' dir='ltr'><strong>Incipit</strong></span> <span class='ocrx_word' id='word_1_603' title='bbox 1507 5030 1618 5084; x_wconf 83' lang='lat' dir='ltr'><strong>alia</strong></span> <span class='ocrx_word' id='word_1_604' title='bbox 1661 5029 1883 5102; x_wconf 82' lang='lat' dir='ltr'><strong>epistola</strong></span> <span class='ocrx_word' id='word_1_605' title='bbox 1928 5030 2159 5102; x_wconf 81' lang='lat' dir='ltr'><strong>eiusdem</strong></span> <span class='ocrx_word' id='word_1_606' title='bbox 2197 5029 2454 5086; x_wconf 79' lang='lat' dir='ltr'><strong>Macharii</strong></span> <span class='ocrx_word' id='word_1_607' title='bbox 2493 5032 2717 5102; x_wconf 81' lang='lat' dir='ltr'><strong>abbatis,</strong></span> <span class='ocrx_word' id='word_1_608' title='bbox 2751 5047 2848 5100; x_wconf 81' lang='lat' dir='ltr'><strong>quc</strong></span> <span class='ocrx_word' id='word_1_609' title='bbox 2882 5040 3057 5083; x_wconf 82' lang='lat' dir='ltr'><strong>tamen</strong></span> <span class='ocrx_word' id='word_1_610' title='bbox 3096 5029 3360 5102; x_wconf 68' lang='lat' dir='ltr'><strong>in_multis</strong></span> <span class='ocrx_word' id='word_1_611' title='bbox 3413 5046 3660 5098; x_wconf 83' lang='lat' dir='ltr'><strong>magnam</strong></span> <span class='ocrx_word' id='word_1_612' title='bbox 3681 5042 3802 5102; x_wconf 71' lang='lat' dir='ltr'><strong>_wn-</strong></span> 
     </span>
    </p>
   </div>
   <div class='ocr_carea' id='block_1_75' title="bbox 585 5099 1860 5172">
    <p class='ocr_par' dir='ltr' id='par_1_75' title="bbox 585 5099 1860 5172">
     <span class='ocr_line' id='line_1_76' title="bbox 585 5099 1860 5172; baseline 0.001 -21"><span class='ocrx_word' id='word_1_613' title='bbox 585 5100 900 5172; x_wconf 73' lang='lat' dir='ltr'><strong>t&#39;enirntiam</strong></span> <span class='ocrx_word' id='word_1_614' title='bbox 951 5099 1112 5172; x_wconf 68' lang='lat' dir='ltr'><strong>habet</strong></span> <span class='ocrx_word' id='word_1_615' title='bbox 1152 5115 1274 5172; x_wconf 73' lang='lat' dir='ltr'><strong>cum</strong></span> <span class='ocrx_word' id='word_1_616' title='bbox 1327 5101 1559 5172; x_wconf 60' lang='lat' dir='ltr'><strong>prodicta</strong></span> <span class='ocrx_word' id='word_1_617' title='bbox 1618 5099 1860 5172; x_wconf 79' lang='lat' dir='ltr'><strong>epistola.</strong></span> 
     </span>
    </p>
   </div>
   <div class='ocr_carea' id='block_1_76' title="bbox 582 5168 1962 5225">
    <p class='ocr_par' dir='ltr' id='par_1_76' title="bbox 582 5168 1962 5225">
     <span class='ocr_line' id='line_1_77' title="bbox 582 5168 1962 5225; baseline 0.001 -3"><span class='ocrx_word' id='word_1_618' title='bbox 582 5170 671 5223; x_wconf 73' lang='lat' dir='ltr'><strong>‘C.</strong></span> <span class='ocrx_word' id='word_1_619' title='bbox 719 5169 1000 5220; x_wconf 67' lang='lat' dir='ltr'><strong>dominus.’</strong></span> <span class='ocrx_word' id='word_1_620' title='bbox 1094 5170 1112 5199; x_wconf 91' lang='grc'><strong>⁷</strong></span> <span class='ocrx_word' id='word_1_621' title='bbox 1144 5169 1199 5221; x_wconf 85' lang='lat' dir='ltr'><strong>in</strong></span> <span class='ocrx_word' id='word_1_622' title='bbox 1252 5168 1360 5223; x_wconf 90' lang='lat' dir='ltr'><strong>om.</strong></span> <span class='ocrx_word' id='word_1_623' title='bbox 1399 5170 1460 5223; x_wconf 69' lang='grc' dir='ltr'><strong>(Ι.</strong></span> <span class='ocrx_word' id='word_1_624' title='bbox 1572 5168 1686 5224; x_wconf 77' lang='lat' dir='ltr'><strong>&quot;in</strong></span> <span class='ocrx_word' id='word_1_625' title='bbox 1734 5187 1842 5223; x_wconf 91' lang='lat' dir='ltr'><strong>om.</strong></span> <span class='ocrx_word' id='word_1_626' title='bbox 1899 5168 1962 5225; x_wconf 90' lang='lat' dir='ltr'><strong>C.</strong></span> 
     </span>
    </p>
   </div>
   <div class='ocr_carea' id='block_1_77' title="bbox 585 5238 1837 5295">
    <p class='ocr_par' dir='ltr' id='par_1_77' title="bbox 585 5238 1837 5295">
     <span class='ocr_line' id='line_1_78' title="bbox 585 5238 1837 5295; baseline 0.001 -4"><span class='ocrx_word' id='word_1_627' title='bbox 585 5241 626 5271; x_wconf 83' lang='lat'>“</span> <span class='ocrx_word' id='word_1_628' title='bbox 666 5240 706 5291; x_wconf 92' lang='grc' dir='ltr'><strong>Β</strong></span> <span class='ocrx_word' id='word_1_629' title='bbox 756 5238 1120 5292; x_wconf 78' lang='lat' dir='ltr'><strong>contumelias.</strong></span> <span class='ocrx_word' id='word_1_630' title='bbox 1226 5242 1268 5270; x_wconf 80' lang='grc'>¹²</span> <span class='ocrx_word' id='word_1_631' title='bbox 1302 5241 1342 5292; x_wconf 97' lang='grc' dir='ltr'><strong>Β</strong></span> <span class='ocrx_word' id='word_1_632' title='bbox 1401 5252 1456 5295; x_wconf 87' lang='lat' dir='ltr'><strong>et</strong></span> <span class='ocrx_word' id='word_1_633' title='bbox 1497 5241 1600 5294; x_wconf 84' lang='lat' dir='ltr'><strong>idio</strong></span> <span class='ocrx_word' id='word_1_634' title='bbox 1665 5241 1837 5294; x_wconf 75' lang='lat' dir='ltr'><strong>liabet.</strong></span> 
     </span>
    </p>
   </div>
   <div class='ocr_carea' id='block_1_78' title="bbox 583 5309 1847 5365">
    <p class='ocr_par' dir='ltr' id='par_1_78' title="bbox 583 5309 1847 5365">
     <span class='ocr_line' id='line_1_79' title="bbox 583 5309 1847 5365; baseline 0.002 -3"><span class='ocrx_word' id='word_1_635' title='bbox 583 5309 878 5363; x_wconf 68' lang='lat' dir='ltr'><strong>militatum.</strong></span> <span class='ocrx_word' id='word_1_636' title='bbox 961 5309 1001 5338; x_wconf 83' lang='grc'><strong>’⁵</strong></span> <span class='ocrx_word' id='word_1_637' title='bbox 1027 5311 1198 5363; x_wconf 81' lang='lat' dir='ltr'><strong>cordis</strong></span> <span class='ocrx_word' id='word_1_638' title='bbox 1222 5326 1329 5364; x_wconf 91' lang='lat' dir='ltr'><strong>0m.</strong></span> <span class='ocrx_word' id='word_1_639' title='bbox 1355 5311 1414 5365; x_wconf 88' lang='lat' dir='ltr'><strong>C.</strong></span> <span class='ocrx_word' id='word_1_640' title='bbox 1495 5314 1536 5341; x_wconf 82' lang='grc'><strong>¹⁶</strong></span> <span class='ocrx_word' id='word_1_641' title='bbox 1565 5312 1604 5364; x_wconf 88' lang='lat' dir='ltr'>C</span> <span class='ocrx_word' id='word_1_642' title='bbox 1639 5319 1687 5364; x_wconf 83' lang='lat' dir='ltr'><strong>et</strong></span> <span class='ocrx_word' id='word_1_643' title='bbox 1719 5327 1847 5364; x_wconf 84' lang='lat' dir='ltr'><strong>non.</strong></span> 
     </span>
    </p>
   </div>
   <div class='ocr_carea' id='block_1_79' title="bbox 583 5378 2162 5436">
    <p class='ocr_par' dir='ltr' id='par_1_79' title="bbox 583 5378 2162 5436">
     <span class='ocr_line' id='line_1_80' title="bbox 583 5378 2162 5436; baseline 0.003 -6"><span class='ocrx_word' id='word_1_644' title='bbox 583 5379 782 5432; x_wconf 73' lang='lat' dir='ltr'><strong>(ictum.</strong></span> <span class='ocrx_word' id='word_1_645' title='bbox 869 5380 910 5408; x_wconf 80' lang='lat'><strong>&quot;</strong></span> <span class='ocrx_word' id='word_1_646' title='bbox 940 5379 981 5430; x_wconf 66' lang='grc' dir='ltr'><strong>(ἶ</strong></span> <span class='ocrx_word' id='word_1_647' title='bbox 1017 5378 1171 5432; x_wconf 88' lang='lat' dir='ltr'><strong>diem.</strong></span> <span class='ocrx_word' id='word_1_648' title='bbox 1247 5383 1291 5411; x_wconf 77' lang='lat'><strong>&quot;</strong></span> <span class='ocrx_word' id='word_1_649' title='bbox 1317 5381 1357 5434; x_wconf 70' lang='grc' dir='ltr'><strong>(ἶ</strong></span> <span class='ocrx_word' id='word_1_650' title='bbox 1393 5381 1611 5436; x_wconf 82' lang='lat' dir='ltr'><strong>domini.</strong></span> <span class='ocrx_word' id='word_1_651' title='bbox 1715 5382 1760 5411; x_wconf 81' lang='lat'><strong>&quot;</strong></span> <span class='ocrx_word' id='word_1_652' title='bbox 1794 5381 1876 5435; x_wconf 79' lang='lat' dir='ltr'><strong>BC</strong></span> <span class='ocrx_word' id='word_1_653' title='bbox 1901 5381 2162 5436; x_wconf 80' lang='lat' dir='ltr'><strong>describit.</strong></span> 
     </span>
    </p>
   </div>
   <div class='ocr_carea' id='block_1_80' title="bbox 585 5449 2106 5522">
    <p class='ocr_par' dir='ltr' id='par_1_80' title="bbox 585 5449 2106 5522">
     <span class='ocr_line' id='line_1_81' title="bbox 585 5449 2106 5522; baseline -0.001 -19"><span class='ocrx_word' id='word_1_654' title='bbox 585 5450 898 5514; x_wconf 62' lang='lat' dir='ltr'><strong>&quot;nullarum,</strong></span> <span class='ocrx_word' id='word_1_655' title='bbox 945 5449 986 5501; x_wconf 87' lang='grc' dir='ltr'><strong>Β</strong></span> <span class='ocrx_word' id='word_1_656' title='bbox 1023 5466 1141 5502; x_wconf 84' lang='lat' dir='ltr'><strong>cum</strong></span> <span class='ocrx_word' id='word_1_657' title='bbox 1188 5450 1359 5504; x_wconf 85' lang='lat' dir='ltr'><strong>multa</strong></span> <span class='ocrx_word' id='word_1_658' title='bbox 1405 5462 1647 5522; x_wconf 82' lang='lat' dir='ltr'><strong>portans,</strong></span> <span class='ocrx_word' id='word_1_659' title='bbox 1681 5450 1722 5506; x_wconf 91' lang='lat' dir='ltr'><strong>C</strong></span> <span class='ocrx_word' id='word_1_660' title='bbox 1756 5469 1876 5504; x_wconf 87' lang='lat' dir='ltr'><strong>cum</strong></span> <span class='ocrx_word' id='word_1_661' title='bbox 1915 5449 2106 5503; x_wconf 87' lang='lat' dir='ltr'><strong>multa.</strong></span> 
     </span>
    </p>
   </div>
   <div class='ocr_carea' id='block_1_81' title="bbox 1999 5100 2493 5170">
    <p class='ocr_par' dir='ltr' id='par_1_81' title="bbox 1999 5100 2493 5170">
     <span class='ocr_line' id='line_1_82' title="bbox 1999 5100 2493 5170; baseline -0.004 -16"><span class='ocrx_word' id='word_1_662' title='bbox 1999 5102 2018 5131; x_wconf 86' lang='grc'>³</span> <span class='ocrx_word' id='word_1_663' title='bbox 2044 5100 2086 5153; x_wconf 90' lang='grc' dir='ltr'><strong>Β</strong></span> <span class='ocrx_word' id='word_1_664' title='bbox 2123 5103 2493 5170; x_wconf 62' lang='lat' dir='ltr'><strong>semetipsum.</strong></span> 
     </span>
    </p>
   </div>
   <div class='ocr_carea' id='block_1_82' title="bbox 2076 5171 2574 5226">
    <p class='ocr_par' dir='ltr' id='par_1_82' title="bbox 2076 5171 2574 5226">
     <span class='ocr_line' id='line_1_83' title="bbox 2076 5171 2574 5226; baseline -0.002 0"><span class='ocrx_word' id='word_1_665' title='bbox 2076 5171 2097 5201; x_wconf 78' lang='grc'>⁸</span> <span class='ocrx_word' id='word_1_666' title='bbox 2147 5171 2188 5226; x_wconf 85' lang='lat' dir='ltr'>C</span> <span class='ocrx_word' id='word_1_667' title='bbox 2232 5173 2574 5225; x_wconf 80' lang='lat' dir='ltr'><strong>orationibus.</strong></span> 
     </span>
    </p>
   </div>
   <div class='ocr_carea' id='block_1_83' title="bbox 1952 5239 2337 5311">
    <p class='ocr_par' dir='ltr' id='par_1_83' title="bbox 1952 5239 2337 5311">
     <span class='ocr_line' id='line_1_84' title="bbox 1952 5239 2337 5311; baseline 0.005 -18"><span class='ocrx_word' id='word_1_668' title='bbox 1952 5240 1994 5271; x_wconf 76' lang='grc' dir='ltr'><strong>ιι</strong></span> <span class='ocrx_word' id='word_1_669' title='bbox 2016 5239 2116 5311; x_wconf 69' lang='grc' dir='ltr'><strong>ΒΟ</strong></span> <span class='ocrx_word' id='word_1_670' title='bbox 2149 5241 2337 5311; x_wconf 83' lang='lat' dir='ltr'><strong>diligit.</strong></span> 
     </span>
    </p>
   </div>
   <div class='ocr_carea' id='block_1_84' title="bbox 1928 5310 2348 5365">
    <p class='ocr_par' dir='ltr' id='par_1_84' title="bbox 1928 5310 2348 5365">
     <span class='ocr_line' id='line_1_85' title="bbox 1928 5310 2348 5365; baseline 0.005 -2"><span class='ocrx_word' id='word_1_671' title='bbox 1928 5311 1968 5340; x_wconf 83' lang='grc'><strong>¹⁷</strong></span> <span class='ocrx_word' id='word_1_672' title='bbox 1997 5310 2039 5363; x_wconf 87' lang='grc' dir='ltr'><strong>Α</strong></span> <span class='ocrx_word' id='word_1_673' title='bbox 2071 5310 2348 5365; x_wconf 75' lang='lat' dir='ltr'><strong>desideret.</strong></span> 
     </span>
    </p>
   </div>
   <div class='ocr_carea' id='block_1_85' title="bbox 2583 5099 3796 5156">
    <p class='ocr_par' dir='ltr' id='par_1_85' title="bbox 2583 5099 3796 5156">
     <span class='ocr_line' id='line_1_86' title="bbox 2583 5099 3796 5156; baseline -0.008 0"><span class='ocrx_word' id='word_1_674' title='bbox 2583 5103 2603 5132; x_wconf 66' lang='grc'>⁵</span> <span class='ocrx_word' id='word_1_675' title='bbox 2628 5101 2668 5156; x_wconf 83' lang='lat' dir='ltr'><strong><em>C</em></strong></span> <span class='ocrx_word' id='word_1_676' title='bbox 2711 5099 3000 5154; x_wconf 80' lang='lat' dir='ltr'><strong>deminum.</strong></span> <span class='ocrx_word' id='word_1_677' title='bbox 3114 5102 3133 5130; x_wconf 85' lang='grc'>⁸</span> <span class='ocrx_word' id='word_1_678' title='bbox 3159 5100 3264 5154; x_wconf 86' lang='lat' dir='ltr'><strong>Pro</strong></span> <span class='ocrx_word' id='word_1_679' title='bbox 3295 5110 3416 5152; x_wconf 85' lang='lat' dir='ltr'><strong>tunc</strong></span> <span class='ocrx_word' id='word_1_680' title='bbox 3456 5102 3582 5153; x_wconf 64' lang='lat' dir='ltr'><strong>sciet</strong></span> <span class='ocrx_word' id='word_1_681' title='bbox 3637 5099 3712 5152; x_wconf 80' lang='lat' dir='ltr'><strong>AB</strong></span> <span class='ocrx_word' id='word_1_682' title='bbox 3747 5106 3796 5147; x_wconf 78' lang='lat' dir='ltr'><strong>et.</strong></span> 
     </span>
    </p>
   </div>
   <div class='ocr_carea' id='block_1_86' title="bbox 2689 5170 3796 5237">
    <p class='ocr_par' dir='ltr' id='par_1_86' title="bbox 2689 5170 3796 5237">
     <span class='ocr_line' id='line_1_87' title="bbox 2689 5170 3796 5237; baseline -0.007 -13"><span class='ocrx_word' id='word_1_683' title='bbox 2689 5173 2709 5203; x_wconf 81' lang='grc'><strong>⁹</strong></span> <span class='ocrx_word' id='word_1_684' title='bbox 2755 5171 2838 5226; x_wconf 78' lang='lat' dir='ltr'><strong>BC</strong></span> <span class='ocrx_word' id='word_1_685' title='bbox 2871 5170 3151 5224; x_wconf 87' lang='lat' dir='ltr'><strong>instancia.</strong></span> <span class='ocrx_word' id='word_1_686' title='bbox 3275 5172 3317 5200; x_wconf 85' lang='lat'><strong>&#39;°</strong></span> <span class='ocrx_word' id='word_1_687' title='bbox 3365 5170 3447 5223; x_wconf 78' lang='lat' dir='ltr'><strong>BC</strong></span> <span class='ocrx_word' id='word_1_688' title='bbox 3525 5175 3796 5237; x_wconf 74' lang='lat' dir='ltr'><strong>contemptu.</strong></span> 
     </span>
    </p>
   </div>
   <div class='ocr_carea' id='block_1_87' title="bbox 2441 5239 3800 5304">
    <p class='ocr_par' dir='ltr' id='par_1_87' title="bbox 2441 5239 3800 5304">
     <span class='ocr_line' id='line_1_88' title="bbox 2441 5239 3800 5304; baseline -0.006 -9"><span class='ocrx_word' id='word_1_689' title='bbox 2441 5245 2484 5273; x_wconf 76' lang='lat'><strong>&quot;</strong></span> <span class='ocrx_word' id='word_1_690' title='bbox 2527 5243 2567 5295; x_wconf 92' lang='grc' dir='ltr'><strong>Β</strong></span> <span class='ocrx_word' id='word_1_691' title='bbox 2600 5243 3044 5304; x_wconf 83' lang='lat' dir='ltr'><strong>humiliacionem,</strong></span> <span class='ocrx_word' id='word_1_692' title='bbox 3109 5239 3149 5293; x_wconf 86' lang='lat' dir='ltr'>C</span> <span class='ocrx_word' id='word_1_693' title='bbox 3183 5241 3609 5294; x_wconf 83' lang='lat' dir='ltr'><strong>humiliacionem</strong></span> <span class='ocrx_word' id='word_1_694' title='bbox 3649 5249 3692 5290; x_wconf 70' lang='lat' dir='ltr'><strong>et</strong></span> <span class='ocrx_word' id='word_1_695' title='bbox 3725 5240 3800 5290; x_wconf 76' lang='lat' dir='ltr'><strong>bu-</strong></span> 
     </span>
    </p>
   </div>
   <div class='ocr_carea' id='block_1_88' title="bbox 2464 5308 3798 5381">
    <p class='ocr_par' dir='ltr' id='par_1_88' title="bbox 2464 5308 3798 5381">
     <span class='ocr_line' id='line_1_89' title="bbox 2464 5308 3798 5381; baseline 0.001 -17"><span class='ocrx_word' id='word_1_696' title='bbox 2464 5314 2506 5343; x_wconf 73' lang='lat'>”</span> <span class='ocrx_word' id='word_1_697' title='bbox 2543 5329 2636 5381; x_wconf 83' lang='lat' dir='ltr'><strong>ego</strong></span> <span class='ocrx_word' id='word_1_698' title='bbox 2671 5330 2782 5366; x_wconf 88' lang='lat' dir='ltr'><strong>om.</strong></span> <span class='ocrx_word' id='word_1_699' title='bbox 2841 5312 2904 5368; x_wconf 88' lang='lat' dir='ltr'><strong>C.</strong></span> <span class='ocrx_word' id='word_1_700' title='bbox 3040 5311 3082 5342; x_wconf 85' lang='grc'><strong>¹⁹</strong></span> <span class='ocrx_word' id='word_1_701' title='bbox 3123 5309 3164 5364; x_wconf 85' lang='lat' dir='ltr'>C</span> <span class='ocrx_word' id='word_1_702' title='bbox 3196 5328 3441 5380; x_wconf 85' lang='lat' dir='ltr'><strong>agnosco.</strong></span> <span class='ocrx_word' id='word_1_703' title='bbox 3544 5313 3588 5341; x_wconf 84' lang='lat'><strong>&quot;</strong></span> <span class='ocrx_word' id='word_1_704' title='bbox 3625 5309 3697 5381; x_wconf 78' lang='grc' dir='ltr'><strong>ΒΟ</strong></span> <span class='ocrx_word' id='word_1_705' title='bbox 3728 5308 3798 5381; x_wconf 51' lang='lat' dir='ltr'><strong>def</strong></span> 
     </span>
    </p>
   </div>
   <div class='ocr_carea' id='block_1_89' title="bbox 2276 5375 3796 5452">
    <p class='ocr_par' dir='ltr' id='par_1_89' title="bbox 2276 5375 3796 5452">
     <span class='ocr_line' id='line_1_90' title="bbox 2276 5375 3796 5452; baseline -0.001 -18"><span class='ocrx_word' id='word_1_706' title='bbox 2276 5385 2319 5412; x_wconf 75' lang='lat'>&quot;</span> <span class='ocrx_word' id='word_1_707' title='bbox 2348 5384 2515 5436; x_wconf 80' lang='lat' dir='ltr'><strong>eciam</strong></span> <span class='ocrx_word' id='word_1_708' title='bbox 2548 5375 2658 5436; x_wconf 66' lang='lat' dir='ltr'><strong>«un.</strong></span> <span class='ocrx_word' id='word_1_709' title='bbox 2695 5385 2760 5438; x_wconf 78' lang='grc' dir='ltr'><strong>Α.</strong></span> <span class='ocrx_word' id='word_1_710' title='bbox 2907 5384 2954 5415; x_wconf 81' lang='grc'><strong>’⁸</strong></span> <span class='ocrx_word' id='word_1_711' title='bbox 2977 5382 3057 5437; x_wconf 74' lang='lat' dir='ltr'><strong>Ex</strong></span> <span class='ocrx_word' id='word_1_712' title='bbox 3099 5375 3272 5452; x_wconf 44' lang='lat' dir='ltr'><strong>conji,</strong></span> <span class='ocrx_word' id='word_1_713' title='bbox 3317 5397 3418 5452; x_wconf 88' lang='lat' dir='ltr'><strong>pro</strong></span> <span class='ocrx_word' id='word_1_714' title='bbox 3474 5375 3796 5439; x_wconf 54' lang='lat' dir='ltr'><strong>curnulamA</strong></span> 
     </span>
    </p>
   </div>
   <div class='ocr_carea' id='block_1_90' title="bbox 2219 5452 2701 5523">
    <p class='ocr_par' dir='ltr' id='par_1_90' title="bbox 2219 5452 2701 5523">
     <span class='ocr_line' id='line_1_91' title="bbox 2219 5452 2701 5523; baseline 0.004 -18"><span class='ocrx_word' id='word_1_715' title='bbox 2219 5452 2265 5484; x_wconf 78' lang='lat'>“</span> <span class='ocrx_word' id='word_1_716' title='bbox 2305 5453 2348 5506; x_wconf 81' lang='grc' dir='ltr'><strong>Α</strong></span> <span class='ocrx_word' id='word_1_717' title='bbox 2388 5455 2701 5523; x_wconf 69' lang='lat' dir='ltr'><strong>expeditior.</strong></span> 
     </span>
    </p>
   </div>
   <div class='ocr_carea' id='block_1_91' title="bbox 2093 5566 2347 5622">
    <p class='ocr_par' dir='ltr' id='par_1_91' title="bbox 2093 5566 2347 5622">
     <span class='ocr_line' id='line_1_92' title="bbox 2093 5566 2347 5622; baseline 0.004 -1"><span class='ocrx_word' id='word_1_718' title='bbox 2093 5566 2347 5622; x_wconf 76' lang='lat' dir='ltr'><strong>NOTAE.</strong></span> 
     </span>
    </p>
   </div>
   <div class='ocr_carea' id='block_1_92' title="bbox 655 5658 2154 5731">
    <p class='ocr_par' dir='ltr' id='par_1_92' title="bbox 655 5658 2154 5731">
     <span class='ocr_line' id='line_1_93' title="bbox 655 5658 2154 5731; baseline 0.001 -15"><span class='ocrx_word' id='word_1_719' title='bbox 655 5664 730 5730; x_wconf 82' lang='grc'><strong>(1)</strong></span> <span class='ocrx_word' id='word_1_720' title='bbox 757 5661 892 5715; x_wconf 87' lang='lat' dir='ltr'><strong>Hinc</strong></span> <span class='ocrx_word' id='word_1_721' title='bbox 910 5659 1106 5726; x_wconf 85' lang='lat' dir='ltr'><strong>incipit</strong></span> <span class='ocrx_word' id='word_1_722' title='bbox 1136 5658 1443 5731; x_wconf 78' lang='lat' dir='ltr'><strong>discrepare</strong></span> <span class='ocrx_word' id='word_1_723' title='bbox 1474 5660 1608 5716; x_wconf 89' lang='lat' dir='ltr'><strong>haec</strong></span> <span class='ocrx_word' id='word_1_724' title='bbox 1627 5661 1696 5716; x_wconf 91' lang='lat' dir='ltr'><strong>ab</strong></span> <span class='ocrx_word' id='word_1_725' title='bbox 1717 5677 1802 5726; x_wconf 86' lang='lat' dir='ltr'><strong>ea,</strong></span> <span class='ocrx_word' id='word_1_726' title='bbox 1823 5678 1986 5731; x_wconf 90' lang='lat' dir='ltr'><strong>quam</strong></span> <span class='ocrx_word' id='word_1_727' title='bbox 2009 5662 2111 5717; x_wconf 89' lang='lat' dir='ltr'><strong>sub</strong></span> <span class='ocrx_word' id='word_1_728' title='bbox 2133 5663 2154 5717; x_wconf 85' lang='grc' dir='ltr'>Ι</span> 
     </span>
    </p>
   </div>
   <div class='ocr_carea' id='block_1_93' title="bbox 580 5730 1211 5802">
    <p class='ocr_par' dir='ltr' id='par_1_93' title="bbox 580 5730 1211 5802">
     <span class='ocr_line' id='line_1_94' title="bbox 580 5730 1211 5802; baseline -0.005 -18"><span class='ocrx_word' id='word_1_729' title='bbox 580 5733 939 5802; x_wconf 72' lang='lat' dir='ltr'><strong>vulgavimus,</strong></span> <span class='ocrx_word' id='word_1_730' title='bbox 963 5730 1211 5802; x_wconf 76' lang='lat' dir='ltr'><strong>cpistola.</strong></span> 
     </span>
    </p>
   </div>
   <div class='ocr_carea' id='block_1_94' title="bbox 650 5799 2151 5873">
    <p class='ocr_par' dir='ltr' id='par_1_94' title="bbox 650 5799 2151 5873">
     <span class='ocr_line' id='line_1_95' title="bbox 650 5799 2151 5873; baseline -0.001 -17"><span class='ocrx_word' id='word_1_731' title='bbox 650 5799 732 5873; x_wconf 59' lang='grc' dir='ltr'><strong>(ἦ)</strong></span> <span class='ocrx_word' id='word_1_732' title='bbox 754 5807 900 5870; x_wconf 69' lang='lat' dir='ltr'><strong>Quae</strong></span> <span class='ocrx_word' id='word_1_733' title='bbox 927 5799 1126 5855; x_wconf 86' lang='lat' dir='ltr'><strong>abhinc</strong></span> <span class='ocrx_word' id='word_1_734' title='bbox 1157 5816 1328 5868; x_wconf 82' lang='lat' dir='ltr'><strong>usque</strong></span> <span class='ocrx_word' id='word_1_735' title='bbox 1359 5801 1423 5856; x_wconf 89' lang='lat' dir='ltr'><strong>ad</strong></span> <span class='ocrx_word' id='word_1_736' title='bbox 1459 5801 1619 5857; x_wconf 81' lang='lat' dir='ltr'><strong>linem</strong></span> <span class='ocrx_word' id='word_1_737' title='bbox 1661 5813 1988 5873; x_wconf 86' lang='lat' dir='ltr'><strong>sequuntur,</strong></span> <span class='ocrx_word' id='word_1_738' title='bbox 2024 5818 2151 5872; x_wconf 83' lang='lat' dir='ltr'><strong>spu-</strong></span> 
     </span>
    </p>
   </div>
   <div class='ocr_carea' id='block_1_95' title="bbox 2261 5649 3797 5734">
    <p class='ocr_par' dir='ltr' id='par_1_95' title="bbox 2261 5649 3797 5734">
     <span class='ocr_line' id='line_1_96' title="bbox 2261 5649 3797 5734; baseline -0.007 -15"><span class='ocrx_word' id='word_1_739' title='bbox 2261 5665 2340 5719; x_wconf 89' lang='lat' dir='ltr'><strong>ria</strong></span> <span class='ocrx_word' id='word_1_740' title='bbox 2378 5675 2526 5727; x_wconf 90' lang='lat' dir='ltr'><strong>sunt,</strong></span> <span class='ocrx_word' id='word_1_741' title='bbox 2560 5675 2617 5720; x_wconf 88' lang='lat' dir='ltr'><strong>et</strong></span> <span class='ocrx_word' id='word_1_742' title='bbox 2655 5682 2685 5720; x_wconf 92' lang='lat' dir='ltr'><strong>e</strong></span> <span class='ocrx_word' id='word_1_743' title='bbox 2721 5662 2938 5720; x_wconf 80' lang='lat' dir='ltr'><strong>Macarii</strong></span> <span class='ocrx_word' id='word_1_744' title='bbox 2983 5659 3378 5734; x_wconf 71' lang='lat' dir='ltr'><strong>(Alexandrini)</strong></span> <span class='ocrx_word' id='word_1_745' title='bbox 3407 5658 3639 5730; x_wconf 82' lang='lat' dir='ltr'><strong>cpistola</strong></span> <span class='ocrx_word' id='word_1_746' title='bbox 3666 5655 3725 5710; x_wconf 80' lang='lat' dir='ltr'><strong>N&#39;</strong></span> <span class='ocrx_word' id='word_1_747' title='bbox 3751 5649 3797 5703; x_wconf 83' lang='lat' dir='ltr'>l&quot;</span> 
     </span>
    </p>
   </div>
   <div class='ocr_carea' id='block_1_96' title="bbox 2263 5737 2572 5806">
    <p class='ocr_par' dir='ltr' id='par_1_96' title="bbox 2263 5737 2572 5806">
     <span class='ocr_line' id='line_1_97' title="bbox 2263 5737 2572 5806; baseline 0 -17"><span class='ocrx_word' id='word_1_748' title='bbox 2263 5737 2572 5806; x_wconf 87' lang='lat' dir='ltr'><strong>compilata.</strong></span> 
     </span>
    </p>
   </div>
  </div>
