3948 6526
140 307 240 362 M5

1632 316 1919 374 PRECES.

3257 323 3370 382 ’μϐ

133 422 278 476 celsa
303 423 350 455 ’τ
378 423 641 494 pervolat.
677 427 830 484 Tunc
851 429 1138 486 descendit
1171 431 1240 487 ad
1267 447 1442 500 escas,
1477 435 1697 504 quando
1723 441 1771 498 Α
1796 436 2023 505 optimo,
2055 437 2135 493 sic
2177 437 2536 510 cogitationes
2576 446 2764 524 turpes
2799 437 2855 492 in
2893 438 3058 494 corde
3093 440 3369 496 monachi.

138 513 407 582 compellit
438 516 754 572 necessitas.
811 519 1059 578 Prudens
1086 523 1384 578 monachus
1417 539 1528 579 non
1566 524 1700 579 adu-

137 602 334 658 labitur
357 615 582 675 propter
607 608 942 663 voluntatem
977 613 1187 667 ventris
1225 613 1507 669 divitibus.
1549 615 1698 669 Nihil

136 696 414 764 possidens
438 699 737 754 monachus
780 716 972 757 cursor
1007 703 1142 759 levis
1185 706 1431 777 sagacius
1466 709 1532 762 ad
1566 707 1696 762 bra-

137 786 279 840 vium
320 803 556 857 superne
593 792 903 847 vocacionis
943 794 1151 850 domini
1173 798 1217 829 ⁸³
1252 801 1554 868 perveniet.
1589 802 1694 856 Ve-

136 891 227 930 rus
251 879 552 933 monachus
579 889 700 949 post
727 896 864 952 opus
895 885 1234 941 moderatum
1265 889 1614 944 oracionibus
1641 899 1698 945 et

133 966 469 1022 leccionibus
507 979 681 1024 vacat.
731 973 878 1026 Nihil
916 976 1200 1044 possidens
1240 981 1538 1037 monachus
1579 983 1697 1039 the-

132 1060 366 1115 saurizat
399 1062 444 1093 ⁸⁸
483 1061 539 1116 in
579 1062 718 1128 celo,
758 1065 904 1120 canit
950 1067 1173 1124 domino
1200 1071 1244 1102 ⁸ο
1278 1071 1466 1128 laudes
1504 1074 1593 1130 die
1632 1091 1697 1131 ac

131 1158 286 1206 nocte
322 1152 378 1206 in
407 1153 602 1209 timore
631 1154 856 1210 domini.
888 1157 1160 1214 Gloriacio
1191 1164 1441 1217 monachi
1475 1166 1694 1234 pacien-

131 1244 211 1296 cia
235 1244 276 1273 ³¹
309 1259 434 1297 cum
472 1245 760 1300 charitate.
797 1246 1070 1304 Gloriacio
1102 1254 1377 1318 monachi,
1411 1271 1533 1310 cum
1568 1259 1692 1313 nul-

129 1333 207 1386 las
245 1349 333 1387 res
365 1334 638 1389 desiderat
682 1337 955 1406 presentis
995 1339 1106 1394 vite
1143 1344 1419 1410 possidere
1450 1346 1513 1399 ³³.
1562 1348 1692 1402 Glo-

129 1427 298 1481 riacio
358 1429 609 1482 monachi
666 1432 1028 1486 mansuetudo
1090 1443 1146 1488 et
1208 1435 1361 1490 ﬁdes.
1420 1437 1693 1496 Gloriacio

128 1515 381 1570 monachi
415 1516 596 1586 vigilie
634 1527 691 1571 et
713 1519 756 1550 ³³
792 1518 952 1574 ﬂetus
986 1521 1042 1575 in
1075 1523 1443 1580 oracionibus.
1479 1527 1692 1584 Gloria-

126 1605 213 1655 cio
251 1605 524 1668 monachi,
567 1606 786 1674 quando
828 1608 991 1662 deum
1026 1611 1070 1641 ⁸⁵
1119 1627 1185 1665 ex
1236 1621 1350 1668 toto
1397 1616 1560 1671 corde
1607 1618 1692 1672 di-

127 1691 343 1757 lexerit,
384 1693 794 1766 etgproximnm
844 1713 1004 1752 suum
1055 1700 1197 1754 sicut
1238 1718 1295 1756 se
1335 1703 1532 1774 ipsum.
1570 1706 1695 1762 Glo-

1805 527 1960 583 Sicut
1999 529 2144 584 tinea
2185 530 2513 586 exterminat
2547 529 2952 591 vestimentum,
2989 527 3068 581 sic
3106 527 3373 582 detractio

1803 621 2038 674 animam
2061 622 2105 653 ¹⁵⁰
2132 622 2384 676 monachi
2401 623 2466 675 ιι.
2495 621 2616 676 Noli
2643 631 2694 675 te
2718 620 2848 674 dare
2881 619 2946 673 ad
2977 618 3306 688 colloquium
3326 621 3372 651 δ’

1801 713 2051 767 mulieris
2079 713 2144 777 ⁵³,
2180 729 2248 768 ne
2284 713 2360 768 sis
2397 723 2681 783 separatus
2723 728 2752 766 a
2792 725 2960 781 regno
2993 709 3080 764 dei
3111 709 3176 773 “,
3211 719 3267 764 et
3303 724 3372 763 ne

1801 803 1939 857 velis
1984 803 2162 858 dicere
2202 820 2215 856 :
2267 803 2464 872 loquor
2509 818 2633 856 cum
2682 800 2912 855 muliere
2946 799 2990 830 "
3029 807 3084 853 et
3132 797 3375 852 mundus

1801 911 1942 950 sum.
1982 895 2279 950 Monachus
2310 895 2528 964 sapiens
2571 893 2685 948 suis
2731 891 2986 946 manibus
3021 896 3279 958 operatur
3315 898 3374 944 et

1796 987 2007 1041 victum
2048 989 2151 1042 sibi
2185 988 2541 1043 cottidianum
2575 986 2619 1018 ⁸⁵⁸
2661 985 2897 1054 acquirit
2931 984 2975 1014 "
3025 991 3082 1037 et
3128 982 3374 1034 lucratus

1799 1086 1885 1131 est
1932 1079 2217 1133 oraciones
2257 1088 2313 1132 et
2356 1079 2570 1140 ieiunia,
2595 1094 2692 1132 sua
2722 1078 2790 1130 ⁸⁸.
2834 1076 2891 1130 Si
2928 1082 3110 1128 autem
3159 1072 3227 1126 ab
3262 1071 3373 1126 alio

1800 1170 2072 1239 acceperit
2100 1171 2146 1202 "
2187 1170 2415 1235 victum,
2456 1171 2588 1240 quid
2631 1168 2873 1239 prodest,
2913 1165 3057 1235 quod
3091 1165 3279 1234 vigilat
3315 1173 3375 1218 et

1798 1262 1954 1314 orat?
1997 1260 2088 1317 Sic
2125 1269 2210 1316 est
2254 1271 2314 1316 ut
2358 1259 2727 1315 mercenarius
2777 1259 2950 1312 durus
2996 1266 3052 1311 et
3103 1257 3278 1309 malus
3301 1255 3368 1308 ⁸⁸⁵.

1798 1351 1936 1418 Quia
1991 1354 2254 1423 scriptum
2289 1363 2373 1408 est
2415 1369 2428 1406 :
2480 1353 2679 1407 melius
2730 1361 2812 1406 est
2856 1349 2985 1404 dare
3021 1366 3180 1418 quam
3225 1347 3372 1402 acci-

1798 1461 1951 1515 pere.
1989 1446 2280 1517 Lignorum
2313 1462 2530 1516 quoque
2560 1447 2603 1477 ⁸¹
2646 1445 2801 1515 copia
2839 1443 3111 1514 ingentem
3146 1441 3374 1496 suscitat

1798 1536 2104 1603 ﬂammam;
2161 1538 2457 1593 multitudo
2508 1547 2689 1592 autem
2743 1551 2992 1590 escarum
3046 1532 3369 1587 inobedien-

1798 1629 1938 1685 ciam
1974 1632 2117 1700 parit
2165 1638 2220 1686 et
2266 1642 2518 1686 mortem.
2561 1630 2815 1702 lndigens
2851 1637 3042 1684 venter
3062 1627 3106 1659 "
3141 1626 3196 1680 in
3241 1639 3372 1679 ora-

1799 1721 2049 1776 cionibus
2093 1723 2437 1793 vigilanciam
2470 1724 2516 1756 ⁸³
2555 1732 2765 1794 prestat
2801 1732 2856 1777 et
2893 1736 3149 1776 coronam
3187 1718 3369 1772 anime

130 1781 299 1835 riacio
348 1782 601 1837 monachi
647 1784 986 1842 abstinencia
1025 1789 1070 1820 ³⁸
1116 1806 1363 1846 escarum
1403 1803 1460 1850 et
1505 1812 1616 1851 non
1653 1798 1698 1831 ³⁸
1728 1806 1771 1861 Β
1799 1813 2068 1881 acquirit;
2116 1781 2356 1884 repletus
2402 1781 2583 1869 autem
2631 1815 2773 1869 escis
2821 1828 3107 1882 sompnum
3158 1809 3371 1864 inducit

128 1869 532 1939 multiloquium
579 1871 780 1942 lingue.
832 1873 1103 1932 Gloriacio
1149 1881 1428 1947 monachi,
1476 1885 1695 1954 quando

127 1962 291 2016 verba
320 1965 439 2034 ejus
465 1965 722 2034 operibus
765 1977 1084 2024 consonant.
1119 1969 1389 2028 Gloriacio
1418 1978 1692 2044 monachi,

124 2053 345 2121 quando
372 2055 427 2108 in
453 2055 571 2110 loco
593 2072 692 2112 suo
709 2058 752 2089 ³⁷
778 2071 1064 2128 permanet
1090 2073 1146 2119 et
1173 2064 1281 2119 huc
1312 2065 1550 2137 illucque
1583 2085 1694 2126 non

122 2155 372 2214 vagatur.
396 2145 665 2202 Gloriacio
684 2151 936 2206 monachi
955 2153 1336 2225 longanimitas
1361 2173 1483 2212 cum
1507 2159 1690 2215 humi-

122 2235 276 2289 litate
324 2247 381 2292 et
421 2240 613 2308 gratia.
654 2240 808 2297 Sicut
848 2244 1054 2314 lampas
1081 2246 1124 2278 ³³
1170 2248 1453 2317 splendida
1484 2251 1540 2304 in
1578 2252 1702 2311 loco

125 2325 437 2393 tenebroso,
502 2343 558 2384 et
621 2331 764 2385 sicut
827 2334 906 2388 sol
943 2335 1162 2391 radians
1201 2337 1518 2407 splendidus
1590 2352 1696 2406 est,

121 2418 204 2472 sic
250 2421 548 2477 monachus
585 2423 860 2491 perfectus
909 2425 964 2479 in
1004 2427 1300 2484 sobrietate
1346 2439 1402 2484 et
1443 2433 1696 2490 castitate

119 2519 180 2564 et
215 2511 380 2564 corde
411 2514 661 2584 pervigili
704 2515 756 2568 in
799 2525 1040 2585 tempore
1075 2521 1404 2587 psalmorum
1436 2523 1500 2576 δ’.
1541 2524 1695 2581 Sicut

117 2601 339 2670 pondus
362 2605 488 2658 salis
510 2605 766 2675 deprimit
793 2609 970 2663 virum
997 2612 1295 2677 inﬁrmum,
1326 2612 1405 2667 sic
1432 2630 1693 2685 sompnus

117 2691 180 2745 in
222 2693 398 2748 oculis
445 2699 714 2753 monachi.
752 2698 904 2756 Sicut
941 2701 1093 2772 spine
1130 2711 1186 2759 et
1224 2704 1410 2760 tribuli
1459 2706 1515 2760 in
1556 2723 1688 2778 agro

1796 1913 1855 1959 et
1881 1905 2220 1974 gravitatem.
2249 1905 2453 1963 Oculus
2484 1908 2656 1978 gulosi
2691 1906 2939 1962 convivia
2967 1911 3364 1975 perscrutatur,

1797 1998 1991 2052 oculus
2052 2009 2234 2053 autem
2292 1999 2617 2069 sapientium
2646 1999 2691 2031 “
2735 1999 3032 2053 meditatur
3085 1996 3369 2050 continen-

1797 2089 1936 2144 ciam
1986 2075 2305 2161 martyrum.
2359 2091 2765 2145 Formidolosus
2819 2089 2977 2143 miles
3023 2086 3290 2140 horrescit
3315 2085 3368 2116 ”

1798 2177 2006 2241 tubam,
2033 2193 2138 2246 que
2180 2177 2382 2232 bellum
2404 2177 2452 2209 “
2496 2178 2793 2248 signiﬁcat;
2830 2186 2882 2231 et
2925 2175 3150 2245 gulosus
3177 2187 3366 2226 mona-

1797 2269 1935 2324 chus
1967 2270 2012 2323 si
2042 2268 2434 2322 abstinenciam
2464 2267 2835 2337 predicantem
2869 2267 2914 2297 ⁸⁷
2961 2263 3219 2327 audierit,
3251 2276 3362 2315 non

1794 2362 2029 2418 libenter
2075 2363 2364 2416 auscultat.
2408 2361 2668 2422 Flamma,
2702 2375 2824 2413 cum
2861 2357 3055 2412 arserit
3076 2357 3142 2420 '“,
3181 2355 3364 2409 eluce-

1791 2455 1897 2510 scit
1942 2454 2141 2508 iterum
2179 2453 2226 2507 si
2271 2453 2500 2522 accipiat
2540 2452 2776 2522 lignum,
2805 2459 2862 2504 et
2908 2450 3079 2519 sopita
3117 2447 3290 2502 libido
3312 2446 3362 2477 "

1790 2562 2008 2601 rursum
2060 2545 2288 2615 ignescit
2317 2545 2362 2575 ⁶⁰
2401 2545 2457 2598 in
2495 2544 2779 2598 saturitate
2819 2558 3088 2596 escarum.
3128 2539 3360 2612 Explicit

1794 2637 2016 2710 epistola
2048 2636 2306 2692 Macharii
2342 2636 2471 2690 data
2492 2635 2562 2690 ad
2602 2641 2878 2690 monachos
2909 2635 2971 2689 ⁶¹.

1409 2864 1663 2920 VARIAE
1701 2863 2100 2922 LECTIONES.

226 2964 274 3038 ξ’
325 2965 394 3018 ad
425 2968 628 3024 excelsa
687 2989 795 3028 om.
834 2976 898 3030 A.
1011 2981 1056 3012 ’⁸
1082 2981 1125 3034 Β
1158 2983 1259 3038 ἀεὶ.

110 3105 181 3155 [ie
215 3113 270 3156 et
307 3121 416 3159 om.
446 3105 506 3161 C.
619 3113 666 3142 ⁸⁵
687 3114 726 3167 (Σ
758 3115 1046 3174 dominum.

109 3174 282 3242 pada.

107 3243 404 3299 colloquia.

511 3251 556 3279 ’⁵³
589 3251 629 3305 C
655 3249 883 3310 mulieri.
968 3249 1040 3292 ’⁸⁵
1072 3261 1112 3315 C
1147 3249 1363 3318 doniini.

1371 2986 1416 3015 "’
1444 2985 1485 3037 B
1517 2986 1858 3039 tliesaurizat.

107 3033 304 3127 nullas
355 3045 728 3127 rcsnpresezitis
782 3046 898 3127 rite
937 3033 1262 3127 desidem-tv;
1390 3033 1512 3108 cu—m
1573 3056 1754 3127 nullas
1823 3073 1903 3110 res
1965 3059 2217 3127 presentis
2276 3059 2404 3127 vite,
2437 3033 2697 3127 possidere
2753 3056 3032 3109 desiderat.

1151 3125 1194 3154 ³⁵
1224 3123 1264 3178 C
1299 3125 1630 3178 abstinenrie.
1709 3126 1753 3156 “
1785 3143 1888 3179 non
1923 3123 2032 3181 oin.
2086 3125 2192 3181 AC.

382 3178 424 3208 ³⁹
467 3176 505 3231 C
542 3183 789 3253 pervigili
831 3187 1208 3260 interpretatur
1237 3176 1508 3263 psalmos.
1544 3176 1632 3228 λδ
1663 3196 1706 3249 Β
1739 3176 2026 3251 inanima.

382 3266 404 3299 '.
511 3251 556 3320 ‘7'
589 3251 629 3305 C
655 3255 883 3310 mulieri.
995 3261 1040 3292 “
1072 3261 1112 3315 C
1147 3263 1363 3318 domini.
1464 3265 1508 3296 ⁸⁵
1536 3265 1578 3318 Β
1611 3281 1734 3320 cum
1775 3267 2026 3320 mulierib:

1611 3281 1734 3320 cum
1775 3281 2097 3321 muneribus.

1997 2988 2041 3019 ³⁰
2071 2988 2113 3041 Β
2147 2987 2259 3042 deo.
2396 2986 2436 3018 "
2462 2986 2505 3040 Α
2560 2987 2627 3084 sit
2669 2982 2966 3084 pacicnclia.
2996 3061 3013 3084 ι
3078 2983 3123 3014 ³⁸
3143 2982 3196 3084 al}
3228 2997 3354 3066 cum

2309 3069 2378 3110 ite
2437 3069 2697 3127 pOSStdt’re
2753 3069 3032 3109 desiderat.
3143 3069 3186 3084 σο
3226 3069 3353 3123 mgi-

2307 3129 2348 3158 "
2381 3126 2420 3182 C
2453 3128 2505 3180 in
2539 3127 2706 3180 locant
2760 3143 2932 3180 suum.
3045 3123 3088 3155 ³³
3104 3121 3186 3177 BC
3212 3121 3353 3176 lam-

2119 3198 2160 3229 “
2193 3199 2325 3252 sicut
2359 3199 2497 3250 tinea
2531 3228 2600 3236 —
2630 3198 2869 3250 monac/ii
2897 3209 3006 3248 om.
3041 3193 3101 3248 C.
3235 3193 3279 3222 "
3304 3195 3354 3248 A

2229 3269 2272 3298 "
2305 3267 2386 3322 BC
2422 3269 2761 3320 cotidianum.
2866 3267 2907 3296 ⁸⁷
2938 3264 2979 3320 C
3011 3263 3266 3333 adquirit,
3297 3273 3362 3319 et

106 3315 189 3368 ³ίο
221 3315 473 3408 αξξιιυρί,
493 3319 572 3408 “⁴⁸
586 3338 684 3376 sua
707 3338 814 3407 oni.
948 3329 1054 3408 Ero
1077 3341 1132 3385 et
1160 3332 1391 3408 lucratus
1417 3343 1492 3408 cst
1520 3338 1786 3408 orationes
1810 3347 1858 3390 et
1885 3339 2077 3392 ieiunia
2110 3356 2209 3391 sua
2231 3338 2272 3391 B
2291 3347 2346 3392 et
2364 3337 2602 3392 lurratnr
2633 3337 2916 3408 (orationes
2947 3345 3000 3408 et
3024 3334 3351 3408 iriunia‘sua

106 3398 222 3456 om.
265 3385 349 3456 Β).

429 3387 473 3419 δ’
493 3389 535 3442 Β
564 3397 819 3479 accc-perit
843 3398 906 3479 ait
931 3400 1054 3454 alio.
1134 3404 1179 3434 ⁸⁸
1213 3387 1495 3479 Βϐψηῂγζζὶδ
2480 3387 2650 3464 Ἧιέ
2683 3424 2882 3479 verum.
3112 3403 3353 3479 vigiliam

1213 3453 1294 3458 --ν
1527 3453 1569 3459 --
1610 3453 1792 3460 πη---
1955 3453 2151 3461 ..-μην
2340 3453 2442 3463 ην.
2605 3453 2640 3464 ,,
3031 3453 3075 3458 -_

105 3453 153 3483 "
182 3456 230 3507 Α
251 3453 572 3559 sapitxztum.
651 3453 695 3494 ⁸⁵
717 3453 1140 3536 ΑρενΙιοννοδνεὶε.
1219 3474 1324 3528 “C
1347 3475 1505 3529 bella.
1582 3477 1626 3508 "
1657 3476 1702 3530 A
1736 3453 2023 3546 predicar'e.
2069 3453 2146 3509 ’⁵⁸
2169 3478 2210 3533 C
2246 3481 2536 3532 marcescit.
2613 3480 2659 3510 ⁸⁸
2683 3477 2911 3531 Asubito
2941 3474 3116 3562 libido,

105 3527 284 3562 ιηπίιη
455 3530 666 3562 ὅηοιυερὶο
687 3552 772 3562 ηπ.
819 3537 858 3562 ρ
937 3540 975 3562 ιι
1014 3542 1037 3562 .l
1065 3549 1129 3562 ,.,,
1210 3544 1232 3562 Δ
1461 3548 1472 3562 ρ
1724 3547 1740 3562 Α
1822 3547 1861 3562 ιη
1945 3549 1974 3562 ..
2011 3550 2042 3562 ._
2137 3551 2148 3561 .
2185 3558 2194 3562 _
2240 3549 2250 3562 .
2318 3549 2365 3562 .,
2440 3559 2445 3562 λ
2536 3551 2567 3562 ..
2613 3549 2623 3562 .
2670 3558 2679 3562 -
2802 3547 2812 3562 .
3071 3561 3076 3562 ,
3151 3559 3164 3562 Α

102 3527 306 3595 sapita.
385 3529 428 3559 “
452 3530 666 3600 ignescit
686 3527 793 3589 om:
819 3537 860 3592 C
937 3540 978 3572 ⁶¹
1003 3542 1131 3596 data
1163 3544 1232 3598 ad
1265 3527 1543 3600 monachos
2066 3527 2567 3620 epistola
2589 3527 2727 3603 data
2744 3527 3116 3601 caluariae/tos.
3142 3559 3252 3598 om.
3280 3543 3343 3599 C.

113 3762 1346 3787 Ἥ

2502 3758 3329 3796 -_____-———_—-—-_————___====

2251 3781 2496 3791 ...ρο-,ρ-›>

682 3944 1484 4063 ΜΑΚΑΡΙΟΥ
1575 3947 1876 4066 ΤΟΥ
1963 3953 2780 4068 ΑΙΓΥΠΤΙΟΥ

1556 4173 1923 4264 EYXAL

737 4501 1252 4621 SANGTI
1387 4508 1980 4626 MACARII
2091 4511 2730 4630 AEGYPTII

1504 4750 1977 4840 PRECES.

74 5088 92 5150 (
110 5088 147 5138 E
170 5087 506 5156 bibl’othecze
531 5093 764 5156 Caesareae
789 5095 1187 5151 Vindobonensis
1225 5104 1394 5154 codice
1433 5119 1525 5155 ms.
1569 5109 1724 5156 theol.

1762 5123 1906 5181 graec.
2235 5111 2350 5181 olim
2390 5113 2599 5181 LXXVI,
2633 5118 2920 5181 chartaceo,
2953 5121 3170 5180 antiquo,
3212 5121 3340 5181 ἱππ-4,

136 5165 304 5211 quem
336 5153 629 5224 Lambecius
649 5158 972 5210 Commentar.
1000 5163 1056 5211 Τ.
1087 5165 1172 5223 ΙΙΙ,
1198 5165 1278 5214 ed.
1311 5153 1466 5216 altera
1559 5153 1906 5231 352'squde

136 5225 340 5278 preces
378 5215 575 5278 Macarii
596 5219 679 5266 fol.
704 5221 783 5275 60,
815 5220 838 5268 1
877 5237 949 5278 sq.
978 5225 1232 5278 leguntur.
1259 5233 1488 5278 sequenti
1527 5245 1583 5278 us
1605 5231 1807 5278 canticis
1829 5233 1889 5278 ad
1929 5241 2149 5278 sanctum
2199 5238 2462 5278 Aulunium
2486 5245 2540 5278 pr
2565 5239 2623 5278 ad
2647 5247 2866 5278 sanctum
2891 5238 3146 5278 nuut‘rmm
3188 5257 3341 5278 ηιωω

1527 5246 1554 5278 U

135 5225 340 5322 greces
378 5215 679 5287 Macarii-fol.
704 5221 783 5275 60,
815 5220 838 5268 1
877 5237 949 5284 sq.
978 5215 1232 5294 leguntur,
1259 5215 1488 5290 sequenti

187 5278 356 5322 ειεξιτιὶ
382 5275 596 5322 A-Jm'ntu
627 5279 736 5322 illas
757 5296 870 5322 esse
890 5288 1158 5322 vpriumiln
1190 5287 1306 5322 min:
1331 5294 1483 5322 eis...“

187 5275 356 5325 acarii
382 5275 597 5339 A-ngptii
625 5279 736 5329 illas
757 5296 870 5332 esse
890 5275 1159 5337 verisimile
1190 5275 1310 5339 mihi
1327 5275 1627 5355 ’iis'aﬁégij

452 5451 619 5522 Εὐχὴ
659 5451 767 5506 τοῦ
797 5455 968 5525 ἁγίου
993 5459 1326 5528 Μακαρίου.

138 5554 219 5610 Ὦ
284 5557 714 5632 Θεὸς,ξλάσ¹ητί
770 5583 857 5635 μοι
897 5567 974 5638 τῷ
1022 5568 1369 5644 ἁμαρτωλῷ,
1413 5575 1492 5630 ὅτι
1525 5578 1676 5632 οὐδὲν

61 5647 327 5720 ἐποίησα.
361 5650 566 5720 ἀγαθὸν
597 5655 828 5712 ἐνώπιόν
867 5677 984 5714 σου.
1016 5661 1314 5734 Ἀναρῢσαί
1343 5684 1409 5737 με
1436 5669 1544 5723 ἀπὸ
1577 5670 1673 5724 τοῦ

62 5736 371 5813 Πονηροῢ,
407 5744 503 5799 καῖ⁵
534 5746 764 5810 ἀξίωσὸν
804 5767 872 5821 με
923 5752 1306 5826 ἁκατακρίτως
1340 5736 1577 5828 ἀνοίγειν
1614 5765 1674 5816 τὸ

1559 5245 1583 5281 s
1605 5231 1807 5287 canticis
1829 5233 1889 5282 ad
1929 5241 2149 5284 sanctum
2197 5231 2464 5286 Antonium
2486 5231 2540 5288 et
2565 5239 2626 5287 ad
2647 5231 2868 5289 sanctum
2891 5238 3167 5304 Onufrium,
3188 5231 3342 5306 quare

2232 5470 2412 5527 Oratio
2440 5475 2608 5527 sancti
2641 5475 2887 5532 Macarii.

1847 5582 1892 5639 Ο
1922 5585 2086 5650 Deus,
2113 5586 2378 5643 miserere
2404 5590 2511 5644 mei
2539 5591 2863 5660 peccatoris,
2889 5607 3016 5661 qma
3056 5593 3192 5648 nihil
3214 5593 3343 5650 boni

1777 5674 1880 5730 feci
1921 5692 2106 5732 coram
2143 5687 2215 5734 te.
2260 5681 2406 5735 Erue
2452 5697 2539 5736 me
2593 5698 2624 5737 a
2671 5683 2833 5748 Malo,
2881 5697 2938 5740 et
2983 5685 3208 5757 dignare
3255 5703 3343 5741 nne

1779 5765 2080 5826 clementer
2122 5769 2336 5840 aperire
2381 5786 2443 5828 os
2479 5787 2661 5829 meum
2697 5774 3002 5848 indignum,
3040 5786 3096 5834 et
3120 5784 3344 5833 cantare
