3948 6572
558 301 660 367 451
1783 297 1844 357 S.
1885 289 2203 356 MACARII
2241 291 2565 355 IEGYPTII
3666 298 3757 364 452

560 414 929 476 nifestandum
976 423 1158 470 tamen
1191 413 1403 470 ultimis
1442 410 1784 483 temporibus
1824 410 1882 465 in
1913 407 2119 479 appari-

2200 448 2209 465 ι
2236 410 2463 477 φανείας
2486 407 2581 465 τοῦ
2607 407 2864 482 Χριστοῦ.
2891 409 3086 481 Ψυχῆς
3106 408 3215 481 γὰρ
3239 408 3531 481 μυστήριον
3550 410 3759 485 ἔθεὼριι,

561 509 713 565 tione
734 506 963 563 Christi.
987 504 1222 562 Videbat
1241 507 1388 560 enim
1420 502 1742 575 mysterium
1775 500 1991 563 animae,
2010 511 2120 567 qua

2234 507 2336 575 τῆς
2382 502 2684 576 μελλούσης
2733 502 2986 575 δέχεσθαι
3025 503 3119 558 τὸν
3168 504 3367 576 ἑαυτῆς
3417 503 3646 576 Κύριον,
3688 512 3764 565 καὶ

560 601 851 659 Dominum
897 613 1059 655 suum
1105 598 1441 667 amplexura,
1487 604 1543 649 et
1573 594 1805 649 thronus
1839 590 2025 662 gloria:
2050 588 2119 643 fu-

2237 596 2426 668 θρόνος
2458 595 2619 667 δόξης
2646 595 2796 667 αύτῷ
2843 595 3120 664 γενέσθαι.
3141 596 3304 667 Ψυχὴ
3330 595 3437 667 γὰρ
3469 598 3501 667 ἠ
3537 599 3766 666 καταξιω-

562 707 686 751 tura
705 702 844 750 erat.
879 691 1075 747 Anima
1116 688 1407 760 siquidem,
1434 702 1556 756 quae
1582 684 1651 740 de
1670 683 1908 754 Spiritus
1936 680 2121 744 sancti,

2239 689 2389 743 θεῖσα
2428 689 2754 759 κοινωνῆσαι
2808 687 2886 758 τῷ
2936 686 3213 758 Πνεύματι
3260 686 3355 741 τοῦ
3392 687 3564 757 φωτὸς
3608 692 3765 757 αὐτοῦ,

564 780 922 854 praeparantis
955 780 1102 834 illam
1150 776 1255 831 sibi
1306 776 1361 828 in
1393 773 1576 829 sedem
1613 779 1671 827 et
1713 769 2123 832 habitationem,

2234 781 2332 837 καὶ
2362 780 2819 851 καταλαμφθεῖσα
2858 780 2965 835 ὑπὸ
3002 779 3096 834 τοῦ
3141 780 3373 844 κάλλους
3420 782 3515 852 τῆς
3560 783 3766 856 ipsis.»

564 874 895 946 participare
924 870 1131 926 lumine
1154 868 1318 938 digna
1347 865 1610 938 iudicata,
1634 872 1693 918 et
1716 859 2123 934 pulchritudine

2239 874 2400 945 δόξης
2429 872 2618 940 αὐτοῦ,
2646 875 2996 945 ἐτοιμάσαντι
3030 874 3199 944 αὐτὴν
3228 873 3406 943 ἐαυτῷ
3435 876 3511 937 είς
3537 876 3768 947 καθέδραν

568 966 949 1023 inenarrabilis
1018 963 1203 1035 gloriae.
1261 963 1381 1034 ejus
1440 961 1707 1015 illustrata
1763 965 1869 1025 est,
1918 964 2032 1011 tota
2078 953 2127 1009 ill

2242 965 2332 1018 καὶ
2358 965 2695 1036 οἰκητήριον,
2726 964 2823 1034 ὅλη
2852 964 2967 1035 φῶς
2999 965 3231 1033 γίνεται,
3257 964 3353 1017 καὶ
3376 963 3471 1032 ὅλη
3496 965 3768 1034 πρόσωπον,

566 1061 775 1125 lumen,
813 1066 925 1113 tota
955 1056 1124 1110 facies
1150 1062 1207 1109 et
1235 1062 1346 1108 tota
1370 1053 1564 1107 oculus
1590 1070 1603 1105 :
1639 1066 1741 1107 nec
1772 1050 1882 1104 ulla
1910 1058 1995 1104 est
2018 1047 2125 1117 ejus

2241 1056 2335 1109 καὶ
2360 1055 2460 1126 ὅλη
2496 1055 2790 1125 ὀφθαλμός·
2834 1057 2929 1109 καὶ
2957 1056 3108 1108 οὐδὲν
3136 1055 3305 1125 αὐτῆς
3337 1055 3499 1125 μέρος
3530 1056 3602 1124 μὴ
3632 1058 3771 1124 γέμον

566 1167 713 1222 pars,
757 1166 879 1219 qua:
930 1148 1106 1203 oculis
1144 1145 1525 1218 spirituaiibus
1564 1143 1789 1198 luminis
1815 1141 1974 1212 plena
2024 1154 2125 1193 non

2240 1149 2349 1202 τῶν
2382 1149 2767 1218 πνευματικῶν
2796 1148 3091 1217 ὀφθαλμῶν
3133 1147 3228 1201 τοῦ
3268 1147 3461 1217 φωτός·
3489 1147 3627 1200 τοῦτ’
3654 1149 3771 1201 ἔστιν

566 1244 670 1298 sit:
705 1242 810 1296 hoc
838 1249 945 1307 est,
1010 1240 1160 1294 nulla
1204 1241 1324 1310 ejus
1372 1253 1498 1308 pars
1534 1235 1781 1292 tenebris
1818 1234 2014 1296 oil‘usa,
2039 1231 2125 1286 sed

2240 1242 2394 1295 οὐδὲν
2447 1241 2866 1312 ἐσκοτισμένον,
2920 1240 3037 1295 ἀλλ’
3086 1241 3180 1313 ὅλη
3228 1240 3298 1293 δι’
3362 1240 3485 1294 ὅλου
3550 1240 3658 1307 φῶς
3701 1244 3773 1295 ml

568 1344 679 1389 tota
719 1334 905 1388 lumen
938 1342 995 1388 et
1036 1331 1278 1402 Spiritus
1305 1330 1521 1395 eil‘ecta,
1554 1337 1609 1383 et
1634 1337 1746 1384 tota
1773 1328 2006 1391 oculata,
2034 1339 2127 1380 nec

2244 1332 2462 1405 πνεῦμα
2494 1333 2923 1405 ἀπεργασθεῖσα,
2946 1332 3043 1387 καὶ
3079 1332 3173 1403 ὅλη
3218 1331 3513 1403 ὀφθαλμῶν
3541 1332 3770 1402 γέμουσα,

528 1430 531 1435 ’
566 1425 925 1488 anteriorem,
968 1439 1073 1478 nec
1103 1422 1461 1493 posteriorem
1494 1428 1703 1491 partem
1735 1420 1902 1473 ullam
1950 1416 2087 1471 habe

2248 1425 2323 1497 μὴ
2350 1425 2547 1497 ἔχουσα
2576 1425 2633 1478 δέ
2666 1424 2889 1497 ὕστερόν
2909 1424 3011 1495 τιῆ
3037 1424 3261 1478 ὄπισθεν
3284 1424 3469 1496 μέρος,
3503 1422 3633 1477 ἀλλὰ
3665 1427 3773 1477 πάν.

568 1515 667 1572 sed
698 1514 942 1585 undique
981 1515 1036 1568 in
1065 1513 1206 1568 facie
1237 1521 1341 1577 est,
1378 1511 1746 1568 descendente
1773 1525 1939 1579 super
1964 1507 2127 1571 illam,

2244 1534 2311 1586 τη
2342 1517 2485 1572 κατὰ
2510 1518 2803 1588 πρόσωπον
2835 1517 3093 1587 τυγχάνει
3121 1511 3275 1583 οὖσα,
3308 1514 3687 1584 ἐπιϐεϐηκότας
3708 1519 3773 1569 ἐπ’

568 1616 627 1664 et
654 1608 711 1662 in
750 1623 815 1663 ea
867 1606 1145 1662 insidente
1180 1603 1446 1659 ineffabili
1499 1601 1911 1674 pulchritudine
1956 1598 2127 1670 gloria

2244 1612 2414 1684 αὐτὴν
2456 1613 2551 1666 καὶ
2576 1610 3027 1675 ἐπικαθεσθέντος
3057 1610 3152 1664 τοῦ
3177 1611 3417 1683 ἀρρήτου
3451 1609 3671 1673 κάλλους
3697 1611 3774 1681 τῆς

567 1698 798 1754 luminis
827 1696 1052 1753 Christi.
1085 1697 1150 1751 Et
1176 1695 1637 1767 quemadmodum
1663 1693 1745 1749 sol
1772 1692 2126 1762 undequaquc

2245 1705 2404 1776 δόξης
2434 1703 2531 1758 τοῦ
2568 1704 2765 1774 φωτὸς,
2811 1702 2907 1757 τοῦ
2950 1703 3208 1773 Χριστοῦ.
3243 1702 3354 1756 Kal
3381 1701 3571 1772 ῶσπερ
3600 1704 3626 1755 6
3656 1702 3776 1773 ἣλιος

516 1798 525 1809 ·“
567 1793 657 1848 sui
687 1791 905 1857 similis,
929 1790 984 1862 4
1007 1791 1214 1844 nullam
1243 1800 1453 1861 partem
1466 1798 1739 1860 posteram
1764 1797 1858 1845 aut
1884 1786 2075 1858 imperi

2216 1780 2219 1819 ί
2250 1768 2423 1867 πάντη
2456 1768 2639 1868 ὅμοιός
2669 1768 2807 1863 ἐστι,
2841 1797 2915 1866 μὴ
2946 1768 3083 1865 ἔχων
3106 1812 3159 1847 τι
3192 1794 3355 1865 μέρος
3388 1768 3615 1865 ὕστερον
3646 1768 3687 1865 ἣν
3707 1796 3775 1846 li-

567 1894 710 1941 ctam
747 1883 933 1948 habet,
969 1883 1066 1939 sed
1099 1891 1249 1939 totus
1271 1884 1496 1939 omnino
1545 1883 1753 1939 lumine
1786 1890 2057 1944 coruscat,
2083 1890 2126 1936 el

2238 1891 2442 1956 λεῖπον,
2493 1888 2607 1944 ἀλλ’
2634 1888 2754 1953 ὅλος
2799 1886 2859 1952 ἐξ
2902 1887 3024 1941 ὅλου
3079 1886 3389 1951 δεδόξασται
3426 1885 3506 1956 τῷ
3536 1886 3684 1955 φωτί,
3707 1888 3779 1939 καὶ

568 1984 719 2032 tmus
758 1976 945 2031 lumen
984 1985 1090 2040 est,
1128 1991 1196 2031 ex
1236 1976 1515 2032 similibus
1552 1976 1803 2047 partibus
1833 1974 2127 2038 conﬂatus;

2239 1982 2359 2046 ὅλος
2408 1980 2523 2051 φῶς
2581 1982 2751 2045 ἐστιν,
2794 1977 3129 2050 ὁμοιομερὴς
3190 1979 3497 2047 τυγχάνων·
3554 1976 3778 2047 ἢῶσπερ

564 2078 665 2124 aut
711 2068 1176 2140 quemadmodum
1234 2069 1396 2141 ignis,
1452 2070 1633 2141 ipsum
1683 2069 1895 2125 scilicet
1952 2070 2123 2124 lumen

2239 2074 2374 2147 πῦρ,
2403 2073 2536 2128 αὐτὸ
2563 2073 2625 2127 τὸ
2655 2073 2770 2142 φῶς
2786 2069 2882 2125 τοῦ
2914 2069 3106 2142 πυρὸς,
3136 2069 3256 2124 ὅλον
3281 2070 3470 2139 ὅμοιον
3493 2068 3639 2139 αύτῷ
3666 2070 3778 2132 ἐστι,

569 2161 735 2233 ignis,
781 2169 929 2218 totus
977 2161 1079 2217 sibi
1109 2161 1305 2216 similis
1329 2172 1435 2227 est,
1467 2176 1570 2218 nec
1614 2161 1881 2226 anterius,
1926 2170 2021 2216 aut
2043 2176 2128 2230 po-

2240 2170 2335 2222 καὶ
2357 2168 2457 2220 οὑκ
2486 2165 2596 2236 ἔχει
2629 2167 2686 2218 ἐν
2725 2163 2904 2234 ἐαυτῷ
2940 2162 3178 2235 πρῶτον,
3203 2162 3238 2232 ἧ
3262 2160 3513 2231 ἔσχατον,
3548 2159 3581 2230 ἦ
3606 2157 3780 2228 μεῖζον,

564 2253 790 2318 sterius,
821 2261 917 2307 aut
950 2253 1144 2323 majus,
1178 2261 1274 2307 aut
1295 2251 1477 2307 minus
1506 2251 1638 2322 quid
1662 2253 1715 2306 in
1740 2268 1797 2307 se
1828 2251 2031 2306 habet:
2059 2252 2123 2307 sit

2242 2260 2337 2313 καὶ
2371 2258 2595 2311 ἔλαττον
2619 2274 2632 2287 ·
2680 2255 2824 2309 οὕτω
2857 2255 2952 2308 καὶ
2986 2252 3135 2323 ψυχὴ
3177 2253 3212 2324 ἡ
3252 2250 3695 2323 καταλαμφθείσα
3714 2267 3782 2301 τε-

568 2354 629 2400 et
674 2346 877 2410 anima,
934 2345 1201 2399 ineil‘abili
1260 2345 1672 2415 pulchritudine
1701 2344 1887 2415 gloria:
1915 2344 2127 2399 luminis

2243 2352 2401 2415 λείως
2445 2350 2548 2404 ὑπὸ
2577 2350 2670 2403 τοῦ
2703 2350 2942 2421 ἀρρήτου
2975 2345 3205 2409 κάλλους
3248 2345 3348 2416 ⁸τῆς
3383 2344 3547 2413 δόξης
3579 2343 3668 2396 τοῦ
3695 2362 3783 2413 φω-

571 2436 729 2492 faciei
755 2435 963 2491 Christi
1000 2435 1244 2506 perfecte
1282 2436 1577 2501 illustrata,
1613 2442 1670 2489 et
1699 2434 1937 2506 Spiritus
1965 2435 2130 2489 sancti

2239 2451 2332 2513 τδς
2361 2446 2455 2502 τοῦ
2505 2443 2800 2518 προσώπου
2843 2444 2939 2498 τοῦ
2980 2439 3243 2515 Χριστοῦ,
3289 2439 3384 2495 καὶ
3438 2440 3782 2509 κοινωνήσασα

559 2528 814 2599 perfecte
856 2527 1131 2599 particeps
1173 2527 1334 2593 facta,
1369 2535 1426 2583 et
1445 2542 1567 2598 qua:
1606 2526 1762 2582 ﬁeret
1794 2526 2059 2581 habitatio
2086 2541 2115 2581 e

2243 2540 2521 2611 Πνεύματι
2553 2538 2692 2610 ἁγίῳ
2717 2536 2961 2600 τελείως,
2993 2535 3087 2589 καὶ
3114 2533 3545 2603 κατοικητήριον
3574 2530 3780 2600 καὶθρό-

560 2619 729 2676 sedes
763 2618 858 2674 Dei
899 2618 1062 2690 digna
1085 2618 1349 2690 judicata,
1410 2626 1522 2673 tota
1555 2617 1768 2682 oculus,
1799 2626 1911 2671 tota
1930 2616 2114 2671 lumen

2242 2648 2330 2696 νος
2353 2630 2488 2684 Θεοῦ
2513 2628 2915 2693 καταξιωθεῖσα
2953 2626 3227 2697 γενέσθαι,
3249 2620 3357 2696 ’ὅλη
3397 2621 3686 2692 ὀφθαλμὸς,
3710 2621 3782 2672 καὶ

573 2719 689 2767 tota
734 2711 924 2775 facies,
955 2720 1066 2766 tota
1114 2710 1286 2782 gloria
1311 2720 1367 2765 et
1392 2720 1509 2765 tota
1541 2710 1766 2781 spiritus
1794 2708 1874 2775 iit,
1900 2709 1971 2764 ita
2005 2724 2132 2780 pne-

2242 2725 2339 2795 ὅλη
2376 2723 2513 2794 φῶς,
2553 2723 2645 2776 καὶ
2674 2720 2771 2791 ὅλη
2800 2721 3113 2792 πρόσωπον,
3145 2718 3242 2771 καὶ
3274 2718 3371 2787 ὅλη
3397 2716 3548 2782 δόξα,
3590 2715 3678 2767 καὶ
3706 2713 3780 2782 ὅλη

570 2810 798 2873 parante
817 2816 938 2856 eam
957 2800 1201 2869 Christo,
1227 2800 1463 2867 ferente,
1496 2811 1710 2872 agente,
1732 2811 2008 2872 portante,
2048 2815 2129 2871 ge-

2242 2816 2460 2888 πνεῦμα
2485 2815 2711 2885 γίνεται,
2739 2811 2909 2876 οὕτως
2942 2812 3111 2883 αὐτὴν
3138 2808 3638 2872 κατασκευάζοντος
3675 2806 3781 2874 Χρι-

568 2903 771 2961 stante,
802 2895 990 2963 sicque
1007 2902 1309 2949 exornante
1324 2908 1388 2948 ac
1408 2893 1703 2949 decorante
1735 2892 1881 2947 illam
1903 2892 2127 2964 pulchri-

2245 2908 2395 2973 στοῦ,
2433 2907 2528 2961 τοῦ
2576 2906 2835 2978 φέροντος
2889 2907 2983 2958 καὶ
3014 2905 3259 2973 ἄγοντος,
3295 2902 3388 2955 καὶ
3430 2899 3780 2970 βαστάζοντος.

571 2988 762 3043 tudine
791 2988 1098 3058 spirituali;
1137 2987 1316 3057 inquit
1338 2986 1485 3042 enim
1512 3004 1526 3041 :
1566 2987 1753 3042 Manus
1778 2986 2003 3041 hominis
2028 2999 2130 3041 erat

2242 3000 2337 3052 καὶ
2380 2996 2670 3070 φοροῦντος
2698 2995 2890 3065 αὐτὴν,
2928 2996 3022 3048 καὶ
3060 2993 3202 3047 οὕτω
3239 2990 3663 3062 εύτρεπίζοντος,
3710 2988 3784 3041 κε’.

560 3081 749 3135 subtus
772 3078 1050 3136 Cherubim
1076 3080 1116 3133 '.
1143 3078 1279 3145 Quia
1311 3079 1428 3148 ipse
1459 3086 1547 3134 est
1590 3078 1687 3149 qui
1727 3079 1782 3134 in
1807 3094 1872 3135 ea
1895 3079 2117 3135 vehitur

2244 3091 2716 3161 κατακοσμοῦντος
2758 3087 2945 3144 κάλλει
2976 3084 3358 3157 πνευματικῷσ
3389 3085 3487 3138 καὶ
3526 3083 3632 3152 γάρ
3656 3096 3781 3151 φησι,

550 3179 627 3225 ιει
662 3170 758 3242 qui
784 3170 929 3225 viam
949 3171 999 3225 ei
1030 3178 1446 3225 commonstrat.

2243 3186 2377 3255 Xelp
2391 3183 2703 3254 ἀνθρώπου
2720 3180 2996 3239 ὑποκάτω
3016 3176 3095 3251 ἦν
3124 3179 3243 3234 τῶν
3264 3176 3577 3247 Χερουόίμ’
3598 3177 3673 3229 ὅτι
3707 3175 3785 3228 ιιιζι¹

2240 3276 2333 3341 τός
2354 3277 2500 3328 ἐστιν
2526 3276 2555 3328 6
2589 3276 2647 3329 ἐν
2668 3274 2804 3345 αὐτῇ
2834 3271 3251 3343 βασταζόμενος,
3274 3270 3368 3323 καὶ
3387 3267 3603 3339 ὁδηγῶν
3624 3266 3784 3336 αὐτήν.

642 3369 734 3426 lli.
762 3371 1010 3437 Quatuor
1034 3380 1219 3426 autem
1251 3372 1343 3426 illa
1374 3372 1631 3429 animalia
1659 3388 1881 3429 currum
1910 3373 2143 3429 ferentia

2312 3371 2387 3425 1".
2412 3368 2594 3423 Τύπον
2627 3368 2685 3422 δέ
2728 3367 2921 3437 ἔφερον
2948 3366 3018 3419 τά
3042 3364 3285 3436 τέσσαρα
3314 3362 3431 3428 ζῶα
3471 3362 3542 3416 τὰ
3588 3361 3786 3432 φέροντι

559 3469 763 3534 typum
789 3477 902 3532 prae
942 3478 1001 3518 se
1034 3462 1285 3518 ferebant
1320 3464 1720 3534 praecipuarum
1751 3464 1945 3520 animae
1976 3465 2118 3519 ratio

2242 3464 2305 3518 τὸ
2330 3463 2504 3535 ἆρμα,
2536 3460 2718 3515 αὐτῶν
2745 3459 2855 3513 τῶν
2882 3457 3228 3530 ἡγεμονικῶν
3276 3455 3560 3527 λογισμῶν
3587 3454 3679 3525 τῆς
3703 3453 3786 3523 ψυ-

571 3555 712 3610 nalis
739 3554 1002 3625 partium.
1035 3553 1503 3621 Quemadmodum
1527 3555 1675 3609 enim
1718 3556 1899 3626 aquila
1931 3555 2130 3610 caeteris

2242 3558 2364 3627 χῆς.
2397 3556 2609 3626 Ὠσπερ
2635 3553 2743 3625 γὰρ
2768 3552 2798 3604 6
2827 3551 2985 3614 ἀετὸς
3018 3547 3293 3621 βασιλεύει
3321 3547 3433 3601 τῶν
3466 3546 3682 3617 ὀρνέων,
3712 3543 3786 3598 καὶ

558 3647 773 3702 avibus
809 3646 1149 3712 dominatur,
1194 3655 1252 3701 et
1285 3647 1375 3703 leo
1410 3647 1718 3718 agrestibus
1749 3646 1903 3715 feris,
1926 3663 1991 3705 ac
2020 3658 2117 3703 tau

2242 3648 2272 3701 6
2300 3648 2433 3702 λέων
2462 3646 2572 3700 τῶν
2626 3646 2836 3717 ἀγρίων
2868 3642 3091 3713 θηρίων,
3122 3640 3219 3696 καὶ
3261 3641 3290 3693 6
3318 3638 3524 3710 ταῦρος
3550 3634 3786 3706 τῶνήμέ-

560 3755 677 3795 ριτιιε
714 3741 1017 3796 mansuetis
1057 3740 1411 3809 animalibus,
1436 3750 1494 3797 et
1514 3741 1680 3797 homo
1712 3741 1982 3797 creaturis
2006 3757 2119 3813 pra:

2248 3757 2354 3811 ρων
2388 3738 2566 3805 ζώων,
2607 3740 2701 3791 καὶ
2737 3740 2766 3791 6
2806 3735 3093 3808 ἄνθρωπος
3134 3732 3244 3787 τῶν
3279 3731 3617 3802 κτισμάτων·
3646 3730 3787 3789 οὓτως

560 3836 683 3886 .stat
704 3846 734 3884 :.
752 3828 834 3884 sic
875 3839 933 3884 et
974 3829 1171 3884 animae
1211 3839 1341 3884 sunt
1367 3830 1646 3900 potentiae,
1672 3831 1791 3887 aliae
1819 3832 1943 3887 aliis
1963 3832 2119 3887 excel

2244 3831 2353 3885 εἰσὶ
2381 3832 2475 3885 καὶ
2511 3830 2562 3884 οἱ
2594 3828 3007 3901 βασιλικώτεροι
3034 3825 3284 3896 λογισμοὶ
3314 3824 3417 3893 τῆς
3444 3821 3644 3894 ψυχῆς
3672 3819 3787 3885 λέγω

572 3920 857 3980 lentiores.
910 3920 1044 3976 Dico
1070 3931 1279 3987 autem,
1325 3924 1683 3987 voluntatem,
1725 3924 2131 3985 conscientiam,

2243 3922 2322 3989 δέ,
2360 3922 2421 3975 τὸ
2453 3920 2686 3993 θέλημα,
2737 3921 2771 3990 ἡ
2810 3918 3133 3988 συνείδησις,
3174 3918 3203 3970 6
3233 3913 3378 3979 νοῦς,
3412 3915 3449 3985 ἡ
3499 3909 3788 3982 ἀγαπητιιὴ

571 4022 814 4070 mentem
854 4022 913 4070 et
944 4014 1208 4086 diligendi
1254 4014 1387 4070 vim.
1438 4016 1544 4071 Per
1590 4016 1717 4071 illas
1761 4017 1909 4071 enim
1942 4031 2130 4071 currus

2249 4015 2502 4088 δύναμις
2534 4014 2601 4068 δι’
2646 4012 2826 4067 αὐτῶν
2854 4011 2961 4082 γὰρ
3005 4013 3066 4063 τὸ
3092 4011 3246 4081 ἅρμα
3278 4007 3380 4077 τῆς
3412 4006 3595 4076 ψυχῆς
3621 4002 3789 4072 κυϐερ-

559 4106 767 4161 animae
795 4106 1152 4178 gubernatur,
1180 4116 1237 4163 et
1257 4107 1311 4162 in
1343 4108 1429 4163 his
1452 4108 1749 4179 requiescit
1771 4108 1935 4164 Deus.
1966 4107 2118 4165 Alite:

2245 4111 2424 4173 νᾶται,
2460 4108 2555 4161 καὶ
2584 4107 2665 4171 είς
2708 4104 2933 4168 τούτους
2979 4101 3389 4156 ἐπαναπαύεται
3427 4102 3457 4153 6
3488 4098 3641 4161 Θεός.
3679 4093 3788 4150 Κατ’

567 4210 703 4252 vero
734 4206 791 4253 et
831 4197 900 4252 ad
951 4198 1234 4254 crelestem
1292 4208 1609 4257 sanctorum
1638 4201 1937 4257 Ecclesiam
1965 4210 2126 4259 trans-

2244 4201 2407 4256 ἄλλον
2439 4201 2498 4254 δέ
2526 4199 2747 4271 τρόπον,
2774 4200 2855 4260 είς
2886 4196 2984 4267 τὴν
3006 4194 3324 4266 ἐπουράνιον
3355 4190 3680 4260 Ἐκκλησίαν
3712 4186 3788 4254 τὴν

560 4287 705 4344 ferri
753 4289 860 4345 hoc
913 4298 1117 4361 potest.
1169 4291 1238 4346 Et
1274 4293 1741 4363 quemadmodum
1794 4296 1928 4351 illuc
1979 4296 2117 4353 dicit

2245 4294 2356 4347 τῶν
2391 4293 2564 4361 ἁγίων
2615 4291 2971 4361 λαμϐάνεται.
3013 4287 3124 4342 Kal
3154 4286 3342 4355 ῶσπερ
3374 4285 3493 4336 ἐκεῖ
3537 4281 3699 4349 λέγει,
3726 4278 3788 4330 ὅτι

560 4382 725 4452 quod
774 4384 1032 4439 animalia
1091 4393 1246 4440 erant
1270 4385 1420 4440 ualde
1444 4387 1711 4455 sublimia,
1756 4389 1914 4460 plena
1955 4391 2118 4446 oculis

2249 4388 2326 4445 Τὰ
2348 4385 2458 4449 ζῶα
2492 4382 2573 4456 ἦν
2608 4382 2817 4454 ὑψηλὰ
2843 4382 3006 4447 λίαν,
3044 4380 3298 4451 γέμοντα
3338 4372 3677 4445 ὀφθαλμῶν,
3711 4368 3788 4460 καὶ

566 4492 666 4530 nec
686 4477 935 4547 cuiquam
967 4476 1153 4533 licebat
1178 4481 1611 4550 comprehendere
1654 4499 1933 4538 numerum
1961 4484 2125 4539 oculo.

2247 4483 2359 4536 οὐκ
2385 4476 2464 4550 ἦν
2484 4477 2747 4533 δυνατόν
2776 4491 2890 4529 τινι
2915 4469 3271 4527 καταλαϐεῖν
3290 4468 3397 4522 τὸν
3421 4464 3671 4535 ἀριθμὸν
3698 4458 3791 4515 τῶν

561 4588 714 4636 tum,
760 4581 856 4625 aut
883 4571 1264 4628 sublimitatem
1290 4576 1332 4640 ³,
1358 4575 1488 4646 quia
1516 4576 1714 4631 horum
1745 4578 1989 4648 cognitio
2020 4578 2120 4634 dat

2248 4569 2589 4643 ὀφθαλμῶν,
2619 4570 2658 4639 ἢ
2684 4568 2751 4622 τὸ
2772 4567 2953 4635 ὕψος,
2987 4565 3068 4618 ὅτι
3093 4564 3193 4617 οὐκ
3216 4561 3370 4632 ἐδόθη
3396 4558 3605 4614 τούτων
3624 4559 3656 4626 ὴ

562 4677 684 4717 non
712 4672 831 4730 est;
866 4672 923 4718 et
945 4665 1405 4734 quemadmodum
1435 4668 1620 4724 sidera
1646 4669 1701 4724 in
1731 4646 1871 4725 caelo
1899 4678 2118 4725 contem

2249 4682 2354 4729 σις⁹
2390 4664 2483 4719 καὶ
2509 4662 2698 4732 ῶσπερ
2734 4659 2805 4713 τά
2830 4661 2890 4712 ἐν
2918 4655 3129 4728 ούρανῷ
3158 4656 3354 4725 ἄστρα,
3375 4652 3437 4705 τὸ
3468 4651 3569 4721 μὲν
3599 4646 3789 4717 θεωρεῖν

569 4752 714 4822 piari
767 4760 825 4808 et
865 4754 1125 4809 admirari
1168 4755 1361 4825 datum
1387 4767 1471 4813 est
1493 4758 1750 4814 omnibus
1786 4760 2102 4817 hominibus

2246 4757 2343 4811 καὶ
2371 4755 2675 4825 θαυμάζειν
2700 4752 2857 4822 ἐδόθη
2880 4752 3047 4804 πᾶσιν
3073 4745 3402 4817 ἀνθρώποις,
3434 4744 3495 4796 τὺ
3536 4743 3595 4795 δέ
3626 4738 3789 4793 είδέναι

566 4860 865 4901 numerum
891 4861 1024 4902 vero
1043 4862 1235 4901 eorum
1259 4863 1593 4921 cognoscere
1613 4850 1671 4905 in
1702 4851 1911 4907 nullius
1936 4852 2125 4907 viribu:

2245 4851 2338 4905 τὸν
2376 4848 2611 4921 ἀριθμὸν
2638 4846 2815 4901 αὐτῶν
2842 4844 3015 4898 οὐδενὶ
3050 4840 3291 4896 δυνατόν·
3311 4837 3408 4892 τὸν
3437 4836 3601 4890 αὐτὴν
3622 4830 3790 4904 τρόπον

566 4946 690 4999 est:
725 4936 920 4993 eodem
977 4938 1141 4993 modo
1201 4940 1254 4993 in
1288 4940 1567 4996 caelestem
1601 4952 1919 4997 sanctorum
1954 4942 2125 4997 Eccle-

2250 4946 2344 4999 ἐπὶ
2381 4944 2481 5015 τῆς
2518 4939 2841 5013 ἐπουρανίου
2866 4935 3197 5007 Ἐκκλησίας
3229 4933 3338 4987 τῶν
3388 4931 3595 5000 ἁγίων,
3629 4928 3685 4981 τὺ
3713 4925 3790 4995 μὲν

562 5027 707 5082 siam
751 5029 962 5099 ingredi
1011 5030 1236 5099 quidem
1263 5040 1319 5086 et
1344 5032 1648 5088 rei‘ocillari
1683 5035 1942 5091 omnibus
1964 5047 2121 5093 certa

2251 5037 2515 5094 εἰσελθεῖν
2554 5036 2651 5089 καὶ
2681 5031 2977 5088 ἀπολαύειν
3015 5030 3095 5092 είς
3123 5027 3292 5097 αὐτὴν
3329 5026 3464 5078 πᾶσι
3491 5024 3606 5083 τοῖς
3633 5016 3790 5087 βουλοσ

569 5133 698 5174 men
716 5118 946 5175 inituris
966 5119 1099 5176 licet
1123 5138 1136 5175 :
1167 5136 1504 5192 cognoscere
1527 5139 1665 5179 vero
1690 5134 1747 5180 et
1771 5129 2128 5198 comprehen-

2254 5131 2438 5203 μένοις
2470 5124 2840 5198 ἀγωνίσασθαι
2871 5122 3048 5191 ἐδόθη·
3092 5120 3152 5173 τὸ
3180 5118 3236 5172 δέ
3278 5117 3401 5170 ἰδεῖν
3443 5113 3543 5168 καὶ
3582 5107 3789 5165 καταλα-

569 5210 705 5268 dere
754 5230 1071 5277 numerum,
1106 5215 1209 5269 soli
1273 5216 1386 5271 Deo
1431 5218 1747 5285 ascribitur,
1804 5220 1991 5292 illique
2043 5225 2123 5279 sol

2251 5224 2367 5277 δεῖν
2416 5223 2512 5277 τὸν
2543 5218 2797 5292 ἀριθμὸν,
2838 5214 2988 5285 αύτῷ
3019 5213 3172 5285 μόνῳ
3199 5210 3319 5280 Θεῷ
3370 5205 3699 5277 ἀπονέμεται
3723 5217 3791 5268 1t-

570 5306 857 5364 tribuitur.
898 5308 1102 5363 Fertur
1146 5308 1313 5379 igitur
1359 5320 1418 5365 et
1460 5311 1683 5367 vehitur
1723 5312 1970 5371 insidens
1994 5316 2129 5372 ille:

2255 5315 2508 5369 νώσκειν.
2548 5312 2776 5379 Ἀγεται
2814 5305 2995 5361 τοίνυν
3025 5303 3118 5357 καὶ
3150 5300 3373 5371 φέρεται
3397 5298 3427 5349 6
3454 5292 3790 5365 ἐποχούμενος

570 5415 739 5455 curru
804 5411 867 5456 et
912 5400 1113 5455 throno
1180 5402 1527 5457 oculatorum
1602 5405 1943 5474 animalium,
1994 5420 2129 5464 aut:

2252 5406 2355 5459 ὑπὸ
2382 5404 2477 5459 τοῦ
2528 5402 2797 5474 ἅρματος,
2834 5397 2928 5452 καὶ
2956 5396 3051 5450 τοῦ
3083 5393 3275 5466 θρόνου
3325 5390 3434 5444 τῶν
3468 5384 3791 5455 ὅλοιρθάλμων

570 5492 818 5563 qualibet
834 5494 1038 5559 anima,
1070 5510 1193 5563 qua:
1218 5494 1324 5565 ipsi
1348 5496 1584 5554 thronus
1605 5507 1662 5554 et
1688 5500 1848 5557 sedes
1871 5501 2013 5557 facta
2041 5514 2123 5558 est

2252 5500 2432 5566 ζώων,
2460 5499 2578 5569 ἦτοι
2606 5494 2696 5563 ὑφ’
2726 5492 2963 5561 ἑκάστης
2984 5488 3161 5559 ψυχῆς
3196 5485 3485 5555 γινομένης
3513 5478 3661 5549 αύτῴ
3689 5474 3790 5569 θρό-

569 5595 626 5640 et
645 5603 770 5642 oua:
823 5588 1017 5643 oculus
1070 5598 1126 5642 et
1156 5588 1345 5642 lumen
1390 5590 1785 5659 exsistit,.cum
1829 5594 2120 5651 ascenderi

2250 5610 2342 5649 νου
2369 5592 2462 5647 καὶ
2484 5567 2801 5659 καθέδρας,
2851 5585 2946 5640 καὶ
2984 5581 3152 5653 olla-qi;
3176 5575 3465 5648 Ιὸφθαλμοῦ
3497 5573 3594 5629 καὶ
3622 5567 3789 5642 φωτὸς,

641 5767 663 5798 ⁸
692 5765 893 5821 Ezech.
929 5782 981 5831 ιι,
1018 5766 1071 5819 4.
1153 5764 1174 5797 ³
1204 5763 1341 5819 ibid.
1375 5765 1464 5819 12.
