3948 6524
174 262 274 331 453

176 368 518 443 ἐπιϐεϐηκὼς
542 364 682 438 αὐτῇ

1398 238 1768 309 HOMILIIE.
1784 265 1854 280 —
1879 235 2069 300 non.
2109 237 2183 313 Ι.¹

716 364 810 418 καὶ
835 356 1067 434 ἡνιοχῶν
1092 357 1212 422 ταῖς
1240 354 1417 428 ἡνίαις
1444 352 1538 406 τοῦ
1566 348 1743 403 Πνεύ-
1766 350 1788 409 1

1894 360 2013 416 iper
2044 344 2216 409 illam,
2254 338 2487 395 habenis
2517 333 2757 407 Spiritus
2778 348 2899 389 eam
2919 344 3134 403 regens,
3166 339 3224 385 et
3247 336 3413 401 prout

3301 218 3408 286 454

180 423 713 538 ματος,ν.καὶ’καθύ;ς
742 423 1050 518 ἐπίσταται,
1083 423 1290 523 ὁδηγῶν
1312 447 1502 519 αὑτήν.
1532 444 1744 512 Ὠσπερ

1894 439 2003 493 ovit
2030 437 2141 492 dux
2180 435 2285 490 via:
2326 428 2378 488 ei
2416 427 2703 487 exsistens.
2749 423 3224 493 Quemadmodum
3266 424 3414 478 enim

1922 530 1933 538 .
2031 529 2067 538 ..
2240 526 2253 538 ο
2293 525 2327 538 ο-
2406 522 2462 538 ιον
2553 536 2580 538 μ
2602 534 2655 538 ,μ
2750 530 3074 538 ..------_-..-
3132 514 3391 538 -...I..I\.._o

177 514 282 627 γὰρ
321 514 556 619 τάξῶα
606 514 1088 619 τάψπνευματικά,
1131 514 1231 614 ούχ
1280 542 1413 595 ὅπου
1438 514 1747 590 ’ἐϐούλοντο

1894 529 2106 585 aimalia
2173 522 2500 597 spiritualia,
2552 534 2664 575 non
2746 530 3078 588 quocunque
3132 514 3415 576 volebant,

2068 620 2103 627 -.
2142 619 2156 627 -
2508 613 2525 627 .
3113 616 3159 627 ,,
3200 606 3415 627 “LL.

178 606 502 720 πορεύεσθαι
537 606 882 716 ἐπορεύοντο,
907 638 1024 694 ἀλλ’
1056 606 1337 706 ὅπου-ᾗδει
1384 630 1479 684 καὶ
1506 625 1698 699 ἢθελεν
1719 625 1749 677 ὁ

1894 619 2368 693 rogrediebantur,
2430 613 2528 670 sed
2584 627 2652 667 eo
2703 626 2814 681 quo
2868 608 3079 664 sciebat
3107 616 3163 662 et
3200 606 3420 661 volebat

1894 715 1905 720 -
2093 711 2163 720 -.
2240 709 2290 720 ..
2328 709 2344 720 .
2405 716 2414 720 -
2505 714 2516 720 -
2595 704 2630 720 ..
2901 718 2911 720 Α
2970 700 3043 720 ,μ
3086 713 3297 720 ,,,,,,,,
3330 696 3419 720 ιε,

177 717 577 809 ἐπικαθήμενος
622 734 717 789 καὶ
751 731 1009 787 εὐθύνων.
1057 724 1214 783 Οὕτω
1246 724 1342 778 καὶ
1372 720 1629 781 ἐνταῦθα,
1657 717 1753 770 αύ-

176 832 269 894 τδς
312 829 521 900 ἡνιοχεῖ
559 827 653 881 καὶ
692 824 816 894 ἄγει
864 821 1074 894 ὁδηγῶν
1115 821 1194 892 τῷ
1239 816 1516 887 Πνεύματι
1546 809 1748 867 αὐτοῦ·

177 921 352 985 οὕτως
392 920 486 974 καὶ
536 917 879 990 πορεύονται,
925 915 987 969 ού
1044 913 1188 968 κατὰ
1225 909 1285 966 τὸ
1324 905 1505 963 αὐτῶν
1541 904 1755 973 θέλημα

177 1016 270 1069 ὅτε
318 1012 597 1084 βούλονται
636 1010 696 1064 ὲν
734 1004 813 1079 τῷ
858 1005 1108 1079 οὐρανῷ·
1138 1004 1233 1058 καὶ
1276 996 1614 1073 ἐρριμμένου
1660 991 1754 1047 τοῦ

182 1106 435 1178 σώματος
466 1105 671 1177 ἡνιοχεῖ
700 1102 796 1158 καὶ⁸
843 1098 1057 1154 ἐλαύνει
1100 1098 1160 1151 ὲν
1213 1098 1326 1157 τοῖς
1379 1090 1629 1163 οὐρανοῖς
1673 1084 1754 1155 τῷ

180 1177 493 1272 φρονήματι
537 1197 637 1267 τὴν
676 1193 877 1266 ψυχήνο
912 1192 1008 1246 καὶ
1043 1187 1205 1243 πάλιν
1234 1186 1323 1240 ὅτε
1356 1182 1629 1253 βούλεται,
1661 1177 1757 1248 ἔρ-

182 1267 434 1363 έὲταζιν
462 1288 539 1359 τῷ
571 1288 786 1357 σώματι
833 1284 930 1340 καὶ⁹
956 1280 1068 1346 τοῖς
1094 1278 1401 1350 λογισμοῖςσ
1430 1275 1519 1328 ὅτε
1546 1270 1603 1325 δὲ
1633 1267 1760 1340 βού-

178 1383 336 1438 λεται
384 1383 464 1445 είς
494 1379 563 1433 τὰ
598 1378 814 1449 πέρατα
841 1374 942 1446 τῆς
982 1375 1107 1443 γῆς,
1145 1368 1240 1425 καὶ
1267 1363 1633 1434 ἀποκαλύψεις
1659 1374 1762 1431 μυ-

184 1473 428 1544 στηρίων
456 1472 727 1525 δείκνυσιν
753 1467 914 1537 αὐτῇ.
952 1462 1016 1519 Ὢ
1042 1460 1137 1516 τοῦ
1167 1458 1333 1514 καλοῦ
1377 1456 1473 1511 καὶ
1500 1449 1761 1524 χρηστοῦ,

186 1566 359 1637 μόνου
392 1564 608 1635 ἡνιόχου
637 1558 924 1632 ὰληθινοῦί
967 1556 1124 1610 Οὕτω
1161 1554 1218 1606 δὲ
1265 1544 1765 1613 καταξιωθήσονται

184 1632 290 1712 καὶ
320 1655 390 1709 τὰ
415 1632 649 1724 *σώματα
683 1653 741 1705 ὲν
794 1652 861 1721 τῇ
909 1646 1228 1707 ἀναστάσει,
1268 1640 1370 1711 τῆς
1396 1636 1575 1709 ψυχῆς
1622 1632 1767 1686 οὕτω

1849 714 1965 781 ille,
2014 712 2110 783 qui
2149 709 2423 765 insidebat
2468 714 2525 762 et
2579 703 2850 774 dirigebat
2899 718 2913 754 :

2968 700 3047 754 sic
3079 713 3300 768 quoque
3330 696 3423 752 hic

1852 804 1970 878 ipse
2033 803 2277 858 habenas
2324 807 2473 855 tenet
2518 811 2583 851 ac
2627 795 2967 857 moderatur,
2999 800 3055 846 et
3082 790 3225 844 viam
3266 804 3426 843 mon-

1853 905 2035 952 strans
2058 894 2211 950 ducit
2236 893 2292 949 in
2307 890 2515 963 Spiritu
2548 903 2683 943 suo:
2707 887 2787 943 sic
2820 899 3038 957 quoque
3064 880 3429 953 progrediun-

1854 995 1947 1044 tur
1975 1002 2087 1042 non
2124 1001 2225 1057 pro
2253 1000 2354 1040 suo
2403 983 2621 1047 habitu,
2674 995 2784 1051 quo
2828 978 3041 1039 volunt,
3072 976 3124 1029 in
3162 974 3323 1029 coelo.
3357 974 3429 1028 Et

1855 1081 2068 1152 abjecto
2105 1092 2337 1147 corpore
2373 1075 2528 1131 ducit
2567 1083 2625 1129 et
2652 1071 2791 1143 regit
2820 1070 2876 1125 in
2903 1068 3058 1125 caelis
3084 1067 3322 1121 animam
3346 1080 3433 1120 sa-

1857 1172 2067 1245 pientia
2093 1187 2108 1226 :
2132 1178 2190 1226 et
2228 1181 2422 1224 rursus
2450 1166 2671 1238 quando
2697 1164 2851 1227 libet,
2882 1161 3035 1218 venit
3064 1161 3118 1215 in
3142 1174 3347 1230 corpus
3376 1164 3435 1212 et

1860 1263 2263 1334 cogitationes;
2289 1259 2511 1330 quando
2537 1268 2719 1312 autem
2740 1256 2878 1310 libet
2903 1254 2959 1308 in
3000 1254 3134 1307 iines
3169 1260 3347 1315 terra},
3375 1258 3434 1304 et

1861 1357 2231 1412 revelationes
2258 1351 2647 1426 mysteriorum
2681 1347 2922 1404 ostendit
2947 1346 3046 1402 illi.
3076 1345 3120 1401 Ο
3149 1345 3354 1399 bonum
3382 1349 3439 1396 et

1864 1447 2056 1503 utilem
2084 1454 2142 1502 et
2167 1445 2343 1501 solum
2372 1456 2567 1498 verum
2606 1439 2927 1511 agitatorem
2955 1437 2968 1490 i
2998 1433 3208 1490 Eodem
3256 1440 3440 1487 autem

1865 1548 1923 1595 et
1949 1552 2183 1608 corpora
2209 1538 2265 1591 in
2286 1534 2697 1591 resurrectione
2724 1530 2886 1599 digna
2914 1525 3316 1599 iudicabuntur
3342 1522 3444 1575 ho-

1868 1644 2025 1694 nore,
2046 1643 2212 1699 quem
2235 1641 2383 1682 nunc
2407 1626 2611 1689 anima,
2640 1637 2763 1695 qua:
2784 1618 3015 1691 Spiritui
3046 1615 3310 1688 permista
3332 1618 3439 1677 est,

186 1694 290 1712 “'“
330 1694 390 1709 ""
422 1694 649 1724 *νβ’-’ν’
683 1694 738 1705 ν’
805 1694 861 1721 'u
910 1694 1227 1707 """-'-"-v
1286 1694 1368 1711 ’I'
1412 1694 1424 1709 .
1475 1694 1569 1708 η.-

185 1748 290 1803 νῦν
343 1744 835 1817 προδοξαζομένης,
889 1740 986 1794 κα)⁸
1031 1737 1111 1809 τῷ
1150 1734 1430 1805 Πνεύματι
1466 1730 1766 1797 ἀνακιρνω-

1894 1723 2020 1777 ιτὶιιε
2054 1694 2307 1790 percipit.

187 1838 387 1911 μένηςο

267 1902 343 1983 A'.
380 1927 506 1980 Ὅτι
535 1924 591 1978 δὲ
614 1923 863 1996 οὐράνιον
903 1918 1019 1989 φῶς
1052 1918 1334 1987 γίγνονται
1373 1910 1431 1963 αι
1461 1905 1632 1979 ψυχαὶ
1661 1902 1770 1956 τῶν

186 2020 460 2085 δικαίων,
503 2016 667 2080 αὐτὸς
709 2016 737 2068 ό
782 2011 985 2084 Κύριος
1016 2011 1130 2085 τοῖς
1173 2002 1489 2064 ἀποστόλοις
1547 1997 1768 2065 ἔλεγεν

199 2112 398 2184 Ὑμεῖς
426 2080 566 2164 ἐστε
595 2108 663 2162 τὸ
701 2104 827 2177 φῶς
848 2080 957 2158 τοῦ
993 2080 1249 2171 κόῦνμου.
1279 2096 1454 2156 Αὐτὸς
1479 2092 1586 2161 γὰρ
1604 2088 1776 2157 ἀπερ-

190 2176 515 2275 γείσάιιενος
547 2176 742 2262 αύτούς
792 2193 931 2266 φῶς,
977 2191 1045 2246 δι’
1078 2189 1258 2245 αὐτῶν
1302 2179 1634 2256 φωτίζεσθαι
1684 2176 1776 2229 τὸν

191 2271 408 2367 κόσμον
440 2289 760 2364 προσέταξε·
782 2289 895 2352 καὶ,
923 2285 1005 2339 Οὐ
1034 2283 1296 2343 καίουσι,
1337 2276 1493 2346 φησὶ,
1521 2271 1776 2339 λύχνον,

193 2363 322 2445 καί
335 2363 604 2442 τιθέασιν
646 2382 768 2437 ὑπὸ
815 2380 923 2434 τὸν
952 2374 1187 2447 μόδιον,
1225 2368 1365 2426 ἀλλ’
1393 2365 1491 2421 ἐπὶ
1514 2363 1630 2432 τὴν
1665 2364 1777 2415 λυ-

195 2483 410 2553 χνιαν,
447 2476 548 2533 καὶ
582 2474 803 2545 λάμπει
855 2468 1008 2525 πᾶσι
1046 2463 1173 2532 τοῖς
1212 2462 1283 2517 ἐν
1327 2458 1403 2529 τῇ
1426 2457 1604 2523 οἰκίᾳ*
1632 2452 1783 2507 οὕτω

195 2543 501 2645 Sapiniam
542 2569 608 2624 τὸ
638 2543 764 2637 ςρῶς
805 2561 971 2633 ὑμῶν
1023 2558 1363 2629 ἔμπροσθεν
1411 2552 1532 2605 τῶν
1560 2543 1782 2612 ἀνθρώ-

197 2636 359 2722 πιεῖνἰ
396 2664 517 2718 ἀντὶ
544 2636 663 2722 τοῦ,
693 2658 785 2730 Μὴ
814 2654 1060 2727 κρύψατε
1086 2650 1147 2705 τὸ
1167 2650 1307 2720 δόμα
1339 2646 1368 2700 ὃ
1395 2642 1615 2698 ἐλάϐετε
1654 2636 1785 2708 παρ’

204 2760 378 2832 ἐμοῦ,
410 2756 547 2812 ἀλλὰ
590 2756 710 2808 δότε
750 2751 885 2805 πᾶσι
924 2749 1038 2811 τοῖς
1073 2740 1438 2816 βουλομένοις·
1471 2736 1567 2790 καὶ⁵
1604 2730 1785 2786 πάλιν’

212 2822 290 2908 ’ὸ
313 2822 543 2921 λύχνος
567 2846 674 2902 τοῦ
705 2843 997 2913 σώματος,
1021 2836 1195 2892 ἐστίν
1224 2834 1256 2887 ὁ
1284 2828 1636 2921 ὀφθαλμός..
1658 2822 1793 2875 Ἐὰν

198 2939 250 3018 ᾖ
279 2946 314 2999 ὀ
361 2911 667 3012 ὀξθαξιμός
695 2911 812 2990 σου
866 2925 1175 3002 φωτεινὸς,
1208 2922 1357 2978 ὅλον
1375 2919 1442 2973 τὸ
1469 2911 1641 2984 σῶμά
1676 2924 1793 2965 σου

1939 1903 2029 1960 IV.
2060 1902 2219 1971 Quod
2246 1911 2429 1958 autem
2465 1901 2522 1956 in
2555 1899 2779 1955 sceleste
2827 1898 3019 1952 lumen
3063 1894 3299 1951 evadant
3323 1890 3444 1947 ani-

1871 2013 1974 2053 ma:
2005 1998 2302 2069 iustorum,
2352 1995 2470 2066 ipse
2512 1992 2778 2049 Dominus
2816 1988 3080 2060 apostolis
3127 1987 3298 2043 dicit:
3352 1984 3451 2041 Vos

1873 2092 1995 2145 estis
2033 2088 2125 2143 lux
2151 2088 2337 2143 mundi
2356 2089 2404 2141 ⁵.
2434 2087 2556 2158 ipse
2582 2084 2751 2148 enim,
2782 2084 2878 2154 qui
2902 2080 3087 2136 eﬂ‘ecit
3114 2093 3210 2136 eos
3242 2079 3445 2141 lucem,

1876 2198 1978 2254 per
2022 2182 2146 2238 illos
2189 2180 2488 2236 illuminari
2535 2178 2800 2234 mundum
2835 2175 2998 2247 jussit
3052 2188 3117 2227 ac
3167 2170 3451 2241 praecepit.

1877 2276 2000 2332 Non
2047 2274 2337 2330 accendunt
2392 2273 2684 2336 lucernam,
2726 2267 2927 2339 inquit,
2986 2274 3034 2319 et
3076 2270 3278 2335 ponunt
3304 2260 3457 2315 illam

1878 2368 2055 2424 subter
2085 2368 2338 2429 modium,
2365 2365 2455 2418 sed
2476 2377 2633 2435 super
2659 2358 3059 2421 candelabrum,
3099 2366 3147 2408 et
3179 2352 3316 2407 lucet
3353 2367 3458 2406 om-

1883 2454 2054 2521 nibus,
2092 2456 2183 2526 qui
2209 2462 2330 2510 sunt
2358 2454 2413 2507 in
2439 2452 2627 2506 domo:
2656 2450 2730 2504 sic
2757 2447 2926 2501 luceat
2949 2443 3041 2498 lum
3072 2451 3245 2497 vestra
3278 2454 3459 2494 coram

1883 2525 2177 2602 hominibus
2196 2546 2239 2610 ⁸,
2281 2546 2389 2599 hoc
2446 2549 2551 2606 est,
2606 2554 2678 2594 ne
2734 2534 2994 2592 ocultetis
3039 2532 3266 2589 donum.
3301 2525 3449 2597 quod

1885 2638 2176 2709 accepistis
2202 2652 2232 2691 a
2257 2650 2366 2699 me,
2419 2633 2515 2689 sed
2568 2632 2694 2687 date
2741 2627 3000 2684 omnibus
3026 2620 3361 2679 volentibus.
3390 2618 3460 2673 Et

1887 2746 2122 2789 rursus:
2159 2728 2399 2786 Lucerna
2441 2725 2673 2796 corporis
2729 2730 2806 2775 est
2853 2717 3052 2773 oculus.
3118 2712 3250 2769 Cum
3300 2709 3462 2781 igitur

1890 2825 2069 2881 oculus
2085 2831 2203 2877 tuus
2225 2822 2382 2893 fuerit
2419 2818 2643 2881 lucidus,
2675 2823 2840 2868 totum
2869 2824 3069 2882 quoque
3095 2822 3283 2877 corpus
3312 2814 3464 2857 tuum

1894 2915 1945 2987 5
1963 2914 2192 2970 lucidum
2221 2913 2339 2966 erit.
2368 2908 2524 2976 Quod
2536 2907 2580 2962 si
2601 2904 2773 2961 malus
2794 2903 2913 2967 erit,
2936 2907 3103 2953 totum
3122 2910 3322 2967 quoque
3346 2907 3466 2945 cor-

203 2982 597 3108 ξῖτεφώξσταῖἶ
632 2982 683 3084 ξι
712 3026 780 3081 δὲ
804 3028 838 3080 δ
866 2982 1177 3093 ἓέθαλμιξέ
1204 3031 1320 3070 σου
1341 2982 1623 3108 πονηρός,
1645 3004 1788 3059 ὅλον

1896 3022 1991 3078 pus
2019 3014 2165 3059 tuum
2207 3002 2537 3057 tenebrosum
2568 2997 2687 3052 erit.
2722 2993 2781 3049 Si
2809 2992 2972 3063 igitur
3010 2986 3204 3049 lumen,
3235 2982 3371 3053 quod
3403 2982 3462 3033 in

2197 3096 2209 3108 ·
2422 3102 2432 3108 -
2480 3099 2494 3108 ι
2578 3090 2699 3108 -1..—
2727 3091 2929 3108 _--_..a...
2945 3078 3210 3108 (“nun—6.1
3227 3076 3250 3108 9
3269 3074 3462 3108 “nam-

204 3096 308 3184 τὸ.
347 3124 524 3198 σῶμά
567 3139 687 3179 σου
738 3114 1056 3175 σκοτεινὸν
1097 3112 1288 3167 ἔσται.
1324 3108 1393 3161 El
1422 3098 1535 3159 οὖν
1561 3099 1627 3154 τὸ
1664 3096 1789 3169 φῶς

205 3224 280 3283 τὸ
319 3222 395 3277 ἐν
417 3195 540 3285 ονοὶ,
582 3216 826 3280 σκότος,
854 3212 919 3267 τὸ
956 3209 1177 3274 σκότος
1195 3204 1431 3266 «door;
1456 3200 1667 3267 Ὥσπερ
1682 3195 1790 3265 γὰρ

206 3314 307 3370 τοῦ
341 3311 594 3383 σώματος
630 3308 682 3362 οἱ
734 3302 1004 3375 ὀφθαλμοὶ
1057 3300 1172 3370 φῶς
1224 3297 1353 3359 εἰσι,
1413 3291 1509 3347 καὶ
1564 3287 1703 3344 ὲπάν
1739 3287 1789 3340 οἱ

206 3379 492 3477 ὀφθαλμοὶ
520 3401 696 3469 ὑγιεῖς
748 3390 904 3459 ὦσιν,
949 3392 1071 3447 ὅλον
1113 3388 1175 3442 τὸ
1227 3386 1387 3457 σῶμα
1432 3379 1788 3452 πεφώτισταιο

210 3467 361 3552 ἐπὰν
399 3467 459 3549 δὲ
497 3467 833 3563 παρεμπέσῃ
888 3502 940 3539 τι
993 3482 1090 3538 καῖ⁹
1138 3476 1525 3539 σκπισθῶσιν,
1574 3472 1692 3526 ὅλον
1730 3467 1794 3522 τὸ

213 3590 387 3662 σῶμα
413 3561 689 3640 σκοτεινόν
722 3581 892 3634 ἐστιν’
927 3574 1102 3638 οὕτως
1124 3574 1173 3626 οἱ
1197 3569 1506 3631 ἀπόστολοι,
1528 3561 1795 3635 ὀφθαλμοὶ

212 3654 319 3738 καί
353 3679 469 3751 φῶς
496 3678 619 3731 ὅλου
644 3673 740 3728 τοῦ
769 3672 976 3742 κόσμου
1004 3666 1289 3736 ἐτέθησαν.
1323 3660 1551 3729 Ἔλεγεν
1576 3654 1669 3712 οὖν
1696 3655 1795 3710 αύ-

216 4204 541 4297 ἀπόστολοι,
569 4227 685 4299 φῶς
725 4223 1054 4295 διηκόνησαν
1084 4218 1198 4279 τοῖς
1242 4211 1585 4275 πιστεύσασι,
1612 4206 1711 4269 τὰς
1742 4204 1800 4258 δὲ

216 4322 460 4395 καρδίαι,
495 4315 678 4373 αὐτῶν
704 4312 1041 4384 φωτίσαντες
1067 4304 1145 4374 τῷ
1179 4296 1488 4369 ἐπουρανίῳ
1515 4293 1609 4347 τοῦ
1632 4289 1805 4346 Πνεύ-

1894 3074 1943 3154 te
1961 3108 2055 3165 est,
2075 3096 2299 3152 tenebrat
2313 3102 2456 3160 sunt,
2477 3090 2700 3145 tenebrae
2718 3091 2929 3157 quanta:
2941 3082 3131 3153 futura:
3141 3078 3210 3110 ⁸-⁷
3227 3076 3250 3128 ?
3269 3074 3471 3142 Quem-

1894 3188 2191 3247 admodum
2254 3184 2403 3242 enim
2459 3180 2604 3238 oculi
2664 3175 2915 3248 corporis
2970 3174 3158 3229 lumen
3203 3174 3353 3233 sunt,
3411 3172 3471 3219 et

1894 3279 2116 3352 quando
2165 3275 2310 3333 oculi
2376 3274 2681 3331 incolumes
2710 3284 2775 3324 ac
2800 3266 2919 3323 sani
2957 3271 3107 3329 sunt,
3129 3271 3307 3317 totum
3335 3273 3468 3314 cor-

1894 3348 2002 3444 pus
2044 3369 2419 3433 illuminatur;
2457 3365 2505 3421 si
2542 3378 2677 3419 vero
2717 3358 2851 3431 quid
2892 3356 3122 3419 incidat,
3147 3362 3209 3409 ut
3232 3348 3476 3408 tenebris

1896 3441 2279 3525 effundantur,
2312 3465 2488 3512 totum
2524 3466 2727 3522 corpus
2778 3447 3132 3504 tenebrosum
3168 3441 3421 3497 redditur
3456 3455 3472 3493 :

1897 3556 1980 3614 sic
2004 3552 2260 3625 apostoli,
2291 3548 2437 3605 oculi
2455 3556 2511 3604 et
2530 3546 2718 3600 lumen
2759 3541 2928 3597 totius
2959 3536 3148 3593 mundi
3189 3530 3477 3589 constituti

1898 3664 1962 3705 ac
1982 3623 2222 3703 ordinati
2250 3650 2415 3700 sunt:
2456 3640 2597 3695 dixit
2618 3637 2786 3708 igitur
2820 3634 2890 3688 iis
2918 3628 3243 3703 praecipiens
3276 3623 3480 3680 Domi-

1898 3757 2043 3797 nus:
2081 3737 2139 3794 Si
2175 3754 2285 3798 vos,
2332 3736 2423 3807 qui
2450 3734 2571 3788 estis
2617 3730 2707 3784 luat
2746 3726 2950 3790 mundi,
3003 3718 3477 3794 perseveraveritiso

1778 3811 1794 3906 ,
1900 3849 1995 3886 nec
2038 3829 2345 3902 deﬂectatis,
2383 3841 2493 3880 ecce
2527 3833 2692 3877 totum
2724 3834 2908 3889 corpus
2934 3814 3118 3870 mundi
3149 3811 3481 3866 illustratum

1902 3931 1979 3978 est
2016 3937 2035 3977 :
2082 3923 2128 3975 si
2155 3935 2275 3974 vero
2298 3934 2407 3982 vos,
2443 3917 2532 3987 qui
2561 3915 2681 3969 estis
2728 3911 2840 3975 luas,
2875 3908 3099 3978 caligine
3128 3903 3336 3959 obducti
3368 3901 3484 3971 {ue-

1904 4017 2040 4078 ritis,
2074 4021 2288 4083 quanta:
2334 4012 2526 4081 futura:
2572 4005 2816 4066 tenebrat.
2866 4015 2983 4072 qua
3024 4007 3148 4053 sunt
3204 3993 3431 4049 mundus
3458 3991 3484 4045 ?

1903 4107 2023 4161 Lux
2055 4104 2220 4177 igitur
2245 4117 2370 4158 cum
2410 4107 2596 4155 essent
2650 4094 2779 4151 facti
2817 4089 3073 4163 apostoli,
3126 4089 3309 4143 lucem
3344 4097 3485 4155 prte-

1903 4199 2148 4255 buerunt
2204 4192 2580 4255 credentibus,
2639 4186 3017 4244 illuminantes
3070 4182 3295 4237 illorum
3346 4190 3484 4248 prae-

1906 4292 2093 4348 cordia
2117 4288 2330 4346 caelesti
2375 4285 2615 4357 Spiritus
2654 4279 2882 4344 lumine,
2914 4289 3025 4348 quo
3055 4283 3112 4330 et
3134 4272 3239 4343 ipsi
3281 4268 3488 4325 illumi-

222 4383 409 4491 ματος
440 4411 604 4484 φωτὶ,
654 4403 808 4479 ᾧπερ
858 4406 953 4458 καὶ
998 4397 1153 4454 αὐτοὶ
1200 4388 1603 4463 πεφωτισμένοι
1640 4383 1794 4454 ὲτύγ-
1837 4395 1882 4451 ι)
1910 4386 2223 4442 natierant.

218 4532 255 4564 ‘l
260 4528 421 4564 ανον.

221 4533 237 4546 ⁸
370 4533 421 4562 ν.

221 4533 389 4655 tu;
418 4597 529 4652 Καὶ
554 4594 689 4657 ἆλας
716 4590 870 4645 αὐτοὶ
902 4584 1241 4657 ὑπάρχοντες
1274 4579 1471 4650 ἤρτυον
1506 4574 1602 4628 καὶ
1630 4569 1817 4642 ἠλιζον

221 4696 423 4749 ’πᾶσαν
462 4688 643 4757 ψυχὴν
676 4679 1040 4737 πιστεύουσαν
1061 4673 1138 4745 τῷ
1164 4672 1322 4727 ἅλατι
1343 4668 1435 4723 τοῦ
1460 4666 1619 4735 ἁγίου
1648 4660 1819 4716 Πνεύ-

224 4800 438 4857 ματος.
474 4755 670 4846 Ἔλεγε
696 4774 805 4846 γὰρ
834 4771 1020 4832 αὐτοῖς
1066 4768 1095 4820 ὁ
1143 4764 1347 4835 Κύριος
1372 4778 1388 4793 ο
1436 4757 1637 4828 ’Υμεῒς
1678 4755 1819 4809 ἐστε

218 4848 300 4931 τὸ
348 4875 504 4937 ὅλας
535 4868 644 4938 τῆς
669 4865 806 4937 τῆς,
850 4863 959 4932 γῆν
1013 4859 1113 4923 τὰς
1159 4856 1337 4927 ψυχὰς
1381 4851 1491 4907 τῶν
1518 4848 1821 4921 ἀνθρώπων

221 4967 448 5024 καλῶν.
498 4936 833 5033 Διηκόνησαν
865 4954 972 5026 γὰρ
1002 4955 1059 5006 ὲν
1086 4953 1207 5012 ταῖς
1233 4948 1430 5018 ψυχαῖς
1468 4944 1575 4997 τῶν
1611 4936 1825 5011 ἀνθρώοο

225 5076 368 5116 πων
388 5057 451 5112 τὸ
479 5052 803 5123 ἐπουράνιον
829 5047 965 5110 ἃλας
992 5042 1087 5098 τοῦ
1116 5038 1458 5110 Πνεύματος,
1488 5032 1839 5107 ἀρτύσαντες

224 5150 467 5212 αὐτοὺς,
505 5146 601 5200 καὶ
626 5122 908 5214 ἀσήπτους
928 5136 1024 5191 καὶ
1052 5135 1257 5194 ἀσινεῖς
1286 5124 1732 5199 ἀπεργασάμενοι
1758 5122 1824 5173 ὲκ

226 5210 453 5312 πολλῆς
487 5210 769 5298 δυσωδίας.
800 5232 1017 5297 Ὥσπερ
1071 5224 1181 5296 γὰρ
1230 5221 1396 5292 κρέας
1418 5260 1434 5285 ,
1485 5219 1581 5270 ὲάν
1618 5214 1691 5285 μὴ
1725 5210 1826 5284 ἔχῃ

230 5309 732 5401 ἃλαςξσέσηπται,
771 5324 868 5380 καὶ
902 5320 1100 5390 πολλῆς
1140 5315 1404 5377 δυσωδίας
1455 5309 1822 5382 μεμέστωται,

227 5430 393 5485 ὥστε
422 5399 635 5486 πάντας
657 5413 1094 5488 ἀποστρέφεσθαι
1120 5413 1184 5464 ὲκ
1201 5409 1303 5478 τῆς
1333 5404 1600 5474 κακίστης
1625 5399 1821 5471 ὀσμῆς·

230 5523 350 5578 καὶ
388 5518 668 5589 σκώληκες
695 5512 960 5585 ἕρπουσιν
1000 5506 1079 5569 εἰς
1124 5502 1187 5557 τὸ
1226 5496 1458 5571 σεσηπὸς
1501 5494 1690 5566 κρέας,
1732 5492 1828 5547 καὶ

1986 4566 2054 4624 ν.
2106 4564 2175 4620 Et
2235 4561 2316 4616 sal
2356 4573 2481 4614 cum
2505 4561 2693 4612 essent
2721 4552 2846 4623 ipsi,
2884 4547 3221 4606 condiebant
3244 4550 3301 4597 et
3322 4540 3488 4596 salie-

1916 4662 2053 4716 bant
2069 4670 2291 4713 omnem
2315 4651 2556 4708 animam
2588 4644 2927 4707 credentem,
2955 4642 3067 4696 sale
3097 4636 3337 4708 Spiritus
3365 4647 3493 4687 san-

1920 4754 2015 4809 cti.
2047 4750 2196 4807 Dixit
2219 4746 2367 4803 enim
2424 4744 2493 4798 iis
2519 4739 2823 4795 Dominus:
2866 4734 2963 4789 Vos
2999 4733 3120 4786 estis
3143 4728 3226 4783 sal
3263 4737 3421 4781 terra:
3445 4724 3491 4789 ⁸,

1923 4857 2127 4902 terram
2153 4853 2358 4895 vocans
2414 4834 2629 4889 animas
2678 4829 2978 4901 proborum
3006 4822 3328 4883 hominum;
3364 4815 3496 4869 sub-

1924 4935 2309 4995 ministrabant
2361 4930 2509 4985 enim
2564 4926 2762 4981 animis
2813 4920 3097 4976 hominum
3137 4915 3214 4969 sal
3255 4909 3499 4980 Spiritus

1929 5032 2174 5094 caeleste,
2212 5024 2536 5082 condientes
2578 5019 2722 5079 illos,
2760 5022 2817 5070 et
2853 5028 2883 5066 a
2925 5007 3219 5081 putredine
3254 5018 3318 5057 ac
3356 5014 3496 5055 noxa

1929 5140 1997 5180 ex
2041 5120 2216 5175 multo
2254 5117 2427 5171 fetore
2454 5111 2825 5166 vindicantes.
2854 5096 3323 5170 Quemadmodum
3351 5091 3499 5148 enim

1930 5229 2083 5278 caro,
2107 5211 2153 5265 si
2181 5210 2292 5265 sale
2318 5222 2429 5261 non
2463 5204 2535 5259 sit
2565 5212 2887 5269 conspersa,
2927 5190 3219 5264 putrescit.
3249 5195 3304 5241 et
3330 5185 3504 5239 multo

1930 5307 2105 5361 i‘etore
2158 5301 2423 5371 repletur,
2478 5294 2615 5349 adeo
2635 5300 2697 5346 ut
2722 5302 2914 5344 omnes
2944 5290 3263 5339 avertantur
3285 5277 3356 5331 ob
3378 5291 3503 5345 gra-

1929 5412 2054 5453 vem
2094 5394 2357 5457 odorem;
2397 5397 2453 5444 et
2473 5399 2690 5441 vermes
2712 5383 2964 5449 irrepunt
2992 5378 3049 5431 in
3074 5386 3293 5429 carnem
3328 5367 3505 5439 putri-

1935 5489 2084 5553 dam,
2108 5484 2332 5553 illicque
2362 5486 2685 5551 pascuntur,
2720 5469 3034 5535 comedunt,
3063 5472 3119 5522 et
3154 5464 3209 5521 in
3236 5473 3506 5518 caverun-

303 5706 335 5738 ⁸
363 5700 554 5759 Matth.
582 5714 637 5763 ν,
667 5696 753 5751 η.
820 5694 841 5726 ⁸
878 5688 1011 5747 ibid.
1042 5687 1123 5745 i5.
1161 5684 1247 5739 16.
1307 5680 1373 5716 ἐ’
1407 5677 1596 5738 Matth.
1627 5692 1703 5745 γι,
1727 5673 1788 5730 29

1894 5672 1955 5739 ὅς
1987 5668 2121 5726 Luc.
2146 5683 2222 5736 ιι,
2259 5662 2348 5721 54.
2423 5664 2445 5696 ⁸
2468 5658 2660 5717 Matth.
2694 5671 2749 5723 ν,
2782 5653 2869 5719 15.

380 6000 441 6062 Ι
