3948 6574
524 319 628 381 455
1761 317 1819 376 S.
1861 316 2106 375 MACAR

2215 311 2532 374 AEGYPTII
3644 298 3733 363 456

529 433 595 485 Iis
621 428 981 484 delitescunt:
1045 428 1092 480 si
1135 442 1266 484 vero
1286 429 1666 500 supervenerit
1730 431 1830 493 sal,
1879 427 2091 482 interﬁ-

2208 427 2313 479 ἐκεῖ
2346 424 2660 492 ἐννὲμονται
2690 418 2784 472 καὶ
2831 415 3068 469 ἐσθίουσι
3115 412 3209 468 καὶ
3236 408 3580 479 φωλεύουσιν·
3617 412 3735 466 ἐπὰν

528 524 750 578 ciuntur
802 532 857 576 et
910 532 1144 592 pereunt
1203 522 1316 578 illic
1373 522 1730 592 depasccntes
1769 538 2002 586 vermes,
2041 530 2096 576 ct

529 615 710 686 gravis
749 613 888 669 odor
931 613 1123 669 fetoris
1166 623 1345 669 cessat
1377 630 1393 668 :
1421 624 1618 668 natura
1657 614 1925 684 siquidem
1971 614 2098 670 salis

528 718 634 770 est,
671 718 731 761 ut
755 708 1039 763 interimat
1087 723 1320 770 vermes,
1343 714 1400 762 et
1432 706 1662 761 fetorem
1693 706 1876 760 tollat:
1902 704 2097 759 eodem

528 813 750 868 quoque
800 798 962 852 modo
993 798 1173 852 omnis
1220 797 1424 860 anima,
1473 811 1582 850 non
1614 795 1835 851 condita
1889 795 2096 866 Spiritu

529 898 742 953 sancto,
792 886 1141 956 coclestisquc
1205 887 1356 952 salis,
1410 886 1516 940 hoc
1563 895 1667 951 εει,
1700 887 1960 956 potentia:
1999 885 2098 940 Dei

531 980 812 1051 particeps
865 996 976 1032 non
1023 979 1184 1043 facta,
1211 979 1505 1049 putredine
1528 979 1776 1044 vitiatur,
1814 994 1878 1033 ac
1925 978 2099 1032 fetore

533 1087 826 1143 pravarum
877 1070 1271 1140 cogitationum
1327 1071 1551 1140 copioso
1583 1071 1847 1140 repletur,
1875 1070 2010 1124 adeo
2043 1078 2101 1122 ut

531 1173 812 1218 avertatur
869 1162 1038 1218 facies
1091 1163 1188 1217 Dei
1240 1179 1270 1217 a
1329 1164 1480 1234 gravi
1528 1165 1704 1218 fetore
1740 1179 2004 1217 vanarum
2038 1177 2102 1215 ac

531 1255 952 1310 tenebrosarum
1003 1254 1417 1325 cogitationum.
1455 1265 1512 1310 et
1539 1255 1890 1310 affectionum
1921 1253 2101 1307 eidem

527 1345 726 1398 animae
783 1343 1193 1398 inhaerentium.
1253 1345 1322 1398 Et
1360 1345 1507 1398 noxii
1536 1355 1699 1414 atque
1723 1344 1955 1413 improbi
1984 1359 2104 1397 ver-

529 1453 666 1503 mes,
702 1437 798 1507 qui
821 1440 952 1491 sttnt
993 1436 1222 1506 spiritus
1263 1437 1506 1503 malitia},
1535 1446 1590 1492 et
1623 1447 1922 1507 potestates
1951 1444 2103 1491 tene-

528 1531 758 1586 brarum
801 1529 856 1583 in
885 1543 949 1582 ea
980 1527 1344 1594 inambulant,
1398 1530 1508 1584 illic
1540 1539 1861 1600 pascuntur,
1909 1529 2103 1583 delite-

534 1630 698 1676 scunt
732 1628 788 1674 et
838 1624 1061 1688 repunt,
1091 1627 1259 1686 atque
1314 1635 1433 1674 eam
1481 1620 1749 1674 devorant
1778 1629 2104 1674 etcorrum-

534 1720 726 1783 punt:
783 1710 1023 1768 Fetorem
1088 1714 1226 1766 enim
1290 1716 1645 1783 prwbuerunt,
1690 1720 1736 1764 et
1787 1716 2102 1781 putruerunt

2195 519 2250 571 δὲ
2285 518 2414 588 ἔλθῃ
2455 515 2518 569 τὸ
2550 514 2704 578 ἃλας,
2728 511 3077 582 ἀναιροῦνται
3104 509 3198 561 καὶ
3231 505 3548 560 ἀπόλλυνται
3574 505 3620 556 οί
3642 506 3740 559 ἐκεῖ

2196 610 2487 680 νεμόμενοι
2523 605 2826 676 σκώληκες,
2855 603 2949 657 κοιλ⁸
2981 599 3125 671 ὀσμὴ
3168 599 3266 670 τῆς
3295 596 3552 660 δυσωδίας
3593 598 3742 652 παύε-

2196 721 2306 766 ται,
2345 704 2400 773 (ὴ
2429 701 2535 770 γὰρ
2571 699 2731 770 φύσις
2762 695 2853 750 τοῦ
2885 695 3105 759 ἆλατος,
3134 691 3450 762 ἀναιρετική
3498 691 3611 743 ἐστι
3653 685 3766 744 τῶν¹

2199 795 2517 865 σκωλήκων,
2533 793 2624 846 καὶ
2652 793 2750 862 τῆς
2780 788 3042 851 δυσωδίας
3073 785 3427 855 ἁφανιστικὴ)
3449 799 3464 813 ο
3493 782 3582 834 τὸν
3605 784 3744 836 criti»:

2196 890 2398 962 τρόπον
2450 887 2542 941 καὶ
2577 886 2726 939 πᾶσα
2772 882 2918 952 ψυχὴ
2990 883 3024 951 ἡ
3087 879 3161 950 μὴ
3217 877 3486 948 ἡλισμένη
3512 874 3584 945 τῷ
3626 877 3746 945 ἁγίῳ

2197 982 2499 1051 Πνεύματι,
2533 977 2631 1032 καὶ
2663 976 2739 1049 μὴ
2784 975 3090 1048 μετέχουσα
3117 970 3216 1026 τοῦ
3259 969 3454 1033 ἆλαιτος
3483 967 3576 1021 τοῦ
3607 969 3746 1020 Emu-

2203 1072 2406 1146 ρανίου,
2445 1069 2593 1123 τοῦτ’
2625 1069 2742 1122 ἐστι
2793 1067 2894 1136 τῆς
2956 1065 3238 1132 δυνάμεως
3268 1061 3365 1115 τοῦ
3409 1057 3564 1125 Θεοῦ,
3613 1060 3748 1128 σέση-

2198 1182 2355 1230 πται,
2389 1165 2483 1217 καὶ
2512 1161 2772 1222 δυσωδίας
2800 1157 2998 1228 πολλῆς
3029 1155 3301 1225 λογισμῶν
3331 1151 3578 1222 πονηρῶν
3603 1151 3750 1220 ἐμπέ-

2201 1254 2508 1329 πλη[σ]ται,
2526 1253 2665 1306 ὥστε
2684 1249 3119 1321 ἀποστρέφεσθαι
3137 1248 3196 1299 τὸ
3213 1247 3503 1316 πρόσωπον
3526 1243 3612 1295 τοῦ
3636 1244 3748 1296 Θεοῦ

2201 1348 2310 1401 ἀπὸ
2352 1347 2451 1416 τῆς
2509 1343 2689 1413 δεινῆς
2743 1341 3005 1404 δυσωδίας
3051 1339 3159 1392 τῶν
3203 1336 3453 1407 ματαίων
3502 1333 3752 1402 λογισμῶν

2201 1439 2294 1492 τοῦ
2352 1438 2599 1500 σκότους,
2639 1435 2732 1498 καὶ
2781 1434 2889 1487 τῶν
2933 1432 3123 1486 παθῶν
3165 1431 3272 1484 τῶν
3325 1431 3382 1482 ἐν
3435 1431 3506 1499 τῇ
3558 1427 3753 1499 τοιαύτῃ

2201 1534 2348 1602 ψυχῇ
2373 1529 2743 1584 ἐνοικούντων.
2769 1527 2876 1580 Καὶ
2903 1526 2954 1579 οἱ
2978 1525 3142 1578 κακοὶ
3171 1524 3264 1576 καὶ
3286 1521 3455 1576 δεινοί⁵
3478 1517 3754 1588 σκώληκες,

2205 1627 2241 1680 ἆ
2271 1626 2388 1677 ἐστι
2414 1623 2483 1676 τὰ
2513 1620 2798 1691 πνεύματα
2843 1619 2943 1689 τῆς
2986 1616 3273 1686 πονηρίας,
3311 1614 3407 1668 καὶ
3434 1613 3492 1666 αἱ
3525 1612 3754 1679 δυνάμεις

2202 1715 2298 1769 τοῦ
2334 1714 2582 1778 σκότους,
2605 1714 2663 1766 ἐν
2688 1713 2822 1782 αὐτῇ
2864 1708 3321 1780 ἐμπεριπατοῦσι,
3342 1707 3505 1760 κάκεῖ
3535 1703 3756 1772 ἐννέμον-

533 1806 721 1860 vibices
745 1809 846 1859 mei
871 1809 914 1860 ’.
940 1805 996 1861 Si
1034 1821 1171 1861 vero
1196 1805 1263 1858 ad
1289 1806 1459 1859 Deum
1503 1803 1801 1873 confugiat,
1832 1801 2020 1856 credat
2056 1809 2106 1854 ct

2211 1825 2322 1872 ται,
2352 1807 2448 1862 καὶ
2482 1805 2806 1877 φωλεύουσι,
2824 1805 2917 1856 καὶ
2946 1803 3196 1872 ἐρπουσι,
3226 1800 3320 1853 καὶ
3348 1797 3522 1867 αὐτὴν
3547 1795 3757 1847 ἐσθίουσι

536 1906 690 1965 petat
718 1897 890 1951 salem
933 1897 1082 1961 vitae,
1131 1897 1338 1950 bonum
1377 1910 1441 1950 ac
1479 1895 1782 1948 humanum
1815 1891 2101 1962 Spiritum,

534 1997 651 2042 tum
680 1988 911 2043 veniens
969 1989 1049 2044 sal
1087 1988 1308 2043 cmleste
1345 1986 1612 2041 interimit
1641 1993 1810 2040 tctros
1836 1984 1960 2038 illos
1987 1998 2106 2037 vcr-

536 2094 675 2144 mes,
710 2087 766 2134 et
797 2081 1014 2134 sublato
1041 2080 1281 2150 pessimo
1331 2079 1527 2144 fetore,
1553 2077 1853 2149 exstinguit
1877 2091 2105 2148 gravco-

534 2171 758 2225 lcntiam
781 2171 987 2225 virtute
1013 2171 1272 2241 potentia:
1304 2169 1432 2224 salis
1458 2188 1470 2222 :
1499 2177 1553 2224 et
1581 2169 1661 2224 sic
1688 2169 1777 2223 illa
1813 2168 2106 2223 incolumis

535 2269 594 2317 et
628 2262 795 2316 illaesa
827 2262 1020 2316 effecta
1050 2276 1146 2329 per
1165 2276 1355 2316 verum
1379 2260 1476 2326 sal,
1507 2259 1564 2314 in
1597 2275 1756 2314 usum
1784 2268 1839 2313 et
1863 2258 2109 2312 ministe-

534 2355 679 2409 rium
735 2354 971 2409 caalestis
1020 2353 1238 2408 Domini
1267 2353 1575 2406 ordinatur.
1615 2352 1913 2420 Propterea
1943 2351 2108 2403 etiam

534 2448 591 2502 in
656 2447 799 2519 lege,
836 2448 1091 2516 exemplo
1159 2457 1320 2501 utens
1369 2446 1533 2509 Deus,
1588 2444 1754 2516 jussit
1801 2458 1993 2498 omnes
2027 2442 2111 2496 vi-

530 2538 731 2592 ctimas
757 2537 869 2592 sale
891 2537 1043 2591 saliri
1085 2537 1147 2589 ιο.

2209 1898 2305 1950 καὶ
2338 1897 2637 1968 φθείρουσι.
2681 1893 3072 1963 Προσώζέσαν
3097 1891 3227 1962 γὰρ,
3273 1890 3440 1960 φησὶ.
3499 1886 3597 1940 καί
3639 1884 3758 1938 ἐσά-

2210 2006 2418 2058 πησαν
2463 1991 2516 2044 οἱ
2565 1987 2858 2059 μώλωπές
2897 2005 3037 2056 μου.
3105 1985 3274 2038 Ἐπάν
3302 1983 3358 2035 δὲ
3391 1980 3677 2052 προσερύγῃ
3696 1978 3759 2048 τῷ

2211 2085 2350 2156 Θεῷ,
2382 2086 2477 2139 καί⁹
2516 2083 2808 2155 πιστεύσῃ,
2842 2083 2938 2136 κω
2972 2080 3172 2150 αἰτήσῃ
3208 2078 3271 2131 τὸ
3309 2076 3446 2139 ἃλας
3476 2073 3576 2144 τῆς
3615 2071 3756 2141 ζωῆς,

2211 2179 2272 2231 τὸ
2305 2177 2508 2245 ἀγαθὸν
2544 2171 2638 2230 καὶ
2687 2176 3071 2245 φιλάνθρωπον
3108 2171 3354 2242 Πνεῦμα,
3387 2168 3516 2228 τότε
3551 2165 3692 2218 ἐλθδν
3713 2164 3762 2218 τὸ

2209 2269 2343 2330 ἃλας
2373 2269 2432 2321 τὸ
2454 2269 2705 2336 οὐράνιον
2729 2269 2944 2338 ἀναιρεῖ
2973 2266 3099 2327 τοὺς
3121 2263 3324 2325 δεινοὺς
3352 2259 3659 2330 σκώληκας,
3683 2256 3760 2310 καὶ

2211 2358 2460 2427 ἀφανίζει
2492 2359 2590 2429 τὴν
2615 2358 2860 2429 πονηρὰν
2891 2355 3174 2418 δυσωδίαν,
3209 2354 3304 2406 καὶ
3330 2349 3587 2420 καθαίρει
3613 2347 3759 2415 αὐτὴν

2211 2453 2277 2520 τῇ
2313 2451 2564 2522 ἐνεργείᾳ
2598 2451 2697 2520 τῆς
2731 2450 3012 2518 δυνάμεως
3044 2445 3230 2499 αὐτοῦ’
3281 2443 3376 2497 καὶ
3409 2441 3588 2503 οὕτως
3627 2437 3759 2507 ὑγιὴς

2221 2544 2316 2596 καὶ
2344 2544 2534 2614 ἀσινὴς
2559 2544 2991 2614 ἀπεργασθεῖσα,
3034 2539 3140 2592 ὑπὸ
3180 2537 3275 2591 τοῦ
3305 2537 3506 2597 ἆλατος
3535 2533 3625 2587 τοῦ
3657 2531 3761 2600 ἀλῆ-

537 2631 709 2694 θινοῦ,
733 2633 813 2693 εἰς
841 2632 1037 2700 χρῆσιν
1081 2629 1178 2682 καὶ
1225 2627 1530 2698 ὑπηρεσίαν
1572 2626 1648 2697 τῷ
1692 2628 1998 2699 ἐπουρανίῳ
2032 2631 2278 2705 Δεσπότῃ
2306 2635 2762 2689 ἀποκαθίσταται.
2797 2634 2896 2687 Διά
2917 2632 3075 2686 τοῦτο
3134 2630 3244 2702 γὰρ
3295 2628 3392 2682 καὶ
3458 2629 3520 2681 ἐν
3543 2626 3617 2697 τῷ
3637 2626 3759 2696 νόμῳ

536 2722 899 2791 ὑποδείγματι
949 2719 1233 2790 χρώμενος
1266 2721 1294 2772 ὁ
1340 2719 1493 2782 Θεὸς,
1531 2719 1746 2771 ἐκέλευε
1781 2721 1961 2773 πᾶσαν
1989 2721 2177 2777 θυσίαν
2205 2724 2362 2780 ἅλατι
2407 2726 2709 2791 ἁλίζεσθαι.

603 2818 693 2874 VI.
729 2815 960 2886 Oportet
1007 2815 1173 2884 igitur
1231 2814 1469 2883 priurum
1503 2813 1784 2868 victimam
1824 2816 2105 2870 mactaria

535 2911 844 2973 sacerdote,
873 2918 931 2962 et
956 2907 1118 2970 mori,
1149 2915 1205 2961 ct
1244 2916 1375 2961 tunc
1406 2905 1698 2961 disseetam
1725 2909 1838 2962 sale
1868 2908 2102 2973 condiri,

535 3004 732 3060 deinde
778 3003 857 3056 sic
914 3001 1026 3072 igni
1077 2999 1307 3070 imponi.
1353 2999 1466 3054 Nisi
1507 3001 1654 3053 enim
1704 3001 1858 3070 prius
1904 3008 2108 3054 mactet

534 3107 593 3155 et
624 3094 845 3153 occidat
903 3111 1062 3150 ovem
1094 3093 1373 3159 sacerdos,
1422 3109 1532 3148 non
1574 3093 1791 3158 salitur,
1821 3107 1999 3162 neque
2039 3092 2105 3146 ad

537 3191 924 3246 holocaustum
964 3188 1198 3242 Domino
1247 3185 1578 3240 adducitur:
1632 3186 1713 3240 sic
1759 3193 1817 3238 et
1858 3193 2103 3239 nostram

537 3284 778 3339 animam
817 3281 1167 3336 accedentem
1214 3294 1348 3335 vero
1377 3276 1626 3334 Pontifici
1665 3275 1908 3338 Christo,
1938 3291 2105 3346 opor-

540 3377 620 3424 tet
650 3370 876 3424 mactari
938 3369 1006 3422 ab
1058 3383 1147 3434 eo,
1179 3377 1236 3422 et
1274 3368 1701 3438 cogitationibus
1749 3381 1813 3420 ac
1859 3365 2108 3436 pessimae

537 3463 690 3528 vitae,
721 3461 812 3516 cui
862 3461 1108 3526 vivebat,
1147 3461 1252 3515 hoc
1285 3469 1390 3523 est,
1444 3469 1672 3529 peccato
1698 3460 1866 3524 mori,
1900 3466 1957 3514 et
1985 3466 2107 3512 tan-

537 3569 704 3623 quam
729 3554 896 3607 vitam
925 3561 1142 3622 oportet
1165 3568 1232 3607 ex
1253 3567 1318 3607 ea
1333 3551 1520 3623 egredi
1547 3567 1744 3622 pravas
1765 3552 2105 3606 affectiones.

541 3644 1018 3712 Quemadmodum
1067 3644 1216 3698 enim
1269 3659 1493 3714 corpus,
1544 3651 1830 3713 postquam
1871 3643 2111 3699 evolavit

538 3739 747 3800 anima,
801 3745 1080 3790 mortuum
1125 3745 1230 3802 εει,
1273 3751 1376 3790 nec
1407 3736 1646 3806 amplius
1671 3735 1806 3790 vivit
1837 3737 1967 3800 vita,
2001 3751 2108 3806 qua

537 3828 787 3892 vivebat,
809 3843 992 3898 neque
1015 3827 1190 3895 audit,
1207 3843 1388 3898 neque
1409 3828 1686 3882 ambulat:
1723 3829 1804 3884 sic
1824 3838 2109 3899 postquam

537 3919 801 3976 mactavit
850 3928 907 3974 et
953 3919 1127 3991 gratia
1164 3919 1390 3975 virtutis
1427 3935 1540 3975 suae
1585 3921 1863 3975 interemit
1902 3919 2110 3976 mundo

533 4013 704 4068 vitam
735 4021 983 4066 nostram
1015 4012 1256 4067 caelestis
1288 4012 1538 4068 Pontifex
1568 4011 1841 4078 Christus,
1875 4013 2112 4068 moritur

534 4104 632 4159 illa
655 4105 782 4159 vita:
811 4119 1110 4174 perversae,
1133 4105 1435 4160 secundum
1460 4121 1627 4177 quam
1654 4106 1895 4170 vivebat,
1918 4115 1976 4162 et
1996 4123 2112 4162 am-

531 4197 678 4267 plius
693 4197 750 4266 6
770 4211 948 4266 neque
965 4197 1139 4258 audit,
1164 4212 1344 4267 neque
1376 4199 1642 4269 loquitur,
1665 4215 1842 4269 neque
1859 4209 2112 4255 versatur

533 4287 592 4340 in
625 4287 873 4341 tenebris
913 4289 1160 4358 peccati;
1220 4290 1353 4360 quia
1398 4307 1497 4360 per
1533 4293 1761 4362 gratiam
1795 4292 2108 4358 discedunt,

543 4375 698 4428 velut
738 4374 922 4429 anima
961 4377 1101 4446 ejus,
1138 4379 1294 4432 mala:
1341 4379 1682 4434 affectiones.
1713 4379 1783 4434 Et
1817 4381 2113 4450 Apostolus

2286 2824 2341 2888 ς
2344 2824 2486 2874 ’.Δεῖ
2522 2817 2614 2875 οὖν
2669 2821 2885 2891 πρῶτον
2919 2818 3142 2888 τυθῆναι
3177 2817 3281 2870 ὑπὸ
3313 2815 3406 2871 τοῦ
3447 2816 3654 2886 ἱερέως,
3683 2817 3759 2868 καί

2212 2914 2524 2979 ἀποθανεῖν,
2559 2914 2657 2968 καὶ
2685 2915 2806 2966 τότε
2848 2911 3134 2981 ἁλισθῆναι
3168 2910 3449 2982 μελισθὲν,
3495 2905 3593 2961 εἷθ’
3617 2907 3760 2970 οὕτως

2212 3002 2292 3063 είς
2313 3001 2377 3053 τὸ
2424 3001 2536 3074 πῦρ
2565 3001 2924 3054 ἐπιτίθεσθαι.
2959 3000 3084 3053 Ἐἀν
3107 2999 3214 3070 γὰρ
3249 3000 3322 3070 μὴ
3348 2999 3616 3070 πρότερον
3647 2997 3757 3066 Θὺσῃ

2213 3093 2307 3146 καὶ
2335 3092 2620 3166 θανατὼσῃ
2661 3094 2722 3146 τὸ
2754 3092 3026 3164 πρόϐατον
3072 3095 3100 3146 ό
3145 3092 3344 3162 ἱερεὺς,
3380 3092 3482 3161 οὺχ
3525 3090 3757 3152 ἁλίζεται,

2207 3184 2332 3238 οὔτε
2361 3187 2439 3248 είς
2468 3185 2846 3255 όλοκάρπωσιν
2866 3184 2942 3255 τῷ
2969 3184 3215 3258 Δεσπότῃ
3246 3184 3602 3254 προσάγεται.
3629 3181 3759 3233 Οὕτω

2210 3277 2305 3330 καὶ
2339 3277 2438 3348 τὴν
2474 3279 2744 3348 ἡμετέραν
2765 3277 2944 3348 ψυχὴν
2971 3277 3417 3348 προσερχομένην
3447 3275 3526 3346 τῷ
3553 3272 3758 3344 ἀληθινῷ

2210 3370 2461 3442 ἀρχιερεῖ
2505 3369 2747 3442 Χριστῷ,
2815 3371 2895 3423 δεῖ
2949 3371 3177 3440 τυθῆναι
3228 3369 3320 3424 ὑπ’
3363 3368 3557 3433 αὐτοῦ,
3590 3368 3757 3436 καὶτῷ

2210 3464 2518 3533 φρονήματι
2574 3463 2886 3525 ἀποθανεῖν,
2936 3463 3033 3516 καὶ
3061 3465 3127 3532 τῇ
3163 3462 3396 3532 κακίστῃ
3429 3462 3568 3531 ζωῇ,
3658 3459 3754 3525 ἔζη.

2214 3554 2461 3607 τουτέστι
2496 3557 2562 3626 τῇ
2597 3555 2846 3626 ἁμαρτία
2867 3597 2880 3618 ,
2916 3555 3010 3608 καὶ
3043 3553 3230 3625 ὥσπερ
3263 3553 3410 3622 ζωὴν
3441 3553 3670 3621 ἐξελθεῖν
3696 3552 3758 3603 δεῖ

2211 3644 2270 3710 ἐξ
2299 3645 2487 3716 αὐτῆς,
2522 3647 2622 3714 τὴν
2648 3646 2756 3698 τῶν
2800 3644 2991 3698 παθῶν
3029 3645 3315 3715 πονηρίαν.
3349 3644 3566 3714 Ὥσπερ
3592 3642 3688 3710 τὰρ
3711 3642 3757 3692 τὸ

2213 3737 2391 3804 σῶμα,
2427 3735 2567 3788 ἐπὰν
2598 3721 2794 3808 ἐξέλθῃ
2824 3736 2856 3805 ἡ
2888 3735 3056 3806 ψυχὴ,
3085 3734 3346 3798 ἀπέθανε,
3375 3733 3475 3786 καὶ
3502 3732 3674 3786 οὐκέτι
3703 3733 3754 3800 ζῇ

2210 3829 2276 3896 τῇ
2309 3825 2422 3896 ζωῇ
2456 3825 2512 3878 ἐν
2634 3826 2751 3897 ἔζη,
2783 3825 2907 3879 οὔτε
2950 3824 3160 3890 ἀκούει,
3188 3823 3311 3877 οὒτε
3345 3825 3656 3896 περιπατεῖ·
3682 3821 3754 3874 οὗ·

2209 3935 2318 3984 τως
2341 3920 2481 3973 ἐπὰν
2511 3918 2650 3991 θύσῃ
2700 3920 2794 3973 καὶ
2853 3917 3139 3990 θανατὼσῃ
3169 3918 3247 3990 τῷ
3287 3917 3482 3989 κόσμῳ
3504 3917 3602 3988 τὴν
3639 3916 3755 3986 ζωὴν

2210 4016 2239 4066 ὁ
2266 4015 2586 4086 ἐπουράνιος
2631 4016 2922 4087 ἀρχιερεὺς
2971 4014 3203 4088 Χριστὸς
3234 4017 3299 4084 τῇ
3343 4014 3529 4084 χάριτι
3577 4013 3666 4082 τῆς
3688 4011 3756 4063 δ.)-

2211 4106 2428 4176 νάμεως
2475 4106 2660 4171 αὐτοῦ,
2715 4107 3052 4178 ἀποθνήσκει
3082 4109 3147 4176 τῇ
3186 4106 3298 4176 ζωῇ
3325 4107 3425 4176 τῆς
3466 4096 3754 4174 πονηρίαςῇ

2212 4198 2333 4269 ἔζη,
2365 4200 2462 4253 καὶ
2489 4200 2674 4253 οὐκέτι
2705 4198 2829 4253 οὔτε
2867 4198 3073 4265 ἀκούει,
3120 4197 3242 4252 οὔτε
3285 4197 3456 4262 λαλεῖ,
3490 4194 3757 4250 ours-mh-

2216 4289 2432 4344 τεύεται
2456 4291 2515 4342 ἐν
2550 4292 2628 4360 τῷ
2659 4292 2839 4344 σκότει
2864 4295 2962 4362 τῆς
2989 4289 3284 4361 ἁμαρτίας·
3317 4293 3398 4342 ὅτι
3439 4290 3527 4341 διὰ
3555 4288 3647 4357 τῆς
3676 4285 3753 4355 χὰ-

2220 4399 2364 4452 ριτος
2397 4381 2700 4454 ἐξέρχεται,
2731 4382 2918 4452 ὥσπερ
2943 4383 3089 4454 ψυχὴ
3117 4383 3312 4452 αὐτῆς,
3346 4383 3378 4451 ἡ
3415 4380 3643 4452 πονηρία
3669 4379 3754 4430 τῶν

529 4467 824 4531 exclamat,
857 4467 1083 4523 dicens:
1114 4469 1242 4524 Mihi
1264 4473 1489 4525 mundus
1516 4473 1795 4541 cruciﬁxus
1816 4483 1911 4538 est,
1945 4483 1994 4527 ει
2019 4492 2106 4545 ego

2214 4476 2423 4530 παθῶν.
2458 4477 2566 4529 Καὶ
2593 4478 2621 4529 ὁ
2657 4475 2973 4540 ’Λπόστολος
3003 4476 3103 4548 βοᾷ
3127 4476 3320 4542 λέγων·
3366 4477 3528 4544 Ἐμοὶ
3563 4473 3755 4542 κόσμος

535 4558 732 4611 mundo
762 4560 824 4620 ³³,
861 4559 1056 4614 Anima
1097 4562 1269 4628 enim,
1301 4579 1424 4632 quae
1461 4564 1517 4617 in
1554 4564 1761 4618 mundo
1781 4573 1835 4618 et
1866 4565 2111 4619 tenebris

533 4657 886 4718 peccatorum
931 4651 1115 4706 adhuc
1140 4654 1297 4719 vivit,
1320 4655 1389 4708 ab
1418 4670 1595 4725 eoque
1628 4671 1737 4710 non
1769 4665 1853 4712 est
1879 4657 2113 4711 mortifi-

533 4749 680 4806 cata,
728 4741 826 4796 sed
868 4742 1051 4798 adhuc
1097 4746 1334 4800 animam
1374 4748 1618 4812 malitiw,
1652 4749 1758 4803 hoc
1782 4759 1889 4815 est,
1920 4761 2114 4820 poten-

536 4834 1112 4903 tiamgtenebrosarum
1137 4840 1346 4907 peccati
1377 4839 1732 4895 aflectionum
1756 4842 1811 4896 in
1841 4858 1900 4896 se
1927 4843 2113 4906 habet,

534 4927 687 4982 etab
715 4927 810 4981 illa
836 4929 1106 4993 nutritur,
1138 4946 1248 4983 non
1276 4939 1360 4985 est
1382 4929 1450 4984 de
1481 4947 1717 4999 corpore
1755 4930 1984 4995 Christi,
2015 4948 2117 4987 nec

531 5028 617 5074 est
669 5019 738 5073 de
789 5035 1021 5089 corpore
1071 5022 1232 5086 lucis,
1272 5022 1366 5078 sed
1407 5033 1492 5077 est
1525 5039 1726 5094 corpus
1755 5023 2108 5078 tenebrarum

530 5123 587 5168 et
637 5130 706 5167 ex
757 5115 1012 5184 portione
1059 5117 1415 5170 tenebrarum
1463 5118 1647 5172 adhuc
1698 5128 1801 5172 est.
1842 5118 2112 5185 Quemad-

532 5205 761 5258 modum
788 5222 817 5259 e
849 5222 1139 5273 converso,
1170 5209 1263 5276 qui
1306 5209 1514 5264 habent
1536 5209 1775 5263 animam
1804 5209 1966 5276 lucis,
2006 5211 2112 5264 hoc

531 5305 638 5362 est,
689 5297 952 5352 virtutem
1001 5300 1242 5368 Spiritus
1297 5301 1497 5365 sancti,
1555 5316 1622 5354 ex
1676 5301 1930 5370 portione
1973 5303 2113 5357 lueis

531 5397 682 5443 sunt.

603 5564 715 5620 Vll.
771 5565 878 5622 Sed
911 5569 1060 5624 dicat
1091 5571 1312 5641 aliquis,
1357 5588 1468 5641 quo
1517 5584 1679 5643 pacto
1705 5576 1942 5630 animam
1968 5576 2106 5632 dicis

602 5754 624 5785 '
648 5750 791 5809 Psal.
818 5766 1016 5818 xxxvii,
1059 5752 1111 5807 6.
1192 5755 1234 5785 ¹⁰
1270 5755 1398 5810 Lev.
1425 5771 1481 5822 tt,
1518 5756 1572 5822 2,
1611 5757 1697 5811 15.

2213 4568 2602 4637 ἐσταύρωται,
2647 4567 2807 4638 κάγὼ
2835 4566 2916 4633 τῷ
2952 4568 3174 4636 κόσμῳ.
3218 4569 3274 4620 Ψ
3279 4568 3379 4636 υχὴ
3405 4569 3516 4637 γάρ
3544 4569 3576 4637 ἡ
3603 4566 3755 4632 ἀκμὴν

2213 4661 2362 4725 ζῶσα
2418 4662 2477 4712 ἐν
2525 4659 2600 4730 τῷ
2628 4661 2838 4729 κόσμῳ,
2898 4660 2990 4712 καὶ
3024 4659 3100 4730 τῷ
3133 4660 3314 4712 σκότει
3359 4659 3460 4728 τῆς
3495 4657 3752 4729 ἁμαρτίας.

2213 4753 2310 4806 καὶ
2338 4753 2412 4823 μὴ
2439 4752 2813 4806 θανατωθεῖσα
2858 4753 2954 4806 ἀπ’
2999 4752 3188 4817 αὑτοῦ,
3231 4752 3344 4804 ἀλλ’
3376 4751 3459 4804 ἑτι
3491 4752 3588 4820 τὴν
3605 4749 3754 4818 ψυχὴν

2212 4844 2311 4914 τῆς
2354 4843 2573 4907 κακίας,
2624 4843 2770 4896 τοῦτ’
2822 4843 2937 4896 ἐστι
2969 4845 3068 4914 τὴν
3116 4843 3396 4913 ἐνέργειαν
3430 4843 3524 4895 τοῦ
3566 4840 3754 4898 σκότους

2217 4936 2328 4988 τῶν
2359 4935 2547 4991 παθῶν
2581 4937 2680 5008 τῆς
2715 4937 2989 5008 ἁμαρτίας
3036 4939 3094 4988 ἐν
3133 4937 3301 5007 ἑαυτῇ
3333 4936 3551 5006 ἔχουσα,
3578 4934 3664 4985 καὶ
3683 4931 3754 4982 ὑπ’

2217 5025 2389 5096 αὐτῆς
2410 5027 2830 5097 ποιμαινομένη,
2854 5027 2954 5078 οὐκ
2982 5025 3096 5077 ἐστι
3134 5025 3227 5078 τοῦ
3263 5026 3512 5096 σώματος
3539 5021 3627 5076 τοῦ
3650 5022 3755 5090 Χρι-

3543 5117 3638 5136 ξτες

2220 5211 2382 5280 σῶμα
2420 5212 2515 5263 τοῦ
2573 5213 2798 5274 σκότους
2833 5213 2926 5264 καὶ
2957 5214 3020 5264 ἐκ
3066 5212 3162 5281 τῆς
3193 5212 3406 5282 μερίδος
3444 5209 3538 5263 τοῦ
3567 5209 3753 5266 σκότους

2216 5304 2404 5374 ἀκμήν
2465 5304 2633 5355 ἐστιν.
2669 5305 2879 5374 Ὥσπερ
2923 5304 3017 5356 καὶ
3080 5305 3240 5356 πάλιν
3270 5343 3285 5366 ,
3327 5305 3376 5355 οἱ
3430 5304 3637 5373 ἔχοντες
3678 5300 3752 5366 τὴν

2213 5395 2392 5466 ψυχὴν
2443 5395 2532 5448 τοῦ
2594 5396 2772 5465 φωτὸς
2805 5436 2819 5456 ,
2872 5397 3015 5449 τοῦτ’
3063 5398 3179 5450 ἔστι
3241 5395 3339 5468 τὴν
3395 5397 3619 5466 δύναμιν
3677 5391 3751 5443 τοῦ

2211 5488 2368 5556 ἁγίου
2417 5487 2755 5558 Πνεύματος,
2792 5492 2856 5542 ἐκ
2911 5490 3005 5560 τῆς
3047 5490 3264 5560 μερίδος
3306 5491 3412 5543 εἰσὶ
3449 5490 3543 5542 τοῦ
3588 5486 3749 5557 φωτός.

2279 5581 2352 5633 Z'.
2373 5580 2510 5634 Ἀλλ’
2534 5584 2648 5651 ἐρεῖ
2665 5597 2763 5646 τι;’
2789 5582 2912 5645 Πῶς
2947 5583 3104 5653 σῶμα
3127 5583 3218 5635 τοῦ
3249 5583 3469 5647 σκότους
3490 5581 3651 5652 λέγεις
3675 5576 3752 5645 τὴν

1777 5759 1817 5790 ²¹
1847 5759 1965 5814 Gal.
2007 5776 2080 5830 vt,
2112 5761 2196 5816 14.

3907 4527 3911 4606 ἓ

3901 4773 3910 4856 l
