3948 6542
183 403 271 466 45-7
329 357 334 362 ’
1363 393 1727 453 HOMILLE.
1758 417 1821 426 -
1853 390 2037 452 non.
2078 390 2126 449 I.

3281 375 3386 443 458

183 514 347 585 ψυχὴν,
380 507 450 579 μὴ
469 499 632 562 οὖσαν
661 509 824 562 αὑτοῦ
855 501 1237 579 κτίσμαςὮδε
1270 509 1574 579 προσέχων,
1605 509 1700 562 καὶ

1812 524 2004 579 corpus
2049 505 2422 570 tenebrarum,
2463 519 2588 558 cum
2635 519 2746 557 non
2777 502 2849 558 sit
2894 503 2963 556 ab
3011 501 3121 556 illis
3150 500 3382 570 genita?

181 603 328 676 ὀρθῶς
351 601 531 667 νόησον
552 613 563 627 °
596 599 802 669 ’Ὠσπερ
832 598 1035 668 ἔνδυμα
1058 599 1293 666 ἱμάτιον,
1325 597 1354 651 ὃ
1385 601 1592 668 φορεῖς,
1623 597 1709 653 ἆλ-

181 688 737 756 λοςκατεσκεύασε,καὶ
771 690 833 742 σὺ
867 690 998 742 αὐτὸ
1018 688 1359 761 ὲν[δέ]δυσαι·
1393 690 1594 760 ὁμοίως
1614 689 1708 744 καὶ

181 784 303 840 οἷκον
331 781 504 851 ἕτερος
540 781 854 852 ᾠκοδόμησε
881 784 976 836 καὶ
1011 783 1213 847 ἔκτισε,
1240 785 1336 837 καὶ¹
1359 784 1424 836 σὺ
1456 785 1625 847 οἰκεῖς
1652 785 1708 836 ἐν

180 876 318 946 αὐτῷ·
341 877 426 928 τὸν
464 874 625 928 αὐτὸν
654 876 854 944 τρόπον
908 877 1002 929 καὶ
1039 877 1068 929 ὁ
1113 876 1282 947 Ἀδὰμ
1326 857 1578 948 παραϐὰς
1610 875 1710 947 τὴν

179 968 367 1035 ἐντολὴν
397 965 485 1017 τοῦ
528 965 683 1027 Θεοῦ,
715 967 808 1019 καὶ
835 967 1073 1030 ἀκούσας
1114 967 1209 1020 τοῦ
1242 967 1479 1037 πονηροῦ
1511 967 1707 1037 ὄφεως,

179 1059 360 1127 ἐπράθη
397 1057 488 1112 καὶ
540 1057 823 1129 ἐπώλησεν
851 1059 1042 1111 ἑαυτὸν
1097 1059 1173 1128 τῷ
1213 1059 1464 1130 διαϐόλῳ·
1499 1059 1592 1113 καὶ
1624 1060 1711 1111 ὲν-

178 1150 370 1205 εδύσατο
397 1149 492 1219 τὴν
535 1148 709 1220 ψυχὴν
758 1152 787 1203 ό
840 1150 1094 1222 πονηρὸς,
1117 1152 1179 1204 τὺ
1224 1151 1386 1204 καλὸν
1432 1151 1656 1223 κτίσμα,
1682 1150 1710 1204 ὃ

178 1240 541 1296 κατεσκεύασεν
583 1244 613 1294 ὁ
647 1241 802 1306 Θεὸς,
848 1242 988 1313 πρὸς
1032 1243 1132 1313 τὴν
1178 1243 1346 1298 αὑτοῦ
1397 1243 1602 1306 είκόνα,
1635 1242 1707 1306 ὡς

179 1335 256 1388 καὶ
290 1334 315 1386 ό
363 1331 682 1397 Ἀπόστολος
712 1332 882 1402 λέγει’
924 1333 1437 1404 Ἀπεκδυσάμενος
1469 1334 1572 1399 τὰς
1608 1335 1711 1403 ἀρ-

175 1426 270 1495 χὰς
308 1423 402 1477 καί
437 1423 742 1492 ἐξουσίας,
794 1425 1224 1495 ἐθριάμϐευσεν
1269 1427 1490 1494 αὐτοὺς
1530 1427 1598 1480 ἐν
1627 1426 1711 1493 τῷ

176 1515 404 1585 σταυρῷ.
442 1515 544 1569 Διὰ
567 1516 726 1570 τοῦτο
771 1519 880 1591 γὰρ
929 1520 1023 1572 καὶ
1065 1521 1097 1591 ἡ
1139 1519 1349 1583 ἔλευσις
1376 1521 1468 1573 τοῦ
1505 1521 1708 1592 Κυρίου

173 1608 456 1677 γεγένηται,
501 1607 590 1662 ἵνα.
641 1607 847 1682 ἐκϐάλῃ
909 1611 1128 1675 αὐτοὺς,
1187 1612 1281 1665 καὶ
1329 1612 1576 1685 ἀπολάϐῃ
1622 1615 1710 1667 τὸν

175 1702 287 1755 ἴδιον
327 1696 468 1757 οἷκον
511 1701 609 1754 καὶ
652 1702 798 1762 ναὸν,
829 1703 920 1756 τὸν
950 1702 1261 1772 ἄνθρωπον.
1285 1705 1489 1760 Τούτου
1532 1705 1710 1761 τοίνυν

172 1794 339 1902 ἕνεκεν
365 1792 524 1902 enim:
556 1793 774 1902 λέγεται
807 1794 1025 1902 ﬁdum.
1046 1796 1140 1848 τοῦ
1154 1797 1393 1902 ’σκότους
1415 1798 1516 1867 τῆς
1546 1815 1713 1869 πονη-
1748 1850 1784 1902 Β

1810 599 1950 655 Huic
1975 598 2247 653 adhibens
2269 607 2508 653 mentem
2541 596 2683 650 bene
2713 593 3008 657 attendite,
3028 591 3385 661 quemadmo-

1809 691 1940 746 dum
1987 699 2195 746 vestem
2243 698 2337 745 aut
2388 689 2791 750 indumentum,
2826 683 2973 755 quod
3004 694 3202 755 gestas,
3241 683 3385 738 alius

1811 780 2069 845 confecit,
2097 789 2155 834 et
2183 787 2242 834 tu
2311 794 2379 834 eo
2430 776 2718 842 indueris;
2776 774 3031 830 similiter
3077 783 3132 828 et
3157 773 3381 829 domum

1809 871 1951 925 alius
1994 868 2288 926 aediﬁcavit
2315 877 2372 924 et
2398 867 2688 930 exstruxit,
2726 873 2784 920 et
2812 872 2871 918 tu
2900 862 3263 918 nihilominus
3296 860 3382 915 in-

1811 961 2026 1016 habitas
2083 962 2270 1016 illam:
2309 960 2502 1015 eodem
2558 957 2726 1012 modo
2775 955 2946 1010 Adam
3004 964 3384 1026 transgressus

1811 1053 2124 1109 mandatum
2149 1053 2268 1119 Dei,
2295 1064 2350 1108 et
2374 1053 2768 1120 obtemperans
2809 1048 3086 1103 malitiose
3114 1046 3380 1117 serpenti,

1809 1145 2060 1202 vendidit
2109 1145 2352 1214 seipsum
2391 1143 2634 1208 diabolo,
2659 1142 2951 1212 induitque
2991 1149 3107 1196 tum
3141 1140 3381 1194 animam

1811 1239 1902 1294 ille
1927 1237 2238 1292 malitiosus
2264 1253 2277 1289 :
2313 1234 2782 1306 elegantissimam
2807 1235 3021 1288 scilicet
3047 1241 3380 1298 creaturam,

1810 1346 1974 1401 quam
2019 1329 2344 1386 condiderat
2389 1329 2536 1382 Deus
2593 1327 2662 1382 ad
2707 1326 2792 1381 sui
2849 1325 3166 1395 imaginem,
3212 1331 3272 1376 ut
3328 1329 3384 1377 et

1810 1418 2104 1494 Apostolus
2151 1421 2317 1476 dicit:
2371 1419 2687 1492 Exspolians
2728 1420 3055 1490 principatus
3075 1425 3124 1469 et
3158 1423 3381 1482 potesta-

1813 1525 1937 1580 tem,
1975 1515 2315 1585 triumphavit
2335 1513 2399 1567 de
2427 1513 2536 1567 illis
2561 1514 2616 1566 in
2637 1527 2791 1566 cruce
2818 1512 2884 1564 ¹¹.
2910 1511 3207 1580 Propterea
3230 1508 3378 1564 enim

1811 1617 1866 1662 et
1895 1607 2166 1661 adventus
2213 1605 2428 1660 Domini
2458 1604 2688 1675 contigit
2729 1612 2788 1675 ut
2843 1602 3075 1673 ejiceret
3106 1601 3278 1672 ipsos,
3322 1605 3380 1654 et

1813 1697 2084 1767 reciperet
2117 1698 2394 1767 propriam
2428 1696 2652 1750 domum
2683 1703 2739 1750 et
2782 1694 3067 1764 templum,
3097 1693 3378 1747 hominem

1813 1792 2045 1847 scilicet.
2095 1789 2368 1858 Quocirca
2414 1788 2617 1843 dicitur
2666 1787 2848 1841 anima
2885 1801 3086 1855 corpus
3122 1783 3381 1840 tenebra-

172 1885 296 1955 ρίας,
317 1884 418 1948 ἕως
446 1876 509 1938 οῦ
555 1886 703 1939 ἐστιν
729 1887 786 1939 ἐν
814 1887 950 1958 αὐτῇ
976 1888 1036 1940 τὸ
1071 1889 1262 1952 σκότος
1290 1890 1387 1960 τῆς
1409 1890 1705 1961 ἁμαρτίας,

1813 1900 1935 1939 rum
1965 1883 2209 1948 malitiae,
2232 1879 2478 1952 quandiu
2502 1879 2557 1934 in
2574 1878 2667 1933 illa
2700 1886 2831 1961 sunt
2861 1876 3103 1933 tenebrae
3128 1875 3380 1948 peccati.

168 1977 238 2030 ὅτι
263 1978 372 2030 ἐκεῖ
397 1975 463 2046 ζῇ
491 1977 575 2041 είς
615 1978 706 2032 τὸν
737 1978 909 2032 αἰῶνα
938 1979 1031 2033 τὸν
1065 1980 1300 2052 πονηρὸν
1332 1979 1426 2035 τοῦ
1462 1982 1708 2047 σκότους,

171 2068 253 2120 καὶ
281 2070 391 2121 ἐκεῖ
416 2069 780 2140 κεκράτηται,
833 2069 1016 2135 καθὼς
1062 2073 1153 2126 καὶ
1203 2075 1231 2127 ό
1286 2073 1516 2138 Παῦλος,
1552 2075 1712 2144 σῶμα

168 2159 436 2231 ἁμαρτίαςί
463 2162 562 2235 καὶ.
578 2161 734 2232 σῶμα
758 2163 987 2218 Θανάτου
1012 2165 1186 2220 καλῶν
1219 2165 1395 2235 λέγει’
1426 2168 1546 2223 Ἵνα
1571 2186 1710 2222 κατ-

167 2251 370 2321 αργηθῇ
425 2253 489 2306 τὸ
521 2252 694 2324 σῶμα
740 2253 851 2323 τῆς
886 2254 1195 2325 ἁμαρτίας.
1248 2257 1358 2312 Καὶ
1390 2259 1578 2324 πάλιν,
1618 2261 1710 2327 Τίς

162 2363 226 2418 με
245 2347 482 2414 ῥύσεται
511 2347 583 2401 ἐκ
614 2347 718 2402 τοῦ
741 2347 1016 2418 σώματος
1036 2350 1143 2405 τοῦ
1175 2353 1434 2408 θανάτου
1459 2353 1710 2418 τούτου;

177 2439 386 2508 Ὁμοίως
419 2439 587 2492 πάλιν
625 2441 658 2510 ή
703 2441 1039 2497 πιστεύσασα
1079 2443 1157 2514 τῷ
1187 2443 1307 2514 Θεῷ
1348 2444 1492 2514 ψυχὴ
1527 2445 1620 2498 καὶ
1649 2446 1713 2499 ἐκ

165 2531 250 2599 τῆς
288 2529 558 2599 ἁμαρτίας
595 2531 850 2602 ρυσθεῖσα
874 2573 890 2598 ,
929 2534 1019 2587 καὶ
1071 2534 1441 2590 Θανατωθεῖσα
1497 2537 1560 2590 ἐκ
1613 2539 1712 2601 τῆς

166 2621 288 2692 ζωῆς
320 2621 411 2677 τοῦ
447 2622 699 2688 σκότους,
739 2625 835 2678 καὶ
864 2625 924 2679 τὸ
945 2625 1058 2693 φῶς
1087 2625 1181 2678 τοῦ
1213 2627 1369 2694 ἁγίου
1396 2627 1536 2681 Πνεύ
1546 2645 1714 2698 ματος

164 2715 330 2785 ὥσπερ
361 2713 508 2784 ζωὴν
539 2715 798 2780 λαϐοῦσα,
839 2718 934 2770 καὶ
962 2718 1170 2772 ἐκεῖθεν
1195 2718 1426 2789 ζήσασα,
1457 2722 1572 2774 ἐκεῖ
1604 2720 1714 2774 λοι-

165 2804 249 2858 πὸν
277 2803 562 2874 διατρίϐει,
610 2805 692 2858 ὃτι
751 2807 866 2858 ἐκεῖ
912 2806 1249 2879 κεκράτηται
1308 2808 1384 2879 τῷ
1429 2812 1568 2880 φωτὶ
1617 2811 1716 2882 τῆς

166 2891 412 2964 θεότητος.
475 2890 616 2946 υῦτε
655 2893 765 2964 γὰρ
797 2893 1012 2961 φύσεως
1061 2895 1159 2962 τῆς
1199 2894 1452 2963 θεότητός
1504 2898 1648 2948 ἐστιν
1682 2897 1714 2966 ἠ

161 2981 308 3051 ψυχὴ,
331 2980 452 3034 οὔτε
503 2981 723 3044 φύσεως
754 2981 846 3034 τοῦ
897 2984 1117 3046 σκότους
1145 2984 1245 3053 τῆς
1283 2983 1564 3054 πονηρίας,
1601 2982 1716 3037 ἀλλ’

164 3073 262 3125 ἐστι
298 3073 498 3143 κτίσμα
553 3090 607 3126 τι
655 3076 860 3144 νοερὸν,
913 3075 1006 3128 καὶ
1043 3075 1261 3146 ὡραῖον,
1296 3077 1388 3129 καὶ
1423 3076 1586 3145 μέγα,
1624 3077 1717 3130 καὶ

1809 1975 1936 2045 quia
1963 1974 2078 2028 illic
2105 1972 2241 2027 vivit
2279 1969 2560 2026 insaeculo
2594 1954 2949 2024 tenebrarum
2994 1981 3282 2038 perverso,
3324 1974 3382 2021 et

1809 2067 1924 2122 illic
1954 2077 2113 2136 capta
2141 2072 2396 2119 tenetur:
2430 2059 2900 2133 quemadmodum
2934 2069 2991 2115 et
3020 2059 3226 2114 Paulus
3253 2073 3382 2113 cor-

1809 2174 1915 2230 pus
1953 2156 2166 2228 peccati
2208 2165 2267 2211 et
2312 2169 2514 2225 corpus
2543 2153 2739 2208 mortis
2770 2152 3030 2223 appellat,
3059 2151 3284 2206 dicens:
3321 2149 3385 2208 Ut

1811 2252 2116 2306 destruatur
2153 2264 2338 2319 corpus
2373 2247 2572 2318 peccati
2601 2245 2666 2298 ⁸³.
2723 2244 2794 2300 Et
2851 2259 3079 2298 rursus:
3134 2241 3261 2309 Quis
3302 2258 3384 2296 me

1812 2341 2050 2398 liberabit
2102 2356 2166 2395 ex
2203 2355 2418 2410 corpore
2445 2338 2626 2392 mortis
2661 2336 2818 2407 hujus
2851 2334 2935 2388 “?
2969 2334 3240 2390 Similiter
3265 2342 3323 2389 et
3351 2349 3384 2388 e

1811 2448 2078 2491 converso
2098 2433 2277 2487 anima
2311 2432 2425 2486 Deo
2451 2429 2706 2495 credens,
2741 2436 2797 2484 et
2817 2444 2850 2483 a
2877 2427 3089 2498 peccati
3124 2425 3384 2483 sordibus

1811 2525 2012 2588 soluta,
2044 2539 2109 2578 ac
2126 2539 2222 2594 per
2252 2531 2482 2576 mortem
2519 2520 2733 2576 sublata
2761 2536 2829 2576 ex
2858 2519 2968 2575 vita
3004 2519 3382 2586 tenebrarum,

1812 2626 2100 2686 postquam
2151 2615 2334 2669 lumen
2375 2613 2614 2684 Spiritus
2676 2612 2852 2668 sancti
2902 2621 3162 2681 tanquam
3211 2611 3384 2666 vitam

1813 2709 2108 2779 acceperit,
2143 2707 2255 2762 illic
2298 2707 2491 2762 vivens
2548 2705 2825 2775 reliquum
2867 2705 2993 2760 vitae,
3047 2703 3196 2770 terit,
3251 2703 3381 2774 quia

1814 2801 1928 2855 illic
1975 2808 2132 2870 capta
2180 2807 2402 2855 tenetur
2450 2815 2481 2854 a
2532 2799 2743 2853 lumine
2773 2798 2979 2853 divino.
3008 2796 3198 2865 Neque
3235 2796 3385 2851 enim

1814 2903 2024 2949 natura:
2050 2892 2251 2948 divinae
2295 2900 2380 2947 est
2430 2891 2635 2956 anima,
2669 2907 2849 2962 neque
2881 2900 3093 2948 natum
3123 2893 3384 2949 tenebra-

1817 3005 1939 3043 rum
1977 2987 2222 3052 malitiae,
2270 2985 2364 3041 sed
2402 2994 2488 3040 est
2521 2983 2654 3055 quid
2685 2994 2951 3045 creatum,
2986 2984 3382 3049 intellectuale,

1815 3080 2129 3151 pulchrum,
2159 3078 2392 3148 insigne,
2425 3086 2482 3132 et
2524 3075 2932 3139 admirandum,
2973 3083 3138 3146 atque
3163 3075 3386 3146 elegans

163 3165 470 3235 θαυμαστὸν,
535 3165 632 3218 καὶ
684 3167 847 3218 καλὸν
896 3167 1147 3238 ὁμοίωμα
1189 3172 1285 3221 καὶ
1337 3167 1500 3221 εἰκὼν
1541 3168 1710 3222 Θεοῦ·

1815 3169 2121 3225 similitudo
2153 3179 2211 3224 et
2257 3170 2436 3238 imago
2483 3166 2603 3231 Dei,
2641 3165 2694 3219 in
2727 3180 2889 3234 quam
2921 3173 3148 3234 propter
3204 3172 3386 3220 trans-

162 3256 242 3307 καὶ
263 3257 345 3310 διὰ
380 3257 480 3327 τὴν
524 3257 842 3330 παράϐασιν
873 3259 1120 3330 εἰσῆλθεν
1163 3261 1242 3323 είς
1282 3260 1451 3330 αὐτὴν
1483 3262 1515 3329 ἡ
1547 3279 1715 3331 πονηο

165 3349 239 3416 ρία
269 3352 372 3402 τῶν
401 3349 599 3402 παθῶν
628 3349 723 3403 τοῦ
757 3349 1004 3416 σκότους.

222 3441 296 3496 H'.
331 3441 401 3495 Τὸ
432 3441 646 3506 λοιπὸν,
681 3435 725 3511 ᾧ
778 3443 1170 3514 συγκέκραται,
1207 3447 1298 3499 καὶ
1341 3448 1641 3517 συνήνωται
1681 3449 1714 3518 ἡ

159 3532 285 3604 ψυχὴ
322 3535 378 3585 ὲν
409 3536 525 3597 τοῖς
555 3534 877 3605 θελήμασιν.
915 3537 1072 3589 ἸΙ-τοι
1101 3533 1195 3590 οῦν
1224 3537 1283 3590 τὸ
1312 3537 1428 3606 φῶς
1457 3537 1549 3592 τοῦ
1580 3539 1714 3592 Θεοῦ

161 3623 209 3676 ἐν
249 3625 376 3696 αὐτῇ
403 3627 626 3697 ἔχουσα,
661 3627 752 3680 καὶ
783 3631 840 3681 ὲν
879 3629 1027 3698 αὐτῷ
1062 3629 1215 3694 ζῶσα
1260 3632 1318 3684 ὲν
1367 3632 1567 3696 πάσαις
1594 3635 1715 3697 ταῖς

159 3716 378 3788 ἀρεταῖς,
409 3720 505 3772 τοῦ
537 3720 715 3790 φωτὸς
751 3721 852 3788 τῆς
899 3722 1256 3783 ἀναπαύσεώς
1286 3725 1452 3778 ἐστιν·
1495 3725 1614 3796 ἦτοι
1655 3730 1714 3782 τὸ

161 3809 329 3872 σκότος
350 3809 450 3879 τῆς
475 3813 754 3882 ἁμαρτίας
785 3811 1001 3882 ἔχουσα,
1047 3818 1144 3884 τῆς
1182 3816 1560 3886 κατακρίσεως
1584 3836 1714 3886 τυγ-

159 3897 310 3966 χάνει.
335 3901 533 3971 Ψυχὴν
569 3902 676 3972 γὰρ
699 3901 798 3972 τὴν
837 3901 1096 3958 θέλουσαν
1129 3904 1293 3974 ζῆσαι
1331 3909 1481 3976 παρὰ
1509 3906 1627 3978 Θεῷ
1655 3909 1714 3961 ὲν

159 3991 441 4045 ἀναπαύσει
502 3995 600 4046 καὶ
647 3995 787 4062 φωτὶ
835 3996 1060 4066 αἰωνίῳ,
1111 3998 1428 4068 προσελθεῖν
1489 3998 1588 4062 δεῖ,
1637 3999 1712 4064 ὡς

158 4081 480 4153 προείρηται,
530 4083 609 4153 τῷ
652 4083 895 4155 ἀληθινῴ
937 4086 1188 4157 ἀρχιερεῖ
1216 4085 1458 4156 Χριστῷ,
1493 4087 1589 4140 καὶ
1615 4105 1708 4139 τυ-

158 4169 294 4239 θῆναι
322 4175 414 4226 καὶ
434 4174 734 4228 ἀποθανεῖν
766 4175 843 4246 τῷ
871 4175 1079 4248 κόσμῳ,
1105 4178 1199 4230 καὶ
1227 4180 1294 4249 τῇ
1326 4179 1568 4249 προτέρᾳ
1598 4177 1710 4248 ζωῇ

155 4259 236 4313 τοῦ
257 4262 611 4333 σκότους’τῆς
641 4263 926 4335 πονηρίας,
954 4266 1046 4318 καὶ
1079 4265 1439 4334 μετατεθῆναι
1461 4265 1518 4318 ὲν
1548 4264 1711 4335 ἑτέρᾳ

154 4348 252 4419 ζωῇ
287 4354 375 4406 καὶ
401 4355 686 4425 ἀνατροφῇ
720 4354 858 4425 θείᾳ.
900 4355 1108 4427 Ὥσπερ
1142 4356 1238 4410 ἐὰν
1266 4374 1348 4420 τις
1383 4355 1628 4428 ἀποθάνῃ
1655 4358 1711 4408 ὲν

153 4442 305 4506 πόλει,
347 4443 469 4498 οὔτε
519 4447 707 4518 φωνῆς
761 4447 868 4499 τῶν
917 4448 1034 4500 ἐκεῖ
1088 4445 1307 4512 ἀκούει,
1342 4445 1464 4500 οὔτε
1497 4447 1706 4511 λαλιᾶς,

1817 3261 2154 3333 gressionem
2195 3261 2396 3315 invasit
2449 3259 2654 3314 malitia
2689 3256 3066 3321 all‘eetionum,
3103 3272 3224 3327 qua:
3254 3263 3385 3312 sunt

1818 3353 2194 3408 tenebrarum.

1887 3444 2022 3500 Vill.
2077 3445 2394 3514 Reliquum,
2450 3458 2575 3498 cum
2606 3457 2715 3513 quo
2741 3441 3132 3497 commiscetur
3179 3440 3382 3506 anima,

1814 3540 2080 3608 cujusque
2124 3546 2351 3592 tenetur
2383 3534 2654 3596 dominio,
2687 3548 2812 3587 cum
2843 3548 2912 3588 eo
2941 3548 3160 3603 quoque
3189 3534 3385 3588 volun-

1815 3628 2019 3682 tatibus
2073 3628 2365 3698 conjuncta
2419 3635 2523 3681 est.
2555 3625 2680 3680 Sive
2709 3625 2876 3695 igitur
2903 3625 3082 3679 lucem
3108 3624 3202 3680 Dei
3229 3626 3285 3680 in
3324 3640 3384 3680 se

1812 3720 2034 3781 habeat,
2081 3727 2138 3774 et
2182 3717 2240 3772 in
2300 3719 2391 3772 illa
2429 3718 2577 3772 vivat
2607 3732 2826 3771 omnem
2884 3717 3153 3771 virtutum
3192 3716 3382 3772 orbem

1812 3811 2118 3882 complexa,
2170 3810 2296 3864 luce
2321 3808 2742 3878 acquiescentia:
2768 3807 3014 3876 abundat
3043 3825 3056 3861 :
3087 3808 3204 3862 sive
3230 3816 3386 3863 tene-

1811 3900 1927 3956 bris
1955 3899 2163 3970 peccati
2191 3899 2454 3954 obvoluta
2482 3898 2573 3962 sit,
2609 3895 3087 3970 condemnationis
3108 3896 3386 3966 particeps

1812 3999 1916 4046 est.
1943 3968 2197 4046 Animam
2222 3989 2412 4061 igitur,
2439 4004 2561 4059 quae
2592 3987 2714 4042 vult
2740 3968 2927 4044 vivere
2959 3987 3104 4058 apud
3129 3987 3303 4042 Deum
3325 3988 3384 4042 in

1813 4081 2003 4154 requie
2027 4089 2082 4136 et
2110 4081 2231 4136 luce
2265 4088 2489 4144 aeterna,
2518 4079 2782 4135 accedere
2803 4086 3042 4149 oportet,
3079 4087 3140 4133 ut
3171 4078 3382 4133 dictum

1811 4184 1916 4238 est,
1953 4173 2021 4229 ad
2069 4188 2260 4228 verum
2310 4172 2630 4229 Pontiﬁcem
2691 4171 2996 4238 Christum,
3044 4170 3294 4236 mactari,
3326 4177 3384 4226 et

1815 4264 1952 4320 mori
1982 4263 2187 4318 mundo
2215 4279 2278 4318 ac
2306 4263 2477 4334 priori
2507 4264 2637 4318 vitae
2668 4264 3026 4317 tenebrarum
3055 4271 3112 4318 et
3140 4262 3380 4318 malitia—

1814 4370 1956 4419 rum,
1990 4364 2154 4424 atque
2195 4355 2477 4423 transponi
2534 4354 2590 4408 in
2623 4355 2850 4408 alteram
2890 4355 3061 4408 vitam
3089 4361 3143 4408 et
3173 4354 3379 4408 educa-

1814 4447 2020 4502 tionem
2044 4446 2308 4501 divinam.
2342 4446 2838 4512 Quemadmodum,
2883 4445 2930 4500 si
2963 4445 3090 4514 quis
3141 4444 3381 4500 moritur

150 4535 254 4588 οὔτε
282 4537 448 4608 ἢχων,
483 4539 624 4591 ἀλλὰ
657 4537 909 4603 καθάπαξ
939 4538 1194 4603 ἀπέθανε,
1227 4537 1322 4592 καὶ
1361 4539 1707 4611 μετατίθεται

1812 4539 1866 4594 in
1900 4539 2144 4604 civitate,
2197 4553 2376 4608 neque
2430 4552 2594 4592 voces
2625 4536 2867 4596 illorum.
2917 4535 3012 4606 qui
3039 4534 3118 4590 ibi
3149 4533 3380 4604 degunt,

151 4625 200 4678 ὲν
216 4628 378 4702 ἑτέρῳ
400 4631 576 4702 τόπῳ,
615 4629 742 4682 ἔνθα
761 4631 861 4682 οὐκ
893 4630 1001 4682 εἰσὶ
1029 4632 1203 4698 φωναὶ
1229 4631 1323 4682 καὶ
1348 4632 1587 4700 κροιυγαλ⁸
1605 4631 1708 4701 τῆς

149 4721 336 4784 πόλεως
368 4723 590 4793 ἐκείνης
611 4739 624 4752 ·
657 4721 798 4776 οὕτω
837 4723 932 4775 καὶ
975 4723 1008 4794 ἡ
1055 4721 1219 4793 ψυχὴ,
1274 4722 1412 4775 ἐπὰν
1445 4723 1580 4794 τυθῇ
1614 4725 1708 4776 καὶ

149 4811 399 4886 ἀποθάνῃ,
441 4815 503 4865 ἐν
615 4813 882 4884 διατρίϐει
941 4815 1036 4865 καὶ
1078 4813 1142 4884 ζῇ
1181 4813 1333 4867 πόλει
1378 4813 1479 4883 τῆς
1509 4815 1708 4877 κακίας

147 4900 242 4951 τῶν
277 4903 486 4967 παθῶν,
522 4905 706 4957 ούκέτι
746 4903 932 4956 ἀκούει
970 4906 1027 4956 ὲν
1061 4905 1228 4972 ἑαυτῇ
1250 4903 1350 4973 τῆς
1375 4903 1559 4974 φωνῆς
1597 4903 1706 4957 τῶν

147 4990 491 5066 διαλογισμῶν
516 4997 610 5050 τοῦ
638 4996 878 5060 σκότους’
904 4998 1003 5049 οὐκ
1034 4997 1114 5050 ἔτι
1138 4997 1395 5050 ἀκούεται
1417 4995 1576 5050 λαλιὰ
1607 4996 1700 5048 καὶ

148 5086 341 5155 κραυγὴ
379 5087 615 5155 ματαίου
646 5086 1016 5156 διαλογισμοῦ,
1058 5087 1150 5140 καὶ
1183 5089 1426 5158 ταραχῆς
1457 5087 1700 5156 πνευμά-

148 5189 241 5225 των
274 5177 521 5240 σκότους·
564 5179 698 5231 ἀλλὰ
735 5179 1081 5248 μετατίθεται
1128 5181 1208 5242 εἰς
1240 5181 1394 5233 πόλιν
1422 5181 1696 5250 ἀγαθότη-

146 5279 224 5325 τος
261 5268 347 5319 καί
391 5268 619 5338 εἰρήνης
653 5270 878 5340 μεστὴν,
908 5271 986 5334 εἰς
1022 5270 1176 5323 πόλιν
1205 5271 1381 5341 φωτὸς
1425 5271 1694 5342 θεότητος,

148 5361 290 5408 κάκεῖ
325 5359 391 5430 ζῇ
435 5360 533 5412 καὶ
567 5359 774 5422 ἀκούει,
808 5363 970 5414 κάκεῖ
1011 5362 1349 5417 πολιτεύεται
1397 5365 1488 5416 καὶ
1528 5364 1695 5431 λαλεῖ,

148 5449 228 5499 καὶ
241 5448 631 5519 διαλογίζεται,
668 5455 831 5508 κάκεῖ
858 5453 1152 5526 ἐργάζεται
1185 5453 1322 5526 ἔργα
1349 5456 1699 5528 πνευματικὰ

150 5539 230 5590 καὶ
267 5540 399 5595 Θεοῦ
430 5541 582 5607 ἄξια.

207 5830 240 5863 ¹¹
261 5831 463 5891 Coloss.
499 5852 558 5901 ιι,
589 5837 670 5890 lii.
743 5837 783 5868 ⁸³
806 5837 962 5892 Rom.
988 5854 1058 5903 Vl,
1087 5838 1134 5892 6.
1215 5840 1254 5869 “
1287 5839 1444 5894 Rom.
1487 5860 1576 5901 vn.
1606 5845 1690 5898 24.

1807 4647 1985 4700 neque
2009 4645 2340 4696 sermonem,
2375 4644 2552 4699 neque
2579 4642 2778 4684 sonum
2804 4628 2976 4682 ullum
3001 4627 3247 4691 exaudit,
3283 4625 3380 4682 sed

1806 4735 2036 4790 prorsus
2071 4726 2322 4773 mortuus
2375 4727 2480 4782 est,
2516 4727 2572 4773 et
2617 4718 2998 4787 transponitur
3022 4717 3077 4772 in
3101 4717 3269 4772 alium
3299 4717 3382 4771 lo-

1805 4827 1952 4877 cum,
1995 4811 2090 4865 ubi
2145 4811 2307 4866 nullis
2357 4822 2484 4864 sunt
2530 4827 2714 4874 voces,
2756 4809 2892 4864 nulli
2924 4809 3197 4864 clamores
3227 4808 3380 4862 illius

1804 4903 2041 4958 civitatis
2067 4919 2080 4958 :
2133 4903 2213 4958 sic
2242 4911 2297 4957 et
2323 4902 2524 4967 anima,
2551 4911 2842 4972 postquam
2876 4908 3110 4956 mactata
3141 4907 3198 4954 et
3227 4915 3376 4952 mor-

1807 5007 1900 5051 tua
1955 4997 2123 5051 fuerit
2167 4995 2375 5051 civitati
2439 4998 2706 5050 malarum
2754 4994 3128 5057 aliectionum,
3179 4991 3234 5045 in
3269 5006 3376 5060 qua

1807 5089 2039 5159 degebat
2073 5104 2138 5142 ac
2175 5087 2394 5142 vivebat
2444 5089 2618 5158 prius,
2645 5103 2753 5142 non
2793 5087 3030 5155 amplius
3061 5085 3288 5140 exaudit
3320 5085 3376 5138 in

1806 5194 1864 5234 se
1898 5180 2014 5249 ipsa
2047 5195 2233 5234 vocem
2269 5179 2660 5249 cogitationum
2693 5176 3066 5231 tenebrarum.
3101 5175 3219 5230 Non
3254 5189 3376 5228 am-

1807 5275 1952 5344 plius
1981 5273 2206 5328 auditur
2239 5289 2420 5328 sermo
2452 5281 2508 5327 et
2535 5274 2740 5326 clamor
2760 5269 3080 5324 frivolarum
3123 5267 3375 5337 disputa-

1806 5368 2039 5430 tionum,
2071 5366 2121 5435 7
2149 5374 2208 5420 et
2235 5365 2408 5420 turbae
2453 5365 2745 5434 spirituum
2809 5361 3162 5424 tenebrarum
3200 5377 3214 5413 :
3277 5360 3374 5415 sed

1811 5458 2142 5514 transfertur
2171 5459 2226 5512 in
2258 5457 2535 5512 civitatem
2581 5456 2844 5511 bonitatis
2875 5461 2931 5509 et
2951 5453 3104 5524 pacis
3132 5453 3372 5522 plenam,

1809 5552 1863 5604 in
1890 5549 2171 5606 civitatem
2202 5547 2400 5604 divina-3
2429 5548 2570 5603 lucis
2599 5564 2613 5612 ;
2664 5547 2776 5601 illic
2806 5546 2942 5600 vivit
2970 5554 3026 5600 et
3051 5543 3225 5610 audit,
3258 5543 3374 5599 illic

1807 5651 2182 5706 conversatur,
2214 5641 2460 5711 loquitur
2483 5649 2536 5695 et
2554 5639 2937 5704 ratiocinatur,
2969 5637 3079 5692 illic
3111 5642 3374 5706 operatur

1807 5751 1974 5805 opera
2009 5735 2314 5806 spiritualia
2336 5743 2390 5791 et
2416 5736 2525 5789 Deo
2565 5733 2742 5802 digna.
