3948 6524
552 412 589 475 ’4
596 415 665 479 59

1792 413 1856 475 S.
1896 411 2047 475 MAC
2058 412 2133 472 AF

2258 410 2579 473 IEGYP’I‘II
3680 411 3760 478 ίθθ

628 527 723 582 ΙΧ.
760 526 995 583 Oremus
1024 526 1193 599 igitur
1220 538 1276 587 et
1300 543 1423 593 nos,
1452 537 1513 584 ut
1546 542 1645 599 per
1692 534 1950 581 virtutem
2005 526 2126 597 ejus

2297 522 2373 577 9'.
2414 520 2892 595 Παρακαλέσωμεν
2956 524 3137 576 τοίνυν
3192 522 3288 575 καὶ
3338 522 3519 593 ἡμεῖς,
3572 522 3760 595 τυθῆναι

560 628 884 685 mactemur,
921 630 978 674 et
1011 619 1317 676 moriamur
1350 620 1555 675 saeculo
1602 618 1827 674 malitiae
1875 621 2140 676 tenebra-

561 726 708 775 rum,
767 710 934 781 inque
988 710 1149 766 nobis
1177 710 1561 781 exstinguatur
1616 710 1847 780 spiritus
1905 712 2138 780 peccati,

561 802 970 874 induamurque
1016 813 1073 859 et
1128 804 1465 873 accipiamus
1488 802 1727 856 animam
1759 801 2004 872 Spiritus
2030 819 2142 860 cm-

560 895 736 959 lestis,
764 912 829 951 ac
864 894 1263 950 transferamur
1298 909 1367 948 ex
1420 891 1629 948 malitia
1677 893 2031 948 tenebrarum
2082 893 2138 948 in

559 985 746 1041 iumen
785 985 1014 1050 Christi,
1046 985 1115 1039 ad
1144 984 1607 1055 requiescendum
1641 984 1697 1038 in
1726 985 1841 1039 vita
1878 1000 1978 1054 per
2022 1000 2141 1040 om-

556 1077 649 1131 nia
680 1077 901 1131 saacula.
933 1075 1113 1132 Veluti
1142 1077 1291 1132 enim
1320 1077 1380 1132 in
1405 1092 1573 1133 cursu
1604 1077 1909 1132 stadiorum
1942 1092 2140 1134 currus

556 1176 909 1223 antevertens
944 1168 1194 1238 impedit,
1230 1168 1484 1238 reprimit
1539 1179 1706 1239 atque
1748 1168 2009 1239 prohibet
2061 1168 2140 1222 al-

556 1266 759 1324 terum,
788 1276 859 1315 ne
892 1261 1279 1331 progrediatur
1309 1270 1366 1317 et
1407 1262 1648 1333 palmam
1700 1261 1981 1332 praeripiat
2013 1278 2027 1314 :
2056 1261 2138 1317 sic

556 1357 613 1403 et
643 1351 1011 1421 cogitationes
1045 1353 1241 1409 anima:
1296 1363 1354 1408 et
1413 1354 1629 1425 peccati
1661 1361 1891 1409 currunt
1925 1356 1979 1407 in
2032 1352 2135 1407 ho-

558 1441 729 1499 mine.
762 1442 820 1500 Si
852 1460 988 1516 ergo
1018 1446 1299 1517 contingat
1346 1447 1736 1517 cogitationem
1759 1445 1970 1517 peccati
1996 1460 2137 1516 prae-

558 1534 776 1599 cedere,
807 1536 861 1593 id
891 1537 1143 1609 impedit,
1184 1540 1388 1595 avertit
1452 1548 1511 1595 et
1560 1526 1823 1610 prohibet
1872 1537 2133 1603 animam,

556 1640 628 1679 ne
653 1627 1058 1698 appropinquet
1083 1630 1217 1695 Deo,
1244 1639 1301 1685 et
1342 1631 1632 1685 victoriam
1684 1631 1952 1686 adversus
2008 1646 2137 1701 pec-

557 1728 740 1772 catum
776 1730 1050 1789 reportet;
1086 1721 1179 1780 ubi
1217 1738 1350 1778 vero
1381 1723 1650 1778 Dominus
1686 1723 1805 1795 ipse
1848 1723 2136 1779 inscendat

556 1818 617 1863 et
642 1810 915 1879 gubernet
947 1814 1213 1879 animam,
1256 1829 1476 1885 semper
1508 1815 1602 1869 illa
1654 1815 1944 1869 victoriam
1998 1832 2133 1872 con-

558 1901 832 1970 sequitur,
865 1918 1067 1973 regens
1094 1914 1150 1960 et
1175 1904 1386 1961 ducens
1413 1906 1659 1961 scienter
1685 1922 1910 1962 currum
1936 1907 2135 1963 animae

557 2007 656 2062 per
686 1994 869 2048 omnia
896 1994 963 2050 ad
993 1997 1247 2052 caelestes
1273 2013 1337 2052 ac
1371 1998 1588 2053 divinas
1615 2000 2133 2070 contemplationes.

556 2083 676 2139 Non
720 2085 867 2140 enim
904 2085 1109 2142 bellum
1150 2090 1291 2159 gerit
1326 2100 1521 2146 contra
1554 2091 1844 2158 malitiam,
1881 2091 1977 2146 sed
2007 2108 2132 2147 cum

556 2190 658 2245 pro
701 2175 936 2231 arbitrio
991 2185 1049 2232 et
1110 2180 1444 2234 auctoritate
1506 2195 1604 2235 sua
1662 2180 1882 2251 quidvis
1936 2181 2133 2253 agendi

556 2277 886 2337 potestatem
925 2269 1146 2337 habeat,
1190 2272 1479 2327 victoriam
1526 2272 1643 2343 ipse
1673 2282 1849 2344 parat.
1881 2273 2133 2344 Aguntur

556 2356 729 2431 igitur
769 2356 1094 2421 Cherubim,
1142 2377 1253 2417 non
1308 2378 1418 2432 quo
1471 2363 1729 2434 progredi
1784 2364 2004 2431 volunt;
2035 2365 2132 2420 sed

557 2463 667 2518 qua
694 2464 878 2506 sessor
907 2460 964 2506 et
990 2451 1238 2523 dirigens
1271 2452 1447 2517 ducit,
1489 2470 1709 2526 quoque
1765 2454 1998 2511 libuerit
2028 2455 2129 2520 illi,

556 2555 626 2597 eo
658 2543 1112 2614 progrediuntur,
1167 2546 1398 2605 etillos
1454 2546 1685 2618 bajulat.
1741 2547 1934 2603 Manus
1968 2550 2130 2616 enim,

558 2632 763 2704 inquit,
802 2645 917 2690 erat
940 2637 1034 2691 sub
1056 2636 1163 2692 illis
1190 2639 1257 2693 ¹⁸.
1284 2639 1575 2694 Ducuntur
1598 2641 1795 2696 animae
1821 2650 2045 2707 sancta,
2076 2652 2134 2699 et

556 2736 827 2794 reguntur
882 2741 914 2780 a
972 2726 1182 2797 Spiritu
1235 2726 1467 2795 Christi,
1497 2730 1592 2800 qui
1625 2732 1814 2803 dirigit
1848 2732 1988 2799 illas,
2022 2748 2133 2804 quo

556 2817 698 2883 vult,
736 2825 792 2871 et
825 2818 1106 2874 interdum
1139 2835 1241 2891 pro
1270 2824 1557 2878 voluntate
1589 2839 1687 2879 sua
1732 2840 1829 2894 per
1876 2826 2133 2882 caelestes

556 2906 941 2977 cogitationes,
1001 2909 1285 2967 interdum
1317 2928 1417 2982 per
1449 2928 1654 2984 corpus
1688 2915 1825 2969 :ubi
1882 2916 2131 2984 libuerit,

557 3000 674 3058 illic
732 3002 784 3057 ei
850 3003 1189 3063 ministrant.
1225 3004 1701 3073 Quemadmodum
1758 3010 1905 3065 enim
1962 3010 2133 3080 pedes

555 3096 846 3155 volucrum
890 3107 1019 3153 sunt
1069 3100 1171 3157 alae
1207 3116 1220 3155 :
1257 3101 1338 3157 sic
1387 3102 1609 3158 caeleste
1658 3103 1847 3162 lumen
1896 3103 2135 3175 Spiritus

2241 615 2331 669 διὰ
2381 614 2481 684 τῆς
2529 613 2815 685 δυνάμεως
2852 614 3043 679 αὐτοῦ,
3078 615 3174 668 καὶ¹
3211 612 3502 668 ἀποθανεῖν
3535 612 3605 683 τῷ
3635 616 3763 670 αἰῶνι

2241 707 2341 775 τῆς
2374 707 2638 777 πονηρίας
2666 706 2761 762 τοῦ
2802 708 3050 771 σκότους,
3078 706 3174 759 καὶ
3206 704 3553 777 ἀναιρεθῆναι
3583 705 3634 757 ἐν
3662 706 3767 775 ἡμῖν

2241 796 2301 851 τὸ
2332 797 2549 868 πνεῦμα
2578 798 2680 868 τῆς
2710 799 3007 870 ἁμαρτίας,
3036 796 3132 850 καὶ
3161 794 3485 849 ἐνδύσασθαι
3513 795 3600 848 καὶ
3618 796 3769 851 λαϐεῖν

2239 890 2419 962 ψυχὴν
2447 890 2766 962 Πνεύματος
2793 892 3069 963 οὐρανίου,
3110 889 3203 943 καὶ
3231 887 3587 959 μετατεθῆναι
3617 891 3672 942 ἐκ
3694 892 3771 959 τῆς

2240 984 2439 1047 κακίας
2475 982 2570 1036 τοῦ
2616 984 2842 1048 σκότους
2887 985 2969 1048 είς
3013 982 3075 1036 τὸ
3122 982 3238 1052 φῶς
3288 980 3380 1035 τοῦ
3422 981 3664 1053 Χριστοῦ,
3697 985 3775 1037 καὶ

2238 1075 2618 1146 ἀναπαυθῆναι
2669 1077 2726 1129 ἐν
2768 1076 2881 1147 ζωῇ
2926 1075 3081 1139 ὅλους
3110 1074 3334 1137 αἰῶνας.
3365 1074 3572 1145 Ὠσπερ
3606 1074 3701 1144 γὰρ
3727 1077 3773 1129 ἐν

2240 1168 2442 1240 σταδίῳ
2468 1168 2537 1222 τά
2557 1167 2783 1239 ἅρματα
2808 1168 3068 1239 τρέχουσι
3099 1167 3193 1221 καὶ
3228 1165 3606 1238 προλαμϐάνον
3629 1166 3775 1236 Eum-

2237 1260 2373 1325 δίζει
2404 1260 2502 1313 καὶ
2532 1260 2718 1330 ἐπέχει
2757 1260 2852 1314 καὶ
2877 1260 3077 1314 κωλύει
3109 1260 3172 1314 τὸ
3201 1257 3410 1330 ἕτερον,
3448 1256 3542 1310 τοῦ
3574 1257 3642 1325 μὴ
3668 1274 3776 1330 προ-

2239 1352 2426 1423 κόψαι,
2462 1353 2557 1407 καὶ
2588 1354 2889 1425 προλαϐεῖν
2935 1355 3015 1418 εἰς
3057 1355 3207 1416 νῖκος
3229 1368 3245 1385 ·
3289 1350 3464 1414 οὕτως
3500 1350 3547 1402 0i
3574 1349 3776 1417 διαλογι-

2239 1445 2367 1515 σμοὶ
2405 1445 2509 1515 τῆς
2544 1445 2725 1516 ψυχῆς
2755 1447 2849 1500 καὶ
2893 1445 2994 1516 τῆς
3040 1444 3318 1515 ἁμαρτίας
3344 1442 3627 1514 τρέχουσιν
3649 1443 3777 1514 ἐντῷ

2236 1538 2540 1611 ἀνθρώπῳ·
2570 1539 2665 1593 ἐὰν
2703 1540 2803 1609 μὲν
2832 1538 2974 1611 τύχῃ
3014 1537 3312 1611 προλαϐεῖν
3351 1536 3443 1589 τὸν
3469 1535 3778 1605 διαλογισμὸν

2237 1631 2338 1701 τῆς
2383 1631 2679 1702 ἁμαρτίας,
2728 1630 3015 1702 ἐμποδίζει
3060 1630 3155 1684 καὶ
3203 1629 3423 1699 ἀπέχει,
3470 1628 3565 1681 καὶ
3612 1627 3778 1682 κωλύει

2234 1722 2333 1793 τὴν
2378 1721 2578 1793 ψυχὴν,
2627 1721 2722 1777 τοῦ
2781 1723 2855 1794 μὴ
2908 1720 3273 1795 προσεγγίσαι
3322 1719 3401 1790 τῷ
3440 1719 3579 1784 Θεῷ,
3615 1721 3698 1774 καὶ
3732 1720 3779 1775 τὸ

2236 1812 2358 1867 κατ’
2395 1814 2566 1884 αὐτῆς
2597 1816 2746 1877 νῖκος
2768 1812 3005 1884 ἄρασθαι
3026 1829 3040 1843 ·
3072 1813 3206 1866 ὅπου
3241 1811 3300 1865 δὲ
3348 1811 3516 1893 αὐτὸς
3543 1811 3573 1864 ό
3600 1811 3779 1883 Κύριος

2238 1903 2514 1957 ἐπιϐαίνει
2531 1904 2626 1957 καὶ
2647 1904 2853 1973 ἡνιοχεῖ
2875 1902 2975 1972 τὴν
3002 1900 3202 1973 ψυχὴν,
3221 1900 3456 1954 πάντοτε
3482 1899 3639 1963 αὐτὸς
3658 1902 3779 1971 νικᾷ,

2237 1995 2469 2066 ἡνιοχῶν
2497 1995 2594 2049 καὶ
2624 1992 2834 2064 ὁδηγῶν
2876 1992 3260 2064 ἐπιστημόνως
3291 1991 3353 2044 τὸ
3388 1990 3542 2062 ἀρμα
3586 1991 3678 2061 τῆς
3701 1991 3783 2060 ψυο

2234 2088 2337 2159 χῆς
2378 2089 2459 2150 εἰς
2483 2086 2546 2139 τὸ
2572 2085 2824 2163 οὐράνιον
2850 2084 2949 2138 καὶ
2976 2082 3161 2137 ἔνθεον
3189 2082 3450 2153 φρόνημα
3478 2080 3568 2134 διὰ
3594 2082 3780 2144 παντός.

2235 2178 2373 2235 Οὐτε
2401 2178 2511 2249 γὰρ
2537 2178 2769 2248 πολεμεῖ
2814 2175 2953 2248 πρὸς
2998 2177 3097 2247 τὴν
3131 2175 3354 2238 κακίαν,
3396 2173 3515 2227 ἀλλ’
3544 2172 3782 2245 αὐθέντης

2233 2274 2330 2328 καὶ
2356 2271 2710 2343 ἐξουσιαστὴς
2732 2269 3020 2341 τυγχάνων
3040 2268 3149 2336 ἀεὶ,
3165 2267 3266 2338 τὴν
3290 2266 3446 2337 νίκην
3466 2267 3624 2330 αὐτὸς
3642 2267 3782 2337 ἐργά-

2234 2364 2407 2430 ζεται.
2432 2365 2660 2431 Ἀγεται
2694 2364 2875 2417 τοίνυν
2910 2362 2980 2416 τὰ
3006 2362 3291 2431 Χερουϐὶμ
3319 2362 3417 2431 οὐχ
3447 2360 3582 2414 ὅπου
3604 2359 3785 2412 θέλουσι

2232 2455 2585 2529 πορεύεσθαι,
2602 2454 2717 2509 ἀλλ’
2732 2456 2866 2509 ὅπου
2887 2456 2915 2508 δ
2954 2451 3302 2525 ἐπιϐεϐηκὼς
3327 2453 3423 2506 καὶ
3443 2450 3701 2522 δὴνιοχῶν
3715 2451 3784 2505 ὀδ-

2231 2551 2378 2621 ηγεῖ,
2397 2549 2489 2603 καὶ
2518 2550 2653 2602 ὅπου
2677 2547 2822 2601 θέλει
2844 2546 3024 2611 αὐτὸς.
3049 2547 3165 2600 ἐκεῖ
3186 2543 3532 2615 πορεύονται,
3562 2543 3652 2596 καὶ
3675 2542 3787 2595 αὐτὰ

2235 2642 2514 2716 βαστάζει.
2544 2641 2681 2712 Χεὶρ
2698 2642 2829 2711 γὰρ,
2849 2639 3035 2710 φησὶν,
3064 2637 3381 2707 ἀνθρώπου
3412 2636 3685 2692 ὑποκάτω
3700 2636 3786 2691 αὐ-

2230 2737 2350 2792 τῶν
2370 2732 2468 2807 ἦν.
2497 2736 2755 2805 Ἀγονται
2789 2735 2843 2787 αἱ
2875 2731 3029 2801 ἅγιαι
3047 2731 3215 2802 ψυχαὶ
3242 2731 3339 2784 καὶ
3366 2728 3681 2799 ὀδηγοῦνται
3704 2726 3787 2781 ὐπὸ

2230 2830 2324 2884 τοῦ
2354 2827 2697 2902 ἡνιοχοῦντος
2731 2825 3047 2896 Πνεύματος
3096 2822 3190 2876 τοῦ
3228 2821 3490 2893 Χριστοῦ,
3537 2821 3665 2875 ὅπου
3683 2817 3786 2889 βού-

2231 2922 2400 2988 λεται,
2423 2923 2512 2976 ὅτε
2540 2919 2807 2993 βούλεται,
2828 2920 2887 2973 ἐν
2906 2916 3178 2989 οὐρανίοις
3196 2914 3500 2985 λογισμοῖς·
3519 2914 3607 2968 ὅτε
3630 2910 3787 2982 βούλεο

2232 3035 2323 3075 ται
2345 3018 2404 3071 ἐν
2436 3013 2516 3086 τῷ
2548 3013 2782 3085 σώματι,
2820 3010 2948 3065 ἔνθα
2995 3007 3264 3081 βούλεται,
3306 3009 3426 3061 ἐκεῖ
3461 3006 3611 3077 αὐτῷ
3640 3006 3789 3059 διακο-

2233 3111 2437 3165 νοῦσιν.
2462 3109 2676 3177 Ὥσπερ
2700 3105 2809 3177 γὰρ
2849 3103 2945 3157 τοῦ
2974 3100 3222 3156 πετεινοῦ
3262 3102 3311 3155 οἱ
3355 3100 3519 3164 πόδες
3543 3100 3614 3154 τὰ
3642 3097 3790 3169 πτερά

557 3187 761 3258 accipit
786 3189 900 3246 alas
919 3190 1316 3261 cogitationum
1333 3194 1622 3265 dignarum
1652 3196 1871 3263 animae,
1899 3213 2131 3270 eamque

2237 3202 2371 3255 εἰσιν
2391 3216 2405 3230 ·
2433 3198 2575 3254 οὓτω
2594 3196 2656 3250 τὸ
2678 3194 2926 3265 οὐράνιον
2958 3191 3074 3263 φῶς
3100 3190 3194 3245 τοῦ
3226 3187 3551 3258 Πνεῦματος
3586 3186 3788 3285 ἀναλαμ-

559 3278 750 3351 dirigit
783 3296 847 3337 ac
875 3281 1031 3337 ducit
1062 3296 1229 3354 prout
1256 3285 1373 3355 ipse
1403 3287 1579 3343 novit.

626 3457 697 3514 X.
740 3459 824 3516 Tu
858 3460 1047 3532 igitur,
1082 3463 1304 3534 quando
1351 3464 1543 3520 auditu
1589 3466 1708 3523 htec
1740 3468 2000 3541 percipis,
2040 3485 2132 3525 re-

557 3555 709 3626 spice
740 3564 795 3611 te
846 3555 1048 3626 ipsum,
1099 3572 1169 3613 an
1217 3558 1502 3628 possideas
1550 3559 1668 3615 haec
1716 3562 1895 3633 reipsa
1941 3573 1996 3617 et
2048 3580 2135 3619 re-

555 3663 686 3703 vera
720 3648 775 3703 in
810 3650 992 3704 anima
1020 3659 1111 3704 tua
1145 3666 1159 3704 :
1191 3666 1300 3705 non
1328 3651 1476 3707 enim
1511 3662 1642 3709 sunt
1686 3653 1854 3709 verba
1904 3654 2135 3724 simpli-

556 3747 697 3803 citer
740 3763 804 3803 ac
849 3749 997 3804 nude
1034 3748 1271 3819 prolata,
1308 3750 1405 3806 sed
1462 3766 1604 3822 opus
1658 3768 1789 3808 vere
1842 3753 1897 3808 in
1949 3754 2133 3812 anima

554 3839 810 3896 efﬁcitur.
866 3840 934 3895 Et
990 3839 1037 3896 si
1076 3855 1187 3895 non
1216 3841 1520 3910 possideas,
1552 3858 1617 3897 ac
1652 3850 1928 3899 tantorum
1960 3845 2129 3915 spiri-

554 3932 787 3987 tualium
818 3932 1092 3987 bonorum
1107 3942 1323 4004 egenus
1374 3935 1471 4000 sis,
1504 3934 1809 3999 tristitiam,
1837 3952 2130 3992 mmrorem

553 4042 617 4082 ac
640 4027 851 4082 luctum
884 4038 1213 4098 perpetuum
1244 4030 1463 4097 habeto,
1489 4032 1643 4086 velut
1668 4031 1851 4088 adhuc
1876 4041 2133 4088 mortuus

554 4131 586 4170 a
619 4132 807 4186 regno,
862 4128 919 4172 et
963 4120 1115 4173 velut
1172 4122 1474 4189 sauciatus,
1506 4121 1773 4177 continuo
1835 4124 2011 4179 clama
2061 4123 2130 4178 ad

550 4208 875 4275 Dominum,
907 4218 965 4265 et
994 4221 1121 4281 pete
1153 4213 1522 4279 confidenter,
1561 4220 1623 4266 ut
1652 4221 1703 4268 te
1730 4229 1954 4283 quoque
2000 4229 2131 4270 vera

554 4301 659 4359 hac
708 4303 821 4358 vita
871 4303 1148 4375 dignetur.
1213 4305 1688 4373 Quemadmodum
1754 4308 1902 4362 enim
1964 4307 2128 4373 Deus,

553 4394 647 4462 qui
679 4395 785 4449 hoc
816 4411 1022 4466 corpus
1056 4398 1329 4464 condidit,
1360 4414 1472 4453 non
1491 4415 1557 4454 ex
1583 4415 1681 4454 sua
1705 4398 1879 4468 ipsius
1908 4407 2127 4463 natura,

552 4501 735 4555 neque
764 4502 833 4542 ex
866 4502 1101 4559 corpore
1132 4489 1285 4545 dedit
1334 4491 1385 4545 ei
1416 4490 1621 4546 habere
1671 4491 1864 4555 vitam,
1918 4491 2127 4555 cibum,

2240 3295 2393 3350 ϐἀνει
2425 3291 2494 3347 τά
2539 3289 2715 3360 πτερά
2740 3288 2849 3342 τῶν
2881 3284 3156 3356 λογισμῶν
3178 3283 3287 3338 τῶν
3319 3281 3489 3348 ἀξίων
3520 3278 3708 3352 ψυχῆς,
3727 3276 3791 3333 ὢν

2236 3384 2407 3459 ηγοῦν
2429 3384 2519 3439 καὶ
2545 3379 2794 3455 ἡνιοχοῦν
2817 3378 2893 3444 ῶς
2923 3374 3063 3432 οἶδεν
3095 3375 3248 3432 αὐτό.

2308 3477 2365 3531 ιν.
2397 3476 2470 3529 Σὺ
2494 3472 2672 3529 τοίνυν
2712 3473 2840 3526 ὅταν
2892 3467 3102 3541 ἀκούῃς
3145 3464 3341 3532 ταῦτα,
3382 3462 3626 3534 πρόσχες
3656 3476 3789 3515 σεαυ-

2236 3568 2337 3639 τῷ,
2379 3567 2428 3620 εί
2466 3566 2737 3634 κέκτησαι
2780 3561 2956 3616 ταῦτα
2988 3562 3046 3614 ἐν
3077 3558 3226 3630 ἔργῳ
3260 3559 3355 3612 καλ⁵
3379 3555 3615 3627 ἀληθεία
3651 3555 3704 3607 ἐν
3736 3552 3787 3621 τῇ

2243 3662 2394 3731 ψυχῇ
2442 3675 2573 3714 σουο
2601 3657 2661 3710 οὐ
2714 3656 2822 3729 γάρ
2875 3656 3014 3707 εἰσιν
3059 3651 3246 3715 ἁπλῶς
3271 3651 3422 3719 λόγοι
3470 3647 3787 3717 λαλούμενοι.

2238 3747 2352 3802 ἀλλ’
2371 3746 2531 3817 ἔργον
2543 3743 2796 3815 ἀληθείας
2827 3744 2974 3796 ἐστὶν
2993 3742 3053 3795 ἐν
3083 3744 3148 3813 τῇ
3174 3741 3318 3812 ψυχῇ
3340 3740 3680 3810 γιγνόμενον.
3704 3736 3791 3791 Καὶ

2237 3841 2287 3896 εί
2312 3840 2371 3894 οὐ
2407 3839 2690 3908 κέκτησαι,
2730 3836 2865 3890 ἀλλά
2892 3834 3192 3905 πτωχεύεις
3238 3836 3300 3887 ἐκ
3343 3832 3454 3886 τῶν
3481 3832 3790 3903 τηλικούτων

2236 3931 2628 4002 πνευματικῶν
2668 3928 2916 3999 ἀγαθῶν,
2943 3926 3121 3997 λύπην
3152 3926 3248 3981 καὶ
3298 3925 3500 3989 πένθος
3530 3924 3627 3979 καὶ
3655 3923 3791 3976 πόνον

2236 4026 2578 4081 ἀδιάλειπτον
2598 4023 2836 4095 ὀφείλεις
2859 4022 3004 4093 ἒχειν
3025 4038 3038 4051 ·
3074 4021 3150 4085 ὡς
3182 4020 3366 4091 ἀκμὴν
3390 4020 3590 4090 νεκρὸς
3615 4017 3687 4071 ὢν
3705 4014 3791 4069 ἀπὺ

2235 4118 2335 4187 τῆς
2361 4116 2661 4187 βασιλείας,
2700 4114 2798 4169 καὶ
2820 4115 2896 4173 ὠς
2921 4111 3289 4185 τραυματίας,
3322 4110 3411 4165 ἀεὶ
3440 4110 3543 4181 βόα
3570 4109 3701 4181 πρὸς
3718 4107 3791 4160 τὸν

2237 4209 2462 4280 Κύριον,
2493 4208 2586 4261 καὶ
2616 4207 2754 4260 αίτει
2787 4205 3014 4269 πιστῶς,
3046 4204 3133 4258 ἵνα
3166 4203 3263 4257 καὶ
3293 4201 3458 4265 αὐτὸς
3486 4200 3687 4271 ταύτης
3713 4199 3790 4267 τῆς

2237 4303 2499 4375 ἀληθινῆς
2544 4302 2690 4374 ζωῆς
2730 4298 3097 4369 καταξιωθῇς.
3130 4298 3345 4368 Ὠσπερ
3390 4298 3504 4368 γὰρ
3544 4295 3607 4348 τὸ
3656 4293 3788 4362 σῶμα

2235 4397 2395 4450 τοῦτο
2442 4396 2673 4465 ποιήσας
2711 4395 2740 4447 ὁ
2789 4394 2942 4456 Θεὸς,
2985 4392 3087 4445 οὐκ
3119 4392 3184 4446 ὲκ
3232 4389 3334 4459 τῆς
3369 4387 3543 4441 αὐτοῦ
3587 4386 3788 4457 φύσεως,

2234 4487 2358 4543 οὐδὲ
2392 4489 2457 4541 ἐκ
2486 4486 2579 4540 τοῦ
2614 4485 2863 4557 σώματος
2899 4484 3102 4537 ἔδωκεν
3133 4481 3282 4551 αὐτῷ
3316 4480 3462 4552 ἔχειν
3510 4479 3612 4549 τὴν
3652 4476 3791 4543 ζωὴν,

552 4584 780 4644 potum,
830 4577 1152 4635 indumenta
1207 4589 1264 4635 et
1317 4582 1687 4638 calceamenta
1750 4599 1787 4636 :-
1826 4581 1946 4647 sed,
2003 4598 2129 4637 cum

2237 4582 2333 4651 τὴν
2367 4580 2592 4651 βρῶσιν,
2621 4579 2718 4633 καὶ
2749 4578 2847 4650 τὴν
2879 4576 3058 4642 πόσιν,
3090 4575 3185 4628 καὶ
3221 4572 3290 4628 τά
3316 4573 3597 4642 ἐνδύματα
3632 4570 3718 4622 καὶ
3737 4564 3793 4618 τὰ

552 4682 755 4736 corpus
789 4678 1033 4724 creasset
1076 4686 1175 4740 per
1227 4687 1285 4727 se
1333 4672 1568 4737 nudum,
1623 4682 1680 4729 et
1732 4674 1838 4729 tale
1881 4674 2127 4745 quidem,

550 4757 697 4826 quod
732 4758 941 4828 absque
968 4760 1099 4827 illis,
1135 4778 1258 4832 qua:
1285 4773 1441 4818 extra
1470 4779 1674 4835 corpus
1697 4775 1848 4831 sunt,
1880 4766 1987 4822 hoc
2015 4777 2126 4833 est,

550 4848 759 4918 absque
789 4850 939 4916 cibo,
980 4863 1116 4921 potu
1148 4864 1205 4907 et
1232 4854 1599 4922 vestimentis,
1635 4856 1825 4912 vivere
1853 4872 1965 4912 non
1998 4873 2129 4927 pos-

548 4952 654 5008 set,
687 4958 907 4999 omnem
934 4948 1395 5003 sustentationem
1435 4949 1563 5004 vita:
1611 4950 1960 5006 extrinsecus
1992 4966 2129 5008 con-

548 5036 716 5090 cessit
750 5055 764 5091 :
801 5038 951 5108 quod
979 5041 1024 5094 si
1057 5040 1111 5095 in
1146 5057 1243 5095 sua
1284 5041 1457 5111 ipsius
1481 5052 1678 5098 natura
1703 5044 1881 5099 solum
1919 5044 2131 5099 consti-

550 5127 699 5192 terit,
734 5130 886 5183 nullo
948 5131 1210 5186 exteriori
1261 5143 1576 5203 assumpto,
1634 5136 2010 5207 corrumpitur
2064 5152 2129 5192 ac

549 5218 740 5272 interit
776 5238 788 5271 :
826 5221 1020 5275 eodem
1073 5223 1240 5277 modo
1291 5232 1349 5278 et
1393 5224 1611 5288 anima,
1676 5225 1865 5280 divino
1922 5226 2129 5283 lumine

550 5310 837 5372 destituta.
887 5314 1108 5368 condita
1157 5331 1290 5371 vero
1324 5316 1630 5372 secundum
1684 5316 1980 5389 imaginem
2029 5318 2128 5373 Dei

550 5405 654 5466 (sic
684 5405 832 5458 enim
870 5406 984 5460 Deo
1012 5423 1079 5461 ex
1107 5408 1525 5478 dispensatione
1583 5410 1814 5481 placuit,
1853 5427 1975 5467 eam
2035 5412 2132 5465 ha-

550 5493 684 5548 bere
720 5495 888 5551 vitam
935 5500 1221 5568 teternam)
1256 5518 1368 5556 non
1418 5518 1501 5559 ex.
1518 5504 1741 5574 propria
1775 5514 2004 5569 natura,
2037 5503 2134 5559 scd

553 5602 623 5641 ex
651 5588 825 5656 ipsius
876 5589 973 5646 Dei
1034 5591 1347 5659 divinitate,
1378 5610 1445 5648 ex
1484 5595 1755 5665 peculiari
1791 5595 2026 5667 Spiritu,
2071 5612 2135 5652 ac

552 5679 820 5752 peculiari
852 5681 1083 5746 lumine,
1116 5684 1284 5739 habet
1319 5685 1504 5744 cibum
1541 5702 1606 5743 ac
1634 5696 1827 5759 potum
1872 5686 2134 5763 spiritua-

624 5857 904 5918 “Ezecb.
962 5880 1014 5927 δ,
1066 5864 1158 5918 ει.

2233 4674 2580 4744 ὑποδήματα,
2619 4670 2757 4728 ἀλλά
2807 4671 2988 4723 πᾶσαν
3037 4667 3136 4739 τὴν
3184 4665 3504 4736 οἰκονομίαν
3536 4664 3634 4734 τῆς
3676 4660 3793 4727 ζωῆς

2234 4766 2433 4835 ἔξωθεν
2501 4765 2702 4819 ἔδωκεν
2759 4763 2925 4834 ἔχειν,
2978 4760 3110 4816 αὐτὸ
3157 4759 3280 4813 καθ’
3345 4758 3511 4814 ἑαυτὸ
3562 4757 3624 4810 τὸ
3663 4753 3793 4822 σῶμα

2234 4858 2441 4929 γυμνὸν
2468 4860 2721 4928 ποιήσας,
2740 4858 2844 4911 καὶ
2864 4855 3035 4926 χωρὶς
3059 4854 3170 4908 τῶν
3198 4851 3397 4920 ἔξωθεν
3431 4850 3531 4904 τοῦ
3571 4850 3793 4917 σώματος

2235 4954 2407 5007 ὄντων
2453 4952 2615 5022 ζῆσαι
2662 4951 2725 5004 τὸ
2766 4950 2925 5021 σῶμα
2971 4948 3254 5011 ἀδύνατον,
3298 4945 3445 4999 τοῦτ’
3476 4945 3619 5007 ἐστι,
3648 4940 3793 5012 χωρὶς

2240 5046 2493 5120 βρώσεως
2524 5045 2619 5099 καὶ
2647 5044 2880 5106 πόσεως,
2912 5042 3006 5095 καὶ
3030 5040 3374 5111 ἐνδυμάτωνο
3410 5039 3510 5091 ἐὰν
3538 5038 3595 5090 δὲ
3619 5038 3690 5098 εἰς
3713 5032 3794 5101 τὴν

2238 5134 2435 5191 ἑαυτοῦ
2475 5134 2639 5205 φύσιν
2671 5134 2832 5205 μόνον
2858 5134 2981 5203 στῇ,
3016 5131 3184 5202 μηδὲν
3208 5130 3317 5184 τῶν
3338 5129 3545 5194 ἔξωθεν
3576 5124 3791 5199 προσλα-

2238 5229 2335 5284 ϐὸν
2357 5268 2374 5295 ,
2403 5225 2782 5297 διαφθείρεται
2808 5226 2904 5279 καὶ
2943 5223 3272 5277 ἀπόλλυταιο
3296 5222 3391 5276 τὸν
3420 5221 3590 5276 αὐτὸν
3620 5217 3793 5290 τρόπον

2237 5319 2501 5391 καὶψυχὴ
2536 5321 2569 5389 ἡ
2603 5318 2679 5391 μὴ
2704 5318 2905 5389 ἔχουσα
2954 5315 3069 5385 φῶς
3101 5315 3263 5381 θεῖον,
3294 5314 3583 5368 κτισθεῖσα
3607 5312 3661 5365 δὲ
3691 5308 3792 5361 κατ’

2235 5411 2420 5465 εἰκόνα
2451 5410 2588 5464 Θεοῦ
2607 5426 2623 5441 ·
2660 5409 2836 5473 οὓτως
2861 5408 2971 5479 γὰρ
2994 5407 3162 5478 αὐτὴν
3182 5406 3501 5479 ᾤκονόμησε
3538 5405 3635 5458 καὶ
3664 5399 3792 5456 εὐδό-

2234 5520 2405 5575 κησεν
2431 5503 2577 5573 ἔχειν
2608 5502 2710 5572 τῆν
2737 5500 2959 5555 αἰώνιον
2985 5501 3130 5571 ζωήν
3153 5516 3167 5532 ·
3202 5499 3301 5552 οὐκ
3322 5499 3387 5553 ἔκ
3415 5498 3518 5567 τῆς
3549 5497 3682 5558 ἰδίας
3709 5492 3792 5562 φύ-

2236 5612 2394 5659 σεως,
2446 5594 2562 5649 ἀλλ’
2610 5596 2675 5648 ἐκ
2720 5596 2817 5661 τῆς
2872 5591 3069 5645 ἑαυτοῦ
3114 5590 3390 5660 θεότητος,
3425 5591 3493 5642 ἐκ
3538 5586 3634 5642 τοῦ
3684 5582 3793 5637 ἰδίου

2246 5687 2576 5762 πνεύματος,
2604 5688 2669 5743 ἐκ
2695 5685 2788 5743 τοῦ
2822 5685 2955 5743 ίδίου
2988 5683 3187 5761 φωτὸς,
3218 5684 3330 5756 ἔχει
3356 5682 3567 5755 βρῶσιν
3596 5679 3686 5734 καὶ
3714 5672 3793 5728 πύο
