3948 6572
508 340 617 411 603

1756 342 1815 403 S.
1855 339 2175 401 MACARII
2216 338 2539 400 [EGYPTII

3638 324 3736 390 ια

510 469 646 522 perte
667 458 782 512 dico
801 457 965 524 vobis,
988 460 1115 529 quia
1138 460 1241 514 cito
1275 458 1431 529 faciet
1458 458 1743 511 vindictam
1770 456 1989 513 illorum
2006 456 2074 509 ¹⁰.

2196 454 2295 523 τὴν
2335 455 2653 521 ἐκδίκησιν
2688 448 2808 504 τῶν
2822 446 3109 514 βοώντων
3139 443 3290 515 πρὸς
3318 441 3507 498 αὑτὸν
3527 446 3738 511 νυκτὸς

509 552 611 617 Cui
634 550 809 623 gloria
828 559 885 611 et
912 551 1162 625 potentia
1188 552 1243 610 in
1267 553 1486 616 saacula.
1523 554 1719 615 Amen.

1105 848 1390 906 HOMlLlA
1430 850 1495 905 ll.

512 942 593 1007 De
640 958 801 1013 regno
858 942 1211 1000 tenebrarum.
1248 942 1343 995 hoc
1375 953 1472 1005 est,
1504 950 1715 1011 peccato
1756 958 1773 995 :
1829 952 1878 996 et
1912 940 2079 995 Deum

580 1012 754 1067 solum
783 1028 931 1084 posse
956 1029 989 1065 a
1014 1013 1158 1066 nobis
1191 1022 1461 1084 peccatum
1492 1012 1726 1081 auferre,
1768 1030 1837 1084 ac,
1880 1029 1972 1066 nos
2013 1014 2080 1067 li-

582 1083 788 1137 berare
812 1099 841 1137 ε
882 1083 1007 1154 iuga
1031 1083 1297 1142 servitutis
1326 1084 1579 1153 principis
1609 1083 1938 1154 nequissimi.

583 1332 622 1387 Ι.
660 1331 913 1403 Regnum
951 1332 1331 1399 tenebrarum,
1363 1330 1671 1387 malitiosus
1692 1333 1955 1393 nimirum
1989 1334 2080 1389 ille

512 1423 789 1492 princeps,
838 1422 1063 1478 homine
1113 1422 1182 1477 ab
1228 1426 1386 1482 initio
1437 1424 1654 1496 captivo
1708 1424 1946 1493 reddito,
2001 1427 2083 1482 sic

514 1513 881 1569 circumdedit
922 1526 979 1570 et
1010 1515 1191 1572 induit
1225 1517 1462 1573 animam
1510 1528 1768 1589 tanquam
1801 1519 2079 1576 hominem

2177 549 2275 601 καὶ
2332 546 2577 615 ἡμέρας·
2602 544 2704 597 ναὶ
2750 541 2926 612 λέγω,
2990 539 3234 608 ποιήσει
3268 534 3383 603 τὴν
3432 533 3740 599 ἐκδίκησιν

2177 638 2373 695 αὐτῶν·
2416 640 2486 691 ἐν
2510 636 2676 706 τάχει
2706 653 2722 670 ο
2751 628 2795 704 ᾧ
2817 638 2852 706 ἡ
2877 633 3005 701 δόξα
3033 633 3130 687 καὶ
3165 631 3228 685 τὸ
3251 629 3450 703 κράτος
3498 628 3580 690 εις
3624 629 3737 693 τοὺς

2179 732 2400 795 αἰῶνας.
2432 728 2624 799 Ἀμήν.

2787 835 3029 897 OMlAlA
3071 838 3149 893 B’.

2180 939 2317 1007 Περὶ
2350 936 2458 1006 τῆς
2476 938 2798 1003 βασιλείας
2824 934 2930 989 τοῦ
2960 932 3243 1007 marisque.
3277 926 3436 1007 ῖοῦξξ
3463 926 3620 987 ἐστιν
3643 923 3741 1007 τῆς

2252 996 2538 1079 ἆμαρῖίᾶς
2562 1026 2577 1041 ·
2636 1009 2735 1079 καὶ
2774 996 2875 1079 ’ὅτι
2907 1003 3157 1079 peracri
3195 999 3339 1064 Θεὸς
3367 996 3618 1079 durarat
3666 998 3746 1079 ai-

2251 1068 2383 1148 ρέινῗ
2417 1068 2718 1148 ἀερίήμῶν
2763 1068 3253 1148 τὴνίάμαρςίιεν,
3298 1069 3397 1122 καὶ
3445 1068 3745 1147 ρύσξισθαι

2252 1141 2511 1230 ἧμᾶςῄἕκ
2554 1141 2667 1219 τῆς
2690 1141 2984 1210 δουλείας
3000 1141 3110 1197 τοῦ
3152 1141 3444 1210 ἄρχοντος
3492 1141 3603 1191 τοῦ
3651 1151 3745 1192 πο-

2252 1237 2461 1289 νηρου.
2926 1284 2933 1293 _

2253 1336 2333 1389 A'.
2373 1334 2439 1390 'H
2470 1331 2713 1405 βασιλεία
2740 1328 2836 1384 τοῦ
2890 1300 3138 1392 σκότους,
3197 1324 3227 1377 6
3277 1319 3519 1392 πονηρὸς
3551 1318 3748 1388 ἄρχων,

2183 1426 2639 1499 αίχμαλωτεύσας
2666 1425 2758 1478 τὸν
2783 1422 3072 1495 ἄνθρωπον
3116 1415 3397 1487 ἀπαρχῆς,
3433 1412 3578 1467 οὕτω
3607 1429 3751 1481 περι-

2184 1524 2348 1593 έθηκε
2371 1522 2465 1576 καὶ
2495 1520 2707 1575 ἐνέδυσε
2741 1518 2839 1588 τὴν
2867 1515 3043 1588 ψυχὴν
3064 1516 3121 1568 ἐν
3151 1516 3216 1584 τῇ
3243 1509 3463 1581 ἐξουσίᾳ
3496 1506 3595 1560 τοῦ
3632 1506 3748 1558 σκός

515 1615 787 1678 potestate
831 1609 1183 1663 tenebrarum
1225 1627 1239 1663 :
1280 1609 1348 1663 Et
1381 1621 1555 1665 creent
1601 1628 1717 1666 eum
1760 1629 1977 1683 regem,
2033 1623 2084 1667 et

2196 1634 2311 1681 ιους
2342 1613 2541 1669 ὡσανεὶ
2561 1611 2869 1682 ἄνθρωπονο
2903 1608 3015 1663 Kal
3032 1598 3752 1672 ποιήσωσιναύτὸνβασι-

516 1702 742 1781 induant
773 1718 891 1755 eum
917 1703 1138 1757 vestibus
1167 1704 1450 1774 regalibus,
1474 1714 1522 1757 et
1552 1722 1585 1758 a
1608 1706 1779 1777 capite
1798 1707 1868 1760 ad
1887 1723 2084 1779 ungues

2196 1708 2317 1771 λέα,
2351 1706 2451 1762 καί
2496 1704 2841 1759 ἐνδύσωσιν
2893 1699 3080 1755 αὑτὸν
3107 1696 3411 1765 ἐνδύματα
3436 1690 3748 1781 ﬂaua/limi,

517 1780 721 1863 regalia
778 1794 917 1862 {erat
958 1795 1283 1859 vestimenta.
1344 1795 1423 1850 lta
1481 1795 1750 1863 animam,
1801 1812 1864 1851 ac
1916 1805 2081 1853 totam

2196 1801 2287 1854 ml
2344 1799 2461 1854 ἀπὸ
2513 1794 2785 1866 κεφαλῆς
2809 1794 2919 1860 ἓως
2966 1792 3201 1859 ὀνύχων
3220 1784 3535 1854 ,βασιλικὰ
3584 1780 3748 1875 φορῇ.

516 1885 639 1956 ejus
670 1885 1036 1941 substantiam
1063 1896 1292 1958 peccato
1324 1887 1504 1943 induit
1534 1904 1769 1959 nequam
1816 1890 1905 1944 ille
1939 1891 2090 1961 prin-

517 1992 668 2048 ceps,
699 1986 867 2033 totam
906 1980 1237 2050 inquinavit,
1282 1990 1338 2036 et
1385 1990 1553 2036 totam
1604 1982 1874 2052 captivam
1935 1983 1993 2038 in
2034 1985 2090 2055 9

518 2085 750 2141 regnum
802 2088 960 2127 suum
1012 2074 1272 2137 abduxit,
1331 2090 1435 2129 nec
1467 2075 1692 2143 reliquit
1740 2075 1912 2129 ullum
1970 2077 2090 2147 ejus

517 2164 826 2219 membrum
866 2180 897 2220 a
938 2181 998 2220 se
1054 2166 1311 2232 liberum,
1370 2184 1479 2220 non
1531 2168 1929 2238 cogitationes,
1980 2185 2087 2225 non

519 2263 782 2320 mentem,
820 2270 930 2310 non
972 2272 1196 2327 corpus,
1242 2257 1339 2312 sed
1384 2258 1628 2313 amicivit
1673 2276 1795 2314 eam
1845 2276 2088 2331 purpura

520 2346 899 2401 tenebrarum.
939 2346 1413 2414 Quemadmodum
1474 2350 1621 2403 enim
1671 2353 1922 2421 corporis
1977 2368 2088 2409 non

522 2452 629 2491 una
664 2453 812 2508 pars,
842 2448 937 2493 aut
970 2456 1139 2494 unum
1186 2442 1495 2497 membrum
1530 2444 1759 2514 patitur,
1786 2445 1881 2501 sed
1912 2456 2087 2502 totum

520 2530 745 2584 omnino
770 2531 1012 2600 passioni
1046 2532 1344 2593 obnoxium
1374 2544 1458 2589 est
1499 2554 1512 2589 :
1544 2535 1624 2591 sic
1659 2546 1715 2591 et
1759 2545 1872 2592 tota
1903 2540 2088 2595 anima

519 2620 909 2685 pﬂ'ectionibus
936 2623 1158 2684 malitia;
1178 2634 1233 2678 et
1252 2625 1483 2695 peccati.
1511 2625 1695 2682 Induit
1721 2628 1890 2699 igitur
1917 2639 2086 2685 totam

518 2712 782 2778 animam,
806 2714 1144 2785 praecipuum
1168 2716 1409 2771 hominis
1432 2719 1740 2774 membrum
1762 2737 1827 2776 ac
1850 2732 2084 2791 partem,

520 2804 806 2873 improbus
851 2806 941 2862 ille
993 2809 1201 2863 malitia
1252 2826 1371 2873 sua,
1412 2810 1517 2864 hoc
1566 2820 1674 2875 est,
1722 2824 1948 2883 peccato
1982 2833 1996 2869 :
2030 2825 2088 2873 et

519 2893 602 2963 sic
641 2910 843 2968 corpus
871 2899 1113 2968 passioni
1143 2915 1208 2957 ac
1233 2902 1575 2972 corruptioni
1610 2905 1917 2976 subjectum
1941 2915 2048 2962 est.

587 3068 656 3125 ῐῐ.
695 3068 832 3128 Cum
863 3072 1009 3127 enim
1052 3074 1349 3143 Apostolus
1398 3075 1536 3131 dicit
1568 3094 1582 3131 ι
1618 3050 1811 3136 Exuite
1858 3093 2085 3139 veterem

2190 1893 2377 1954 Οὖτως
2417 1890 2516 1962 τὴν
2552 1890 2750 1961 ψυχὴν,
2782 1886 2878 1941 καὶ
2921 1884 3050 1954 ὃλην
3082 1882 3182 1953 τὴν
3223 1879 3532 1934 ὑπόστασιν
3586 1873 3747 1943 αὐτῆς

2189 1984 2403 2039 ἐνέδυσε
2430 1983 2530 2052 τὴν
2560 1980 2835 2053 ἁμαρτίαν
2870 1980 2901 2040 ό
2942 1976 3126 2046 ἄρχων
3150 1974 3180 2026 6
3201 1971 3463 2042 πονηρὸς,
3499 1968 3599 2021 καὶ
3634 1967 3752 2037 ὃλην

2188 2078 2401 2149 ἐμίανε,
2442 2075 2537 2129 καὶ
2575 2074 2705 2146 ὅλην
2754 2058 3180 2144 ᾐχμαλώτευσεν
3222 2066 3302 2130 είς
3344 2065 3444 2134 τὴν
3480 2059 3748 2141 βασιλείαν

2188 2170 2373 2235 αὑτοῦ,
2415 2170 2508 2223 καὶ
2532 2169 2632 2222 οὐκ
2660 2165 2873 2238 ἀφῆκεν
2904 2161 3030 2216 οὔτε
3059 2160 3117 2214 ἓν
3152 2157 3313 2229 μέλος
3343 2156 3519 2223 αὐτῆς
3551 2151 3749 2207 ἐλεύθε-

2190 2284 2283 2338 ρον
2310 2263 2403 2319 ἀπ’
2430 2263 2619 2326 αὐτοῦ,
2641 2261 2700 2315 οὐ
2737 2257 3050 2328 λογισμοὺς,
3082 2254 3142 2306 οὐ
3174 2251 3316 2315 νοῦν,
3350 2250 3411 2304 οὗ
3434 2249 3624 2319 σῶμα,
3649 2246 3748 2299 ἀλλ’

2189 2358 2435 2413 ἐνέδυσεν
2466 2355 2638 2425 αὐτὴν
2668 2350 2977 2424 πορφυρίδα
3005 2347 3097 2400 τοῦ
3125 2344 3373 2406 σκότους.
3409 2342 3630 2409 ’Ὠσπερ
3653 2339 3749 2409 γὰρ

2188 2451 2249 2504 τὸ
2282 2449 2439 2520 σῶμα
2469 2446 2590 2517 οὐχὶ
2630 2445 2688 2499 ἐν
2734 2444 2918 2514 μέρος,
2944 2442 2978 2511 ἢ
3009 2441 3192 2511 μέλος,
3234 2436 3458 2505 πάσχει,
3497 2432 3613 2487 ἀλλ’
3645 2433 3750 2485 ὅλον

2188 2544 2247 2609 ἐξ
2285 2543 2407 2595 ὅλου
2434 2540 2678 2609 παθητόν
2701 2550 2849 2591 εστιν
2870 2552 2883 2566 ’
2916 2534 3089 2596 οὕτως
3113 2532 3210 2586 καὶ
3235 2531 3269 2599 ἡ
3297 2529 3444 2599 ψυχὴ
3469 2527 3570 2597 ὅλη
3602 2524 3751 2579 ἔπαθε

2186 2638 2254 2690 τὰ
2278 2636 2378 2705 τῆς
2399 2632 2598 2695 κακίας
2621 2630 2763 2702 πάθη
2790 2630 2887 2682 καὶ
2917 2624 3213 2697 ἁμαρτίας.
3248 2621 3533 2676 Ἐνέδυσεν
3557 2618 3647 2671 οὖν
3669 2617 3753 2687 τὴν

2187 2727 2362 2798 ψυχὴν
2392 2726 2543 2794 ὃλην,
2577 2724 2639 2777 τὸ
2667 2722 2965 2790 ἀναγκαῖον
2996 2716 3090 2772 τοῦ
3118 2714 3409 2784 ἀνθρώπου
3453 2712 3623 2780 μέλος
3669 2710 3750 2763 καὶ

2192 2822 2353 2892 μέρος
2392 2820 2421 2872 6
2463 2816 2697 2888 πονηρὸς
2723 2815 2822 2885 τὴν
2852 2812 3050 2866 κακίαν
3078 2809 3266 2875 αὑτοῦ,
3299 2804 3445 2859 τοῦτ’
3484 2804 3624 2867 ἔστι,
3657 2802 3746 2892 τὴν

2188 2891 2483 2978 ἁμαρτίαν,
2513 2904 2609 2959 καὶ
2640 2902 2813 2966 οὕτως
2840 2901 2902 2954 τὸ
2934 2900 3092 2969 σῶμα
3120 2896 3363 2967 παθητὸν
3388 2894 3488 2950 καὶ
3524 2891 3749 2964 φθαρτὸν

2189 2996 2535 3141 ﬁatfiat“
2586 3082 2694 3151 γὰρ
2743 3080 2877 3152 λέγῃ
2914 3080 2944 3134 6
2983 3078 3347 3140 Ἀπόστολοςο
3382 3073 3752 3130 Ἐκδύσασθε

518 3164 778 3227 hominem
801 3166 870 3229 υ,
900 3164 1173 3236 integrum
1208 3167 1363 3232 dicit,
1410 3168 1705 3225 habentem
1737 3175 1927 3231 oculos
1975 3178 2085 3233 suis

2196 3175 2295 3228 τὸν
2330 3174 2593 3229 παλαιὸν
2642 3170 2977 3240 ἄνθρωπον,
3014 3169 3218 3223 τέλειον
3244 3167 3415 3236 λέγει,
3444 3163 3747 3233 ὀφθαλμοὺς

520 3255 700 3315 oculis
728 3254 990 3327 adjectos,
1018 3267 1183 3327 caput
1208 3260 1395 3329 capiti,
1424 3276 1587 3317 aures
1610 3264 1860 3332 auribus,
1890 3284 2089 3329 manus

520 3345 800 3410 manibus,
849 3346 1019 3416 pedes
1065 3348 1318 3417 pedibus.
1365 3350 1564 3406 Totum
1598 3356 1744 3410 enim
1787 3358 2087 3430 hominem,

519 3435 759 3503 animam
780 3445 836 3490 et
856 3452 1077 3507 corpus,
1103 3438 1386 3509 improbus
1406 3443 1496 3497 ille
1518 3446 1715 3514 polluit
1739 3458 1795 3503 et
1813 3449 2090 3521 distraxit,

519 3529 802 3599 subiitque
847 3530 1147 3601 hominem,
1177 3545 1421 3592 veterem
1458 3538 1759 3609 hominem,
1795 3547 2089 3617 pollutum,

519 3621 799 3692 impurum
847 3632 1012 3695 atque
1050 3626 1146 3682 Dei
1194 3627 1430 3697 hostem,
1485 3648 1596 3687 non
1642 3635 1947 3707 subjectum
1983 3641 2093 3714 legi

518 3714 639 3781 Dei,
668 3714 776 3769 hoc
806 3725 912 3785 est,
944 3718 1123 3787 ipsum
1160 3730 1469 3790 peccatum,
1500 3723 1573 3779 ita
1612 3735 1672 3780 ut
1697 3730 1937 3799 amplius
1978 3751 2089 3791 non

516 3805 705 3863 videat
750 3807 920 3862 homo
976 3825 1076 3879 pro
1128 3811 1307 3867 lubitu
1368 3830 1490 3879 suo,
1542 3818 1639 3872 sed
1688 3828 1749 3873 ut
1801 3838 2090 3895 perperam

516 3898 724 3966 videat,
755 3917 1043 3971 perperam
1075 3904 1283 3973 audiat,
1321 3916 1377 3962 et
1408 3910 1577 3979 pedes
1605 3911 1805 3971 habeat
1852 3918 1920 3977 ad
1962 3936 2090 3989 per-

516 3992 845 4063 petrandum
882 3992 1097 4051 facinus
1142 3998 1595 4068 accelerantes",
1643 4020 1709 4060 ac
1740 4022 1935 4065 manus
1980 4012 2089 4067 inie

516 4082 788 4152 quitatem
834 4097 1149 4156 operantes,
1192 4098 1249 4145 et
1288 4106 1384 4147 cor
1424 4095 1673 4166 cogitans
1712 4100 1875 4159 mala.
1912 4102 2088 4161 Obse—

516 4190 738 4231 crcmus
762 4175 931 4246 igitur
970 4187 1027 4233 et
1073 4196 1175 4235 nos
1218 4182 1416 4249 Deum,
1445 4194 1506 4240 ut
1534 4198 1699 4244 exuat
1727 4206 1830 4247 nos
1862 4193 2089 4254 homine

516 4265 715 4331 veteri,
745 4267 875 4337 quia
908 4266 1027 4338 ipse
1054 4272 1205 4328 solus
1226 4289 1256 4327 a
1286 4275 1448 4331 nobis
1480 4279 1697 4337 auferre
1729 4293 1912 4353 potest
1956 4303 2089 4357 pec-

516 4363 700 4417 catum
726 4374 741 4411 :
766 4360 895 4428 quia
921 4359 1177 4420 fortiores
1199 4374 1347 4430 sunt,
1370 4368 1463 4437 qui
1487 4384 1588 4426 nos
1626 4375 1878 4444 captivos
1912 4378 2089 4435 abdu-

516 4454 736 4515 xerunt,
758 4457 814 4502 et
837 4450 893 4504 in
916 4468 1085 4524 regno
1106 4470 1206 4509 suo
1230 4455 1502 4513 detinent.
1542 4460 1663 4531 ipse
1686 4481 1817 4521 vero
1835 4471 2091 4538 promisit

2194 3266 2386 3336 ἔχοντα
2433 3263 2570 3334 πρὸς
2629 3261 2962 3332 ὀφθαλμοὺς,
3016 3258 3259 3328 κεφαλὴν
3309 3256 3447 3328 πρὸς
3504 3252 3752 3323 κεφαλὴν,

2193 3350 2305 3408 ὦτα
2342 3353 2477 3423 πρὸς
2506 3347 2642 3414 ὦτα,
2675 3352 2863 3422 χεῖρας
2893 3350 3028 3420 πρὸς
3054 3350 3263 3419 χεῖρας,
3296 3346 3466 3409 πόδας
3498 3345 3635 3416 πρὸς
3668 3342 3751 3395 πό-

2190 3450 2307 3512 δας.
2342 3445 2501 3501 Ὅλον
2552 3446 2661 3514 γὰρ
2710 3444 2801 3497 τὸν
2834 3441 3146 3517 ,ἄνθρωπον
3202 3439 3381 3510 ψυχὴν
3430 3438 3539 3489 καὶ
3608 3434 3752 3498 σῶμα

2201 3540 2426 3610 ἐμίανεν
2466 3538 2493 3590 6
2526 3536 2779 3607 πονηρὸς,
2811 3535 2906 3588 καὶ
2938 3534 3271 3596 κατέσπασε,
3308 3530 3403 3584 καὶ
3429 3528 3650 3583 ἐνέδυσε
3673 3527 3751 3579 τὸν

2195 3632 2502 3703 ἄνθρωπον,
2545 3627 2772 3682 παλαιὸν
2822 3626 3131 3697 ἄνθρωπον,
3182 3623 3276 3677 καὶ
3342 3620 3566 3693 μιαρὸν,
3632 3617 3751 3671 ἀκά-

2196 3722 2417 3794 θαρτον,
2450 3722 2545 3774 καὶ
2596 3718 2886 3788 θεομάχον,
2920 3715 3013 3769 καὶ
3070 3714 3146 3784 μὴ
3206 3710 3655 3781 ὑποτασσόμενον
3687 3705 3752 3775 τῷ

2196 3817 2345 3886 νόμῳ
2395 3812 2491 3867 τοῦ
2544 3810 2701 3876 Θεοῦ,
2759 3808 2928 3879 αὐτὴν
2977 3806 3078 3878 τὴν
3114 3806 3411 3877 ἁμαρτίαν,
3448 3803 3545 3857 ἵνα
3573 3798 3751 3871 μηκέτι

2196 3910 2390 3982 βλέπῃ,
2438 3908 2514 3972 ὡς
2561 3905 2703 3959 θέλει
2760 3906 2789 3957 6
2843 3902 3148 3973 ἄνθρωπος,
3203 3897 3319 3952 ἀλλ’
3360 3898 3449 3950 ἴνα
3515 3892 3749 3963 πονηρῶς

2193 4001 2315 4070 ὁρᾷ,
2346 3999 2439 4052 καλ⁹
2468 3996 2720 4067 πονηρῶς
2745 3994 2939 4067 ἀκούῃ,
2980 3993 3075 4047 καὶ
3107 3990 3271 4053 πόδας
3292 3989 3394 4060 ἔχῃ
3432 3987 3751 4046 σπεύδοντας

2194 4090 2289 4143 ἐπὶ
2323 4086 2667 4150 κακοποιιαν,
2703 4083 2797 4137 καὶ
2848 4083 3039 4152 χεῖρας
3090 4075 3465 4149 ὲργαζομένας
3520 4071 3750 4144 ἀνομίαν,

2193 4183 2288 4235 καὶ
2326 4178 2552 4251 καρδίαν
2590 4176 2803 4247 πονηρὰ
2842 4170 3309 4241 διαλογιζομένην.
3363 4165 3753 4237 Παρακαλέσω-

2197 4289 2296 4344 μεν
2337 4269 2429 4324 οὖν
2481 4270 2576 4324 καὶ
2612 4268 2775 4337 ἡμεῖς
2824 4266 2915 4318 τὸν
2946 4262 3100 4328 Θεὸν,
3124 4262 3212 4316 ἴνα
3249 4259 3452 4331 ἐκδύσῃ
3504 4256 3651 4327 ἡμᾶς
3676 4253 3750 4307 τὶν

2194 4364 2421 4417 παλαιὸν
2450 4360 2757 4432 ἄνθρωπον,
2802 4360 2882 4413 ὅτι
2915 4358 3077 4420 αὐτὸς
3119 4355 3280 4426 μόνος
3311 4350 3441 4422 ἆραι
3487 4352 3580 4417 ἀφ’
3609 4347 3747 4419 ἡμῶν

2193 4456 2293 4526 τὴν
2328 4454 2609 4525 ἁμαρτίαν
2637 4452 2896 4507 δύναται·
2933 4453 3015 4505 δτι
3053 4448 3391 4520 ἰσχυρότεροι
3433 4444 3595 4515 ἡμῶν
3633 4444 3750 4495 εἰσιν

514 4554 575 4593 se
602 4538 962 4598 liberaturum
992 4560 1096 4601 nos
1131 4562 1196 4601 ex
1246 4550 1515 4607 servitute
1542 4553 1666 4611 hac.
1720 4537 2085 4625 Quemadmo-

2196 4546 2811 4620 οἱαίχμαλωτεύσαντες
2854 4546 3026 4617 ἡμᾶς,
3072 4544 3167 4597 καὶ
3226 4539 3552 4610 κατέχοντες
3595 4541 3651 4592 ἐν
3694 4537 3747 4604 τῇ

514 4630 648 4684 dum
683 4634 833 4689 enim
880 4636 960 4693 sol
1019 4652 1144 4691 cum
1196 4640 1364 4707 lucet,
1416 4653 1475 4701 et
1516 4656 1714 4707 ventus
1758 4652 1961 4723 spirat,
2005 4659 2085 4725 sol

2196 4640 2442 4711 βασιλείᾳ
2493 4638 2694 4693 αὐτῶν.
2727 4638 2900 4702 Αὐτὸς
2928 4637 2985 4689 δὲ
3035 4630 3547 4725 ἐπηγγείλατοΫωῦ
3596 4628 3747 4725 ῥύσα-

514 4722 737 4793 quidem
792 4730 1078 4798 proprium
1134 4748 1336 4803 corpus
1383 4746 1441 4799 et
1491 4720 1803 4816 propriamr
1832 4722 2085 4807 naturam

2196 4737 2313 4789 σθαι
2363 4735 2511 4804 ἡμᾶς
2570 4735 2635 4785 ὲκ
2683 4732 2783 4802 τῆς
2839 4728 3079 4791 δουλείας
3127 4726 3369 4795 ταύτηςο
3405 4724 3596 4816 ὥσπερ
3637 4720 3747 4816 Ῑὰρ

513 4816 702 4885 habet,
732 4820 862 4875 item
897 4832 952 4887 et
985 4836 1182 4891 ventus
1220 4829 1499 4900 propriam
1553 4843 1808 4897 naturam
1843 4851 1901 4896 ct
1955 4860 2088 4916 pro-

512 4909 694 4979 prium
734 4925 936 4983 corpus
962 4915 1149 4981 habet,
1185 4928 1240 4974 et
1262 4936 1426 4978 nemo
1454 4935 1637 4995 potest
1665 4944 1921 5000 separare
1949 4909 2085 4992 ven-

514 5009 627 5067 tum
660 5017 692 5056 a
730 5004 865 5072 sole,
912 5005 1019 5064 nisi
1054 5009 1206 5065 solus
1251 5012 1397 5079 Deus
1424 5026 1672 5086 ventum,
1733 5038 1803 5078 ne
1846 5026 2086 5097 amplius

512 5092 707 5163 spiret,
739 5095 1017 5157 sedaverit
1049 5117 1061 5153 :
1098 5102 1177 5156 sic
1209 5111 1265 5158 et
1288 5118 1573 5175 peccatum
1616 5114 1813 5170 animae.
1855 5092 2087 5175 commi-

512 5196 657 5251 stum
712 5195 819 5253 est,
844 5199 1086 5261 utroque
1128 5194 1492 5263 nihilominus
1520 5204 1798 5274 propriam
1829 5218 2082 5281 naturam

512 5276 772 5346 habente.
1841 5337 1844 5339 λ

533 5287 772 5335 labente.

582 5454 667 5511 lll.
710 5457 1056 5529 Impossibile
1112 5462 1279 5534 igitur
1334 5478 1419 5523 est
1471 5486 1728 5541 separare
1782 5476 2080 5535 animama

510 5554 758 5627 peccato,
790 5548 897 5605 nisi
928 5550 1075 5605 Deus
1116 5553 1271 5607 sedet
1302 5563 1359 5609 et
1387 5556 1546 5611 sistat
1577 5561 1909 5617 malitiosum
1936 5564 2085 5619 hunc

509 5644 754 5701 ventum,
787 5638 1129 5697 habitantem
1176 5644 1229 5697 in
1280 5645 1463 5700 anima
1497 5655 1553 5702 et
1584 5664 1838 5720 corpore.
1871 5654 1937 5706 Et
1972 5670 2093 5707 rur-

2184 4828 2314 4881 ὅταν
2338 4825 2490 4895 ἥλιος
2524 4818 2579 4894 ᾗ,
2609 4822 2702 4875 καὶ
2735 4820 2938 4893 ἄνεμός
2966 4837 3049 4882 τις
3085 4818 3244 4890 πνέῃ,
3274 4817 3301 4868 ό
3329 4817 3425 4886 μὲν
3456 4814 3609 4885 ἥλιος
3634 4812 3746 4865 [διον

2188 4920 2349 4988 σῶμα
2403 4918 2515 4986 ἔχει
2573 4916 2668 4968 καὶ
2722 4914 2858 4966 ἰδίαν
2913 4911 3097 4982 φύσιν,
3127 4910 3327 4979 ὁμοίως
3374 4908 3469 4961 καὶ
3508 4909 3537 4959 ὀ
3568 4906 3748 4972 ἄνεμος

2193 5010 2331 5064 ἰδίαν
2358 5008 2521 5079 φύσιν
2558 5008 2669 5078 ἔχει
2707 5008 2798 5060 καὶ
2822 5005 2951 5059 ἴδιον
2985 5003 3142 5072 σῶμα
3167 5019 3180 5032 θ
3212 5002 3306 5054 καὶ
3334 5000 3509 5062 οὐδεὶς
3544 4997 3744 5051 δύναται

2192 5100 2424 5171 χωρίσαι
2462 5099 2556 5152 τὸν
2603 5098 2806 5166 ἄνεμον
2852 5094 2960 5149 ἀπὸ
2992 5092 3086 5147 τοῦ
3127 5091 3301 5162 ἡλίου,
3339 5092 3386 5142 εί
3440 5088 3514 5159 μὴ
3558 5085 3745 5158 μόνοςό

2192 5193 2325 5257 Θεὸς
2366 5192 2572 5267 παύσῃ,
2605 5192 2692 5244 ἵνα
2725 5189 2922 5262 μηκέτι
2952 5188 3089 5262 πνέῃ
3110 5203 3123 5216 ·
3148 5184 3291 5239 οὓτω
3340 5184 3435 5236 καὶ
3463 5184 3497 5251 ἡ
3522 5178 3742 5252 ἁμαρτία

2196 5289 2256 5357 τῇ
2295 5285 2441 5358 ψυχῇ
2481 5283 2796 5356 μεμιγμένη
2838 5283 3007 5348 ἐστὶν,
3045 5278 3275 5351 ὲχόύσης
3338 5277 3576 5346 ἑκάστης
3623 5273 3742 5327 ἰδίαν

2193 5379 2376 5449 φύσιν.

2263 5471 2339 5523 Γν.
2389 5470 2672 5523 Ἀδύνατον
2722 5468 2815 5523 οὖν
2860 5472 2975 5522 ἐστι
3024 5468 3257 5540 χωρίσαι
3304 5466 3403 5535 τὴν
3441 5462 3617 5533 ψυχὴν
3650 5457 3740 5512 ἀπὸ

2195 5563 2295 5631 τῆς
2327 5563 2623 5633 ἁμαρτίας,
2660 5563 2755 5616 ἐὰν
2792 5562 2866 5633 μὴ
2895 5562 2922 5613 ό
2951 5560 3081 5623 Θεὸς
3111 5560 3294 5630 παύσῃ
3325 5558 3420 5611 καὶ
3466 5559 3630 5625 στήσῃ
3665 5550 3741 5602 τὸν

2204 5656 2440 5727 πονηρὸν
2480 5657 2668 5712 τοῦτον
2705 5655 2925 5726 ἄνεμον,
2956 5654 3046 5713 τὸν
3076 5651 3389 5708 ἐνοικοῦντα
3411 5651 3475 5720 τῇ
3499 5646 3636 5717 ψυχῇ
3662 5641 3739 5696 καὶ

578 5799 623 5842 5³
670 5795 805 5861 Luc.
844 5816 990 5865 xvm,
1028 5803 1079 5855 7.
1158 5804 1197 5836 ³³
1244 5804 1443 5875 Ephes.
1496 5824 1567 5873 ιν,
1630 5809 1714 5863 22.
1795 5813 1837 5842 “
1884 5813 2025 5868 Ινδοὶ.
2091 5830 2231 5881 mn,
2266 5816 2316 5870 '5.
