3948 6554
156 411 243 476 465
1346 413 1713 474 ΗΟΜΙΙᾸᾸΞ.
1741 437 1811 449 --
1839 413 2025 477 ΗΟΜ.
2062 414 2146 476 ΙΙ.
3233 419 3339 482 466

156 525 220 596 τῷ
243 518 448 589 σώματι.
479 518 587 571 Καὶ
623 518 809 585 πάλιν,
851 520 1039 593 ὥσπερ
1067 539 1152 585 τις
1191 521 1388 594 Θεωρεῖ
1425 522 1715 582 πετεινὸνλ

1786 539 1914 589 sum,
1935 521 2401 594 quemadmodum
2450 521 2496 579 si
2518 523 2644 593 quis
2665 523 2848 578 cernit
2865 537 3020 577 avem
3046 522 3345 591 volantem,

157 614 425 683 πετόμενον,
452 609 543 664 καὶ
572 609 813 680 βούλεται
847 614 940 667 κα)⁸
973 613 1136 679 αὐτὸς
1170 615 1392 685 πτῆναι,
1426 614 1502 686 μὴ
1531 614 1673 685 ἔχων

1785 616 1891 670 vult
1930 624 1988 671 et
2043 616 2161 685 ipse
2219 615 2437 679 volare,
2470 614 2572 670 alis
2619 629 2753 669 vero
2802 613 3102 669 destitutus
3158 615 3344 671 volare

154 708 201 761 δὲ
236 703 388 771 πτερὰ
451 701 725 766 ἀδυνάτως
775 703 887 775 ἔχει
932 704 1231 760 πέτασθαι’
1279 705 1422 759 οὕτω
1449 708 1543 760 καὶ
1593 705 1673 777 τῷ

1784 706 1983 775 nequit.
2005 724 2018 763 :
2044 707 2126 761 sic
2155 721 2378 777 quoque
2402 706 2611 762 homini
2641 706 2797 761 adest
2818 706 3092 770 voluntas,
3122 722 3343 775 purum,

156 793 404 865 ἀνθρώπῳ,
437 791 497 844 τὸ
541 794 638 861 μὲν
680 793 853 847 θέλειν
892 795 1223 866 παράκειται
1271 795 1367 850 τοῦ
1410 792 1548 851 εἶναι
1579 814 1676 849 κα-

1787 799 2319 867 ιτιορτεὴοιιεὶὴίιεω
2358 808 2415 855 et
2444 799 2795 869 impollutum
2844 814 2984 863 esse,
3033 799 3171 853 nihil
3228 816 3346 855 ma-

155 886 313 957 θαρὸν,
361 881 449 936 καὶ
489 882 738 953 ἄμωμον,
791 886 889 938 καὶ
937 884 1185 952 ἄσπιλον,
1212 886 1307 941 καὶ
1337 894 1413 958 μὴ
1442 885 1588 957 ἔχειν
1616 887 1674 939 ἐν

1797 888 1907 945 itiae
1934 890 1991 944 in
2021 905 2081 945 se
2118 890 2241 960 ipso
2265 890 2492 954 habere,
2519 891 2615 945 sed
2646 905 2865 960 semper
2890 906 3017 946 cum
3061 892 3174 947 Deo
3218 906 3350 946 con-

154 976 305 1047 ἐαυτῷ
332 976 422 1045 τὴν
450 977 665 1041 κακίαν,
705 977 823 1032 ἀλλ’
856 980 939 1032 ἀεὶ
976 981 1111 1049 μετὰ
1139 981 1231 1035 τοῦ
1261 980 1394 1035 Θεοῦ
1425 977 1677 1047 εἷναιμτδ

1789 986 2008 1049 versari,
2044 986 2360 1043 facultatem
2387 1002 2519 1042 vero
2544 1002 2655 1041 non
2683 986 2867 1041 habet.
2904 988 3095 1042 Volare
3124 987 3348 1057 quidem

148 1068 375 1125 δύνασθαι
400 1068 455 1121 δὲ
482 1068 581 1121 οὑκ
609 1068 721 1140 ἔχει
742 1086 757 1105 ο
798 1072 1135 1143 πετασθῆναι
1181 1075 1280 1144 μὲν
1311 1075 1391 1137 είς
1423 1074 1513 1128 τὸν
1539 1074 1678 1144 ἀέρα

1788 1074 1834 1129 in
1861 1089 2045 1130 aerem
2077 1075 2329 1131 divinum
2355 1084 2522 1145 atque
2547 1076 2860 1131 libertatem
2905 1077 3142 1147 Spiritus
3174 1079 3347 1133 sancti

150 1163 226 1216 τὸν
248 1159 408 1215 Θεῖκὸν
439 1160 533 1214 καὶ
560 1160 659 1230 τὴν
693 1161 1007 1234 ἐλευθερίαν
1032 1163 1125 1216 τοῦ
1160 1166 1316 1233 ἁγίου
1362 1166 1678 1237 Πνεύματος

1792 1167 1952 1237 :upit,
1979 1166 2099 1231 sed,
2124 1167 2232 1223 nisi
2261 1169 2504 1238 acceptis
2534 1169 2658 1233 alis,
2690 1184 2799 1224 non
2824 1178 3022 1240 potest.
3054 1170 3351 1225 Prccemur

148 1254 285 1312 ϐέλει.
314 1251 424 1307 ἀλλ’
449 1252 543 1304 ἐὰν
578 1253 651 1325 μὴ
690 1254 830 1327 λάϐῃ
860 1257 1157 1327 πτέρυγας,
1181 1258 1242 1311 οὐ
1266 1258 1511 1314 δύναται.
1559 1260 1675 1312 Πα-

1790 1258 1950 1330 igitur
2005 1260 2202 1324 Deum,
2251 1268 2310 1314 ut
2351 1261 2620 1315 concedat
2650 1260 2810 1315 nobis
2843 1261 2957 1315 alas
3002 1262 3275 1318 columba:
3302 1262 3349 1295 ”

149 1344 506 1417 ρακαλέσωμεν
538 1343 628 1398 οὖν
662 1346 753 1399 τὸν
787 1346 940 1411 Θεὸν,
980 1347 1067 1401 ἵνα
1106 1347 1181 1416 δῷ
1217 1349 1350 1418 ἡμῖν
1402 1348 1680 1419 πτέρυγας

1793 1352 1956 1408 sancti
2008 1351 2266 1422 Spiritus,
2312 1360 2376 1407 ut
2419 1352 2670 1409 volemus
2695 1352 2762 1407 ad
2789 1368 2917 1407 eum
2942 1361 3001 1407 et
3038 1356 3352 1423 requiesca-

144 1438 440 1508 περιστερᾶς
480 1435 573 1489 τοῦ
611 1437 769 1507 ἁγίου
814 1439 1151 1510 Πνεύματος,
1188 1442 1275 1495 ἵνα
1322 1441 1680 1513 πετασθῶμεν

1791 1457 1922 1508 mus,
1955 1451 2016 1497 ut
2042 1442 2209 1498 etiam
2242 1453 2495 1516 segreget
2524 1454 2581 1500 et
2617 1445 2773 1501 tollat
2819 1445 2890 1500 ab
2922 1447 3106 1501 anima
3138 1456 3193 1501 et
3225 1463 3350 1503 cor-

145 1531 264 1603 πρὸς
300 1530 455 1584 αὐτὸν
505 1531 599 1584 καὶ
631 1532 1090 1604 καταπαύσωμεν,
1130 1536 1226 1589 καὶ
1253 1536 1339 1589 ἵνα
1382 1535 1681 1608 διαχωρίσῃ

1794 1549 1915 1603 pore
1940 1544 2135 1591 nostro
2168 1536 2486 1607 improbum
2509 1546 2761 1603 ventum,
2795 1538 2973 1608 ipsum
2993 1540 3205 1595 scilicet
3227 1556 3353 1610 pec-

139 1625 223 1679 καὶ
252 1623 423 1695 παύση
466 1624 575 1679 ἀπὸ
607 1624 710 1695 τῆς
757 1626 935 1696 ψυχῆς
976 1627 1070 1681 καὶ
1131 1627 1227 1680 τοῦ
1256 1628 1507 1699 σώματος
1529 1626 1687 1697 ήμῶν

1795 1637 1964 1681 :atum
2004 1627 2061 1683 in
2093 1629 2355 1685 membris
2383 1630 2579 1685 animae
2617 1639 2673 1685 et
2712 1632 2963 1701 corporis
2992 1634 3165 1687 nostri
3199 1634 3354 1688 habi-

139 1717 218 1769 τὸν
240 1715 459 1785 πονηρὸν
500 1716 721 1786 ἄνεμον,
744 1717 914 1785 αὐτὴν
945 1717 1044 1787 τὴν
1074 1719 1348 1790 ἁμαρτίαν
1370 1718 1468 1788 τὴν
1498 1734 1682 1772 κατοι-

1792 1725 1925 1774 Laus.
1948 1718 2056 1788 lpsi
2072 1720 2220 1775 enim
2247 1722 2354 1778 hoc
2372 1722 2555 1778 facere
2584 1724 2760 1778 solum
2783 1736 2867 1779 est
2888 1724 3174 1794 possibile.
3199 1726 3351 1789 Ecce,

138 1807 317 1862 κοῦσαν
358 1808 415 1859 ἐν
453 1809 569 1871 τοῖς
618 1807 801 1877 μέλεσι
846 1808 943 1877 τῆς
983 1808 1160 1880 ψυχῆς
1187 1811 1283 1864 καὶ
1310 1809 1405 1863 τοῦ
1433 1810 1684 1881 σώματος

1792 1808 1862 1864 ait
1892 1811 2063 1874 enim.
2104 1812 2286 1884 Agnus
2324 1812 2440 1877 Dei,
2493 1815 2581 1884 qui
2634 1813 2769 1868 tollit
2824 1824 3037 1886 peccata
3086 1817 3268 1870 mundi
3285 1817 3351 1869 ³⁸.

137 1900 293 1970 ἡμῶν.
327 1898 483 1970 Αὐτῷ
517 1866 630 1971 γάρ
690 1902 837 1973 μόνῳ
866 1866 1093 1957 abacta;
1116 1866 1274 1957 τοῦτο
1298 1866 1539 1974 ποιῆσαι..
1573 1866 1686 1960 Ἴδε

1797 1901 1908 1971 ipse
1957 1902 2107 1958 solus
2152 1866 2590 1959 misericordiam
2638 1866 3000 1976 hanc,rquod
3053 1923 3084 1962 a
3128 1915 3356 1977 peccato

136 1990 434 2062 γὰρ,φησὶν,
453 1994 489 2046 ό
518 1992 719 2062 Ἀμνὸς
734 1996 839 2047 τοῦ
858 1992 1004 2048 Θεοῦ
1020 1996 1053 2048 ό
1064 1994 1245 2062 αἴρων
1264 1995 1377 2062 τὴν
1394 1995 1687 2065 ἁμαρτίαν

1794 1995 2040 2063 redimat,
2093 1997 2346 2053 exhibuit
2392 1999 2710 2056 hominibus
2765 2001 2828 2056 iu
2877 2018 2935 2057 se
2975 2003 3353 2069 credentibus,

135 2087 228 2140 τοῦ
256 2086 504 2154 κόσμου.
536 2085 711 2150 Αὐτὸς
739 2087 897 2157 μόνος
936 2090 1039 2162 τὴν
1085 2090 1451 2163 ἐλεημοσύνην
1484 2093 1686 2162 ταύτην

1798 2095 1843 2142 at
1898 2088 2040 2142 hanc
2070 2087 2524 2145 ’inenarrabilem
2570 2091 2803 2146 salutem
2866 2094 3081 2148 confert
3137 2109 3357 2165 semper

133 2175 334 2245 ἐποίησε
388 2175 502 2229 τῶν
541 2176 848 2248 ἀνθρώπων
879 2182 991 2238 τοῖς
1021 2182 1365 2235 πιστεύουσιν
1398 2184 1566 2254 αὐτῷ,
1601 2185 1685 2238 ὅτι

1797 2180 2249 2249 exspectantibus,
2314 2190 2371 2237 et
2422 2182 2643 2238 assidue
2700 2185 3077 2242 quaerentibus
3111 2201 3261 2252 eum,
3300 2186 3356 2241 in

134 2267 399 2336 λυτροῦται
431 2268 551 2321 άπὸ
580 2270 681 2340 τῆς
723 2271 1019 2345 ἁμαρτίας,
1054 2273 1285 2339 καὶτοῖς
1318 2275 1687 2346 προσδοκῶσιν

1173 2276 1285 2339 τοῖς
1318 2275 1687 2346 προσδοκῶσιν
1784 2286 1962 2342 eoque
1991 2288 2144 2343 spem
2170 2289 2327 2329 suam
2353 2275 2711 2345 ponentibus.

134 2361 209 2415 ἀεὶ
236 2360 322 2413 καὶ
351 2360 660 2428 ἐλπίζουσι,
712 2365 803 2417 καὶ
839 2364 1093 2434 ζητοῦσιν
1132 2367 1515 2434 ἀδιαλείπτως,
1544 2369 1690 2423 ποιεῖ

136 2452 219 2522 τὴν
242 2452 519 2523 σωτηρίαν
547 2453 750 2525 ταύτην
780 2455 878 2527 τὴν
908 2456 1314 2529 ἁνεκδιήγητον.

195 2547 261 2600 Δ’.
299 2544 519 2614 Ὥσπερ
571 2545 629 2597 ἐν
679 2546 834 2600 νυκτὶ
868 2548 1074 2621 ζοφερᾷ
1130 2551 1224 2603 καὶ
1271 2550 1497 2624 μελαίνῃ
1536 2552 1689 2607 πνέει

1858 2547 1946 2603 IV.
1986 2546 2455 2613 Quemadmodum
2479 2547 2534 2601 in
2556 2554 2718 2603 nocte
2736 2547 3031 2619 caliginosa
3049 2559 3103 2604 ct
3123 2549 3358 2605 obscura

134 2636 311 2706 ἄνεμός
340 2654 426 2699 τις
450 2638 671 2707 ἄγριος,
698 2639 791 2691 καὶ
818 2640 992 2693 πάντα
1033 2641 1103 2695 τὰ
1130 2643 1273 2710 φυτά
1308 2644 1400 2695 καὶ
1431 2644 1499 2696 τά
1524 2646 1690 2713 σπέρ-

1796 2638 2086 2693 vehemens
2120 2639 2341 2708 quidam
2372 2648 2571 2694 ventus
2596 2639 2789 2709 spirat,
2835 2648 2893 2695 et
2921 2656 3112 2696 omnes
3141 2643 3355 2711 plantas

135 2749 266 2799 ματα
309 2735 470 2795 κινεῖ,
524 2736 616 2786 καὶ
660 2736 874 2804 ἐρευνᾷ,
904 2738 998 2789 καὶ
1049 2736 1212 2789 σείει·
1243 2736 1384 2790 οὕτω
1423 2738 1517 2790 καὶ
1542 2740 1569 2789 ό
1593 2738 1689 2790 ἄν-

1802 2747 1855 2786 ac
1888 2732 2097 2787 semina
2126 2733 2391 2798 concutit,
2423 2741 2735 2789 commovet
2791 2743 2847 2789 ct
2874 2736 3037 2805 agitat
3072 2752 3085 2788 :
3121 2735 3202 2789 sic
3225 2750 3361 2803 quo-

131 2825 329 2894 ορωπος
352 2824 545 2878 πεσὼν
568 2827 670 2879 ὑπὸ
696 2827 795 2898 τὴν
825 2827 1075 2892 ἐξουσίαν
1104 2828 1204 2894 τῆς
1229 2829 1419 2892 νυκτὸς
1443 2829 1537 2881 τοῦ
1560 2829 1689 2882 σκό-

1800 2838 1899 2892 que
1930 2823 2092 2877 homo
2120 2823 2306 2893 lapsus
2327 2825 2430 2879 sub
2457 2834 2783 2894 potestatem
2807 2826 2987 2881 noctis
3009 2825 3359 2880 tenebrarum

129 2930 262 2976 τους,
316 2914 410 2967 τοῦ
461 2914 739 2981 διαϐόλου,
782 2916 875 2969 καὶ
918 2918 993 2970 ὢν
1034 2919 1094 2970 ἐν
1134 2919 1289 2971 νυκτὶ
1340 2918 1434 2970 καὶ
1489 2918 1688 2981 σκότει,

1802 2915 2017 2979 diaboli,
2079 2924 2136 2970 et
2177 2916 2233 2970 in
2293 2925 2454 2972 nocte
2511 2918 2868 2988 tenebrisque
2932 2919 3155 2989 degens,
3210 2917 3361 2988 gravi

126 3005 381 3059 κλονεῖται
431 3006 517 3075 τῷ
574 3007 731 3077 δεινῷ
766 3008 951 3079 ἀνέμῳ
986 3009 1086 3078 τῆς
1131 3008 1404 3077 ἁμαρτίας
1452 3009 1685 3071 πνέοντι,

1804 3017 1957 3063 vento
2000 3010 2209 3077 peccati
2260 3008 2426 3064 ﬂante
2479 3018 2877 3074 commovetur,
2932 3011 3247 3065 concutitur
3307 3020 3363 3064 et

128 3098 215 3150 καὶ
244 3100 472 3163 σείεται,
505 3101 604 3152 καὶ
629 3104 873 3155 κινεῖται.
906 3103 1014 3154 Kal.
1042 3103 1329 3171 ὲρευνᾶται
1377 3104 1556 3155 πᾶσαν
1595 3101 1687 3172 τὴν

1802 3109 2101 3169 quassatur,
2136 3099 2230 3169 qui
2271 3116 2488 3156 omnem
2524 3111 2796 3168 naturam,
2842 3102 3080 3156 animam
3129 3102 3361 3165 scilicet,

123 3189 295 3256 φύσιν,
346 3192 449 3261 τὴν
497 3190 703 3263 ψυχὴν,
743 3194 869 3255 τοὺς
915 3194 1207 3265 λογισμοὺς
1247 3194 1412 3248 αὑτοῦ
1461 3197 1553 3249 καὶ
1598 3196 1682 3249 τὸν

1805 3191 1905 3260 ιο
1960 3192 2321 3261 cogitationes
2365 3201 2421 3247 et
2468 3202 2707 3247 mentem
2735 3200 3113 3263 perscrutatur
3139 3210 3153 3246 :
3180 3191 3364 3246 omnia

124 3283 257 3337 νοῦν.
302 3285 414 3339 Καὶ
452 3284 643 3338 πάντα
685 3285 889 3339 σείεται
929 3286 996 3340 τὰ
1043 3287 1329 3354 σωματικὰ
1377 3288 1549 3358 μέλη⁶
1597 3289 1683 3342 καὶ

1804 3284 2031 3353 denique
2091 3284 2489 3339 concutiuntur
2548 3284 2797 3354 corporis
2847 3283 3132 3347 membra,
3181 3298 3363 3352 neque

119 3376 264 3429 οὐδὲν
289 3378 624 3448 ἐλεύθερον,
660 3378 781 3430 οὐδὲ
808 3378 1016 3442 ἀπαθὲς
1046 3379 1204 3448 μέλος
1233 3378 1408 3450 ψυχῆς
1432 3381 1465 3451 ἢ
1503 3380 1678 3449 σώμα-

1805 3375 1966 3428 nllum
1996 3375 2305 3430 membrum
2336 3376 2532 3429 animre
2554 3384 2650 3429 aut
2686 3375 2936 3445 corporis
2965 3373 3230 3438 immune,
3260 3389 3364 3429 nec

121 3468 203 3530 τός
238 3470 385 3523 ἐστιν
428 3471 551 3523 ἀπὸ
593 3471 691 3539 τῆς
739 3467 1057 3539 ἐνοικούσης
1098 3470 1157 3522 ἐν
1207 3471 1340 3540 ἡμῖν
1386 3470 1680 3540 ἁμαρτίαςε

1804 3466 1965 3522 ullum
1994 3467 2063 3522 ab
2095 3467 2483 3524 affectionibus
2505 3467 2741 3537 peccati,
2775 3467 2832 3521 in
2859 3466 3020 3521 nobis
3044 3465 3363 3531 habitantis,

117 3559 307 3628 ὁμοίως
357 3562 518 3616 ἐστὶν
570 3561 752 3632 ἡμέρα
806 3561 983 3630 φωτὸς
1031 3562 1125 3614 καὶ
1175 3560 1372 3630 ἄνεμος
1428 3562 1568 3623 θεῖος
1600 3561 1676 3615 τοί

1808 3557 2031 3612 liberum
2060 3566 2144 3612 est
2180 3577 2193 3612 :
2225 3558 2425 3613 similis
2465 3558 2649 3627 itaque
2700 3557 2820 3613 dies
2871 3558 3001 3624 luci,
3056 3567 3113 3613 et
3168 3567 3367 3613 ventus

118 3650 265 3715 ἁγίου
310 3652 664 3721 Πνεύματος,
697 3652 875 3704 πνέων
909 3652 1001 3704 καὶ
1034 3650 1326 3720 ἀναψύχων
1364 3651 1463 3713 τὰς
1499 3651 1672 3721 ψυχὰς

1809 3648 2017 3703 livinus
2052 3648 2283 3718 Spiritui
2332 3657 2542 3708 sancto,
2575 3649 2891 3719 perspirans
2944 3658 3001 3703 et
3055 3647 3368 3704 refocillans

114 3742 205 3806 τὰς
229 3742 398 3807 οὔσας
427 3747 492 3798 ἐν
517 3744 709 3816 ἡμέρᾳ
759 3743 852 3796 τοῦ
878 3742 1052 3811 φωτὸς
1088 3742 1180 3796 τοῦ
1233 3742 1414 3797 θεῖκοῦ
1434 3759 1449 3772 ·
1476 3745 1570 3796 καὶ
1616 3744 1666 3797 δι

1808 3738 2031 3804 animas,
2065 3755 2186 3809 qua:
2215 3738 2269 3792 in
2301 3737 2391 3793 die
2435 3739 2576 3794 lucis
2613 3737 2817 3793 divinae
2861 3737 3076 3802 vivunt,
3127 3746 3182 3791 et
3239 3752 3367 3806 per-

119 3836 257 3887 ικνού
268 3854 433 3905 μενος
453 3838 644 3890 πᾶσαν
674 3836 771 3905 τὴν
800 3836 1097 3889 ὑπόστασιν
1116 3835 1215 3901 τῆς
1233 3834 1430 3905 ψυχῆς,
1451 3836 1546 3889 καὶ
1571 3836 1678 3888 τοὺς

1808 3836 2073 3890 transiens
2099 3850 2317 3900 omnem
2362 3843 2613 3890 natur-am
2650 3834 2845 3888 anima:
2896 3842 2952 3887 et
2981 3832 3367 3903 cogitationes,

116 3926 416 3997 λογισμοὺς
465 3928 568 3980 καὶ
621 3928 802 3980 πᾶσαν
856 3926 953 3995 τὴν
1010 3926 1220 3990 οὐσίαν,
1262 3926 1357 3979 καὶ
1406 3926 1586 3978 πάντα
1630 3943 1675 3977 τι

1812 3942 1864 3983 ιο
1921 3942 2137 3981 omnem
2188 3926 2571 3989 substantiam,
2605 3934 2662 3980 et
2724 3925 2909 3981 omnia
2963 3925 3207 3979 membra
3240 3939 3371 3979 cor-

117 4017 249 4086 μέλη
278 4017 377 4070 τοῦ
407 4016 677 4088 σώματος
703 4016 994 4086 ἀναψύχων
1010 4016 1106 4069 καὶ⁵
1134 4014 1429 4068 ἀναπαύων
1457 4014 1676 4068 άναπαύ

1813 4017 1951 4086 poris
1977 4032 2232 4072 recreans
2260 4024 2317 4071 et
2353 4016 2669 4074 refocillans
2698 4014 2884 4069 divina
2929 4021 2986 4067 et
3012 4013 3372 4069 inenarrabili

113 4124 191 4160 σει
225 4107 385 4178 θεῖκῇ
422 4108 528 4162 καὶ
564 4107 831 4179 ἀλαλήτῳ.
874 4106 1044 4161 Τοῦτο
1074 4106 1257 4175 ἔλεγεν
1289 4110 1316 4160 ὁ
1356 4106 1672 4170 Ἀπόστολος

1817 4107 2013 4175 requie.
2058 4106 2114 4160 Id
2164 4105 2313 4175 quod
2348 4105 2487 4159 dixit
2528 4104 2823 4174 Apostolus
2858 4120 2871 4156 :
2905 4102 3011 4157 Nos
3059 4121 3162 4157 non
3193 4120 3376 4169 sumus

118 4199 305 4267 Ἡμεῖς
340 4200 414 4253 δὲ
446 4202 571 4254 οὐκ
590 4198 774 4267 ἐσμὲν
794 4198 974 4251 τέκνα
1000 4198 1238 4262 νυκτὸς,
1261 4197 1403 4250 οὐδὲ
1422 4199 1677 4262 σκότους

1819 4199 1903 4254 itii
1932 4202 2118 4265 noctis,
2150 4217 2316 4269 neque
2355 4198 2687 4252 tenebrarum
2717 4214 2735 4252 .'
2761 4214 2939 4251 omnes
2978 4198 3116 4250 enim
3154 4213 3243 4249 vos
3273 4195 3378 4265 filii

106 4290 330 4359 πάντες
365 4294 484 4362 γὰρ
517 4291 691 4361 ὑμεῖς
727 4290 843 4344 υἱοὶ
873 4292 1065 4359 φωτός
1093 4289 1251 4355 ἐστε,
1291 4288 1386 4342 καὶ
1418 4287 1534 4342 υἱοὶ
1559 4286 1665 4357 ήμέ

1812 4293 1937 4347 lucis
1959 4293 2081 4346 estis
2107 4300 2154 4344 et
2191 4290 2290 4359 ﬁlii
2311 4292 2413 4344 diei
2432 4290 2499 4343 ³⁸.
2540 4290 2609 4344 Et
2642 4287 3104 4358 quemadmodum
3135 4287 3270 4352 illic,
3311 4286 3371 4340 in

101 4402 231 4450 ρας.
270 4386 385 4437 Καὶ
402 4384 610 4453 ὥσπερ
640 4384 757 4435 ἐκεῖ
787 4384 844 4434 ἐν
876 4384 943 4453 τῇ
978 4381 1153 4452 πλάνῃ
1185 4380 1468 4452 ἄνθρωπον
1501 4379 1660 4433 τέλει(

1819 4385 1892 4439 via
1922 4399 2174 4447 erronca,
2202 4384 2481 4437 hominem
2510 4383 2779 4451 integrum
2802 4396 2867 4435 ac
2892 4379 3197 4450 perfectum
3224 4378 3378 4433 exuit

106 4477 424 4531 ἀπεδύσατο
457 4479 490 4530 ὁ
544 4475 779 4537 παλαιὸς
823 4473 1128 4540 ἄνθρωπος,
1172 4472 1267 4527 καὶ
1307 4474 1464 4542 φορεί
1504 4472 1665 4542 ἐνδυμ

1820 4478 1974 4530 homo
2001 4485 2180 4539 vetus,
2210 4483 2266 4530 et
2309 4482 2485 4545 gestat
2512 4473 2894 4527 indumentum
2938 4471 3088 4542 regni
3125 4470 3379 4529 tenebrae

106 4570 394 4639 βασιλείας
449 4571 713 4633 σκότους,
764 4568 966 4637 ἔνδυμα
1003 4566 1370 4638 βλασφημίας,
1419 4565 1665 4639 ἀπιστίας

1815 4583 1951 4631 rum,
2008 4565 2401 4620 vestimentum
2455 4564 2828 4634 blasphemiae,
2889 4561 3227 4624 difﬁdentiae,
3275 4577 3374 4615 au-

102 4637 362 4732 αφοϐίας,
432 4660 793 4727 κενοδοξίας,
845 4657 1253 4728 ὑπερηφανίας,
1298 4640 1661 4729 φιλαργυρίας

1819 4658 1997 4723 Jaciaz,
2032 4656 2209 4710 inanis
2242 4653 2447 4724 gloriw,
2501 4652 2794 4723 superbiae,
2832 4650 3073 4706 avaritiae
3137 4660 3193 4705 et
3241 4664 3378 4710 con:

100 4754 443 4824 ἐπιθυμίας·
484 4754 589 4805 καὶ
630 4752 697 4805 τὰ
750 4749 885 4804 ἄλλα
935 4748 1133 4819 ὁμοίως
1173 4749 1275 4818 τῆς
1303 4748 1578 4819 βασιλείας
1611 4766 1659 4801 τι

1817 4749 2177 4821 cupiscentiae,
2209 4757 2267 4802 et
2297 4747 2400 4801 alia
2431 4745 2637 4800 similia
2692 4742 2848 4814 regni
2896 4742 3247 4798 tenebrarum
3280 4756 3376 4811 ge-

103 4848 333 4909 σκότους
355 4846 666 4917 φορέματα
696 4842 913 4914 ρακώδη
937 4843 1031 4895 καὶ
1054 4841 1359 4910 ἀκάθαρτα,
1385 4843 1480 4895 καὶ
1507 4845 1662 4913 μιαρέ

1818 4841 2042 4898 stamina
2075 4854 2354 4910 pannosa,
2386 4838 2603 4907 impura
2650 4842 2707 4889 et
2757 4834 3128 4889 contaminata
3162 4850 3176 4884 :
3210 4832 3290 4885 sic
3345 4846 3377 4885 θ

96 4938 241 4990 οὕτω
280 4939 461 4991 πάλιν
512 4934 754 4989 ἐνταῦθα
791 4934 905 4987 ὅσοι
956 4931 1296 4985 ἀπεδύσαντο
1340 4933 1433 4985 τὸν
1476 4933 1655 4986 παλαιέ

1816 4946 2074 4988 converso
2102 4930 2420 5001 quicunque
2470 4934 2743 4981 exuerunt
2795 4933 3039 4980 veterem
3091 4931 3148 4977 et
3198 4931 3375 4977 terres

100 5027 193 5078 καὶ
234 5026 630 5095 καταχθόνιον
668 5023 971 5095 ἄνθρωπον,
1007 5023 1099 5075 καὶ
1120 5023 1277 5085 ὅσους
1307 5023 1373 5075 ἂν
1403 5023 1653 5088 ἐξέδυσεν

1820 5036 1981 5080 strcm
2011 5024 2312 5083 hominem,
2336 5030 2393 5075 et
2420 5034 2780 5089 quoscunque
2810 5016 2961 5071 exuit
2994 5015 3154 5070 Jesus
3202 5012 3379 5077 vesti-

109 5119 323 5187 Ἰησοῦς
384 5118 465 5171 τὰ
525 5116 805 5186 ⁴ἐνδύματα
856 5115 957 5184 τῆς
1000 5114 1274 5184 βασιλείας
1311 5113 1407 5166 τοῦ
1462 5114 1668 5167 σκότουι

1823 5115 2011 5172 mentis
2043 5114 2194 5185 regni
2246 5112 2621 5174 tenebrarum,
2651 5109 2951 5163 induerunt
2982 5105 3063 5161 illi
3090 5118 3295 5158 novum
3324 5111 3382 5161 et

98 5209 438 5264 ἐνεδύσαντο
477 5210 582 5264 τὸν
625 5213 743 5262 νέον
784 5209 879 5263 καὶ
924 5208 1241 5276 ἐπουράνιον
1280 5206 1564 5278 ἄνθρωπον
1608 5208 1657 5259 Ἰ]

1821 5209 2088 5264 caelestem
2139 5203 2415 5259 hominem
2473 5202 2659 5256 Jesum
2694 5197 3013 5259 Christum,
3066 5204 3128 5249 ut
3188 5209 3380 5256 rursus

97 5303 225 5355 σοῦν
249 5304 547 5373 Χριστὸν,
590 5301 750 5354 πάλιν
781 5300 981 5371 ὁμοίως
1013 5299 1324 5368 ὀφθαλμοὺς
1353 5298 1488 5368 πρὸς
1518 5298 1656 5366 όφθα

1820 5301 1956 5356 oculi
1986 5298 2181 5362 oculis,
2215 5311 2378 5351 aures
2422 5294 2672 5357 auribus,
2708 5298 2879 5360 caput
2927 5287 3091 5358 capiti
3147 5286 3379 5357 conjun-

100 5396 257 5462 μους,
297 5391 428 5449 ὦτοι
482 5393 633 5464 πρὸς
673 5388 809 5458 ὦτα,
850 5392 1092 5462 κιφαλὴν
1134 5391 1270 5460 πρὸς
1315 5389 1578 5462 κεφαλὴν,
1626 5392 1659 5444 ἵπ

1820 5401 2033 5465 gantur,
2065 5401 2127 5446 ut
2162 5397 2308 5445 totus
2338 5402 2512 5461 purus
2536 5386 2628 5451 sit,
2655 5392 2874 5455 gestans
2920 5381 3215 5451 imaginem
3267 5394 3379 5438 eme

93 5487 212 5551 ὅλος
245 5488 522 5558 καθαρὸς
556 5482 618 5557 ᾗ,
656 5487 747 5539 καὶ
780 5486 960 5555 φορῶν
988 5484 1085 5554 τὴν
1111 5483 1429 5553 ἐπουράνιον
1461 5483 1666 5537 είκόνα.
1818 5485 2036 5539 lestem.
2663 5567 2668 5568 ν
2834 5566 2843 5568 ᾗ
2906 5565 2921 5568 _
3124 5559 3136 5568 .
3362 5555 3376 5568 ο

168 5579 246 5632 E'.
280 5581 409 5633 Καὶ
454 5577 721 5631 ἐνέδυσεν
750 5575 948 5638 αὐτοὺς
978 5574 1007 5626 ὀ
1039 5572 1239 5645 Κύριος
1267 5573 1541 5643 ἐνδύματα
1569 5572 1716 5643 βασι-

1890 5578 1954 5633 ν.
1995 5575 2063 5630 Et
2107 5572 2288 5628 induit
2316 5571 2463 5640 ipsos
2517 5567 2783 5624 Dominus
2832 5559 3171 5621 indumentis
3221 5559 3376 5629 regni

92 5676 244 5742 λείας
291 5676 500 5748 φωτὸς
548 5674 815 5746 ἀρρήτου,
859 5670 1131 5741 ἐνδύματα
1169 5670 1423 5735 πίστεως,
1478 5668 1651 5722 ἐλπίδι

1820 5669 1960 5726 lucis
1990 5681 2221 5734 arcanae,
2265 5660 2602 5725 indumentis
2648 5658 2796 5728 ﬁdei,
2853 5656 2991 5729 spei,
3038 5648 3376 5730 dilectionis,

169 5864 213 5897 ”
241 5861 402 5929 P881.
440 5877 540 5941 LV;
582 5862 633 5923 7-
706 5863 751 5895 “
776 5861 942 5931 Joan:
976 5876 1013 5925 ι,
1048 5856 1135 5911 99.
1214 5856 1259 5888 "
1296 5854 1533 5921 lTlaess.
1566 5868 1614 5918 ν,
1651 5850 1701 5917 5,
