3948 6540
577 395 677 460 471

1804 405 1864 466 8.
1899 404 2219 467 MACARII
2259 406 2580 469 ΔιΕῦΥΡἹῚΙ

3703 393 3794 457 472

652 509 714 564 ν.
771 506 1001 564 Demum
1050 524 1181 564 vero
1224 509 1480 566 voluntas
1517 526 1849 584 repugnans,
1901 514 2150 569 molestia

2322 516 2400 570 E'.
2431 513 2631 570 Λοιπὸν
2658 514 2692 584 ἡ
2720 512 3039 584 προαίρεσις
3077 509 3509 579 ἀντιμαχομένη,
3541 508 3637 562 καὶ
3662 508 3797 578 ἔχου-

579 610 745 673 atque
772 601 1066 657 afﬂictione
1100 602 1320 668 obruta,
1348 603 1545 674 incipit
1592 606 1846 675 superior
1881 606 2020 672 fieri,
2052 622 2147 662 ca-

582 694 685 758 dit,
716 695 966 765 erigitur.
994 696 1184 749 Denuo
1231 704 1515 765 peccatum
1561 698 1778 768 conjicit
1804 698 2044 754 animam
2090 701 2148 754 in

584 785 775 841 decem
806 793 901 840 aut
919 785 1110 855 viginti
1141 801 1496 856 congressus;
1522 787 1695 843 vincit
1720 790 1955 844 animam
1982 800 2149 861 atque

582 878 926 947 prosternit:
981 887 1037 933 et
1070 878 1250 932 anima
1283 878 1508 947 quidem
1561 881 1826 949 temporis
1862 882 2148 936 intervallo

582 968 884 1023 decretoria
910 983 1090 1039 pugna
1106 976 1330 1038 superat
1356 978 1668 1039 peccatum.
1700 971 1938 1024 Rursum
1964 971 2007 1025 si
2026 986 2151 1040 per-

585 1059 786 1113 stiterit
808 1058 1013 1123 anima,
1039 1074 1142 1114 nec
1178 1060 1495 1131 languidior
1534 1061 1590 1115 in
1623 1068 1776 1131 parte
1813 1062 1996 1131 aliqua
2034 1060 2152 1117 fue-

587 1152 679 1216 rit,
716 1150 911 1221 incipit
937 1148 1193 1221 superior
1224 1152 1479 1219 evadere,
1510 1162 1568 1209 et
1591 1152 1932 1218 discernere,
1962 1168 2152 1223 repor-

584 1250 701 1296 tare
733 1244 940 1313 palmas
960 1244 1221 1299 adversus
1260 1253 1567 1314 peccatum.
1619 1245 1727 1301 Sed
1759 1246 1814 1299 in
1847 1246 1952 1309 his,
1988 1247 2031 1300 si
2062 1260 2150 1301 re-

581 1342 668 1388 cte
698 1349 786 1388 res
806 1334 923 1391 suis
951 1336 1286 1405 ponderibus
1319 1336 1514 1391 librata
1546 1338 1907 1403 examinetur,
1944 1336 2150 1391 tamdiu

584 1435 867 1491 peccatum
898 1425 1172 1480 hominem
1202 1427 1491 1492 subvertit,
1534 1428 1712 1484 donec
1741 1429 1935 1483 evadat
1984 1431 2041 1483 in
2070 1429 2149 1483 vi-

584 1532 703 1570 rum
750 1519 1057 1587 perfectum,
1101 1521 1157 1573 in
1210 1537 1514 1574 mensuram
1537 1522 1709 1575 (etatis
1734 1522 1800 1586 ²⁷,
1841 1530 1897 1575 et
1925 1522 2150 1576 omnino

584 1618 804 1678 superet
847 1620 1098 1667 mortem.
1140 1611 1417 1681 Scriptum
1456 1612 1600 1668 enim
1634 1623 1719 1668 est
1766 1632 1781 1667 :
1822 1613 2150 1669 Nouissimas

581 1700 740 1751 hostis
767 1699 1003 1753 aboletur
1026 1718 1164 1755 mors
1186 1703 1251 1755 ’⁸.
1284 1704 1352 1757 Ει
1381 1703 1460 1760 sic
1483 1706 1796 1774 superiores
1824 1707 2064 1762 evadunt
2096 1717 2152 1764 et

579 1790 817 1846 victores
862 1791 1085 1847 diaboli.
1141 1794 1197 1849 Si
1239 1810 1389 1859 vero,
1441 1805 1504 1850 ut
1542 1798 1653 1867 jam
1694 1797 1951 1863 diximus,
2004 1800 2151 1854 dicat

579 1882 726 1950 quis,
754 1898 857 1938 nec
906 1894 1140 1951 scortor,
1187 1902 1290 1942 nec
1342 1886 1614 1944 adulterio
1662 1906 1748 1946 me
1801 1892 2007 1962 polluo,
2045 1908 2148 1949 nec
2183 1867 2221 1920 Β

578 1987 775 2029 avarus
806 1989 949 2039 sum,
976 1975 1081 2031 hoc
1107 1975 1305 2032 suﬂicit
1334 1978 1505 2045 mihi;
1537 1980 1821 2036 dimicavit
1853 1983 1899 2037 is
1926 1983 2147 2052 quidem

578 2065 685 2120 hoc
724 2066 885 2121 modo
933 2067 1195 2124 adversus
1244 2078 1360 2126 tres
1404 2071 1615 2141 peccati
1665 2072 1917 2142 species:
1952 2083 2149 2131 contra

579 2158 821 2227 reliquas
848 2175 977 2214 vero
1009 2160 1220 2230 viginti,
1248 2177 1385 2231 quas
1409 2172 1692 2232 peccatum
1737 2164 2002 2221 adversus
2027 2167 2149 2222 ani-

580 2266 723 2306 mam
760 2252 944 2320 habet,
976 2270 1085 2310 non
1116 2257 1397 2326 pugnavit,
1430 2257 1526 2312 sed
1558 2258 1737 2323 victus
1767 2265 1870 2313 est.
1895 2260 2151 2331 Pugnan-

578 2342 711 2397 dum
739 2344 905 2412 igitur
935 2355 990 2401 et
1016 2347 1392 2403 dimicandum
1421 2359 1508 2404 est
1544 2348 1623 2406 illi
1661 2350 1930 2406 adversus
1962 2366 2152 2406 omnes

578 2435 790 2503 peccati
822 2439 1052 2508 species.
1085 2438 1235 2494 Mens
1256 2440 1428 2503 enim,
1462 2448 1525 2494 ut
1552 2441 1751 2511 saepius
1777 2441 2035 2507 diximus,
2054 2441 2153 2497 ad-

578 2526 823 2581 versaria
850 2539 955 2594 est,
984 2536 1040 2584 et
1062 2546 1244 2600 aequas
1282 2530 1448 2584 habet
1476 2531 1623 2586 vires
1652 2532 1915 2587 adversus
1957 2547 2151 2602 pecca~

582 2627 719 2684 tum,
747 2630 807 2674 ut
832 2622 1173 2677 contradicat
1197 2631 1253 2678 et
1279 2624 1499 2679 resistat
1531 2625 1976 2695 cogitationibus.

654 2710 739 2765 Vl.
779 2710 936 2777 Quod
993 2712 1039 2766 si
1091 2712 1263 2778 dicas,
1326 2714 1667 2783 potentiores
1723 2730 1843 2771 esse
1895 2715 2155 2772 adversas

583 2802 753 2868 vires,
785 2815 839 2860 et
888 2804 1149 2859 malitiam
1182 2806 1411 2860 omnino
1442 2807 1651 2862 homini
1677 2808 1967 2874 dominari,
2008 2809 2153 2880 inju-

581 2906 729 2948 stum
760 2895 896 2951 facis
938 2897 1129 2961 Deum,
1162 2913 1256 2967 qut
1280 2898 1611 2954 condemnet
1650 2900 1944 2956 humanam
1987 2910 2153 2956 natu-

584 3000 722 3050 ram,
753 3001 819 3040 eo
867 2987 1013 3055 quod
1070 2987 1287 3044 Satanae
1324 2990 1619 3056 obedierit,
1669 2991 1888 3059 quando
1933 2992 2153 3060 quidem

585 3076 779 3131 fortior
827 3086 931 3141 est,
984 3086 1039 3132 et
1072 3078 1123 3132 vi
1166 3088 1394 3149 cogente
1426 3081 1703 3136 hominem
1740 3082 1844 3135 sibi
1886 3081 2101 3152 subjicit
2135 3098 2151 3135 :

2251 624 2321 662 σα
2363 607 2525 660 πόνον
2589 605 2687 658 καὶ
2736 604 2937 673 θλίψιν,
2979 601 3208 673 ἄρχεται
3250 601 3515 670 σάνωτέρα.
3551 601 3795 668 γίνεσθαι·

2249 698 2472 762 πίπτει,
2498 696 2789 768 ἐγείρεται·
2817 694 2978 749 πάλιν
3022 693 3207 763 ῥίπτει
3228 694 3262 764 ἡ
3288 692 3539 763 ἁμαρτία
3578 693 3658 755 είς
3683 694 3799 745 δέκα

2247 790 2281 861 ἢ
2329 791 2409 853 είς
2446 788 2620 843 εἴκοσι
2650 789 2885 859 ἀγῶνας·
2920 790 3049 859 νικᾷ
3091 787 3190 858 τὴν
3247 785 3427 855 ψυχὴν
3470 786 3565 838 καὶ
3617 786 3798 855 ῥίπτει,

2248 886 2343 939 καὶ
2387 883 2597 956 ἡψυχὴ
2631 884 2721 938 διὰ
2772 884 2967 954 χρόνου
3011 885 3092 945 εἰς
3141 883 3271 952 μίαν
3312 880 3537 952 ἀγωγὴν
3561 882 3683 951 νικᾷ
3720 882 3803 951 τὴν

2250 978 2542 1047 ἁμαρτίαν
2571 976 2735 1030 πάλιν
2760 978 2855 1031 ἐᾶν
2904 978 2940 1047 ἡ
2971 976 3116 1047 ψυχὴ
3148 976 3420 1047 ὑπομείνῃ
3448 975 3545 1026 καὶ
3590 974 3663 1044 μὴ
3690 992 3805 1043 11o-

2250 1070 2393 1140 νωθῆ
2423 1068 2564 1123 κατὰ
2586 1070 2776 1140 μέρος,
2802 1068 3029 1141 ἄρχεται
3046 1068 3360 1131 πλεονάζειν
3382 1068 3478 1119 καὶ⁸
3501 1066 3807 1135 διακρίνειν,

2250 1162 2346 1215 καὶ
2381 1161 2756 1232 ἀποφέρεσθαι
2788 1161 2859 1214 τὰ
2886 1162 3177 1232 νικητήρια
3205 1159 3346 1213 κατὰ
3372 1162 3471 1229 τῆς
3520 1159 3807 1228 ἁμαρτίας,

2249 1254 2364 1308 ἀλλ’
2397 1257 2447 1308 εί
2480 1255 2578 1309 καὶ
2605 1256 2663 1308 ὲν
2690 1253 2902 1316 τούτοις
2938 1254 3271 1320 ἐξετάζεται,
3296 1252 3483 1323 ἀκμὴν
3515 1252 3550 1322 ἠ
3577 1252 3811 1320 ἁμαρτία

2251 1349 2615 1420 καταστρέφει
2643 1349 2733 1402 τὸν
2780 1347 3084 1418 ἄνθρωπον,
3116 1346 3221 1409 ἓως
3257 1341 3318 1399 οὗ
3370 1343 3499 1415 ἔλθῃ
3530 1347 3619 1409 εὶς
3638 1343 3811 1411 ἄνδρα

2249 1443 2504 1508 τέλειον,
2538 1444 2626 1507 είς
2667 1440 2887 1511 μέτρον
2927 1440 3188 1506 ἡλικίας,
3230 1438 3326 1492 καὶ
3364 1436 3587 1500 τελείως
3627 1438 3813 1506 νικήσῃ

2250 1536 2341 1589 τὸν
2360 1535 2585 1589 θάνατον
2609 1550 2623 1563 ⁸
2643 1534 2949 1603 γέγραπται
2981 1531 3110 1601 γὰρ,
3136 1531 3427 1598 Ἕσχατος
3451 1528 3668 1598 ἐχθρὸς
3688 1544 3815 1581 κατ-

2250 1628 2507 1697 αργεῖται
2539 1629 2572 1681 ὁ
2600 1624 2876 1691 θάνατος’
2944 1624 3039 1677 καὶ
3071 1622 3243 1685 οὔτως
3262 1621 3527 1693 ἀνώτεροι
3562 1620 3815 1686 γίνονται,

2251 1722 2345 1775 καὶ
2369 1719 2585 1790 νικηταὶ
2613 1717 2707 1771 τοῦ
2732 1716 3003 1771 διαϐόλου.
3030 1716 3092 1768 Et
3117 1714 3195 1777 δὲ,
3232 1712 3415 1775 καθὼς
3462 1710 3815 1782 προείπομεν,

2251 1813 2398 1881 λέγει
2433 1830 2540 1876 τις,
2571 1811 2645 1865 Οὐ
2688 1809 2956 1882 πορνεύω,
2988 1808 3050 1862 οὐ
3088 1807 3346 1878 μοιχεύω,
3373 1805 3434 1858 οὐ
3480 1803 3816 1874 φιλαργυρῶ,

2251 1907 2411 1975 ἀρκεῖ
2438 1920 2549 1974 μοι’
2579 1902 2754 1964 οὕτως
2785 1904 2864 1965 εἰς
2889 1901 3020 1971 τρία
3064 1899 3206 1970 μέρη
3253 1898 3589 1969 ἠγωνίσατο,
3634 1896 3729 1949 καὶ
3753 1898 3820 1960 εἰς

2247 1998 2383 2053 ἄλλα
2413 1998 2606 2061 εἴκοσι,
2635 1995 2781 2063 ἅπερ
2818 1994 2931 2064 ἔχει
2964 1994 2997 2064 ἡ
3033 1991 3279 2063 ἁμαρτία
3316 1992 3457 2044 κατὰ
3498 1991 3604 2059 τῆς
3626 1988 3819 2059 ψυχῆς.

2245 2089 2345 2142 οὐκ
2372 2087 2699 2157 ἠγωνίσατο,
2736 2086 2850 2139 ἀλλ’
2880 2084 3110 2155 ἡττήθη,
3150 2081 3386 2152 Ὀφείλει
3422 2076 3517 2135 οὖν
3546 2082 3632 2144 εις
3654 2081 3819 2134 πάντα

2246 2181 2644 2251 ἀγωνίσασθαι,
2683 2180 2779 2234 καὶ
2825 2178 3026 2232 ἀθλεῖν⁶
3069 2179 3098 2231 ὁ
3138 2179 3247 2248 γάρ
3276 2174 3423 2239 νοῦς,
3470 2173 3661 2237 καθὼς
3704 2174 3820 2226 πολ·

2249 2268 2406 2332 λὰκις
2439 2268 2684 2336 εἴπομεν,
2740 2264 3033 2329 άντὶπαλός
3064 2266 3217 2333 ἐστι,
3250 2266 3345 2319 καὶ
3375 2264 3490 2335 ἔχει
3538 2264 3822 2336 ίσόρροπον

2248 2360 2477 2432 δύναμιν
2500 2361 2635 2433 πρὸς
2655 2361 2756 2431 τὴν
2786 2360 3058 2431 ἁμαρτίαν
3078 2358 3175 2413 τοῦ
3225 2357 3527 2427 ἀντιλέγειν
3547 2358 3650 2410 καὶ
3683 2356 3822 2409 ἐναν-

2249 2451 2499 2505 τιοῦσθαι
2527 2454 2642 2516 τοῖς
2672 2453 2976 2523 λογισμοῖς.

2321 2717 2411 2782 ς’.
2447 2715 2511 2769 Εἰ
2555 2714 2613 2768 δὲ
2646 2713 2825 2782 λέγεις
2862 2700 3216 2784 ἰσχυροτέραν
3266 2710 3407 2766 εἶναι
3439 2712 3541 2782 τὴν
3575 2710 3817 2765 ἐναντίαν

2251 2808 2507 2877 δύναμιν,
2530 2805 2627 2860 καὶ
2650 2803 2960 2874 βασιλεύειν
2987 2801 3049 2854 τὸ
3074 2801 3194 2855 ὅλον
3224 2800 3321 2872 τὴν
3354 2802 3555 2855 κακίαν
3579 2800 3723 2853 κατὰ
3739 2798 3819 2852 τοῦ

2252 2901 2568 2971 ἀνθρώπου,
2627 2898 2815 2953 ἄδικον
2852 2899 3031 2959 ποιεῖς
3085 2896 3177 2949 τὸν
3216 2895 3370 2957 Θεὸν,
3428 2893 3821 2962 κατακρίνοντα

2252 2993 2351 3065 τὴν
2372 2989 2792 3061 ἀνθρωπότητα,
2816 2988 2949 3041 διότι
2988 2988 3267 3060 ὑπήκουσε
3294 2986 3373 3057 τῷ
3405 2986 3646 3055 Σατανᾷ,
3672 2985 3817 3037 ὁπότε

2258 3082 2474 3152 ἰσχυρός
2524 3082 2681 3145 ἐστι,
2730 3080 2825 3132 καὶ
2863 3080 3240 3149 ἀναγκαστικῇ
3271 3095 3379 3130 τινι
3426 3076 3663 3147 δυνάμει
3710 3076 3822 3128 ὑπο-

587 3170 847 3237 maiorem
898 3177 953 3223 et
984 3170 1267 3226 fortiorem
1313 3186 1439 3226 eum
1466 3173 1651 3227 anima
1686 3174 1997 3229 constituis.
2046 3173 2152 3229 Sed

2261 3175 2463 3227 τάσσειο
2498 3171 2667 3242 μείζω
2711 3172 2804 3224 καὶ
2844 3171 3194 3241 ἰσχυρότερον
3242 3168 3405 3223 αὑτὸν
3437 3168 3706 3237 ἐποίησας

588 3260 809 3315 tandem
849 3278 935 3316 me
964 3262 1173 3318 audies.
1216 3262 1689 3329 Quemadmodum
1733 3266 1781 3319 si
1806 3266 2023 3336 juvenis
2057 3266 2151 3331 sit,

588 3354 683 3423 qui
716 3355 913 3408 luctam
960 3356 1105 3409 ineat
1129 3372 1253 3411 eum
1281 3356 1484 3425 puello,
1514 3363 1572 3410 et
1601 3356 1647 3409 si
1677 3355 1913 3425 puellus,
1950 3355 1997 3410 si
2030 3369 2157 3410 suc-

587 3444 861 3508 cubuerit,
881 3445 1300 3509 condemnetur,
1317 3446 1459 3515 quod
1485 3444 1714 3499 inferior
1735 3446 1991 3510 evaserit,
2013 3445 2158 3500 mul-

590 3545 707 3590 tum
735 3537 840 3591 hoc
863 3536 1026 3591 habet
1059 3535 1366 3606 iniquitatis
1392 3554 1406 3591 :
1440 3536 1670 3605 perinde
1698 3536 1933 3591 dicimus
1957 3545 2012 3591 et
2036 3550 2158 3598 nos,

591 3638 828 3682 mentem
858 3628 1228 3683 adversariam
1258 3643 1399 3693 esse,
1431 3636 1488 3683 et
1514 3629 1688 3699 aequis
1720 3628 1933 3683 viribus
1962 3628 2161 3699 pradi-

592 3728 724 3773 tam.
773 3721 842 3775 Et
892 3720 1207 3791 hujusmodi
1252 3720 1455 3785 anima,
1499 3736 1658 3790 opem
1691 3729 1748 3776 et
1792 3720 2077 3785 auxilium,
2113 3720 2160 3775 si

591 3815 735 3869 serio
764 3822 993 3881 quaerat,
1022 3812 1077 3866 id
1103 3812 1480 3881 consequitur,
1514 3822 1569 3868 et
1610 3812 1771 3883 digna
1794 3821 2049 3867 censetur
2072 3829 2160 3868 re-

589 3904 923 3976 demptione.
956 3903 1246 3959 Certamen
1281 3904 1428 3959 enim
1460 3913 1515 3959 et
1548 3920 1728 3974 pugna
1764 3903 1819 3959 in
1847 3904 2160 3974 aequalitate

585 3998 789 4052 virium
833 3997 1104 4052 consistit.
1135 3996 1518 4053 Glorilicemus
1546 3998 1763 4053 Patrem
1784 4005 1841 4052 et
1876 3998 2075 4053 Filium
2105 4006 2162 4053 et

594 4089 856 4160 Spiritum
881 4101 1129 4147 sanctum
1162 4090 1219 4144 in
1247 4090 1466 4144 saecula.
1495 4090 1687 4145 Amen.

1173 4224 1458 4281 HOMILIA
1496 4225 1590 4280 1V.

594 4318 818 4372 Cursum
846 4318 1005 4372 stadii
1031 4318 1185 4372 huius
1218 4316 1398 4370 mundi
1428 4325 1624 4370 attente
1639 4327 1687 4371 ct
1719 4326 1963 4372 accurate
1989 4318 2161 4372 absol-

664 4405 782 4459 uere
821 4397 1021 4459 oportet
1064 4387 1412 4449 Christianos,
1457 4397 1513 4439 ut
1547 4387 1746 4443 caeleste
1780 4391 2099 4459 prwconium
2127 4406 2160 4443 a

665 4457 769 4511 Deo
790 4468 837 4511 et
862 4458 1064 4528 angelis
1088 4466 1495 4527 consequantur.

663 4658 708 4715 1.
745 4658 850 4725 Qui
878 4658 1046 4712 vitam
1086 4658 1455 4714 Christianam
1496 4657 1679 4713 studio
1710 4666 1967 4712 accurato
2008 4666 2159 4711 tran-

592 4752 769 4822 sigere
818 4752 1130 4817 intendunt,
1162 4768 1257 4807 eos
1304 4768 1415 4822 pne
1442 4751 1652 4806 caeteris
1694 4750 1965 4806 facultatis
1997 4750 2159 4805 intel-

593 4843 800 4914 ligendi
828 4851 886 4897 et
930 4842 1302 4908 discernendi,
1328 4858 1450 4913 qua:
1476 4842 1531 4896 in
1557 4842 1736 4896 anima
1754 4850 1859 4905 est,
1889 4856 2159 4896 summam

594 4951 781 4992 curam
815 4934 1019 4991 habere
1054 4944 1292 5004 oportet,
1323 4942 1404 4997 ut,
1445 4949 1569 4989 cum
1599 4942 1845 4987 exactam
1885 4932 2015 4987 boni
2048 4948 2161 4987 ma-

593 5028 743 5096 lique
791 5026 1242 5096 dijudicationem
1279 5027 1426 5081 nacti
1472 5042 1557 5090 ea,
1610 5041 1730 5094 qua:
1770 5034 1971 5095 praeter
2003 5032 2163 5078 natu-

596 5134 712 5173 ram
745 5132 898 5187 purae
920 5127 1130 5173 natura
1147 5118 1511 5187 undequaque
1531 5117 1880 5178 invehantur,
1900 5114 2164 5170 distinxe-

597 5212 796 5275 rimus,
842 5218 992 5265 rccte
1036 5218 1092 5265 et
1136 5210 1342 5279 absque
1378 5210 1711 5265 oﬁ‘endiculo
1739 5223 2162 5273 conversemur;

596 5314 659 5360 ut
678 5305 826 5359 velut
848 5303 1199 5359 discernendi
1221 5305 1481 5359 facultate
1502 5305 1665 5359 owlo
1690 5311 1924 5364 utentes,
1949 5303 2005 5359 id
2027 5318 2162 5358 eon-

599 5410 915 5465 sequamur,
946 5404 1011 5450 ut
1034 5395 1217 5451 idonei
1242 5411 1353 5451 non
1388 5396 1579 5460 simus,
1611 5394 1706 5465 qui
1737 5410 1863 5450 eum
1894 5394 2162 5464 pravitate

598 5496 656 5542 et
685 5487 890 5541 malitia
916 5487 1095 5543 fmdus
1115 5498 1401 5559 percutere
1426 5487 1736 5559 possimus;
1770 5487 1957 5556 sicque
1976 5486 2164 5542 divino

603 5594 831 5634 munere
871 5580 1051 5635 ornati
1110 5580 1259 5652 digni
1308 5579 1540 5635 Domino
1577 5578 1790 5634 fiamus.
1827 5577 1928 5647 13
1968 5577 2164 5633 Exem~

602 5672 755 5755 plum
780 5673 1064 5743 capiamus
1092 5673 1159 5728 ab
1182 5673 1273 5736 iis,
1304 5689 1425 5743 quae
1456 5673 1601 5727 visui
1631 5672 1876 5743 subjecta
1901 5678 2047 5727 sunt.
2081 5668 2167 5726 Si-

676 5846 719 5893 υ
759 5846 958 5925 Ephcs.
997 5862 1067 5911 IV,
1094 5846 1145 5899 9.
1222 5846 1265 5879 ³⁸
1304 5845 1324 5899 ι
1356 5845 1481 5900 Cor.
1514 5861 1600 5911 xv,
1635 5845 1724 5907 26,

2255 3269 2454 3339 ψυχῆς.
2490 3268 2603 3322 Καὶ
2647 3268 2704 3320 ὲν
2734 3264 2878 3319 τέλει
2916 3282 3004 3334 μοι
3036 3261 3387 3324 ὑπακούσειςο
3434 3259 3631 3329 ὥσπερ

2257 3359 2556 3425 νεανίσκος,
2608 3357 2702 3411 καὶ
2762 3357 2859 3427 ἔχῃ
2912 3354 3095 3425 πάλην
3148 3353 3286 3422 πρὸς
3333 3351 3586 3413 παιδίον,
3615 3349 3711 3403 καὶ
3738 3348 3821 3400 ἐὰν

2258 3451 2462 3524 ἡττηθῇ
2496 3450 2556 3503 τὸ
2620 3450 2874 3515 παιδίον,
2936 3445 3357 3515 κατακρίνηται,
3410 3442 3547 3496 διότι
3601 3441 3819 3510 ἡττήθη,

2257 3544 2415 3599 τοῦτο
2445 3543 2646 3614 πολλῆς
2677 3540 2894 3604 ἀδικίας
2929 3538 3096 3592 ἐστίν’
3129 3537 3250 3590 ὅθεν
3288 3536 3451 3606 ἡμεῖς
3477 3533 3717 3603 λέγομεν
3744 3532 3823 3585 ἀν-

2260 3638 2483 3692 τίπαλον
2512 3629 2654 3689 εἶναι
2673 3633 2765 3687 τὸν
2790 3632 2914 3688 νοῦν
2950 3630 3044 3685 καὶ
3071 3628 3380 3700 ἰσόρροπον.
3406 3626 3519 3679 Καὶ
3551 3626 3588 3694 ἡ
3610 3623 3821 3691 τοιαύτη

2260 3728 2407 3798 ψυχὴ
2458 3722 2825 3794 ἐπιζητοῦσα,
2876 3719 3137 3789 τυγχάνει
3177 3715 3432 3787 βοηθείας
3472 3712 3571 3766 καὶ
3624 3710 3825 3777 ἀντιλή-

2259 3818 2426 3888 ψεως,
2454 3815 2549 3869 καὶ
2571 3810 2920 3878 καταξιοῦται
2949 3809 3046 3879 τῆς
3068 3805 3411 3878 λυτρώσεως.
3448 3803 3515 3855 'H
3540 3802 3655 3870 γὰρ
3690 3798 3818 3865 πάλη

2260 3911 2354 3962 καὶ
2402 3911 2429 3962 ὁ
2462 3906 2611 3975 ἁγὼν
2657 3907 2751 3959 ἐπὶ
2792 3904 2858 3975 τῇ
2899 3897 3219 3971 ίσοδυναμία
3262 3898 3463 3950 κεῖται.
3507 3893 3820 3960 Δοξάζωμεν

2262 4000 2505 4071 Πατέρα,
2544 3998 2641 4052 καὶ
2663 3998 2815 4065 Υίὸν,
2846 3994 2943 4049 καὶ
2983 3993 3139 4062 ἆγιον
3176 3988 3404 4058 Πνεῦμα
3434 3986 3518 4049 εις
3544 3985 3675 4048 τοὺς
3705 3983 3821 4035 αἰῶ·

2260 4109 2378 4154 νας.
2432 4090 2628 4162 Ἀμήν.

2859 4220 3101 4275 ΟΜΙΛΙΑ
3158 4219 3231 4271 A'.

2267 4320 2377 4375 Τὸν
2421 4318 2643 4387 δρόμον
2699 4314 2806 4369 τοῦ
2862 4312 3122 4387 Δσταδίοιέν
3173 4308 3278 4387 (ei?
3332 4302 3819 4387 κόσέιουῇεσύτου

2336 4374 2749 4456 προξτεὶόντως
2782 4384 2877 4437 καὶ
2908 4379 3162 4456 ᾀκριϐὡς
3188 4377 3527 4456 διέρχεσθαι
3567 4374 3663 4455 δεῖ
3694 4374 3820 4456 τοὺς

2330 4446 2742 4528 Χριστὶἱινοὺς,
2765 4455 2866 4528 ἵνα
2900 4446 3163 4505 ἑπίιίνων
3182 4447 3477 4517 οὐρανίων
3503 4446 3664 4512 παρὰ
3687 4446 3818 4497 Θεοῦ

2195 4549 2241 4606 ι)
2338 4526 2436 4583 καὶ
2468 4528 2737 4598 ἀγγέλων
2775 4526 3019 4593 τύχωσι.

2331 4667 2411 4719 Α’.
2448 4664 2513 4717 Οἱ
2554 4661 2645 4715 τὸν
2668 4659 2780 4730 βίον
2800 4656 2894 4712 τοῦ
2936 4650 3367 4727 Χριστιανιαμοῦ
3390 4651 3449 4703 ὲν
3471 4646 3642 4717 πολλῇ
3678 4647 3818 4712 ἀκρι-

2262 4758 2385 4828 ϐείᾳ
2416 4755 2762 4826 κατορθῶσαι
2816 4751 3149 4823 βουλόμενοι,
3185 4746 3293 4818 πρὸ
3334 4744 3559 4799 πάντων
3592 4739 3684 4793 τοῦ
3720 4738 3821 4791 δια-

2262 4844 2514 4917 νοητικοῦ
2539 4848 2635 4903 καὶ
2662 4843 2999 4917 διακριτικοῦ
3027 4841 3225 4913 μέλους
3255 4840 3355 4908 τῆς
3389 4837 3571 4907 ψυχῆς
3599 4837 3655 4888 ὲν
3688 4833 3823 4899 nam

2262 4942 2493 5012 δυνάμει
2540 4937 2916 5009 ἐπιμελεῖσθαι
2953 4934 3281 5005 ὀφείλουσιν,
3312 4932 3399 4983 ἵνα
3425 4931 3528 4998 τὴν
3567 4926 3822 4994 διάκρισιν

2263 5031 2357 5085 τοῦ
2412 5029 2580 5087 καλοῦ
2627 5030 2723 5083 καὶ
2754 5027 2851 5082 τοῦ
2890 5024 3065 5081 κακοῦ
3096 5026 3155 5077 ὲν
3188 5019 3442 5093 ἀκριϐείᾳ.
3475 5017 3817 5086 κτησάμενοι,

2263 5128 2357 5180 καὶ
2417 5126 2485 5180 τὰ
2536 5126 2688 5195 παρὰ
2737 5123 2899 5194 φύσιν
2944 5118 3271 5190 εἰσαχθέντα
3321 5117 3389 5184 τῇ
3426 5112 3645 5181 καθαρᾷ
3674 5108 3822 5178 φύσει

2267 5215 2493 5268 πάντοτε
2529 5212 2915 5283 διακρίνοντες,
2947 5210 3148 5271 εὐθέως
3172 5208 3266 5261 καὶ
3309 5204 3704 5274 ἀπροσκόπτως
3737 5214 3823 5247 πθ·

2263 5304 2636 5375 λιτευσὼμεθα
2660 5322 2675 5338 θ
2710 5306 2794 5360 ίνα
2834 5305 2910 5369 ὡς
2941 5301 3207 5373 ὀφθαλμῷ
3256 5298 3333 5368 τῷ
3375 5298 3477 5365 τῆς
3509 5292 3820 5363 διακρίσεως

2270 5398 2419 5470 μέλει
2476 5398 2767 5469 χρώμενοι,
2802 5397 3184 5462 ἁσυνδόαστοι,
3238 5392 3331 5445 καὶ
3377 5388 3654 5443 ἁσύνθετοι
3692 5382 3819 5449 πρὸς

2264 5489 2363 5553 τὰς
2390 5491 2490 5559 τῆς
2520 5491 2720 5553 κακίας
2748 5488 3036 5551 ὑποθέσεις
3068 5482 3206 5540 εἶναι
3233 5481 3574 5551 δυνηθῶμεν,
3608 5476 3701 5529 καὶ
3734 5469 3818 5524 οὗ·

2262 5599 2373 5645 τως
2400 5582 2501 5651 τῆς
2531 5582 2680 5647 θείας
2722 5582 2929 5651 δωρεᾶς
2960 5576 3411 5643 καταξιωθέντες,
3442 5572 3581 5638 ἄξιοι
3608 5566 3697 5619 τοῦ
3728 5564 3820 5615 Κυ-

2269 5670 2384 5743 ρίου
2437 5671 2743 5744 γενώμεθα.
2788 5672 2921 5727 Ἀπὸ
2950 5669 3008 5727 δὲ
3059 5668 3168 5723 τῶν
3205 5666 3498 5738 ὁρωμένων
3530 5658 3818 5721 ὑπόδειγμα
