3948 6570
602 322 710 389 475

1849 316 1913 379 s.
1944 314 2266 394 MAcAnII
2299 312 2620 376 nomn
3689 322 3755 385 ιιι

606 433 914 504 diligenter
946 439 1003 485 et
1028 438 1240 486 attente
1266 428 1558 486 continens
1595 426 1843 483 membra
1880 424 2130 497 corporis
2158 440 2191 480 a

2298 428 2498 497 ἑχουσα
2544 422 2811 480 πάντοθεν
2858 423 2918 476 ἐν
2965 422 3137 495 πολλῇ
3184 423 3430 495 προσοχῆ
3486 422 3545 477 τὰ
3570 428 3670 504 plin
3694 442 3755 493 της

608 523 845 587 malitia,
878 522 947 579 ab
973 522 1126 577 omni
1190 522 1548 584 laceratione,
1591 519 1972 576 combustione
2011 527 2068 575 et
2106 518 2194 571 in-

606 617 948 690 quinatione,
985 615 1304 686 praeclaram
1334 612 1583 683 corporis
1610 612 1873 675 tunicam,
1896 610 2195 665 immunem

608 716 921 763 conservat.
964 706 1059 761 llla
1091 707 1208 776 ipsa
1244 704 1483 774 denique
1513 718 1612 773 per
1639 716 1795 757 suam
1831 702 2194 768 voluntatem,

617 816 739 870 qua:
751 798 1134 869 cognoscendi,
1161 794 1505 865 intelligendi
1529 801 1588 849 et
1609 793 1959 849 discernendi
1984 794 2035 848 vi
2059 809 2195 864 prae.

610 889 731 943 dita
769 896 875 952 est,
903 901 967 940 ac
992 886 1222 940 omnino
1249 894 1311 940 ut
1339 884 1541 951 dicam,
1564 900 1664 956 per
1687 885 1905 939 Domini
1933 884 2194 940 virtutem

615 977 1054 1041 conservabitur,
1101 992 1222 1046 qua:
1280 986 1337 1031 et
1370 976 1625 1047 seipsam
1671 991 1771 1046 pro
1830 975 2039 1031 viribus
2080 975 2194 1031 suis

606 1070 826 1125 cohibet
861 1080 917 1124 et
945 1068 1014 1122 ab
1054 1068 1205 1123 omni
1242 1068 1693 1138 concupiscentia
1748 1068 2029 1123 mundana
2059 1067 2193 1123 sub-

606 1161 793 1216 ducit:
827 1159 931 1232 14
959 1169 1124 1230 atque
1149 1160 1228 1215 sic
1248 1160 1514 1214 auxilium
1545 1161 1819 1216 aDomino
1836 1160 2190 1225 nanciscitur,

610 1262 670 1306 ut
696 1267 889 1306 revera
920 1250 1268 1306 custodiatur
1289 1266 1321 1305 a
1350 1252 1530 1316 malis,
1565 1267 1689 1322 qua:
1719 1261 1878 1307 antea
1900 1267 2192 1306 enumera-

606 1345 809 1399 vimus.
848 1343 905 1399 Si
927 1344 1147 1414 quando
1170 1343 1318 1398 enim
1346 1344 1613 1398 Dominus
1638 1344 1950 1414 quempiam
1967 1342 2189 1410 viderit,

610 1435 704 1503 qui
733 1433 982 1504 gnaviter
1012 1433 1080 1487 ab
1120 1432 1284 1504 hujus
1308 1433 1499 1486 mundi
1522 1434 1923 1503 voluptatibus,
1984 1432 2184 1487 distra-

611 1526 891 1581 ctionibus
916 1534 973 1581 et
994 1525 1146 1581 curis
1174 1525 1377 1580 crassis
1408 1540 1471 1579 ac
1502 1526 1738 1580 terrenis
1772 1524 2007 1580 vinculis
2027 1536 2190 1595 atque

611 1634 874 1672 vanarum
912 1617 1309 1687 cogitationum
1359 1616 1821 1686 occupationibus
1871 1632 1930 1672 se
1974 1626 2186 1683 avocet,

610 1720 834 1780 praestat
869 1710 947 1763 illi
990 1709 1268 1779 peculiare
1315 1708 1506 1779 gratia:
1534 1708 1821 1775 auxilium,
1854 1709 2188 1780 illaasamque

607 1804 849 1857 animam
874 1802 1047 1865 illam,
1078 1817 1200 1871 qua:
1229 1800 1447 1855 fortiter
1479 1816 1721 1871 praesens
1767 1801 1875 1857 hoc
1924 1801 2185 1857 saeculum
2214 1780 2261 1838 B

606 1910 934 1966 perversum
1003 1894 1327 1964 pertransit,
1394 1904 1707 1950 conservat.
1755 1894 1824 1949 Et
1872 1894 1954 1949 sic
2007 1894 2189 1949 anima

609 1989 831 2044 caeleste
856 1989 1193 2059 praeconium
1230 2004 1261 2043 a
1291 1989 1403 2043 Deo
1432 1998 1489 2043 et
1521 1988 1730 2059 angelis
1750 1988 1870 2058 ejus
1895 1987 2189 2057 consequi-

610 2088 720 2145 tur,
753 2079 902 2149 quod
932 2091 1141 2135 vestem
1172 2079 1421 2149 corporis
1450 2080 1533 2134 sui
1558 2089 1615 2135 et
1646 2095 1705 2135 se
1732 2079 1904 2150 ipsam
1934 2086 2189 2135 accurate

611 2171 977 2234 conservarit,
1015 2179 1072 2226 et
1103 2170 1274 2241 quod,
1310 2179 1575 2240 quantum
1605 2170 1660 2225 in
1684 2186 1743 2227 se
1780 2169 1907 2238 fuit,
1939 2171 2006 2225 ab
2035 2170 2187 2225 omni

610 2262 1062 2333 concupiscentia
1112 2262 1386 2316 mundana
1430 2276 1621 2316 aversa
1673 2268 1729 2315 et
1764 2273 1999 2327 remota,
2030 2261 2189 2316 auxi-

610 2352 798 2422 lioque
863 2352 1051 2407 divino
1109 2352 1305 2422 potita,
1361 2366 1586 2406 cursum
1640 2349 1804 2405 stadii
1857 2351 2022 2422 hujus
2063 2351 2190 2407 vita:

613 2442 855 2498 feliciter
886 2442 1206 2498 absolverit.

683 2533 748 2587 ν.
790 2531 849 2589 Si
886 2534 1013 2604 quis
1038 2541 1221 2588 autem
1261 2532 1481 2604 pigritia
1528 2541 1587 2589 et
1638 2533 1871 2604 segnitie
1905 2532 2182 2600 dimuens,

613 2634 778 2680 caute
828 2626 882 2679 in
940 2626 1044 2679 hac
1098 2625 1209 2680 vita
1259 2641 1369 2679 non
1394 2625 1660 2691 ambulet,
1689 2634 1745 2680 et
1786 2641 1852 2680 ex
1890 2640 1987 2679 sua
2019 2625 2190 2694 ipsius

616 2720 902 2773 voluntate
929 2732 1147 2772 onmem
1176 2718 1680 2788 concupiscentiam
1721 2718 2050 2773 mundanam
2079 2732 2190 2772 non

620 2820 932 2876 aversetur,
988 2826 1092 2866 nec
1113 2810 1407 2865 Dominum
1438 2811 1616 2865 solum
1648 2810 1703 2864 in
1740 2809 1895 2865 omni
1914 2808 2192 2866 desiderio

613 2898 897 2971 requirat,
965 2900 1024 2954 in
1087 2899 1275 2970 spinas
1344 2908 1401 2955 et
1474 2916 1700 2957 nemora
1763 2901 1929 2973 hujus
1999 2900 2193 2957 mundi

613 2992 931 3064 conjicitur,
982 3000 1041 3047 et
1096 2993 1165 3048 ab
1195 2993 1306 3064 igni
1358 2995 1814 3066 concupiscentiae
1864 2995 2035 3051 vestis
2071 3010 2196 3051 cor-

624 3086 780 3157 poris
809 3084 1178 3152 comburitur,
1212 3094 1269 3141 et
1293 3101 1451 3142 emno
1472 3089 1815 3159 voluptatum
1838 3087 2188 3159 inquinatur:
2217 3124 2263 3187 C

615 3186 673 3233 et
691 3176 771 3232 sic
805 3177 1017 3243 timida,
1043 3192 1108 3232 ac
1127 3178 1247 3233 sine
1289 3176 1489 3233 ﬁducia
1538 3178 1595 3232 in
1638 3178 1729 3233 die
1760 3178 1955 3251 judicii
2006 3179 2189 3234 anima

618 3268 1076 3339 deprehenditur,
1107 3283 1173 3323 eo
1203 3268 1378 3340 quod,
1405 3285 1530 3324 cum
1555 3284 1711 3325 suam
1764 3279 1970 3326 vestem
1997 3271 2193 3325 imma-

619 3362 858 3417 culatam
910 3376 1237 3415 conservare
1300 3376 1412 3416 non
1460 3362 1727 3433 potuerit,
1778 3354 1912 3417 eam
1964 3362 2196 3423 fallaciis

621 3454 788 3526 hujus
811 3453 996 3509 sazculi
1021 3455 1370 3525 corruperit:
1398 3463 1455 3509 et
1482 3462 1774 3524 propterea
1806 3470 1974 3526 regno
2010 3463 2198 3510 extru-

622 3547 797 3602 ditur.
821 3546 962 3613 Quid
997 3545 1146 3601 enim
1183 3546 1435 3602 facturus
1462 3547 1610 3602 Deus
1631 3554 1716 3602 est
1743 3546 1845 3613 illi,
1878 3548 1972 3617 qui
2002 3556 2196 3618 sponte

620 3656 682 3697 se
734 3639 913 3710 ipsum
960 3639 1166 3694 mundo
1217 3638 1531 3706 tradiderit,
1569 3640 2054 3710 voluptatibusque
2103 3640 2199 3696 de-

622 3741 827 3802 ceptus
862 3746 927 3785 ac
958 3730 1197 3785 terrenis
1256 3731 1712 3801 occupationibus
1742 3732 2005 3786 seductus
2036 3732 2199 3787 ober-

629 3821 762 3875 rat?
811 3820 895 3875 Illi
949 3819 1172 3890 quidem
1210 3820 1477 3874 auxilium
1514 3828 1755 3891 praestat,
1811 3820 1906 3890 qui
1948 3820 2199 3877 sordidas

624 3915 961 3984 voluptates,
990 3923 1047 3968 et
1077 3913 1290 3983 priores
1315 3927 1498 3968 mores
1531 3920 1832 3979 aversatus,
1865 3913 2013 3967 omni
2054 3912 2107 3967 vi
2135 3928 2200 3969 ac

621 4008 838 4079 impetu
900 4007 1266 4078 cogitationes
1335 4021 1462 4062 suas
1512 4022 1730 4078 semper
1788 4006 1856 4062 ad
1907 4006 2199 4062 Dominum

621 4100 830 4172 dirigit,
860 4110 919 4155 et
962 4116 1023 4157 se
1054 4100 1234 4170 ipsum
1285 4099 1540 4171 abnegat,
1580 4102 1867 4171 solumque
1906 4099 2199 4155 Dominum

631 4195 900 4250 ardenter
922 4193 1137 4263 quaerit.
1163 4193 1320 4249 Hunc
1339 4200 1646 4258 conservat,
1676 4192 1769 4263 qui
1798 4207 1857 4248 se
1888 4190 2130 4248 custodit
2169 4205 2202 4246 a

622 4287 836 4358 laqueis
878 4272 943 4341 ac
986 4286 1225 4342 restibus
1267 4288 1414 4343 silvae
1453 4287 1618 4359 hujus
1652 4286 1864 4353 mundi,
1905 4286 1999 4357 qui
2035 4286 2201 4341 etiam

622 4399 743 4437 cum
787 4382 969 4435 timore
1002 4388 1052 4433 et
1101 4389 1301 4435 terrore
1332 4397 1487 4435 suam
1532 4381 1696 4451 ipsius
1739 4379 1962 4435 salutem
2011 4395 2203 4446 opera-

2299 522 2551 593 σώματος
2586 519 2695 573 ἀπὸ
2720 515 2927 578 κακῶν,
2962 514 3240 585 ἄσχιστον,
3295 515 3394 568 καλ⁹
3434 514 3668 587 ἄπαυστον,
3700 532 3759 584 καὶ

2297 614 2528 670 ἄσπιλον
2555 610 2647 666 τὸν
2671 609 2836 665 καλὸν
2863 607 3066 680 χιτῶνα
3094 606 3188 659 τοῦ
3214 604 3465 676 σώματος
3491 606 3757 679 διαφυλάσσει·

2297 707 2395 763 καὶ
2418 704 2558 776 αὐτὴ
2594 703 2683 758 διὰ
2730 701 2824 755 τοῦ
2867 699 3173 770 γνωστικοῦ
3222 697 3317 752 καὶ
3355 699 3666 771 διανοητικοῦ,
3703 714 3763 766 καὶ

2296 795 2636 868 διακριτικοῦ
2670 779 2979 867 θελήματος
3006 792 3207 862 αὐτῆς,
3240 791 3301 846 τὸ
3333 790 3391 844 δὲ
3414 792 3518 844 πᾶν
3533 792 3602 847 διὰ
3619 798 3763 867 τῆςπῦ

2296 891 2504 962 Κυρίου
2536 889 2840 960 δυνάμεως,
2872 886 3282 957 φυλαχθήσεται
3306 924 3322 948 ,
3356 883 3495 948 αὑτὴ
3531 887 3683 959 ἑαυτὴν
3703 894 3766 964 ὅση

2294 981 2521 1053 δύναμις
2541 979 2939 1050 συσφίγγουσα,
2966 978 3061 1030 καὶ
3081 976 3261 1045 πάσης
3277 972 3559 1043 ἐπιθυμίας
3580 985 3767 1053 κοσμικῆς

2293 1070 2738 1141 ἀποστρέφουσαο
2762 1067 2854 1121 καὶ
2873 1066 3045 1130 οὕτως
3065 1064 3169 1117 ὑπὸ
3183 1063 3275 1118 τοῦ
3302 1065 3771 1144 Κυρίουβοηθουμένη

2293 1163 2374 1227 είς
2399 1161 2459 1215 τὸ
2484 1161 2543 1229 ἐξ
2569 1159 2827 1231 ἀληθείας
2856 1155 3196 1226 φυλαχθῆναι
3222 1155 3393 1226 αὐτὴν
3425 1156 3529 1209 ἀπὸ
3540 1158 3629 1211 τῶν
3648 1178 3772 1231 προει.

2295 1251 2547 1324 ρημένων
2594 1249 2803 1304 κακῶν.
2834 1247 3007 1301 Ἐπάν
3038 1247 3147 1316 γὰρ
3177 1244 3259 1315 ἴδῃ
3289 1246 3317 1298 ὁ
3352 1244 3548 1316 Κύριός
3576 1265 3671 1302 τινα
3693 1268 3775 1319 γενς

2292 1342 2457 1407 ναίως
2506 1340 2981 1412 ἀποστρεφόμενον
3024 1338 3124 1400 τὰς
3174 1337 3270 1391 τοῦ
3322 1336 3438 1406 βίου
3490 1339 3681 1407 ἡδονὰς,
3715 1348 3774 1398 καὶ

2291 1435 2709 1506 περισπασμοὺς
2758 1431 2855 1485 καὶ
2916 1432 3188 1503 μερίμνας
3237 1429 3427 1493 ὑλικὰς
3485 1430 3572 1482 καὶ
3613 1432 3774 1503 δεσμοὺς

2290 1530 2532 1599 γητνους,
2564 1528 2661 1580 καὶ
2697 1524 3051 1595 ῥεμὸασμοὺς
3078 1523 3354 1593 λογισμῶν
3386 1524 3630 1592 ματαίων,
3658 1526 3775 1582 δίδωτι

2287 1625 2388 1696 τὴν
2432 1625 2564 1679 ίδίαν
2598 1625 2696 1695 τῆς
2729 1622 2951 1693 χάριτος
2988 1619 3261 1691 βοήθειαν,
3299 1619 3542 1673 ἄπτωτον
3579 1619 3776 1691 διατηρῶν

2289 1718 2387 1789 τὴν
2412 1718 2588 1788 ψυχὴν
2614 1716 2828 1786 ἐκείνην
2854 1713 2994 1781 διεξε
3003 1731 3098 1785 ρχο
3105 1714 3272 1784 μένην
3289 1711 3471 1775 καλῶς
3487 1712 3572 1764 τὸν
3585 1712 3779 1769 ἐνεστῶτα

2291 1809 2526 1881 πονηρὸν
2554 1808 2749 1863 αἰῶνα.
2779 1808 2889 1862 Καὶ
2916 1805 3090 1870 οὕτως
3109 1807 3143 1876 ή
3167 1802 3567 1876 ψχὴέπαίνων
3588 1804 3782 1875 οὗρανίων

2290 1902 2445 1975 παρά
2471 1901 2604 1956 Θεοῦ
2630 1902 2725 1955 καὶ
2744 1899 2991 1969 ἀγγέλων
3014 1897 3287 1963 τεύξεται,
3311 1898 3393 1950 ὅτι
3426 1895 3517 1949 τὸν
3543 1896 3710 1965 χιτῶνα
3723 1898 3781 1950 τοῦ

2290 1996 2542 2066 σώματος
2564 1994 2737 2066 αὐτῆς
2765 1993 2946 2056 καλῶς
2971 1990 3259 2061 διεφύλαξε
3285 1989 3378 2045 καὶ
3408 1987 3619 2059 ἑαυτὴν,
3638 1990 3785 2042 omni

2288 2089 2349 2142 ἐν
2376 2087 2513 2157 αὐτῇ
2543 2085 2789 2152 δυνατὸν,
2821 2085 3004 2138 πᾶσαν
3032 2081 3329 2153 ἐπιθυμίαν
3356 2080 3455 2134 τοῦ
3482 2081 3667 2151 κόσμου
3689 2083 3783 2135 ἀπο-

2291 2177 2614 2251 πραφεῖσα,
2674 2176 2773 2230 καὶ
2820 2173 2913 2229 ὑπ’
2974 2173 3142 2227 αὐτοῦ
3202 2171 3551 2244 βοηθηθεῑσα,
3592 2171 3670 2225 τὸν
3708 2171 3788 2242 δρό-

2292 2284 2393 2339 μον
2419 2266 2512 2321 τοῦ
2548 2265 2762 2322 σταδίου
2798 2264 2895 2320 τοῦ
2926 2264 3137 2336 κόσμου
3166 2261 3361 2317 τούτου
3400 2260 3583 2326 καλῶς
3621 2260 3791 2334 διεξελή-

2288 2356 2446 2412 λυθεν

2358 2536 2433 2590 E'.
2458 2535 2517 2589 El
2534 2533 2592 2589 δέ
2608 2551 2691 2598 τις
2707 2535 2765 2587 ἐν
2778 2530 3069 2605 χαυνότητι
3085 2530 3180 2585 καὶ
3204 2528 3450 2603 ῥᾳθυμίᾳ
3481 2528 3554 2600 μὴ
3576 2530 3795 2601 προσεχόν-

2294 2646 2404 2692 τως
2440 2630 2497 2681 ἐν
2531 2626 2609 2697 τῷ
2650 2626 2751 2697 βίῳ
2776 2625 2954 2696 τούτῳ
2977 2622 3309 2696 πορεύεται,
3343 2623 3443 2676 καὶ
3478 2624 3541 2675 ἐκ
3571 2621 3800 2692 θελήματος

2294 2720 2423 2773 ίδίου
2451 2720 2552 2773 οὐκ
2576 2718 2983 2789 ἀποστρέφεται
3000 2719 3180 2771 πᾶσαν
3206 2714 3505 2785 ἐπιθυμίαν
3523 2713 3611 2768 τοῦ
3632 2715 3795 2785 κόσμου,

2291 2815 2384 2868 καὶ
2402 2813 2495 2868 τὸν
2524 2812 2728 2886 Κύριον
2765 2812 2926 2883 μόνον
2952 2812 3010 2866 ἑν
3039 2811 3190 2883 πάσῃ
3219 2808 3494 2880 ἐπιθυμίᾳ
3515 2807 3802 2878 ἐπιζητεῖ,εὲ
3878 2814 3879 2859 ι

2291 2906 2394 2971 τὰς
2436 2905 2677 2969 ἀκάνθας
2706 2905 2801 2957 καὶ
2829 2902 2960 2968 ὕλας
3004 2902 3197 2956 τούτου
3226 2900 3319 2954 τοῦ
3360 2902 3573 2971 κόσμου
3611 2899 3800 2971 περιτεί-

2294 3016 2449 3071 ρεται
2479 3036 2495 3061 ,
2534 2996 2628 3050 καὶ
2661 2995 2766 3050 ὑπὸ
2807 2992 2903 3048 τοῦ
2942 2994 3114 3065 πυρὸς
3158 2992 3263 3063 τῆς
3309 2990 3613 3061 ἐπιθυμίας
3640 2991 3664 3042 ὁ
3689 2987 3804 3059 χιτὼν
3878 3020 3879 3039 ι

2292 3088 2388 3145 τοῦ
2443 3087 2695 3159 σώματος
2745 3086 3152 3159 παρακαίεται,
3193 3085 3288 3139 καὶ
3319 3084 3433 3138 ὑπὸ
3478 3081 3573 3136 τοῦ
3609 3081 3802 3153 popr

2293 3180 2403 3235 τῶν
2434 3179 2636 3252 ἡδονῶν
2671 3177 2979 3241 σπιλοῦται,
3004 3177 3098 3231 καὶ
3136 3176 3309 3241 οὕτως
3338 3175 3755 3248 ἀπαρρησίαστος
3787 3172 3808 3241 ἡ

2292 3272 2440 3345 ψυχὴ
2466 3275 2523 3326 ἐν
2553 3272 2737 3344 ἡμέρᾳ
2760 3270 2992 3341 κρίσεως
3014 3270 3351 3341 εὑρίσκεται,
3383 3269 3451 3322 τὸ
3486 3267 3679 3337 ἔνδυμα
3693 3266 3808 3330 αὐτῆς

2295 3367 2524 3424 ἄσπιλον
2552 3367 2626 3438 μὴ
2663 3362 2953 3435 δυνηθεῖσα
2988 3363 3260 3433 τηρῆσαι,
3290 3361 3436 3416 ἀλλὰ
3464 3360 3811 3429 καταφθείραιι

2299 3408 2521 3424 -..μην
2552 3408 2626 3438 νη,
2664 3408 2953 3435 --..,--.-..
3000 3408 3260 3433 ..η..,η-,
3291 3408 3435 3416 ηψπ
3467 3408 3783 3429 _____,___r,

2299 3460 2434 3515 αὐτὸ
2462 3462 2583 3525 ταῖς
2611 3458 2850 3522 ἀπάταις
2878 3454 2973 3510 τοῦ
2995 3455 3189 3519 αίῶνος
3215 3453 3413 3509 τούτου
3438 3470 3455 3485 ⁸
3487 3455 3586 3509 καὶ
3608 3453 3687 3507 διὰ
3704 3448 3811 3505 τοῦτο
3878 3408 3879 3487 ί

2297 3550 2604 3621 ἀπόϐλητος
2636 3549 2735 3618 τῆς
2783 3547 3065 3619 βασιλείας
3114 3546 3361 3616 γίγνεται
3390 3561 3406 3577 ·
3433 3545 3492 3599 τί
3519 3546 3627 3617 γὰρ
3659 3543 3814 3613 what

2298 3644 2328 3695 ό
2351 3640 2484 3706 Θεὸς
2510 3640 2590 3712 τῷ
2621 3640 2889 3711 θελήματι
2921 3638 2999 3710 τῷ
3031 3638 3149 3709 ἰδίῳ
3183 3636 3550 3709 παραδιδόντι
3583 3635 3743 3688 ἐαυτὸν
3767 3631 3812 3697 τῷ

2299 3734 2511 3805 κόσμῳ,
2541 3736 2637 3787 καὶ
2668 3733 3018 3803 ἀπατωμένῳ
3048 3734 3167 3795 ταῖς
3198 3731 3420 3801 ἡδοναῖς
3455 3728 3646 3793 αὐτοῦ,
3670 3728 3701 3798 ἢ
3725 3728 3813 3797 pep-

2300 3825 2532 3897 ϐασμοϊς
2556 3825 2763 3887 ὐλικοῖς
2783 3822 3222 3894 ἐκπλανωμένῳ;
3254 3822 3463 3893 ἐκείνῳ
3490 3822 3601 3891 γὰρ
3632 3818 3815 3890 βοήθειαν
3878 3878 3879 3897 1

2298 3892 2502 3985 δίδωσι,
2528 3919 2606 3990 τῷ
2640 3892 3102 3989 ἀποστρεφομένῳ
3140 3892 3241 3980 τὰς
3272 3892 3477 3977 ὑλικάς
3526 3911 3724 3982 ἡδονὰς,
3756 3907 3817 3959 ῑιὶ
3878 3892 3879 3967 ί

2301 4014 2576 4085 προτέρας
2622 4009 2914 4081 συνηθείας
2948 4023 2963 4038 ’
2996 4008 3088 4063 καὶ
3114 4007 3206 4079 βίᾳ
3233 4006 3334 4079 τὴν
3363 4005 3620 4058 διάνοιαν
3652 4001 3818 4054 πάντοτε
3878 4018 3879 4085 ς

2300 4104 2441 4177 πρὸς
2473 4103 2678 4175 Κύριον
2702 4102 2934 4166 ἕλκοντι,
2958 4099 3270 4173 ἀρνουμένῳ
3297 4115 3358 4151 τε
3390 4096 3617 4159 ἑαυτὸν,
3650 4092 3732 4146 καὶ
3762 4087 3819 4140 th
3878 4120 3879 4135 ι

2300 4196 2507 4266 Κύριον
2543 4195 2702 4266 μόνον
2726 4191 3069 4263 ἐπιζητοῦντι
3093 4209 3107 4222 ·
3138 4190 3327 4244 τοῦτον
3356 4190 3638 4260 διατηρεῖ,
3665 4185 3823 4247 161:9»-
3878 4232 3879 4235 η

2300 4284 2634 4355 λασσόμενον
2657 4283 2992 4355 πανταχόθεν
3020 4284 3083 4336 ὲκ
3112 4282 3223 4335 τῶν
3260 4282 3523 4350 παγίδων
3555 4279 3646 4332 καὶ
3675 4276 3820 4347 βρόχοι-θ

2303 4376 2403 4447 τῆς
2430 4376 2564 4447 ὕλης
2595 4373 2692 4429 τοῦ
2725 4373 2955 4445 κόσμου,
2981 4373 3093 4428 τὸν
3128 4371 3276 4444 μετὰ
3302 4373 3513 4442 φόϐου
3544 4370 3644 4425 καὶ
3669 4371 3826 4435 τρέμειν

625 4483 717 4528 tur
746 4470 813 4537 ³⁹,
849 4471 1109 4542 omnique
1144 4472 1453 4527 intentione
1479 4487 1577 4542 per
1631 4472 1879 4541 laqueos,
1926 4480 2102 4527 restes
2141 4480 2196 4526 et

2304 4466 2422 4536 τὴν
2444 4465 2668 4522 ἑαυτοῦ
2699 4467 3007 4533 σωτηρίαν
3032 4463 3594 4534 κατεργαζόμενον,
3632 4459 3713 4513 καὶ
3736 4454 3825 4525 pati

626 4565 1102 4635 concupiscentiae
1126 4565 1292 4634 hujus
1319 4565 1503 4620 saeculi
1522 4563 2074 4635 transit,Dominique
2097 4578 2199 4617 au-

628 4659 822 4713 xilium
851 4657 1117 4727 requirit,
1164 4672 1230 4712 ac
1267 4672 1367 4728 per
1401 4657 1630 4729 gratiam
1658 4656 2053 4714 misericordia:
2085 4656 2205 4728 ejus

629 4749 830 4805 salvari
849 4756 1033 4808 Sperat

698 4929 787 4986 Vl.
810 4928 952 4984 Ecce
966 4928 1113 4984 enim
1135 4930 1179 4961 ³⁰
1204 4928 1447 5000 quinque
1465 4928 1764 5000 prudentes
1791 4946 1856 4987 ac
1878 4931 2077 4988 sobriae
2098 4933 2207 4987 vir-

632 5022 811 5094 gines,
845 5020 1105 5076 alacriter
1134 5032 1485 5078 aceersentes
1532 5022 1803 5093 hospitem
1828 5034 2039 5081 natura:
2072 5041 2202 5091 suae,

630 5124 859 5186 accepto
891 5115 947 5169 in
993 5115 1216 5170 vasibus
1266 5114 1452 5170 cordis
1490 5114 1576 5171 sui
1608 5115 1754 5180 oleo,
1811 5115 1915 5171 hoc
1958 5124 2063 5183 est,
2109 5131 2205 5173 su-

630 5224 800 5281 perna
833 5209 1005 5279 gratia
1058 5207 1318 5279 Spiritus,
1348 5216 1652 5279 potuerunt
1692 5208 1903 5279 ingredi
1947 5225 2054 5264 una
2080 5225 2206 5264 cum

635 5300 849 5371 Sponso
880 5301 934 5355 in
958 5301 1238 5356 ctelestern
1270 5301 1587 5356 thalamum.
1618 5300 1865 5370 Reliqua:
1883 5317 2016 5356 vero
2050 5301 2212 5357 fatua:

634 5394 691 5449 in
720 5410 820 5450 sua
864 5394 1037 5464 ipsius
1066 5404 1263 5449 natura
1298 5405 1708 5465 permanentes,
1752 5410 1862 5449 non
1892 5394 2211 5466 vigilarunt,

635 5502 739 5542 nec
766 5502 989 5558 operam
1046 5486 1337 5553 dederunt,
1388 5496 1450 5541 ut
1504 5488 1683 5542 oleum
1713 5487 2094 5543 exsultationis
2119 5502 2213 5542 ac-

636 5580 887 5649 ciperent
909 5579 965 5633 in
1001 5578 1147 5634 vasis
1192 5578 1328 5645 suis,
1382 5578 1478 5633 sed
1519 5579 1672 5633 velut
1720 5578 1777 5633 in
1824 5593 1990 5634 carne
2035 5578 2218 5634 adhuc

740 5756 786 5792 ³⁸
816 5754 1016 5828 Philip.
1052 5772 1110 5825 ιι,
1142 5755 1232 5812 ιε.
1305 5756 1348 5838 ff
1375 5755 1565 5813 Matth.
1592 5771 1717 5825 xxv,
1758 5755 1784 5810 1
1814 5770 1964 5826 seqq.
2030 5716 2040 5724 ι

2306 4560 2490 4631 πάσης
2513 4559 2837 4633 προσεχείας
2867 4558 2955 4612 διὰ
2996 4556 3110 4610 τῶν
3134 4555 3385 4625 παγίδων
3430 4556 3538 4610 καὶ
3569 4554 3753 4627 βρόχων
3773 4548 3829 4599 ni

2305 4651 2610 4721 ἐπιθυμιῶν
2639 4653 2734 4704 τοῦ
2767 4650 2962 4715 αἰῶνος
2994 4648 3184 4705 τούτου
3209 4646 3748 4723 παρερχόμενον,καὶ
3767 4644 3828 4707 τὴτ

2304 4744 2401 4798 τοῦ
2426 4743 2631 4816 Κυρίου
2669 4743 2922 4815 βοήθειαν
2940 4742 3324 4813 ἐπιζητοῦντα,
3346 4744 3455 4797 καί
3472 4742 3556 4814 τῷ
3579 4742 3707 4795 ἐλέει
3724 4734 3832 4790 uitii

2306 4838 2397 4891 διὰ
2434 4838 2533 4907 τῆς
2565 4837 2788 4908 χάριτος
2818 4834 3086 4900 σώζεσθαι
3109 4835 3435 4900 ἐλπίζοντα.

2379 4931 2469 4996 ς’.
2487 4929 2615 4982 Ἰδοὺ
2630 4928 2738 4998 γὰρ
2748 4929 2805 4982 αί
2818 4928 2977 4982 πέντε
2991 4928 3253 4999 παρθένοι
3274 4929 3330 4982 αἱ
3361 4928 3653 5001 φρόνιμοι,
3665 4923 3837 4995 νήιᾷατε

2307 5023 2402 5075 καὶ
2434 5022 2872 5094 γοργευσάμεναι
2896 5020 2957 5075 τὸ
2987 5020 3135 5086 ξένον
3160 5022 3257 5092 τῆς
3285 5023 3521 5075 ἑαυτῶν
3545 5021 3757 5091 φύσεως.
3782 5016 3839 5062 λε’
3878 5064 3879 5071 η

2308 5114 2501 5168 δοῦσαι
2529 5115 2589 5168 τὸ
2613 5113 2790 5168 ἔλαιον
2819 5115 2878 5168 ἐν
2902 5116 3015 5177 τοῖς
3044 5115 3289 5183 ἀγγείοις
3310 5115 3425 5185 τῆς
3448 5114 3682 5187 καρδίας
3700 5107 3843 5165 αὐτῶ..

2307 5208 2552 5261 τουτέστι
2576 5207 2675 5275 τὴν
2702 5206 2907 5261 ἄνωθεν
2940 5208 3101 5279 χάριν
3128 5207 3221 5261 τοῦ
3259 5208 3413 5261 Πνεύ
3424 5226 3625 5280 ματος,
3654 5199 3843 5274 ἠδυνήθη·

2313 5317 2410 5353 σαν
2451 5298 2809 5352 συνεισελθεῖν
2836 5299 2914 5369 τῷ
2928 5300 3166 5371 Νυμφίῳ
3190 5301 3269 5364 είς
3296 5300 3402 5354 τὸν
3426 5300 3745 5371 ἐπουράνιον
3758 5312 3846 5358 νος.-

2315 5394 2487 5462 φῶνα.
2542 5394 2607 5446 Αἱ
2646 5392 2704 5446 δὲ
2737 5392 2895 5447 ἄλλαι
2926 5395 2980 5446 αἱ
3028 5394 3245 5467 μωραὶ,
3274 5396 3333 5447 αἱ
3392 5397 3458 5448 ἐν
3500 5399 3571 5467 τῇ
3619 5395 3716 5463 ἰδίᾳ
3740 5388 3844 5455 φύε·

2316 5485 2704 5557 ἁπομείνασαι,
2731 5485 2832 5539 οὐκ
2871 5485 3076 5556 ἐνηψαν
3112 5488 3207 5541 καὶ
3250 5488 3625 5544 ἐσπούδασαν
3663 5479 3851 5552 δέκεσθει

2318 5578 2377 5632 τὸ
2403 5577 2582 5634 ἔλαιον
2599 5579 2699 5649 τῆς
2719 5576 3095 5647 ἀγαλλιάσεως
3133 5581 3192 5635 ὲν
3229 5581 3347 5644 τοῖς
3385 5580 3651 5650 ἀγγείοις
3688 5571 3851 5630 αὐτῶν
