3948 6556
162 330 258 396 477

1379 329 2034 394 HOMILIIE.-HOM.
2078 331 2175 393 IV.

3279 334 3388 401 478

157 446 226 509 ὡς
258 444 337 500 ἔτι
362 446 420 500 ἐν
452 445 617 518 σαρκὶ
636 441 794 519 ἦσαν,
822 445 937 502 ἀλλ’
966 446 1152 519 ὥσπερ
1180 446 1633 519 ἀπεκοιμήθησαν
1649 444 1717 498 δι⁹

1820 454 2026 509 essent,
2072 460 2175 515 per
2218 444 2629 516 negligentiam,
2693 445 3002 516 segnitiem,
3055 447 3387 511 socordiam.

155 535 430 605 ἀμέλειαν,
459 538 554 589 καὶ
579 538 903 609 χαυνότητα,
934 538 1029 591 καὶ
1056 537 1346 611 ῥαθυμίαν,
1389 540 1484 593 καὶ
1535 538 1714 607 άγνιιυ⁴

158 626 295 691 σίαν,
321 626 355 698 ἢ
385 627 481 682 καὶ
512 628 690 699 οίησιν
716 629 1062 699 δικαιοσύνης
1090 646 1106 661 ·
1129 629 1212 684 διὸ
1239 628 1335 684 καὶ
1362 628 1454 683 τοῦ
1486 627 1713 699 νυμφῶ-

154 736 237 784 νος
288 720 389 791 τῆς
439 719 716 791 βασιλείας
738 720 1216 791 ἀπεκλείσθησαν,
1278 722 1353 793 μὴ
1404 721 1714 793 δυνηθεῖσαι

153 811 511 883 εὐαρεστῆσαι
568 812 647 883 τῷ
698 813 999 885 ἐπουρανίῳ
1050 813 1306 884 Νυμφίῳ.
1358 813 1553 884 Δεσμῷ
1606 813 1716 883 γάρ

153 903 380 973 κόσμου,
413 902 507 957 καὶ
545 904 733 977 ἀγάπῃ
764 904 876 956 τινὶ
921 904 1086 976 γηῖνῃ
1126 903 1565 974 κατασχεθεῖσαι,
1618 902 1717 974 τὴν

151 995 373 1065 ἀγάπην
403 994 583 1049 αὐτῶν
610 995 759 1066 δλην,
795 995 891 1051 καὶ
921 995 1014 1050 τὸν
1039 996 1218 1067 ἔρωτα
1254 995 1392 1067 πρὸς
1416 995 1507 1049 τὸν
1550 993 1716 1064 οὐρά-

148 1107 257 1144 νιον
285 1090 540 1160 Νυμφίον
555 1091 655 1144 οὐκ
672 1090 896 1160 ἔδωκαν,
930 1090 1054 1146 οὔτε
1081 1091 1141 1146 τὸ
1167 1092 1344 1145 ἔλαιον
1368 1089 1711 1163 ἐκομίσαντο.

148 1181 260 1234 Καὶ
288 1181 400 1252 γὰρ
424 1184 479 1234 αἰ
509 1180 569 1235 τὸ
609 1181 762 1249 ξένον
786 1182 885 1253 τῆς
934 1182 1151 1252 φύσεως
1178 1182 1271 1237 τὸν
1307 1182 1577 1253 ἁγιασμόν
1620 1181 1716 1235 τοῦ

146 1271 469 1342 Πνεύματος
498 1272 756 1342 ζητοῦσαι
779 1274 949 1343 ψυχαὶ
968 1313 983 1338 ,
1013 1274 1143 1344 ὃλην
1161 1272 1259 1344 τὴν
1291 1273 1513 1343 ἀγάπην
1541 1272 1718 1327 αὐτῶν

144 1363 287 1433 πρὸς
319 1362 524 1435 Κύριον
548 1364 937 1435 ἀποδεσμοῦσι,
961 1369 1122 1420 κάκεῖ
1144 1364 1528 1438 περιπατοῦσι,
1559 1366 1721 1419 κάκεῖ

144 1455 425 1525 εὔχονται,
482 1460 645 1511 κακεῖ
668 1457 972 1525 λογίζονται
1003 1460 1179 1513 πάντα
1207 1458 1716 1529 ἀποστρεφόμεναι·

141 1546 227 1600 διδ
247 1547 344 1599 καὶ
380 1547 758 1613 καταξιοῦνται
779 1547 963 1601 λαϐεῖν
995 1547 1055 1601 τὸ
1092 1548 1266 1601 ἔλαιον
1286 1551 1383 1620 τῆς
1397 1547 1719 1619 ἐπουρανίου

140 1637 374 1709 χάριτος
398 1654 414 1670 ·
448 1638 544 1692 καὶ
591 1637 765 1703 οὕτως
816 1639 1057 1693 ἀπτωτοι
1090 1639 1380 1705 διεξελθεῖν
1429 1639 1679 1694 δύνανται
1703 1678 1719 1702 ,

1813 534 2195 607 ignorantiam,
2244 543 2341 590 aut
2370 535 2535 591 etiam
2561 536 2881 605 opinionem
2909 537 3157 608 justitiaz,
3188 540 3392 595 obdor-

1812 628 2106 684 miverunt.
2135 629 2432 699 Propterea
2468 628 2632 684 etiam
2664 628 2904 683 thalamo
2957 631 3110 701 regni
3156 632 3392 687 exclusae

1812 727 1962 785 sunt,
2012 734 2138 774 cum
2194 719 2413 789 placere
2459 734 2575 774 non
2617 727 2844 790 possent
2895 720 3106 774 emlesti
3153 719 3387 791 Sponso.

1812 812 2048 867 Vinculo
2092 812 2240 867 enim
2286 812 2501 879 mundi,
2555 822 2610 869 et
2653 822 2875 868 terreno
2916 812 3153 883 quodam
3202 830 3391 869 amore

1814 904 2047 960 detentae
2058 919 2276 958 omnem
2296 904 2641 960 dilectionem
2663 913 2718 960 et
2739 921 2980 961 amorem
3002 922 3160 961 suum
3180 907 3390 962 caelesti

1816 996 2028 1067 Sponso
2060 1010 2171 1051 non
2192 988 2534 1062 obtulerunt,
2570 1012 2749 1066 neque
2796 997 2977 1051 oleum
3025 1012 3210 1051 secum
3240 1012 3391 1052 sum-

1815 1096 2065 1159 pserunt.
2102 1087 2234 1155 Quae
2282 1087 2430 1142 enim
2462 1088 2657 1142 animae
2684 1095 2894 1142 natura:
2933 1103 3044 1143 sua:
3093 1088 3388 1159 hospitem,

1816 1178 2305 1234 sanctiﬁcationem
2335 1177 2553 1233 scilicet
2579 1177 2841 1248 Spiritus,
2866 1187 3140 1248 quaerunt,
3158 1189 3267 1234 tota
3292 1194 3391 1235 sua

1816 1272 2108 1328 dilectione
2157 1270 2392 1325 Domino
2449 1271 2857 1334 devinciuntur,
2922 1271 3036 1326 illic
3081 1271 3388 1335 ambulant,

1817 1362 1931 1417 illic
1960 1369 2280 1432 precantur,
2312 1360 2534 1430 illicque
2566 1360 2927 1430 cogitationes
2962 1375 3088 1414 suas
3121 1360 3387 1431 defigunt,

1819 1452 2031 1507 caeteris
2064 1452 2322 1506 omnibus
2367 1450 2588 1520 spretis.
2634 1450 2931 1519 Propterea
2979 1449 3145 1504 etiam
3213 1450 3392 1520 dignm

1820 1546 2115 1609 habentur,
2147 1559 2267 1614 qua:
2292 1543 2564 1613 accipiant
2591 1542 2773 1596 oleum
2807 1542 3005 1597 divinae
3038 1540 3224 1612 gratiae
3267 1557 3281 1593 :
3336 1548 3393 1594 et

1821 1639 1902 1693 sic
1917 1638 2123 1707 absque
2150 1637 2257 1691 ulla
2274 1636 2580 1691 oﬂ‘ensione
2605 1636 2771 1689 vitam
2802 1636 3103 1701 transigere
3125 1644 3380 1704 possunt,

136 1730 372 1794 τελείως
421 1732 501 1802 τῷ
541 1730 897 1802 πνευματικῷ
928 1732 1165 1802 Νυμφίῳ
1214 1732 1623 1803 εὐαρεστοῦσαι.
1652 1732 1718 1787 Δί

1823 1728 1983 1785 valde
2026 1728 2297 1798 spirituali
2356 1726 2570 1797 Sponso
2615 1736 2853 1797 acceptae
2875 1735 2929 1782 et
2957 1737 3144 1798 gratae.
3180 1728 3395 1781 Animae

137 1820 255 1892 γὰρ
280 1790 367 1884 εἰς
393 1790 491 1893 τὴν
520 1790 884 1890 φύσιν-αὐτῶν
903 1790 1270 1893 ἀπομένουσαι
1296 1790 1469 1895 vti/lixa).
1506 1822 1585 1894 τῷ
1627 1822 1717 1876 λο-

1824 1833 1954 1873 vero
1970 1817 2024 1872 in
2058 1833 2155 1872 sua
2171 1826 2363 1871 natura
2380 1826 2764 1887 permanentes
2793 1815 3214 1886 cogitationibus
3237 1816 3393 1871 humi

136 1910 336 1981 γισμῷ
358 1911 451 1963 ἐπὶ
471 1912 571 1981 τῆς
597 1914 700 1983 γῆς
722 1913 1000 1984 ἕρπουσιν,
1030 1914 1122 1967 ἐπὶ
1149 1914 1252 1985 γῆς
1278 1914 1604 1983 λογίζονται,
1628 1914 1720 1967 ἐπὶ

134 2002 254 2071 γῆς
288 2001 390 2073 τὴν
420 2002 628 2056 δίαιταν
669 2006 697 2057 ό
736 2003 858 2068 νοῦς
888 2006 1070 2060 αὐτῶν
1099 2005 1213 2077 ἔχει
1236 2023 1251 2037 ·
1275 2005 1370 2059 καὶ
1398 2005 1475 2077 τῷ
1506 2006 1604 2076 μὲν
1637 2004 1721 2058 δο-

133 2097 266 2146 κεῖν
304 2093 584 2164 νομίζουσι
623 2095 718 2148 τοῦ
766 2096 1022 2166 Νυμφίου
1066 2093 1227 2163 εἶναι,
1271 2099 1365 2153 καί
1393 2097 1720 2169 δικαιώμασι

133 2190 531 2258 κεκοσμῆσθαι
581 2189 782 2258 σαρκός
814 2206 830 2221 ·
861 2189 1066 2243 ἀνωθεν
1100 2190 1159 2244 δὲ
1185 2193 1250 2244 ἐκ
1275 2190 1370 2243 τοῦ
1406 2188 1722 2260 Πνεύματος

131 2279 246 2331 οὐκ
281 2278 673 2350 ἐγεννήθησαν,
714 2278 775 2333 τὸ
810 2279 989 2333 ἔλαιον
1012 2281 1114 2352 τῆς
1139 2281 1509 2351 ἀγαλλιάσεως
1542 2279 1617 2352 μὴ
1637 2280 1724 2334 δε-

135 2371 402 2441 ξάμεναι.

214 2464 297 2517 Z'.
342 2465 411 2516 Al
450 2462 560 2535 γὰρ
604 2462 764 2517 πέντε
802 2464 1018 2533 λογικαὶ
1061 2464 1342 2533 αἰσθήσεις
1383 2465 1484 2535 τῆς
1519 2464 1720 2535 ψυχῆς,

136 2560 244 2614 ἐάν
291 2559 553 2623 δέξωνται
596 2560 695 2633 τὴν
738 2560 942 2616 ἀνωθεν
984 2562 1175 2632 χάριν,
1220 2563 1316 2614 καὶ
1340 2562 1431 2617 τὸν
1453 2562 1723 2633 άγιασμὸν

132 2651 239 2705 τοῦ
290 2652 607 2723 Πνεύματος
627 2694 643 2719 ,
691 2652 908 2724 ἀληθῶς
942 2654 1201 2724 παρθένοι
1234 2654 1487 2723 φρόνιμοι
1518 2656 1722 2725 τυγχιιὶ⁸

1820 1920 2043 1982 repunt,
2074 1911 2317 1975 humana
2348 1911 2612 1980 cogitant,
2659 1909 2811 1964 humi
2859 1909 3073 1963 illarum
3114 1924 3269 1963 mens
3296 1909 3395 1963 do-

1820 2002 2084 2058 micilium
2114 2002 2311 2057 habet:
2341 2011 2397 2057 et
2419 2001 2641 2071 quidem
2682 2001 2938 2070 opinione
2969 2016 3066 2055 sua
3093 2014 3391 2070 persuasae,

1820 2107 1880 2148 se
1934 2092 2003 2146 ad
2052 2091 2323 2162 Sponsum
2378 2099 2649 2161 spectare,
2696 2100 2858 2160 atque
2907 2091 3395 2162 justiﬁcationibus

1821 2184 2002 2240 carnis
2025 2192 2315 2239 exornatas
2340 2198 2399 2237 se
2446 2181 2548 2252 15
2573 2196 2693 2237 esse
2731 2190 2959 2252 putant;
2995 2182 3233 2251 desuper
3259 2198 3393 2237 vero

1821 2290 1890 2331 ex
1915 2274 2124 2347 Spiritu
2145 2281 2285 2328 nata:
2309 2288 2421 2329 non
2447 2282 2593 2340 sunt,
2614 2287 2739 2328 cum
2780 2272 2961 2327 oleum
3011 2272 3396 2328 exsultationis

1834 2382 1946 2423 non
1972 2366 2306 2437 acceperint.

1891 2469 2007 2525 VII.
2034 2467 2290 2539 Quinque
2318 2469 2467 2525 enim
2501 2470 2697 2525 animae
2734 2470 3020 2526 rationalis
3062 2485 3278 2537 sensus,
3302 2486 3395 2525 ac~

1821 2572 1981 2632 cepta
2004 2576 2239 2631 superna
2260 2562 2434 2632 gratia
2465 2570 2520 2616 et
2554 2562 2989 2618 sanctiﬁcatione
3030 2562 3271 2633 Spiritus
3303 2579 3394 2618 re-

1823 2667 1953 2707 vera
1974 2660 2104 2705 sunt
2126 2650 2426 2720 prudentes
2437 2650 2700 2720 virgines,
2721 2650 2924 2720 quippe
2942 2667 3063 2720 qua:
3087 2651 3398 2720 acceperint

129 2761 303 2798 νουσι
322 2785 339 2809 ,
387 2746 486 2815 τὴν
519 2745 725 2799 ἄνωθεν
753 2746 854 2813 τῆς
878 2746 1096 2817 χάριτος
1125 2745 1415 2817 δεξάμεναι
1442 2746 1718 2818 φρόνησιν.

1824 2756 2062 2812 superne
2090 2741 2415 2812 sapientiam
2448 2740 2655 2808 gratiae.
2698 2740 2754 2795 Si
2786 2756 2920 2795 vero
2959 2742 3016 2795 in
3045 2742 3157 2795 sola
3192 2751 3388 2797 natura

126 2836 200 2889 Εἰ
236 2835 301 2889 δὲ
331 2837 414 2899 εἰς
441 2837 540 2905 τὴν
568 2836 729 2906 φύσιν
756 2838 935 2891 αὐτῶν
966 2839 1135 2908 μόνην
1160 2838 1517 2908 ἀπομείνωσι,
1545 2838 1718 2908 μωραί

1833 2849 1931 2889 sua
1953 2833 2446 2905 persistant,fatuae
2470 2834 2985 2904 deprehenduntur,
3014 2843 3069 2890 et
3088 2835 3212 2889 ﬁliae
3230 2851 3394 2890 mun-

125 2926 501 2999 εὑρίσκονται
520 2969 536 2994 ,
589 2928 685 2982 καὶ
716 2929 879 2982 τέκνα
912 2928 1006 2981 τοῦ
1036 2928 1241 3000 κόσμου
1274 2928 1686 2983 ἀποδείκνυνται
1707 2945 1718 2959 ·

1825 2926 1881 2982 di
1901 2942 2021 2983 esse
2046 2926 2527 2982 demonstrantur:
2547 2943 2655 2981 non
2674 2926 2821 2982 enim
2851 2935 3122 2983 exuerunt
3142 2928 3397 2997 spiritum

120 3019 241 3072 οὐκ
273 3018 618 3073 ἀπεδύσαντο
644 3021 749 3093 γὰρ
778 3021 839 3073 τὺ
867 3020 1083 3091 πνεῦμα
1110 3021 1205 3074 τοῦ
1239 3021 1443 3092 κόσμου
1462 3064 1478 3087 ,
1521 3020 1625 3074 κᾶν
1647 3022 1718 3093 τῷ

1826 3019 2039 3086 mundi,
2070 3019 2321 3090 quamvis
2367 3019 2645 3075 exteriore
2699 3033 2973 3085 sermone,
3019 3019 3279 3089 opinione
3334 3035 3399 3075 ac

121 3111 326 3164 δοκεῖν
353 3110 632 3180 νομίζουσι
653 3151 669 3174 ,
692 3112 759 3165 δι’
780 3113 1168 3183 εὐλογοφανίας
1190 3112 1342 3177 τινὰς
1384 3113 1481 3167 καὶ
1518 3114 1718 3184 σχῆμα,

1825 3110 2002 3166 forma
2026 3120 2208 3176 motat,
2238 3126 2296 3167 se
2322 3126 2442 3166 esse
2464 3109 2663 3180 Sponsi
2693 3126 2943 3180 sponsas,
2975 3110 3113 3166 falso
3138 3111 3241 3166 sibi
3268 3126 3401 3181 per-

116 3201 233 3255 τοῦ
267 3200 523 3272 Νυμφίου
552 3196 689 3256 εἶναι
714 3202 941 3273 νύμφαι.
964 3205 1170 3275 Ὥσπερ
1190 3205 1298 3275 γὰρ
1320 3206 1375 3258 αἰ
1396 3205 1513 3260 ὅλαι
1532 3207 1590 3271 ἐξ
1607 3206 1718 3261 ὅλου

1835 3204 2118 3260 suadeant.
2166 3201 2640 3269 Quemadmodum
2676 3201 2824 3257 enim
2855 3203 3071 3269 animae,
3120 3219 3242 3273 quae
3274 3211 3402 3257 totae

118 3290 219 3362 τῷ
251 3291 456 3363 Κυρίῳ
494 3293 971 3365 προσκολλὼμεναι
1000 3296 1207 3366 ψυχαὶ,
1257 3297 1375 3350 ἐκεῖ
1401 3298 1507 3351 εἰσι
1535 3297 1613 3369 τῷ
1638 3298 1718 3352 λο-

1834 3297 2059 3351 omnino
2092 3296 2330 3351 Domino
2380 3295 2650 3350 devincta:
2687 3303 2837 3360 sunt,
2876 3292 2993 3350 illic
3035 3296 3402 3366 cogitationes

114 3378 370 3450 γισμῷ,
424 3381 583 3435 κάκεῖ
630 3381 911 3452 εὔχονται,
957 3384 1121 3438 κάκεῖ
1152 3385 1531 3457 περιπατοῦσι,
1568 3389 1718 3441 κάκεῖ

1834 3404 1982 3456 Suas,
2016 3396 2183 3459 atque
2208 3388 2320 3443 illic
2342 3402 2536 3459 preces
2564 3404 2693 3444 suas
2740 3396 3018 3453 exercent,
3056 3388 3170 3443 illic
3207 3388 3406 3443 ambu-

118 3472 512 3527 ἐπιποθοῦσιν
542 3475 622 3539 εἰς
650 3474 747 3545 τὴν
771 3475 866 3529 τοῦ
893 3477 1099 3548 Κυρίου
1128 3478 1368 3550 ἀγάπην·
1397 3479 1540 3534 οὕτω
1565 3480 1718 3535 πάλιν

1832 3480 1968 3546 lant,
1997 3489 2053 3536 et
2088 3480 2203 3536 illic
2226 3479 2504 3535 desiderio
2534 3478 2847 3535 dilectionis
2879 3480 2976 3534 Dei
3002 3488 3295 3534 tenentur:
3323 3480 3402 3534 sic

113 3566 345 3635 ψυχαὶ,
382 3567 439 3618 αἱ
488 3567 547 3619 ἐν
576 3569 642 3638 τῇ
674 3568 863 3639 ἀγάπῃ
892 3567 985 3621 τοῦ
1013 3568 1218 3639 κόσμου
1243 3570 1513 3635 δοθεῖσαι,
1547 3573 1641 3625 καὶ
1670 3575 1718 3627 ἐν

1831 3586 2154 3630 econverso
2198 3572 2413 3636 animae,
2458 3586 2582 3641 quae
2632 3569 2914 3625 dilectioni
2962 3569 3154 3624 mundi
3203 3570 3402 3625 deditae

109 3662 197 3731 τῇ
232 3661 314 3730 γῇ
345 3659 452 3728 τὴν
476 3659 685 3714 δίαιταν
711 3659 856 3731 ἔχειν
885 3659 1222 3732 βουλόμεναι,
1257 3664 1373 3716 ἐκεῖ
1401 3664 1718 3735 περιπατοῦ-

1832 3671 1981 3727 sunt,
2029 3671 2085 3718 et
2135 3662 2191 3717 in
2231 3672 2379 3717 terra
2420 3662 2760 3716 domicilium
2806 3661 3010 3716 habere
3030 3661 3244 3727 volunt,
3290 3661 3402 3716 illic

98 3768 204 3817 σε,
256 3753 365 3803 καὶ
398 3752 514 3803 ἐκεῖ
538 3749 865 3821 λογίζονται,
909 3755 1027 3807 ἐκεῖ
1050 3755 1079 3807 ὁ
1103 3755 1229 3819 νοῦς
1253 3755 1602 3812 ἐνδιαιτᾶται.
1637 3758 1718 3812 Διί

1833 3754 2136 3820 ambulant,
2181 3752 2297 3808 illic
2330 3751 2590 3823 cogitant,
2613 3751 2726 3807 illic
2754 3767 2943 3807 earum
2977 3766 3130 3807 mens
3165 3751 3401 3807 habitat.

98 3843 226 3897 καὶ
264 3843 685 3914 ἀμετάτρεπτοι
715 3846 851 3917 πρὸς
876 3845 936 3898 τὸ
956 3846 1160 3915 ἀγαθὸν
1182 3848 1433 3920 φρόνημα
1455 3848 1549 3903 τοῦ
1571 3850 1718 3904 πνεύ-

1833 3846 2134 3915 Propterea
2184 3844 2350 3900 etiam
2406 3843 2475 3899 ad
2524 3843 2727 3897 bonam
2763 3843 2990 3914 spiritus
3023 3842 3399 3913 prudentiam,

91 3953 323 4008 ματος
378 3936 708 4004 τυγχάνουσι
730 3977 744 4002 ,
798 3936 946 4002 ξένον
991 3937 1051 3991 όν
1083 3956 1137 3991 τι
1174 3940 1274 4009 τῆς
1302 3940 1517 4010 φύσεως
1548 3943 1718 4013 ημῶν,

1832 3952 1955 4008 quae
1976 3944 2062 3992 est
2085 3936 2286 4006 hospes
2310 3941 2520 3989 natura:
2552 3942 2773 3999 nostra,
2804 3934 3246 4004 consequendam
3269 3950 3404 3989 con-

78 4027 290 4094 λέγω
317 4026 382 4079 δὲ
433 4025 530 4098 τὴν
562 4029 884 4098 ἐπουράνιον
914 4029 1094 4100 χάριν,
1130 4030 1305 4101 χρεὼν
1335 4033 1596 4102 συστῆναι
1633 4035 1718 4088 καὶ

1830 4029 1974 4084 verti
2015 4035 2317 4099 nequeunt,
2344 4027 2646 4091 caelestem,
2678 4027 2922 4096 inquam,
2954 4027 3207 4097 gratiam,
3237 4042 3401 4097 quam

84 4118 549 4189 συμπλακῆναι
580 4122 648 4191 τῇ
680 4120 839 4188 φύσει
867 4122 1043 4191 ἡμῶν,
1076 4123 1163 4177 ἵνα
1188 4123 1505 4195 δυνηθῶμεν
1535 4128 1614 4190 εἰς
1637 4127 1718 4180 τὸν

1835 4129 2038 4176 nostrae
2060 4120 2315 4191 conjungi
2362 4127 2418 4174 et
2461 4118 2787 4190 agglutinari
2835 4128 3045 4173 naturae
3063 4126 3302 4188 oportet,
3342 4128 3404 4172 ut

72 4211 485 4283 ἐπουράνιον
504 4211 767 4282 νυμφῶνα
790 4214 890 4283 τῆς
912 4214 1188 4284 βασιλείας
1208 4213 1286 4286 τῷ
1310 4216 1497 4288 Κυρίῳ
1523 4234 1718 4270 συνεισ-

1829 4214 2107 4286 possimus
2152 4212 2210 4267 in
2243 4212 2521 4267 caelestem
2580 4211 2880 4265 thalamum
2924 4211 3075 4282 regni
3120 4227 3231 4266 una
3277 4227 3402 4266 cum

65 4300 348 4364 εὶθεῖν,
388 4300 487 4352 καὶ
514 4300 614 4368 τῆς
639 4302 859 4354 αἰωνίου
888 4301 1159 4374 σωτηρίας
1186 4305 1391 4373 τυχεῖν.

1830 4307 2064 4362 Ι)οωίηο
2094 4305 2331 4377 ingredi,
2350 4314 2405 4360 et
2424 4314 2685 4360 aeternam
2718 4304 2945 4360 salutem
2976 4305 3259 4375 consequi.

162 4394 292 4446 ΞΡ.
341 4390 513 4443 Ξένον
539 4392 649 4462 γὰρ
677 4392 774 4463 τῆς
801 4392 1013 4462 φύσεως
1038 4394 1193 4464 ἡμῶν
1212 4434 1227 4458 ,
1263 4394 1363 4464 τὴν
1393 4394 1589 4448 κακίαν
1617 4394 1718 4448 τῶν

1903 4399 2041 4457 VIII.
2065 4399 2212 4454 Loco
2241 4397 2389 4453 enim
2415 4396 2649 4467 hospitis
2664 4404 2873 4451 natura:
2901 4396 3403 4461 nostrae,malitiam

62 4483 338 4538 παθῶν
398 4481 493 4536 διὰ
540 4482 641 4551 τῆς
686 4483 975 4553 παρακοῆς
1033 4483 1127 4565 τρῦ
1174 4484 1392 4554 πρώτου
1441 4482 1718 4556 ἀνθρώπου

1834 4490 2187 4547 aﬁ‘ectionum
2202 4503 2302 4560 per
2315 4487 2743 4543 inobedientiam
2758 4487 2922 4557 primi
2946 4487 3188 4542 hominis
3212 4488 3268 4542 in
3303 4502 3405 4543 nos

52 4581 138 4633 ἑν
200 4575 479 4637 ἑαυτοῖς
523 4573 863 4645 ἐδεξάμεθα,
917 4577 982 4647 ἢν
1028 4576 1122 4628 καὶ
1163 4573 1351 4643 ὥσπερ
1383 4573 1545 4642 φύσιν
1574 4572 1718 4644 ήμῶι

1833 4583 2166 4655 recepimus,
2194 4596 2357 4651 quam
2375 4581 2431 4635 in
2461 4579 2623 4634 nobis
2648 4578 2818 4634 veluti
2840 4579 3130 4648 quamdam
3150 4589 3404 4634 naturam

50 4668 511 4725 καταστᾶσαν
563 4667 819 4739 συνηθείᾳ
861 4669 956 4720 καὶ
995 4666 1263 4739 προλήψει
1292 4666 1492 4738 πολλῇ,
1524 4666 1611 4719 διὰ
1633 4665 1718 4719 τοῐ

1837 4673 2244 4731 consuetudine
2270 4682 2327 4727 et
2354 4673 2517 4742 longo
2548 4686 2650 4726 usu
2683 4669 3200 4741 conﬁrmatam,per
3218 4671 3406 4742 hospi-

36 4767 273 4833 ξένου
308 4761 434 4832 τῆς
454 4758 669 4829 φύσεως
691 4760 850 4832 ήμῶν
872 4802 887 4826 ,
913 4763 1013 4831 τῆς
1038 4759 1363 4831 ἐπουρανίου
1390 4760 1595 4830 δωρεᾶς
1634 4758 1718 4812 τοῦ

1835 4778 1946 4824 tem
1963 4774 2164 4822 nostra:
2182 4775 2414 4831 naturae,
2430 4765 2654 4820 cwleste
2682 4764 2894 4818 scilicet
2915 4763 3121 4818 donum
3144 4763 3402 4834 Spiritus,

38 4856 253 4913 Πνεύ
265 4869 479 4926 ματος
522 4851 873 4925 ἐξω[σ]θῆναι
898 4853 1059 4905 πάλιν
1080 4852 1185 4923 χρὴ
1209 4891 1225 4917 ,
1267 4853 1360 4906 καὶ
1385 4853 1463 4914 εἰς
1498 4852 1718 4923 ἀρχαίαν

1836 4874 2058 4915 rursum
2084 4857 2287 4925 expelli
2323 4864 2381 4911 et
2425 4854 2668 4926 pristina:
2695 4855 2921 4924 puritati
2960 4855 3176 4911 restitui
3207 4871 3407 4912 conve-

28 4942 514 5015 καθαρότητα
570 4942 1037 5011 ἀποκαταστῆναι.
1098 4942 1207 4994 Καὶ
1256 4942 1352 4994 ἐὰν
1404 4940 1479 5011 μὴ
1517 4941 1718 5010 ἐκείνηι

1839 4962 1943 5008 mt.
1974 4953 2042 5007 Et
2064 4952 2170 5005 nisi
2197 4965 2346 5004 nunc
2385 4949 2597 5005 ardenti
2628 4948 2915 5018 petitione,
2942 4957 2997 5003 et
3024 4948 3326 5020 rogatione,
3351 4958 3408 5005 et

26 5040 175 5110 τὴν
254 5035 354 5100 ἐξ
408 5031 647 5101 οὐρανοῦ
697 5033 915 5103 ἀγάπην
958 5031 1053 5084 τοῦ
1095 5031 1409 5103 Πνεῦματος
1452 5030 1718 5101 δεξώμεθα

1836 5042 1964 5109 ﬁde,
1991 5058 2054 5098 ac
2085 5042 2332 5097 oratione
2354 5049 2517 5110 atque
2535 5041 2876 5095 aversatione
2899 5041 3112 5105 mundi,
3129 5041 3406 5095 caalestem

23 5135 167 5191 νῦν
238 5134 340 5185 ἐν
404 5126 580 5197 πολλῇ
618 5128 831 5197 αἰτήσει
852 5167 867 5192 ,
913 5127 1008 5180 καὶ
1039 5125 1241 5198 δεήσει,
1274 5126 1369 5180 καὶ
1399 5125 1603 5191 πίστει,
1638 5127 1718 5180 καί

1837 5136 2188 5192 dilectionem
2217 5134 2458 5204 Spiritus
2487 5134 2885 5203 acceperimus,
2909 5141 2965 5187 et
2997 5142 3194 5187 natura
3219 5143 3408 5188 nostra

20 5222 467 5299 προσευχῇ,
504 5219 598 5271 καὶ
630 5221 948 5291 ἀποστροφῇ
974 5217 1068 5271 τοῦ
1092 5217 1320 5288 κόσμου·
1355 5218 1450 5270 καὶ
1471 5216 1718 5288 προσκολ-

1834 5232 2023 5303 juncta
2055 5228 2221 5283 fuerit
2237 5226 2540 5290 dilectioni,
2564 5242 2686 5296 qua:
2718 5233 2801 5280 est
2830 5225 3115 5291 Dominus,
3147 5235 3203 5281 et
3232 5242 3262 5280 a
3288 5242 3406 5280 ma-

16 5319 225 5391 ληθῇ
274 5315 389 5384 τῇ
428 5311 644 5384 ἀγάπῃ.
678 5311 801 5382 ἥτις
830 5310 978 5363 ἐστὶν
1004 5312 1032 5363 ὁ
1061 5308 1263 5379 Κύριος
1285 5349 1301 5372 ,
1358 5310 1453 5363 καὶ
1495 5309 1718 5380 ἀγιασθῗ

1839 5323 1981 5387 litia,
2005 5336 2111 5391 qua
2137 5329 2223 5374 est
2256 5318 2568 5388 inquinata,
2593 5333 2692 5387 per
2733 5317 2879 5371 illam
2905 5317 3251 5373 dilectionem
3287 5317 3407 5387 Spi-

13 5417 64 5486 ἡ
113 5404 521 5483 μιανθεῖσα
568 5403 675 5455 ὑπὸ
715 5403 818 5472 τῆς
846 5402 1043 5466 κακίας
1073 5403 1233 5472 φύσις
1258 5402 1414 5473 ἡμῶν
1437 5443 1453 5468 ,
1503 5404 1609 5457 ὑπὸ
1637 5407 1718 5475 τῆ,

1840 5413 1982 5469 ritus
2031 5410 2371 5467 sanctiﬁcata
2426 5408 2616 5473 fuerit,
2658 5417 2713 5464 et
2744 5408 2850 5463 nisi
2891 5408 2958 5462 ad
3018 5409 3177 5464 tinem
3210 5425 3403 5479 usque,

12 5507 365 5576 ἀγάπης
430 5494 651 5564 ἐκείνης
699 5494 793 5548 τοῦ
839 5494 1154 5566 Πνεῦματος
1181 5510 1195 5525 ·
1254 5494 1349 5547 καὶ⁸
1398 5493 1504 5558 ἕως
1551 5495 1718 5559 τέλους

1841 5503 2049 5572 absque
2082 5500 2205 5555 labe
2251 5510 2306 5556 et
2350 5498 2705 5566 oﬂ‘endiculo,
2734 5498 2791 5552 in
2835 5498 3093 5554 omnibus
3136 5501 3408 5558 mandatis

9 5602 138 5654 δια
149 5592 535 5667 μείνωμεν
557 5586 821 5652 άπτωτοι,
850 5589 909 5641 ἐν
936 5587 1137 5649 πάσαις
1165 5587 1287 5649 ταῖς
1309 5584 1552 5650 ἐντολαῖς
1573 5586 1718 5641 αὑτοῐ

1840 5594 1963 5665 ejus
2005 5592 2297 5663 diligenter
2345 5590 2550 5645 versati
2590 5589 3147 5660 perseveraverimus,
3186 5590 3407 5649 ecclesia

6 5682 397 5764 ἀκριϐῶς
441 5678 941 5750 ἀναστρεφόμενοι,
976 5679 1075 5750 τῆς
1103 5676 1429 5749 ἐπουρανίου
1458 5677 1718 5750 βασιλείας

1842 5700 2073 5758 regnum
2106 5680 2373 5755 consequi
2401 5696 2513 5738 non
2538 5679 2863 5752 poterimus.

6 5782 287 5857 τυχεῖν
335 5770 439 5828 οὐ
464 5769 833 5843 δυνησόμεθα.
