3948 6548
600 326 708 393 479

1848 328 1909 388 S.
1947 328 2185 388 MACAF

2302 326 2617 388 .scvp'rn
2936 280 2959 301 ’
3730 330 3806 394 ιιι

687 435 781 496 IX.
818 439 984 512 Atqui
1022 440 1281 496 subtilius
1322 448 1379 493 et
1418 436 1750 508 pronundius
1780 452 1892 507 pro.
1923 450 2184 492 concessa

2356 437 2433 491 Θ¹.
2486 437 2695 491 Λεπτὸν
2738 436 2795 490 δέ
2843 446 2965 490 τινα
3009 436 3164 506 λόγον
3210 436 3305 491 καὶ
3354 437 3523 508 βαθὺν
3571 442 3699 495 κατὰ
3736 449 3810 517 τὴν

607 532 745 586 mihi
770 532 1033 588 facultate
1050 534 1343 589 disseram.
1361 531 1707 601 Quapropter
1734 540 1940 585 attente
1964 529 2175 585 audite.

608 624 886 689 lnﬁnitus,
914 626 1230 682 inaccessus
1256 634 1313 680 et
1348 624 1627 679 increatus
1654 624 1820 687 Deus,
1858 636 2059 692 corpus
2096 636 2183 676 as-

605 716 861 786 sumpsit,
875 727 1099 787 propter
1115 717 1435 771 immensam
1452 724 1511 769 et
1531 714 1861 770 ineﬂ'abilem
1879 714 2179 769 bonitatem

605 824 786 875 suam,
816 820 894 876 et,
930 820 991 864 ut
1028 810 1104 863 ita
1152 810 1364 878 loquar.
1392 809 1543 863 velut
1591 808 1868 864 imminuit
1909 824 1969 863 se
2003 808 2180 877 ipsum

603 901 675 954 ab
706 902 983 955 inaccessa
1010 900 1206 971 gloria;
1233 910 1293 955 ut
1333 898 1479 955 uniri
1516 908 1704 971 posset
1727 900 2042 956 visibilibus
2067 900 2184 955 suis

607 989 901 1055 creaturis,
938 990 1113 1045 veluti
1140 990 1342 1047 animis
1369 1000 1688 1047 sanctorum
1730 999 1787 1047 et
1819 992 2161 1062 angelorum,

605 1089 667 1134 ut
696 1081 910 1151 possint
940 1082 1067 1136 vita:
1107 1081 1308 1137 divina:
1336 1084 1634 1154 participes
1666 1084 2185 1154 ﬁeri.Unumquod—-

606 1187 717 1242 que
750 1174 900 1227 enim
930 1174 1152 1239 horum,
1178 1176 1482 1231 secundum
1511 1184 1759 1231 naturam
1794 1192 1946 1231 suam
1982 1192 2185 1247 corpus

608 1273 715 1332 est,
760 1266 989 1336 angelus
1047 1268 1282 1332 scilicet,
1332 1269 1516 1324 anima
1550 1277 1607 1325 et
1631 1269 1842 1325 dazmon
1887 1270 2185 1339 :quamvis

607 1358 758 1413 enim
807 1360 1030 1416 subtilia
1067 1361 1201 1426 sint,
1235 1370 1418 1417 tamen
1473 1363 1529 1416 in
1565 1362 1895 1428 substantia,
1926 1364 2099 1418 forma
2128 1372 2185 1417 et

608 1447 783 1520 ﬁgura
812 1452 1116 1507 secundum
1145 1453 1470 1507 tenuitatem
1507 1463 1716 1509 natura:
1745 1469 1959 1520 eorum,
1984 1469 2182 1524 corpo-

608 1557 668 1597 ra
722 1554 852 1599 sunt
894 1545 1087 1599 tenuia
1123 1563 1137 1601 :
1171 1544 1632 1616 quemadmodum
1666 1544 1847 1600 ethoc
1887 1560 2086 1615 corpus
2126 1545 2182 1599 in

606 1632 916 1688 substantia
943 1650 1042 1689 sua
1058 1650 1304 1690 crassum
1334 1641 1390 1690 et
1419 1634 1656 1689 solidum
1680 1646 1783 1689 est.
1806 1634 1895 1690 Sic
1920 1644 1976 1690 et
2001 1635 2183 1690 anima

2283 528 2598 599 προσοῦσάν
2632 546 2721 600 μοι
2748 529 2978 600 δύναμιν
3004 530 3179 585 εἰπεῖν
3205 530 3488 601 βούλομαι·
3519 531 3599 585 διὸ
3621 541 3812 604 συνετῶς

2282 619 2553 674 ἀκούσατε
2585 635 2600 651 ·
2649 620 3161 692 Ἐσωματοποίησεν
3208 622 3401 675 ἑαυτὸν
3430 623 3461 676 ό
3496 623 3710 697 ἄπειρος
3743 633 3815 684 καὶ

2283 709 2581 776 ἀπρόσιτος
2603 749 2619 773 ,
2671 710 2768 763 καὶ
2795 711 3061 783 ἀποίητος
3087 711 3240 775 Θεὸς,
3273 711 3362 766 διά
3389 712 3614 784 ἄπειρον
3639 720 3718 769 καὶ
3739 722 3815 772 ἀν.

2282 801 2531 871 εννόητον
2562 804 2904 874 χρηστότητα
2925 843 2939 867 ,
2991 805 3085 857 καὶ
3124 804 3199 869 ὡς
3228 806 3402 860 εἰπεῖν
3429 806 3508 870 ὠς
3535 810 3817 881 ὲσμίκρυντν

2282 894 2446 947 αὑτὸν
2480 896 2547 949 ἐκ
2569 896 2669 967 τῆς
2691 897 2988 969 ἀπροσίτου
3015 898 3175 969 δόξης
3196 938 3212 961 ,
3250 900 3337 953 ἵνα
3370 903 3721 973 συνενωθῆναι
3742 908 3817 959 δυο

2283 986 2420 1058 νηθῇ
2468 990 2584 1051 τοῖς
2633 989 2847 1059 ὁρατοῖς
2896 989 3064 1044 αὑτοῦ
3115 990 3449 1062 κτίσμασιν,
3504 989 3613 1048 οἷον
3654 998 3819 1068 ψυχαῖς

2283 1078 2455 1146 ἁγίων
2491 1086 2583 1134 καί
2614 1081 2860 1150 ἀγγέλων
2894 1082 3072 1151 λέγω,
3128 1083 3217 1136 ἶνα
3256 1084 3531 1156 δυνηθῶσι
3561 1086 3695 1159 ζωῆς
3719 1091 3820 1146 θεό-

2283 1187 2447 1241 τητος
2481 1176 2795 1243 μετασχεῖν.
2828 1175 3098 1229 Ἔκαστον
3127 1176 3239 1246 γὰρ
3284 1178 3427 1231 κατά
3456 1178 3558 1247 τὴν
3592 1180 3716 1235 ίδίαν
3739 1183 3820 1251 φύε

2286 1277 2370 1317 σιν
2407 1262 2567 1334 σῶμά
2593 1265 2773 1334 ἐστιν,
2819 1268 2849 1319 ὁ
2878 1268 3129 1337 ἄγγελος,
3165 1269 3200 1339 ἡ
3230 1269 3400 1341 ψυχὴ,
3428 1270 3457 1323 ὸ
3486 1271 3718 1341 δαίμων·
3759 1276 3820 1330 ὅτι

2284 1354 2386 1407 κᾶν
2417 1354 2588 1411 λεπτὰ
2616 1351 2774 1421 ὦσιν,
2808 1359 2957 1430 ὅμως
2988 1364 3044 1413 ἐν
3072 1361 3375 1417 ὑποστάσει
3408 1364 3503 1417 καὶ
3530 1367 3819 1437 χαρακτῆρι,

2283 1446 2379 1499 καὶ
2428 1448 2595 1502 εἰκόνι
2648 1450 2790 1504 κατὰ
2833 1451 2932 1522 τὴν
2957 1452 3259 1524 λεπτότητα
3290 1458 3391 1526 τῆς
3416 1454 3632 1524 φύσεως
3656 1457 3819 1523 αὐτῶν,

2285 1535 2512 1606 σώματα
2541 1542 2802 1612 τυγχάνει
2829 1543 2999 1598 λεπτά
3022 1586 3037 1611 ,
3073 1545 3262 1616 ὥσπερ
3290 1547 3346 1598 ὲν
3374 1546 3669 1600 ὑποστάσει
3698 1548 3821 1603 τοῦτο

2283 1628 2344 1682 τὸ
2379 1630 2540 1700 σῶμα
2587 1634 2733 1703 παχύ
2766 1636 2937 1694 ἐστιν.
2974 1636 3132 1690 Οὕτω
3160 1640 3255 1691 καὶ
3288 1642 3321 1709 ή
3349 1639 3497 1712 ψυχὴ
3530 1640 3700 1712 λεπτὴ
3721 1642 3821 1697 οὖσα

606 1726 829 1781 subtilis
858 1743 983 1781 cum
1038 1728 1128 1794 sit,
1169 1726 1592 1798 comprehendit
1640 1727 1697 1781 in
1725 1742 1784 1782 se
1813 1728 2056 1792 oculum,
2085 1743 2183 1797 per

2287 1723 2581 1791 περιέλαϐε
2632 1726 2724 1779 τὸν
2770 1726 3049 1797 ὀφθαλμὸν
3093 1729 3162 1783 δι’
3190 1725 3252 1785 οὗ
3300 1732 3403 1803 δρᾷ
3426 1773 3441 1799 ,
3482 1733 3545 1785 τὸ
3577 1728 3669 1797 οῦς
3698 1735 3758 1788 δι’
3780 1731 3821 1790 ὦ

606 1835 772 1890 quem
818 1820 992 1883 videt,
1027 1837 1240 1887 aurem,
1273 1836 1372 1891 per
1404 1836 1566 1890 quam
1601 1820 1799 1875 audit:
1833 1821 2090 1876 similiter
2125 1831 2182 1875 et

606 1908 876 1979 linguam,
907 1925 1007 1981 per
1046 1927 1210 1983 quam
1247 1924 1556 1967 sermonem
1588 1909 1832 1980 profert:
1871 1927 2085 1978 manus,
2126 1921 2183 1967 et

610 1998 667 2052 in
689 2014 900 2054 summa
952 2008 1129 2056 totum
1162 2016 1385 2073 corpus,
1420 2008 1477 2054 et
1502 2000 1745 2056 membra
1784 2005 1902 2075 ejus
1941 2004 2183 2074 comple-

606 2096 766 2145 ctens
791 2091 994 2158 anima,
1033 2095 1426 2150 commiscetur
1452 2106 1577 2146 cum
1601 2109 1690 2162 eo,
1708 2112 1805 2167 per
1827 2096 1974 2167 quod
1996 2112 2186 2152 omnes

606 2181 777 2251 hujus
809 2183 1057 2242 actiones
1088 2202 1184 2241 seu
1216 2203 1385 2259 opera
1416 2192 1533 2248 edit
1561 2202 1617 2247 et
1644 2198 1883 2246 exercet.

682 2275 750 2330 X.
779 2277 989 2334 Eodem
1025 2281 1189 2336 modo
1219 2281 1385 2345 Deus,
1419 2285 1511 2355 qui
1555 2284 1691 2339 ﬁnes
1740 2293 1796 2337 et
1846 2280 2186 2336 intellectum

609 2376 862 2421 nostrum
898 2369 1059 2440 longe
1085 2374 1446 2439 transcendit,
1472 2391 1570 2445 per
1600 2373 1900 2429 bonitatem
1932 2389 2083 2428 suam
2129 2388 2188 2428 se

613 2456 794 2527 ipsum
821 2459 1120 2529 imminuit,
1141 2470 1198 2518 et
1230 2464 1409 2519 induit
1434 2466 1680 2521 membra
1714 2466 1963 2535 corporis
2001 2465 2185 2536 hujus,

608 2556 669 2602 et
705 2551 937 2605 retraxit
974 2568 1035 2608 se
1079 2553 1261 2623 ipsum
1314 2554 1384 2608 ab
1434 2556 1714 2611 inaccessa
1732 2555 1907 2626 gloria
1941 2571 2045 2610 :ac
2091 2570 2189 2625 per

613 2641 1059 2700 benevolentiam
1108 2654 1166 2700 et
1191 2646 1592 2702 humanitatem
1621 2663 1795 2712 suam,
1822 2656 2186 2704 transmutata

614 2734 813 2802 forma,
841 2739 1137 2809 assumpsit
1166 2755 1366 2809 corpus
1393 2749 1450 2795 et
1472 2742 1881 2807 commiscetur,
1908 2751 2071 2812 atque
2101 2757 2189 2797 as~

612 2827 785 2883 sumit
808 2829 1020 2883 animas
1047 2840 1267 2885 sanctas
1298 2831 1404 2885 sibi
1438 2847 1599 2902 quam
1624 2840 1881 2901 acceptas
1899 2840 1955 2887 et
1974 2830 2184 2897 ﬁdeles,

609 2929 669 2974 et
688 2918 748 2974 ﬁt
768 2935 892 2974 cum
920 2921 1003 2975 eis
1023 2938 1157 2975 unus
1175 2920 1427 2993 Spiritus,
1442 2923 1747 2979 secundum
1770 2922 1981 2978 dictum
2002 2922 2182 2978 Pauli:

611 3012 819 3076 anima,
847 3020 909 3066 ut
932 3012 1007 3067 ita
1030 3013 1247 3083 loquar,
1272 3014 1459 3069 evadit
1486 3015 1539 3069 in
1571 3015 1832 3081 animam,
1862 3014 2187 3071 etsubstan-

615 3103 690 3156 tia
723 3103 779 3157 in
824 3102 1186 3170 subtantiam,
1215 3113 1277 3159 ut
1298 3105 1473 3174 possit
1505 3106 1685 3160 anima
1714 3106 1769 3160 in
1814 3105 2061 3160 novitate
2081 3105 2185 3176 16
2211 3126 2255 3189 ρ

616 3192 805 3247 vivere
851 3202 909 3249 et
954 3193 1320 3249 immortalem
1368 3196 1534 3250 vitam
1584 3196 1816 3263 sentire,
1862 3212 1926 3252 ac
1969 3205 2187 3253 αξιοι-ηαδ

615 3282 802 3352 ινιὺτὶιὲ
828 3283 1110 3353 particeps
1140 3284 1280 3349 ﬁeri,
1319 3300 1407 3352 ea,
1436 3285 1683 3355 inquam,
1710 3287 1911 3352 anima,
1944 3303 2067 3357 qua:
2096 3302 2184 3355 eo,

616 3373 728 3428 Deo
754 3374 985 3439 scilicet,
1021 3376 1185 3446 digna
1240 3386 1347 3444 est,
1396 3378 1559 3448 eique
1616 3379 1913 3448 perplacet.
1954 3378 2011 3433 Si
2040 3380 2188 3434 enim

616 3464 764 3519 Deus
790 3480 858 3520 ex
901 3466 991 3531 iis,
1043 3482 1164 3527 quae
1208 3483 1318 3522 non
1358 3478 1538 3533 erant,
1579 3478 1642 3524 ut
1674 3479 1878 3536 essent,
1942 3470 2190 3526 condidit

616 3562 762 3618 hanc
795 3563 1068 3619 visibilem
1110 3575 1441 3631 creaturam,
1467 3582 1661 3637 magna
1707 3581 1834 3622 cum
1874 3566 2189 3623 differentia

616 3662 674 3708 et
692 3654 975 3719 varietate,
1005 3670 1149 3725 quat,
1179 3665 1472 3726 antequam
1498 3656 1674 3724 ﬁeret,
1706 3671 1819 3711 non
1848 3658 2017 3713 erat"
2042 3674 2058 3725 ;
2092 3671 2190 3711 vo-

616 3744 723 3800 luit
750 3746 942 3810 etiam,
967 3755 1024 3802 et
1052 3747 1206 3801 nullo
1236 3762 1361 3801 cum
1387 3747 1576 3803 labore
1606 3748 1938 3804 condiditex
1958 3749 2048 3812 iis.
2067 3765 2189 3819 qua:

619 3851 737 3892 non
764 3846 945 3904 erant,
976 3839 1315 3895 substantias
1344 3839 1551 3895 solidas
1581 3848 1637 3895 et
1676 3840 1863 3907 duras,
1898 3841 2050 3897 velut
2079 3851 2190 3898 ter-

620 3944 764 3996 ram,
819 3939 1059 3997 montes,
1107 3932 1339 3987 arbores
1393 3933 1537 4005 (qua:
1595 3933 1827 3989 durities
1869 3944 2081 3990 natura:
2119 3936 2190 3991 sit

620 4022 825 4092 vides),
855 4033 911 4078 et
947 4038 1140 4080 rursus
1182 4024 1391 4081 medias
1424 4040 1615 4096 aquas,
1642 4034 1699 4081 et
1736 4042 1802 4082 ex
1826 4026 1896 4082 iis
1938 4027 2191 4082 volucres

616 4113 773 4168 nasci
805 4112 1089 4168 mandavit
1122 4132 1135 4168 :
1166 4122 1225 4170 et
1252 4115 1434 4170 denuo
1470 4116 1740 4183 tenuiora,
1771 4117 1950 4190 ignem
1974 4132 2038 4173 ac
2058 4134 2192 4173 ven-

620 4213 731 4269 tos,
779 4211 837 4259 et
889 4212 1111 4269 caetera,
1158 4220 1280 4275 qua:
1332 4216 1556 4277 propter
1600 4208 1963 4266 subtilitatem
2016 4210 2191 4266 aciem

620 4295 770 4350 oculi
802 4295 1056 4365 corporei
1090 4294 1380 4367 eﬂ‘ugiunt.

688 4380 785 4440 XI.
817 4385 937 4453 Quo
973 4395 1135 4456 pacto
1189 4386 1405 4445 inﬁnita
1448 4398 1505 4446 et
1547 4390 1844 4448 ineﬁ‘abilis
1872 4392 2191 4464 multiplicis

617 4477 906 4547 sapientia:
932 4477 1134 4535 divina:
1156 4478 1387 4535 scientia
1425 4480 1672 4537 condidit
1698 4497 1766 4537 ex
1806 4482 1894 4549 iis,
1925 4499 2047 4553 quae
2074 4499 2186 4538 non

621 4579 804 4633 erant,
859 4576 917 4622 et
965 4571 1260 4636 crassiora,
1310 4581 1366 4627 et
1416 4572 1722 4641 subtiliora,
1745 4585 1801 4629 et
1854 4575 2188 4646 simpliciora

632 4677 888 4732 corpora,
920 4678 1041 4732 qua:
1085 4663 1453 4720 subsisterent
1491 4666 1771 4723 voluntate
1803 4683 1902 4723 sua
1936 4685 1950 4721 :
1980 4679 2187 4737 quanto

623 4753 799 4823 magis
859 4752 998 4822 ipse,
1034 4754 1127 4819 qui
1181 4762 1267 4809 est
1333 4764 1394 4809 ut
1452 4756 1590 4823 vult,
1632 4764 1689 4811 et
1731 4757 1878 4826 quod
1919 4759 2051 4823 vult,
2089 4775 2187 4827 per

623 4843 1053 4899 inenarrabilem
1089 4843 1437 4899 clementiam
1480 4853 1537 4900 ct
1583 4847 2187 4916 incomprehensibilem

619 4934 921 4989 bonitatem
947 4950 1007 4989 se
1034 4938 1150 5004 ipse
1176 4940 1506 4990 transmutat
1524 4935 1873 4991 etimminuit
1911 4952 2077 5007 seque
2103 4953 2191 4992 as-

621 5027 849 5091 similat,
903 5035 1207 5097 assumpto,
1272 5027 1450 5097 quoad
1517 5044 1686 5099 capax
1746 5029 1885 5092 fuit,
1933 5045 2187 5100 corpore,

621 5119 851 5183 sanctis,
872 5119 1052 5190 dignis
1076 5134 1140 5173 ac
1170 5118 1426 5175 ﬁdelibus
1446 5120 1762 5186 animabus;
1795 5129 1854 5175 ut
1878 5123 2186 5193 conspicia-

624 5218 715 5263 tur
742 5208 812 5262 ab
838 5209 906 5263 iis
936 5210 981 5263 is
1010 5209 1104 5279 qui
1126 5210 1229 5263 sub
1253 5217 1534 5278 aspectum
1558 5225 1667 5264 non
1688 5211 1855 5275 cadit,
1883 5222 1941 5267 et
1968 5222 2189 5268 contre-

621 5310 809 5357 ctctur
837 5302 1147 5356 secundum
1184 5309 1440 5356 naturam
1470 5303 1754 5357 tenuitatis
1776 5304 1991 5371 animae,
2022 5304 2067 5357 is
2093 5305 2188 5374 qui

621 5403 830 5449 tactum
881 5410 1099 5449 omnem
1131 5395 1327 5465 cil‘ugit
1359 5412 1373 5448 :
1410 5406 1465 5450 et
1488 5395 1569 5449 sic
1610 5394 1903 5466 degustent
1942 5394 2048 5465 ipsi
2070 5395 2190 5465 ejus

621 5487 971 5551 suavitatem,
1007 5497 1065 5543 et
1112 5487 1453 5558 benignitate
1502 5487 1730 5542 luminis
1768 5486 2060 5542 ineﬁ‘abilis
2092 5502 2191 5541 vo-

619 5578 847 5650 luptatis
877 5578 997 5650 ipso
1030 5580 1407 5649 experimento
1435 5577 1707 5634 fruantur.
1744 5576 2191 5647 Quandocunque

699 5758 740 5789 "
770 5758 927 5812 Rom.
988 5771 1057 5821 Iv,
1087 5755 1174 5809 i7.

2287 1815 2496 1871 ἀκούει.
2536 1817 2772 1889 Ὁμοίως
2817 1820 2917 1892 τὴν
2947 1822 3198 1890 γλῶσσαν
3223 1822 3293 1877 δι’
3316 1820 3385 1897 ἧς
3412 1824 3586 1889 λαλεῖ,
3617 1827 3712 1896 τὴν
3738 1834 3823 1899 15i-

2288 1924 2356 1978 ρα
2384 1948 2399 1972 ,
2443 1909 2539 1962 καὶ
2566 1910 2925 1979 ἁπαξαπλῶς,
2957 1916 3067 1968 πᾶν
3100 1917 3282 1987 σῶμα,
3314 1918 3408 1970 καὶ
3433 1918 3503 1971 τὰ
3531 1919 3667 1991 μέλη
3694 1922 3821 1976 αὐτο]

2283 2001 2658 2071 περιλαϐοῦσα
2700 2005 2734 2075 ἡ
2764 2005 2915 2076 ψυχὴ
2934 2049 2947 2071 ,
2986 2008 3387 2079 συγκέκραται,
3422 2011 3491 2063 δι’
3518 2003 3582 2065 οῦ
3613 2015 3824 2084 ﬁnemi-

2286 2092 2442 2155 ζεται
2473 2096 2655 2151 πάντα
2683 2099 2751 2153 τὰ
2775 2098 2873 2153 τοῦ
2901 2099 3019 2171 βίου
3050 2103 3477 2175 ἐπιτηδεύματα.

2357 2274 2417 2330 I'.
2479 2275 2585 2330 Τὸν
2630 2276 2795 2331 αὑτὸν
2838 2278 3041 2350 τρόπον
3087 2279 3118 2331 ὁ
3157 2278 3382 2351 ἄπειρος
3418 2282 3509 2335 καὶ
3545 2283 3827 2354 ἀνεννόητος

2286 2363 2421 2427 Θεὸς
2475 2368 2542 2436 τῇ
2590 2366 2922 2439 χρηστότητι
2969 2368 3135 2422 αὑτοῦ
3178 2370 3510 2441 ὲσμίκρυνεν
3552 2373 3733 2437 αὑτὸν,
3761 2382 3829 2428 nl

2289 2456 2577 2510 ἐνεδύσατο
2620 2458 2690 2511 τὰ
2737 2458 2874 2529 μέλη
2907 2459 2999 2513 τοῦ
3034 2460 3289 2531 σώματος
3315 2462 3542 2529 τούτου,
3579 2465 3675 2517 καὶ
3703 2482 3827 2537 περι·

2289 2548 2483 2601 έλαϐεν
2529 2550 2722 2603 ἑαυτὸν
2769 2550 2879 2603 ἀπὸ
2917 2551 3019 2621 τῆς
3058 2552 3354 2623 ἀπροσίτου
3395 2554 3559 2626 δόξης
3582 2572 3597 2588 ”
3649 2560 3740 2609 καὶ
3763 2559 3829 2611 διὰ

2287 2637 2603 2709 ἡμερότητα
2638 2640 2734 2693 καὶ
2765 2639 3172 2719 φιλανθρωπίαν
3202 2644 3723 2715 μεταμορφούμενος
3750 2666 3829 2700 σω-

2290 2734 2578 2799 ματοποιεῖ
2603 2731 2816 2798 ἑαυτὸν,
2846 2734 2939 2787 καὶ
2963 2735 3351 2803 ἀναμίγνυται,
3379 2737 3474 2789 καὶ
3499 2739 3829 2809 παραλαμϐά-

2287 2837 2366 2874 νει
2400 2820 2499 2886 ca;
2526 2822 2686 2890 ἁγίας
2716 2824 2811 2876 καὶ
2838 2824 3164 2895 εὐαρέστους
3194 2828 3287 2880 καὶ
3314 2828 3514 2892 πιστὰς
3538 2828 3738 2900 ψυχὰς,
3761 2834 3832 2884 καὶ

2285 2911 2533 2980 γίγνεται
2566 2914 2684 2985 μετ’
2715 2915 2894 2969 αὑτῶν
2926 2918 3007 2980 είς
3035 2916 3104 2971 ἓν
3125 2919 3388 2987 Πνεῦμα,
3422 2921 3569 2974 κατά
3595 2922 3659 2973 τὸ
3685 2916 3831 2990 λόγιον

2288 3006 2501 3060 Παύλου
2523 3023 2537 3037 ο
2584 3007 2731 3079 ψυχὴ
2777 3011 2853 3073 ὡς
2886 3011 3063 3064 εἰπεῖν
3094 3012 3174 3073 εἰς
3200 3011 3401 3083 ψυχὴν,
3437 3014 3534 3066 καὶ
3567 3014 3833 3077 ὑπόστασις

2288 3100 2368 3163 είς
2399 3100 2720 3164 ὑπόστασιν,
2756 3101 2845 3155 ἵνα
2879 3103 2912 3172 ή
2938 3101 3084 3174 ψυχὴ
3113 3103 3313 3174 δυνηθῇ
3348 3106 3407 3157 ὲν
3434 3108 3500 3175 τῇ
3528 3106 3736 3175 νεότητι
3760 3108 3832 3175 {fi-,-

2290 3206 2400 3255 σαι,
2430 3191 2527 3243 καὶ
2553 3190 2836 3245 αἰσθέσθαι
2863 3191 3135 3248 ἀθανάτου
3163 3192 3330 3263 ζωῆς,
3356 3196 3453 3248 καὶ
3476 3195 3636 3265 δόξης
3658 3197 3835 3266 aelii?

2284 3298 2381 3335 του
2412 3282 2639 3352 μέτοχος
2663 3284 2909 3355 γένηται,
2934 3286 2968 3356 ἦ
2996 3302 3059 3353 γε
3087 3286 3213 3352 ἀξία
3234 3287 3401 3340 αὑτοῦ
3429 3290 3525 3341 καὶ
3549 3289 3830 3359 εὐάρεστος.

2286 3375 2351 3427 Et
2379 3374 2489 3445 γὰρ
2519 3375 2580 3441 ἐξ
2607 3377 2706 3429 οὐκ
2734 3376 2904 3431 ὄντων
2937 3379 3016 3438 είς
3045 3377 3105 3430 τὸ
3128 3374 3269 3431 εἶναι
3300 3380 3573 3450 πεποίηκε
3599 3383 3701 3452 τὴν
3723 3384 3835 3452 spur

2291 3466 2460 3535 μένην
2508 3467 2687 3521 κτίσιν
2728 3468 3018 3539 τοιαύτην,
3080 3471 3139 3524 ἐν
3172 3470 3338 3542 πολλῇ
3368 3489 3473 3525 τινι
3505 3474 3737 3544 διαφορᾷ
3763 3475 3833 3525 καὶ

2287 3558 2552 3630 ποικιλίᾳ,
2569 3560 2665 3614 καὶ
2697 3561 2824 3631 πρὶν
2849 3562 3102 3630 γενέσθαι
3128 3564 3229 3617 οὐκ
3252 3559 3321 3634 ἦν
3340 3581 3353 3595 ο
3387 3564 3625 3635 ἠθέλησε
3653 3566 3729 3629 δὲ,
3758 3566 3832 3617 καὶ

2289 3651 2525 3714 εὐκόλως
2587 3653 2841 3724 ἐποίησεν
2908 3657 2975 3720 ὲκ
3028 3655 3138 3709 τῶν
3192 3656 3269 3725 μὴ
3316 3656 3487 3710 ὄντων
3537 3657 3834 3719 ὑποστάσεις

2289 3743 2522 3813 παχείας
2572 3745 2667 3797 καὶ
2714 3744 2954 3815 σκληρὰς
2975 3784 2991 3808 ,
3038 3739 3150 3800 οἷον
3182 3747 3285 3818 γῆν
3316 3747 3479 3815 λέγω,
3518 3748 3645 3820 ὅρη,
3675 3750 3835 3820 δένδρα

2290 3834 2447 3904 (ὁρᾷς
2470 3834 2558 3887 οἵα
2583 3833 2887 3906 σκληρότης
2911 3836 3169 3905 φύσεως)·
3197 3836 3292 3890 καὶ
3317 3837 3480 3891 πάλιν
3508 3839 3655 3909 μέσα
3674 3839 3832 3893 ὕδατα

2288 3928 2384 3979 καὶ
2414 3926 2473 3991 ἐξ
2502 3928 2681 3980 αὐτῶν
2709 3928 3003 3997 γεννᾶσθαι
3030 3930 3251 3983 πετεινά
3278 3932 3605 4002 ’προσέταξε⁸
3640 3934 3733 3986 καὶ
3756 3935 3836 3985 τά·

2289 4021 2373 4075 λιν
2400 4022 2723 4094 λεπτότερα,
2755 4023 2889 4095 πῦρ,
2919 4025 3014 4079 καὶ
3040 4025 3293 4092 ἀνέμους,
3317 4027 3412 4080 καὶ
3439 4027 3532 4080 διὰ
3560 4027 3836 4096 λεπτότητι

2292 4114 2369 4185 μὴ
2393 4113 2646 4187 ὁρώμενα
2675 4113 2753 4186 τῷ
2780 4114 2876 4169 τοῦ
2906 4116 3159 4187 σώματος
3182 4117 3467 4189 ὀφθαλμῷ.

2361 4380 2466 4433 IA'.
2521 4379 2646 4442 Πῶς
2680 4380 2714 4449 ἡ
2750 4381 2974 4451 ἄπειρος
3013 4380 3109 4433 καὶ
3141 4381 3535 4452 ἀνεκδιήγητος
3566 4383 3672 4452 τῆς
3701 4383 3838 4434 πολυ-

2222 4464 2266 4519 D
2295 4471 2540 4524 ποικίλου
2574 4471 2767 4539 σοφίας
2797 4471 2892 4525 τοῦ
2919 4470 3054 4524 Θεοῦ
3084 4472 3245 4542 τέχνη
3273 4472 3489 4525 ἔκτισεν
3511 4474 3577 4525 ἐκ
3604 4474 3682 4544 μὴ
3702 4473 3841 4524 ἕνντυν

2293 4562 2576 4633 παχύτερα
2627 4563 2723 4615 καὶ
2770 4562 3072 4633 λεπτότερα
3121 4564 3219 4616 καὶ
3263 4562 3597 4634 ἁπαλώτερα
3644 4564 3842 4633 σώματα

2292 4652 2628 4705 ὲνυπόστατα
2657 4651 2735 4722 τῷ
2761 4651 3026 4721 θελήματι
3053 4651 3248 4718 αὐτοῦς
3287 4654 3442 4723 πόσῳ
3473 4655 3680 4724 μᾶλλον
3709 4656 3841 4713 αὐτὸς

2291 4743 2368 4798 ὣν
2399 4744 2473 4807 ὡς
2503 4744 2668 4810 θέλει,
2699 4745 2795 4798 καὶ
2821 4744 2848 4797 ὃ
2879 4744 3042 4807 θέλει,
3075 4743 3163 4796 διὰ
3190 4744 3537 4814 χρηστότητα
3564 4745 3843 4816 ἄφραστον.

2291 4837 2388 4890 καὶ
2415 4838 2727 4906 ἁγαθότητα.
2745 4837 3061 4907 ἀνεννόητον
3091 4836 3413 4906 μεταϐάλλει
3435 4838 3531 4891 καὶ
3552 4838 3842 4908 σμικρύτει.

2291 4932 2385 4985 καὶ
2433 4931 2669 5000 ἐξομοιοῖ
2714 4930 2907 4984 ἑαυτὸν
2932 4970 2946 4994 ,
3002 4930 3398 5000 σωματοποιῶν
3431 4933 3572 4984 κατὰ
3601 4931 3845 5002 χώρησιν.

2290 5026 2411 5087 ταῖς
2458 5022 2642 5091 ἁγίαις
2694 5023 2789 5075 καὶ
2826 5021 3004 5086 ἀξίαις
3053 5024 3269 5084 πισταῖς
3310 5022 3542 5091 ψυχαῖςο
3581 5024 3675 5075 ἱνα
3699 5021 3846 5092 δραιῧῇ

2288 5116 2481 5180 αὑταῖς
2528 5119 2557 5170 ὁ
2600 5116 2831 5188 ἀόρατος
2858 5160 2872 5182 ,
2926 5116 3021 5169 καὶ
3065 5114 3361 5185 ψηλαφηθῇ
3403 5116 3548 5168 κατὰ
3577 5116 3683 5186 τὴν
3712 5116 3847 5184 ςὺτῖν

2288 5211 2388 5280 τῆς
2420 5210 2745 5279 λεπτότητος
2786 5211 2885 5279 τῆς
2915 5208 3093 5279 ψυχῆς
3141 5210 3168 5261 ὁ
3197 5207 3554 5277 ἀψηλάφητος
3578 5227 3593 5239 ·
3649 5210 3742 5262 καί
3780 5206 3847 5257 αἱ·

2292 5302 2526 5356 σθωνται
2555 5300 2721 5356 αὐτοῦ
2749 5301 2845 5370 τῆς
2873 5298 3228 5369 γλυκύτητος,
3256 5298 3474 5367 καὶτῆς
3499 5301 3849 5369 χρηστότητος

2286 5396 2383 5449 τοῦ
2426 5395 2605 5466 φωτὸς
2656 5394 2757 5464 τῆς
2807 5395 3048 5465 ἀρρήτου
3095 5390 3453 5454 ἀπολαύσεως
3511 5394 3656 5462 αὐτῇ
3709 5392 3847 5457 sip;

2285 5488 2691 5543 ἀπολαύσωσιν.
2727 5487 2856 5539 Ὅτε
2890 5486 3136 5557 βούλεται
3168 5485 3281 5556 πῦρ
3310 5486 3546 5554 γίνεται,
3581 5488 3700 5540 πᾶν
3732 5484 3848 5553 ea}

2290 5580 2379 5635 λον
2413 5582 2507 5634 καὶ
2537 5579 2859 5634 ἐπείσακτον
2886 5578 3058 5644 πάθος
3088 5580 3184 5651 τῆς
3212 5577 3392 5649 ψυχῆς
3420 5582 3746 5633 κατακαῖον·
3780 5580 3849 5625 n2
