3948 6542
175 424 272 491 481

1352 375 1754 481 nouum.
1792 417 2076 479 -—110.u.
2118 420 2214 478 1v.

3311 421 3419 483 482

175 535 281 606 γὰρ
313 534 346 588 ὁ
377 531 517 599 Θεὸς
549 529 718 602 ἡμῶν
747 530 867 599 πῦρ
897 530 1377 594 καταναλίσκον,
1413 528 1600 599 φησίν.
1619 527 1748 580 Ὅτε

1862 525 1974 579 vult
2007 525 2066 579 ﬁt
2101 525 2258 595 ignis,
2295 538 2512 578 omnem
2569 521 2872 592 improbam
2912 532 2968 577 et
3014 523 3158 577 ultro
3187 527 3426 580 accersi-

178 623 445 694 βούλεται,
472 623 778 684 ἀνάπαυσις
803 621 1039 691 άρῤητος
1064 621 1158 674 καὶ
1179 619 1478 690 ἄφραστος,
1508 618 1594 670 ἵνα
1615 617 1745 669 ἀνα·

174 717 284 785 παῇ
311 713 615 768 ἀναπαύσει
647 713 895 782 θεότητος
925 713 955 781 ἡ
985 712 1160 781 ψυχή’
1193 711 1280 764 ὃτε
1305 709 1573 780 βούλεται,
1599 705 1744 776 καρά

172 811 262 861 καὶ
293 807 504 878 εἰρήνη,
540 806 761 858 θάλπων
797 806 889 857 καὶ
919 804 1195 874 περιέπων
1221 804 1412 867 αὑτήν.

242 1069 344 1126 lB'.
387 1071 448 1124 Ei
480 1068 536 1123 δὲ
571 1070 666 1123 καὶ
712 1069 791 1132 είς
822 1068 879 1120 ἓν
908 1067 1019 1120 τῶν
1063 1067 1377 1137 κτισμάτων
1412 1065 1604 1120 ἑαυτὸν
1642 1070 1744 1133 ἀς·-

173 1161 442 1233 ομοιῶσαι
489 1157 776 1229 βούλεται,
813 1157 882 1209 δι’
906 1155 1224 1224 ἀγαλλίασιν
1273 1153 1365 1207 καὶ
1407 1151 1747 1223 εὐφροσύνην

167 1255 280 1308 τῶν
315 1271 400 1308 νοε
412 1252 519 1324 ρῶν
549 1251 866 1321 κτισμάτων
893 1289 907 1314 ,
946 1243 1058 1302 οἷον
1088 1248 1121 1317 ἢ
1151 1247 1303 1311 πόλις
1331 1247 1508 1316 φωτὸς
1549 1247 1747 1314 Ἰερου-

167 1345 386 1416 σαλὴμ,
441 1344 475 1414 ἢ
518 1343 642 1414 ὅρος
681 1340 818 1394 Σιὼν
859 1338 1200 1409 ἐπουράνιον,
1238 1336 1456 1390 δύναται
1499 1336 1574 1398 ὡς
1605 1334 1750 1388 θέλει

167 1436 354 1490 πάντα
400 1433 580 1497 καθὼς
616 1432 871 1502 εἴρηται·
925 1429 1122 1498 Ὑμεῖς
1150 1427 1218 1481 δὲ
1251 1428 1749 1496 προσεληλύθατε

167 1528 331 1583 Σιὼν
365 1528 485 1595 ὄρει
509 1566 525 1592 ,
562 1526 660 1579 καὶ
694 1526 868 1578 πόλει
901 1521 1048 1577 Θεοῦ
1079 1521 1310 1586 ζῶντος,
1356 1519 1751 1589 Ἰερουσαλὴμ

165 1619 524 1689 ἐπουρανίῳ.
554 1617 738 1682 Πάντα
761 1615 959 1667 εὔκολα
977 1614 1126 1684 αὑτῷ
1154 1614 1246 1665 καὶ
1269 1613 1488 1683 εὐχερῆ,
1508 1612 1586 1674 είς
1608 1609 1644 1664 ἀ
1663 1610 1752 1662 θέ-

161 1712 252 1763 λει
287 1707 798 1780 μεταμορφουμένῳ
843 1708 962 1768 ταῖς
1000 1705 1179 1772 ἀξίαις
1215 1703 1380 1758 αὑτοῦ
1414 1703 1508 1756 καὶ
1532 1702 1752 1763 πισταῖς

160 1802 368 1872 ψυχαῖς
391 1816 405 1831 ·
447 1799 605 1869 μόνον
639 1815 722 1861 τις
755 1796 1111 1864 ἀγωνιζέσθω
1145 1794 1296 1864 φίλος
1334 1793 1428 1847 καὶ
1457 1792 1752 1862 εὐάρεστος

162 1892 322 1960 αὺτῷ
348 1890 627 1957 γίνεσθαι,
662 1891 756 1943 καὶ
787 1890 924 1956 αὐτῇ
957 1888 1124 1958 πείρᾳ
1156 1887 1250 1941 καὶ¹
1277 1886 1524 1956 αἰσθήσει
1556 1884 1746 1953 ὄψεται

162 1981 353 2052 ἀγαθά
401 1981 745 2051 ἐπουράνια,
808 1981 900 2033 καὶ
951 1979 1164 2051 τρυφὴν
1212 1979 1615 2048 ἀνέκφραστον,
1653 1978 1748 2032 καὶ

163 2075 402 2128 πλοῦτον
442 2074 666 2144 ἄπειρον
712 2073 966 2143 θεότητος
993 2071 1230 2142 ἀληθῶς,
1270 2071 1306 2126 δι
1339 2069 1612 2141 ὀφθαλμὸς
1645 2069 1748 2122 οὐκ

165 2167 252 2221 ἴδε
273 2206 289 2231 ,
327 2168 421 2221 καὶ
453 2163 545 2230 οὖς
579 2167 677 2218 οὐκ
702 2167 932 2236 ἤκουσε,
966 2166 1059 2219 καὶ
1087 2165 1180 2216 ἐπὶ
1210 2163 1435 2232 καρδίαν
1461 2161 1748 2232 ἀνθρώπου

157 2260 269 2312 οὐκ
314 2258 518 2328 ἀνέϐη,
571 2257 631 2311 τὸ
680 2258 904 2326 Πνεῦμα
948 2255 1040 2310 τοῦ
1079 2256 1285 2328 Κυρίου
1323 2255 1641 2324 γιγνόμενον
1669 2255 1750 2317 είς

160 2351 480 2404 ἀνάπαυσιν
528 2348 638 2402 τῶν
682 2348 848 2414 ἀξίων
893 2347 1117 2417 ψυχῶν,
1159 2345 1254 2400 καὶ
1289 2346 1621 2415 ἀγαλλίασιν,
1657 2344 1750 2398 καὶ

159 2441 410 2514 τρυφὴν,
448 2441 541 2494 καὶ
573 2440 718 2510 ζωὴν
749 2440 988 2493 αἰώνιον.
1027 2439 1398 2509 Σωματοποιεῖ
1423 2438 1531 2509 γὰρ
1561 2436 1751 2490 ἑαυτὸν

161 2535 269 2589 καὶ
298 2535 381 2597 εἰς
406 2533 607 2604 βρῶσιν
635 2534 726 2585 καὶ
748 2533 904 2586 πόσιν
935 2535 961 2586 ὁ
985 2531 1210 2603 Κύριος,
1237 2531 1416 2594 καθὼς
1441 2531 1750 2601 γέγραπται

161 2630 227 2682 ἐν
253 2625 333 2696 τῷ
358 2624 694 2695 Εὑαγγελίῳ·
731 2623 796 2677 Ὀ
822 2623 1060 2694 τρώγων
1082 2623 1188 2677 τὸν
1211 2623 1391 2692 ἄρτον
1410 2621 1646 2688 τοῦτον,
1661 2619 1753 2687 (ii-

160 2734 347 2773 σεται
401 2721 488 2782 εὶς
534 2717 642 2771 τὸν
677 2717 883 2782 αἰῶνα,
918 2717 1004 2770 ἵνα
1031 2716 1326 2789 ἀναπαύσῃ
1351 2714 1751 2784 ἀνεκλαλήτως,

159 2813 268 2865 καὶ
320 2809 576 2880 ἐμπλήσῃ
624 2810 967 2881 εὐφροσύνης
1012 2807 1390 2878 πνευματικῆς
1417 2806 1516 2878 τὴν
1543 2805 1749 2876 ψυχήν⁸

158 2903 268 2953 καὶ
293 2901 406 2971 γάρ
431 2917 614 2969 φησιν’
635 2900 780 2969 Ἐγώ
803 2902 918 2969 ειμι
951 2902 982 2953 ὁ
1005 2899 1180 2968 ἄρτος
1206 2897 1316 2968 τῆς
1339 2897 1506 2966 ζωῆς.
1524 2896 1754 2968 Ὁμοίως

155 2992 268 3045 καὶ
318 2995 402 3056 είς
454 2992 607 3045 πόσιν
654 2993 893 3062 νάματος
937 2991 1292 3062 ἐπουρανίου,
1330 2988 1511 3052 καθώς
1547 3005 1709 3058 φησιν
1738 3028 1751 3051 ,

167 3084 234 3137 '0
257 3085 462 3138 πίνων
485 3085 554 3137 ἐκ
579 3083 684 3138 τοῦ
707 3083 924 3150 ὕδατος
955 3079 1026 3139 οὖ
1051 3083 1166 3154 ἐγὼ
1189 3082 1360 3137 δώσω
1384 3081 1564 3147 αὐτῷ,
1586 3080 1756 3152 γενή-

1853 626 1964 671 tam
2017 616 2369 672 affectionem
2411 615 2674 670 adurens.
2718 615 2858 670 Deus
2892 617 3031 668 enim
3081 625 3258 669 noster
3286 617 3423 684 ignis

1847 722 2154 761 consumens
2177 707 2328 773 est”,
2362 707 2568 776 inquit;
2601 706 2823 776 quando
2849 706 2965 760 vult
3015 706 3072 759 ﬁt
3130 706 3428 761 ineﬂ'abilis

1846 807 1902 851 et
1929 814 2125 853 arcana
2153 799 2392 869 requies,
2445 807 2505 852 ut
2547 800 2858 868 requiescat
2907 799 3088 852 anima
3136 799 3190 852 in
3235 797 3427 866 requie

1849 887 2033 940 divina
2072 905 2082 940 :
2121 889 2341 957 quando
2368 889 2504 952 vult,
2536 889 2596 940 tit
2624 889 2883 957 gaudium
2910 898 2968 942 et
3000 904 3123 958 pax,
3147 889 3342 944 fovens
3367 896 3426 941 et

1849 984 2142 1046 protegens
2167 978 2430 1032 animam.

1919 1069 2032 1123 ΧΗ.
2077 1068 2132 1124 Si
2169 1085 2300 1124 vero
2329 1072 2475 1126 Deus
2502 1072 2656 1137 velit,
2689 1073 2782 1126 uni
2825 1081 3135 1127 creaturam
3189 1073 3426 1128 similem

1851 1180 1908 1220 se
1941 1164 2196 1230 reddere,
2237 1159 2462 1235 propter
2516 1167 2940 1222 exsultationem
2979 1179 3035 1223 et
3063 1169 3308 1224 laetitiam
3339 1171 3427 1224 in—

1852 1258 2219 1329 telligioilium
2243 1269 2646 1321 creaturarum,
2671 1260 2820 1315 velut
2845 1269 2925 1314 est
2954 1270 3049 1314 aut
3072 1261 3264 1318 civitas
3284 1263 3430 1318 lucis

1850 1348 2172 1416 Jerusalem,
2230 1360 2326 1404 aut
2402 1364 2561 1406 mons
2623 1348 2752 1404 Sion
2802 1349 3060 1413 emlestis,
3101 1360 3283 1420 potest
3325 1369 3430 1422 pro

1853 1439 2133 1494 voluntate
2167 1441 2372 1505 omnia,
2405 1440 2870 1510 quemadmodum
2903 1440 3112 1495 dictum
3147 1451 3233 1497 est
3271 1460 3284 1495 :
3328 1444 3428 1498 Vos

1854 1539 2030 1584 autem
2071 1531 2356 1585 accessistis
2399 1532 2470 1584 ad
2515 1529 2642 1584 Sion
2664 1543 2914 1596 montem,
2939 1540 2989 1584 et
3032 1533 3299 1586 civitatem
3335 1535 3429 1588 Dei

1857 1621 2099 1685 viventis,
2122 1619 2420 1675 Jerusalem
2435 1620 2692 1675 caelestem
2711 1621 2776 1686 aa;
2795 1623 2980 1677 omnia
3003 1622 3054 1677 ei
3089 1633 3218 1678 sunt
3244 1624 3431 1680 facilia

1855 1719 1914 1766 et
1951 1711 2237 1780 proclivia,
2263 1712 2356 1781 qui
2380 1727 2460 1775 se,
2501 1711 2556 1766 in
2589 1728 2750 1782 quam
2780 1714 2898 1767 vult
2944 1713 3203 1783 speciem,
3245 1722 3430 1770 trans-

1855 1809 2052 1866 mutat,
2085 1801 2138 1855 in
2172 1802 2399 1869 gratiam
2458 1818 2524 1856 eo
2575 1803 2862 1873 dignarum
2907 1814 2962 1859 et
3016 1805 3260 1860 ﬁdelium
3313 1808 3434 1860 ani-

1859 1909 2071 1948 marum
2102 1911 2114 1947 :
2153 1894 2318 1948 modo
2349 1895 2475 1964 quis
2504 1895 2751 1950 intendat
2786 1897 2840 1950 ei
2873 1906 3062 1966 gratus
3093 1907 3148 1950 et
3173 1907 3434 1966 acceptus

1855 1980 1975 2037 ﬁeri
2007 1998 2019 2032 :
2048 1990 2103 2037 et
2146 1983 2368 2052 quidem
2400 1984 2520 2053 ipso
2553 1983 2699 2038 facto
2731 1993 2788 2038 et
2836 2000 3002 2040 sensu
3037 1976 3248 2040 videbit
3287 1985 3432 2040 bona

1855 2073 2123 2136 caelestia,
2173 2083 2230 2128 et
2272 2063 2499 2130 delicias
2557 2073 2886 2140 inelfabiles,
2921 2083 3105 2144 atque.
3136 2074 3436 2129 immensas

1854 2181 1985 2221 vere
2018 2165 2240 2220 divitias
2273 2165 2578 2222 divinitatis
2598 2168 2664 2230 3‘,
2692 2181 2813 2237 quaa
2851 2176 3002 2222 certe
3025 2166 3212 2222 omnia
3239 2168 3436 2222 oculus

1857 2271 1967 2312 non
1990 2257 2152 2321 vidit,
2206 2273 2311 2313 nec
2356 2260 2508 2314 auris
2553 2259 2785 2325 audivit,
2838 2275 2940 2314 nec
2964 2275 3086 2328 quae
3113 2261 3169 2314 in
3203 2276 3302 2315 eor
3335 2259 3437 2315 bo-

1855 2349 2020 2404 minis
2040 2349 2430 2404 ascenderunt.
2482 2351 2676 2420 Fitque
2729 2350 2969 2420 Spiritus
2994 2351 3208 2406 Domini
3253 2351 3319 2407 ad
3348 2368 3437 2408 re-

1856 2443 2040 2512 quiem
2066 2443 2373 2496 animarum
2420 2443 2734 2513 dignarum,
2778 2455 2834 2499 et
2877 2444 3323 2509 exsultationem,
3377 2456 3436 2500 et

1859 2531 2109 2595 delicias,
2139 2540 2196 2586 et
2225 2533 2390 2586 vitam
2433 2541 2719 2587 aeternam.
2764 2532 3018 2603 Seipsum
3048 2535 3194 2588 enim
3251 2543 3432 2590 trans-

1857 2622 2056 2677 format
2085 2623 2350 2678 Dominus
2375 2623 2430 2678 in
2455 2623 2639 2678 cibum
2665 2633 2721 2678 et
2751 2634 2960 2694 potum,
2998 2626 3141 2681 sicut
3165 2627 3434 2699 scriptum

1856 2722 1940 2768 est
1975 2715 2032 2769 in
2058 2715 2356 2786 Evangelio
2383 2732 2394 2767 :
2428 2713 2532 2780 Qui
2562 2715 2848 2771 manduca!
2886 2733 3076 2786 panem
3109 2719 3267 2783 hunc,
3300 2721 3434 2774 vivet

1855 2808 1910 2860 in
1943 2809 2292 2874 internum”;
2328 2818 2389 2862 ut
2441 2819 2655 2864 recreet
2717 2809 2882 2864 modo
2920 2809 3207 2878 ineffabili,
3240 2821 3297 2867 et
3335 2811 3432 2865 lae-

1859 2901 1978 2956 titia
2014 2902 2287 2972 spirituali
2321 2903 2531 2973 repleat
2569 2904 2830 2958 animam.
2875 2905 3060 2974 lnquit
3097 2907 3243 2960 enim
3277 2923 3289 2959 :
3323 2905 3433 2976 Ego

1854 3010 1971 3048 sum
1999 2995 2151 3061 panis
2178 2996 2296 3050 vine
2319 2996 2382 3048 ³⁸.
2409 2995 2673 3050 Similiter
2697 2996 3047 3052 transformat
3067 3013 3125 3052 se
3157 2999 3210 3051 in
3242 3006 3434 3068 potum

1857 3085 2094 3142 ecclestis
2116 3087 2488 3156 scaturiginis,
2515 3087 2658 3142 sicut
2723 3088 2800 3142 ait
2833 3105 2847 3141 :
2882 3087 3126 3158 Quisquis
3152 3090 3328 3145 biberit
3371 3106 3437 3144 ea:

155 3192 348 3233 σεται
392 3178 460 3230 ἐν
492 3173 652 3241 αὑτῷ
685 3175 848 3244 πηγὴ
880 3175 1098 3240 ὓδατος
1123 3173 1464 3242 ἁλλομένου
1492 3174 1578 3238 εις
1602 3170 1752 3241 ζωὴν

1862 3193 2021 3246 aqua,
2057 3194 2218 3246 quam
2265 3194 2357 3247 ego
2410 3179 2456 3231 ei
2499 3178 2659 3242 dabo,
2709 3177 2800 3246 ﬁet
2827 3180 2883 3232 in
2913 3196 2972 3234 eo
2999 3181 3114 3249 fons
3151 3195 3302 3250 aqua:
3345 3197 3438 3234 sa-

155 3273 422 3325 αἰώνιον
442 3287 455 3299 ·
504 3270 601 3322 καὶ
643 3267 888 3335 πάντες,
921 3266 1077 3339 φησι,
1107 3267 1173 3321 τὸ
1199 3265 1344 3320 αὐτὸ
1369 3266 1532 3335 πόμα
1557 3265 1755 3319 ἐποτί-

153 3364 430 3428 σθημεν.

241 3450 355 3506 ll".
397 3451 581 3515 Οὕτως
615 3449 830 3520 ἑκάστῳ
857 3449 965 3502 τῶν
991 3449 1160 3518 ἁγίων
1186 3447 1444 3518 Πατέρων
1471 3446 1650 3517 ὤφθη,
1681 3447 1758 3510 ὡς

151 3544 436 3616 ἠθέλησε,
473 3544 565 3596 καὶ
595 3542 669 3606 ὡς
699 3542 1014 3611 συνέφερεν·
1053 3540 1227 3601 ἄλλως
1256 3539 1332 3610 τῷ
1367 3537 1637 3611 Ἁϐραάμ,
1663 3537 1757 3591 ἄλ·-

147 3637 279 3700 λως
331 3635 412 3705 τῷ
448 3635 630 3688 Ἰσαάκ
651 3674 665 3696 ,
721 3633 896 3695 ἄλλως
942 3631 1018 3702 τῷ
1047 3630 1262 3696 Ἰακὼϐ,
1297 3629 1470 3692 ἄλλως
1502 3629 1580 3700 τῷ
1613 3629 1756 3695 Νῶε,

148 3728 245 3800 τῷ
274 3727 501 3798 Δανιὴλ,
534 3727 609 3796 τῷ
637 3725 822 3791 Δαόὶδ,
855 3724 934 3796 τῷ
957 3723 1284 3794 Σολομῶντι,
1312 3722 1388 3792 τῷ
1423 3722 1635 3792 Ἡσαΐᾳ,
1663 3721 1760 3774 καὶ

145 3821 396 3888 ἑκάστῳ
415 3819 704 3886 τῶνξάγίων
733 3814 1266 3887 προφητῶν.’¹Αλλως
1292 3814 1368 3884 τῷ
1385 3815 1561 3884 Ἠλίᾳ,
1585 3813 1759 3876 ἄλλως

143 3915 244 3985 τῷ
278 3914 528 3982 Μωῡσῇο
580 3912 675 3964 καὶ
708 3908 818 3977 ἐγὼ
845 3905 1069 3978 νομίζω,
1107 3907 1188 3960 ὅτι
1219 3906 1455 3975 Μωῦσῆς
1485 3906 1623 3958 κατά
1652 3906 1758 3957 πά-

139 4025 268 4062 σαν
303 4007 461 4075 ὥραν
495 4006 551 4056 ὲν
576 4003 654 4073 τῷ
681 4003 796 4073 ὄρει
818 4044 833 4068 ,
872 4003 928 4054 ὲν
957 4003 1024 4072 τῇ
1054 4000 1161 4053 τῶν
1186 3999 1592 4068 τεσσαράκοντα
1617 3999 1758 4067 ἡμε-

134 4099 282 4172 ρῶν
321 4095 551 4167 νηστείᾳ
597 4096 675 4156 εἰς
708 4092 924 4161 ἐκείνην
955 4092 1052 4162 τὴν
1082 4089 1460 4158 πνευματικὴν
1483 4086 1761 4159 τράπεζαν

128 4191 563 4263 εἰσερχόμενος
614 4185 886 4256 ἐνετρύφα
934 4186 1030 4238 καὶ
1073 4183 1363 4238 ἀπέλαυεν.
1394 4183 1642 4251 Ἐκάστῳ
1671 4180 1762 4234 οὖν

130 4286 277 4341 τῶν
318 4284 496 4352 ἁγίων
525 4282 599 4343 ὡς
629 4280 896 4350 ἠθέλησεν
925 4277 1104 4346 ὤφθη,
1135 4278 1216 4338 εἰς
1243 4275 1303 4328 τὸ
1329 4273 1640 4328 ἀναπαῦσαι
1668 4274 1762 4326 καὶ

126 4380 386 4440 σῶσαι,
423 4374 518 4428 καὶ
551 4375 629 4436 εἰς
661 4373 956 4439 ἐπίγνωσιν
987 4369 1120 4422 Θεοῦ
1152 4369 1402 4436 ἀγαγεῖν.
1440 4367 1623 4420 Πάντα
1654 4366 1762 4436 γὰρ

121 4468 323 4538 αὐτῷ
358 4464 560 4535 εὐχερῆ
595 4465 744 4515 ἐστιν
774 4462 810 4514 ἀ
837 4459 1116 4530 βούλεται,
1155 4459 1246 4511 καὶ
1277 4456 1352 4520 ὡς
1381 4457 1523 4508 θέλει
1561 4455 1762 4525 μικρύ-

1860 3269 2029 3323 tientia
2062 3269 2117 3322 in
2164 3271 2326 3323 vitam
2351 3277 2604 3324 wternam
2639 3271 2704 3324 δ”.
2739 3272 2806 3325 Ει
2836 3287 3034 3336 omnes,
3066 3271 3165 3336 ait,
3197 3272 3438 3326 eumdem

1859 3367 2038 3430 potum
2073 3358 2292 3414 bibimus
2306 3361 2369 3411 ³⁸³.

1927 3449 2066 3506 Xlll.
2089 3450 2178 3506 Sic
2205 3451 2440 3523 singulis
2466 3451 2670 3506 sanctis
2691 3453 2942 3507 l‘atribus
2973 3454 3246 3523 apparuit.
3273 3461 3439 3524 prout

1858 3543 2080 3598 volebat
2113 3552 2170 3598 et
2199 3544 2252 3597 iu
2284 3559 2397 3598 rem
2437 3543 2749 3609 videbatur,
2799 3545 2961 3599 aliter
2989 3545 3243 3610 Abrahae,
3275 3546 3440 3601 aliter

1859 3633 2026 3699 Isaac,
2083 3634 2244 3688 aliter
2287 3634 2476 3697 Jacob,
2525 3633 2689 3688 aliter
2765 3633 2906 3695 Noe,
2970 3633 3182 3697 Daniel,
3241 3632 3436 3701 David,

1863 3727 2144 3790 Salomon,
2181 3727 2353 3790 lsaite,
2381 3735 2437 3780 et
2466 3726 2764 3795 unicuique
2793 3733 3108 3782 sanctorum
3136 3724 3438 3794 propheta-

1867 3835 2010 3872 rum.
2048 3817 2220 3871 Aliter
2251 3818 2401 3881 Elite,
2438 3828 2493 3871 et
2520 3817 2680 3871 aliter
2719 3817 2912 3887 Moysi.
2937 3816 3005 3870 Et
3028 3825 3180 3870 certe
3211 3816 3438 3886 quidem

1861 3925 1961 3980 ego
1990 3919 2194 3974 statuo,
2211 3909 2417 3975 Mosen,
2437 3924 2503 3962 eo
2517 3918 2760 3978 tempore
2787 3923 2895 3976 quo
2918 3907 3102 3962 eratin
3121 3909 3436 3977 17monte,

1862 4003 1915 4056 in
1958 4002 2168 4072 jejunio
2209 4001 2569 4071 quadraginta
2621 4000 2862 4064 dierum,
2904 3999 3176 4068 spirituali
3235 4014 3439 4054 mensae

1860 4094 2180 4158 accessisse,
2229 4109 2293 4148 ac
2345 4093 2534 4146 multis
2587 4092 2801 4147 deliciis
2859 4092 3194 4147 oblectatum
3239 4091 3434 4146 fuisse.

1863 4187 2173 4255 Unicuique
2203 4186 2368 4256 igitur
2391 4195 2706 4240 sanctorum
2753 4193 2815 4238 ut
2851 4183 3028 4238 voluit
3068 4183 3342 4254 apparuit,
3376 4191 3438 4238 ut

1863 4280 2198 4334 refoeillaret
2229 4294 2291 4332 ac
2329 4284 2577 4332 servaret
2624 4291 2740 4341 eos,
2769 4283 2826 4330 et
2864 4275 2920 4330 in
2945 4275 3314 4346 cognitionem
3339 4275 3438 4330 Dei

1863 4369 2182 4424 deduceret.
2219 4366 2414 4422 Omnia
2441 4365 2587 4420 enim
2623 4364 2802 4419 facilia
2829 4363 2880 4418 ei
2924 4373 3074 4430 sunt,
3101 4380 3222 4434 quae
3271 4363 3437 4418 modo

1862 4462 1998 4524 vult,
2030 4468 2086 4514 et
2113 4458 2332 4528 quando
2355 4457 2405 4511 ei
2438 4457 2636 4527 placet,
2668 4457 2910 4526 seipsum
2940 4456 3272 4512 imminuens
3304 4471 3436 4512 cor-

116 4577 260 4615 νων
297 4557 506 4611 ἑαυτὸν
534 4552 921 4620 σωματοποιεί,
949 4549 1043 4602 καὶ
1071 4547 1514 4618 μεταμορφοῦται
1535 4546 1752 4599 ὀπτανό-

1865 4566 2096 4624 porcum
2152 4549 2426 4606 redditae
2487 4549 2861 4612 transformat,
2889 4560 2947 4604 et
2989 4548 3324 4619 conSpicuus
3377 4547 3438 4601 ﬁt

120 4666 338 4723 μενος
367 4648 482 4707 τοῖς
509 4643 798 4714 ἀγαπῶσιν
823 4641 1005 4701 αὐτὸν,
1030 4642 1087 4693 ὲν
1111 4640 1388 4710 ἀπροσίτῳ
1408 4639 1534 4709 δόξῃ
1556 4639 1752 4708 φωτὸς,

111 4742 307 4798 κατὰ
369 4737 572 4806 πολλὴν
624 4736 720 4789 καὶ
765 4733 1041 4803 ἄφραστον
1088 4733 1310 4801 ἀγάπην
1357 4729 1756 4801 φανερούμενος

105 4838 262 4898 τοῖς
336 4830 516 4894 ἀξίοις
571 4827 714 4882 κατὰ
767 4827 865 4896 τὴν
912 4824 1076 4876 αὑτοῦ
1128 4823 1377 4892 δύναμιν.
1442 4822 1601 4892 Ψυχὴ
1647 4824 1757 4894 γὰρ

100 4935 148 4996 ἡ
201 4923 653 4990 καταξιωθεῖσα
693 4923 750 4974 ὲν
785 4919 950 4988 πολλῇ
985 4917 1274 4988 ἐπιθυμία,
1310 4916 1403 4968 καὶ
1433 4915 1752 4986 προσδοκία,

97 4999 229 5078 καὶ
291 5017 534 5080 πίστει,
590 5015 686 5067 καὶ
737 5013 927 5081 ἀγάπῃ
975 5007 1231 5073 δέξασθαι
1281 5006 1497 5077 εκείνην
1546 5005 1645 5075 τὴν
1699 5004 1757 5070 ἐξ

99 5116 338 5186 ὕψους
378 5108 632 5178 δύναμιν,
667 5104 767 5175 τὴν
796 5101 1120 5172 ἐπουράνιον
1151 5099 1244 5152 τοῦ
1275 5098 1589 5168 ῐῙνεύματος
1620 5099 1758 5166 ἀγά-

95 5226 292 5278 πην,
374 5201 472 5255 καὶ
525 5199 601 5252 τὸ·
633 5195 952 5266 ἐπουράνιον
1001 5191 1113 5262 πῦρ
1161 5191 1261 5260 τῆς
1304 5189 1571 5243 ἀθανάτου
1612 5188 1758 5258 ζωῆς

89 5297 322 5358 λοιεοῦ
337 5313 418 5348 σα
441 5334 456 5356 ,
490 5293 668 5361 πάσης
708 5289 928 5356 ἀγάπης
961 5283 1228 5356 κοσμικῆς
1263 5282 1320 5345 ἐξ
1351 5282 1607 5352 ἀληθείας
1638 5282 1758 5334 λύει

88 5414 243 5454 ται,
301 5389 425 5443 καὶ
456 5384 658 5447 παντὸς
683 5380 884 5451 δεσμοῦ
912 5379 1112 5440 κακίας
1143 5375 1543 5444 ἐλευθεροῦται.

183 5488 323 5540 ων.
407 5479 617 5546 Ὥσπερ
659 5475 768 5545 γὰρ
810 5473 1059 5541 σίδηρος,
1103 5469 1136 5540 ἥ
1173 5468 1443 5539 μόλιϐδος,
1478 5469 1508 5538 ἧ
1540 5469 1756 5538 χρυσίς,

81 5585 125 5651 ἣ
173 5581 486 5649 ἄργυρος
534 5570 626 5622 ἐπὶ
658 5569 769 5636 πῦρ
801 5563 1017 5636 βληθεὶς
1059 5562 1283 5624 λύεται,
1332 5563 1396 5614 ὲκ
1423 5562 1521 5630 τῆς
1547 5561 1760 5629 φύσεως

77 5676 210 5746 τῆς
281 5663 566 5735 σκληρᾶς
619 5663 700 5723 εἰς
746 5656 1061 5724 ἁπαλότητα
1114 5652 1615 5724 μεταϐαλλόμενος,
1667 5654 1761 5706 καὶ

179 5798 236 5826 ιι
289 5790 490 5842 Deut.
519 5797 590 5843 Iv,
630 5781 732 5841 Eli;
766 5776 930 5829 llel'nr.
957 5791 1054 5837 xu,
1088 5773 1182 5828 ‘29.

81 5872 135 5903 ⁵⁷
181 5866 414 5925 Joan.
452 5870 523 5915 Iv,
555 5853 636 5904 li.
700 5850 743 5880 ³⁸
774 5849 791 5900 l
819 5848 948 5900 Cor.
981 5861 1032 5906 χ,
1069 5846 1120 5897 ι.

515 5945 787 6003 PATROL.
832 5942 948 6002 Gn.
995 5936 1260 5997 XXXIV.

1287 5771 1330 5804 "
1363 5771 1527 5826 llebr.
1575 5787 1669 5836 xu,
1699 5770 1788 5834 ‘22,
1819 5769 1909 5825 ‘25.

1861 4644 2218 4716 diligentibus
2264 4657 2416 4707 eum,
2455 4640 2513 4695 in
2552 4641 2829 4696 inaccessa
2865 4642 3037 4711 gloria
3078 4640 3347 4707 luminis;
3381 4649 3436 4694 et

1863 4749 2091 4808 apparet
2127 4751 2196 4790 ex
2217 4735 2484 4789 immensa
2513 4741 2569 4788 et
2603 4731 2871 4786 ineffabili
2900 4733 3196 4786 dilectione
3231 4731 3318 4793 iis,
3339 4731 3435 4800 qui

1863 4831 2015 4902 digni
2043 4837 2172 4884 sunt
2193 4826 2495 4882 secundum
2521 4825 2822 4895 potentiam
2850 4840 3025 4879 suam.
3049 4823 3243 4877 Anima
3263 4822 3437 4886 enim,

1863 4936 1986 4991 quae
2018 4920 2183 4990 digna
2216 4919 2322 4973 fuit
2350 4917 2538 4973 habita
2584 4916 2640 4970 in
2681 4931 2898 4972 summo
2929 4914 3229 4978 desiderio,
3259 4923 3315 4969 et
3341 4929 3437 4968 ex-

1863 5011 2226 5082 spectatione,
2258 5017 2314 5064 et
2341 5009 2466 5074 (ide,
2494 5017 2553 5064 et
2579 5007 2896 5071 dilectione,
2929 5015 2990 5061 ut
3029 5006 3260 5076 recipiat
3291 5005 3436 5060 illam

1864 5118 1894 5158 e
1938 5101 2164 5156 sublimi
2207 5100 2494 5162 virtutem,
2552 5099 2833 5153 ccelestem
2895 5096 3129 5166 Spiritui
3182 5096 3440 5150 dilectio-

1864 5209 2011 5257 nem,
2037 5202 2094 5246 et
2122 5207 2243 5260 quae
2265 5193 2540 5246 (:mlestetn
2572 5189 2751 5259 ignem
2779 5198 2999 5243 aeterna:
3023 5188 3146 5242 vitae
3171 5187 3274 5241 fuit
3303 5203 3441 5242 con-

1866 5295 2075 5348 secuta,
2108 5284 2253 5337 omni
2286 5283 2578 5338 dilectione
2618 5282 2893 5336 mundana
2938 5281 3260 5345 exsolvitur,
3284 5290 3340 5334 et
3369 5280 3440 5334 ab

1867 5379 2014 5433 omni
2052 5377 2272 5431 vinculo
2304 5375 2523 5430 malitia:
2555 5375 2849 5429 liberatur.

1939 5470 2072 5524 XIV.
2098 5466 2568 5534 Quemadmodum
2598 5467 2744 5521 enim
2774 5465 2981 5520 ferrum
3007 5472 3102 5519 aut
3126 5464 3436 5535 plumbum,

1869 5571 1962 5615 aut
1993 5575 2210 5624 aurum,
2235 5567 2329 5612 aut
2357 5566 2646 5626 argentum
2681 5557 2735 5611 in
2769 5558 2949 5626 ignem
2979 5557 3250 5626 conjecta,
3273 5571 3304 5610 a
3332 5555 3438 5609 du-

1871 5653 1995 5707 ritie
2030 5661 2243 5706 natura:
2279 5664 2390 5705 suae
2422 5649 2735 5714 solvuntur,
2765 5648 2821 5702 in
2858 5648 3145 5703 mollitiem
3180 5656 3388 5703 mutata
3423 5665 3436 5699 :

2016 5774 2056 5804 3‘
2092 5772 2109 5826 l
2139 5769 2265 5824 Cor.
2299 5786 2354 5830 ll,
2397 5769 2447 5821 8.
2549 5769 2590 5800 ³⁵
2636 5769 2791 5824 Joan.
2825 5787 2893 5822 vi.
2938 5769 3026 5822 55.
3104 5769 3148 5800 ³⁸
3183 5766 3313 5821 ibid.
3350 5766 3439 5824 '53.

2976 5927 3040 5989 lii
