3948 6526
579 438 682 502 483

1829 434 1888 491 S.
1929 427 2247 490 MACARII
2282 427 2602 488 IEG‘Y‘PTII
3716 427 3796 494 38.!

578 561 633 604 et
663 557 870 620 quanto
889 546 1100 602 diutius
1129 546 1183 600 in
1209 546 1338 615 igne
1363 537 1586 607 fuerint,
1613 550 1764 596 tanto
1787 541 1958 612 magis
1983 541 2155 596 resol-

2278 540 2342 608 .φ’
2370 541 2492 594 ὅσον
2523 541 2580 593 ἐν
2605 537 2684 609 τῷ
2714 537 2846 610 πυρὶ
2872 532 3128 609 τυγχάνει
3151 579 3165 603 ,
3201 537 3387 592 λύεται
3423 538 3518 592 καὶ
3551 537 3797 606 {falcium

578 643 728 699 vitur
750 651 806 695 et
835 641 1102 696 alteratur
1131 654 1321 693 eorum
1353 636 1622 690 naturalis
1651 635 1908 700 durities,
1933 643 2156 705 propter

579 732 814 788 calidam
857 731 1000 800 ignis
1037 730 1296 783 virtutem
1343 745 1356 780 :
1397 726 1590 780 eodem
1639 725 1804 778 modo
1845 734 1900 779 et
1944 728 2154 788 anima,

581 839 705 892 qua:
751 823 1029 891 abnegans
1077 818 1341 873 utundum
1393 817 1568 871 solius
1616 815 1836 870 Domini
1884 815 2158 870 desiderio

584 923 808 968 tenetur
845 913 899 966 in
943 925 1134 980 magna
1176 908 1351 963 animi
1391 907 1891 978 pervestigatione,
1926 917 2158 962 conten-

583 1005 732 1058 tione
774 1017 836 1056 ac
873 1001 1092 1065 labore;
1137 1014 1302 1068 atque
1342 997 1722 1053 indesinenter
1753 998 1807 1052 in
1846 1012 1942 1068 spe
1972 1005 2027 1052 et
2052 997 2160 1052 fide

582 1109 710 1148 eum
761 1100 1041 1161 exspectat
1087 1109 1100 1144 :
1153 1106 1383 1160 quaeque
1432 1091 1713 1146 cmlestem
1773 1089 1924 1144 illum
1979 1091 2160 1160 ignem

583 1182 894 1237 divinitatis
933 1191 991 1236 et
1030 1179 1344 1235 dilectionis
1389 1179 1634 1250 Spiritus
1675 1187 1976 1233 consecuta
2020 1188 2101 1231 cst
2144 1195 2156 1230 :

587 1285 702 1332 tum
734 1289 928 1330 revera
964 1272 1110 1327 omni
1131 1272 1429 1326 dilectione
1449 1270 1980 1335 mundiexsolvitur,
2007 1278 2061 1323 ct
2095 1270 2163 1323 ab

585 1367 739 1422 omni
781 1365 923 1419 mala
961 1363 1254 1418 affectione
1297 1363 1581 1426 liberatur,
1614 1371 1670 1416 et
1702 1361 1887 1414 omnia
1930 1361 2090 1431 longe
2133 1377 2165 1416 a

587 1475 646 1514 se
689 1458 912 1528 proiicit
942 1497 956 1521 ,
993 1464 1157 1524 atque
1199 1455 1437 1508 naturali
1480 1469 1581 1507 suo
1622 1453 1809 1506 habitu
1854 1467 1918 1506 ac
1959 1452 2164 1507 duritie

587 1550 798 1620 peccati
835 1548 1080 1611 inuitatis,
1109 1557 1305 1600 caetera
1329 1547 1514 1599 omnia
1551 1543 1823 1613 superflua
1850 1543 2023 1606 ducit,
2050 1545 2166 1598 solo

589 1637 802 1693 cmlesti
848 1638 1084 1706 Sponso,
1113 1651 1278 1706 quem
1314 1635 1543 1706 recepit,
1576 1635 1930 1704 requiescens
1964 1634 2019 1688 in
2052 1633 2163 1690 fcr-

591 1730 742 1784 'venti
772 1739 826 1782 et
855 1728 1121 1783 ineffabili
1152 1730 1270 1799 ejus
1298 1727 1617 1782 dilectione.

662 1919 773 1974 XV.
827 1918 956 1972 Dico
1005 1927 1189 1972 autem
1242 1916 1376 1981 tibi,
1420 1916 1568 1984 quod
1619 1917 1722 1971 hos
1773 1916 1884 1971 Deo
1932 1916 2164 1970 dilectos
2199 1887 2243 1945 Β

593 2010 813 2071 fratres,
847 2022 987 2076 quos
1015 2014 1142 2060 ante
1165 2006 1357 2060 oculos
1385 2005 1570 2068 habet,
1599 2005 1645 2059 si
1675 2005 1985 2060 subducant
2011 2020 2067 2059 se
2099 2006 2166 2060 ab

595 2101 688 2154 illa
727 2099 1057 2164 dilectione,
1095 2107 1156 2151 ut
1199 2097 1272 2152 ita
1303 2097 1512 2161 dicam,
1552 2097 1787 2168 rejiciat.
1827 2097 1983 2152 Illam
2028 2100 2169 2152 enim

597 2193 792 2245 animo:
816 2193 922 2245 vita
955 2200 1029 2244 est
1058 2199 1106 2244 et
1131 2191 1362 2260 requies,
1396 2190 1613 2260 mystica
1643 2205 1829 2260 nempe
1858 2198 1906 2243 et
1935 2191 2172 2260 ine/fabi-

598 2283 663 2337 lis
691 2284 837 2354 regni
864 2281 1081 2336 cazlestis
1106 2281 1464 2352 participatio.
1497 2280 1552 2336 Si
1581 2281 1729 2335 enim
1756 2281 1995 2335 carnalis
2018 2297 2170 2335 com-

598 2374 880 2427 munionis
907 2373 1134 2427 dilectio
1163 2382 1382 2441 separat
1409 2387 1438 2424 a
1465 2379 1640 2440 patre,
1664 2371 1854 2435 fratre,
1878 2371 2168 2435 matribus,

596 2472 656 2518 et
683 2465 868 2518 omnia
910 2471 1176 2516 extranea
1209 2461 1348 2514 ﬁunt
1379 2459 1594 2525 animo,
1625 2470 1682 2516 et
1715 2460 1760 2514 si
1795 2460 1926 2529 quid
1964 2459 2169 2531 diligit,

598 2555 668 2610 ad
703 2555 928 2608 modum
961 2560 1318 2606 externorum
1352 2550 1530 2621 diligit
1563 2567 1579 2604 :
1614 2565 1833 2605 omnem
1865 2564 2000 2605 vero
2036 2553 2172 2605 afl'eo

599 2647 840 2701 ctionem
879 2659 1010 2714 erga
1056 2644 1348 2713 conjugem
1394 2658 1548 2697 suam
1596 2641 1799 2698 retinet
1836 2659 1849 2696 :
1883 2642 2172 2713 PrOpterea

599 2740 768 2801 enim,
804 2736 1013 2805 inquit,
1047 2735 1303 2804 relinquet
1334 2736 1488 2788 homo
1523 2742 1730 2804 patrem
1765 2742 1811 2787 et
1846 2743 2098 2797 matrem,
2125 2744 2174 2786 ct

601 2829 884 2884 adhrercbit
934 2828 1085 2881 uxori
1130 2842 1274 2891 suat,
1321 2835 1369 2879 et
1412 2833 1565 2878 erunt
1613 2827 1665 2879 hi
1710 2826 1814 2878 duo
1856 2826 1912 2878 in
1959 2842 2173 2878 carnem

600 2938 762 2975 unam
783 2923 845 2975 ’°.
874 2920 929 2975 Si
960 2919 1128 2990 igitur
1147 2917 1376 2973 dilectio
1401 2918 1588 2972 carnis
1613 2917 1694 2973 sic
1723 2918 1792 2972 ab
1817 2917 1968 2972 omni
1991 2933 2175 2972 amore

598 3015 794 3078 solvit,
825 3021 1030 3083 quanto
1063 3011 1236 3082 magis
1271 3010 1339 3077 ii,
1367 3010 1463 3080 qui
1497 3009 1646 3080 digni
1681 3009 1852 3064 habiti
1887 3018 2015 3064 sunt
2048 3025 2177 3064 vera

599 3104 1024 3176 participatione
1056 3101 1299 3172 Spiritus
1330 3101 1480 3155 illius
1506 3101 1710 3165 sancti,
1735 3101 1975 3155 caelestis
2003 3115 2066 3155 ac
2092 3101 2177 3155 di-

599 3197 756 3258 lecti,
787 3195 854 3248 ab
880 3194 1029 3248 omni
1051 3207 1244 3247 amore
1278 3191 1468 3245 mundi
1500 3190 1886 3260 expedicntur,
1912 3198 1966 3245 et
1994 3191 2177 3244 omnia

606 3289 742 3357 ipsis
767 3285 1043 3355 superflua
1065 3283 1430 3350 videbuntur;
1455 3297 1522 3338 eo
1545 3281 1691 3352 quod
1719 3282 1931 3338 caelesti
1958 3283 2174 3339 deside-

608 3379 691 3433 rio
723 3378 850 3431 victi
885 3385 942 3430 et
977 3375 1150 3446 lapsui
1186 3375 1304 3446 ejus
1333 3374 1474 3428 uniti
1508 3373 1672 3429 sunt?
1703 3374 1819 3429 Illic
1847 3374 1994 3429 enim
2031 3374 2178 3430 desi-

607 3467 782 3533 deria,
809 3467 922 3521 illic
947 3466 1308 3536 cogitationes
1339 3481 1466 3520 suas
1495 3465 1797 3535 deponunt,
1826 3467 1940 3522 illic
1963 3466 2177 3533 vivunt,

601 3561 723 3616 iltic
745 3558 1109 3629 cogitationes
1131 3574 1324 3614 eorum
1352 3559 1856 3629 circumvagantur,
1876 3569 2042 3629 atque
2070 3559 2181 3613 illic

607 3665 765 3705 mens
784 3649 1002 3704 assidue
1022 3648 1192 3719 degit,
1211 3647 1402 3704 divino
1423 3663 1488 3705 ac
1509 3647 1720 3704 caelesti
1748 3663 1936 3705 amore
1959 3657 2013 3705 et
2033 3649 2181 3706 desi-

607 3742 764 3798 derio
789 3740 1062 3812 spirituali
1077 3747 1364 3811 superata.

679 3919 818 3975 XVI.
851 3919 1126 3985 Tandem,
1159 3918 1349 3974 dilecti
1395 3918 1622 3984 fratres,
1655 3933 1779 3972 eum
1827 3927 1974 3972 tanta
2023 3918 2182 3972 nobis

608 4015 722 4073 sint
741 4015 923 4069 oblata
946 4013 1112 4078 bona,
1133 4021 1191 4068 et
1217 4024 1378 4067 tanta:
1402 4011 1798 4082 promissiones
1823 4011 1996 4076 factae,
2016 4012 2180 4081 agite,

609 4107 794 4162 omnia
844 4105 1235 4176 impedimenta
1283 4122 1315 4159 a
1363 4103 1526 4159 nobis
1569 4105 1916 4176 rejiciamus,
1960 4119 2181 4158 omnem

599 4213 854 4254 amorem
901 4196 1094 4251 mundi
1136 4212 1476 4260 averscmur,
1507 4205 1670 4266 atque
1717 4197 1850 4251 huic
1891 4197 1992 4252 soli
2037 4197 2183 4251 bono

604 4289 1076 4362 pervestigatione
1107 4298 1165 4343 et
1196 4288 1470 4344 desiderio
1505 4306 1610 4344 nos
1640 4289 1938 4356 dedamus,
1967 4297 2028 4343 ut
2053 4303 2181 4358 pos-

611 4383 789 4437 simus
816 4381 1114 4452 participes
1143 4379 1260 4434 fieri
1291 4396 1504 4435 arcanae
1534 4368 1685 4436 illius
1709 4380 2024 4436 dilectionis
2053 4381 2182 4451 Spi-

614 4474 778 4536 ritus,
801 4470 869 4525 ad
899 4485 1062 4540 quam
1093 4469 1256 4524 divus
1281 4469 1483 4526 Paulus
1512 4486 1612 4526 nos
1641 4471 1964 4526 adhortatus
1991 4480 2094 4532 est,
2124 4478 2184 4523 ut

2256 633 2353 702 τῆς
2382 632 2616 700 φυσικῆς
2648 630 3040 701 σκληρότητος,
3071 630 3160 685 διά
3187 631 3288 701 τὴν
3312 630 3407 683 τοῦ
3435 629 3604 700 πυρὸς
3629 629 3800 700 θερμὴν

2256 722 2520 792 δύναμινο
2562 723 2652 775 τὸν
2683 723 2848 775 αὐτὸν
2879 722 3080 794 τρόπον
3112 723 3145 792 ἡ
3173 720 3322 793 ψυχὴ
3354 721 3703 791 ἀρνησαμένη
3731 724 3801 774 ττν

2259 817 2498 888 κόσμον,
2547 820 2642 872 καί⁵
2689 819 2780 872 τὸν
2814 820 3017 891 Κύριον
3050 820 3208 890 μόνον
3240 819 3548 890 ποθήσασα,
3582 821 3636 869 ἐν
3665 816 3801 885 πολλῇ

2259 910 2434 982 ψυχῆς
2464 911 2719 982 ζητήσει,
2772 912 2866 965 καὶ
2908 915 3055 983 πόνῳ
3083 913 3176 965 καὶ
3201 911 3392 981 ἀγῶνι,
3429 913 3525 964 καὶ
3553 910 3646 980 τὴν
3671 921 3801 978 προσ-

2259 1003 2442 1056 δοκίαν
2475 1004 2813 1058 ἀδιάλειπτον
2841 1005 3039 1074 ἔχουσα
3070 1003 3204 1074 πρὸς
3233 1003 3395 1058 αὐτὸν
3422 1002 3597 1056 ἐλπίδι
3628 1003 3712 1053 καὶ
3734 1001 3804 1051 xi.

2264 1113 2400 1149 στειο
2428 1097 2523 1150 καὶ
2545 1097 2814 1168 δεξαμένη
2844 1100 3020 1151 ἐκεῖνο
3045 1098 3105 1150 τὸ
3127 1100 3453 1168 ἐπουράνιον
3474 1096 3587 1166 πῦρ
3609 1097 3699 1166 τῆς
3716 1095 3808 1148 θεὸς

2260 1206 2423 1258 τητος
2459 1193 2552 1244 καὶ
2582 1192 2801 1263 ἀγάπης
2831 1194 2924 1244 τοῦ
2952 1191 3270 1262 Πνεύματος
3296 1207 3309 1222 ο
3345 1190 3467 1244 τότε
3499 1188 3559 1254 ἐξ
3584 1189 3810 1259 ἀληθέίας

2264 1283 2444 1349 πάσης
2491 1282 2709 1352 ἀγάπης
2753 1283 2957 1352 κόσμου
3006 1282 3228 1347 λύεται,
3279 1283 3372 1336 καὶ
3417 1281 3602 1349 πάσης
3643 1282 3811 1344 κακίας

2265 1371 2452 1424 παθῶν
2476 1371 2875 1442 ἐλευθεροῦται,
2900 1372 2996 1425 καὶ
3014 1373 3190 1426 πάντα
3213 1373 3369 1436 ἐκτὶς
3393 1375 3631 1426 ποιεῖται
3647 1371 3812 1439 αὐτῆς,

2267 1463 2357 1514 καὶ
2385 1463 2442 1528 ἐξ
2465 1464 2631 1533 αὐτῆς
2655 1464 2751 1532 τῆς
2775 1465 3007 1534 φυσικῆς
3029 1464 3193 1531 ἐξεως
3221 1464 3314 1518 καὶ
3346 1462 3708 1534 σκληρότητος
3737 1465 3816 1530 τῆς

2265 1555 2537 1624 ἁμαρτίας
2577 1555 2973 1624 μεταϐάλλεται
3002 1594 3016 1618 ,
3073 1557 3170 1608 καὶ
3217 1555 3395 1609 πάντα
3428 1554 3666 1624 περισσά
3693 1555 3816 1623 ἠγεῖ-

2267 1664 2390 1709 ται,
2447 1647 2580 1716 πρὸς
2629 1647 2788 1717 μό.ον
2840 1648 2930 1700 τὸν
2972 1647 3297 1719 ἐπουράνιον
3339 1647 3594 1717 Νυμφίον
3635 1647 3691 1699 ὃν
3727 1648 3818 1698 ἑδέ-

2272 1738 2400 1802 ξατο
2425 1778 2438 1800 ,
2487 1739 2876 1810 ἀναπαυομένη
2909 1740 2967 1792 ἐν
2990 1741 3055 1811 τῇ
3084 1738 3280 1810 ζεούσῃ
3309 1739 3404 1791 καὶ
3432 1738 3661 1808 ἀρρήτῳ
3683 1737 3818 1790 αὑτοῦ

2271 1831 2480 1902 ἀγάπῃ.

2345 1925 2443 1975 lli'.
2496 1923 2654 1991 Λέγω
2703 1939 2784 1974 σοι
2828 1922 2905 1990 δὲ,
2943 1924 3023 1976 ὅτι
3055 1923 3254 1987 αὐτοὺς
3285 1923 3416 1985 τοὺς
3441 1921 3818 1993 περιποθήτους

2268 2014 2558 2082 ἀδελφοὺς,
2594 2012 2687 2077 οὓς
2719 2014 2830 2084 ἕχει
2865 2015 2970 2084 πρὸ
2996 2013 3322 2084 ὀφθαλμῶν,
3359 2013 3454 2066 ἐὰν
3483 2012 3823 2083 ἐμποδίζωσιν

2271 2107 2362 2159 ἀπ’
2399 2104 2612 2171 ἐκείνης
2661 2104 2758 2172 τῆς
2802 2106 3058 2173 ἀγάπης,
3106 2103 3293 2175 ῶσπερ
3341 2103 3540 2165 εἰπεῖν,
3583 2103 3825 2173 ἀποστρὲ-

2272 2214 2450 2268 φεταιο
2472 2197 2695 2251 Ἐκεῖνο
2714 2196 2822 2266 γάρ
2848 2197 3018 2251 ἐστιν
3036 2195 3226 2264 αὐτῆς
3241 2195 3352 2264 ζωὴ
3374 2196 3470 2249 καί
3487 2194 3826 2262 ἀνάπαυσις,

2272 2291 2309 2358 ἡ
2338 2289 2442 2344 τοῦ
2464 2291 2826 2357 ἐποιῬιινίου
2849 2289 3156 2356 ,βασιλέως
3184 2286 3443 2357 μυστικὴ
3477 2289 3574 2342 καὶ
3597 2288 3828 2356 affrith

2273 2385 2571 2439 κοινωνία.
2599 2385 2663 2436 Et
2687 2383 2795 2454 γάρ
2822 2383 3089 2453 σαρκικῆς
3112 2382 3395 2444 κοινωνίας
3420 2383 3612 2451 ἀγάπη
3633 2381 3828 2451 χωρίζει

2276 2474 2498 2546 πατρὸς,
2538 2474 2763 2544 μητρὸς,
2795 2474 3062 2542 ἀδελφῶν,
3087 2473 3181 2526 καὶ
3209 2474 3385 2526 πάντα
3411 2473 3654 2542 ἐξῶτερα
3677 2470 3828 2524 αὐτῶν

2275 2567 2522 2634 γίγνεται
2555 2567 2611 2617 ἐν
2640 2564 2717 2634 τῷ
2742 2562 2817 2634 νῷ
2838 2579 2851 2592 °
2890 2563 2985 2616 καὶ
3015 2564 3062 2616 εί
3087 2564 3300 2634 ἀγαπᾷ,
3329 2563 3614 2632 ἐξωτέρως
3641 2561 3826 2629 ἀγαπᾷ

2274 2659 2372 2728 τὴν
2402 2658 2458 2710 δέ
2493 2657 2731 2711 διάθεσιν
2763 2656 2928 2710 αὐτοῦ
2961 2657 3140 2712 πᾶσαν
3176 2657 3256 2720 είς
3289 2655 3387 2726 τὴν
3416 2655 3661 2708 σύνοικον
3687 2652 3826 2708 αὑτοῦ

2276 2750 2561 2819 κέκτηται·
2606 2749 2764 2804 Ἀντί
2794 2750 3008 2803 τούτου
3039 2750 3168 2819 γὰρ,
3195 2749 3350 2820 φησὶ,
3381 2748 3726 2813 καταλείψει
3747 2745 3830 2796 ὡ-

2276 2843 2505 2908 θρωπος
2527 2841 2632 2894 τὸν
2650 2839 2898 2907 πατέρα,
2920 2838 3018 2891 καὶ
3039 2838 3154 2905 τὴν
3166 2836 3415 2908 μητέρα,
3429 2836 3525 2888 καὶ
3550 2838 3830 2902 aper/'40.!-

2275 2930 2607 3000 ληθήσεται
2626 2929 2698 2998 τῇ
2717 2929 2971 3000 γυναικὶ,
2998 2930 3092 2983 καὶ
3127 2930 3372 2986 ἔσονται
3399 2931 3452 2980 οι
3476 2926 3584 2980 δύο
3612 2929 3693 2992 εις
3714 2925 3831 2991 (νάι-

2279 3038 2354 3074 κα
2379 3023 2544 3090 μίαν.
2583 3021 2644 3073 Ei
2675 3019 2767 3072 οὖν
2797 3021 2829 3090 ἡ
2865 3019 2962 3089 τῆς
2993 3020 3192 3089 σαρκὸς
3221 3021 3409 3087 ἀγάπη
3438 3017 3582 3069 οὓτω
3610 3016 3716 3068 λύει
3741 3018 3831 3066 πα-

2280 3129 2376 3181 σης
2401 3111 2638 3181 ἀγάπης,
2663 3110 2816 3181 πόσῳ
2841 3110 3040 3180 μᾶλλον
3063 3111 3176 3162 ὅσοι
3194 3110 3613 3178 κατηξιώθησαν
3641 3109 3825 3160 ἐκεί-ιω

2280 3199 2373 3252 τοῦ
2402 3199 2556 3267 ἀγίου
2586 3200 2691 3252 Πνε
2707 3197 2912 3267 ύματος
2941 3198 3037 3251 τοῦ
3081 3199 3407 3268 ἐπουρανίου
3443 3200 3537 3253 καὶ
3564 3197 3829 3267 ἀγαπητοῦ

2281 3289 2342 3355 ἐξ
2364 3291 2618 3361 ἀληθείας
2637 3289 2983 3360 κοινωνῆσαι,
3004 3291 3184 3359 πάσης
3210 3291 3429 3360 ἀγάπης
3454 3291 3662 3360 κόσμου
3691 3289 3831 3356 12.013-

2282 3400 2483 3447 σονται,
2500 3383 2593 3436 καὶ
2617 3381 2791 3434 πάντα
2817 3383 3050 3452 περισσὰ
3074 3382 3257 3446 αὐτοῖς
3283 3383 3748 3452 καταφανήσεται,
3769 3381 3834 3450 τῷ

2279 3475 2590 3544 νενικῆσθαι
2620 3473 2817 3537 αὐτοὺς
2842 3473 2918 3542 τῷ
2941 3473 3175 3544 οὐρανίῳ
3205 3473 3386 3544 πόθῳ,
3426 3475 3521 3528 καὶ
3558 3477 3624 3544 τῇ
3651 3474 3833 3527 πτώσει

2280 3566 2442 3621 αύτοῦ
2475 3566 2742 3637 ήνῶσθαιί
2770 3567 2918 3619 Ἐκεῖ
2939 3567 3046 3638 γὰρ
3070 3566 3443 3635 ἐπιποθοῦσιν,
3475 3569 3595 3620 ἐκεῖ
3616 3568 3834 3635 λογίζον-

2280 3676 2390 3723 ται,
2410 3661 2528 3712 ἐκεῖ
2556 3657 2739 3723 ζῶσιν,
2761 3661 2875 3712 ἐκεῖ
2896 3661 2941 3711 οί
2967 3659 3216 3730 λογισμοὶ
3236 3659 3416 3713 αὐτῶν
3438 3659 3835 3731 περιπαταῦσιν,

2281 3751 2446 3803 ἐκεῖὸ
2469 3749 2592 3812 νοῦς
2619 3749 2851 3802 πάντοτε
2876 3748 2976 3814 τὴν
3003 3747 3288 3819 διατριϐὴν
3317 3747 3429 3817 ἔχει
3446 3791 3462 3815 ,
3501 3750 3834 3818 νενικημένος

2281 3842 2357 3913 τῷ
2387 3841 2516 3913 θείῳ
2545 3843 2637 3895 καὶ
2663 3842 2898 3913 οὐρανίῳ
2924 3841 3119 3910 ἔρωτι,
3168 3843 3262 3894 καὶ
3300 3843 3448 3911 πόθῳ
3476 3841 3832 3912 πνευματικῷ.

2354 3935 2470 4001 ις’.
2526 3933 2599 3986 Ίὸ
2638 3933 2854 3997 λοιπὸν,
2902 3927 2946 3986 ὦ
2999 3933 3272 4004 ἀγαπητοὶ
3306 3933 3562 3999 ἀδελςςοὶ,
3598 3933 3837 3985 τοιούτων

2283 4026 2502 4095 ἀγαθῶν
2523 4027 2921 4098 προκειμένων,
2948 4028 3043 4081 καὶ
3066 4027 3335 4079 τοσούτων
3361 4027 3704 4094 ἐπαγγελιῶν
3722 4029 3838 4095 ημῖν

2285 4119 2391 4174 ὑπὸ
2433 4119 2525 4172 τοῦ
2567 4120 2772 4188 Κυρίου
2821 4120 3283 4190 ἐπηγγελμένων,
3321 4121 3500 4172 πάντα
3528 4119 3597 4172 τέι
3625 4119 3840 4188 ἐμπόδια

2286 4214 2376 4282 ἀφ’
2402 4212 2610 4265 ἐαυτῶν
2640 4212 3055 4283 ἁπορῤίψωμεν,
3083 4213 3176 4264 καί
3203 4213 3382 4265 πᾶσαν
3408 4212 3630 4281 ἀγάπην
3652 4210 3744 4262 τοῦ
3768 4211 3842 4259 zi-

2287 4321 2425 4374 σμου
2460 4304 2924 4374 ἀποστραφῶμεν,
2959 4305 3051 4356 καὶ
3081 4304 3215 4374 πρὸς
3247 4305 3424 4356 ἐκεῖνο
3455 4305 3615 4375 μόνον
3639 4305 3698 4357 τὸ
3723 4307 3842 4372 ἀγα·

2286 4395 2376 4448 θδν
2411 4396 2475 4465 τῇ
2513 4393 2755 4466 ζητήσει,
2795 4396 2886 4448 καὶ
2917 4393 2995 4464 τῷ
3025 4395 3174 4465 πόθῳ
3206 4396 3432 4458 ἑαυτοὺς
3460 4396 3734 4465 ἐκίῶμεν,
3769 4396 3840 4446 ἷνῖι

2285 4485 2601 4556 δυνηθῶμεν
2635 4487 2817 4555 τυχεῖν
2861 4487 3076 4555 ἐκείνης
3118 4486 3215 4554 τῆς
3245 4487 3486 4558 ἀρρήτου
3517 4489 3738 4559 ἀγάπης
3763 4486 3840 4538 τοῦ

613 4567 1020 4628 acceleremus;
1061 4561 1379 4627 Sectamini,
1418 4562 1706 4631 inquiens,
1743 4557 2071 4616 dilectionem
2091 4563 2133 4593 ‘°
2166 4579 2176 4616 :

2288 4577 2606 4646 Πνεύματος
2631 4616 2646 4640 ,
2699 4577 2828 4647 περὶ
2861 4573 2927 4648 ἧς
2978 4579 3005 4630 ὁ
3043 4577 3308 4648 μακάριος
3342 4577 3555 4642 Παῦλος
3586 4580 3841 4651 παρῄνεσε

615 4665 676 4710 ιιι
704 4654 853 4723 digni
882 4653 1069 4708 haberi
1100 4653 1395 4723 possimus,
1422 4669 1657 4724 quorum
1685 4662 1929 4709 mutetur
1950 4653 2188 4708 durities

603 4763 714 4818 .per
735 4747 981 4802 dextram
1011 4746 1299 4811 Altissimi,
1321 4755 1376 4801 et
1405 4757 1465 4802 ut
1489 4748 1879 4817 perveniamus
1907 4747 1973 4801 ad
2006 4748 2190 4801 suavi-

603 4847 780 4894 .tatem
807 4848 861 4894 et
882 4839 1125 4908 requiem
1149 4839 1512 4908 spiritualem,
1537 4854 1724 4893 amore
1748 4839 1921 4893 divini
1951 4839 2190 4910 Spiritus

614 4931 866 4987 sauciati.
897 4932 1008 5001 :18
1039 4931 1305 4986 Dominus
1331 4932 1479 4986 enim
1507 4932 1677 4986 multa
1709 4931 1765 4986 in
1800 4932 2050 4988 homines
2077 4933 2191 4988 fer-

611 5033 705 5077 tur
737 5021 1099 5092 benignitate,
1125 5028 1182 5074 et
1213 5021 1405 5075 intima
1439 5021 1820 5077 misericordia
1853 5024 2112 5094 tangitur,
2133 5025 2185 5079 si

607 5114 835 5185 quando
858 5114 958 5168 toti
984 5127 1214 5184 prorsus
1238 5113 1307 5167 ad
1330 5128 1456 5168 eum
1480 5123 1889 5179 convertamur,
1913 5116 1981 5170 ab
2006 5117 2187 5171 omni-

616 5208 748 5272 bus,
780 5222 903 5276 quae
935 5207 1215 5262 contraria
1247 5214 1409 5267 sunt,
1440 5220 1544 5261 nos
1575 5207 1893 5276 eripientes.
1926 5207 2185 5275 Quamvis

608 5299 763 5354 cnim
811 5313 909 5352 nos
947 5313 1044 5367 per
1071 5313 1339 5352 summam
1376 5297 1772 5368 ignorantiam,
1803 5300 2085 5355 infantiam
2126 5317 2188 5357 ac

617 5389 972 5460 anticipatam
999 5390 1067 5445 de
1090 5390 1296 5444 malitia
1321 5390 1637 5460 opinionem
1661 5405 1983 5446 aversemur
2006 5408 2188 5447 veram

613 5484 817 5549 vitam,
844 5498 908 5537 ac
940 5483 1331 5552 impedimenta
1364 5483 1532 5538 multa
1564 5483 1725 5540 nobis
1756 5485 1856 5554 ipsi
1886 5501 2186 5555 ponamus,

616 5589 810 5629 revera
852 5573 1175 5644 resipiscere
1217 5577 1470 5631 nolentes
1511 5595 1526 5632 :
1572 5578 1690 5647 ipse
1737 5589 1917 5633 tamen
1955 5579 2188 5635 multum

618 5665 917 5722 miseretur
945 5669 1148 5734 nostri,
1179 5670 1566 5740 longanimiter
1590 5681 1932 5743 exspectans,
1970 5675 2190 5745 quando

693 5850 735 5882 ”
755 5847 947 5904 Matth.
977 5850 1168 5917 x1x,5;
1199 5849 1397 5922 Ephes.
1419 5866 1472 5922 v,
1495 5851 1585 5908 3!.
1663 5853 1708 5884 ‘°
1731 5852 1751 5906 ι
1773 5853 1905 5909 Cor.
1928 5869 2037 5923 xxv,
2062 5857 2110 5911 l.

2285 4669 2533 4722 σπεύδειν
2560 4671 2706 4740 ἡμᾶς
2733 4669 2867 4739 πρὸς
2892 4670 3084 4739 αὐτὴν,
3110 4669 3302 4738 λέγων·
3327 4670 3574 4724 Διὼκετε
3593 4671 3845 4740 τὴνάιτί-

2285 4774 2408 4828 πην
2432 4778 2445 4792 ·
2487 4760 2574 4815 ἵνα.
2607 4761 2924 4832 δυνηθῶμεν
2960 4765 3023 4814 ἐκ
3053 4763 3150 4834 τῆς
3184 4763 3553 4834 σκληρότητος
3579 4765 3735 4835 ἡμῶν
3764 4767 3846 4833 τῆς

2286 4849 2622 4914 ἀλλοιώσεως
2653 4853 2752 4922 τῆς
2792 4853 2972 4917 δεξιᾶς
3017 4853 3110 4906 τοῦ
3138 4853 3396 4923 Ὑψίστου
3431 4855 3846 4925 καταξιωθῆναι,

2287 4945 2383 4998 καὶ
2455 4947 2536 5009 είς
2599 4947 2913 5018 ἡμερότητα
2975 4947 3069 5000 καὶ
3124 4949 3432 5002 ἀνάπαυσιν
3489 4949 3850 5020 πνευματικὴν

2287 5037 2482 5103 ἐλθεῖν,
2508 5037 2671 5107 ἔρωτι
2696 5038 2842 5090 θείου
2867 5038 3178 5109 Πνεύματος
3203 5039 3522 5109 τρωθέντες.
3541 5041 3601 5093 Ὀ
3624 5041 3735 5110 γὰρ
3758 5038 3851 5092 Κύ-

2290 5145 2404 5199 ριος
2441 5129 2575 5182 πολὺ
2612 5130 3118 5202 φιλανθρωπεύεται
3154 5133 3659 5202 σπλαγχνιζόμενος
3684 5175 3698 5197 ,
3741 5135 3851 5184 πότε

2288 5221 2709 5292 ἐπιστρέψωμεν
2737 5223 2848 5276 ὅλοι
2878 5222 3082 5288 ἐξόλου
3116 5224 3259 5294 πρὸς
3277 5225 3443 5276 αὑτὸν
3462 5264 3476 5285 ,
3515 5225 3735 5277 πάντων
3763 5223 3852 5274 τῶν

2292 5313 2550 5366 ἐναντίων
2598 5313 2826 5378 ἑαυτοὺς
2860 5314 3186 5386 ἐξαίροντες.
3226 5317 3286 5369 Et
3323 5317 3429 5387 γὰρ
3461 5318 3557 5368 καὶ
3582 5318 3744 5386 ἡμεῖς
3781 5315 3852 5366 διὰ

2293 5405 2494 5476 πολλὴν
2511 5407 2787 5475 ἀγνωσίαν
2815 5408 2908 5460 καὶ
2930 5407 3235 5478 νηπιότητα
3258 5409 3354 5462 καὶ
3377 5409 3650 5480 πρόληψιν
3673 5408 3854 5465 κακίας

2294 5497 2754 5569 ἀποστρεφόμεθα
2803 5499 2902 5568 τὴν
2950 5499 3092 5570 ζωὴν
3118 5540 3133 5565 ,
3192 5501 3281 5552 καὶ
3319 5500 3554 5570 ἐμπόδια
3581 5500 3755 5552 πολλὰ
3784 5498 3852 5548 τε-

2295 5586 2460 5656 θεμεν
2493 5589 2725 5653 ἑαυτοῖς,
2760 5588 2834 5661 μὴ
2859 5589 3171 5661 βουλόμενοι
3199 5591 3258 5658 ἐξ
3277 5590 3537 5661 ἀληθείας
3561 5591 3853 5661 μετανοεῖν·

2295 5680 2410 5735 ἀλλ’
2458 5681 2620 5746 αὐτὸς
2673 5682 2809 5737 πολὺ
2858 5681 3281 5754 σπλαγχνίζεται
3319 5683 3406 5756 ἐφ’
3465 5685 3611 5756 ἡμᾶς
3664 5699 3855 5755 μακρο-
