3948 6534
175 313 274 379 489

1409 336 1776 400 IIOMILLE.
1808 367 1873 378 --
1901 343 2086 404 110M.
2129 344 2222 404 IV.

3283 423 3286 426 .
3337 363 3442 428 490

175 425 777 535 ἀμμρτίαςοδεχόμενος.
819 433 977 490 Οὕτω
1007 438 1112 509 γάρ
1144 459 1296 512 φησι·
1340 444 1503 512 Χαρὰ
1534 446 1746 515 γίνεται

1860 470 2187 511 conversum
2237 471 2363 510 cum
2413 473 2604 528 magna
2650 460 2945 516 dilectione
2992 473 3047 517 et
3091 468 3310 535 gaudio.
3353 474 3442 528 Sic

173 515 266 570 ἐπὶ
291 517 380 571 ἐνὶ
428 520 752 590 ἁμαρτω.ιῷ
773 531 1199 594 μετανοοῦντι·
1265 536 1357 590 καὶ
1401 539 1562 592 πάλιν
1592 557 1606 570 ο
1636 542 1758 594 Οὐκ

172 608 299 712 ἔστι
346 611 576 716 θέλημα
620 616 725 716 τοῦ
753 621 981 688 Πατρός
1026 642 1168 693 μου,
1213 628 1315 682 ἵνα
1344 631 1643 700 ἀπόληται
1672 629 1759 700 εἷς

88 781 94 788 ε
173 719 292 756 των
313 712 546 774 μικρῶν
573 712 798 766 τούτων
826 715 948 768 τῶν
971 717 1329 789 ἐλαχίστων.
1369 727 1430 778 Εἰ
1459 727 1515 779 δέ
1545 745 1631 792 τις
1658 729 1759 795 τῆς

174 797 544 890 χρηστότητος
577 801 672 854 καὶ
699 807 1085 879 μακροθυμίας
1113 813 1206 866 τοῦ
1233 815 1369 869 Θεοῦ
1405 818 1600 890 πολλῆς
1634 823 1757 873 ἐπι-

173 887 459 992 κειμένης.
486 891 588 992 ἐπ’.
615 894 794 992 αὐτῷ,
851 898 926 969 μὴ
966 901 1397 976 ἐπεξερχομένου
1432 909 1510 973 εἰς
1542 887 1757 979 ἀμυναν

169 981 283 1080 τοῖς
329 981 472 1035 κατά
521 983 687 1080 μ-έρος
719 987 834 1080 τῶν
864 990 1280 1063 ἁμαρτημάτων
1308 1001 1754 1071 προσκόμμασιν,

169 1074 279 1158 εἶτε
334 1074 633 1138 κρυπτοῖς,
685 1074 799 1127 εἴτε
845 1083 1119 1147 φανεροῖς,
1157 1084 1393 1152 ὁρῶντος
1427 1086 1520 1140 καὶ
1549 1088 1757 1158 ἡσυχά-

169 1155 356 1222 ζοντος
387 1159 461 1221 ὡς
490 1162 567 1224 εἰς
600 1164 890 1244 μετάνοιαν
917 1169 1272 1242 ἐκδεχομένου
1303 1175 1396 1228 τοῦ
1413 1155 1756 1241 Θεοῦξαὺτὸς

170 1246 251 1339 εἰς
279 1251 686 1321 καταφρόνησιν
716 1256 914 1328 πολλὴν
943 1259 1111 1314 ἐλθὼν
1132 1303 1147 1326 ,
1183 1264 1556 1336 ἁμαρτήματα
1586 1285 1755 1339 προσ-

171 1337 388 1432 τίθησιν
440 1343 532 1394 ἐπὶ
575 1345 991 1417 ἁμαρτήματα,
1047 1354 1470 1432 καὶλρᾳθυμίαν
1519 1337 1752 1432 ἐπὶήρφ

171 1429 376 1524 θυμίαν
427 1439 726 1503 συνάπτει,
782 1443 876 1495 καὶ
920 1427 1254 1517 πρόσκομμα
1293 1451 1386 1503 ἐπὶ
1421 1427 1755 1524 πρόσκομμα

170 1521 465 1593 οἰκοδομεῖ,
508 1527 708 1599 πληροῖ
735 1533 861 1595 τοὺς
887 1535 1047 1604 ὅρους
1075 1538 1184 1591 τῶν
1210 1521 1514 1613 ἁμαρτιῶν,
1554 1521 1648 1598 καὶ
1675 1521 1755 1611 εἰς

168 1615 427 1669 τοσοῦτον
473 1617 660 1674 λοιπὸν
708 1626 1044 1698 πρόσκομμα
1095 1629 1347 1702 ἔρχεται,
1389 1634 1447 1701 ἐξ
1476 1630 1539 1690 οὗ
1571 1638 1753 1692 οὐκέτι

167 1702 394 1805 δῦναται
440 1708 738 1805 ἀμανεῦσαι
759 1754 773 1776 ,
826 1716 960 1771 ἀλλὰ
999 1721 1346 1792 συντρίϐεται
1379 1726 1470 1777 καὶ
1499 1729 1580 1790 εις
1605 1728 1753 1792 τέλος

165 1798 245 1864 τῷ
276 1798 502 1869 πονηρῷ
531 1803 858 1874 παραδοθεὶς
889 1809 1206 1867 ἀπόλλυται.

238 1887 369 1944 KB’.
385 1890 569 1956 Οὕτως
583 1896 674 1948 ἐπὶ
692 1897 939 1968 Σοδόμων
956 1902 1166 1971 γέγονε.
1184 1905 1361 1960 Πολλά
1375 1907 1482 1979 γὰρ
1501 1910 1752 1981 ἀμαρτὰ-

163 1995 351 2043 νοντες
397 1983 493 2036 καὶ
535 1985 634 2038 οὐκ
663 1987 1116 2061 ἐπιστρέφοντες,
1154 1995 1379 2069 ὕστερον
1409 1998 1553 2054 οὕτω
1579 2020 1750 2073 προσο

165 2075 374 2145 ἔκοψαν
424 2079 517 2132 ἐπὶ
557 2085 622 2152 τῇ
668 2084 778 2138 τῶν
816 2088 1066 2155 ἀγγέλων
1107 2096 1250 2165 κακῇ
1286 2093 1485 2166 βουλῇ,
1523 2099 1749 2169 ἁῤῥενο-

162 2172 380 2224 κοιτίαν
432 2175 514 2238 εἰς
559 2178 753 2246 αὐτοὺς
803 2182 1143 2252 ἐργάσασθαι
1195 2188 1556 2259 θελήσαντες,
1608 2191 1750 2248 ὥστε

165 2262 372 2330 μηκέτι
424 2266 620 2333 αὐτοὺς
682 2270 824 2341 ἐχειν
879 2277 1210 2344 μετάνοιαν,
1279 2281 1412 2335 ἀλλ’
1468 2285 1546 2347 εἰς
1595 2285 1750 2350 τέλος

160 2354 709 2431 ἀπεδοκιμάσθησαν.
763 2364 1186 2440 ’Λνεπλήρωσαν
1217 2376 1325 2442 γὰρ
1366 2377 1456 2429 τὸν
1486 2377 1610 2446 ὅρον
1639 2377 1749 2431 τῶν

161 2447 483 2540 αμαρτιῶν,
537 2455 633 2507 καὶ
678 2457 1056 2530 ὑπερέϐησαν’
1114 2465 1195 2517 διὸ
1246 2467 1341 2520 καὶ
1384 2471 1748 2540 πυρίκαυστοι

160 2538 267 2591 ὑπὸ
302 2544 404 2612 τῆς
439 2543 588 2609 θείας
617 2546 772 2619 δίκης
805 2552 1094 2620 γεγόνασιν
1118 2572 1131 2585 ·
1174 2557 1346 2622 οὕτως
1376 2538 1476 2614 καὶγ
1501 2563 1593 2615 ἐπὶ
1623 2563 1746 2616 Νῶε

159 2631 386 2700 γέγονε,
424 2640 859 2707 προσκόπτοντες
891 2645 1063 2700 πολλὰ
1096 2649 1187 2701 καὶ
1217 2652 1632 2720 μετανοοῦντες,
1667 2657 1748 2720 εἰς

157 2725 468 2797 τηλικαῦτα
516 2731 895 2805 ἁμαρτήματα
948 2737 1224 2807 ἔφθασαν,
1284 2742 1424 2796 ὥστε
1473 2747 1553 2809 είς
1592 2746 1747 2811 τέλος

155 2818 344 2871 πᾶσαν
391 2819 488 2891 τὴν
533 2823 637 2894 γῆν
686 2827 1130 2899 καταφθαρῆναι.
1169 2832 1358 2899 Οὕτως
1389 2837 1483 2889 καὶ
1515 2839 1606 2891 ἐπὶ
1636 2838 1744 2892 τῶν

155 2909 477 2976 Αἰγυπτίων
527 2913 697 2968 πολλὰ
744 2919 1208 2989 προσκοψάντων,
1251 2924 1346 2977 καὶ
1383 2926 1463 2989 εἰς
1495 2929 1587 2980 τὸν
1616 2928 1745 2983 λαὸν

151 2999 248 3052 τοῦ
299 3001 436 3055 Θεοῦ
488 3004 962 3078 ἁμαρτησάντων,
1014 3014 1377 3084 ἐχρηστεύετο
1422 3020 1450 3072 ὸ
1487 3020 1620 3085 Θεὸς
1667 3023 1742 3092 μὴ

1861 547 2009 601 enim
2043 548 2220 618 inquit
2254 565 2268 602 :
2305 548 2568 605 Gaudium
2597 551 2658 618 fit
2688 569 2848 621 super
2876 570 2979 607 uno
3011 567 3282 633 peccatqre
3316 567 3444 616 resi-

1861 641 2167 708 piscente“.
2194 642 2258 695 Et
2283 658 2500 696 rursum
2534 660 2548 696 :
2576 643 2693 698 Non
2718 646 2856 699 enim
2889 657 2962 700 est
2988 648 3234 705 voluntas
3265 653 3441 709 l’alris

1862 731 1991 793 mei,
2026 737 2082 782 ut
2115 740 2297 799 pereat
2334 748 2467 785 unus
2504 749 2567 786 ea:
2609 734 2844 804 parvulis
2878 737 2990 790 istis
3028 741 3260 796 minimis
3282 744 3348 798 ⁸⁷.
3383 747 3438 800 Si

1859 835 1990 875 vero
2019 823 2144 891 quis
2179 823 2386 892 ingenti
2421 841 2549 894 erga
2582 841 2640 880 se
2672 827 2918 884 bonitate
2953 845 3016 884 ac
3051 831 3280 888 lenitate
3315 838 3435 896 Dei.

1858 914 1953 984 qui
2013 915 2066 968 in
2119 915 2420 970 vindictam
2479 920 2818 988 singulorum
2882 933 3270 992 peccatorum,
3329 937 3437 982 tam

1859 1004 2202 1058 occultorum
2231 1020 2394 1073 quam
2430 1007 2870 1071 manifestorum,
2900 1026 3009 1064 non
3037 1013 3309 1080 procedit,
3340 1014 3438 1068 sed

1859 1105 2101 1164 spectat,
2135 1102 2310 1158 tacet,
2337 1111 2401 1150 ac
2439 1107 2696 1168 tanquam
2736 1103 3117 1170 pmnitcntiam
3153 1107 3437 1173 praestola-

1860 1196 1972 1252 tnr,
2003 1187 2238 1252 abusus,
2269 1203 2338 1242 co
2380 1191 2742 1246 contumaciae
2787 1194 3079 1262 procedat,
3111 1207 3173 1249 ut
3208 1207 3434 1265 peccata

1858 1281 2103 1351 peccatis
2131 1289 2396 1350 apponat,
2422 1290 2476 1334 ct
2507 1283 2816 1337 socordiam
2851 1286 3119 1340 socordia:
3141 1298 3398 1341 anneetat
3418 1328 3432 1351 ,

1856 1379 1913 1425 ct
1941 1371 2206 1425 oili-ansam
2240 1372 2464 1427 oﬂensa:
2496 1373 2928 1442 supersediiicet,
2956 1375 3046 1430 ille
3072 1391 3265 1430 omnes
3297 1378 3436 1432 lines

1857 1464 2062 1532 peccati
2099 1465 2312 1533 implet,
2335 1474 2390 1519 et
2417 1468 2471 1519 in
2503 1475 2710 1520 tantam
2739 1467 3090 1537 iniquitatem
3121 1469 3338 1534 incidit,
3366 1485 3434 1525 ex

1857 1572 1963 1626 qua
2004 1572 2286 1626 emergere
2326 1572 2432 1611 non
2477 1559 2682 1628 possit,
2708 1560 2803 1615 sed
2847 1561 3178 1625 conteritur,
3204 1569 3260 1616 et
3290 1563 3436 1617 malo

1859 1651 1910 1703 in
1946 1657 2271 1720 perpetuum
2304 1649 2569 1716 traditus,
2599 1652 2765 1721 perit.

1929 1919 2038 1988 20
2085 1918 2249 1972 XXII.
2289 1919 2380 1975 Sic
2432 1919 2731 1975 Sodomitis
2778 1925 3034 1994 contigit.
3074 1924 3239 1979 lt-lnlta
3286 1927 3433 1978 enim

1857 2034 1982 2073 cum
2010 2026 2351 2086 peccassent,
2378 2032 2480 2072 nec
2507 2017 2759 2072 conversi
2790 2016 3044 2079 fuissent,
3071 2032 3140 2070 eo
3167 2017 3432 2079 criminis,

1855 2109 1928 2163 ob
1977 2107 2276 2177 pessimum
2327 2107 2380 2161 in
2431 2107 2656 2175 angelos
2701 2105 3031 2168 consilium,
3070 2106 3434 2160 masculinum

1855 2203 2060 2256 coitum
2103 2214 2226 2254 cum
2267 2198 2378 2252 illis
2413 2197 2741 2261 exercituri,
2771 2197 3010 2266 prolapsi
3052 2205 3211 2260 sunt,
3240 2206 3300 2252 ut
3333 2213 3434 2252 nec

1855 2293 2093 2362 amplius
2127 2290 2451 2361 pmnitentia
2484 2290 2839 2354 ducerentur,
2872 2289 2967 2343 sed
3014 2289 3067 2342 in
3106 2298 3431 2358 perpetuum

1856 2388 2306 2457 reprobarentur.
2329 2385 2702 2456 lmpleverunt
2727 2384 2874 2438 enim
2909 2382 3173 2437 terminos
3200 2384 3427 2451 peccati,

1852 2481 2102 2553 quinimo
2155 2478 2483 2550 transgressi
2531 2485 2681 2531 sunt.
2725 2476 2905 2542 Quane
2959 2474 3070 2544 igni
3121 2490 3188 2527 ex
3241 2472 3430 2527 divino

1845 2572 2058 2645 judicio
2116 2570 2428 2640 consumpti
2484 2576 2633 2622 sunt.
2685 2567 2763 2623 Ita
2815 2575 2872 2622 et
2924 2565 3266 2636 temporibus
3316 2565 3430 2619 Noe

1849 2667 2108 2735 contigit,
2137 2665 2305 2718 multa
2335 2679 2460 2716 cum
2492 2662 2699 2716 scelera
2729 2665 3174 2729 perpetrassent,
3206 2671 3307 2710 nec
3347 2671 3431 2709 re-

1849 2760 2180 2832 sipuissent,
2213 2758 2266 2810 in
2303 2765 2448 2810 tanta
2485 2763 2703 2824 peccata
2738 2751 3080 2813 inciderunt,
3116 2759 3176 2803 ut
3210 2747 3428 2803 tandem

1851 2854 2106 2908 universa
2155 2861 2302 2906 terra
2354 2848 2578 2919 periret.
2622 2845 2712 2900 Sic
2761 2845 2815 2899 in
2861 2843 3147 2914 {Egyptios
3195 2841 3428 2895 multum

1849 2946 2195 3001 olfendentes
2217 2953 2273 2998 et
2298 2943 2353 2996 in
2381 2941 2475 2995 Dei
2503 2938 2766 3010 p0pulum
2806 2944 3098 3006 peccantes
3136 2933 3430 2988 clementia

1851 3040 1996 3094 Deus
2031 3051 2164 3092 usus
2201 3044 2313 3098 est,
2339 3048 2449 3088 non
2486 3031 2653 3085 tantis
2691 3028 2868 3100 pinnis
2907 3027 3029 3082 illos
3064 3025 3336 3083 alliciens,
3373 3034 3432 3077 ut

152 3108 416 3196 τοιαυτας
469 3108 650 3163 αυτοῖς
703 3108 973 3172 μάστιγας
1021 3109 1333 3178 ἐπιφέρειν,
1371 3111 1510 3166 ὥστε
1546 3115 1625 3179 είς
1658 3116 1741 3169 τέ-

1853 3128 2071 3184 mnnino
2101 3124 2348 3196 perirent
2379 3139 2392 3175 :
2426 3121 2518 3176 sed
2549 3120 2616 3174 ad
2642 3118 3080 3186 castigationem.
3108 3113 3432 3167 conversio-

150 3185 242 3249 λος
279 3187 483 3252 αὐτοὺς
511 3189 857 3264 διαφθεῖραιο·
912 3197 1028 3251 ἀλλ’
1069 3201 1150 3264 είς
1191 3202 1460 3270 παιδείαν,
1493 3206 1589 3258 καὶ
1621 3207 1744 3260 ἐπι-

153 3281 433 3350 στροφήν,
483 3286 578 3337 καὶ
629 3287 916 3356 μετάνοιαν
955 3290 1151 3362 ἔφερεν
1185 3294 1369 3359 αὐτοῖς
1405 3297 1616 3362 ἐκείνας
1643 3301 1741 3364 τὰς

150 3376 366 3447 μικρὰς
391 3377 605 3448 πληγὰς
636 3381 745 3434 τῶν
774 3385 1075 3454 μαστίγων,
1113 3388 1504 3459 μακροθυμῶν.
1544 3395 1638 3446 καὶ
1666 3396 1746 3457 είς

151 3466 450 3536 μετάνοιαν
478 3471 675 3535 αὐτοὺς
702 3474 1076 3545 ἐκδεχόμενος.
1110 3481 1174 3532 Oi
1197 3481 1274 3543 δέ,
1304 3483 1472 3537 πολλὰ
1497 3486 1747 3559 ἁμαρτή-

145 3577 353 3622 σαντες
405 3563 487 3626 είς
527 3564 617 3616 τὸν
665 3566 789 3619 λαὸν
821 3569 914 3621 τοῦ
946 3569 1118 3636 Θεοῦ,
1158 3575 1253 3626 καὶ
1287 3577 1742 3649 ἐπιστρέφοντες,

145 3654 239 3704 καὶ
303 3654 468 3708 πάλιν
533 3661 1007 3731 μεταμελόμενοι,
1087 3669 1180 3720 καὶ
1251 3671 1330 3732 εἰς
1385 3671 1479 3740 τὴν
1518 3675 1748 3744 ἀρχαίαν

143 3747 414 3800 ἀπιστίαν
446 3750 544 3820 τῆς
572 3751 752 3822 κακῆς
785 3757 1158 3828 προαιρέσεως
1188 3761 1616 3832 καθιστάμενοι,
1653 3769 1748 3821 καὶ

142 3840 231 3892 τὸν
257 3841 396 3894 λαὸν
427 3842 519 3896 τοῦ
553 3843 689 3898 Θεοῦ
727 3851 1224 3921 καταπονήσαντες,
1262 3853 1509 3928 ὕστερον,
1545 3858 1632 3911 ὅτε
1661 3858 1748 3914 διὰ

141 3931 474 4001 θαυμασίων
503 3935 708 3990 πολλῶν
746 3940 774 3992 ό
810 3941 942 4005 Θεὸς
985 3943 1077 3996 τὸν
1102 3945 1230 3998 λαὸν
1260 3947 1318 4011 ἐξ
1344 3948 1622 4016 Αἰγύπτου
1661 3952 1748 4005 διὰ

140 4023 396 4086 Μωσέως
435 4025 686 4094 ἐξέϐαλε,
722 4032 866 4101 μέγα
912 4035 1286 4106 προσέκοψαν,
1319 4041 1750 4108 καταδιώξαντες

135 4114 329 4206 ὀπίσω
348 4117 445 4171 τοῦ
467 4119 595 4173 λαοῦ
614 4123 706 4176 τοῦ
729 4125 885 4180 Θεοῦ.
920 4127 1010 4179 Διὸ
1033 4130 1124 4182 καὶ
1147 4131 1227 4192 είς
1249 4131 1400 4194 τέλος
1429 4133 1460 4200 ἡ
1487 4133 1606 4188 θεία
1625 4135 1747 4206 δίκη

133 4205 372 4271 τούτους
399 4210 647 4281 ἀνήλωσε
678 4214 767 4266 καὶ
787 4215 1081 4286 διέφθειρε,
1102 4220 1195 4272 καὶ
1221 4220 1276 4271 ἐν
1298 4225 1409 4283 τοῖς
1437 4221 1594 4275 ὕδασι
1618 4205 1750 4279 κατέ

130 4298 400 4352 επόντισε
421 4341 435 4363 ,
483 4303 615 4374 μηδὲ
655 4305 754 4375 τῆς
783 4308 1066 4379 ὁρωμένης
1095 4309 1240 4382 ζωῆς
1277 4312 1462 4378 ἀξίους
1491 4315 1745 4384 κρίνασα.

207 4394 353 4448 Kl".
407 4395 644 4465 Ὁμοίως
694 4400 722 4451 ό
757 4401 1002 4472 Ἰσραὴλ,
1053 4402 1130 4468 ὡς
1179 4406 1533 4477 προείρηται,
1571 4409 1739 4464 πολλὰ

1848 3235 1972 3274 nem
2010 3225 2065 3272 et
2102 3214 2482 3286 pmnitcntiam
2525 3208 2721 3265 inﬂixit
2765 3207 2901 3278 ipsis
2939 3206 3164 3276 exiguas
3206 3205 3303 3257 has
3341 3206 3435 3258 lla-

1847 3312 2112 3382 gcllorum
2144 3309 2358 3377 plagas,
2393 3302 2620 3374 patienti
2655 3301 2842 3355 animo
2875 3309 3203 3367 exspectans
3235 3313 3432 3350 eorum

1849 3401 2306 3474 resipiscentiam.
2351 3398 2550 3453 Verum
2601 3395 2690 3460 hi,
2733 3408 2856 3448 cum
2907 3391 3099 3445 multis
3147 3389 3326 3443 modis
3376 3391 3433 3444 in

1847 3494 2109 3566 populum
2159 3490 2254 3545 Dei
2305 3495 2658 3559 peccassent,
2693 3494 2748 3539 ct
2796 3484 2865 3538 ad
2918 3483 3088 3537 Deum
3135 3496 3434 3536 conversos

1849 3581 2196 3654 postmodum
2226 3575 2606 3634 conversionis
2631 3573 3018 3645 pmniteret,et
3043 3571 3096 3624 in
3126 3571 3434 3625 inveterata

1849 3691 2030 3747 prava;
2073 3671 2376 3727 voluntatis
2426 3667 2728 3723 dilIidentia
2778 3666 2881 3735 ipsi
2931 3663 3432 3726 constituerentur,

1849 3769 2224 3840 populumque
2269 3764 2362 3818 Dei
2405 3760 2672 3816 molestiis
2711 3759 2825 3814 lere
2865 3757 3276 3827 opprimerent,
3309 3764 3432 3809 tan-

1849 3862 2007 3925 dem,
2052 3874 2177 3914 cum
2222 3872 2323 3926 per
2371 3854 2613 3925 ingentia
2662 3851 2927 3906 miracula
2975 3850 3121 3904 Deus
3166 3847 3430 3917 populum

1850 3968 2010 4008 suum
2064 3967 2132 4005 ex
2178 3948 2412 4019 [Egypto
2461 3962 2559 4016 per
2607 3945 2790 3999 Mosen
2837 3942 3140 4005 educeret,
3189 3937 3432 4009 graviter

1851 4049 2191 4114 peccarunt,
2235 4044 2631 4108 persequentes
2686 4049 2718 4087 a
2774 4042 2926 4101 tergo
2986 4031 3248 4100 populum
3309 4027 3428 4081 Dei.

1850 4134 2194 4202 QuaprOpter
2225 4132 2445 4185 domum
2475 4126 2743 4199 judicium
2773 4123 3023 4178 divinum
3057 4121 3179 4175 illos
3212 4118 3430 4189 penitus

1850 4224 2194 4295 consumpsit
2216 4233 2272 4279 et
2298 4221 2530 4286 delevit,
2555 4229 2612 4274 ct
2637 4217 2794 4287 aquis
2822 4217 3052 4271 obrutos
3081 4229 3148 4268 ne
3174 4212 3278 4282 hac
3300 4211 3428 4281 qui-

1851 4317 1975 4372 dem
2003 4316 2111 4370 vita
2141 4315 2396 4384 dignatus
2425 4319 2528 4365 est.

1921 4409 2112 4464 XXlll.
2132 4405 2339 4462 Eodem
2367 4403 2530 4458 modo
2553 4400 2790 4472 populus
2813 4395 2999 4460 Israel,
3020 4401 3080 4448 ut
3103 4391 3429 4464 praedictum

133 4485 517 4552 προσκύπτων
568 4493 665 4541 καὶ
715 4491 1080 4562 ἁμαρτάνων,
1134 4497 1263 4562 τοὺς
1309 4476 1596 4569 προφήτας
1643 4501 1736 4555 τοῦ

1853 4514 1948 4568 est,
1974 4517 2100 4558 cum
2133 4499 2323 4554 multis
2355 4493 2738 4564 iniquitatibus
2769 4498 2826 4544 et
2852 4485 3090 4559 peccatis
3121 4500 3179 4540 se
3209 4483 3424 4555 polluc=

128 4573 274 4627 Θεοῦ
314 4577 654 4633 ἀποκτείνων
677 4622 691 4645 ,
729 4583 825 4636 καὶ
847 4585 982 4638 ἄλλα
1006 4587 1177 4642 πολλὰ
1206 4591 1351 4643 κακά
1375 4592 1546 4645 ποιῶν
1564 4632 1579 4656 ,
1619 4595 1741 4648 ἐπεὶ

126 4668 156 4718 ὁ
190 4667 336 4731 Θεὸς
387 4671 768 4743 ἐμακροθύμει
818 4677 1108 4749 ἡσυχάζων
1133 4722 1146 4745 ,
1199 4682 1294 4735 καὶ
1332 4685 1412 4748 είς
1445 4686 1738 4754 μετάνοιαν

126 4758 345 4822 αὐτοὺς
379 4761 758 4834 ἐκδεχόμενος,
796 4767 1024 4838 ἔσχατον
1053 4771 1198 4826 οὕτω
1223 4775 1591 4845 προσέκοψαν,
1616 4777 1738 4831 ὅθεν

126 4855 531 4926 συντριϐέντες
577 4859 762 4916 οὐκέτι
807 4864 1141 4936 ἠγέρθησαν.
1183 4868 1278 4930 Εἰς
1309 4869 1371 4922 τὸ
1402 4870 1736 4925 Δεσποτικὸν

122 4947 242 5016 γὰρ
294 4948 526 5021 ἀξίωμα
573 4954 670 5017 τὰς
715 4955 928 5009 ἑαυτῶν
967 4960 1159 5029 χεῖρας
1197 4959 1483 5016 ἐπέῆαλον.
1520 4962 1612 5015 Διὸ
1642 4963 1740 5015 καὶ

122 5041 210 5103 είς
258 5040 428 5106 τέλος
477 5044 934 5116 καταλειφθέντες
973 5051 1403 5124 ἀπεϐλήθησαν,
1452 5052 1549 5106 καὶ
1595 5053 1737 5125 ἤρθη

121 5132 222 5185 ἀπ’
256 5133 454 5187 αὐτῶν
499 5137 533 5206 ἡ
577 5142 914 5210 προφητεία,
961 5145 1055 5198 καὶ
1092 5147 1126 5216 ἡ
1168 5146 1435 5216 ἱερατεία,
1464 5147 1557 5200 κα)⁸
1584 5147 1616 5218 ἡ
1647 5147 1740 5200 λα-

119 5227 318 5298 τρεία,
339 5229 438 5282 καὶ
468 5229 622 5301 ἐδόθη
648 5233 760 5297 τοῖς
785 5234 1139 5289 πιστεύσασιν
1166 5235 1397 5300 ἔθνεσιν,
1425 5237 1502 5301 ὥς
1530 5255 1696 5306 φησιν
1713 5241 1742 5292 ό

121 5318 352 5388 Κύριος
371 5337 381 5349 ·
424 5319 764 5389 Ἆρθήσεται
777 5323 878 5392 ἀφ’
892 5323 1060 5394 ὑμῶν
1074 5326 1112 5394 ἠ
1121 5325 1434 5389 βασιλεία,
1451 5326 1550 5380 καὶ
1564 5326 1742 5394 δοθή-

119 5423 307 5462 σεται
327 5410 492 5465 ἐθνει
505 5413 778 5469 ποιοῦντι
789 5415 932 5482 τοὺς
944 5417 1211 5484 καρποὺς
1223 5417 1619 5489 αὑτῆς.Μέχρι
1628 5417 1736 5490 γὰρ

118 5500 253 5554 τότε
309 5501 566 5574 ἠνείχετο
609 5506 822 5572 αὐτῶν,
858 5510 951 5560 καὶ
983 5511 1011 5562 ό
1033 5508 1164 5571 Θεὸς
1191 5509 1604 5580 ἐμακροθύμει,
1640 5511 1732 5563 καὶ

120 5592 227 5646 ιὺκ
251 5593 538 5663 ἀφίστατο
561 5596 1030 5669 σπλαγχιζόμενος
1075 5600 1376 5664 ἐπάὑτοὺς
1398 5617 1410 5631 ο
1433 5602 1516 5656 ὅτι
1545 5601 1601 5654 δὲ
1636 5602 1731 5654 ἀν-

195 5774 244 5804 δί
273 5773 423 5828 Luc.
453 5790 539 5841 xv,
574 5775 650 5827 10.
729 5775 775 5806 ⁴⁷
801 5775 991 5832 Matth.
1021 5794 1171 5845 xvm,
1201 5779 1282 5835 ll.

1840 4604 1945 4658 ret,
1971 4590 2312 4647 interﬁciens
2343 4585 2644 4657 prophetas
2673 4582 2791 4646 Dei,
2815 4589 2871 4636 et
2902 4579 3006 4634 alia
3036 4577 3300 4639 facinora,
3332 4574 3420 4627 in.

1842 4684 1994 4738 [inita
2027 4689 2382 4752 perpetrans,
2416 4677 2544 4747 quia
2582 4676 2725 4729 Deus
2759 4673 3050 4742 quiescens
3071 4710 3085 4735 ,
3113 4677 3170 4723 et
3199 4668 3421 4722 illorum

1838 4775 2222 4848 paenitentiam
2261 4778 2617 4841 exspectans,
2651 4765 2877 4822 lenitate
2925 4764 3100 4819 multa
3139 4761 3421 4822 utebatur,

1841 4869 2062 4926 tandem
2087 4868 2160 4922 ita
2183 4870 2502 4936 peccarunt,
2521 4871 2582 4917 ut
2601 4859 2823 4916 contriti
2851 4873 2961 4912 non
2989 4852 3420 4912 resurrexcrint;

1838 4960 2112 5033 siquidem
2146 4959 2201 5013 in
2235 4955 2574 5011 Dominicam
2610 4953 2951 5022 majestatem
2989 4961 3184 5001 manus
3215 4944 3426 5014 injecc-

1839 5061 1985 5109 rant.
2029 5049 2299 5118 Quocirca
2355 5048 2409 5102 in
2462 5053 2788 5116 perpetuum
2848 5040 3051 5096 deserti
3112 5052 3177 5091 ac
3230 5034 3420 5106 rejecti

1840 5152 1989 5209 sunt,
2019 5150 2074 5198 et
2101 5141 2281 5196 ablata
2316 5138 2385 5193 ab
2420 5137 2528 5191 illis
2560 5144 2647 5191 est
2675 5131 2989 5204 prophetia,
3022 5125 3416 5184 sacerdotium,

1840 5246 1898 5294 ct
1921 5237 2104 5294 cultus
2133 5234 2252 5298 Dei,
2277 5241 2334 5286 et
2362 5232 2488 5286 data
2519 5237 2648 5284 sunt
2669 5244 2731 5282 ea
2759 5225 3017 5298 gentibus
3043 5218 3418 5279 credentibus,
3462 5237 3470 5254 π

1848 5331 1994 5388 sicut
2032 5327 2111 5383 ait
2145 5325 2414 5381 Dominus
2459 5342 2472 5378 :
2516 5322 2797 5392 Auferetur
2836 5337 2866 5371 a
2912 5316 3051 5370 vobis
3093 5327 3344 5382 regnum,
3381 5316 3430 5360 et

1847 5421 2059 5476 dabitur
2087 5419 2229 5490 genti
2260 5416 2461 5486 {ructus
2493 5413 2606 5483 ejus
2641 5410 2855 5482 facienti
2877 5406 2940 5461 “.
2973 5405 3252 5459 llactenus
3281 5397 3429 5454 enim

1849 5486 2189 5564 sustinuerat
2216 5507 2342 5561 illos
2368 5506 2534 5568 Deus,
2562 5518 2665 5557 nec
2695 5499 3022 5555 destituerat
3051 5494 3172 5548 illos
3195 5508 3262 5547 ex
3294 5486 3430 5544 inti-

1842 5601 1949 5656 mis
1990 5599 2298 5656 visceribus
2344 5613 2533 5652 eorum
2586 5593 2861 5649 misertus.
2910 5586 3184 5655 Quoniam
3234 5591 3422 5638 autem

1364 5781 1407 5812 ⁸⁸
1432 5779 1622 5837 Matth.
1654 5797 1765 5849 ut,
1790 5781 1878 5836 45.
