3948 6526
573 330 669 398 liii
1497 401 1506 408 .
1818 345 1883 409 S.
1922 343 2132 407 MACAT

2220 343 2244 404 Ι
2283 345 2546 408 IEGYPT
2547 348 2604 408 ΙΙ
3703 350 3779 416 102

576 447 946 518 unpleverunt
968 448 1265 506 terminum
1290 451 1527 523 peccati,
1550 453 1662 512 imo
1687 457 1945 514 manibus
1971 459 2128 515 Domi

2224 475 2241 520 ι
2271 461 2407 530 επλή
2419 479 2601 533 ρωσαν
2631 460 2722 516 τὸν
2765 461 2890 534 ὅρον
2917 460 3024 517 τῶν
3053 461 3362 535 ἁμαρτιῶν,
3387 459 3483 516 xui
3515 460 3783 534 ὑπερεπλεό-

576 540 714 595 nicze
746 541 1016 613 maiestati
1052 543 1272 615 injectis
1305 550 1632 619 transgressi
1670 560 1828 616 sunt,
1864 551 1921 606 in
1961 567 2135 624 perpe'

2265 571 2456 620 νασαν,
2482 557 2562 618 είς
2609 555 2672 608 τὸ
2715 555 3047 609 Δεσποτικδν
3073 554 3292 626 ἀξίωμα
3313 555 3411 619 τὰς
3454 555 3628 625 χεῖρας
3652 559 3784 614 αὐτῶν

575 640 733 688 tuum
764 649 793 688 a
828 636 937 687 Deo
967 644 1098 690 sunt
1122 635 1350 691 deserti.

2263 645 2634 711 ἐπιϐαλόντες,
2677 647 2756 710 είς
2783 646 2936 708 τέλος
2966 645 3074 700 ὑπὸ
3099 645 3193 700 τοῦ
3220 646 3359 700 Θεοῦ
3389 645 3786 719 κατελείφθησαν.

645 724 835 780 XXIV.
865 724 1166 791 Caeterum,
1194 728 1414 796 dilecti,
1443 729 1558 784 haec
1588 732 1868 801 copiosius
1896 733 2164 790 disserui-

2336 735 2464 790 KA'.
2506 735 2694 790 Ταῦτα
2730 735 2788 788 δὲ
2841 734 2934 789 διὰ
2969 735 3234 790 πλειόνων
3267 734 3643 806 διεξήλθομεν,
3684 740 3787 807 ἀγα-

576 832 732 880 mus,
767 834 834 871 ex
879 817 1054 872 sacris
1099 819 1326 875 Litteris
1373 831 1716 888 astruentes,
1753 833 2011 893 oportere
2062 841 2134 881 no

2265 829 2449 897 πητοὶ,
2484 828 2591 881 ἀπὸ
2617 827 2912 899 Γραφικῶν
2937 828 3158 884 ἐννοιῶν
3190 828 3584 892 συνιστῶντες,
3626 830 3678 883 τὺ
3712 833 3791 885 δεῖν

576 910 826 964 converti
874 908 1140 974 celerius,
1175 918 1230 964 et
1269 911 1534 968 festinare
1580 913 1648 967 ad
1703 915 2026 980 Dominum,
2067 932 2135 986 qu

2266 921 2414 992 ἡμᾶς
2448 920 2800 990 ἐπιστρέφειν
2829 921 3039 992 τάχιον.
3072 921 3168 974 xui
3193 920 3443 974 σπεύδειν
3475 921 3604 991 πρὸς
3622 922 3696 974 τὸν
3710 925 3791 979 Kai-

577 1001 880 1054 clementer
923 1009 1206 1069 exspectat
1246 1017 1376 1066 nos,
1410 1012 1466 1059 et
1505 1005 1573 1059 ab
1614 1007 1762 1060 omni
1805 1007 2074 1076 pravitate
2109 1024 2136 1062 e

2270 1029 2382 1082 ριον
2409 1013 2844 1082 χρηστευόμενον
2867 1014 2962 1068 xui
2985 1011 3343 1083 ἐκδεχόμενον
3365 1013 3515 1082 ἡμᾶς
3540 1012 3638 1065 ἀπὸ
3657 1015 3793 1087 πάσης

577 1092 1059 1161 ρτωοοοιψοῑίοηο
1115 1094 1255 1148 mala
1308 1096 1530 1165 penitus
1585 1099 1912 1156 recedentes
1965 1118 2136 1173 magni

2267 1105 2535 1175 πονηρίας
2569 1104 2664 1158 xui
2697 1105 3023 1176 προλήψεως
3051 1105 3232 1175 κακῆς
3261 1105 3483 1168 τελείως
3508 1105 3794 1177 ἀναχωροῦν-

576 1194 702 1234 cum
746 1181 948 1250 gaudio
992 1183 1219 1254 recipit,
1250 1201 1318 1241 ne
1358 1199 1697 1259 exaugeatur
1736 1192 1790 1245 in
1825 1192 1987 1247 nobis
2028 1209 2130 1248 con

2265 1214 2382 1258 τας,
2401 1197 2493 1249 xui
2517 1195 2943 1267 ἐπιστρέφοντας
2962 1195 3100 1264 μετά
3125 1193 3328 1263 πολλῆς
3351 1192 3527 1263 χαρᾶς
3549 1194 3795 1263 προσδεχό-

577 1281 822 1343 temptus
863 1274 932 1329 de
978 1275 1068 1331 die
1109 1277 1162 1331 in
1206 1278 1382 1343 diem,
1419 1290 1475 1336 et
1518 1293 1738 1352 peccata
1781 1285 2064 1339 cumulata
2109 1285 2136 1338 i:

2269 1305 2451 1358 μενον,
2491 1287 2578 1341 ἵνα
2612 1287 2686 1358 μὴ
2717 1285 3003 1357 ἐπαυξήσῃ
3032 1287 3065 1356 ή
3096 1285 3505 1356 καταφρόνησις
3529 1285 3670 1355 ήμῶν
3692 1287 3796 1355 ἡμέ-

548 1355 679 1418 ἰιοε
719 1365 1065 1433 redundent,
1095 1378 1152 1423 et
1185 1369 1257 1424 ob
1292 1370 1345 1425 id
1382 1371 1519 1426 iram
1554 1373 1795 1428 divinam
1831 1376 1993 1429 nobis
2029 1376 2107 1446 ips

2269 1355 2370 1452 ραν
2402 1378 2461 1444 ἐξ
2486 1355 2719 1450 ἡμέρας,
2739 1379 2832 1432 xui
2860 1355 2929 1432 τά
2955 1355 3364 1451 πνροσκόμματα
3390 1375 3646 1446 τιθέμενα
3673 1377 3799 1432 πλεο-

579 1469 950 1514 aceersamus.
977 1459 1179 1516 Demus
1206 1461 1372 1532 igitur
1393 1478 1639 1533 cperam,
1667 1474 1727 1519 ut
1752 1468 2004 1522 conversi
2037 1484 2138 1523 cun

2266 1473 2404 1545 νάσῃ
2459 1473 2538 1537 είς
2579 1473 2727 1542 ἡμᾶς
2751 1512 2764 1533 ,
2799 1471 2896 1525 xui
2924 1472 3011 1525 διὰ
3042 1469 3202 1524 τοῦτο
3229 1470 3330 1540 τὴν
3358 1468 3530 1541 ὀργὴν
3576 1468 3658 1521 τοῦ
3696 1470 3796 1523 Θεοῦ

579 1563 712 1604 vero
738 1549 907 1606 corde
934 1550 1001 1605 ad
1031 1566 1157 1606 eum
1190 1553 1539 1617 accedamus,
1566 1571 1673 1609 non
1703 1556 2064 1627 desperantes
2094 1558 2138 1612 d1

2268 1569 2658 1637 ἐπενέγκωμεν
2725 1568 2962 1626 ἑαυτοῖς.
3033 1561 3437 1632 Σπουδάσωμεν
3489 1560 3658 1613 τοίνυν
3707 1562 3800 1614 ἐπι-

579 1639 758 1694 salute
784 1640 954 1709 (quod
979 1641 1202 1696 malitiae
1225 1652 1280 1696 et
1302 1643 1592 1712 pravitatis
1617 1648 1903 1716 proprium
1931 1647 2036 1719 est)
2065 1664 2132 1719 pe

2267 1661 2598 1730 στραφέντες
2637 1662 2695 1714 ἐν
2729 1659 2958 1730 ἀληθινῇ
2995 1657 3193 1728 καρδίᾳ
3226 1654 3546 1727 προσελθεῖν
3574 1654 3720 1723 αύτῷ,
3747 1655 3801 1726 μή

583 1731 1023 1786 recordationem
1076 1735 1533 1803 przevenientium
1591 1746 1986 1806 peccatorum,
2041 1757 2142 1811 qua

2270 1753 2663 1817 ἀπελπίζοντες
2685 1752 2782 1822 τὴν
2804 1750 3098 1822 σωτηρίαν,
3114 1751 3252 1820 ὅπερ
3273 1749 3367 1802 καὶ
3390 1746 3524 1802 αὐτὸ
3542 1746 3632 1814 τῆς
3647 1747 3801 1810 κακίας

581 1821 860 1876 hominem
895 1823 961 1878 ad
995 1823 1461 1895 desperationem,
1494 1829 1562 1882 ad
1597 1831 1928 1896 socordiam,
1959 1832 2027 1887 ad
2064 1849 2140 1890 ne

2271 1848 2365 1901 xu‘.
2404 1803 2751 1918 πανουργίας
2779 1803 3073 1915 τυγχάνει,
3122 1841 3430 1911 ὑπομνήσει
3465 1839 3803 1911 προλαϐουσῶν

580 1913 897 1984 gligentiam
941 1925 996 1970 et
1029 1915 1096 1970 ad
1133 1917 1421 1988 segnitiem
1460 1920 1722 1991 adigunt,
1755 1938 1825 1978 ne
1865 1939 2133 1980 conversu

2266 1937 2555 2008 ἁμαρτιῶν
2574 1913 2596 2000 ,⁷
2626 1913 2706 1999 είς
2734 1913 3083 2004 ἀπελπισμδν
3114 1930 3396 2005 φερουσῶν
3422 1930 3518 1984 τὸν
3544 1930 3802 2001 ἄνθρωπον,

581 2006 648 2060 ad
676 2007 969 2062 Dominum
1000 2009 1246 2075 accedat,
1277 2019 1333 2065 et
1365 2012 1560 2068 salutis
1594 2015 1868 2086 particeps
1896 2017 2008 2084 ﬁat,
2037 2033 2140 2073 cun

2266 2006 2360 2083 xui
2393 2006 2473 2093 είς
2499 2028 2773 2099 χαύνωσιν
2806 2027 2900 2080 xui
2928 2026 3246 2095 ὀλιγωρίαν,
3278 2025 3374 2078 xui
3403 2021 3698 2095 ρᾳθυμίανο
3740 2022 3805 2076 ἵνα

581 2108 765 2154 tamen
808 2115 1024 2155 summa
1069 2102 1383 2173 benignitas
1433 2107 1621 2176 generi
1675 2108 1919 2163 humano
1969 2126 1999 2164 a
2050 2111 2140 2166 Del

2271 2123 2345 2194 μὴ
2377 2122 2712 2193 ἐπιστρέψας
2742 2120 2836 2175 xui
2865 2118 3182 2192 προσελθὼν
3209 2118 3288 2189 τῷ
3313 2118 3545 2190 Κυρίῳ,
3581 2116 3805 2187 σωτηρίας

581 2193 866 2263 ΡΓοΡοείῑλ
901 2194 993 2249 είῑ·
2265 2193 2434 2285 τύχῃ,
2483 2213 2688 2284 πολλῆς
2733 2213 3106 2285 χρηστότητος
3135 2209 3230 2266 τοῦ
3256 2210 3465 2284 Κυρίου
3496 2209 3808 2280 ἐπικειμένης

2265 2307 2343 2377 τῷ
2377 2304 2704 2377 ἀνθρωπίνῳ
2727 2305 2897 2373 γένει.

655 2387 818 2444 XXV.
853 2388 1010 2456 Quod
1044 2389 1088 2445 si
1128 2407 1260 2445 vero
1297 2391 1446 2447 velut
1480 2392 1699 2449 diliicile
1736 2404 1791 2449 et
1825 2395 2165 2466 impossibile

2339 2398 2471 2454 KE’.
2529 2398 2592 2452 Εί
2638 2397 2694 2450 δὲ
2740 2396 2930 2469 ὥσπερ
2970 2395 3229 2450 δύσκολον
3264 2396 3397 2465 ἡμῖν
3429 2398 3805 2463 καταφαίνεται,

582 2482 746 2538 nobis
771 2482 1048 2547 videatur,
1075 2499 1174 2538 nos
1198 2499 1228 2538 a
1251 2500 1441 2555 magna
1472 2493 1820 2556 peccatorum
1849 2489 1993 2544 mole
2016 2490 2139 2544 velu

2267 2493 2364 2547 xui
2408 2490 2672 2546 ἀδύνατον
2713 2490 2778 2544 ἐκ
2809 2487 3020 2543 πολλῶν
3052 2488 3474 2559 ἁμαρτημάτων
3503 2485 3805 2557 ἐπιστρέψαι.

583 2586 997 2647 praeoccupatos
1022 2578 1296 2642 converti,
1326 2579 1497 2648 quod,
1532 2587 1593 2632 ut
1616 2579 1993 2650 praediximus,
2025 2582 2140 2638 indi

2266 2584 2343 2648 ὡς
2355 2582 2852 2656 προειλημμένους,
2868 2583 2966 2636 ὄπε
2977 2598 3028 2652 ρ,
3042 2581 3118 2644 ὡς
3131 2580 3574 2650 προειρήκαμεν,
3597 2577 3809 2638 ὑπόθεσις

583 2665 730 2721 cium
766 2667 1009 2733 malitiae,
1039 2675 1097 2721 et
1131 2668 1582 2738 impedimentum
1619 2671 1813 2728 salutis
1842 2681 2043 2729 nostrae
2059 2683 2142 2730 est

2267 2677 2522 2748 τυγχάνει
2557 2678 2658 2747 τῆς
2687 2673 2908 2740 κακίας,
2946 2675 3042 2728 καὶ
3069 2671 3168 2743 τῆς
3195 2670 3474 2742 σωτηρίας
3501 2669 3656 2740 ήμῶν
3676 2667 3809 2738 ἐμπό-

582 2760 942 2815 reeordemur
967 2770 1024 2816 et
1051 2761 1481 2832 perpendamus,
1506 2764 1786 2833 quomodo
1817 2765 2084 2823 Dominus
2111 2768 2141 2822 ἰι

2267 2771 2380 2825 διον
2400 2787 2413 2799 ⁸
2472 2767 2942 2840 μνημονεύσωμεν
2975 2764 3070 2820 xui
3097 2765 3407 2832 ἀπίδωμεν,
3447 2764 3569 2825 πῶς
3598 2765 3625 2817 ὁ
3649 2761 3811 2833 Κύριος

581 2851 790 2906 mundo
833 2852 964 2907 dum
1012 2862 1191 2919 esset,
1236 2854 1396 2909 cacis
1436 2855 1613 2911 visum
1664 2859 2007 2926 restituerit,
2058 2863 2140 2931 2]

2268 2860 2621 2931 ἐπιδημήσας
2654 2861 2719 2931 τῇ
2753 2858 3052 2929 ἀγαθότητι
3085 2855 3251 2910 αὐτοῦ
3287 2855 3527 2924 τυφλοὺς
3555 2853 3811 2921 ἀναϐλέψαι

579 2944 912 3016 paralyticos
952 2947 1258 3013 curaverit,
1292 2962 1512 3005 omnem
1552 2950 1809 3005 morbum
1854 2956 2134 3010 sanaverit

2269 2953 2523 3023 ἐποίησε,
2555 2951 2965 3023 παραλυτικοὺς
2991 2949 3355 3020 ἐθεράπευσε,
3389 2949 3577 3002 πᾶσαν
3597 2947 3734 3000 νόσον
3753 2945 3813 2998 id-

580 3044 832 3091 mortuos
855 3037 966 3108 jam
993 3037 1109 3092 fere
1137 3049 1450 3110 corruptos,
1476 3049 1533 3095 et
1562 3041 1618 3095 in
1651 3041 1930 3099 oblivione
1963 3047 2138 3101 consti

2272 3063 2424 3109 σατο,
2458 3045 2689 3116 νεκροὺς
2717 3043 2844 3106 τοὺς
2871 3043 2952 3105 είς
2976 3040 3277 3110 διαφθορὰν
3303 3040 3397 3094 xui
3420 3038 3718 3108 ἀφανισμὸν
3736 3037 3811 3107 ήδη

582 3134 753 3193 tutos,
773 3129 1205 3197 resuscitaverit,
1223 3131 1420 3186 surdos
1447 3133 1639 3188 audire
1664 3134 1875 3202 fecerit,
1895 3137 2141 3208 legionen

2269 3138 2641 3208 τυγχάνοντας
2675 3135 2941 3205 ἀνέστησε
2966 3175 2982 3200 ,
3029 3134 3250 3202 κωφοὺς
3298 3130 3533 3186 ἀκοῦσαι
3565 3128 3813 3200 πεποίηκε,

581 3215 931 3274 diabolorum
973 3236 1042 3275 ex
1093 3221 1318 3276 homine
1363 3224 1618 3294 ejecerit,
1653 3237 1711 3282 et
1759 3235 1905 3283 tanta
1953 3229 2140 3286 insani:

2267 3230 2508 3299 λεγεῶνα
2540 3229 2814 3299 δαιμόνων
2847 3227 2958 3282 ἀπὸ
2988 3227 3108 3291 ἐνὸς
3140 3216 3432 3297 ἀνθρώπου
3468 3223 3713 3290 ἐξέϐαλε,
3743 3221 3814 3274 καί

580 3307 930 3366 laborantem
978 3313 1181 3366 mentis
1224 3313 1525 3384 integritati
1566 3317 1910 3374 restituerit?
1949 3321 2139 3388 Quanti

2266 3325 2347 3386 εἰς
2379 3320 2736 3394 σωφροσύνην
2767 3319 3076 3389 κατέστησε
3122 3318 3216 3372 τὸν
3247 3318 3327 3380 είς
3351 3316 3628 3386 τοσαύτην
3655 3313 3815 3385 μανίαν

580 3400 759 3472 magis
784 3401 950 3473 igitur
973 3403 1211 3458 animam
1246 3405 1312 3459 ad
1347 3421 1472 3461 eum
1499 3423 1846 3477 conversam,
1871 3422 1924 3467 et
1952 3415 2137 3471 miseri

2266 3414 2650 3485 κεχωρηκότα.
2678 3411 2835 3484 Πόσῳ
2862 3410 2955 3465 οὖν
2985 3411 3187 3482 μᾶλλον
3215 3409 3392 3481 ψυχὴν
3416 3408 3816 3478 ἐπιστρέφουσαν

581 3493 830 3549 cordiam
855 3495 924 3550 ab
949 3511 1016 3551 eo
1040 3495 1434 3567 requirentem,
1460 3508 1513 3554 et
1535 3500 1656 3572 ejus
1680 3517 1780 3572 ope
1808 3503 2140 3576 indigentem

2269 3507 2406 3579 πρὸς
2441 3506 2604 3560 αὑτὸν
2633 3547 2648 3571 ,
2691 3505 2788 3560 xui
2821 3505 2951 3575 παρ’
2984 3503 3153 3558 αὑτοῦ
3187 3504 3247 3556 τὸ
3278 3503 3428 3566 ἔλεος
3461 3499 3814 3571 ἐπιζητοῦσαν,

581 3594 900 3652 convertet,
927 3597 981 3641 et
1018 3588 1071 3642 in
1107 3588 1284 3644 laetam
1330 3590 1684 3646 all‘cctionum
1720 3596 2079 3663 vacuitatem,
2109 3614 2139 3654 e

2267 3598 2364 3653 xui
2413 3597 2676 3667 δεομένην
2722 3598 2823 3667 τῆς
2861 3596 3026 3650 αὐτοῦ
3062 3593 3334 3666 βοηθείας,
3372 3595 3478 3647 οὐκ
3514 3591 3814 3664 ἐπιστρέψει,

579 3685 784 3730 statum
818 3679 999 3733 omnis
1026 3679 1247 3735 virtutis
1283 3697 1347 3736 ac
1385 3683 1585 3737 mentis
1626 3687 2038 3743 rcuovationem
2072 3707 2130 3746 re

2264 3691 2358 3744 xui
2394 3692 2475 3752 εἰς
2501 3690 2844 3760 εὐφροσύνην
2875 3687 3167 3755 ἀπαθείας,
3199 3689 3292 3741 xui
3317 3687 3654 3741 κατάστασιν
3673 3685 3816 3752 πάσης

579 3768 801 3837 εῑίιιιει;
844 3781 1009 3842 atque
1049 3775 1286 3829 sanitate
1324 3783 1381 3829 et
1418 3784 1639 3846 aspectu
1681 3780 1882 3834 mentis
1915 3789 1972 3835 et
2013 3790 2138 3838 tran'

2263 3782 2465 3851 ἀρετῆς
2486 3819 2500 3844 ,
2554 3781 2651 3834 xui
2696 3780 2814 3843 νοὸς
2849 3781 3246 3850 ἀνακαινισμδν
3277 3781 3517 3847 ἐνεγκεῖ,
3558 3778 3651 3832 xui
3683 3793 3815 3845 μετα-

579 3861 853 3927 quillitate
886 3864 1281 3936 cogitationum
1318 3868 1579 3934 redditis,
1611 3885 1640 3924 a
1674 3873 1950 3939 caecitate,
1978 3877 2130 3932 surdi

2263 3873 2421 3928 ϐαλεῖ
2449 3875 2528 3938 είς
2555 3873 2817 3944 ύγιότητα
2842 3914 2857 3939 ,
2895 3872 2990 3926 xui
3020 3871 3315 3940 ἀνάϐλεψιν
3341 3870 3608 3933 διανοίας,
3642 3868 3728 3921 καὶ
3745 3866 3815 3918 λο-

581 3963 711 4019 tate,
738 3965 916 4011 morte
942 3957 1302 4023 infidelitatis,
1329 3967 1384 4014 et
1416 3960 1722 4030 ignorantia
1750 3972 1916 4034 atque
1947 3969 2135 4022 temeri

2263 3966 2478 4038 γισμῶν
2502 3967 2747 4038 εἰρήνην,
2778 3965 2888 4019 ἀπὸ
2911 3965 3010 4034 τῆς
3034 3962 3388 4033 τυφλὼσεως,
3418 3963 3516 4015 xui
3542 3959 3816 4030 κωφώσεως

579 4058 691 4106 tate
716 4053 782 4107 ad
811 4055 1134 4124 sapientiam
1161 4057 1405 4122 virtutis,
1427 4067 1484 4112 et
1507 4058 1804 4128 puritatem
1830 4059 2014 4114 cordis
2041 4077 2138 4115 ean

2261 4060 2358 4131 τῆς
2388 4060 2648 4124 ἀπιστίας
2679 4058 2772 4112 xui
2799 4057 3094 4126 ἀγνωσίας,
3131 4057 3224 4110 xui
3250 4054 3510 4124 ἀφοϐίας,
3538 4055 3619 4116 είς
3645 4067 3817 4120 σωφρο-

577 4141 870 4198 traducet?
915 4143 1016 4212 Qui
1068 4147 1217 4200 enim
1265 4147 1517 4202 condidit
1565 4163 1799 4218 corpus,
1849 4149 1995 4204 idem
2043 4151 2136 4221 ipsi

2263 4153 2452 4224 νισμδν
2483 4152 2687 4224 ἀρετῆς
2714 4151 2810 4206 xui
2837 4150 3186 4220 καθαρότητα
3217 4147 3447 4218 καρδία-ς
3476 4143 3815 4214 ἐνενεγκὼνίό

577 4232 826 4287 condidit
877 4249 1097 4305 quoque
1158 4237 1419 4292 animam.
1465 4237 1534 4292 Et
1580 4238 2044 4307 quemadmodum
2102 4241 2136 4296 il

2261 4245 2368 4316 γὰρ
2395 4245 2585 4318 κτίσας
2614 4245 2675 4298 τὸ
2699 4244 2858 4314 σῶμα
2876 4284 2890 4308 ,
2931 4241 3026 4296 xui
3049 4243 3148 4312 τὴν
3173 4242 3351 4312 ψυχὴν
3377 4242 3544 4304 αὐτὸς
3566 4237 3815 4306 πεποίηκε.

578 4323 746 4378 terris
771 4325 902 4379 dum
929 4338 1265 4394 versaretur,
1290 4329 1681 4385 accedentibus
1709 4330 1776 4384 ad
1809 4346 1888 4396 se,
1913 4343 1969 4388 et
1994 4334 2064 4390 ab
2090 4350 2137 4390 et

2261 4337 2370 4391 Kui
2402 4337 2592 4408 ὥσπερ
2620 4337 2971 4407 ἐπιδημήσας
3006 4337 3062 4388 ἐν
3090 4339 3156 4406 τῇ
3189 4338 3296 4405 γῇ,
3330 4336 3444 4397 τοῖς
3474 4328 3815 4404 προσερχομέ-

578 4414 900 4484 petentibus
947 4418 1212 4472 auxilium
1271 4428 1327 4474 et
1380 4420 1703 4486 sanitatem;
1751 4422 2056 4479 liberaliter
2102 4441 2132 4481 e

2260 4447 2373 4494 νοις
2409 4429 2504 4484 xui
2535 4429 2762 4500 ζητοῦσι
2790 4431 2890 4498 τὴν
2921 4428 3051 4499 παρ’
3077 4427 3241 4482 αὑτοῦ
3274 4425 3532 4497 βοήθειαν
3564 4423 3657 4478 xui
3684 4424 3813 4485 ἴασιν,

581 4503 818 4577 benigne
849 4508 1104 4576 praistitit
1137 4517 1192 4563 et
1222 4507 1496 4573 exhibuit,
1525 4509 1677 4564 velut
1709 4510 1888 4566 bonus
1919 4526 1975 4567 et
2008 4515 2140 4569 solus

2270 4486 2641 4594 ἀφθόνως-τῇ
2688 4486 3021 4594 χρηστότητι
3070 4519 3235 4573 αὐτοῦ
3274 4486 3619 4589 παρείχετο,
3669 4511 3815 4573 καθὼς

580 4597 859 4664 medicus;
895 4599 1086 4653 eodem
1125 4600 1288 4654 modo
1318 4600 1374 4654 in
1403 4600 1802 4670 spiritualibus.

2269 4615 2517 4689 ἔχρῃζον,
2555 4615 2629 4679 ὡς
2661 4615 2864 4684 ἀγαθὸς
2894 4615 2989 4667 xui
3023 4613 3186 4684 μόνος
3218 4611 3420 4684 ἰατρός⁸
3460 4609 3609 4664 οὕτω
3639 4606 3726 4661 καὶ
3747 4604 3816 4657 ἐπὶ

2266 4708 2376 4760 τῶν
2410 4707 2815 4778 πνευματικῶν.

645 4773 834 4830 XXVI.
873 4773 930 4831 Si
971 4777 1118 4829 enim
1147 4791 1274 4847 erga
1314 4791 1570 4848 corpora,
1618 4795 1742 4850 qua;
1781 4779 2161 4838 dissolvuntur

2340 4801 2483 4867 Κῷ.
2519 4773 2580 4853 Ei
2607 4799 2716 4870 γὰρ
2769 4801 2862 4854 ἐπὶ
2914 4800 2983 4854 τὰ
3028 4799 3266 4870 λυόμενα
3309 4798 3404 4851 xui
3438 4795 3817 4865 um0yﬁuxo~n1

571 4876 630 4923 et
649 4875 826 4922 morte
854 4875 1110 4938 pereunt,
1144 4877 1293 4924 tanta
1315 4880 1623 4927 commotus
1641 4880 1726 4928 est
1755 4873 2130 4930 misericordia

2268 4892 2430 4946 πάλιν
2467 4890 2714 4962 σώματα,
2747 4891 2921 4956 οὕτως
2949 4889 3412 4960 εὐσπλαγχνίσθη,
3443 4888 3539 4942 xui
3571 4878 3812 4952 ἐκάστῳέ

569 4966 628 5014 et
670 4958 971 5030 unicuique
1010 4959 1160 5030 quod
1206 4963 1488 5032 quaerebat
1521 4974 1775 5036 prompte
1803 4973 1859 5021 et
1888 4965 2128 5023 benevoli

2263 4987 2519 5058 ἐπεζήτει
2569 4985 2838 5056 πεποίηκε
2885 4983 3202 5054 προθύμως,
3237 4981 3332 5034 xui
3385 4977 3661 5052 χρηστῶς,
3698 4973 3816 5035 πόσῳ

565 5051 851 5122 praestitit;
879 5060 1088 5121 quanto
1120 5053 1294 5124 magis
1336 5054 1534 5110 animae
1564 5057 1882 5124 immortali,
1922 5058 2124 5115 indissc

2267 5051 2466 5149 μᾶλλον
2505 5081 2570 5150 τῆ
2604 5051 2855 5148 ἀθανάτῳ
2881 5051 3026 5148 ψυχῇ
3055 5051 3148 5128 xui
3173 5073 3444 5144 ἀδιαλύτῳ
3465 5074 3562 5125 καὶ
3589 5068 3817 5137 ἀφθάρτῳ

564 5145 724 5202 lubili
748 5155 805 5200 et
833 5145 1260 5217 ineorruptibili,
1285 5163 1564 5219 Oppressae
1588 5151 1781 5206 morbo
1810 5153 2123 5224 ignorantia

2262 5145 2602 5238 ίτυγχανοὺόῃ
2639 5169 2696 5221 ἐν
2734 5145 2874 5238 νόσω
2906 5145 3150 5234 ἀγνοίας,
3199 5165 3300 5230 τῆς
3332 5162 3552 5227 κακίας,
3598 5155 3818 5212 ἀπιστίας

565 5237 823 5300 malitiae,
880 5237 1252 5305 inﬁdelitatis,
1323 5243 1651 5297 temeritatis
1703 5254 1758 5298 et
1815 5247 2124 5317 reliquarun

2261 5275 2320 5310 τε
2355 5259 2447 5312 xui
2480 5258 2734 5328 ἀφοϐίας,
2777 5261 2869 5313 xui
2915 5258 3024 5311 τῶν
3057 5257 3259 5310 λοιπῶν
3303 5255 3405 5324 τῆς
3436 5251 3713 5324 ἁμαρτίας
3738 5264 3818 5300 πα-

562 5330 773 5401 peccati
817 5331 1194 5396 aii‘ectionum,
1227 5335 1507 5390 accedenti
1543 5336 1608 5390 ad
1657 5337 1970 5404 Dominum,
2003 5349 2057 5394 et
2084 5341 2121 5394 ai

2261 5349 2389 5404 θῶν·
2433 5350 2849 5422 προσερχομένη
2881 5351 2937 5404 δὲ
2967 5350 3045 5423 τῷ
3087 5351 3295 5420 Κυρίῳ,
3329 5349 3423 5402 xui
3453 5348 3553 5418 τὴν
3587 5346 3711 5412 παρ’
3739 5342 3816 5395 αὖ·

564 5437 633 5478 eo
686 5423 951 5478 auxilium
1002 5428 1339 5496 requirenti,
1393 5444 1455 5483 ac
1507 5429 1561 5483 in
1615 5431 1994 5487 misericordia
2032 5435 2118 5504 eju

2260 5441 2351 5495 τοῦ
2399 5441 2651 5512 βοήθειαν
2703 5441 3039 5514 ἐπιζητούσῃ
3068 5483 3082 5506 ,
3129 5442 3220 5494 καὶ
3274 5442 3354 5501 είς
3398 5440 3458 5492 τὸ
3502 5436 3671 5491 αὑτοῦ
3702 5435 3819 5492 ἔλεος

565 5513 825 5578 intuenti,
862 5530 965 5570 nec
995 5532 1102 5570 non
1131 5519 1361 5587 gratiam
1396 5520 1635 5590 Spiritus
1681 5523 1749 5575 ab
1787 5538 1855 5578 eo
1901 5526 2124 5595 reeiper.

2259 5533 2657 5601 ἐπισκοπούσῃ,
2687 5535 2780 5587 xui
2808 5535 2906 5606 τὴν
2940 5535 3099 5606 χάριν
3129 5532 3221 5586 τοῦ
3252 5531 3570 5600 Πνεύματος
3600 5529 3727 5599 παρ’
3747 5525 3801 5577 αὖ

564 5604 899 5661 desideranti
932 5607 998 5662 ad
1034 5609 1471 5679 redemptionem
1507 5623 1564 5668 et
1594 5615 1826 5669 salutem
1879 5633 2056 5682 suam,
2093 5633 2122 5671 e

2258 5622 2352 5676 τοῦ
2383 5623 2636 5690 δέξασθαε
2671 5625 3022 5698 ἐπιθυμούσῃ
3049 5625 3126 5688 είς
3148 5623 3418 5694 λύτρωσιν
3446 5622 3539 5675 καὶ
3570 5615 3816 5687 σωτηρίαν

561 5698 636 5754 ab
669 5699 818 5752 omni
851 5701 1056 5756 malitia
1091 5713 1148 5758 et
1180 5704 1378 5760 all‘ectu
1423 5707 1847 5772 liberationem,
1880 5711 2120 5764 concede

2255 5714 2459 5784 αὐτῆς,
2496 5717 2591 5769 καὶ
2629 5719 2811 5788 πάσης
2840 5718 3040 5782 κακίας
3071 5717 3164 5772 xui
3195 5715 3393 5779 παντὸς
3436 5713 3646 5776 πάθους
3667 5707 3814 5765 dull.

565 5807 729 5861 quam
758 5793 1046 5850 celerrime
1078 5805 1132 5851 et
1161 5799 1565 5869 promptissime
1599 5802 1743 5857 velut
1779 5803 2043 5858 medicam
2078 5805 2124 5858 Ii

2257 5807 2444 5879 λαγὴν,
2499 5809 2558 5862 οὐ
2601 5810 2907 5882 δωρήσεται
2959 5810 3146 5882 τάχιον
3191 5809 3284 5864 xui
3336 5806 3696 5879 ἑτοιμοτέρως
3734 5797 3816 5869 τὴν
