3948 6554
174 328 281 393 493

1429 327 1800 390 HOMILLE.
1849 354 1893 362 -
1935 325 2120 388 110M.
2163 328 2231 387 ν.

3338 323 3440 392 494

177 443 568 516 ἀπολύτρωσιν
615 443 712 514 τῆς
751 458 966 511 ιασεως,
1003 443 1147 499 κατὰ
1195 443 1284 498 τὸν
1340 444 1503 500 αυτὸν
1556 442 1714 511 λόγον
1739 458 1752 472 ο

1885 442 2222 505 ιοιοιίοηοιιι,
2263 439 2566 495 secundum
2591 439 2735 494 idem
2759 440 2966 495 uictum
2995 461 3006 494 :
3035 439 3244 505 Quanto
3273 441 3440 509 magis

174 541 353 604 Πόσῳ
419 537 668 608 μᾶλλον
707 537 1070 606 ό,οὐρὰνιος
1110 536 1313 605 Πατὴρ
1363 536 1605 602 ποιήσει
1640 531 1753 600 τὴν

1885 532 2016 586 ’ater
2049 532 2268 586 caelestis
2302 531 2455 601 faciet
2489 520 2776 585 vindicta'm
2804 529 3153 584 clamantium
3183 530 3253 582 ad
3283 546 3338 582 se
3359 529 3443 582 die

172 631 494 698 ἐκδίκησιν
522 629 643 684 τῶν
664 629 950 694 βοώντων
999 628 1149 699 πρὸς
1178 627 1366 684 αὐτὸν
1413 628 1639 696 ἡμέρας
1690 641 1753 679 τε

1885 645 1918 679 :c
1949 627 2144 679 nocte?
2174 625 2243 680 Et
2274 623 2477 689 subdit,
2523 623 2746 677 dicens:
2777 621 2928 677 Certe
2969 621 3082 674 dico
3127 621 3286 681 vobis,
3341 620 3442 672 cito

173 724 270 778 καὶ
298 723 563 789 νυκτός;
596 724 690 776 καὶ
733 723 927 790 ἐπάγει
961 721 1135 790 λέγων
1164 764 1178 784 .
1229 722 1338 776 Καὶ
1385 720 1540 791 λέγω
1587 720 1749 790 ὑμῖν,

175 809 417 877 ποιήσει
438 809 553 876 τὴν
577 810 898 876 ἐκδίκησιν
930 809 1130 863 αὐτῶν
1161 810 1232 864 ἐν
1251 809 1439 879 τάχει·
1475 809 1570 863 καὶ
1595 809 1755 862 πάλιν

179 901 238 954 ἐν
271 900 449 972 ἑτέρῳ
481 903 737 973 παραινεῖ
761 917 776 932 ⁸
834 902 1059 956 Αἰτεῖτε
1091 901 1188 955 καὶ
1223 903 1545 967 δοθήσεται
1586 901 1752 971 ὐμῒνο

175 989 296 1058 πᾶς
327 991 436 1061 γὰρ
464 993 498 1045 ό
519 991 700 1048 αίτῶν
726 992 1035 1060 λαμϐάνει,
1060 993 1156 1047 καί
1193 996 1224 1046 ό
1253 991 1438 1060 ζητῶν
1465 994 1752 1061 εὑρίσκει,

177 1081 280 1136 καὶ
326 1081 408 1148 τῷ
434 1083 710 1150 κρούοντι
744 1083 1150 1153 ἀνοιγήσεται·
1179 1086 1276 1138 καὶ
1307 1083 1590 1150 διεξελθὼν
1636 1086 1758 1138 ὲπιο

177 1171 359 1243 φέρει,
392 1173 570 1239 Πόσῳ
603 1173 844 1242 μᾶλλον
887 1178 920 1228 ό
972 1175 1177 1244 Πατὴρ
1207 1175 1376 1243 ὑμῶν
1413 1179 1445 1228 ό
1484 1175 1761 1244 οὐράνιος

175 1251 359 1320 δώσει
393 1266 635 1334 Πνεῦμα
663 1267 834 1336 ἅγιον
863 1267 990 1333 τοῖς
1009 1268 1286 1322 αἰτοῦσιν
1314 1269 1542 1322 αὐτόν]
1575 1267 1762 1337 Ἀμὴν

176 1355 338 1424 λέγω
371 1357 540 1426 ὑμῖν,
571 1359 624 1411 εί
673 1357 772 1412 καί
817 1359 915 1413 διὰ
955 1359 1023 1412 τὸ
1057 1355 1208 1414 εἶναι
1245 1359 1426 1428 φίλον
1451 1358 1637 1412 αὑτοῦ
1677 1358 1761 1427 μὴ

177 1445 360 1500 δώσει
393 1447 573 1514 αὐτῷ,
606 1447 706 1502 διά
738 1466 804 1518 γε
847 1449 960 1518 τὴν
996 1450 1310 1504 ἀναίδειαν
1350 1449 1538 1506 αὑτοῦ
1586 1449 1764 1504 δώσει

176 1541 344 1604 αὐτῷ
372 1540 663 1604 ἀναστὰς,
709 1537 862 1594 ὅσον
897 1539 1121 1610 χρῂζῖει.
1389 1539 1394 1543 ’
1435 1553 1438 1558 ’

254 1627 382 1684 KZ'.
430 1629 687 1694 Ἀναιδῶς
722 1625 816 1684 οὖν
862 1632 958 1684 καὶ
1007 1629 1393 1697 ἀδιαλείπτως,
1445 1631 1539 1686 καὶ
1570 1631 1764 1702 ἀπερι-

179 1724 444 1794 κακὴτως
466 1725 638 1775 αἰτεῖν
669 1724 819 1794 ἡμᾶς
871 1723 970 1794 τὴν
1020 1724 1149 1793 παρ’
1192 1723 1356 1777 αὐτοῦ
1408 1725 1506 1794 τῆς
1544 1723 1764 1795 χάριτος

1857 719 2009 788 faciet
2041 719 2325 772 vindictam
2369 717 2586 770 illorum
2611 717 2678 768 ιθ.
2722 715 2789 770 Et
2829 729 3050 770 rursum
3079 713 3208 767 alibi
3239 712 3442 765 adhor-

1861 820 2008 865 tatur
2033 829 2047 864 :
2086 811 2253 864 Petite
2281 819 2329 862 et
2359 811 2570 864 dabitur
2598 809 2757 863 vobis.
2790 807 2970 862 Omnis
2996 807 3134 859 enim
3164 807 3253 876 qui
3292 805 3440 874 petit,

1859 904 2071 973 accipit,
2101 912 2150 957 et
2170 906 2260 974 qui
2278 904 2488 974 quierit.
2518 903 2736 965 invenit,
2762 909 2811 955 et
2837 899 3072 970 pulsanti
3094 897 3444 968 aperietur“.

1859 994 1927 1048 Et
1952 995 2177 1064 paulum
2203 1010 2524 1064 progressus
2551 993 2776 1062 subjieit
2803 1010 2815 1045 :
2848 991 3060 1057 Quanto
3089 992 3255 1061 magis
3283 989 3446 1042 Pater

1859 1097 2027 1141 vester
2072 1087 2289 1141 caelestis
2335 1087 2478 1140 dabit
2529 1084 2789 1156 Spiritum
2833 1094 3076 1139 sanctum
3121 1084 3445 1155 poscentibus

1862 1195 1979 1232 eum
2000 1179 2084 1234 5'?
2113 1179 2279 1233 Amen
2312 1179 2425 1232 dico
2453 1179 2617 1242 vobis,
2653 1179 2746 1232 etsi
2781 1195 2884 1232 non
2918 1179 3060 1232 dabit
3090 1178 3191 1239 illi,
3223 1194 3280 1230 eo
3307 1177 3447 1246 quod

1864 1271 2066 1325 anticus
2105 1273 2194 1336 sit,
2239 1281 2451 1342 propter
2482 1273 2865 1342 impudentiam
2899 1283 3075 1324 tamen
3104 1273 3218 1340 ejus
3243 1276 3445 1341 surget,

1865 1371 1915 1416 et
1939 1363 2083 1417 dabit
2109 1371 2366 1434 quantum
2392 1352 2522 1434 opus
2551 1364 2701 1418 habet
2724 1365 2791 1416 ".

1940 1639 2150 1694 XXVII.
2201 1639 2422 1708 Absque
2471 1637 2679 1708 pudore
2730 1636 2924 1708 igitur,
2976 1634 3352 1690 indesmcnter
3393 1645 3451 1692 ct

1877 1729 2150 1785 indefesso
2180 1738 2240 1783 ut
2268 1741 2518 1799 petamus
2564 1729 2633 1782 ab
2675 1744 2743 1782 eo
2787 1728 2994 1782 donum
3042 1728 3249 1798 gratiae,
3301 1727 3450 1782 hisce

177 1815 491 1885 ἀντίληψιν,
531 1815 619 1868 διὰ
679 1815 886 1868 τούτων
943 1816 1160 1869 πάντων
1213 1794 1624 1886 προετρέψατο,
1662 1815 1761 1868 Διά

1885 1822 2121 1876 minibus
2162 1821 2490 1876 exhortatus
2523 1829 2628 1875 εει.
2674 1821 2904 1890 Propter
2949 1794 3268 1889 peccatores
3299 1819 3449 1873 enim

176 1904 293 1976 γὰρ
320 1907 440 1970 τοὺς
494 1907 852 1977 ἁμαρτωλοὺς
894 1901 1076 1977 ἦλθεν,
1109 1907 1196 1961 ἵνα
1221 1906 1592 1977 ὲπιστρέψωσι
1625 1906 1758 1976 πρὸς

177 1998 371 2060 αὐτὸν,
409 1997 504 2052 καὶ
552 1998 770 2069 ἰάσηται
811 1997 937 2060 τοὺς
986 1999 1340 2062 πιστεύοντας
1399 1999 1565 2068 αὐτῷ’
1605 1999 1762 2070 μόνον

176 2091 347 2162 ἡμεῖς
370 2088 478 2141 τῶν
515 2088 702 2141 κακῶν
731 2088 1058 2160 προλήψεων
1082 2090 1480 2163 ἀποστήσωμεν
1509 2091 1761 2155 ἑαυτοὺς,

175 2183 310 2236 ὅσον
344 2182 404 2236 τὸ
442 2184 500 2234 ὲν
533 2184 670 2252 ἡμῖν
711 2182 956 2247 δυνατὸν,
1000 2184 1096 2236 καὶ
1128 2184 1452 2256 μισήσωμεν
1486 2185 1556 2238 τά
1584 2183 1764 2252 φαῦλα

176 2273 621 2344 ἐπιτηδεύματα,
653 2275 748 2327 καὶ
769 2274 868 2338 τὰς
885 2273 980 2328 τοῦ
1012 2275 1218 2346 κόσμου
1248 2275 1480 2340 ἀπάτας,
1521 2275 1768 2342 καὶτοὺς

180 2364 459 2434 πονηροὺς
507 2365 604 2416 καὶ
658 2363 922 2433 ματαίους
969 2363 1263 2434 λογισμοὺς
1305 2364 1764 2436 ἀποστραφῶμεν,

180 2455 282 2507 καὶ
321 2457 550 2510 πάντοτε
604 2455 742 2527 πρὸς
799 2455 962 2509 αὐτὸν
1010 2456 1108 2526 ὅση
1159 2455 1389 2526 δύναμις
1426 2457 1768 2529 προσκολληο

181 2544 395 2614 Οώμενο
445 2545 540 2598 καὶ
578 2545 740 2608 αὐτὸς
767 2543 984 2614 ἕτοιμος
1015 2547 1189 2599 ποιεῖν
1216 2548 1346 2617 ἡμῖν
1375 2546 1472 2618 τὴν
1512 2548 1641 2618 παρ’
1667 2547 1768 2600 αύ-

179 2634 284 2688 τοῦ
323 2636 596 2706 βοήθειαν.
650 2636 744 2699 Εἰς
779 2635 938 2690 τοῦτο
977 2638 1087 2708 γάρ
1117 2639 1263 2690 ἐστιν
1291 2637 1479 2701 ὲλεῶν,
1520 2639 1612 2692 καὶ
1639 2638 1772 2703 ζωσ-

181 2726 386 2790 ποιῶν,
425 2727 520 2780 καὶ
553 2726 781 2796 ίὼμενος
811 2727 881 2780 τὰ
910 2727 1106 2782 ἀνίατα
1157 2729 1326 2798 πάθη,
1371 2731 1465 2783 καὶ
1500 2729 1772 2801 λύτρωσιν

181 2819 365 2872 ποιῶν
417 2822 530 2882 τοῖς
575 2820 1029 2891 ἐπικαλουμένοις
1081 2821 1244 2874 αὐτὸν
1300 2824 1394 2875 καὶ
1439 2823 1576 2889 πρὸς
1611 2823 1773 2876 αὑτὸν

181 2911 606 2981 ἐπιστρέφουσι,
643 2912 824 2982 πάσης
849 2913 1122 2983 κοσμικῆς
1163 2914 1382 2984 ἀγάπης
1415 2915 1512 2985 ὅση
1540 2914 1771 2985 δύναμις

181 3004 257 3056 ἐκ
291 3001 600 3073 θελήματος
629 3005 724 3058 καὶ
754 3004 1124 3077 προαιρέσεως
1159 3005 1525 3076 ἀναχωροῦσι,
1555 3007 1649 3058 καὶ
1675 3005 1774 3077 τὴν

179 3094 434 3150 διάνοιαν
463 3095 570 3148 ἀπὸ
597 3096 700 3166 γῆς
730 3095 974 3161 ἕλκουσι,
1011 3097 1106 3150 καὶ
1134 3095 1269 3167 πρδς
1299 3097 1460 3151 αὐτὸν
1489 3100 1552 3167 τῇ
1577 3096 1776 3170 ἐπιζη-

179 3187 352 3258 τήσει
401 3188 495 3241 καὶ
537 3187 860 3259 ὲπιποθήσει
912 3188 1412 3258 ἀποκρεμαμένοις·
1469 3189 1502 3260 ἠ
1549 3189 1771 3261 τοιαύτη

179 3277 348 3348 ψυχὴ
395 3277 495 3347 τῆς
533 3278 662 3351 παρ’
692 3277 857 3334 αὑτοῦ
911 3278 1164 3348 βοηθείας
1199 3279 1486 3344 ἀξιοῦται,
1525 3280 1557 3352 ἡ
1593 3281 1772 3334 πάντα

186 3371 441 3441 περισσά
470 3371 771 3442 ἡγουμένη,
813 3372 906 3425 καὶ
939 3373 1030 3424 ἐπὶ
1060 3373 1250 3443 μηδενὶ
1280 3371 1376 3424 τοῦ
1410 3373 1617 3444 κόσμου
1649 3374 1778 3428 ἀνα-

183 3463 504 3534 παυομένη·
557 3463 671 3517 axx
719 3466 798 3528 εἰς
840 3465 938 3536 τὴν
965 3464 1132 3518 αὐτοῦ
1174 3464 1482 3519 ἀνάπαυσιν
1511 3466 1611 3535 τῆς
1644 3483 1779 3537 χρη-

187 3559 454 3627 στότητος
507 3558 815 3626 ἀναπαῆναι
869 3558 963 3612 καὶ
1013 3557 1383 3629 εὐφρανθῆναι
1421 3558 1777 3630 ὲκδεχομένη’

186 3649 293 3704 καὶ
319 3648 493 3713 οὕτως
525 3651 612 3704 διὰ
656 3653 754 3722 τῆς
776 3651 1032 3722 τοιαύτης
1064 3651 1299 3714 πίστεως
1326 3650 1661 3721 ὲπιτυχοῦσα
1685 3651 1784 3721 τῆς

188 3742 528 3812 ἐπουρανίου
566 3743 796 3812 δωρεᾶς,
853 3744 947 3797 καὶ
987 3745 1087 3814 τὴν
1145 3743 1443 3814 ἐπιθυμίαν
1490 3744 1662 3814 αὐτῆς
1721 3744 1781 3796 ὲν

190 3830 552 3901 πληροφορίᾳ
584 3830 673 3886 διὰ
734 3832 834 3901 τῆς
873 3833 1094 3902 χάριτος
1126 3833 1514 3900 ἀναπαύσασα,
1548 3834 1643 3887 καὶ
1673 3833 1780 3886 λοι-

187 3921 300 3973 πον
335 3919 641 3990 συμφώνως
675 3921 768 3975 καὶ
798 3922 1104 3986 ἀκολούθως
1124 3923 1203 3995 τῷ
1232 3923 1510 3994 Πνεύματι
1538 3923 1615 3994 τῷ
1645 3923 1786 3995 ἀγίῳ

181 4009 602 4082 διακονήσασα,
646 4011 741 4064 καὶ
781 4013 1054 4085 ὁσημέραι
1103 4015 1184 4077 είς
1221 4013 1282 4068 τὺ
1330 4015 1532 4085 ἀγαθὸν
1587 4015 1788 4086 προκό-

184 4117 437 4167 πτουσα,
465 4103 557 4156 καὶ
586 4104 665 4167 είς
686 4105 784 4176 τὴν
811 4105 929 4160 ὁδὸν
958 4107 1056 4177 τῆς
1073 4106 1422 4178 δικαιοσύνης
1451 4107 1786 4178 ἐμμένουσα.

182 4199 293 4249 καὶ
335 4198 415 4258 είς
445 4196 506 4249 τὸ
547 4197 702 4260 τέλος
744 4198 1037 4269 ἄκαμπτος
1074 4200 1171 4252 καὶ
1209 4198 1579 4264 ἀσυνδύαστος
1622 4201 1702 4263 είς
1728 4199 1789 4256 τὸ

183 4286 406 4351 κακίας
460 4287 626 4360 μέρος
668 4289 1013 4360 διαμείνασα,
1049 4291 1143 4345 καὶ
1166 4290 1264 4363 τὴν
1301 4291 1463 4364 χάριν
1505 4293 1564 4345 ὲν
1596 4291 1787 4363 μηδενὶ

1861 1911 2033 1976 venit,
2070 1919 2131 1964 ut
2170 1919 2564 1965 converterent
2597 1926 2654 1966 sc
2684 1911 2750 1965 ad
2780 1911 2955 1972 illum,
2983 1919 3039 1965 et
3073 1918 3296 1964 curaret
3325 1925 3448 1964 crc—

1862 2004 2053 2059 dentes
2089 2003 2210 2073 ipsi.
2243 2002 2404 2057 Modo
2432 2017 2535 2057 nos
2569 2003 2669 2072 ipsi
2705 2017 2736 2056 a
2769 2002 2927 2056 malis
2954 2001 3451 2071 prieoccupationi~

1863 2096 1967 2150 bus
2011 2095 2413 2157 abstineamus,
2450 2103 2716 2162 quantum
2752 2091 2808 2146 in
2848 2092 3061 2147 viribus
3094 2093 3300 2146 nostris
3343 2104 3449 2154 est,

1863 2195 1920 2241 et
1943 2185 2073 2240 odio
2106 2200 2505 2255 prosequamur
2525 2199 2690 2254 opera
2717 2184 2877 2248 mala,
2904 2191 2962 2238 et
2987 2183 3173 2236 mundi
3198 2183 3451 2236 technam

1864 2290 2030 2350 atque
2074 2277 2354 2348 improbos
2387 2293 2451 2331 ac
2475 2291 2644 2331 vanos
2695 2289 2981 2329 sermones
3015 2274 3450 2338 abhorreamus,

1865 2382 1923 2428 et
1953 2387 2052 2441 per
2075 2369 2261 2424 omnia
2293 2369 2366 2433 ei,
2400 2380 2666 2439 quantum
2715 2368 2832 2422 ﬁeri
2885 2376 3089 2437 potest,
3143 2367 3451 2438 agglutine-

1869 2479 2014 2516 mur.
2048 2463 2170 2531 Ipse
2197 2461 2420 2531 quidem
2450 2471 2674 2529 paratus
2695 2469 2779 2514 est
2805 2459 3069 2514 exhibere
3098 2458 3260 2512 nobis
3291 2473 3452 2510 suum

1870 2553 2156 2607 auxilium.
2205 2553 2501 2622 Propterea
2524 2551 2670 2605 enim
2698 2550 3010 2606 misericors
3037 2558 3142 2610 est.
3169 2549 3457 2604 viviticans

1873 2654 1931 2697 et
1962 2660 2162 2697 sanans
2204 2641 2524 2697 ali‘ectiones
2550 2641 2901 2706 incurabiles,
2931 2651 2987 2696 et
3018 2642 3453 2711 redemptionem

1871 2735 2078 2790 iaciens
2130 2735 2197 2789 iis
2241 2735 2334 2804 qui
2387 2734 2643 2788 invocant
2678 2750 2826 2799 eum,
2855 2743 2911 2788 et
2938 2734 3031 2804 qui
3063 2735 3129 2788 ad
3161 2751 3286 2789 eum
3321 2751 3457 2787 con-

1876 2825 2041 2889 versi,
2073 2825 2141 2879 ab
2170 2824 2318 2878 omni
2351 2824 2645 2879 dilectione
2670 2824 2883 2888 mundi,
2912 2834 3180 2895 quantum
3212 2823 3329 2879 ﬁcri
3363 2842 3459 2894 po-

1877 2927 2004 2984 tcst,
2033 2926 2228 2987 sponte
2253 2927 2310 2971 et
2332 2917 2642 2970 voluntarie
2670 2917 2954 2979 recedunt,
2983 2918 3190 2987 quique
3219 2926 3457 2970 mentem

1877 3027 1908 3065 a
1941 3009 2175 3064 terrenis
2225 3009 2557 3064 abstractam
2609 3009 2676 3064 ad
2733 3025 2860 3062 eum
2916 3018 3042 3062 voto
3095 3018 3150 3063 et
3179 3009 3461 3063 desiderio

1883 3101 2248 3170 suspendunt.
2302 3100 2584 3171 Ejusmodi
2637 3099 2820 3154 anima
2870 3101 2991 3170 ejus
3035 3100 3240 3154 auxilio
3297 3099 3461 3170 digna

1881 3192 2140 3255 habetur,
2173 3207 2296 3261 qua:
2319 3191 2504 3246 omnia
2536 3208 2634 3262 pro
2661 3191 2956 3261 superﬂuis
2988 3191 3285 3264 existimat,
3317 3199 3374 3244 et
3406 3190 3461 3243 in

1883 3284 2032 3338 nulla
2064 3299 2123 3338 re
2153 3282 2425 3336 mundana
2459 3283 2788 3352 acquiescit;
2830 3282 2924 3336 scd
2968 3291 3249 3352 exspectat
3282 3282 3334 3336 in
3377 3298 3464 3336 rc-

1882 3375 2009 3444 quic
2055 3373 2412 3444 benignitatis
2460 3371 2804 3442 requiescere
2851 3381 2906 3426 et
2952 3372 3232 3441 gaudere:
3279 3379 3336 3426 et
3383 3371 3466 3426 sic

1882 3483 1980 3538 per
2028 3465 2342 3538 huiusmodi
2395 3465 2558 3520 ﬁdem
2621 3465 2843 3520 caeleste
2891 3464 3098 3519 donum
3144 3473 3462 3526 consecuta,

1885 3578 2048 3617 omne
2090 3576 2251 3616 suum
2297 3559 2633 3615 desiderium
2678 3559 2732 3613 in
2769 3559 2929 3629 plena
2965 3558 3069 3612 fide
3101 3574 3199 3627 per
3232 3557 3465 3628 gratiam

1886 3655 2143 3717 collocat,
2171 3663 2227 3707 et
2254 3650 2494 3721 denique
2524 3665 2765 3721 congrue
2789 3660 2844 3704 et
2866 3649 3260 3703 convenienter
3286 3647 3464 3718 Spiri-

1889 3744 1968 3802 tui
2002 3752 2192 3799 sancto
2214 3740 2513 3804 ministrat,
2544 3738 2792 3809 quotidie
2823 3738 3067 3792 bonitate
3092 3737 3198 3804 22
3225 3735 3465 3804 prolicit,

1888 3838 2056 3906 inque
2104 3834 2192 3889 via
2232 3832 2459 3905 iustitia:
2509 3845 2870 3900 perseverans
2915 3829 2969 3882 in
3015 3837 3366 3898 perpetuum.
3399 3827 3468 3880 ad

1887 3928 2110 3984 malitiae
2132 3941 2331 3997 genera
2360 3940 2469 3977 non
2500 3922 2760 3983 ﬂectitur,
2791 3936 2892 3976 nec
2919 3920 2986 3974 ad
3012 3920 3142 3974 vitia
3169 3919 3280 3974 ullo
3304 3917 3470 3974 modo

1889 4017 2153 4082 declinat,
2187 4023 2354 4086 atque
2388 4015 2618 4086 gratiam
2656 4013 2710 4066 in
2746 4013 2894 4066 nulla
2933 4029 2991 4066 re
3023 4011 3246 4065 tristitia
3281 4009 3469 4073 allicit,

1892 4119 1950 4168 et
1979 4118 2185 4165 aeterna
2221 4107 2398 4163 salute
2433 4122 2558 4163 cum
2601 4105 2860 4160 omnibus
2893 4103 3100 4160 sanctis
3145 4103 3307 4174 digna
3341 4118 3473 4157 cen-

1891 4211 2066 4267 setur,
2116 4200 2272 4256 velut
2320 4200 2388 4256 iis
2440 4199 2588 4253 socia
2631 4206 2689 4251 et
2721 4213 2905 4252 comes
2942 4196 3246 4250 imitatione
3277 4210 3472 4250 eorum

1897 4292 1953 4347 in
1987 4291 2194 4346 mundo
2229 4296 2575 4346 conversata.
2605 4288 2800 4342 Amen.
3403 4302 3408 4305 ·

192 4384 506 4454 λυπήσασα
556 4387 656 4456 τῆς
727 4387 946 4440 αἰωνίου
1001 4389 1274 4459 σωτηρίας
1345 4388 1444 4442 σὺν
1502 4389 1637 4443 πᾶσι
1684 4391 1798 4454 τοῖς
1835 4389 2010 4459 ἁγίοις
2064 4387 2416 4453 καταξιοῦται
2507 4383 2602 4439 ἅτε
2663 4383 2727 4453 δὴ
2767 4383 3018 4446 κοινωνὸς
3056 4383 3149 4434 καὶ
3176 4380 3474 4451 σύνδρομος

183 4476 351 4532 κατὰ
427 4476 658 4548 μίμησιν
727 4478 907 4532 αὐτῶν
985 4479 1045 4532 ὲν
1109 4479 1301 4552 κόσμῳ
1371 4479 1786 4552 διαστραφεϊσα.
1841 4481 2034 4552 Ἀμήν.

807 4594 1053 4648 ΟΜΙΛΙΑ
1101 4596 1175 4650 E'.

179 4681 416 4764 Πολλὴ
437 4682 808 4764 μετάστασις
834 4687 1065 4764 μεταξὺ
1096 4687 1216 4741 τῶν
1257 4689 1634 4764 Χριστιανῷν
1680 4687 1782 4764 καί

264 4754 744 4827 τῶν-ἀνθρὼςιων
759 4757 864 4810 τοῦ
893 4757 1124 4826 κόσμου
1166 4759 1404 4827 τούτου.
1436 4762 1498 4812 Ol
1522 4757 1639 4827 μὲν
1671 4757 1782 4827 τὰρ

264 4824 516 4895 πνεῦμα
549 4825 655 4878 τοῦ
675 4826 904 4895 κόσμου
933 4824 1194 4895 ἔχοντες,
1228 4826 1297 4895 τῇ
1321 4824 1536 4894 καρδίᾴ
1578 4824 1778 4893 ualui

263 4894 364 4974 τῷ
381 4896 466 4974 ,ἐν
498 4894 877 4974 τοῖςῆγιζΐνοις
893 4894 1138 4974 δεσμοέ
1161 4894 1457 4974 δέδενται·
1482 4900 1537 4952 ol
1566 4898 1651 4974 Δδέ
1671 4897 1786 4964 τὴν

263 4965 522 5034 ἀγάπην
549 4965 656 5018 τοῦ
699 4966 1062 5034 ἐπουρανίου
1087 4968 1316 5035 Πατρός
1364 4967 1783 5032 ἐπιποθοῦσιν,

265 5037 467 5160 gora,»
487 5038 680 5104 μόνον
700 5039 814 5104 πρὸ
829 5037 1151 5107 ὀφθαλμῶν
1171 5038 1242 5092 ἐν
1265 5037 1472 5106 πολλῆ
1501 5037 1787 5107 ἐπιθυμίᾳ

315 5122 551 5160 γοντεο.

307 5122 425 5176 χον
433 5123 551 5172 τες.

269 5221 366 5276 Α’.
413 5221 472 5274 '0
520 5219 628 5273 τῶν
669 5219 1010 5291 Χριστιανῶν
1046 5220 1248 5293 κόσμος
1281 5221 1466 5292 ἕτερός
1507 5221 1648 5284 ἐστι,
1690 5218 1788 5273 καὶ

181 5311 480 5382 διαγωγὴ,
531 5311 626 5364 καὶ⁵
671 5310 816 5374 νοῦς,
873 5311 970 5364 καὶ
1022 5311 1198 5381 λόγος,
1253 5314 1348 5367 καὶ
1400 5311 1598 5384 πρᾶξις
1627 5311 1790 5383 ἑτέρα

176 5405 494 5475 τυγχάνει,
544 5402 638 5456 καὶ
672 5403 706 5474 ἡ
754 5403 863 5456 τῶν
904 5403 1207 5475 ἀνθρώπων
1233 5403 1324 5458 τοῦ
1356 5404 1562 5474 κόσμου
1591 5402 1783 5458 τούτου

177 5495 484 5566 διαγωγὴ,
533 5495 629 5548 καὶ
655 5494 802 5561 νοῦς,
852 5495 952 5549 καὶ
1000 5495 1178 5564 λόγος,
1224 5496 1318 5550 καὶ
1351 5496 1550 5565 πρᾶξις
1600 5493 1783 5565 ἑτέρα.

185 5587 381 5646 ¹¹Ἀλλο
413 5584 468 5638 τί
518 5585 657 5638 εἰσιν
700 5585 896 5638 ἐκεῖνοι
934 5583 1025 5639 καὶ
1053 5583 1181 5637 ἄλλο
1213 5582 1266 5637 τί
1307 5584 1444 5637 είσιν
1479 5575 1655 5646 οὗτοι,
1693 5580 1787 5633 καὶ

1820 4580 1870 4639 D
2495 4587 2778 4645 HOMILIA
2816 4587 2880 4642 V'.

1880 4685 2085 4758 Magna
2106 4684 2412 4758 fdi/ferentia
2440 4685 2580 4758 inter
2608 4681 2935 4758 Christique;
2969 4681 3288 4758 et__liomiues
3315 4679 3476 4758 hujus

1952 4750 2152 4813 sizculi.
2173 4750 2254 4812 "Ili
2282 4758 2419 4810 enim
2448 4755 2638 4818 spiritu
2673 4751 2857 4804 mundi
2888 4750 3100 4818 prwditi
3139 4751 3477 4803 an'iinotenus

1953 4846 2018 4882 ac
2045 4828 2199 4881 corde
2231 4818 2564 4879 terrestribus
2601 4821 2821 4875 vinculis
2861 4821 3023 4873 vincti
3047 4829 3172 4872 sunt
3200 4837 3218 4873 :
3249 4818 3330 4872 illi
3353 4835 3476 4872 vero

1955 4897 2233 4951 dilectione
2255 4895 2476 4950 caelestis
2509 4893 2686 4945 Patris
2707 4892 2924 4956 detenti,
2949 4905 3069 4943 eum
3085 4889 3258 4943 solum
3280 4889 3340 4942 ob
3363 4905 3478 4942 ocu-

1958 4968 2034 5023 los
2068 4970 2124 5022 in
2153 4969 2298 5022 omni
2325 4963 2579 5019 desiderio
2607 4962 2820 5016 habent.

1962 5205 2005 5259 l.
2056 5203 2213 5258 Alius
2257 5210 2344 5258 est
2383 5201 2827 5257 Christianorum
2871 5199 3133 5265 mundus,
3163 5198 3312 5253 aliud
3351 5199 3478 5255 vita:

1897 5297 2234 5361 institutum,
2256 5295 2360 5349 alia
2380 5309 2556 5356 mens,
2585 5293 2726 5346 alius
2748 5309 2928 5347 sermo
2943 5302 3108 5363 atque
3138 5293 3244 5346 alia
3277 5306 3480 5362 opera;

1895 5398 1952 5445 et
1973 5387 2126 5443 aliud
2146 5395 2229 5442 est
2256 5387 2383 5440 vita:
2412 5385 2722 5440 institutum
2755 5384 3039 5438 hominum
3070 5384 3234 5454 hujus
3269 5383 3482 5447 mundi,

1895 5484 2002 5539 alia
2020 5498 2194 5547 mens,
2217 5483 2360 5536 alius
2387 5495 2593 5544 sermo,
2625 5488 2788 5548 atque
2818 5476 2921 5531 alia
2951 5490 3118 5545 opera
3145 5473 3330 5529 :aliud
3355 5484 3491 5528 sunt

1897 5577 1998 5644 illi,
2031 5583 2083 5631 et
2108 5573 2258 5629 aliud
2286 5583 2415 5628 sunt
2445 5571 2502 5627 bi
2527 5591 2538 5627 :
2572 5579 2629 5629 et
2659 5585 2851 5643 magna
2887 5566 3199 5625 didercntia
3229 5575 3313 5624 est
3335 5567 3489 5622 inter

270 5747 327 5780 "
358 5744 498 5801 Luc.
535 5759 688 5812 XVIII,
720 5745 774 5812 7,
809 5744 862 5803 8.
940 5743 986 5776 '°
1027 5742 1217 5799 Matth.
1258 5757 1352 5807 vn,
1395 5744 1446 5808 7,
1489 5742 1538 5797 8.
1619 5740 1661 5772 ⁸¹
1704 5739 1837 5794 Luc.
1882 5752 1957 5801 XI,
1998 5737 2052 5793 9.
2130 5736 2174 5769 δ’
2212 5731 2348 5788 ibid.
2383 5731 2468 5788 lO.
