3948 6542
574 345 678 410 495

1809 352 1868 415 S.
1910 350 2227 412 MACARII
2267 349 2590 413 IEGYPTII

3708 345 3784 411 496

574 461 676 516 hos
717 469 774 516 et
807 461 951 516 illos.
1001 463 1353 523 llahitatores
1379 468 1526 523 enim
1562 477 1744 531 terrae,
1775 477 1831 522 et
1859 465 1953 520 filii
1985 466 2139 536 hujus

2253 465 2422 536 πολλὴ
2475 466 2754 529 διάστασις
2802 465 3006 535 μεταξὺ
3040 479 3242 517 τουτων
3294 459 3588 516 κάκείνων.
3624 460 3684 511 Ol
3710 461 3787 532 γὰρ

574 553 760 608 smcnli
785 554 994 608 similes
1009 565 1138 611 sunt
1161 557 1438 614 frumento
1458 561 1512 614 in
1540 559 1780 614 cribrum
1804 559 1969 629 hujus
1991 567 2152 612 terrae

575 645 849 714 conjecto,
904 645 1108 716 quippe
1163 647 1258 716 qui
1313 659 1730 704 commoventur
1775 648 1936 702 ﬂuxis
1985 647 2152 717 hujus

576 735 767 790 mundi
820 737 1267 806 cogitationibus,
1321 749 1376 792 et
1423 738 1814 809 jactationibus
1865 737 2154 808 perpetuis

575 835 923 882 terrenarum
978 844 1183 892 rerum,
1228 830 1626 885 desideriorum
1655 846 1717 885 ac
1750 830 2022 902 variarum
2062 844 2156 882 co-

577 917 904 985 gitationum
939 933 1250 973 crassarum
1276 938 1288 973 :
1316 922 1556 991 jactante
1591 923 1802 976 animas
1845 921 2064 985 Satana,
2097 929 2154 975 et

577 988 860 1062 cribrante
889 1008 1094 1074 cribro,
1133 1009 1238 1065 hoc
1267 1019 1369 1078 est,
1399 1012 1565 1068 rebus
1595 1013 1846 1077 terrenis,
1881 1028 2042 1067 omne
2065 1027 2155 1082 ge-

575 1113 682 1151 nus
711 1098 1032 1163 humanum,
1062 1114 1290 1170 peccato
1312 1103 1609 1159 obnoxium
1638 1121 1667 1158 a
1700 1115 1944 1175 tempore
1971 1106 2154 1176 lapsus

575 1187 725 1252 Adae,
779 1189 872 1258 qui
935 1201 1312 1262 transgressus
1368 1195 1719 1260 mandatum,
1780 1199 1834 1251 in
1889 1199 2155 1268 principis

575 1281 797 1337 malitize
822 1293 1148 1352 potestatem
1181 1288 1351 1342 venit.
1383 1288 1496 1355 Qua
1541 1289 1630 1344 ille
1676 1299 1917 1360 accepta.
1960 1307 2154 1361 perpe-

576 1373 688 1426 tuis
749 1374 1000 1429 fraudum
1065 1386 1120 1431 et
1186 1381 1662 1447 perturbationum
1726 1384 2155 1453 cogitationibus

575 1463 804 1528 cribrat,
836 1474 893 1519 et
922 1468 1130 1521 collidit
1157 1469 1341 1523 cribro
1383 1480 1540 1526 terrre
1583 1490 1775 1527 omnes
1819 1475 1960 1529 lilios
1986 1476 2153 1546 hujus

576 1555 784 1609 smcnli.

650 1731 714 1784 ll.
767 1732 1238 1798 Quemadmodum
1287 1739 1433 1792 enim
1485 1741 1538 1793 in
1582 1742 1768 1796 cribro
1828 1744 2071 1800 triticum
2123 1764 2151 1802 a

574 1821 855 1880 cribrante
878 1825 1144 1894 alliditur,
1171 1838 1226 1884 et
1258 1830 1311 1883 in
1339 1846 1406 1884 eo
1430 1833 1692 1902 agitatum
1725 1837 1986 1892 continue
2017 1853 2151 1893 con-

570 1912 838 1968 vertitur:
867 1915 948 1971 sic
976 1917 1231 1988 princeps
1258 1921 1479 1977 malitiae
1499 1925 1734 1980 terrenis
1755 1927 1921 1984 rebus
1945 1928 2154 1985 detinet

572 2003 846 2070 homines,
873 2007 1052 2077 iisque
1073 2024 1167 2064 eos
1197 2011 1386 2082 agitat,
1410 2015 1702 2070 conturbat
1727 2033 1789 2072 ac
1813 2029 2148 2088 commovet;

568 2102 626 2148 et
656 2103 714 2149 ut
743 2096 1044 2153 allidantur
1079 2101 1507 2170 cogitationibus
1540 2107 1716 2172 vanis,
1753 2111 2151 2178 cupiditatibus

571 2187 828 2256 turpibus
869 2204 935 2244 ac
968 2191 1208 2248 vinculis
1255 2197 1490 2251 terrenis
1521 2206 1576 2250 et
1605 2201 1916 2266 mundanis,
1962 2204 2146 2272 eﬂicit,

567 2277 779 2347 absque
831 2280 939 2334 ulla
994 2281 1404 2340 intermissione
1451 2289 1751 2357 captivans,
1795 2295 2146 2363 perturbans,

565 2377 624 2422 et
672 2370 927 2426 inescans
970 2387 1132 2430 omne
1177 2390 1353 2446 genus
1379 2379 1509 2434 Ada:
1547 2391 1771 2451 peccato
1803 2385 2099 2443 obnoxium
2131 2408 2144 2444 :

565 2461 1030 2528 quemadmodum
1066 2465 1336 2523 Dominus
1363 2473 1628 2540 apostolis
1667 2475 1907 2532 futuram
1937 2482 2143 2549 princi-

565 2551 654 2620 pis
676 2556 938 2623 nequitiae
959 2557 1222 2613 adversus
1253 2578 1348 2616 eos
1375 2563 1832 2623 illSUl‘l‘CCliOﬂCﬂl
1854 2572 2141 2639 praedixit:

563 2643 830 2714 Expetivit
851 2647 1084 2704 Satanas
1113 2668 1200 2705 vos
1243 2655 1312 2706 ad
1344 2657 1680 2712 cribrandam
1709 2661 1840 2714 sicut
1874 2665 2142 2722 triticum:

561 2737 654 2789 sed
695 2753 788 2807 ego
833 2743 1015 2809 rogavi
1058 2741 1277 2797 Patrem
1329 2765 1521 2810 meum.
1558 2768 1622 2804 ne
1651 2753 1862 2820 deficiat
1891 2755 2021 2823 ﬁdes
2053 2776 2141 2812 ve-

558 2837 670 2881 stra
694 2829 759 2881 ⁵³.
798 2831 1036 2886 Verbum
1072 2836 1218 2889 enim
1255 2837 1386 2891 illud
1418 2842 1562 2910 quod
1607 2860 1637 2896 ιι
1666 2844 1927 2903 Creatore
1972 2849 2142 2906 Caino

560 2920 770 2975 dictum
809 2932 913 2988 est,
942 2934 997 2978 et
1028 2930 1303 2983 sententia
1337 2931 1426 2986 illa
1457 2936 1633 3002 palam
1665 2938 1896 3006 prolata,
1944 2943 2140 2998 videli-

559 3019 668 3075 cet,
699 3011 918 3068 Gemens
947 3034 1008 3068 ac
1035 3028 1260 3072 tremens
1306 3038 1463 3091 super
1512 3032 1712 3080 terram
1756 3031 2039 3099 agitaberis
2071 3033 2136 3100 ⁸⁵,

2252 558 2352 628 τῆς
2379 559 2482 630 γῆς
2515 559 2815 630 οἰκήτορες,
2854 557 2947 610 καὶ
2966 557 3034 610 τὰ
3069 557 3235 610 τέκνα
3273 554 3367 608 τοῦ
3400 551 3592 616 αἰῶνος
3616 553 3789 618 τούτου,

2254 648 2463 703 ἐοίκασι
2505 649 2634 719 σίτῳ
2675 647 2993 718 βεϐλημένῳ
3029 647 3089 701 ἐν
3132 646 3283 715 σινίῳ
3330 644 3434 714 τῆς
3467 643 3572 712 γῆς
3602 641 3790 710 ταύτης,

2257 740 2620 811 σινιαζόμενοι
2657 743 2714 794 ἐν
2743 741 2999 803 ἁστάτοις
3028 741 3314 810 λογισμοῖς
3341 736 3437 790 τοῦ
3473 737 3675 806 κόσμου
3699 736 3794 789 τού-

2255 850 2370 896 του,
2408 834 2503 886 καὶ
2547 833 2692 903 σάλῳ
2744 834 3009 900 ἀπαύστῳ
3061 831 3169 886 τῶν
3219 831 3427 902 γηΐνων
3464 828 3793 899 πραγμάτων,

2256 925 2583 996 ἐπιθυμιῶν,
2638 926 2730 978 καλ⁷
2785 923 3142 978 πολυπλόκων
3205 921 3426 976 ἐννοιῶν
3472 919 3689 983 ὑλικῶν,
3724 920 3795 982 τὰς

2256 1015 2434 1086 ψυχάς
2497 1015 2918 1081 κλυδωνίζοντος
2965 1018 3059 1070 καὶ
3105 1015 3438 1080 σινιάζοντος
3491 1014 3703 1066 Σατανᾶ⁸
3733 1012 3798 1066 διὰ

2254 1107 2348 1160 τοῦ
2392 1109 2582 1174 σινίου,
2605 1109 2853 1161 τουτέστι
2877 1107 2986 1161 τῶν
3011 1109 3214 1178 γηΐνων
3247 1109 3613 1178 πραγμάτων,
3639 1108 3737 1159 πᾶν
3755 1107 3798 1160 τὸ

2257 1198 2578 1268 ἁμαρτωλὸν
2610 1198 2764 1268 γένος
2791 1198 2898 1251 τῶν
2927 1197 3250 1269 ἀνθρώπιον,
3275 1198 3384 1252 ἀπὸ
3405 1198 3504 1269 τῆς
3534 1195 3628 1250 τοῦ
3658 1195 3800 1266 Ἀδὰμ

2257 1290 2583 1353 ἐκπτώσεως
2628 1290 2975 1362 παραϐάντος
3023 1291 3124 1360 τὴν
3175 1291 3418 1360 ἐντολήνο
3463 1292 3553 1343 καὶ
3593 1288 3695 1342 ὕπὸ
3733 1289 3800 1342 τὸν

2257 1382 2490 1453 ἄρχοντα
2519 1383 2615 1452 τῆς
2641 1383 2906 1452 πονηρίας
2927 1384 3234 1452 γεγονότος,
3263 1383 3518 1448 λαϐόντος
3540 1381 3702 1436 αὐτοῦ
3729 1381 3801 1452 τὴν

2258 1475 2525 1540 ἐξουσίαν,
2584 1477 2677 1529 καὶ
2715 1477 2902 1530 λοιπὸν
2956 1477 3253 1542 ἀπαύστοις
3301 1477 3580 1548 λογισμοῖς
3617 1475 3802 1544 ἀπάτης

2259 1568 2352 1620 καὶ
2391 1568 2580 1621 κλόνου
2624 1569 2952 1633 σινιάζοντος
2990 1569 3083 1622 καὶ
3102 1569 3534 1640 προσκρούοντος
3568 1567 3646 1638 τῷ
3681 1567 3802 1636 sivit?

2258 1658 2355 1725 τῆς
2392 1658 2496 1726 γῆς
2525 1658 2734 1722 πάντας
2774 1659 2900 1723 τοὺς
2928 1659 3078 1723 υἱοὺς
3118 1659 3212 1712 τοῦ
3256 1659 3449 1723 αἰῶνος
3479 1659 3688 1712 τούτου.

2331 1749 2404 1800 B'.
2434 1749 2644 1820 Ὠσπερ
2673 1750 2782 1820 γὰρ
2813 1751 2870 1806 ἐν
2899 1751 2977 1821 τῷ
3011 1750 3162 1820 σινίῳ
3183 1752 3210 1804 ό
3239 1752 3384 1813 σῖτος
3411 1751 3517 1804 ὑπὸ
3540 1750 3633 1802 τοῦ
3663 1751 3800 1803 σινιά-

2258 1839 2442 1904 ξοντος
2495 1845 2848 1913 προσκόπτει,
2898 1844 2992 1896 καὶ
3029 1845 3089 1896 ἐν
3133 1843 3282 1913 αύτῷ
3317 1843 3568 1905 ἀστάτως
3615 1841 3804 1895 σαλευό-

2257 1949 2418 2001 μενος
2464 1932 2778 2003 στρέφεται·
2810 1934 2953 1988 οὕτω
2995 1934 3084 1987 διὰ
3109 1934 3220 1986 τῶν
3251 1933 3455 2004 γηΐνων
3490 1934 3802 2004 πραγμάτων

2254 2024 2462 2088 πάντας
2491 2026 2618 2088 τοὺς
2673 2025 2994 2094 ἀνθρώπους
3049 2024 3266 2096 κατέχει
3324 2027 3352 2079 ὁ
3415 2025 3514 2094 τῆς
3571 2025 3804 2096 τωνηρίας

2253 2114 2454 2183 ἄρχων,
2484 2115 2580 2168 καὶ
2606 2116 2673 2168 δι’
2700 2115 2879 2168 αὐτῶν
2912 2115 3148 2184 σαλεύει,
3181 2118 3276 2172 καὶ
3308 2117 3506 2176 κλονεῖ.
3541 2117 3636 2170 καὶ
3659 2133 3802 2187 προτ-

2252 2206 2476 2260 κόπτειν
2531 2209 2674 2260 ποιεῖ
2724 2209 3097 2279 διαλογισμοῖς
3143 2210 3416 2280 ματαίοις,
3452 2209 3546 2262 καὶ
3577 2210 3803 2280 αἰσχραῖς

2251 2297 2570 2368 ἐπιθυμίαις
2594 2299 2690 2352 καὶ
2717 2301 2937 2370 δεσμοῖς
2963 2301 3171 2372 γηῖνοις
3198 2303 3292 2354 καὶ
3321 2303 3630 2370 κοσμικοῖς,
3660 2300 3801 2353 ἀστά-

2247 2407 2355 2453 τως
2389 2389 2800 2460 αἰχμαλωτίζων
2835 2393 2923 2445 καὶ
2955 2393 3176 2456 κλονῶν,
3207 2394 3301 2447 καὶ
3323 2392 3605 2456 Δελεάζων
3633 2393 3733 2444 πᾶν
3753 2393 3801 2444 τό

2247 2481 2572 2552 ἁμαρτωλὸν
2605 2484 2877 2552 γένοςτοῦ
2913 2484 3105 2554 Ἀδάμ,
3149 2485 3225 2547 ὡς
3256 2489 3282 2538 ό
3309 2485 3510 2555 Κύριος
3538 2488 3650 2548 τοῖς
3681 2487 3795 2538 ἁποο

2250 2575 2455 2637 στόλοις
2487 2575 2588 2647 τὴν
2631 2577 2726 2630 τοῦ
2778 2576 3016 2648 πονηροῦ
3076 2577 3198 2630 κατ’
3239 2577 3419 2630 αὐτῶν
3452 2578 3796 2630 ἐπανάστασιν

2249 2671 2547 2739 μέλλουσαν
2599 2672 2819 2726 ἔσεσθαι
2880 2672 3191 2743 προέλεγεν·
3243 2671 3611 2741 Ἐξῃτήσατο
3667 2669 3798 2740 ὑμᾶς

2246 2765 2278 2816 ό
2312 2762 2581 2830 Σατανᾶς
2607 2763 2876 2820 σινιάσαι
2905 2767 2985 2831 ὡς
3013 2767 3118 2820 τὸν
3146 2765 3340 2820 σῖτον·
3361 2766 3500 2820 ἀλλ’
3527 2766 3638 2835 ἐγὼ
3656 2765 3799 2832 ἐδεή-

2245 2857 2358 2921 θην
2405 2855 2513 2910 τοῦ
2559 2861 2791 2927 Πατρός
2838 2877 2992 2928 μου,
3027 2861 3128 2914 ἵνα
3168 2859 3254 2928 μὴ
3285 2860 3511 2927 ἐκλίπῃ
3541 2861 3578 2928 ἡ
3618 2861 3799 2926 πίστις

2242 2947 2428 3018 ὑμῶν,
2475 2950 2534 3002 Ὀ
2580 2951 2689 3019 γάρ
2721 2951 2799 3022 τῷ
2827 2953 2966 3006 Κὰῖν
2995 2953 3099 3006 ὑπὸ
3134 2952 3227 3007 τοῦ
3255 2953 3602 3024 Δημιουργοῦ
3635 2951 3798 3025 ῥηθεὶς

2243 3041 2418 3110 λόγος,
2456 3045 2600 3114 καὶὴ
2631 3044 2906 3114 ἀπόφασις
2933 3047 3011 3109 είς
3042 3047 3101 3099 τὸ
3135 3049 3427 3118 προφανὲς,
3461 3047 3543 3114 τὸ,
3565 3048 3796 3112 Στένων,

561 3111 723 3172 typus
768 3114 823 3158 et
865 3106 1043 3177 imago
1091 3113 1307 3167 occulta
1353 3117 1599 3171 omnium
1650 3134 2000 3189 peccatorum
2034 3136 2138 3181 est.

2246 3106 2342 3188 καὶ
2394 3106 2640 3205 τρέμωκ,
2706 3106 2803 3191 καὶ
2870 3106 3189 3208 σειόμενος.
3232 3106 3346 3208 έσῃ
3395 3142 3492 3195 ἐπὶ
3532 3141 3635 3210 τῆς
3680 3141 3793 3211 γῆς,

561 3196 654 3250 Sic
696 3197 845 3252 enim
889 3216 1062 3269 genus
1096 3203 1246 3268 Adm,
1278 3222 1403 3260 cum
1435 3209 1686 3279 neglecto
1717 3212 1813 3268 Dei
1844 3228 2138 3288 praecepto,

562 3297 792 3355 peccato
839 3291 1139 3346 obnoxium
1191 3296 1394 3352 factum
1444 3310 1624 3367 esset,
1662 3303 1811 3359 illam
1851 3306 2139 3378 imaginem

561 3380 800 3436 latenter
851 3382 905 3437 in
958 3399 1017 3439 se
1063 3387 1346 3456 possidere
1397 3393 1581 3461 C(Bpil,
1637 3397 1902 3464 agitatum
1951 3411 2140 3470 postea

559 3473 842 3527 continuis
889 3476 1315 3546 cogitationibus
1367 3492 1548 3538 metus
1586 3496 1642 3540 et
1685 3489 1915 3556 timoris,
1977 3502 2139 3563 atque

558 3565 740 3618 omnis
771 3569 1227 3634 perturbationis,
1272 3574 1439 3628 variis
1469 3577 1862 3646 cupiditatibus
1888 3593 1942 3637 et
1986 3586 2142 3638 volu-

558 3655 826 3723 ptatibus,
876 3660 1128 3731 principe
1171 3663 1335 3734 hujus
1385 3669 1596 3734 mundi,
1635 3687 1854 3727 omnem
1900 3676 2136 3732 animam

557 3763 623 3800 ex
659 3749 768 3804 Deo
799 3767 907 3805 non
939 3762 1206 3820 rcnatam,
1238 3757 1346 3812 huc
1376 3758 1506 3814 illuc
1539 3761 1876 3831 impellente,
1905 3777 1963 3822 et
1988 3770 2139 3825 velut

556 3840 802 3896 triticum
830 3843 883 3897 in
911 3846 1095 3900 cribro
1123 3848 1384 3918 agitatum
1430 3853 1652 3909 assidue
1678 3855 1961 3914 hominum
1987 3862 2135 3931 cogi-

555 3933 793 3990 tationes
843 3939 1238 4006 conturbante,
1294 3953 1458 4014 atque.
1503 3947 1920 4007 seductionibus
1973 3953 2136 4025 hujus

554 4025 770 4091 mundi,
795 4036 852 4082 et
877 4029 1274 4100 voluptatibus,
1302 4043 1358 4089 et
1387 4038 1680 4094 timoribus
1729 4057 1791 4096 ac
1845 4046 2136 4114 perturba-

557 4114 801 4172 tionibus
829 4135 1021 4175 omnes
1043 4123 1283 4192 agitante
1309 4136 1472 4182 atcue
1497 4129 1796 4214 inescantc.

622 4311 711 4365 lll.
744 4313 930 4382 Itaque
961 4317 1253 4382 Dominus,
1282 4320 1580 4376 ostendens
1602 4338 1696 4377 eos
1726 4326 1819 4394 qui
1844 4326 2132 4384 illecebras

548 4409 606 4455 et
637 4403 974 4459 voluntatem
1008 4408 1276 4478 principis
1301 4426 1535 4480 nequam
1564 4424 1892 4483 sequuntur,
1935 4417 2128 4491 imagi-

2242 3227 2412 3292 τύπος
2459 3227 2554 3280 καὶ
2595 3228 2760 3282 εἰκὼν
2801 3231 3018 3283 πάντων
3051 3232 3156 3284 τῶν
3187 3233 3529 3304 ἁμαρτωλῶν
3566 3236 3796 3306 τυγχάνει

2243 3317 2384 3370 κατὰ
2414 3318 2475 3370 τὸ
2505 3319 2767 3388 κρυπτόν.
2804 3317 2960 3372 Οὕτω
2995 3321 3101 3390 γὰρ
3130 3322 3364 3376 ἐκπεσὸν
3386 3325 3488 3394 τῆς
3516 3324 3720 3392 ἐντολῆς
3745 3323 3794 3376 τὸ

2244 3408 2395 3475 γένος
2439 3409 2632 3480 Ἀδὰμ,
2675 3411 2768 3464 καὶ
2797 3412 3119 3482 ἁμαρτωλὸν
3150 3415 3442 3477 καταστὰν,
3486 3415 3689 3485 ἐκείνην
3709 3414 3795 3483 τὴν

2242 3501 2423 3554 είκόνα
2448 3502 2589 3556 κατὰ
2609 3505 2670 3556 τὸ
2695 3504 2935 3574 κρυπτὸν
2958 3505 3241 3574 κέκτηται,
3267 3507 3628 3576 σαλευόμενον
3649 3508 3794 3560 ἀστά-

2239 3612 2352 3657 τοις
2386 3593 2667 3664 λογισμοῖς
2706 3596 2908 3662 δειλίας
2945 3615 3002 3650 τε
3043 3598 3136 3652 καὶ
3167 3599 3356 3666 φόϐου.
3390 3601 3486 3654 καὶ
3515 3600 3684 3670 πάσης
3708 3616 3790 3651 τα-

2244 3687 2436 3756 ραχῆς,
2467 3687 2786 3758 ἐπιθυμίαις
2813 3693 2904 3742 καὶ
2937 3691 3153 3760 ἡδοναῖς
3183 3692 3555 3755 παντοδαπαῖς
3587 3695 3671 3744 καὶ
3693 3709 3794 3744 ποι-

2240 3777 2420 3843 κίλαις
2463 3779 2556 3832 τοῦ
2589 3779 2848 3850 ἄρχοντος
2879 3781 2974 3836 τοῦ
3011 3783 3218 3854 κόσμου
3265 3784 3456 3839 τούτου
3510 3789 3677 3839 πᾶσαν
3704 3785 3794 3854 ψυ-

2238 3871 2338 3943 χὴν
2395 3872 2840 3940 κλυδωνίζοντος,
2890 3875 2990 3946 τὴν
3043 3875 3116 3947 μὴ
3164 3877 3570 3948 γεγεννημένην
3609 3879 3666 3930 ἐκ
3707 3875 3790 3929 τοῦ

2237 3963 2392 4030 Θεοῦ,
2433 3967 2527 4018 καὶ
2565 3966 2641 4029 ὡς
2674 3969 2822 4020 σῖτον
2871 3968 2932 4022 ἐν
2977 3970 3132 4039 σινίῳ
3174 3969 3541 4040 στρεφόμενον
3568 3971 3789 4034 ἁστὰτως

2236 4055 2360 4119 τοὺς
2399 4056 2508 4109 τῶν
2550 4058 2852 4128 ἀνθρώπων
2902 4060 3194 4129 λογισμοὺς
3251 4061 3514 4124 ποικίλως
3562 4062 3790 4115 κλυδωνί-

2237 4146 2441 4213 ζοντος,
2477 4151 2535 4203 ἐν
2586 4151 2825 4216 ἀπάταις
2860 4154 3152 4221 κοσμικαῖς
3185 4152 3422 4223 σαρκὸς,
3471 4153 3564 4206 καὶ
3606 4152 3783 4221 φόϐοις,

2237 4241 2331 4293 καὶ
2365 4245 2632 4313 ταραχαῖς
2665 4243 2874 4307 πάντας
2919 4242 3238 4308 σαλεύοντος
3263 4284 3277 4308 ,
3319 4245 3412 4298 καὶ
3449 4244 3781 4308 δελεάζοντος.

2307 4333 2377 4388 Ρ.
2401 4333 2508 4386 Καὶ
2525 4333 2634 4406 γὰρ
2663 4335 2691 4387 ὁ
2709 4334 2910 4406 Κύριος
2928 4335 3054 4398 τοὺς
3073 4337 3192 4398 ταῖς
3217 4338 3457 4401 ἀπάταις
3481 4338 3574 4391 καὶ
3597 4340 3692 4398 τοῖς
3711 4335 3783 4388 οε-

2233 4420 2440 4492 λήμασι
2472 4422 2566 4476 τοῦ
2602 4423 2839 4494 πονηροῦ
2889 4425 3375 4491 ἐξακολουθοῦντας
3419 4427 3687 4490 δεικνύων,
3712 4428 3778 4479 ὅτι

547 4509 674 4548 nem
700 4493 854 4549 Caini
883 4499 1101 4553 malitiae
1129 4509 1365 4569 gestare,
1389 4512 1444 4557 ct
1474 4507 1885 4574 reprehendens
1907 4512 2127 4566 eosdem

2359 4514 2545 4568 εἰκόνα
2574 4514 2668 4569 τοῦ
2696 4481 2834 4570 ῐέάῖν
2846 4481 2947 4588 τῆς
2969 4519 3232 4588 πονηρίας
3265 4518 3546 4588 φέρουσιν,
3573 4519 3775 4588 ἐλέγχων

547 4581 726 4636 dixit:
777 4583 893 4648 Vos,
942 4587 1037 4650 ait,
1089 4589 1348 4645 desideria
1401 4596 1569 4662 patris
1603 4601 1764 4652 vestri
1818 4600 1975 4655 vultis
2024 4603 2129 4672 23

545 4673 740 4740 facere.
773 4674 875 4728 Ille
906 4677 1165 4732 homicida
1190 4683 1392 4736 eratab
1417 4685 1588 4747 initio,
1621 4696 1668 4739 et
1700 4689 1753 4742 in
1781 4691 1999 4745 veritate
2022 4709 2127 4746 non

541 4767 683 4819 stetit
704 4768 769 4819 ”.
817 4768 1004 4840 Itaque
1039 4772 1353 4829 universum
1388 4792 1562 4846 genus
1604 4779 1733 4836 Ada:
1763 4792 1988 4850 peccato
2029 4785 2128 4841 oh-

541 4857 792 4923 noxium,
862 4861 1378 4922 condemnationem
1441 4869 1590 4924 illam
1638 4873 1898 4930 latentem
1956 4878 2011 4930 in
2065 4895 2124 4934 se

541 4949 730 5014 habet,
762 4951 1023 5008 videlicet
1050 4965 1309 5026 gementes
1351 4977 1412 5013 ac
1456 4969 1734 5017 trementes
1767 4967 1932 5031 eritis,
1969 4977 2126 5040 atque

538 5039 874 5108 agitabimini
894 5043 948 5095 in
978 5046 1147 5098 cribro
1177 5056 1332 5103 terrm
1363 5069 1394 5103 a
1426 5048 1630 5106 Satana
1657 5057 1937 5112 cribraale.
1971 5039 2125 5116 Sicut

535 5132 685 5184 enim
717 5133 786 5187 ab
809 5149 919 5188 uno
937 5135 1107 5191 Adam
1127 5154 1300 5208 genus
1319 5141 1598 5198 hominum
1621 5163 1786 5217 super
1809 5162 1954 5207 terra
1980 5155 2124 5210 mul-

537 5222 844 5291 tiplicatum
876 5237 988 5294 est;
1022 5229 1092 5284 ita
1119 5247 1223 5284 una
1246 5233 1485 5300 pravitas
1513 5236 1863 5294 aﬂ‘ectionum
1898 5245 2122 5299 univcr-

535 5329 654 5368 sum
689 5330 862 5386 genus
893 5318 1177 5374 hominum
1214 5322 1431 5388 invasit,
1470 5326 1700 5398 ill05que
1745 5346 1938 5390 omnes
1969 5335 2118 5404 prin-

532 5419 662 5472 ceps
695 5405 919 5462 malitia:
946 5413 1246 5476 continuis,
1276 5417 1497 5482 crassis,
1537 5420 1691 5475 vanis
1718 5436 1781 5477 ac
1817 5425 2118 5478 tumultuo-

532 5495 608 5548 sis
641 5498 1067 5568 cogitationibus
1097 5515 1276 5573 potest
1310 5510 1578 5565 cribrare.
1609 5513 1743 5568 Nam
1789 5516 1932 5571 sicut
1972 5535 2115 5573 unus

528 5596 728 5644 ventus
771 5606 962 5647 omnes
992 5595 1210 5663 plantas
1253 5615 1315 5653 ac
1353 5603 1561 5656 semina
1602 5615 1782 5673 potest
1819 5609 2023 5679 agitare
2058 5620 2112 5665 et

600 5766 642 5796 ⁸³
674 5766 805 5823 Luc.
844 5788 970 5838 uti,
1005 5774 1091 5842 5i,
1129 5777 1209 5829 52.
1296 5781 1337 5808 δ”
1371 5780 1505 5835 Gen.
1543 5798 1617 5847 μ’,
1665 5783 1746 5836 l2.

2232 4606 2428 4669 αὐτοὺς
2478 4607 2684 4677 ἐλεγενο
2748 4609 2954 4678 Ὑμεις,
2993 4611 3148 4681 φησὶ,
3183 4611 3289 4676 τὰς
3337 4613 3645 4681 ὲπιθυμΙας
3690 4610 3776 4664 τοῦ

2233 4697 2462 4766 Πατρός
2487 4697 2656 4768 ὑμῶν
2691 4699 2896 4754 θέλετε
2935 4701 3152 4756 ποιεῖν’
3202 4702 3468 4771 Ἐκεῖνος
3506 4708 3774 4774 ἄνθρωπος

2231 4791 2446 4855 κτόνος
2501 4787 2581 4861 ἦν
2633 4792 2945 4863 ἀπαρχῆς,
3004 4793 3103 4848 καί
3147 4795 3216 4849 ἐν
3259 4795 3331 4864 τῇ
3399 4799 3644 4868 ἀληθείᾳ
3683 4798 3774 4863 οὐχ

2229 4880 2508 4950 ἕστηκεν.
2541 4885 2705 4938 Ὥστε
2755 4888 2864 4940 πᾶν
2921 4887 3245 4958 ἁμαρτωλὸν
3302 4891 3462 4958 γένος
3509 4891 3598 4945 τοῦ
3633 4891 3775 4957 Ἀδὰμ

2228 4977 2326 5046 τὴν
2352 4975 2648 5047 καταδίκην
2676 4977 2888 5049 ἐκείνην
2910 4980 3050 5033 κατὰ
3070 4979 3130 5032 τὸ
3149 4981 3389 5050 κρυπτὸν
3415 4983 3686 5054 κέκτηται,
3707 4977 3772 5043 τὺ,

2229 5067 2552 5133 Στένοντες
2583 5067 2682 5122 καὶ
2711 5068 3025 5139 τρέμοντες
3052 5071 3270 5127 ἔσεσθε
3297 5075 3590 5138 σειόμεγοι
3613 5075 3677 5127 ἐν
3709 5068 3772 5135 τῷ

2227 5158 2402 5224 σινίῳ
2442 5157 2554 5227 τῆς
2609 5157 2741 5227 γῆς,
2800 5159 2919 5214 ὑπὸ
2960 5161 3066 5215 τοῦ
3116 5162 3492 5230 σινιάζοντος
3547 5159 3768 5218 Σατανᾶ.

2229 5248 2442 5317 Ὥσπερ
2472 5250 2580 5320 γὰρ
2615 5249 2673 5314 ἐξ
2705 5251 2823 5312 ἐνὸς
2851 5251 2945 5306 τοῦ
2991 5253 3164 5324 Ἀδὰμ
3208 5256 3316 5309 πᾶν
3387 5257 3449 5310 τὸ
3502 5257 3648 5324 γένος
3682 5254 3770 5307 τῶν

2224 5339 2529 5408 ἀνθρώπων
2551 5343 2644 5395 ἐπὶ
2672 5345 2769 5414 τῆς
2801 5344 2903 5415 γῆς
2931 5344 3251 5417 ἐφηπλώθη·
3281 5347 3425 5402 οὕτω
3458 5350 3555 5418 μία
3587 5366 3661 5411 τις
3686 5362 3768 5399 κα-

2223 5430 2316 5483 κία
2343 5431 2452 5484 τῶν
2483 5432 2672 5485 παθῶν
2706 5435 2785 5497 είς
2823 5436 2882 5487 τὸ
2914 5435 3238 5506 ἁμαρτωλὸν
3270 5439 3428 5506 γένος
3459 5441 3563 5492 τῶν
3589 5435 3767 5508 ἀνθρώ·

2222 5539 2338 5575 πων
2369 5525 2721 5592 ὲγκατὲδυσε,
2755 5529 2849 5581 καὶ
2879 5527 3087 5591 πάντας
3125 5529 3154 5581 ὁ
3180 5531 3281 5600 τῆς
3311 5531 3512 5595 κακίας
3537 5532 3701 5601 ἁρχων
3721 5529 3765 5580 ἓν

2221 5614 2495 5680 ἀστάτοις,
2531 5617 2627 5670 καὶ
2651 5617 2877 5685 ὑλικοῖς,
2906 5619 2998 5673 καὶ
3027 5620 3302 5690 ματαίοις,
3335 5622 3431 5676 καὶ
3461 5619 3764 5693 ταραχώδεσι

1827 5788 1868 5816 ⁵⁵
1906 5789 2056 5841 ι1·›;ιῖι.
2099 5807 2206 5854 vm,
2269 5791 2343 5846 Η.
