3948 6550
169 331 253 394 ‘97
1375 339 1744 409 IIOMILI/E.
1775 373 1846 386 -
1868 351 2054 417 HOM.
2096 357 2162 419 V.

166 435 408 503 λογισμοῖς
435 435 692 499 σινιάζειν
717 437 970 509 ἐπαρκεῖ.
1001 439 1212 512 Ὠσπερ
1238 443 1350 514 γὰρ
1385 440 1466 510 εἷς
1495 448 1689 520 ἄνεμος

1806 472 2190 530 commovere;
2241 477 2337 522 aut
2389 473 2556 527 veluti
2609 492 2729 534 unm
2783 489 2905 539 tene

165 531 315 584 πάντα
351 527 420 583 τὰ
459 529 601 594 φυτὰ
648 531 742 584 καὶ
782 531 851 585 τὰ
885 534 1180 604 σπέρματα
1215 537 1451 607 ἐπαρκεῖ
1492 540 1703 597 κλονεῖν

164 622 242 675 καὶ
268 616 419 671 σείειν
439 635 453 648 ·
486 618 518 689 ἢ
559 619 746 692 ῶσπερ
783 622 841 674 ἓν
881 624 1072 688 σκότος
1101 626 1202 695 τῆς
1231 629 1424 694 νυκτὸς
1467 631 1560 685 ἐπὶ
1596 635 1702 687 πᾶ-

163 730 244 769 σαν
267 709 354 780 τὴν
377 711 700 780 οἰκουμένην
729 714 1086 782 ὲφαπλοῦται,
1123 718 1298 780 οὕτως
1328 723 1356 773 ὁ
1389 721 1490 791 τῆς
1531 740 1700 796 πονη-

162 806 263 876 ρίας
305 804 502 872 ἄρχων,
542 805 733 870 σκότος
768 825 821 859 τι
853 808 1072 877 λογικὸν
1111 813 1309 876 κακίας
1338 817 1433 868 καὶ
1467 816 1699 871 θανάτου

156 896 408 964 ὑπάρχων,
454 896 549 948 καὶ
598 896 801 966 ἄνεμός
833 916 915 963 τις
962 903 1200 970 κρυπτὸς
1234 905 1330 959 καὶ
1362 906 1551 977 ἄγριος
1577 927 1706 976 τυγ-

154 988 327 1057 χάνων,
379 986 485 1038 πᾶν
535 987 596 1039 τὸ
654 989 749 1042 ἐπὶ
798 993 895 1061 τῆς
941 994 1043 1061 γῆς
1081 994 1236 1061 γένος
1267 997 1376 1050 τῶν
1399 999 1703 1070 ἀνθρώπων

157 1075 463 1140 κλυδωνίζει,
505 1079 598 1132 καὶ
650 1082 939 1151 περιφέρει
969 1085 1226 1151 ἀστάτοις
1255 1087 1556 1160 λογισμοῖς,
1604 1094 1700 1147 καὶ

151 1167 441 1236 ἐπιθυμίαις
465 1169 670 1240 κόσμου
695 1171 966 1238 δελεάζων
994 1176 1092 1240 τὰς
1114 1179 1341 1249 καρδίας
1361 1181 1467 1234 τῶν
1488 1183 1700 1254 ἀνθρώ-

149 1277 266 1323 πων,
299 1260 387 1312 καὶ
434 1261 659 1326 σκότους
693 1266 990 1334 ἀγνωσίας.
1046 1271 1350 1342 πηρώσεως
1395 1275 1490 1328 καὶ
1521 1274 1696 1348 λήθης

148 1349 475 1420 ἐμπίμπλησι
511 1355 690 1407 πᾶσαν
721 1356 918 1427 ψυχὴν,
948 1359 1046 1431 τὴν
1079 1363 1153 1433 μὴ
1185 1363 1392 1418 ἄνωθεν
1434 1382 1695 1437 γεγεννη-

3283 391 3389 454 498

2913 484 3022 542 bra:
3069 494 3247 549 noctis
3296 514 3394 566 per

1810 551 2122 610 universam
2183 566 2382 615 terram
2453 567 2946 639 multiplicantur:
3005 581 3077 636 ita
3133 551 3392 659 princeps

1809 643 2051 710 malitize,
2104 649 2197 717 qui
2241 662 2326 708 est
2359 656 2511 711 velut
2552 663 2791 720 tenebrae
2837 643 3391 735 rationales-malitize

1807 740 1863 788 et
1914 739 2126 799 mortis.
2176 757 2240 796 ac
2295 745 2446 800 velut
2497 761 2696 808 ventus
2741 761 2993 817 occultus
3040 775 3096 820 et
3137 771 3387 836 agrestis,

1808 841 1971 882 omne
2015 846 2188 898 genus
2239 835 2559 905 humanum,
2614 847 2759 914 quod
2808 860 2894 907 est
2947 869 3114 926 super
3163 866 3386 927 terram,

1810 919 2103 974 conturbat
2131 937 2194 976 ac
2229 925 2554 1001 circumagit
2594 938 2873 996 continuis
2917 947 3382 1014 cogitationibus:

1809 1014 1866 1058 et
1899 1006 2273 1076 voluptatibus
2306 1019 2494 1073 mundi
2537 1021 2746 1078 inescat
2786 1031 2950 1085 corda
2997 1034 3279 1092 hominum
3323 1057 3386 1096 ac

1805 1097 2159 1153 tenebrarum
2193 1103 2520 1175 ignorantia,
2549 1116 2790 1173 caecitate
2826 1130 2879 1175 et
2907 1122 3182 1183 oblivione
3212 1132 3388 1199 replet

1803 1201 2020 1243 omnem
2051 1193 2287 1250 animam
2316 1199 2552 1271 desuper
2580 1222 2687 1262 non
2720 1225 2986 1281 renatam,
3016 1227 3179 1290 atque
3203 1234 3387 1281 mente

1801 1286 1858 1333 et
1911 1282 2096 1337 animo
2151 1285 2205 1339 in
2261 1292 2520 1346 saaculum
2567 1297 2715 1354 aliud
2759 1319 2869 1358 non
2917 1312 3278 1369 translatam:
3325 1327 3386 1372 ut

1801 1369 2010 1427 dictum
2050 1384 2134 1430 est
2161 1394 2175 1430 :
2209 1377 2403 1435 Nostra
2435 1393 2760 1446 conversatio
2788 1395 2842 1448 in
2871 1397 3009 1452 caelis
3041 1412 3113 1455 est
3132 1403 3199 1458 ⁸⁸.

147 1445 312 1513 μένην,
341 1443 435 1496 καὶ
464 1445 542 1516 τῷ
571 1451 882 1519 φρονήματι
927 1456 1021 1507 καὶ
1051 1455 1130 1526 τῷ
1155 1457 1230 1527 νῷ
1260 1458 1318 1511 ὲν
1352 1457 1500 1530 ἄλλῳ
1529 1461 1687 1515 αἰῶνι
1725 1464 2183 1536 μεταϐεϐηκυῖανο
2245 1474 2428 1539 καθὼς
2469 1443 2749 1552 εἴρηταιοη
2783 1443 3382 1557 ἱέμῶνκωὸἓωτδπολι-

145 1547 306 1604 mum
337 1535 406 1588 ἐν
435 1538 713 1605 οὐρανοῖς
740 1540 1020 1610 ὑπάρχει.

200 1628 265 1680 Δ’.
321 1625 407 1678 Ἐν
440 1627 617 1698 τούτῳ
659 1630 768 1701 γὰρ
821 1632 1170 1703 διαφέρουσιν
1207 1636 1256 1688 οἰ
1289 1637 1512 1706 ἀληθεῖς
1558 1641 1696 1710 Χριο

142 1719 325 1772 στιανοί
358 1720 562 1783 παντὸς
585 1722 676 1774 τοῦ
701 1723 890 1790 γένους
913 1725 1020 1779 τῶν
1043 1726 1366 1798 ἀνθρώπων,
1399 1733 1494 1786 καὶ
1523 1733 1692 1806 πολλὴ

1870 1641 1958 1698 1V.
1990 1644 2048 1699 In
2081 1647 2187 1702 hoc
2216 1651 2362 1706 enim
2395 1653 2661 1714 diﬂ‘erunt
2682 1662 2795 1716 veri
2820 1663 3116 1724 Christiani
3140 1673 3208 1727 ab
3231 1678 3381 1733 omni

1799 1747 1998 1801 genere
2027 1737 2344 1808 hominum;
2379 1755 2433 1800 et
2467 1763 2661 1820 magna
2692 1753 3000 1812 diﬂerentia
3031 1761 3173 1816 inter
3202 1773 3384 1823 utros-

137 1810 390 1872 διάστασις
428 1811 632 1881 μεταξὺ
681 1817 1004 1886 ἀμφοτέρων
1040 1821 1318 1890 τυγχάνει,
1345 1822 1420 1886 ώς
1478 1826 1689 1894 προελέ-

1800 1838 1928 1893 que,
1982 1837 2040 1881 ut
2084 1832 2334 1899 prmdixi,
2380 1850 2636 1894 versatur
2681 1843 2735 1897 in
2778 1861 2865 1912 eo,
2894 1851 3040 1918 quod
3073 1853 3290 1915 animus
3327 1868 3383 1914 et

137 1917 304 1969 γομεν,
362 1901 422 1953 ἐν
481 1902 558 1972 τῷ
623 1905 714 1958 τὸν
753 1907 874 1959 νοῦν
912 1910 1003 1962 καὶ
1063 1911 1160 1982 τὴν
1190 1913 1427 1968 διάνοιαν
1463 1918 1694 1971 πάντοτε

134 1994 184 2046 ἐν
216 1992 286 2062 τῷ
312 1993 548 2066 οὐρανίῳ
585 2000 894 2069 φρονήματι
921 2002 1234 2071 τυγχάνειν,
1275 2007 1369 2060 καὶ
1392 2008 1459 2061 τὰ
1493 2008 1690 2064 αἰώνια

133 2082 293 2150 ἀγαθᾶ
330 2086 742 2155 ἐνοπτρίζεσθαι
786 2090 875 2142 διά
919 2091 1017 2163 τὴν
1061 2095 1352 2163 μετουσίαν
1412 2101 1506 2152 καὶ
1569 2118 1695 2170 μετ-

130 2174 248 2242 οχὴν
287 2172 376 2226 τοῦ
401 2175 723 2246 Πνεύματος
758 2179 852 2232 τοῦ
906 2181 1086 2249 ἁγίου,
1134 2183 1212 2254 τῷ
1253 2186 1458 2241 ἄνωθεν
1496 2190 1695 2254 αὐτοὺς

131 2266 187 2317 ὲκ
217 2264 345 2318 Θεοῦ
396 2269 798 2338 γεγεννῆσθαι,
857 2274 952 2326 καὶ
999 2276 1168 2330 τέκνα
1203 2279 1337 2331 Θεοῦ
1373 2282 1431 2334 ὲν
1463 2282 1694 2355 ἀληθείᾳ

133 2363 213 2415 καὶ
253 2362 482 2432 δυνάμει
515 2365 770 2432 γενέσθαι
807 2370 1204 2440 κατηξιῶσθαι,
1241 2376 1335 2427 καὶ
1386 2375 1466 2437 εἰς
1507 2376 1693 2430 στάσιν

130 2452 212 2503 καὶ
239 2452 582 2522 ἑδραιότητα,
615 2458 710 2509 καὶ
743 2459 1042 2526 ἀταραξίαν
1089 2463 1182 2515 καὶ
1225 2463 1568 2518 κατάπαυσιν
1590 2467 1690 2520 αύ-

129 2544 237 2606 τοὺς
288 2545 375 2598 διὰ
427 2547 640 2600 πολλῶν
673 2549 901 2617 ἀγώνων
951 2553 1045 2607 καὶ
1105 2555 1310 2621 κόπων,
1349 2557 1444 2610 καί
1488 2558 1692 2628 χρόνων

128 2638 536 2706 κατηντηκέναι,
596 2642 796 2710 μηκέτι
838 2645 1247 2710 σινιαζομένους
1295 2648 1386 2700 καὶ⁵
1427 2665 1691 2718 κυμαινο-

129 2726 308 2795 μένους
351 2730 410 2781 ἐν
463 2731 738 2795 ἀστάτοις,
796 2734 891 2786 καὶ
948 2735 1200 2804 ματαίοις
1265 2738 1582 2810 λογισμοῖς’
1635 2742 1692 2794 ὲν

123 2819 282 2891 τούτῳ
317 2822 422 2875 εἰσὶ
458 2822 677 2892 μείζονος
723 2826 817 2878 καὶ
851 2828 1162 2898 κρείττονες
1189 2829 1284 2882 τοῦ
1340 2833 1571 2902 κόσμου,
1603 2833 1693 2887 διὰ

121 2913 176 2962 τὸ
205 2913 292 2965 τὸν
341 2913 471 2966 νοῦν
522 2916 702 2969 αὐτῶν
755 2919 848 2971 καὶ
897 2919 957 2972 τὸ
1001 2921 1252 2992 φρόνημα
1295 2925 1394 2992 τῆς
1427 2926 1605 2996 ψυχῆς
1634 2929 1692 2980 ἐν

119 3008 176 3074 τῇ
205 3006 296 3059 τοῦ
335 3008 576 3076 Χριστοῦ
624 3011 837 3082 εἰρήνῃ,
886 3012 984 3066 καὶ
1027 3016 1084 3066 ὲν
1128 3018 1192 3085 τῇ
1229 3016 1321 3069 τοῦ
1376 3018 1692 3087 Πνεύματος

120 3095 296 3166 ἀγάπῃ
340 3098 658 3167 τυγχάνειν·
707 3099 895 3172 ῶσπερ
938 3105 1032 3156 καὶ
1082 3105 1109 3157 ὁ
1141 3105 1345 3176 Κύριος
1404 3110 1532 3181 περὶ
1583 3111 1691 3163 τῶν

117 3187 360 3241 τοιούτων
393 3189 810 3261 διεξερχόμενος
849 3193 1002 3262 ἔλεγε
1035 3198 1469 3268 μεταϐεϐηκέναι
1498 3204 1562 3256 ὲκ
1593 3205 1686 3257 τοῦ

120 3279 336 3332 θανάτου
389 3283 472 3344 είς
507 3283 607 3350 τὴν
641 3285 808 3354 ζωήν.
861 3287 1163 3357 Τοιγαροῦν
1195 3291 1295 3344 οὐκ
1339 3293 1396 3343 ἐν
1447 3295 1688 3365 σχήμασι

117 3375 202 3427 καὶ
244 3375 441 3438 τύποις
476 3376 761 3448 ἐξωτέροις
808 3380 840 3450 ή
873 3380 1158 3446 ἀλλοίωσις
1203 3385 1312 3438 τῶν
1345 3388 1688 3458 Χριστιανῶν

118 3463 362 3535 ὑπάρχει,
406 3465 486 3530 ὡς
541 3469 590 3519 οἰ
645 3468 826 3520 πολλοὶ
881 3471 938 3523 ὲν
967 3471 1137 3542 τούτῳ
1167 3474 1368 3528 οἴονται
1417 3472 1688 3550 εἶναιτὴν

112 3556 363 3628 διαφορὰν
403 3561 500 3614 καὶ
544 3560 810 3633 διάκρισιν
852 3566 1056 3632 μεταξὺ
1105 3568 1199 3619 καὶ
1242 3569 1422 3621 αὐτῶν
1455 3573 1512 3623 ὲν
1559 3574 1688 3642 σχή-

116 3666 235 3717 μασι
268 3653 365 3704 καὶ
392 3650 612 3716 τύποις·
661 3654 754 3707 καὶ
806 3654 914 3708 ἰδοὺ
977 3654 1054 3726 τῷ
1089 3656 1165 3726 νῷ
1216 3659 1311 3713 καὶ
1358 3663 1424 3732 τῇ
1479 3662 1688 3735 διανοίᾳ

109 3741 272 3810 ὅμοιοι
317 3744 398 3815 τῷ
435 3745 631 3818 κόσμῳ
661 3748 1010 3817 τυγχάνουσι,
1059 3750 1150 3803 τὸν
1183 3753 1403 3824 σεισμὸν
1433 3757 1524 3808 καὶ
1552 3758 1686 3810 ἀκα-

109 3836 399 3888 ταστασίαν
448 3836 560 3891 τῶν
599 3838 900 3909 λογισμῶν,
935 3841 1028 3894 καὶ
1060 3843 1338 3910 ἀπιστίαν,
1369 3847 1461 3899 καὶ
1486 3848 1686 3920 σύγχυ-

108 3942 207 3991 σιν,
232 3928 325 3980 καὶ
354 3929 630 4000 ταραχὴν,
679 3931 773 3984 καὶ
819 3932 1024 3988 δειλίαν
1065 3935 1139 4000 ὡς
1170 3937 1369 4002 πάντες
1396 3942 1444 3992 οἰ
1476 3927 1686 4010 ἄνθρω·

107 4033 192 4070 ποι
245 4020 488 4089 ἔχοντες.
550 4022 662 4075 Καὶ
694 4021 773 4093 τῷ
805 4024 906 4094 μὲν
942 4027 1203 4097 σχήματι,
1259 4031 1354 4084 καὶ
1400 4033 1478 4104 τῷ
1511 4035 1686 4090 δοκεῖν

101 4110 189 4163 τοῦ
219 4113 434 4184 κόσμου
485 4115 822 4186 διαφέρουσι,
859 4120 952 4172 καί
982 4137 1126 4174 τισιν
1164 4123 1453 4196 ὲξωτέροις
1487 4145 1686 4200 κατορ-

101 4202 331 4273 θώμασι·
387 4209 459 4277 τῇ
511 4206 570 4260 δὲ
629 4209 846 4281 καρδίᾳ,
874 4211 968 4265 καὶ
997 4212 1074 4284 τῷ
1102 4214 1198 4284 νῷ,
1235 4216 1290 4268 ἑν
1337 4219 1448 4280 τοῖς
1478 4219 1687 4290 γηῖνοις

97 4295 312 4366 δεσμοῖς
340 4298 614 4363 δέδενται,
647 4301 956 4357 ἀνάπαυσιν
986 4305 1050 4358 ὲκ
1074 4305 1169 4359 τοῦ
1211 4307 1347 4361 Θεοῦ
1399 4313 1493 4363 καὶ
1529 4313 1685 4383 εἰρή-

96 4403 188 4456 νην
233 4389 335 4458 τὴν
381 4389 482 4443 τοῦ
536 4391 856 4462 Πνεύματος
900 4395 1148 4466 οὐράνιον
1180 4399 1236 4452 ἐν
1266 4403 1330 4472 τῇ
1377 4403 1574 4474 καρδία
1609 4405 1684 4476 μὴ

96 4480 449 4550 κεκτημένοι⁶
478 4482 604 4535 ἐπεὶ
635 4482 728 4537 οῦν
764 4485 866 4539 οὐκ
901 4486 1174 4557 ἐζήτησαν
1215 4491 1368 4563 παρά
1393 4491 1551 4560 Θεοῦ,
1584 4497 1680 4550 καὶ
1712 4516 1758 4573 D

95 4570 189 4624 οὐκ
223 4573 570 4628 ἐπίστευσαν
601 4574 807 4630 τούτων
843 4580 1273 4652 καταξιωθῆναι.

154 4662 232 4718 Ε’.
272 4664 366 4718 Ἐν
407 4667 522 4737 γὰρ
567 4668 632 4738 τῇ
666 4669 759 4723 τοῦ
806 4669 923 4734 νοὸς
951 4673 1290 4728 ἀνακαινίσει
1326 4676 1420 4731 καὶ
1469 4680 1533 4750 τῇ
1570 4679 1680 4732 τῶν

89 4751 366 4826 λογισμῶν
428 4759 646 4832 εἰρήνῃ,
702 4763 797 4814 καὶ
845 4765 912 4832 τῇ
965 4763 1061 4817 τοῦ
1113 4767 1317 4837 Κυρίου
1361 4770 1550 4844 ἀγάπῃ
1585 4773 1680 4826 καὶ

89 4844 325 4919 ούρανίῳ
398 4848 588 4921 ἔρωτι,
641 4853 674 4922 ἡ
734 4855 892 4924 καινὴ
951 4855 1129 4920 κτίσις
1182 4859 1290 4911 τῶν
1333 4861 1679 4928 Χριστιανῶν

85 4938 302 4994 πάντων
337 4941 652 5013 ἀνθρώπων
697 4943 794 4998 τοῦ
845 4946 1053 5017 κόσμου
1083 4948 1356 5021 διαφέρει.
1389 4953 1480 5006 Διὸ
1516 4956 1609 5008 καὶ
1646 4957 1678 5025 ή

84 5027 298 5095 ἔλευσις
347 5031 453 5085 τοῦ
502 5035 711 5105 Κυρίου
744 5037 958 5105 γέγονε,
987 5039 1195 5094 τούτων
1224 5042 1333 5096 τῶν
1379 5062 1676 5114 πνευματιο

81 5121 189 5173 κῶν
242 5123 485 5191 ἀγαθῶν
519 5125 855 5191 καταξιῶσαι
889 5132 1014 5196 τοὺς
1056 5132 1274 5202 ἀληθῶς
1323 5137 1682 5204 πιστεύοντας

81 5213 157 5275 εἰς
203 5215 399 5272 αὐτόν.
444 5219 791 5290 Χριστιανῶν
848 5222 958 5291 γὰρ
1002 5226 1035 5295 ἡ
1067 5225 1214 5290 δόξα,
1251 5229 1431 5282 καὶτὸ
1459 5231 1674 5296 κάλλος,

77 5307 168 5358 καὶ
199 5309 229 5360 ό
262 5309 508 5372 πλοῦτος
541 5311 571 5362 ὁ
609 5310 860 5380 οὐράνιος
907 5313 1170 5386 ἀλαλητός
1214 5319 1354 5384 ἐστι,
1399 5321 1492 5374 καὶ
1537 5323 1678 5392 μετά

76 5397 261 5462 πόνου,
323 5400 429 5453 καὶ
465 5400 726 5472 ἰδρώτων,
765 5406 860 5458 καὶ
910 5406 1267 5478 δοκιμασιῶν,
1319 5415 1411 5466 καὶ
1446 5413 1676 5482 ἀγώνων

74 5488 289 5543 πολλῶν
326 5491 719 5563 ποριζόμενος·
742 5495 803 5548 τὸ
831 5494 888 5549 δὲ
914 5496 1053 5566 ὅλον,
1078 5500 1257 5572 χάριτι
1282 5503 1440 5557 Θεοῦ.
1474 5507 1536 5559 Εἰ
1564 5508 1674 5579 γὰρ

72 5571 105 5640 ἡ
143 5573 238 5627 τοῦ
269 5577 531 5646 ἐπιγείου
569 5579 832 5650 βασιλέως
858 5583 957 5640 θέα
981 5585 1294 5662 ὲπιθυμητὴ
1317 5596 1468 5666 παρά
1505 5571 1673 5653 «ian

139 5756 185 5788 ”
231 5758 494 5831 Philipp.
532 5777 608 5836 in,
649 5763 734 5820 20.
813 5766 858 5799 ⁸⁷
884 5766 1044 5824 Joan.
1076 5784 1126 5836 ν,
1163 5769 1250 5827 21.

1798 1915 2111 1977 intellectus
2164 1923 2605 1985 Christianorum
2657 1951 2876 2006 semper
2928 1942 3071 1997 circa
3129 1948 3383 2005 covlestes

1795 2016 2155 2084 cogitationes
2201 2034 2472 2091 versetur,
2523 2037 2578 2084 et.
2628 2034 2867 2090 coelestia
2918 2037 3057 2094 bona
3101 2041 3382 2099 intueatur

1795 2117 2020 2176 propter
2051 2113 2528 2184 participationem
2572 2120 2810 2190 Spiritus
2849 2130 3058 2195 sancti;
3092 2133 3237 2201 quod
3283 2135 3381 2190 de-

1794 2213 1958 2268 super
1985 2217 2053 2255 ex
2082 2203 2194 2259 Deo
2217 2206 2352 2274 nati,
2385 2219 2441 2264 et
2473 2221 2534 2266 ut
2562 2213 2693 2268 [iant
2724 2215 2816 2270 filii
2850 2219 2945 2274 Dei
2979 2220 3034 2276 in
3068 2226 3298 2281 veritate
3325 2238 3381 2281 et

1793 2293 2061 2359 potentia,
2098 2295 2248 2367 digni
2292 2301 2590 2357 existimati
2627 2305 2753 2375 sint,
2784 2319 2948 2379 atque
2981 2312 3047 2366 ad
3085 2324 3287 2372 statum
3324 2327 3380 2374 et

1795 2383 2174 2454 Stabilitatem,
2205 2397 2260 2443 et
2290 2394 2741 2462 tranquillitatem
2769 2415 2833 2455 ac
2861 2405 3106 2473 requiem
3136 2424 3234 2476 per
3263 2427 3379 2465 ma-

1793 2487 1928 2540 gnos
1975 2475 2192 2533 labores
2217 2496 2279 2536 ac
2306 2483 2535 2541 sudores
2565 2488 2736 2544 multa
2773 2502 2894 2560 post
2931 2505 3176 2566 tempora
3207 2500 3377 2555 devc-

1797 2574 2000 2638 nerint,
2055 2577 2211 2632 nullo
2274 2583 2512 2651 amplius
2568 2587 2756 2642 cribro
2811 2591 3029 2660 agitati,
3063 2610 3243 2665 neque
3278 2597 3376 2652 ﬂu-

1794 2672 2050 2722 ctuantes
2078 2669 2132 2722 in
2170 2673 2394 2730 caducis
2418 2691 2482 2731 ac
2500 2679 2653 2734 vanis
2676 2681 3120 2751 cogitationibus.
3167 2690 3225 2744 In
3266 2708 3376 2761 quo

1795 2758 2034 2827 majores
2084 2776 2149 2817 ac
2196 2764 2456 2822 meliores
2493 2779 2622 2824 sunt
2665 2774 2893 2841 mundo,
2929 2793 2996 2831 eo
3031 2781 3176 2848 quod
3211 2784 3376 2838 intel-

1793 2848 1966 2905 lectus
2008 2867 2218 2918 eerum,
2262 2864 2315 2910 et
2366 2860 2625 2929 cogitatio
2659 2865 2855 2921 animm
2887 2869 2939 2921 in
2977 2869 3179 2927 Christi
3219 2890 3369 2942 pace,

1793 2950 1955 3010 atque
1979 2942 2032 2997 in
2057 2945 2351 3004 dilectione
2378 2951 2616 3020 Spiritus
2647 2967 2914 3023 versetur,
2943 2961 3085 3016 sicut
3111 2964 3376 3022 Dominus

1793 3031 1862 3085 de
1911 3033 2062 3090 hisce
2111 3052 2418 3094 sermonem
2469 3043 2696 3107 habens,
2747 3048 2922 3106 dixit:
2960 3051 3065 3106 Eos
3101 3058 3374 3112 transiisse

1795 3142 1860 3180 ea:
1892 3138 2060 3183 morte
2102 3133 2157 3184 in
2205 3136 2367 3190 vitam
2388 3137 2451 3192 ⁵⁷.
2484 3140 2602 3194 Non
2633 3143 2800 3210 igitur
2829 3147 2883 3200 in
2919 3148 3108 3219 ﬁguris
3133 3162 3226 3207 aut
3258 3155 3372 3207 for-

1792 3219 1897 3274 mis
1918 3223 2289 3279 exterioribus
2316 3229 2607 3288 diversitas
2629 3235 3070 3296 Christianorum
3098 3246 3370 3305 consistit.

1790 3316 2251 3382 quemadmodum
2297 3320 2350 3376 in
2387 3323 2494 3379 hoc
2521 3328 2839 3385 existimant
2882 3336 3039 3389 multi
3071 3338 3372 3393 consistere

1789 3405 2164 3464 diversitatem
2199 3428 2262 3468 ac
2291 3414 2657 3472 dill'erentiam
2689 3420 2832 3476 inter
2857 3441 2971 3490 eos,
3002 3427 3054 3481 in
3079 3433 3372 3498 superﬁcie

1788 3512 1854 3552 ac
1898 3498 2108 3570 ﬁguris.
2155 3503 2367 3575 Quippe
2400 3510 2546 3578 quod
2586 3513 2722 3568 tales
2755 3528 2934 3572 mente
2963 3528 3126 3588 atque
3162 3525 3370 3593 cogita-

1791 3592 1938 3647 tione
1972 3594 2182 3650 similes
2212 3607 2340 3652 sunt
2367 3603 2594 3668 mundo,
2625 3621 2688 3659 ac
2719 3612 3085 3667 commotione
3117 3622 3171 3668 et
3204 3617 3373 3672 insta-

1788 3681 2002 3738 bilitate
2029 3685 2448 3755 cogitationmn,
2477 3692 2882 3762 incredulitate,
2929 3701 3272 3771 confusione,
3315 3717 3372 3762 et

1793 3777 2208 3844 perturbatione
2244 3797 2306 3835 ac
2338 3793 2506 3847 metu,
2550 3799 2609 3840 ut
2639 3790 2819 3844 caateri
2861 3806 3052 3848 omnes
3094 3795 3368 3864 homines,

1785 3863 2056 3920 laborent.
2087 3868 2155 3922 Et
2186 3869 2239 3922 hi
2268 3871 2488 3940 quidem
2523 3878 2814 3945 superficie
2837 3889 2993 3936 tenus
3018 3898 3079 3936 ac
3109 3863 3369 3954 opinione

1785 3965 1841 4011 et
1870 3966 2100 4012 externo
2129 3961 2366 4029 quodam
2393 3975 2540 4020 recte
2570 3967 2733 4035 facto,
2766 3985 2796 4025 a
2832 3975 3035 4029 mundo
3068 3976 3365 4035 diﬂ‘erunt:

1786 4049 1882 4104 sed
1933 4052 2098 4107 corde
2151 4063 2313 4124 alque
2365 4058 2550 4112 animo
2585 4063 2819 4118 terrenis
2865 4065 3073 4136 laqueis
3119 4069 3364 4140 impediti

1785 4148 1934 4206 sunt,
1972 4142 2216 4212 requiem
2255 4145 2495 4201 divinam
2527 4160 2582 4206 et
2610 4153 2885 4209 caelestem
2917 4155 3104 4226 pacem
3131 4160 3368 4231 Spiritus

1785 4230 1841 4284 in
1891 4234 2054 4288 corde
2105 4251 2215 4290 non
2263 4239 2629 4307 possidentes,
2685 4259 2752 4298 eo
2783 4248 2929 4316 quod
2964 4265 3074 4304 non
3109 4253 3368 4322 petierint

1785 4338 1815 4378 a
1849 4323 1980 4392 Deo,
2025 4343 2127 4383 nec
2175 4329 2246 4385 iis
2295 4346 2354 4386 se
2409 4333 2752 4392 crediderint
2800 4338 2996 4411 dignos
3052 4353 3364 4414 reputatqu

1787 4429 1878 4469 11³1.

1852 4683 1916 4738 ν.
1957 4683 2060 4739 Per
2096 4687 2296 4741 mentis
2331 4687 2478 4743 enim
2511 4695 2955 4762 renovationem,
2987 4707 3042 4752 et
3075 4700 3360 4770 cogitatio-

1781 4791 1912 4829 num
1975 4778 2462 4847 tranquillitatem,
2511 4791 2566 4837 et
2612 4785 2966 4843 dilectionem
3019 4791 3264 4858 Domini,
3305 4804 3360 4850 et

1781 4883 2024 4923 amorem
2070 4871 2372 4934 etelestem,
2409 4877 2588 4930 omnis
2624 4894 2764 4932 nova
2794 4890 3045 4935 creatura
3091 4882 3359 4941 Christia-

1777 4974 1976 5013 norum
2020 4961 2088 5015 ab
2128 4962 2446 5019 hominibus
2478 4967 2640 5036 hujus
2671 4971 2859 5024 mundi
2890 4972 3189 5044 discrepat.
3221 4977 3358 5032 Pro-

1776 5059 1965 5118 pterea
2013 5052 2158 5105 enim
2205 5055 2474 5112 adventus
2528 5060 2746 5115 Domini
2801 5065 3058 5135 contigit,
3105 5075 3165 5120 ut
3210 5067 3360 5124 hisce

1777 5143 2160 5210 Spiritualibus
2207 5147 2362 5203 bonis
2386 5149 2706 5221 dignaretur
2726 5171 2855 5210 vere
2881 5159 2936 5211 in
2959 5173 3017 5212 se
3045 5161 3356 5216 credentes.

1778 5233 1965 5290 Gloria
2015 5238 2165 5291 enim
2217 5239 2654 5298 Christianorum
2693 5254 2750 5300 et
2778 5247 3155 5317 pulchritudo,
3183 5262 3240 5307 et
3273 5254 3358 5307 di-

1777 5327 1924 5382 vitiae
1960 5329 2211 5384 caelestes
2255 5334 2560 5391 ineﬂabiles
2587 5347 2734 5402 sunt,
2765 5347 2822 5393 et
2855 5356 3050 5411 magno
3080 5343 3267 5400 labore
3294 5361 3357 5402 ac

1778 5418 2000 5483 sudore,
2035 5422 2432 5478 tentationibus
2459 5435 2516 5480 et
2544 5429 2944 5484 certaminibus
2966 5431 3152 5486 multis
3169 5435 3356 5504 acqui-

1777 5510 1917 5564 sita).
1967 5511 2122 5578 Quod
2175 5521 2350 5570 totum
2391 5517 2580 5587 gratiae
2617 5519 2818 5577 divina:
2856 5523 3265 5580 ascribendum.
3295 5525 3361 5582 Si

1776 5601 1924 5658 enim
1959 5604 2164 5660 terreni
2196 5607 2341 5679 regis
2375 5617 2633 5681 aspectus
2660 5611 2728 5667 ab
2755 5615 3013 5674 omnibus
3040 5616 3352 5675 hominibus
