3948 6522
573 289 680 356 ιὲθ

1823 280 1907 360 s.'
1927 299 2250 361 MACARII
2293 300 2618 364 nomn
2987 327 2990 329 λ
3716 310 3793 375 an

574 407 948 475 desideratur,
974 416 1031 465 et
1055 407 1260 475 omnis,
1283 409 1376 480 qui
1416 408 1471 464 in
1497 408 1636 464 urbe
1658 409 1805 482 regis
1829 410 2163 475 diversatur,

2283 414 2579 488 ἀνθρώποις
2613 417 2896 489 τυγχάνει,
2927 417 3024 472 καὶ
3044 418 3152 481 πᾶς
3183 435 3268 483 τις
3296 417 3578 489 ἐπιδημῶν
3603 419 3656 473 ἐν
3687 424 3798 478 πόλει

574 500 854 557 desiderat
890 501 960 556 ad
995 500 1282 557 minimum
1312 501 1778 572 pulchritudinem
1807 502 1926 574 ejus
1950 501 2161 567 videre,

2268 509 2553 578 βασιλέως,
2587 510 2846 580 ἐπιθυμεῖ
2889 510 2993 564 κᾶν
3032 510 3195 581 μόνον
3236 510 3536 566 θεάσασθαι
3563 512 3625 563 ei;
3652 514 3799 580 κάλὶος

575 603 674 649 aut
715 594 1044 665 elegantiam
1089 593 1199 666 24
1242 594 1722 660 vestimentorum,
1770 601 1867 647 aut
1906 609 2165 664 purpurae

2283 601 2452 669 ιύτοῦ,
2485 603 2517 673 ἢ
2549 603 2649 673 τὴν
2674 602 2986 674 ὡραιότητα
3018 603 3128 656 τῶν
3155 603 3495 674 ἐνδυμάτων,
3527 604 3558 675 ἢ
3587 607 3676 675 τῆς
3705 625 3801 679 πορ-

577 687 952 757 splendorem,
985 687 1260 742 variarum
1299 687 1721 757 margaritarum
1757 687 2017 753 nitorem,
2043 686 2164 740 dia-

578 779 815 835 dematis
848 779 1128 842 decorem,
1174 790 1340 850 atque
1384 779 1756 849 praestantiam
1795 794 2010 843 eorum,
2045 793 2168 848 qua:

579 872 648 927 ad
675 873 1011 944 majestatem
1045 872 1164 943 ejus
1197 871 1504 941 pertinent;
1537 871 1646 925 nisi
1675 871 1822 941 quod
1850 871 2169 940 spirituales

581 966 775 1021 isthaac
808 973 1195 1026 contemnant,
1243 964 1374 1034 quia
1412 964 1573 1018 aliam
1610 963 1840 1034 gloriam
1887 964 2167 1018 caelestem

580 1059 960 1129 incorpoream
1007 1055 1242 1127 experti,
1287 1056 1394 1111 alia
1444 1055 1712 1110 inelfabili
1759 1053 2169 1124 pulchritudine

579 1151 848 1215 sauciati,
903 1151 1248 1219 aliarumque
1311 1149 1629 1204 divitiarum
1695 1148 1992 1218 participes
2042 1155 2173 1201 sunt

579 1243 730 1308 facti,
764 1253 821 1298 et
859 1243 1162 1298 secundum
1216 1243 1493 1296 internum
1527 1241 1827 1305 hominem,
1858 1239 2027 1293 alium
2057 1240 2173 1309 spi-

581 1334 748 1389 ritum
795 1335 1080 1389 consecuti
1115 1343 1266 1388 sunt.
1299 1331 1568 1398 Quoniam
1598 1331 1764 1402 igitur
1789 1330 1956 1402 hujus
1982 1331 2174 1386 mundi

581 1427 870 1492 homines,
922 1426 1019 1496 qui
1070 1426 1327 1496 spiritum
1373 1425 1564 1480 mundi
1612 1424 1928 1494 possident,
1979 1438 2176 1494 magno

580 1520 861 1576 desiderio
919 1528 1178 1575 tenentur
1229 1518 1438 1573 terreni
1517 1517 1664 1588 regis
1729 1516 2173 1586 contemplandi,

582 1614 778 1668 saltem
822 1628 947 1667 cum
997 1611 1149 1667 omni
1197 1620 1401 1666 ornatu
1445 1620 1502 1666 et
1547 1611 1721 1682 gloria
1763 1612 1924 1681 ejus.-
1970 1617 2177 1679 quanto

581 1707 730 1760 enim
758 1705 811 1760 in
843 1706 910 1758 iis
951 1719 1074 1774 qum
1102 1704 1383 1769 videntur,
1430 1704 1676 1759 conditio
1715 1705 1836 1774 ejus
1877 1704 2050 1774 major
2094 1709 2179 1756 est

583 1813 752 1869 quam
803 1797 1049 1852 omnium
1098 1797 1417 1860 hominum,
1447 1805 1600 1852 tanto
1651 1797 1974 1867 gloriosius,
2025 1805 2177 1851 tanto

584 1890 887 1962 optabilius
915 1890 985 1944 ab
1010 1889 1268 1944 omnibus
1305 1890 1547 1944 habetur
1579 1891 1666 1944 vel
1697 1899 1906 1945 tantum
1941 1889 2173 1954 vidisse,

584 1991 644 2038 et
690 1981 1072 2052 unusquisque
1099 1981 1242 2052 apud
1286 1997 1346 2037 se
1381 1982 1518 2037 dicit
1554 2000 1567 2036 :
1619 1982 1834 2037 Utinam
1878 1983 1996 2052 quis
2045 1981 2175 2034 mihi

585 2073 742 2131 ilt'am
792 2075 1042 2147 gloriam,
1091 2076 1328 2130 decorem
1379 2093 1443 2128 ac
1487 2073 1822 2146 splendorem
1867 2074 2116 2128 concedat
2157 2075 2176 2128 ί

587 2167 895 2238 praedicans
929 2182 1056 2222 eum
1083 2167 1324 2231 beatum,
1357 2167 1592 2221 similem
1624 2167 1829 2237 alioqui
1859 2168 1969 2231 sui,
2002 2177 2177 2223 terre-

586 2274 744 2323 num,
766 2259 1072 2328 iisdemque
1097 2258 1483 2314 affectionibus
1508 2259 1807 2313 obnoxium
1835 2267 2001 2329 atque
2027 2275 2178 2315 mor-

588 2353 784 2421 talem,
833 2363 1064 2425 propter
1115 2363 1562 2410 momentaneum
1624 2369 1759 2409 vero
1821 2361 2080 2408 ornatum
2120 2361 2177 2408 et

593 2448 824 2520 gloriam
853 2447 1302 2503 desiderabilem.

661 2539 751 2597 Vl.
799 2538 856 2594 Si
896 2539 1085 2612 igitur,
1116 2540 1362 2610 inquam,
1394 2539 1642 2595 carnales
1679 2539 1932 2595 homines
1956 2538 2176 2595 deside-

594 2639 719 2686 rant
741 2641 1028 2702 tautOpere
1057 2631 1286 2703 gloriam
1325 2633 1530 2688 terreni
1572 2634 1738 2703 regis,
1766 2640 1973 2704 quanto
2005 2633 2177 2704 magis

590 2723 672 2788 hi,
705 2723 761 2778 in
801 2739 942 2794 quos
986 2723 1271 2780 instillavit
1317 2733 1468 2796 gutta
1507 2724 1747 2795 Spiritus
1786 2726 1930 2792 vitae,
1963 2727 2056 2798 qui
2091 2736 2176 2783 est

590 2815 931 2883 divinitatis;
956 2824 1013 2872 et
1039 2831 1273 2887 quorum
1300 2833 1397 2873 cor
1423 2819 1738 2873 vulneravit
1767 2834 1954 2873 amore
1985 2820 2176 2875 divino

587 2925 719 2981 erga
750 2910 1035 2966 cmlestem
1066 2925 1249 2981 regem
1278 2908 1581 2976 Christum,
1611 2911 1851 2966 devincti
1881 2922 2010 2967 sunt
2052 2912 2178 2982 pul-

591 3000 908 3056 chritudine
935 3001 1027 3055 illa
1060 3009 1117 3056 et
1152 3000 1326 3071 gloria
1362 3001 1648 3067 ineffabili,
1681 3012 1737 3057 et
1765 3003 1968 3058 decore
1994 3004 2177 3059 incor-

2269 693 2448 765 φύρας
2505 695 2601 764 τὴν
2643 696 2838 760 δόξαν,
2879 695 2988 748 τῶν
3047 696 3312 748 ποικίλων
3375 697 3715 767 μαργαριτῶν
3759 701 3802 754 τδ

2268 787 2485 852 κάλλος,
2532 786 2626 840 τοῦ
2679 787 3010 858 διαδήματος
3058 789 3157 858 τὴν
3199 788 3556 856 εὐπρέπειαν,
3590 788 3686 840 τῶν
3733 791 3802 843 σὺν

2269 877 2420 949 αὑτῷ
2478 878 2809 947 ἀξιωμάτων
2879 877 2978 947 τὴν
3033 877 3360 948 τιμιότητα·
3402 876 3558 940 ἐκτὸς
3601 879 3643 928 εἰ
3675 879 3735 947 μὴ
3768 883 3803 932 oi

2273 973 2637 1040 πνευματικοὶ
2682 970 3047 1038 ἐξουδενοῦσιν
3082 971 3242 1038 αὐτὰ,
3284 971 3374 1024 διὰ
3413 971 3474 1024 τὸ
3505 971 3661 1040 ἄλλης
3683 973 3804 1040 δόξης

2272 1065 2600 1136 ἐπουρανίου
2659 1067 2754 1119 καὶ
2807 1066 3099 1136 ἀσωμάτου
3151 1063 3544 1134 πεπειρᾶσθαι,
3575 1064 3660 1116 καὶ
3698 1065 3807 1135 mi?

2273 1159 2461 1213 κάλλει
2483 1159 2710 1230 ἀρρήτῳ
2741 1157 3066 1229 τετρῶσθαι,
3099 1159 3194 1210 καὶ⁵
3225 1156 3386 1212 ἄλλου
3414 1156 3641 1209 πλούτου
3669 1175 3808 1210 κεκοι-

2275 1250 2599 1321 νωνηκέναι,
2641 1250 2734 1302 καὶ
2764 1249 2839 1319 τῷ
2883 1248 2992 1301 ἐσω
3027 1246 3302 1318 ἀνθρώπῳ
3349 1246 3591 1308 ἔσεσθαι,
3637 1249 3719 1299 καὶ
3742 1248 3808 1312 ξ).

2275 1343 2367 1398 λου
2409 1341 2722 1413 πνεύματος
2755 1343 3021 1412 μετέχειν.
3071 1339 3227 1392 Ἐπεὶ
3249 1339 3343 1393 οὖν
3372 1339 3468 1392 τοῦ
3496 1340 3689 1410 κόσμου
3715 1343 3808 1393 τοῦ·

2277 1454 2371 1490 του
2403 1437 2704 1506 ἄνθρωποι,
2741 1436 2790 1487 οἱ
2829 1435 2892 1488 τὸ
2930 1435 3149 1505 πνεῦμα
3169 1433 3263 1486 τοῦ
3291 1433 3500 1502 κόσμου
3533 1433 3746 1502 ἔχοντες,
3768 1434 3811 1484 ἐν

2281 1529 2451 1599 πολλῇ
2474 1528 2742 1600 ἐπιθυμίᾳ
2781 1527 2889 1580 εἰσὶ
2930 1526 3025 1580 τοῦ
3061 1527 3154 1578 τὸν
3191 1525 3433 1594 ἐπίγειον
3474 1523 3685 1593 βασιλέα
3714 1525 3810 1578 Osi-

2283 1621 2502 1684 σασθαι,
2535 1620 2694 1690 μόνον
2723 1639 2819 1673 συν
2842 1620 2992 1692 πάσῃ
3026 1621 3091 1690 τῇ
3126 1618 3432 1690 εὐπρεπείᾳ
3477 1619 3570 1671 καὶ
3609 1617 3723 1691 δόξῃ
3749 1622 3813 1685 αὖ·

2280 1713 2396 1766 τοῦ·
2443 1715 2567 1767 ὅσον
2597 1713 2706 1782 γὰρ
2739 1713 2796 1764 ἐν
2836 1714 2948 1774 τοῖς
2977 1711 3324 1782 φαινομένοις
3367 1709 3551 1779 πολλῷ
3578 1711 3757 1782 μείζων
3789 1714 3813 1782 ἡ

2284 1803 2442 1875 μερὶς
2495 1802 2661 1856 αὑτοῦ
2713 1805 2829 1856 ἐστι
2879 1801 3032 1872 παρά
3083 1800 3292 1864 πάντας
3337 1801 3467 1863 τοὺς
3517 1800 3814 1870 ἀνθρώπους,

2279 1897 2453 1962 οὕτως
2495 1893 2725 1960 ἔνδοξον,
2759 1892 2929 1956 οὕτως
2961 1891 3297 1962 ἐπιθυμητὸν
3329 1890 3435 1943 ὑπὸ
3471 1890 3700 1956 πάντων,
3738 1892 3817 1945 κᾶν

2277 1989 2355 2059 τῷ
2402 1988 2666 2058 θεαθῆναι
2723 1986 2918 2056 μόνον’
2973 1986 3070 2037 καὶ
3106 1985 3340 2047 ἕκαστος
3373 1985 3432 2036 ἐν
3466 1983 3640 2053 ἐαυτῷ
3682 1983 3816 2052 λέγει·

2278 2080 2420 2135 Εἴθε
2456 2097 2546 2144 τις
2573 2079 2759 2132 ἔδωκέ
2791 2094 2894 2146 μοι
2934 2075 3182 2141 ἐκείνην
3217 2073 3330 2140 τὴν
3356 2073 3566 2139 δόξαν,
3615 2073 3705 2127 καὶ
3733 2074 3821 2140 τὴν

2279 2169 2662 2239 εὐπρέπειαν,
2690 2169 2787 2221 καί
2823 2167 2939 2235 τὴν
2968 2168 3318 2236 ὡραιότητα,
3363 2167 3678 2238 μακαρίζων
3707 2168 3822 2219 Exti-

2279 2279 2368 2315 νον
2408 2261 2498 2315 τὸν
2538 2261 2725 2329 ὅμοιον
2779 2258 2947 2312 αὐτοῦ
3001 2259 3213 2329 γήϊνον,
3268 2257 3366 2310 καὶ
3429 2255 3721 2325 ὁμοιοπαθῆ
3750 2259 3822 2310 καὶ

2281 2355 2474 2426 θνητὸν
2505 2355 2652 2418 ὄντα,
2683 2353 2772 2408 διὰ
2800 2354 2856 2407 δὲ
2885 2352 2985 2424 τὴν
3019 2353 3356 2423 πρόσκαιρον
3383 2351 3727 2422 εὐπρέπειαν,
3751 2352 3824 2403 καὶ

2279 2447 2460 2514 δόξαν,
2489 2447 2852 2518 ἐπιθυμητόν.

2353 2544 2446 2608 εἶ’.
2495 2543 2558 2594 Εἰ
2593 2537 2686 2594 οὖν
2729 2539 2905 2604 οὕτως
2953 2540 3005 2594 οἱ
3045 2537 3302 2610 σαρκικοὶ
3335 2535 3614 2607 ἄνθρωποι
3657 2535 3824 2589 ἐπιθυ-

2285 2635 2448 2705 μοῦσι
2485 2635 2587 2703 τῆς
2612 2634 2770 2704 δόξης
2801 2634 2896 2688 τοῦ
2927 2634 3120 2704 γηῖνου
3155 2632 3443 2703 βασιλέως,
3482 2629 3631 2700 πόσῳ
3660 2629 3824 2700 μᾶλλον

2279 2724 2360 2791 οἷς
2393 2727 2679 2794 ἐνέσταξεν
2735 2727 2918 2798 ἐκείνη
2975 2727 3009 2798 ἡ
3067 2727 3218 2798 ῥανὶς
3267 2724 3363 2778 τοῦ
3409 2723 3718 2793 Πνεύματος
3750 2725 3824 2791 τῆς

2281 2823 2425 2894 ζωῆς
2453 2823 2550 2892 τῆς
2579 2821 2832 2892 θεότητος
2856 2863 2870 2886 ,
2919 2821 3014 2874 καὶ
3045 2821 3250 2892 ἔτρωσε
3280 2819 3380 2889 τὴν
3423 2818 3651 2888 καρδίαν
3682 2814 3826 2868 αὐτῶν

2281 2915 2443 2988 ἔρωτι
2495 2915 2646 2985 θείῳ,
2681 2915 2818 2984 πρὸς
2861 2913 2954 2966 τὸν
2998 2911 3323 2984 ἐπουράνιον
3355 2909 3579 2981 βασιλέα
3607 2907 3825 2978 Χριστὸν,

2281 3013 2360 3075 εἰς
2409 3001 2586 3063 ἐκεῖνο
2621 3009 2682 3062 τὸ
2716 3008 2910 3071 κάλλος
2940 3007 3178 3061 δέδενται
3222 3005 3315 3058 καὶ
3363 3005 3464 3075 τὴν
3501 3001 3829 3070 ἀνεκλάλητον

593 3093 847 3164 ruptibili
897 3102 959 3160 et,
1006 3093 1666 3163 incomprehensibilihus
1712 3095 1922 3152 divitiis
1966 3099 2081 3152 veri
2119 3107 2175 3153 et

2283 3103 2434 3168 δόξαν
2465 3102 2560 3155 καὶ
2592 3100 2875 3171 ἄφθαρτον
2899 3099 3261 3171 εὐπρέπειαν,
3294 3099 3389 3150 καὶ
3419 3097 3513 3150 τὸν
3543 3096 3828 3163 ἀνεννόητον

591 3185 785 3241 aeterni
830 3186 975 3257 regis
1007 3185 1236 3250 Christi,
1266 3187 1424 3257 cujus
1454 3196 1582 3241 voto
1622 3198 1679 3242 et
1711 3188 1991 3242 desiderio
2029 3189 2176 3259 capti

595 3287 876 3342 tenentur,
912 3277 1008 3332 toti
1033 3277 1260 3331 omnino
1289 3277 1357 3332 ad
1379 3295 1507 3334 eum
1531 3280 1808 3346 conversi,
1845 3288 2010 3350 atque
2033 3281 2180 3337 desi-

593 3369 797 3426 derant
831 3371 1096 3441 consequi
1142 3371 1532 3427 inenarrabilia
1586 3373 1676 3428 illa
1721 3373 1885 3438 bona,
1925 3389 2046 3444 qua:
2084 3391 2181 3445 per

594 3459 865 3531 Spiritum
912 3461 1236 3528 intuentur;
1285 3479 1520 3532 quorum
1574 3464 1748 3534 gratia
1794 3466 2010 3532 omnia,
2059 3483 2182 3536 qua:

594 3561 726 3608 sunt
760 3570 928 3624 super
951 3564 1154 3610 terram
1188 3556 1437 3626 pulchra,
1463 3567 1520 3612 et
1541 3567 1819 3622 ornatum,
1847 3566 1902 3612 et
1927 3559 2178 3629 gloriam,

593 3653 653 3700 et
684 3645 978 3713 honorem,
1010 3657 1066 3703 et
1095 3647 1317 3704 divitias
1351 3665 1538 3719 regum
1576 3664 1640 3704 ac
1687 3650 2000 3720 principum
2023 3651 2182 3707 nihili

595 3738 848 3795 ducunt:
882 3740 1069 3795 divina
1099 3741 1248 3796 enim
1294 3742 1710 3812 pulchritudine
1753 3743 1984 3798 sauciati
2030 3755 2181 3811 sunt,

591 3839 650 3886 et
688 3835 801 3887 vita
849 3833 1277 3889 immortalitatis
1327 3835 1571 3890 caelestis
1617 3835 1670 3888 in
1719 3835 1939 3890 illorum
1985 3836 2185 3892 animis

593 3923 904 3980 instillavit.
930 3924 1199 3992 Quocirca
1228 3927 1375 3981 illam
1399 3927 1752 3982 dilectionem
1777 3928 2017 3983 caelestis
2041 3930 2186 4000 regis

591 4025 876 4088 exoptant,
932 4019 1198 4089 illumque
1244 4021 1422 4075 solum
1471 4021 1544 4076 ob
1581 4022 1774 4077 oculos
1819 4021 1874 4075 in
1926 4022 2187 4076 omnibus

593 4109 890 4166 desideriis
931 4111 1223 4178 habentes,
1263 4113 1475 4183 seipsos
1529 4113 1679 4168 omni
1740 4114 2021 4168 mundana
2051 4113 2189 4168 dile-

594 4202 780 4258 ctione
827 4219 927 4273 per
976 4219 1103 4260 eum
1141 4207 1464 4271 exsolvunt,
1515 4213 1572 4260 et
1621 4205 1889 4261 recedunt
1939 4205 2009 4261 ab
2034 4206 2186 4261 omni

594 4297 820 4352 vinculo
859 4306 1109 4364 terreno,
1142 4307 1203 4352 ut
1232 4299 1446 4369 possint
1483 4299 1618 4353 illud
1649 4299 1986 4354 desiderium
2009 4301 2186 4355 solum

594 4404 816 4460 semper
871 4391 926 4445 in
985 4391 1250 4447 cordibus
1302 4392 1419 4448 suis
1484 4393 1769 4462 possidere
1821 4408 2000 4462 neque
2036 4394 2187 4448 aliud

595 4498 721 4537 cum
763 4483 856 4538 illo
893 4486 1275 4540 commiscere.
1315 4486 1483 4541 Pauci
1530 4501 1660 4542 vero
1703 4501 1834 4547 sunt
1879 4487 2180 4547 admodum

595 4575 692 4644 qui
753 4575 900 4629 bono
945 4576 1103 4632 initio
1158 4577 1362 4633 bonum
1419 4580 1581 4635 linem
1642 4594 1962 4652 procurent,
2015 4594 2071 4641 et
2113 4584 2182 4640 ad

597 4666 762 4721 ﬁnem
805 4668 1136 4737 perveniant
1180 4671 1388 4742 absque
1428 4672 1617 4743 lapsu,
1668 4673 2022 4731 dilectionem
2080 4677 2182 4731 soli

597 4757 709 4812 Deo
761 4758 1052 4823 habentes,
1077 4769 1134 4814 et
1183 4761 1396 4830 seipsos
1446 4764 1516 4818 ab
1569 4765 1827 4819 omnibus
1878 4768 2179 4822 solventes.

596 4849 752 4904 Multi
798 4850 944 4905 enim
999 4863 1473 4923 compunguntur,
1503 4866 1558 4909 et
1589 4857 1748 4912 multi
1776 4860 1966 4928 gratize
2014 4860 2182 4915 coale-

595 4939 697 4994 stis
765 4941 1065 5012 participes
1124 4943 1282 5008 iiunt,
1337 4956 1394 5000 et
1433 4947 1642 5002 cmlesti
1687 4964 1874 5005 amore
1905 4952 2182 5008 vulnerati

595 5041 767 5096 sunt,
835 5033 931 5088 sed
1003 5049 1102 5104 per
1187 5037 1539 5106 quotidianas
1606 5055 1817 5112 pugnas
1886 5052 1941 5099 et
2001 5054 2182 5100 certa-

600 5123 772 5186 mina,
806 5132 862 5178 et
891 5125 1132 5193 labores,
1169 5137 1227 5182 et
1254 5130 1589 5187 tentationes
1612 5133 1792 5187 varias
1817 5135 2041 5207 maligni
2073 5152 2183 5193 non

599 5213 958 5280 sustinentes,
1001 5219 1173 5274 variis
1227 5227 1284 5274 et
1319 5221 1552 5277 diversis
1583 5224 1880 5282 mundanis
1908 5229 2184 5298 cupidita-

600 5306 751 5363 tibus
779 5309 991 5380 agitati,
1037 5312 1166 5381 quia
1212 5316 1555 5371 voluntatem
1586 5317 1822 5388 quisque
1849 5319 2018 5376 habet
2049 5322 2180 5378 dili-

599 5401 763 5470 gendi
793 5403 1000 5473 aliquid
1027 5421 1094 5460 ex
1125 5405 1231 5462 hoc
1279 5409 1509 5474 mundo,
1567 5418 1624 5465 et
1673 5425 1783 5468 non
1820 5413 2068 5469 solvendi
2123 5433 2182 5474 se

603 5497 830 5550 omnino
859 5497 928 5552 ab
953 5498 1076 5568 ejus
1101 5501 1418 5570 dilectione,
1444 5517 1772 5561 manserunt
1812 5515 1868 5562 et
1906 5509 2179 5568 submersi

604 5599 733 5645 sunt
764 5589 820 5645 in
869 5592 1060 5648 mundi
1093 5594 1312 5666 abysso,
1364 5598 1435 5653 ob
1481 5600 1716 5672 propria:
1755 5604 2057 5660 voluntatis
2086 5619 2180 5660 vc—

2285 3193 2516 3249 πλοῦτον
2546 3195 2639 3249 τοῦ
2662 3193 2918 3264 ἀληθινοῦ
2945 3193 3038 3246 καὶ
3060 3192 3279 3246 αἰωνίου
3309 3190 3575 3259 βασιλέως
3598 3187 3826 3260 Χριστοῦ,

2284 3281 2346 3342 οὗ
2374 3290 2441 3359 τῇ
2479 3286 2762 3358 ἐπιθυμίᾳ,
2799 3286 2896 3340 καὶ
2918 3285 2996 3354 τῷ
3026 3284 3178 3352 πόθῳ
3205 3283 3716 3353 αἱχμαλωτίζονται,
3745 3283 3831 3333 ὃλει

2285 3381 2345 3447 ἐξ
2374 3383 2496 3436 ὅλου
2527 3382 2666 3452 πρὸς
2690 3381 2854 3434 αὐτὸν
2876 3380 3260 3450 τυγχάνοντες,
3293 3381 3387 3432 καὶ
3419 3376 3735 3444 ἐπιθυμοῦσι
3759 3392 3833 3426 τυο

2286 3476 2400 3542 χείν
2454 3473 2678 3526 ἐκείνων
2721 3463 2795 3524 ὧν
2841 3469 3249 3544 ἐνοπτρίζονται
3295 3469 3382 3522 διὰ
3429 3467 3524 3521 τοῦ
3557 3466 3832 3535 Πνεῦματτις

2286 3568 2572 3637 ἀλαλήτων
2597 3566 2839 3635 ἀγαθῶν,
2869 3559 2931 3620 οὗ
2964 3565 3151 3618 ἕνεκεν
3179 3564 3356 3619 πάντα
3392 3563 3462 3615 τὰ
3491 3563 3584 3614 ἐπὶ
3607 3561 3706 3630 γῆς
3731 3560 3834 3611 κάλ-

2286 3661 2352 3732 λη
2381 3661 2476 3713 καὶ
2507 3657 2866 3730 εὐπρεπείας,
2900 3656 2995 3710 καὶ
3036 3655 3218 3720 δόξας,
3244 3655 3340 3708 καὶ
3370 3653 3560 3723 τιμάς,
3585 3653 3674 3705 καὶ
3707 3649 3835 3703 rio-3-

2286 3770 2378 3806 τον
2411 3752 2676 3823 βασιλέων
2725 3751 2819 3805 καὶ
2860 3751 3138 3820 ἀρχόντων
3190 3747 3551 3813 ἐξουδενοῦσι·
3590 3746 3713 3816 θείῳ
3754 3744 3835 3810 γὰρ

2288 3845 2473 3898 κάλλει
2516 3842 2856 3914 ἐτρώθησαν,
2896 3841 2991 3895 καὶ
3031 3841 3145 3912 ζωὴ
3181 3840 3486 3902 ἀθανασίας
3533 3838 3770 3910 οὐρανίου
3792 3837 3834 3887 ἐν

2287 3939 2408 3999 ταῖς
2437 3936 2637 4006 ψυχαῖς
2675 3933 2854 3988 αὐτῶν
2906 3935 3183 4001 ἐνέσταξε.
3224 3935 3316 3986 Διὸ
3379 3933 3474 3986 καὶ
3527 3933 3610 3994 είς
3661 3929 3835 3996 ἐκείνην

2287 4031 2388 4098 τὴν
2435 4029 2660 4099 ἀγάπην
2699 4027 2792 4082 τοῦ
2834 4029 3161 4097 ἐπουρανίου
3211 4025 3478 4098 βασιλέως
3528 4021 3835 4080 ἐπιποθοῦσι.

2290 4122 2384 4174 καὶ
2427 4119 2589 4174 αὑτὸν
2633 4120 2794 4191 μόνον
2829 4120 2934 4191 πρὸ
2973 4119 3268 4190 ὀφθαλμῶν
3311 4119 3370 4170 ἐν
3407 4116 3580 4188 πολλῇ
3613 4113 3838 4183 ἐπιθυμίᾳ

2290 4211 2505 4283 ἔχοντες
2547 4211 2613 4265 δι’
2664 4211 2830 4266 αὐτοῦ
2875 4211 3059 4280 πάσης
3110 4211 3333 4280 ἀγάπης
3393 4210 3610 4278 κόσμου
3659 4208 3837 4260 λύουσιν

2292 4306 2541 4373 ἑαυτοὺς,
2567 4305 2665 4358 καὶ
2699 4304 3041 4376 ἀναχωροῦσι
3078 4303 3280 4366 παντὸς
3310 4303 3500 4372 γηῖνου
3539 4300 3753 4371 δεσμοῦ,
3775 4299 3840 4352 iv:

2290 4398 2596 4470 δυνηθῶσιν
2642 4400 2849 4452 ἐκεῖνον
2882 4397 3040 4467 μόνον
3081 4396 3174 4451 τὸν
3217 4396 3382 4450 πόθον
3422 4397 3480 4449 ἐν
3522 4399 3645 4459 ταῖς
3673 4391 3840 4446 ἑαυτῶν

2292 4492 2542 4562 καρδίαις
2568 4491 2714 4562 ἔχειν
2755 4491 2987 4544 πάντοτε
3025 4489 3045 4561 [
3074 4489 3176 4559 (l),
3211 4488 3304 4542 καὶ
3357 4489 3528 4560 μηδὲν
3561 4489 3740 4558 ἕτερον
3767 4485 3838 4537 σὺν

2291 4583 2484 4653 ἐκείνῳ
2536 4583 2819 4652 μιγνύεινο
2849 4582 3019 4650 ὀλίγοι
3079 4582 3134 4635 δέ
3182 4582 3288 4634 εἰσι
3342 4581 3486 4634 πάνυ
3523 4583 3574 4634 οἱ
3603 4583 3665 4651 τῇ
3696 4575 3837 4646 ἀγαθῇ

2293 4678 2433 4748 ἀρχῇ
2479 4677 2632 4740 τέλος
2673 4675 2877 4744 ἀγαθὸν
2909 4674 3290 4745 πορισάμενοι,
3323 4673 3419 4726 καὶ
3448 4672 3839 4744 διεξερχόμενοι,

2291 4770 2393 4832 ἐως
2424 4768 2609 4832 τέλους
2661 4768 2923 4829 ἄπτωτοι,
2975 4767 3075 4836 τὴν
3109 4767 3240 4836 μίαν
3265 4767 3491 4836 ἀγάπην
3554 4765 3687 4836 πρὸς
3716 4762 3840 4830 μόνον

2290 4863 2382 4916 τὸν
2410 4862 2543 4915 Θεὸν
2587 4861 2832 4931 ἔχοντες,
2863 4862 2958 4914 καὶ
3013 4861 3231 4914 πάντων
3290 4860 3525 4923 ἑαυτοὺς
3573 4857 3842 4916 λελυκότες.

2295 4953 2488 5007 Πολλοὶ
2535 4953 2645 5024 γὰρ
2717 4952 3184 5017 κατανύσσονται,
3255 4952 3352 5004 καὶ
3411 4949 3603 5004 πολλοὶ
3665 4950 3845 5019 χάριτος

2291 5047 2546 5118 οὐρανίου
2597 5045 2810 5117 μέτοχοι
2867 5045 3129 5114 γίνονται,
3156 5095 3160 5098 γ
3190 5045 3284 5099 καὶ
3314 5043 3478 5115 ἔρωτι
3511 5043 3740 5115 οὐρανίῳ

2293 5139 2654 5212 τρὼσκονται,
2685 5139 2820 5193 ἀλλά
2843 5138 2930 5192 διὰ
2957 5139 3080 5202 τοὺς
3109 5140 3165 5191 ἐν
3187 5138 3338 5209 μέσῳ
3364 5137 3590 5206 ἀγῶνας
3609 5138 3700 5190 καὶ
3712 5133 3845 5199 302+,-

2295 5249 2409 5297 σεις
2463 5232 2560 5284 καὶ
2604 5233 2801 5294 πόνους
2874 5231 2965 5284 καὶ
3034 5231 3375 5302 πειρασμοὺς
3439 5229 3731 5300 διαφόρους
3774 5220 3843 5277 τυῦ

2293 5324 2532 5398 πονηροῦ
2600 5325 2673 5395 μὴ
2725 5324 3126 5394 ὑπομένοντες,
3162 5325 3218 5376 ἐν
3276 5321 3562 5385 ποικίλαις
3619 5321 3708 5374 καὶ
3757 5318 3844 5369 διε-

2292 5421 2479 5490 φόροις
2508 5417 2824 5489 ἐπιθυμίαις
2871 5419 3166 5486 κοσμικαῖς
3198 5416 3562 5488 τρεπόμενοι,
3593 5415 3679 5468 διὰ
3712 5413 3759 5465 ιδ
3780 5407 3846 5460 θέο

2291 5515 2442 5583 λημα
2499 5509 2644 5581 ἔχειν
2675 5509 2905 5561 ἕκαστον
2950 5506 3043 5560 τοῦ
3083 5507 3366 5576 ἀγαπῆσαί
3426 5523 3483 5560 τι
3537 5505 3634 5560 τοῦ
3677 5503 3844 5570 κόσμου

2291 5605 2504 5670 τούτου,
2535 5604 2630 5658 καὶ
2659 5602 2733 5674 μὴ
2777 5599 3064 5655 λελυκέναι
3090 5601 3354 5655 πάντοθεν
3383 5599 3488 5670 τὴν
3521 5599 3736 5670 ἀγάπην
3768 5591 3843 5647 αὖ·

683 5748 756 5820 (l)
791 5747 955 5806 Uncis
989 5750 1201 5808 inclusa
1233 5756 1561 5827 supplentur
1592 5776 1658 5815 cx
1683 5759 1806 5816 cod.
1840 5777 1941 5818 ms.
1974 5760 2147 5818 Grtcc.
2184 5780 2238 5818 ιι.
2285 5764 2345 5818 16
2375 5762 2733 5820 Bibliotheca:
2765 5757 3159 5819 Berolincnsis.
