3948 6530
192 380 277 447 501
1394 388 1763 451 llOMlLI/R.

1803 414 1860 424 —-
1880 390 2064 450 HOM.
2107 391 2173 451 V.

3310 391 3414 453 502

191 496 293 560 τοῦ,
316 489 611 561 ἀπέμειναν
640 491 736 546 καὶ
764 492 1131 566 ἐϐυθίσθησαν
1169 495 1229 550 ἐν
1282 495 1358 569 τῷ
1401 499 1491 551 τοῦ
1531 500 1737 569 κόσμου

1845 504 2118 568 cordiam,
2162 511 2219 559 et
2268 501 2728 564 imbecillitatem.
2774 510 2831 556 et
2889 501 3269 570 timiditatem,
3320 514 3416 560 aut

191 586 340 660 βυθῷ,
369 584 453 639 διὰ
498 584 591 639 τοῦ
636 586 764 641 ίδίου
796 587 1100 658 θελήματος
1142 590 1455 658 ἀνανδρίαν,
1490 591 1584 644 καὶ
1612 591 1742 662 χαύ-

188 695 351 741 νωσιν,
383 676 414 746 ἧ
443 676 669 742 δειλίαν,
711 678 744 747 ἢ
779 679 848 732 δι’
878 680 1100 751 ἀγάπην
1139 680 1260 735 τινὰ
1298 682 1505 751 γήϊνον.
1540 684 1604 736 Ol
1634 683 1740 755 γὰρ

188 772 240 835 ἐξ
263 767 509 839 ἀληθείας
534 768 820 835 διεξελθεῖν
849 771 955 836 ἕως
985 772 1170 836 τέλους
1201 772 1259 825 ὲν
1288 773 1467 844 ἀγαθῇ
1494 773 1739 846 διαγωγῇ

188 862 477 935 βουλόμενοι
504 862 662 915 ἀλλον
688 862 868 933 ἔρωτα
898 864 992 918 καὶ
1020 865 1187 937 ἀλλην
1218 866 1444 937 ἀγάπην
1475 867 1573 921 σὺν
1599 868 1741 921 ἐκεί⁶

186 972 244 1025 vn
276 955 337 1023 τῇ
368 954 673 1023 ἐπουρανίῳ
709 954 1121 1025 παραδέξασθαι
1162 958 1425 1021 ἑκουσίως
1458 959 1554 1012 καὶ
1590 958 1740 1029 μῖξαι

183 1044 273 1097 οὐκ
298 1040 622 1109 ὀφείλουσιν,
653 1043 738 1096 ἴνα
774 1046 848 1114 μὴ
890 1045 1261 1115 ἐμποδισθῶσι
1308 1047 1417 1100 τῶν
1442 1064 1741 1117 πνευματι-

184 1133 302 1196 κῶν,
328 1132 418 1183 καὶ
450 1133 765 1201 στραφῶσιν
794 1137 875 1199 είς
912 1137 979 1189 τά
1021 1137 1217 1203 ὀπίσω,
1258 1138 1353 1191 καὶ
1390 1138 1544 1202 τέλος
1574 1139 1739 1192 ἐκπέ-

182 1243 303 1279 cum
339 1226 435 1293 τῆς
478 1224 642 1289 ζωῆς.
690 1227 898 1298 Ὥσπερ
926 1228 1035 1299 γὰρ
1089 1229 1304 1299 μεγάλα
1354 1230 1450 1283 καὶ
1494 1231 1739 1303 ἀλάλητα

180 1316 264 1368 καὶ
300 1313 662 1384 ἀνεκδιήγητα
692 1318 1087 1388 ἐπηγγελμένα
1124 1322 1274 1390 παρά
1302 1320 1425 1390 Θεῷ
1457 1323 1736 1392 τυγχάνει,

177 1406 307 1460 οὕτω
339 1405 572 1469 πίστεως
606 1407 700 1459 καὶ
744 1408 957 1472 ἐλπίδος
1004 1410 1098 1464 καὶ
1148 1410 1327 1463 πόνων
1382 1411 1476 1463 καὶ⁵
1512 1409 1739 1479 ἀγώνων

180 1497 414 1569 μεγάλων
444 1498 607 1568 χρεία
648 1501 742 1552 καὶ
780 1501 982 1571 πολλῆς
1027 1502 1378 1573 δοκιμασίας.
1422 1504 1497 1557 Ού
1534 1504 1642 1575 γάρ
1684 1521 1738 1557 τι

177 1588 358 1657 μικρὸν
380 1587 659 1656 τυγχάνει,
682 1588 718 1642 ἀ
741 1590 952 1657 ἐλπίζει
976 1593 1158 1660 ἀγαθά
1190 1592 1372 1646 λαϐεῖν
1394 1596 1422 1648 ὁ
1456 1594 1741 1664 ἅνθρωπος

182 1678 445 1751 βασιλείας
480 1680 729 1750 οὐρανῶν
764 1681 1079 1752 ἐπιθυμῶν·
1128 1680 1560 1753 συμῦασιλεῦσαι
1604 1683 1740 1753 Χρι-

174 1770 277 1842 στῷ
306 1771 385 1835 είς
428 1772 557 1835 τοὺς
588 1774 928 1844 ἀπεράντους
976 1773 1181 1837 αἰῶνας
1227 1774 1435 1844 βούλει,
1468 1775 1568 1827 καὶ
1612 1774 1739 1837 τοὺς

170 1862 376 1932 ἀγῶνας
406 1863 502 1917 καὶ
542 1865 740 1930 πόνους
774 1867 870 1919 καὶ
902 1866 1239 1937 πειρασμοὺς
1265 1864 1360 1919 τοῦ
1393 1865 1575 1934 ὀλίγου
1607 1866 1737 1935 χρό-
1764 1845 1810 1904 Β

171 1974 254 2010 νου
290 1955 385 2024 τῆς
430 1956 580 2026 ζωῆς
614 1956 819 2027 ταύτης
866 1954 1259 2021 καταδέξασθαι
1294 1954 1588 2026 προθύμως
1630 1956 1736 2018 ἓως

169 2047 391 2103 θανάτου
431 2048 494 2101 οὒ
550 2048 853 2119 καταδέχῃς
894 2048 987 2102 τοῦ
1019 2049 1227 2119 Κυρίου
1265 2048 1525 2119 βοῶντος·
1553 2044 1628 2099 EI
1645 2062 1732 2112 τις

168 2139 316 2195 θέλει
340 2140 537 2195 ὀπίσω
545 2158 665 2209 μου
680 2140 901 2206 ἐλθεῖν,
915 2138 1368 2209 ἀπαρνησάσθω
1381 2138 1620 2201 ἑαυτὸν,
1636 2136 1736 2192 καί

164 2232 348 2304 ἀράτω
369 2232 478 2286 τὸν
491 2234 759 2303 σταυρὸν
776 2232 964 2289 αὐτοῦ
984 2234 1117 2288 καθ’
1130 2232 1362 2302 ἡμέραν
1378 2232 1621 2300 χαίρων,
1637 2230 1737 2285 καί

164 2326 559 2381 ἀκολουθείτω
589 2345 713 2397 μοι.
737 2327 848 2381 Καί⁵
868 2326 1033 2380 πάλιν
1054 2340 1067 2353 ·
1116 2326 1259 2380 Ἐὰν
1273 2325 1359 2392 μή
1386 2341 1476 2390 τις
1495 2322 1734 2393 μισήσῃ

164 2417 398 2488 πατέρα,
410 2417 666 2488 μητέρα,
685 2417 961 2487 γυναῖκα,
983 2417 1185 2481 τέκνα,
1202 2408 1530 2484 ἀδελφοὺς,
1554 2411 1704 2468 ἀδελ
1717 2440 1737 2453 ο

163 2510 292 2578 φὰς,
318 2510 403 2563 ἔτι
424 2508 497 2562 δὲ
517 2510 614 2564 καὶ
637 2510 754 2577 τὴν
775 2507 992 2563 ἑαυτοῦ
1008 2505 1242 2577 ψυχὴν,
1260 2504 1332 2560 οὐ
1355 2504 1608 2558 δύναταί
1615 2519 1736 2573 μου

160 2596 303 2655 εἶναι
324 2598 635 2671 μαθητής-⁸
659 2600 708 2653 oi
725 2599 968 2653 πλεῖστοι
1018 2598 1077 2652 δὲ
1114 2596 1223 2652 τῶν
1253 2594 1556 2668 ἀνθρώπων
1578 2595 1737 2666 βασι-

163 2692 301 2756 λείας
336 2693 436 2763 μὲν
465 2693 746 2764 ἐπιτυχεῖν
776 2691 1076 2763 βούλονται,
1107 2692 1201 2746 καὶ
1222 2691 1320 2761 τὴν
1345 2690 1560 2746 αἰώνιον
1594 2687 1738 2758 ζωὴν

161 2786 558 2859 κληρονομῆσαι
592 2786 826 2854 θέλουσι,
848 2785 1018 2858 ζῇνδέ
1050 2789 1107 2841 ἐν
1126 2788 1237 2849 τοῖς
1269 2785 1416 2849 ἰδίοις
1441 2783 1622 2838 αὐτῶν
1649 2780 1739 2833 Οε-

160 2877 381 2950 λήμασι,
421 2880 523 2934 καὶ
573 2881 755 2943 αὐτοῖς
787 2880 1161 2944 ἐξακολουθεῖν
1190 2881 1291 2933 ούκ
1322 2878 1735 2940 ἀπαναίνονται,

163 2972 355 3042 μᾶλλον
380 2972 438 3026 δέ
466 2971 546 3043 τῷ
568 2974 845 3045 σπείροντι
862 2974 931 3027 τά
958 2973 1161 3045 μάταια
1184 2973 1229 3045 (i
1242 2972 1319 3042 6),
1344 2972 1439 3026 καὶ
1463 2972 1537 3043 μὴ
1564 2973 1740 3043 ἀπαρ-

161 3064 405 3135 νούμενοι
453 3065 686 3127 ἑαυτοὺς
744 3064 1024 3135 βούλονται
1070 3067 1169 3135 τὴν
1214 3064 1434 3119 αἰώνιον
1473 3065 1735 3138 κληρονου

162 3156 329 3226 μῆσαι
362 3156 535 3226 ζωὴν,
568 3156 706 3228 ὅπερ
738 3158 881 3210 ἐστὶν
926 3156 1209 3212 ἀδύνατον.

233 3245 293 3301 '0
325 3249 435 3319 γάρ
470 3247 631 3316 λόγος
669 3247 762 3301 τοῦ
789 3249 996 3320 Κυρίου
1026 3248 1232 3322 ἀληθὴς
1268 3249 1547 3319 τυγχάνει.
1583 3241 1742 3304 Οὗτοι

158 3340 262 3410 γαρ
290 3339 541 3395 ἄπτωτοι
579 3339 963 3412 διεξέρχονται,
987 3342 1036 3395 οί
1084 3340 1228 3395 κατά
1259 3341 1358 3412 τὴν
1395 3342 1617 3412 ἐντολὴν
1649 3340 1742 3395 τοῦ

160 3431 358 3501 Κυρίου
384 3430 764 3501 ἀρνησάμενοι
790 3430 903 3484 ὅλοι
926 3431 985 3498 ἐξ
1012 3431 1134 3485 ὅλου
1162 3432 1410 3496 ἑαυτοὺς,
1443 3433 1535 3485 καὶ
1565 3432 1745 3495 πάσας

156 3522 250 3587 τάς
280 3525 375 3577 τοῦ
406 3524 619 3595 κόσμου
649 3524 952 3595 ἐπιθυμίας
1004 3526 1099 3579 καὶ
1151 3524 1384 3595 δεσμοὺς
1416 3526 1513 3579 καὶ
1537 3541 1744 3595 μετεω-

158 3618 388 3687 ρισμοὺς
430 3618 527 3671 καὶ
555 3616 749 3683 ήδονάς
800 3618 894 3672 καὶ
926 3617 1186 3687 ἀσχολίας
1211 3616 1617 3687 βδελυξάμενοι,
1648 3617 1745 3671 καὶ

156 3708 312 3762 αὐτὸν
345 3710 516 3779 μόνον
550 3710 657 3780 πρὸ
685 3710 982 3779 ὀφθαλμῶν
1012 3708 1245 3780 ἔχοντες,
1286 3708 1498 3771 καὶτὰς
1525 3709 1744 3774 ἐντολάς

156 3798 318 3853 αὐτοῦ
378 3802 563 3854 ποιεῖν
611 3801 1006 3872 ἐπιθυμοῦντες
1036 3841 1051 3867 ,
1102 3798 1243 3853 ὥστε
1306 3800 1422 3870 ἰδίῳ
1476 3800 1744 3870 θελήματι

163 3891 580 3963 ἀποστρέφεται
599 3892 853 3955 ἕκαστος,
875 3895 976 3962 τῆς
1007 3891 1286 3963 βασιλείας
1307 3891 1368 3945 τὸ
1396 3891 1456 3957 ἐξ
1488 3892 1743 3962 ἀληθείας

156 3981 230 4052 μὴ
269 3982 501 4055 θελῆσαι
572 3982 758 4036 λαὸεῖν
802 3983 895 4036 καὶ
955 3982 1297 4055 ἀρνήσασθαι
1352 3982 1541 4037 ἑαυτὸν
1568 4024 1583 4050 ,
1648 3984 1743 4035 καὶ

152 4075 375 4148 ἀγαπᾷν
414 4094 469 4129 τι
509 4076 609 4130 σὺν
642 4076 827 4147 ἐκείνῃ
870 4077 935 4147 τῇ
983 4076 1196 4147 ἀγάπῃ,
1231 4075 1310 4144 τῷ
1356 4075 1579 4146 ἥδεσθαί
1629 4091 1743 4128 τισι

150 4167 244 4221 τοῦ
276 4169 484 4233 αἰῶνος
514 4168 710 4222 τούτου
737 4168 953 4238 ἡδοναῖς
979 4168 1012 4239 ἡ
1048 4168 1390 4237 ἐπιθυμίαις,
1427 4169 1523 4222 καὶ
1556 4167 1632 4238 τῷ
1667 4169 1741 4240 μὴ

150 4259 279 4331 ὅλην
322 4262 427 4331 τὴν
458 4262 706 4331 ἀγάπην,
756 4263 881 4314 ὅσον
907 4264 966 4315 ἐν
1002 4260 1324 4332 προαιρέσει
1353 4262 1449 4315 καὶ
1478 4260 1743 4332 θελήματι

144 4351 404 4419 δυνατὸν,
437 4353 583 4424 πρὸς
612 4354 816 4425 Κύριον
849 4353 1017 4424 ἔχειν.
1057 4353 1149 4418 Ἐξ
1179 4353 1299 4417 ἑνὸς
1326 4354 1384 4407 δὲ
1416 4353 1744 4423 ὑποδείγμα-

148 4461 240 4507 τος
295 4446 603 4516 συννόησόν
665 4464 756 4516 μοι
806 4446 1007 4503 πάντα.
1060 4445 1362 4517 Διακρίνων
1403 4444 1505 4516 μὲν
1569 4445 1741 4499 ἐνίοτε

1842 595 1915 652 ob
1950 604 2267 652 terrestrem
2303 595 2596 665 quamdam
2629 595 3003 650 dilectionem.
3041 594 3143 660 Qui
3175 594 3322 650 enim
3358 596 3416 651 in

1842 690 2073 744 veritate
2098 689 2163 743 ad
2197 688 2358 744 tinem
2394 688 2686 759 pervenire
2714 689 2906 742 volunt
2936 688 2989 741 in
3017 686 3161 742 bona
3189 703 3417 743 conver-

1842 782 2077 844 satione.
2109 782 2275 837 alium
2310 796 2554 837 amorem
2589 789 2683 835 aut
2714 781 2875 835 aliam
2908 778 3259 834 dilectionem
3290 794 3415 834 cum

1844 872 1934 927 illa
1990 873 2199 929 coelesti
2246 874 2543 929 dilectione
2604 872 2895 928 admittere
2944 871 3182 927 libenter
3226 880 3282 927 et
3316 873 3417 928 ad-

1842 963 2073 1020 miscere
2119 981 2243 1029 non
2287 965 2512 1031 debent,
2547 981 2615 1020 nc
2670 964 3042 1035 impediantur
3082 978 3114 1019 a
3152 962 3416 1033 spiritua-

1840 1056 2007 1119 libus,
2037 1065 2092 1109 et
2123 1064 2519 1111 convertantur
2541 1066 2866 1121 retrorsum,
2897 1064 2954 1111 et
2979 1054 3202 1111 demum
3235 1070 3267 1110 a
3306 1056 3417 1111 vita

1840 1165 1939 1205 sua
1973 1150 2250 1205 excidant.
2289 1150 2444 1205 Sicut
2482 1150 2633 1205 enim
2672 1166 2886 1221 magna,
2914 1160 2970 1205 et
3014 1150 3334 1217 inell’abilia,
3362 1160 3419 1206 et

1841 1241 2231 1297 inenarrabilia
2293 1242 2566 1313 promissa
2606 1243 2751 1312 apud
2802 1243 2975 1297 Deum
3020 1242 3415 1309 inveniuntur;

1841 1332 1916 1387 ita
1952 1333 2077 1399 ﬁde,
2110 1344 2166 1388 et
2191 1348 2287 1403 spe
2319 1343 2375 1389 et
2398 1334 2682 1389 laboribus
2715 1341 2772 1388 et
2808 1334 3008 1403 pugnis
3032 1333 3244 1403 magnis
3274 1349 3419 1403 opus

1839 1434 1923 1480 est
1946 1434 2003 1479 et
2042 1426 2212 1479 multa
2240 1424 2585 1495 probatione.
2617 1426 2737 1479 Non
2768 1426 2915 1480 enim
2952 1439 3183 1495 parvum
3208 1425 3418 1495 aliquid

1839 1527 1972 1573 sunt
2014 1518 2157 1573 bona
2215 1534 2336 1589 quae
2382 1526 2569 1588 sperat
2632 1518 2798 1572 homo
2868 1517 3141 1587 accipere,
3199 1517 3421 1586 quando

1839 1625 2068 1680 regnum
2115 1612 2380 1666 caelorum
2419 1611 2639 1667 aﬂ‘ectat
2690 1629 2703 1663 :
2757 1625 2987 1682 regnare
3037 1624 3162 1665 cum
3198 1609 3420 1665 Christo

1841 1700 1899 1755 in
1943 1701 2155 1755 infinita
2184 1703 2382 1757 saecula
2415 1701 2594 1771 cupis,
2621 1710 2677 1757 et
2718 1715 2931 1773 pugnas
2976 1708 3034 1755 et
3082 1700 3302 1755 labores
3365 1712 3423 1755 et

1840 1792 2175 1848 tentationes
2229 1792 2416 1847 brevis
2473 1794 2739 1862 temporis
2768 1775 2935 1865 hujus
2970 1792 3098 1847 vitze
3146 1792 3422 1847 sustinere

1847 1885 2075 1940 viriliter
2108 1900 2281 1955 usque
2327 1883 2395 1939 ad
2430 1893 2664 1940 mortem
2719 1899 2829 1939 non
2880 1884 3161 1955 suscipis?
3192 1884 3421 1939 Dicente

1840 1974 2073 2030 Domino
2098 1992 2111 2027 :
2135 1972 2193 2029 Si
2218 1974 2331 2045 quis
2361 1974 2471 2028 vult
2506 1976 2682 2029 venire
2716 1983 2833 2045 post
2862 1991 2965 2039 me,
2991 1976 3211 2046 abneget
3241 1984 3422 2029 semet-

1840 2066 2034 2134 ipsum,
2068 2073 2117 2119 et
2161 2064 2317 2119 tollat
2367 2081 2575 2120 crucem
2603 2083 2761 2120 suam
2788 2066 3021 2136 quotidie
3063 2067 3319 2136 gaudens,
3372 2075 3422 2120 et

1840 2166 2092 2227 sequatur
2129 2173 2211 2210 me
2233 2156 2313 2223 ⁵⁸;
2353 2164 2410 2211 et
2437 2172 2657 2211 rursum
2684 2174 2698 2212 :
2726 2154 2785 2212 Si
2825 2159 2941 2229 quis
2986 2174 3092 2213 non
3126 2158 3292 2212 oderit
3322 2176 3423 2228 pa-

1844 2256 2000 2317 trem,
2031 2256 2278 2316 matrem,
2308 2265 2550 2315 uxorem,
2588 2248 2756 2318 ﬁlias,
2802 2250 3020 2320 fratres,
3066 2266 3293 2315 sorores,
3322 2250 3423 2304 ad-

1843 2341 1943 2395 huc
1989 2352 2167 2396 autem
2205 2350 2255 2396 et
2290 2343 2528 2397 animam
2554 2358 2732 2409 suam,
2778 2359 2884 2396 non
2920 2350 3089 2413 potest
3126 2358 3272 2396 meus
3316 2358 3425 2396 esse

1843 2436 2127 2507 discipulus
2142 2438 2209 2491 η.
2237 2437 2495 2508 Plerique
2525 2437 2781 2494 homines
2806 2452 3037 2509 regnum
3067 2435 3299 2510 adipisci
3330 2453 3426 2493 vo-

1843 2528 1988 2594 lunt,
2019 2538 2075 2585 et
2105 2538 2369 2586 aeternam
2414 2530 2584 2586 vitam
2612 2530 2867 2601 accipere
2914 2531 3188 2601 cupiunt;
3236 2532 3426 2587 vivere

1844 2630 2029 2677 autem
2088 2623 2145 2677 in
2200 2621 2439 2693 propriis
2486 2622 2603 2677 suis
2639 2621 3043 2689 voluntatibus,
3090 2630 3151 2677 et
3178 2622 3287 2677 illis
3321 2623 3425 2677 ob-

1846 2724 2154 2784 temperare
2184 2730 2293 2769 non
2323 2723 2605 2779 recusant,
2650 2713 2823 2785 magis
2854 2724 3038 2769 autem
3066 2714 3275 2770 similes
3296 2715 3424 2770 facti

1848 2803 1979 2859 huic
2016 2805 2111 2874 qui
2150 2818 2290 2859 vana
2337 2804 2597 2865 seminat,
2642 2818 2825 2873 neque
2865 2804 3200 2874 abnegantes
3227 2814 3426 2859 semet-

1846 2895 1997 2965 ipsos
2023 2896 2219 2950 volunt
2240 2903 2501 2951 aeternam
2528 2895 2696 2949 vitam
2733 2894 3020 2966 accipere;
3050 2892 3198 2965 quod
3221 2893 3427 2963 impos-

1848 2989 2007 3044 sibile
2039 2999 2143 3045 est.

1916 3259 2112 3314 Sermo
2139 3256 2287 3312 enim
2327 3253 2545 3309 Domini
2586 3268 2750 3308 verus
2790 3250 3093 3306 invenitur.
3146 3249 3281 3304 Nam
3345 3249 3425 3305 illi

1846 3351 2000 3422 lapsu
2068 3347 2431 3421 perveniunt,
2496 3345 2591 3416 qui
2654 3343 2956 3399 secundum
3011 3341 3225 3397 Domini
3271 3355 3430 3396 man-

1845 3444 2034 3498 datum
2082 3442 2355 3512 abnegant
2384 3438 2486 3494 toti
2517 3436 2747 3507 seipsos,
2784 3445 2839 3491 et
2872 3434 3057 3490 omnia
3108 3433 3303 3488 mundi
3334 3448 3429 3488 cu-

1844 3534 2127 3605 piditates,
2159 3531 2398 3596 vincula,
2436 3528 2745 3599 superbias,
2803 3528 3117 3596 voluptates
3140 3533 3197 3579 et
3247 3526 3425 3594 impe-

1845 3626 2090 3681 dimenta
2146 3624 2450 3695 abjieiant,
2510 3631 2567 3677 et
2624 3621 2779 3674 illum
2831 3618 3007 3674 solum
3066 3630 3189 3686 qua:
3250 3616 3428 3670 oculis

1849 3716 2078 3781 habent,
2106 3723 2163 3771 et
2217 3715 2364 3769 illius
2413 3713 2669 3768 mandata
2703 3725 2927 3767 servare
2958 3708 3211 3777 cupiunt,
3263 3706 3338 3759 ita
3366 3716 3427 3759 ut

1844 3810 2079 3880 quisque
2115 3808 2333 3879 propria
2363 3806 2643 3861 voluntate
2689 3810 2990 3866 avertatur,
3024 3813 3251 3870 regnum
3280 3797 3427 3851 nolle

1845 3902 1903 3957 in
1955 3901 2190 3955 veritate
2245 3898 2499 3954 obtinere
2564 3905 2621 3951 et
2700 3895 2939 3965 seipsum
3009 3892 3325 3963 abnegare,
3371 3897 3428 3943 et

1844 3993 2075 4066 diligere
2114 3990 2325 4061 aliquid
2356 4005 2482 4044 cum
2538 3988 2630 4042 illa
2662 3987 2984 4048 dilectione,
3032 3982 3321 4055 gaudendo
3372 3982 3429 4035 in

1845 4086 2128 4157 aliquibus
2181 4082 2369 4140 saeculi
2431 4081 2597 4151 hujus
2646 4077 3027 4148 voluptatibus
3064 4084 3119 4130 et
3153 4072 3427 4142 cupiditas

1846 4176 2015 4240 tibus,
2068 4185 2125 4230 et
2192 4188 2303 4228 non
2359 4170 2615 4227 habendo
2666 4170 2724 4224 in
2758 4169 3051 4223 Dominum
3080 4176 3247 4222 totam
3283 4165 3423 4220 dile-

1846 4267 2107 4333 ctionem,
2149 4271 2415 4334 quantum
2452 4259 2746 4316 intentioni
2787 4268 2843 4314 et
2864 4258 3135 4314 voluntati
3166 4255 3427 4328 possibile

1844 4368 1949 4416 est.
1984 4360 2064 4414 Ex
2106 4372 2217 4412 uno
2257 4356 2509 4425 exemplo
2553 4353 2690 4408 mihi
2720 4351 2964 4422 intellige
3016 4349 3221 4403 omnia.
3266 4347 3429 4403 Judi-

1845 4450 2021 4507 cando
2052 4450 2265 4521 judieat
2317 4450 2553 4518 quisque
2603 4453 2660 4501 et
2696 4442 2877 4498 noscit
2930 4441 3257 4496 indecorum
3305 4454 3428 4493 esse

144 4536 419 4607 διακρίνει
480 4536 712 4600 ἕκαστος
764 4538 860 4592 καὶ
891 4534 1065 4603 οἶδεν,
1120 4538 1203 4590 ὅτι
1258 4537 1460 4591 ἄτοπόν
1515 4539 1683 4603 ἐστιν,
1714 4537 1740 4589 ὃ

1847 4542 1993 4615 quod
2033 4542 2216 4598 facere
2252 4541 2406 4605 vult;
2459 4537 2556 4593 sed
2584 4537 2805 4608 quando
2838 4534 3018 4605 diligit
3043 4539 3100 4587 et
3128 4547 3237 4585 non
3270 4545 3429 4584 recu-

148 4626 289 4681 θέλει
318 4628 580 4701 ποιῆσαι,
626 4629 743 4683 ἀλλ’
768 4630 958 4701 ἐπειδὴ
993 4630 1185 4700 ἀγαπᾷ
1220 4630 1315 4683 καὶ
1346 4629 1447 4683 ούκ
1476 4629 1741 4700 ἀρνεῖται,

142 4723 379 4793 ἥττηται
441 4722 620 4794 αὐτῷ.
677 4724 954 4794 Πρότερον
1004 4724 1109 4795 γάρ
1143 4723 1252 4777 ἔσω
1282 4724 1340 4777 ἐν
1384 4724 1451 4794 τῇ
1484 4723 1682 4795 καρδίᾳ
1716 4723 1744 4775 ὀ

144 4814 385 4885 πόλεμος
415 4815 658 4884 γίνεται,
701 4816 797 4869 καὶ
845 4817 874 4869 ὀ
902 4815 1075 4884 ἀγὼν,
1102 4817 1198 4869 καὶ
1231 4815 1290 4868 τὸ
1324 4816 1611 4887 στάθμιον,
1645 4816 1740 4869 καὶ

142 4906 373 4976 ἡροπὴ,
420 4906 525 4959 καὶ
572 4905 634 4959 τὸ
682 4903 869 4974 ζύγιον
920 4905 1021 4975 τῆς
1059 4905 1282 4974 ἀγάπης
1330 4904 1424 4956 τοῦ
1452 4902 1610 4965 Θεοῦ,
1644 4906 1739 4956 καὶ

144 5000 240 5068 τῆς
272 4998 513 5069 ἀγάπης
550 4998 645 5051 τοῦ
679 4999 911 5069 κόσμου,
959 4998 1057 5051 καὶ
1094 4998 1214 5050 τότε
1249 4996 1598 5067 προέρχεται,
1645 4998 1739 5052 καὶ

144 5088 417 5162 διακρίνει
458 5091 718 5157 ἕκαστος,
766 5091 817 5143 εί
856 5090 997 5162 τύχῃ
1028 5092 1108 5154 είς
1138 5091 1321 5160 μάχην
1369 5090 1465 5142 καὶ
1510 5090 1739 5159 διαπλη-

146 5183 379 5253 κτισμὸν
411 5182 559 5252 πρὸς
594 5182 686 5237 τὸν
722 5182 975 5250 ἀδελφὸν,
1004 5181 1176 5247 λέγων
1214 5184 1271 5235 ἐν
1293 5178 1493 5252 ἐαυτῷ·
1542 5183 1737 5243 Είπως

148 5275 363 5346 λαλήσω
388 5292 405 5340 ;
440 5274 585 5328 ἀλλά
619 5274 695 5345 μὴ
723 5273 979 5347 λαλήσως
1012 5273 1372 5347 μνημονεύων
1403 5274 1502 5342 μὲν
1532 5274 1740 5328 καὶτοῦ

212 5457 258 5488 ⁸⁸
284 5454 496 5513 Matth.
533 5472 643 5522 xvi,
670 5457 759 5511 24.
839 5458 883 5490 ⁵⁸
908 5456 1042 5513 Luc.
1067 5472 1179 5523 xw,
1209 5457 1299 5511 26.

1845 4647 1951 4701 sat,
2005 4636 2113 4691 hoc
2141 4634 2403 4689 vincitur.
2444 4630 2690 4687 Primum
2757 4628 2904 4683 enim
2958 4626 3013 4681 in
3062 4624 3228 4679 corde
3276 4623 3429 4676 intus

1846 4729 2052 4784 bellum
2097 4726 2177 4790 (it,
2224 4733 2281 4780 et
2336 4739 2556 4794 pugna,
2603 4731 2660 4777 et
2705 4719 2951 4779 libratio,
2989 4714 3424 4787 ponderatioquc

1843 4816 2194 4873 dilectionem
2228 4813 2324 4869 Dei
2352 4814 2495 4867 inter
2524 4820 2581 4865 et
2620 4811 2974 4865 dilectionem
3031 4804 3253 4867 mundi;
3298 4815 3429 4855 tunc

1844 4908 2059 4965 accedit
2123 4906 2364 4977 quisque
2432 4913 2487 4957 et
2534 4902 2779 4973 judicat,
2841 4900 2886 4953 si
2943 4898 3085 4952 forte
3132 4904 3323 4965 agatur
3360 4894 3427 4947 de

1846 5003 1964 5057 rixa
2005 5011 2061 5055 et
2106 4998 2391 5054 iracundia
2428 5004 2619 5051 contra
2658 4996 2881 5048 fratrem
2918 5009 2931 5045 ι
2966 4990 3166 5051 dicam,
3190 4997 3285 5041 aut
3314 5002 3424 5040 non

1847 5092 2067 5148 dicam?
2104 5091 2322 5159 loquar,
2371 5096 2466 5142 aut
2500 5102 2611 5141 non
2658 5084 2894 5154 loquar?
2950 5094 3161 5136 memor
3203 5076 3427 5147 quidem

1849 5184 1967 5247 Dei,
2013 5180 2109 5237 sed
2157 5180 2439 5253 prOpriaiu
2515 5177 2743 5248 gloriam
2799 5187 3137 5246 procurans,
3194 5179 3249 5223 et
3316 5182 3427 5223 non

1852 5272 2092 5341 seipsum
2150 5269 2471 5339 abnegaus,
2530 5282 2722 5322 verum
2768 5267 2810 5319 si
2864 5263 3025 5335 paulo
3077 5260 3428 5331 prtevalnerit

1467 5611 1696 5671 VARI/IS
1728 5606 2130 5667 LECTIONES.

220 5755 336 5825 (lG)
400 5749 585 5807 Locos
618 5762 764 5809 certe
791 5752 1046 5815 mutilus;
1093 5763 1211 5829 post
1248 5753 1446 5823 μάταια
1484 5752 1688 5809 nullum
1747 5750 1799 5805 iu
1837 5745 2023 5802 codice
2079 5736 2547 5814 interpunctionis
2584 5734 2799 5806 signum
