3948 6528
569 411 677 475 503

1808 402 1870 462 S.
1909 395 2232 461 MACARII
2266 395 2588 460 IEGYP‘I‘II
3699 385 3783 452 5M

567 517 790 575 dilectio
823 525 877 572 et
901 517 1117 589 pondus
1157 516 1350 574 mundi
1399 515 1458 572 in
1511 514 1695 572 cordis
1746 512 1914 580 libra,
1947 508 2129 567 statim

2241 509 2402 572 Θεοῦ,
2433 509 2570 564 ἀλλὰ
2601 507 2702 578 τὴν
2748 505 2886 562 ίδίαν
2912 503 3074 572 δόξαν
3105 502 3585 577 περιποιούμενος,
3616 502 3698 559 καί
3723 508 3783 574 μὴ

569 611 924 684 progreditur
951 627 1154 683 pravus
1185 625 1369 666 sermo
1413 625 1587 681 usque
1618 608 1686 666 ad
1734 607 1902 663 labia.
1928 603 2140 661 Deinde

564 711 830 774 tanquam
869 705 1096 775 sagittas
1139 703 1384 774 dirigens
1438 717 1594 758 mens
1629 702 1780 756 intus
1827 699 2141 770 proximum

566 797 697 850 telis
724 795 939 867 impetit
981 812 1081 866 per
1130 796 1396 867 linguam,
1434 794 1647 868 iaciens
1679 792 1784 848 tela
1821 803 2140 847 sermonum

564 888 1094 943 cuntumeliosorttm
1135 886 1190 940 in
1247 869 1532 941 voluntate
1580 895 1907 954 spontanea,
1953 893 2141 934 suam-

564 988 678 1034 met
728 979 956 1049 gloriam
1005 993 1330 1048 procurans.
1397 976 1604 1032 Deinde
1656 963 1845 1030 multis
1892 975 1967 1029 ita
2014 972 2142 1029 telis

563 1071 872 1142 proximum
920 1071 1192 1140 impetens
1231 1086 1330 1141 per
1361 1069 1791 1125 contumeliosos
1832 1082 2138 1130 sermones,

564 1163 872 1233 usquedum
933 1170 990 1218 et
1049 1161 1108 1218 in
1170 1162 1408 1218 decursu
1465 1167 1675 1216 crescat
1730 1167 2016 1231 peccatqu
2069 1157 2140 1212 ad

560 1255 815 1310 laesiones
859 1254 1154 1324 aliquando
1201 1263 1257 1309 et
1306 1255 1572 1317 vulnera,
1631 1252 1689 1306 in
1746 1267 1977 1322 corpore
2017 1266 2140 1304 mu-

561 1353 687 1399 tuas
735 1343 866 1399 belli
927 1352 1114 1414 partes
1165 1351 1428 1410 exercet,
1479 1342 1812 1412 quandoque
1853 1355 2027 1410 usque
2070 1339 2137 1393 ad

562 1445 836 1503 mortem;
869 1436 950 1492 sic
1006 1435 1159 1492 necis
1189 1445 1382 1491 auctor
1435 1433 1670 1490 eilicitur
1719 1433 1960 1488 hominis
1985 1433 2138 1502 pravi

559 1528 868 1598 cupiditas,
912 1528 1061 1593 vide,
1109 1529 1256 1585 unde
1299 1537 1491 1584 exorta
1538 1529 1652 1594 sit,
1695 1536 1752 1583 et
1794 1527 2010 1598 qualem
2042 1526 2140 1580 ha-

564 1619 751 1674 buerit
783 1620 943 1674 finem
975 1620 1200 1674 dilectio
1228 1620 1518 1675 mundanae
1542 1621 1730 1691 gloria:
1749 1620 1992 1691 pondere
2009 1634 2141 1688 pra:-

558 1709 748 1763 valens
771 1711 823 1763 in
851 1709 1033 1764 cordis
1060 1709 1197 1764 libra
1215 1720 1270 1764 et
1291 1712 1513 1781 propria
1539 1711 1842 1767 voluntate.
1866 1711 2136 1778 Quoniam

557 1801 704 1856 enim
749 1802 948 1872 aliquis
979 1803 1222 1873 seipsum
1253 1819 1365 1858 non
1413 1803 1722 1875 abnegavit,
1775 1813 1831 1858 et
1866 1803 2072 1873 aliquid
2106 1820 2137 1858 e

556 1894 766 1948 nmndo
794 1893 1008 1960 dilexit,
1044 1895 1136 1950 illa
1156 1896 1340 1950 omnia
1362 1894 1564 1967 ﬂagitia
1593 1897 1875 1952 eveniunt.
1911 1897 1988 1950 lta
2012 1912 2133 1952 esse

556 1985 828 2040 arbitrare
874 1986 931 2041 in
974 2002 1307 2062 quocunque
1356 1995 1584 2058 peccato
1633 1997 1689 2044 et
1730 1988 2134 2045 consuetudine

554 2079 720 2145 mala,
749 2094 875 2135 cum
909 2079 1193 2136 blanditur
1223 2081 1429 2136 malitia
1469 2091 1526 2136 et
1558 2082 1895 2137 voluntatem
1935 2082 2134 2137 mentis

555 2170 785 2226 inclinat
826 2172 894 2226 ad
935 2173 1241 2228 mundanas
1284 2173 1617 2245 cupiditates
1663 2184 1719 2230 et
1752 2174 2042 2230 illecebras
2078 2181 2136 2228 et

553 2261 863 2331 voluptates
891 2265 1092 2320 carnis.
1123 2263 1198 2320 Ita
1220 2281 1383 2322 omne
1403 2267 1626 2321 malitia:
1647 2281 1786 2336 opus
1807 2275 2096 2323 exercetur
2114 2308 2129 2334 ,

553 2349 631 2407 ita
665 2352 1024 2424 impudicitiae
1056 2365 1114 2412 et
1160 2357 1396 2426 furtum,
1437 2360 1512 2414 ita
1546 2359 1776 2414 avaritia
1802 2367 1858 2413 et
1887 2359 2130 2431 pigritia,

553 2440 630 2497 ita
657 2443 778 2497 auri
803 2445 1080 2515 cupiditas
1100 2454 1157 2502 et
1186 2461 1326 2502 vana
1361 2447 1555 2520 gloria,
1584 2449 1660 2503 ita
1699 2447 1907 2504 invidia
1933 2457 1990 2505 et
2012 2464 2131 2504 am-

551 2530 716 2598 bitio,
760 2541 816 2589 et
849 2537 1222 2608 quodcunque
1252 2547 1336 2595 est
1370 2540 1591 2596 malitiae
1615 2555 1774 2610 opus.
1821 2540 2132 2612 Aliquando

551 2640 719 2696 opera
765 2643 888 2699 quae
936 2630 1079 2687 bona
1126 2633 1387 2689 videntur
1433 2634 1499 2688 ad
1542 2634 1768 2704 gloriam
1816 2644 1874 2691 et
1907 2633 2129 2690 laudem

549 2718 837 2778 hominum
868 2724 1252 2794 perficiuntur,
1305 2742 1428 2797 qua:
1486 2727 1630 2798 apud
1693 2729 1866 2784 Deum
1930 2729 2130 2784 similia

548 2818 679 2865 sunt
712 2811 1014 2882 injustitire,
1039 2815 1189 2872 furto
1228 2825 1284 2872 et
1330 2818 1456 2874 aliis
1490 2819 1751 2889 peccatis.
1784 2821 1929 2876 Deus
1981 2821 2130 2876 enim

547 2901 719 2958 dicit:
752 2904 1008 2970 Dispersi!
1032 2924 1150 2963 ossa
1172 2925 1356 2964 eorum
1385 2901 1475 2982 q'ui
1500 2912 1797 2967 hominibus
1825 2912 2034 2984 placent
2051 2914 2126 2980 ‘°;

549 2993 626 3050 ita
657 3005 717 3051 ut
741 3013 841 3068 per
871 3016 935 3055 ea
961 3015 1085 3071 qua:
1114 3002 1257 3058 bona
1281 3003 1542 3058 videntur
1569 3006 1842 3077 malignus
1874 3008 2130 3063 minister

547 3085 786 3158 diligens
811 3105 1078 3160 apparere
1101 3093 1255 3158 velit,
1279 3094 1466 3149 varius
1491 3095 1636 3149 enim
1681 3104 1766 3152 est
1805 3107 1860 3152 et
1894 3099 2129 3153 mendax

547 3178 608 3234 in
667 3180 1072 3283 cupiditatibus
1150 3186 1368 3242 mundi.
1433 3187 1568 3283 Nam
1620 3204 1719 3283 per
1773 3189 2126 3248 dilectionem
2156 3223 2200 3283 α

547 3269 843 3339 quamdam
866 3281 1188 3330 terrestrem
1239 3285 1295 3332 et
1339 3278 1636 3344 carnalem,
1661 3279 1717 3333 in
1745 3294 1853 3349 qua
1894 3281 2132 3337 vincitur

547 3361 717 3418 homo
754 3364 978 3434 propria
1028 3367 1330 3434 voluntate,
1379 3370 1622 3424 allicitur
1675 3371 1903 3438 malitia,
1935 3382 1997 3429 ut
2038 3374 2132 3430 ﬁat

547 3454 627 3510 illi
657 3455 939 3512 vinculum
979 3457 1272 3516 insolubile
1308 3469 1367 3516 et
1409 3461 1628 3517 sarcina
1667 3464 1871 3533 gravis,
1901 3465 2128 3522 immer-

545 3562 682 3618 gens
721 3557 778 3603 et
820 3549 1098 3606 suﬂ'ocans
1141 3567 1267 3607 eum
1303 3553 1358 3608 in
1399 3554 1602 3609 saeculo
1637 3556 1917 3626 nequitia,
1949 3573 2131 3630 neque

545 3641 738 3696 sinens
785 3656 1096 3714 assurgere,
1137 3652 1194 3700 et
1238 3645 1307 3700 ad
1355 3646 1529 3701 Deum
1576 3645 1796 3714 redire;
1843 3652 2128 3720 quoniam,

543 3732 816 3803 quidquid
852 3749 882 3789 e
910 3735 1118 3791 mundo
1161 3738 1363 3808 aliquis
1403 3739 1681 3810 dilexerit,
1713 3740 1859 3801 illius
1890 3755 2130 3802 mentem

543 3824 810 3893 opprimit
842 3833 899 3881 et
923 3827 1157 3895 obtinet,
1198 3846 1380 3901 neque
1418 3848 1706 3908 assurgere
1741 3839 1891 3895 sinit.
1923 3839 1980 3894 In
2024 3840 2128 3898 hac

542 3916 693 3972 enim
730 3916 1028 3976 libratione
1071 3932 1126 3977 et
1172 3925 1570 3994 ponderatione
1618 3945 1741 3999 quae
1788 3932 2128 4000 per'libram

541 4006 768 4063 malitia
817 4007 899 4075 fit,
953 4011 1214 4081 penditur
1250 4023 1305 4069 et
1337 4016 1599 4084 probatur
1637 4033 1801 4074 omne
1841 4019 2128 4078 hominum

542 4113 737 4169 genus,
758 4098 1200 4158 Christianorum
1224 4121 1421 4176 nempe
1443 4109 1496 4162 in
1523 4109 1756 4166 urbibus
1785 4111 2125 4184 degentium,

542 4199 640 4246 aut
673 4191 730 4246 in
759 4193 1063 4259 montibus,
1101 4204 1198 4251 aut
1228 4198 1281 4252 in
1311 4203 1682 4270 monasteriis,
1715 4214 1810 4260 aut
1861 4199 1916 4260 in
1960 4206 2124 4277 agris,

542 4291 639 4337 aut
665 4282 721 4337 in
746 4283 982 4341 desertis
1011 4286 1169 4351 locis,
1215 4289 1343 4357 quia
1368 4291 1651 4348 voluntate
1710 4295 1932 4365 propria
1963 4297 2130 4352 scdu-

542 4383 669 4430 etus
699 4375 866 4431 homo
891 4377 1070 4449 diligit
1097 4379 1305 4451 aliquid
1326 4392 1382 4438 et
1413 4383 1610 4454 quovis
1634 4387 1796 4442 modo
1836 4389 2016 4445 vineta
2045 4400 2129 4446 est

541 4465 666 4534 ejus
697 4466 945 4532 dilectio,
981 4477 1037 4524 et
1067 4486 1176 4526 non
1207 4481 1291 4527 est
1329 4481 1443 4528 tota
1493 4473 1550 4528 in
1579 4474 1788 4542 Deum;
1822 4477 1914 4551 hic
1954 4479 2124 4546 enim,

2242 602 2436 659 ἑαυτὸν
2480 601 2832 674 ἀρνούμενος.
2888 599 3035 654 Ἀλλ’
3085 599 3184 653 ἐὰν
3226 597 3408 666 ὀλίγον
3451 593 3785 670 καταδαρήση

2241 697 2274 768 ἠ
2304 696 2490 766 ἀγάπη
2519 693 2614 748 τοῦ
2649 693 2856 764 κόσμου
2901 691 2997 747 καὶ
3023 692 3058 764 ἡ
3087 689 3228 762 ῥοπὴ
3259 690 3322 743 ὲν
3346 687 3426 759 τῷ
3454 689 3554 758 τῆς
3591 688 3785 758 καρδίας

2241 787 2446 859 ζυγίῳ,
2476 785 2639 851 εὐθὺς
2667 786 2994 858 προέρχεται
3027 783 3056 837 ό
3087 781 3321 853 πονηρὸς
3339 780 3498 848 λόγος
3532 779 3679 848 μέχρι
3698 779 3786 832 τῶν

2239 883 2482 956 χειλέων.
2508 878 2641 938 Εἶτα
2675 879 2864 952 ὥσπερ
2919 879 3047 952 βέλη
3083 877 3337 931 ἐντείνων
3365 877 3395 928 ό
3438 871 3567 935 νοῦς
3600 872 3784 926 ἔνδοθεν

2239 975 2450 1044 τοξεύει
2490 975 2585 1029 τὸν
2632 973 2862 1046 πλησίον
2891 971 2981 1026 διὰ
3009 971 3276 1041 γλώττης,
3309 967 3544 1038 πέμπων
3573 965 3690 1036 βέλη
3715 965 3785 1018 λόι

2239 1086 2353 1135 γων
2385 1067 2652 1138 ἀπρεπῶν
2685 1069 2743 1121 ὲν
2773 1065 3042 1134 θελήματι
3076 1060 3331 1132 ἑκουσίῳ,
3359 1059 3462 1130 τὴν
3498 1056 3682 1111 ἑαυτοῦ
3714 1057 3787 1110 δό-

2239 1163 2340 1231 ξαν
2368 1160 2845 1234 περιποιούμενος.
2868 1153 3002 1212 Εἶτα
3024 1154 3260 1221 τοξεύων
3279 1155 3372 1208 ἐπὶ
3394 1152 3534 1206 πολὺ
3559 1151 3645 1204 τδν
3673 1149 3789 1222 πλη-

2242 1255 2356 1308 σίον
2387 1254 2476 1307 διὰ
2517 1253 2693 1322 λόγων
2725 1251 3012 1322 ἀπρεπῶν,
3046 1249 3152 1312 ἕως
3181 1242 3242 1302 οῦ
3278 1248 3374 1302 καὶ
3399 1246 3458 1300 ὲν
3487 1246 3599 1309 τοῖς
3627 1244 3788 1315 μέλεσι

2239 1347 2466 1419 διαχυθῇ
2494 1347 2555 1400 τὸ
2603 1346 2904 1417 ἁμάρτημα
2951 1346 3031 1407 είς
3066 1341 3462 1412 συμπληγάδας
3509 1339 3672 1392 ἐνίοτε
3711 1337 3790 1391 καὶ

2237 1442 2552 1514 τραύματα,
2607 1440 2695 1494 διὰ
2755 1439 2849 1492 τοῦ
2903 1438 3156 1507 σώματος
3184 1434 3389 1504 ἄλληλα
3439 1435 3508 1487 τὰ
3547 1430 3676 1502 μέλη
3710 1448 3790 1484 πο-

2238 1535 2505 1607 λεμοῦντα
2535 1533 2929 1605 ἀπεργάζεται,
2958 1531 3126 1585 ἐνίοτε
3171 1529 3266 1584 καὶ
3297 1528 3402 1590 ἕως
3440 1528 3623 1596 φόνου,
3650 1524 3789 1578 θανά-

2237 1645 2332 1681 του
2362 1627 2724 1699 ἀπαρτίζεται
2757 1626 2818 1679 τὸ
2866 1624 2960 1678 τοῦ
3011 1623 3244 1695 πονηροῦ
3295 1620 3638 1691 ἐπιθύμημα.
3679 1621 3787 1684 Ἴδε,

2243 1719 2410 1772 πόθεν
2440 1719 2666 1790 ἧρξατο,
2695 1717 2791 1772 κοιλ¹
2821 1720 2971 1770 ποῖον
3000 1716 3125 1787 ἔσχε
3155 1715 3215 1768 τὸ
3244 1714 3397 1778 τέλος
3428 1713 3615 1786 ἀγάπη
3654 1712 3790 1783 δόξης

2239 1807 2513 1878 κοσμικῆς
2554 1807 2852 1877 βαρυθεῖσα
2903 1805 2977 1877 (1)
3012 1807 3077 1876 τῇ
3115 1806 3253 1876 ῥοπῇ
3304 1802 3397 1856 τοῦ
3435 1803 3537 1872 τῆς
3589 1801 3791 1871 καρδίας

2241 1900 2407 1966 ζυγοῦ
2435 1898 2494 1963 ἐξ
2520 1899 2649 1951 ἰδίου
2680 1898 3002 1968 θελήματος.
3029 1896 3126 1950 Διὰ
3153 1897 3260 1967 γὰρ
3283 1894 3343 1948 τὸ
3379 1894 3453 1965 μὴ
3477 1893 3789 1964 ἀρνήσασθαι

2240 1991 2455 2053 ἑαυτὸν,
2501 1993 2595 2044 καὶ
2641 1991 2860 2062 ἀγαπᾷν
2893 2008 2946 2043 τι
2979 1989 3074 2043 τοῦ
3118 1989 3347 2059 κόσμου,
3386 1989 3574 2041 ἐκεῖνα
3605 1987 3693 2040 ὅλα
3733 1987 3790 2040 τὰ

2240 2083 2568 2152 ἀτοπήματα
2588 2084 2852 2152 γίγνεται.
2887 2079 3073 2144 Οὕτως
3101 2081 3211 2136 νόει
3243 2098 3332 2148 μοι
3368 2080 3558 2142 καὶείς
3584 2078 3790 2132 ἕκαστον

2238 2174 2542 2246 ἁμάρτημα
2570 2174 2666 2229 καὶ
2711 2174 3049 2245 ἐπιτήδευμα
3084 2173 3284 2242 φαῦλον
3335 2176 3436 2243 τῆς
3485 2171 3679 2234 κακίας
3708 2187 3792 2224 κο-

2239 2265 2600 2337 λακευούσης,
2629 2267 2723 2321 καὶ
2747 2266 3196 2338 προτρεπομένης
3238 2266 3298 2319 τὸ
3328 2265 3539 2336 θέλημα
3577 2263 3664 2316 τοῦ
3692 2265 3792 2326 νοὸς

2238 2359 2335 2414 καὶ
2358 2358 2676 2430 ἐπιθυμίαις
2709 2361 3001 2431 κοσμικαῖς
3029 2360 3122 2413 καὶ
3149 2359 3332 2430 ἀπάτη
3368 2359 3462 2414 καὶ
3493 2357 3652 2427 ἡδονῇ
3680 2375 3794 2426 σαρ-

2238 2452 2352 2516 κός.
2409 2451 2568 2506 Οῦτω
2627 2455 2736 2507 πᾶν
2786 2454 3017 2523 πρᾶγμα
3066 2450 3265 2514 κακίας
3315 2449 3675 2521 ἀπαρτίζεται
3707 2450 3791 2522 (εί),

2237 2546 2381 2601 οὕτω
2412 2546 2629 2618 μοιχεία
2661 2547 2755 2601 καὶ⁸
2789 2545 2987 2618 κλοπὴ,
3025 2545 3166 2600 οὕτω
3204 2545 3488 2611 πλεονεξία
3531 2545 3628 2598 καὶ
3672 2544 3791 2614 μέθη

2237 2639 2380 2694 οῦτω
2418 2639 2753 2712 φιλαργυρία
2814 2640 2910 2693 καὶ
2961 2638 3273 2704 κενοδοξία,
3324 2638 3466 2693 οὕτω
3507 2637 3668 2709 ζῆλος
3713 2639 3794 2690 καὶ

2238 2731 2501 2804 φιλαρχία
2549 2731 2646 2785 καὶ
2695 2732 2804 2786 πᾶν
2859 2730 3038 2784 ὁτιοῦν
3077 2731 3193 2785 ἐστι
3240 2731 3338 2801 τῆς
3386 2729 3587 2793 κακίας
3619 2729 3792 2799 ἐπιτή-

2235 2823 2432 2892 δευμα.
2500 2821 2699 2876 Ἐνίοτε
2764 2821 2904 2876 καλὰ
2953 2821 3213 2876 δοκοῦντα
3264 2821 3669 2891 ἐπιτηδεύματα
3713 2822 3789 2875 διὰ

2236 2911 2394 2978 δόξαν
2433 2911 2526 2966 καὶ
2548 2910 2770 2966 ἔπαινον
2802 2910 3108 2983 ἀνθρώπων
3137 2911 3486 2977 ἐπιτελεῖται,
3522 2911 3667 2982 ἅπερ
3695 2912 3794 2966 ἐστὶ

2238 3004 2390 3074 παρά
2408 3003 2527 3075 Θεῷ
2568 3005 2658 3058 ίσα
2691 3003 2907 3068 ἀδικίας
2955 3005 3048 3057 καὶ
3090 3003 3300 3071 κλοπῆς
3340 3005 3436 3059 καὶ
3484 3005 3597 3059 τῶν
3639 3004 3796 3058 ἀλλων

2234 3096 2454 3167 άμαρτη
2465 3096 2672 3165 μάτων.
2689 3096 2747 3149 '0
2761 3096 2892 3159 Θεὸς
2914 3096 3023 3167 γάρ
3041 3115 3114 3168 φη
3123 3113 3227 3150 σινο
3245 3097 3646 3165 Ἐσκόρπισεν
3662 3093 3793 3153 ὀστᾶ

2235 3187 2780 3257 ἀνθρωπαρέσκωνο
2805 3188 2946 3243 ὥστε
2982 3189 3072 3244 διά
3093 3188 3202 3243 τῶν
3239 3188 3539 3245 δοκούντων
3579 3189 3794 3244 καλῶνό

2234 3281 2470 3353 πονηρὸς
2521 3281 2915 3353 ὑπηρετεῖσθαι
2959 3281 3229 3351 βούλεται.
3263 3283 3655 3347 Πολυποίκιλος
3698 3284 3792 3353 γάρ

2232 3374 2349 3428 ἐστι
2382 3374 2475 3427 καὶ
2505 3373 2781 3446 ἀπατηλὸς
2814 3375 2872 3428 ὲν
2907 3374 3225 3446 ἐπιθυμίαις
3277 3375 3504 3445 κόσμου.
3557 3376 3654 3429 Διά
3697 3375 3791 3446 γάρ

2230 3464 2454 3538 ἀγάπην
2484 3465 2608 3520 τινά
2657 3466 2856 3537 γηῖνην
2903 3465 2980 3535 ('5)
3022 3465 3117 3521 mi.
3155 3465 3448 3536 σαρκικὴν,
3493 3466 3575 3531 είς
3619 3465 3684 3537 ἣν
3715 3465 3792 3518 δε-

2234 3559 2454 3629 σμεῖται
2503 3557 2796 3629 ἄνθρωπος
2834 3556 3103 3629 θελήματι
3151 3557 3285 3629 ίδίῳ,
3338 3557 3652 3623 δελεάζεται
3698 3556 3792 3611 ὑπὸ

2230 3647 2332 3719 τῆς
2374 3650 2594 3712 κακίας,
2624 3650 2772 3712 ὅπως
2802 3649 3012 3718 γίνεται
3055 3649 3202 3720 αὐτῷ
3237 3648 3426 3714 ἅλυσις
3470 3650 3568 3704 καὶ
3615 3649 3795 3720 δεσμὸς

2232 3741 2324 3794 καὶ
2369 3739 2587 3813 φορτίον
2641 3741 2804 3812 βαρὺ,
2844 3741 3210 3806 καταϐυθίζον
3259 3743 3356 3796 καὶ
3403 3745 3598 3812 πνῖγον
3637 3745 3693 3798 ὲν
3726 3740 3794 3813 τῷ

2230 3829 2389 3884 αἰῶνι
2431 3831 2532 3900 τῆς
2568 3829 2835 3899 πονηρίας
2857 3869 2872 3891 ,
2909 3829 2983 3899 μὴ
3025 3829 3343 3899 συγχωροῦν
3377 3829 3674 3899 ἀνακύψαι,
3704 3830 3792 3884 καὶ

2231 3923 2369 3990 πρὸς
2403 3920 2496 3973 τὸν
2535 3919 2668 3974 Θεδν
2700 3919 2976 3974 ἀπελθεῖν.
3019 3921 3236 3991 Ἐπειδὴ
3268 3921 3404 3991 ὅπερ
3428 3939 3513 3983 τις
3555 3921 3792 3991 ἠγάπησε

2229 4011 2325 4066 τοῦ
2363 4014 2592 4083 κόσμου,
2624 4013 2932 4082 καταϐαρεῖ
2955 4011 3046 4064 τὸν
3083 4010 3207 4065 νοῦν
3258 4010 3425 4064 αὐτοῦ
3485 4012 3586 4066 καὶ
3640 4029 3791 4065 καταο

2231 4106 2426 4176 κρατεῖ
2455 4106 2552 4174 (4),
2593 4105 2688 4157 καὶ
2711 4105 2811 4158 οὐκ
2854 4105 2920 4176 ἐᾷ
2961 4103 3256 4174 ἀνακύψαι.
3284 4105 3378 4168 Ei;
3404 4104 3568 4158 τοῦτο
3613 4105 3714 4173 γὰρ
3743 4103 3793 4156 τί,

2233 4196 2495 4267 στάθμιον
2533 4196 2627 4251 καὶ
2655 4196 2753 4266 τὴν
2786 4197 2961 4268 ῥοπὴν
2993 4197 3088 4250 καὶ
3131 4197 3194 4250 τὸ
3238 4197 3338 4267 τῆς
3382 4197 3586 4261 κακίας
3628 4196 3792 4264 ζύγιον

2231 4290 2529 4360 κρέμαται,
2581 4288 2676 4342 καὶ
2725 4287 3081 4359 δοκιμάζεται
3112 4291 3221 4343 πᾶν
3258 4289 3317 4341 τὸ
3363 4289 3522 4357 γένος
3567 4290 3675 4341 τῶν
3709 4290 3790 4342 ἀν-

2231 4379 2481 4450 θρώπων,
2513 4380 2633 4450 ἦτοι
2659 4381 3005 4451 Χριστιανῶν
3025 4381 3133 4435 τῶν
3161 4381 3220 4435 ἐν
3242 4380 3466 4434 πόλεσιν
3492 4380 3789 4443 οἰκούντων,

2229 4473 2262 4544 ἢ
2295 4474 2351 4527 ὲν
2387 4472 2589 4544 ὄρεσιν,
2625 4473 2657 4543 ῆ
2703 4474 2760 4526 ὲν
2809 4475 2998 4543 μοναῖς
3022 4515 3038 4538 ,
3083 4473 3115 4544 ἢ
3164 4474 3222 4526 ὲν
3265 4475 3486 4547 ἀγροῖς,
3521 4475 3555 4547 ἧ
3592 4475 3649 4526 ἐν
3678 4473 3790 4544 ἐρή-

542 4557 700 4614 vcrbi
752 4561 948 4631 gratia,
988 4561 1180 4619 dilexit
1217 4579 1372 4634 opes,
1425 4566 1566 4622 alius
1612 4583 1810 4623 aurum
1844 4580 1901 4624 et
1937 4587 2129 4642 argen-

2236 4582 2356 4633 μοις
2405 4565 2612 4629 τόποις,
2657 4565 2738 4619 ὅτι
2775 4564 3041 4636 θελήματι
3096 4566 3212 4637 ίδίῳ
3245 4566 3632 4637 δελεαζόμενος
3656 4566 3682 4618 ό
3710 4567 3790 4621 άν-

544 4657 682 4714 tum,
717 4650 856 4705 alius
894 4651 1157 4708 disertam
1209 4656 1399 4711 mundi
1437 4658 1764 4729 sapientiam
1789 4661 1860 4716 ob
1891 4663 2118 4733 gloriam

542 4736 852 4803 hominum,
877 4741 1017 4796 alius
1052 4743 1245 4800 dilexit
1287 4749 1612 4817 potentiam,
1653 4751 2034 4809 aliuslaudem
2064 4764 2120 4810 et

540 4829 784 4886 honores
815 4832 1125 4901 hominum,
1151 4839 1292 4895 alius
1320 4839 1459 4895 iram
1501 4851 1557 4896 et
1599 4843 1939 4899 violentiam.
1982 4845 2122 4902 Nam

536 4925 911 4993 permittendo
939 4945 997 4984 se
1028 4940 1279 5000 prompte
1308 4934 1553 5002 passioni
1588 4935 1729 4991 hanc
1757 4936 1958 5009 diligit,
1977 4939 2118 4994 alius

535 5016 762 5072 inutiles
790 5029 1042 5085 eventus,
1072 5021 1214 5076 alius
1242 5023 1528 5090 invidiam,
1560 5026 1702 5082 alius
1731 5027 1882 5081 omni
1908 5028 1997 5082 die
2027 5043 2118 5083 su-

534 5107 720 5174 perbit
749 5119 806 5163 ct
832 5109 1072 5174 laetatur,
1113 5112 1255 5169 alius
1293 5113 1552 5170 inanibus
1595 5116 1902 5173 rationibus
1932 5117 2118 5172 illudi-

536 5207 648 5262 tur,
673 5197 815 5254 alius
843 5208 1103 5270 tanquam
1137 5203 1274 5275 legis
1309 5206 1572 5276 magister
1605 5207 1797 5264 haberi
1823 5208 2021 5280 diligit,
2043 5209 2115 5265 ob

535 5288 820 5346 hominum
839 5293 1090 5363 gloriam,
1113 5296 1256 5351 alius
1285 5298 1540 5353 socordia
1565 5307 1621 5353 et
1649 5298 1860 5354 incuria
1887 5301 2112 5371 gaudet,

534 5379 678 5435 alius
709 5383 957 5438 vestibus
993 5393 1051 5439 et
1087 5387 1284 5456 pannis
1314 5388 1616 5453 detinetur,
1649 5388 1790 5443 alius
1817 5390 1968 5444 curis
2008 5399 2117 5446 ter-

532 5475 802 5531 restribus
829 5491 890 5532 se
930 5477 1044 5543 dat,
1072 5479 1213 5535 alius
1255 5495 1512 5536 somnum
1540 5491 1596 5538 et
1636 5484 1906 5538 sermonis
1956 5484 2112 5552 lepo-

598 5649 646 5680 ‘°
673 5650 813 5704 Psal.
840 5665 932 5714 ιιι,
961 5651 1010 5705 6.

2227 4655 2442 4726 θρωπος
2482 4653 2672 4728 ἀγαπᾷ
2704 4673 2758 4708 τι
2809 4657 2906 4709 καὶ
2955 4656 3286 4726 ὁπουδήποτε
3317 4656 3528 4710 δέδεται
3576 4655 3789 4725 αὑτοῦὴ

2226 4747 2413 4820 ἀγάπη
2435 4788 2448 4811 ,
2489 4748 2584 4801 καὶ
2621 4748 2725 4801 οὐκ
2754 4747 2901 4800 ἔστιν
2939 4747 3034 4818 ὅλη
3084 4748 3219 4818 πρὸς
3246 4748 3339 4802 τὸν
3365 4748 3520 4802 Θεῶν
3553 4749 3788 4818 ἠγάπησε

2223 4842 2331 4912 γάρ
2362 4857 2465 4904 τις,
2498 4841 2545 4892 εί
2573 4838 2724 4910 τύχοι
2757 4844 3036 4912 κτήματα,
3073 4840 3231 4904 ἄλλος
3268 4842 3470 4912 χρυσὸν
3510 4844 3605 4895 καὶ
3635 4841 3786 4910 ἀργυο

2225 4951 2337 5004 ρον,
2384 4931 2541 4994 ἄλλος
2597 4931 2787 5000 σοφίαν
2842 4932 3029 5002 λογίαν
3098 4932 3302 5004 κόσμου
3359 4934 3448 4986 διὰ
3498 4935 3657 4998 δόξαν
3710 4934 3787 4985 ἀνι

2223 5022 2478 5094 θρὼπων,
2523 5022 2680 5087 ἄλλος
2729 5025 3020 5093 ἠγάπησεν
3060 5023 3234 5095 ἀρχὴν
3257 5065 3272 5089 ,
3316 5022 3474 5087 ἄλλος
3512 5025 3670 5091 δόξαν
3705 5022 3787 5075 καὶ

2222 5115 2384 5185 τιμὰς
2416 5113 2740 5187 ἀνθρώπιον,
2803 5115 2962 5178 ἄλλος
3003 5114 3171 5186 ὀργὴν
3228 5115 3323 5168 καὶ
3362 5115 3546 5184 μῆνιν·
3586 5116 3671 5169 διὰ
3695 5115 3787 5182 γὰρ

2221 5208 2281 5260 τὸ
2309 5209 2520 5276 ταχέως
2556 5208 2748 5261 ἑαυτὸν
2778 5208 3070 5262 ἐπιδιδόναι
3105 5207 3180 5276 τῷ
3211 5209 3370 5263 πάθει
3415 5209 3607 5280 ἀγαπᾷ
3642 5208 3783 5261 αὑτό·

2220 5300 2378 5364 ἄλλος
2418 5299 2680 5370 ἀκαίρους
2727 5299 3047 5370 συντυχίας,
3080 5299 3240 5364 ἄλλος
3273 5299 3459 5371 ζῆλον,
3495 5300 3656 5364 ἄλλος
3697 5300 3785 5351 πᾶ·

2222 5407 2321 5442 σαν
2377 5390 2595 5461 ἡμέραν
2637 5391 3028 5462 μετεωρίζεται
3061 5392 3152 5444 καλ⁸
3180 5392 3394 5461 ἥδεται,
3429 5392 3588 5454 ἄλλος
3615 5391 3785 5461 ἀργοῖς

2219 5483 2497 5552 λογισμοῖς
2528 5484 2826 5548 ἀπατάται,
2861 5483 3021 5548 ἄλλος
3049 5482 3125 5548 ὡς
3169 5483 3625 5556 νομοδιδάσκαλος
3657 5479 3778 5536 εἶναι

1797 5751 2029 5806 VARUE
2065 5752 2464 5809 LECTIONES.

599 5863 676 5934 (ί)
701 5863 795 5918 Sic
822 5862 944 5919 cod.
1023 5863 1099 5936 (Ξ)
1125 5858 1273 5920 Οοιί.
1306 5857 1642 5928 ἀαρτιζεται.
1740 5861 1816 5930 (5;
1849 5860 1938 5914 “in
1972 5863 2122 5927 cod.,

2222 5866 2296 5935 (Α)
2325 5868 2362 5922 (.l
2377 5870 2468 5920 θα.
2512 5865 2877 5934 κατωκρατεῐ.
