3948 6548
182 430 276 496 595

1406 414 1778 479 IIOMILL’E.
1808 436 1878 451 ·-
1905 412 2091 473 ΗΟΜ.
2131 411 2199 473 V.

3321 403 3425 467 506

184 540 360 611 ἀγαπᾷ
401 536 493 593 διὰ
545 534 705 600 δόξαν
744 531 1053 605 ἀνθρώπων
1075 569 1093 598 ,
1133 528 1297 594 ἄλλος
1340 528 1611 600 χαυνώσει
1645 527 1742 580 καὶ

1860 539 1958 580 rem
1997 530 2094 580 aut
2130 520 2528 578 obscenitatem
2560 519 2778 591 diligit,
2832 526 2889 573 et
2920 518 3103 573 statim
3137 532 3202 574 ac
3229 519 3427 590 aliquis

183 632 397 706 ἀμελείᾳ
425 630 645 701 ἥδεται,
676 625 835 687 ἄλλος
875 622 1111 697 ἱματίοις
1144 621 1242 674 καὶ
1292 620 1485 690 ῥάκεσι
1512 618 1742 682 δέδεται,

182 724 326 786 ἄλλος
394 720 687 791 μερίμναις
754 716 973 786 γηΐναις
1022 712 1212 768 ἑαυτὸν
1263 711 1480 763 δίδωσιν
1513 749 1528 772 ,
1588 708 1745 770 ἄλλος

183 818 336 870 ὓπνον
367 814 460 866 καὶ
489 808 854 882 εὐτραπελίαν
895 806 927 877 ἢ
978 802 1360 875 αἰσχρολογίαν
1408 801 1616 872 ἀγαπᾷ’
1651 798 1745 852 καὶ

184 905 354 980 μικρῷ
382 904 491 974 γάρ
514 921 599 966 τις
627 902 719 954 καὶ
753 897 972 970 μεγάλῳ
996 893 1363 965 δεσμούμενος
1390 891 1484 945 τοῦ
1515 891 1742 980 κόσμου,

181 978 359 1065 ἐκείνῳ
397 994 692 1064 κατέχεται
724 990 821 1043 καὶ
868 988 968 1041 οὐκ
1015 987 1169 1039 ὲᾶται
1204 981 1504 1052 ἀνακύψαι.
1548 980 1691 1052 Πρὸς
1718 978 1748 1032 ὃ

122 1086 123 1089 “
180 1090 277 1161 γάρ
310 1105 393 1151 τις
442 1086 610 1147 πάθος
641 1082 702 1136 οὐ
734 1080 964 1150 πολεμεῖ
1002 1077 1289 1161 γενναίως,
1317 1077 1495 1130 ἐκεῖνο
1534 1074 1744 1147 ἀγαπᾷ,

180 1179 389 1235 κάκεῖνο
431 1175 626 1245 κρατεῖ
651 1171 840 1234 αὐτὸν,
870 1171 966 1224 καὶ
1000 1167 1245 1239 βαρύνεί,
1278 1167 1373 1221 καὶ⁹
1416 1167 1624 1235 γίνεται
1651 1165 1748 1219 αὐ-

179 1271 250 1341 τῷ
274 1267 533 1337 ἐμπόδιον
588 1266 683 1317 καὶ
721 1263 948 1326 ἀλυσις,
996 1260 1093 1312 τοῦ
1148 1259 1222 1329 μὴ
1266 1258 1358 1311 τὸν
1416 1256 1542 1310 νοῦν
1580 1254 1746 1310 αὐτοῦ

179 1360 392 1415 ἀπιέναι
434 1356 571 1426 πρὸς
608 1355 700 1407 τὸν
740 1352 891 1417 Θεὸν,
919 1351 1012 1405 καί
1044 1348 1411 1421 εὐαρεστῆσαι
1440 1344 1611 1415 αὐτῷ,
1652 1344 1749 1397 καὶ

177 1450 321 1520 αὐτῷ
363 1450 508 1519 μόνῳ
534 1444 908 1518 λατρεύσαντα
944 1439 1316 1513 χρησιμεῦσαι
1362 1440 1429 1509 τῇ
1479 1435 1747 1508 βασιλείᾳ,

177 1542 266 1594 καὶ
290 1536 439 1608 ζωῆς
474 1537 693 1591 αἰωνίου
726 1531 1091 1605 τυχεῖνοψυχὴ
1164 1529 1273 1598 γὰρ
1301 1530 1335 1598 ή
1359 1526 1576 1596 ἀληθῶς
1613 1526 1749 1594 πρὸς

178 1630 379 1698 Κύριον
408 1628 508 1699 τὴν
551 1626 728 1697 ὁρμὴν
760 1625 959 1694 ἔχουσα
993 1624 1088 1693 ὅλη
1124 1622 1186 1687 ἐξ
1229 1622 1351 1675 ὅλου
1390 1620 1489 1689 τήν
1527 1618 1750 1688 ἀγάπην

176 1724 341 1791 αὐτῆς
376 1722 509 1792 πρὸς
546 1720 708 1773 αὐτὸν
742 1719 893 1771 ἓλκει
926 1716 1026 1786 (5),
1075 1717 1171 1769 ml.
1220 1714 1356 1785 πρὸς
1394 1711 1557 1764 αὐτὸν
1592 1711 1752 1780 μόνον

174 1818 236 1869 ἐκ
267 1813 668 1883 προαιρέσεως,
698 1812 797 1881 ὅση
843 1810 1098 1879 δύναμις,
1148 1807 1452 1875 δεσμεῖται,
1497 1802 1750 1856 κάκεῖθεν

174 1906 270 1977 τήν
324 1905 580 1975 βοήθειαν
608 1903 711 1973 τῆς
755 1902 977 1973 χάριτος
1024 1900 1386 1970 προσκτᾶται,
1429 1896 1523 1948 καὶ
1553 1894 1751 1963 ἑαυτὴν
1786 1885 1825 1937 Β

174 1999 458 2069 ἀρνεῖται,
503 1997 597 2048 καὶ
644 1997 755 2056 τοῖς
798 1994 1065 2063 θελήμασι
1114 1990 1209 2042 τοῦ
1264 1988 1384 2050 νοὸς
1428 1986 1600 2054 αὐτῆς
1652 1985 1752 2035 οὐκ

171 2090 475 2153 ἀκολουθεῖ,
520 2089 600 2141 ὅτι
631 2086 821 2149 δολίως
861 2082 1153 2153 πορεύεται
1208 2079 1323 2150 μεθ’
1354 2076 1509 2149 ἡμῶν
1556 2075 1645 2129 διὰ
1692 2072 1754 2125 τὸ

174 2178 328 2232 συνὸν
356 2179 450 2229 καὶ
476 2175 724 2239 δελεάζον
754 2172 943 2239 κακὸν,
977 2171 1113 2225 ἀλλά
1142 2169 1220 2239 τῷ
1250 2167 1344 2222 τοῦ
1374 2165 1577 2239 Κυρίου
1608 2165 1753 2235 λόγῳ

170 2270 434 2332 ὁλοτελῶς
487 2267 688 2338 ἑαυτήν
736 2265 1007 2326 ἐκδίδωσι,
1061 2262 1155 2316 καὶ
1199 2260 1397 2323 παντὸς
1429 2258 1753 2329 φαινομένου

170 2360 372 2431 δεσμοῦ
400 2359 515 2413 λύει
552 2357 773 2429 ἑαυτὴν,
806 2358 928 2410 ὅσον
952 2355 1016 2408 ὲκ
1050 2353 1352 2424 θελήματος
1386 2350 1629 2411 δυνατὸν,
1658 2346 1756 2400 καὶ

169 2456 243 2526 τῷ
266 2453 465 2524 Κυρίῳ
493 2451 553 2517 ἐξ
572 2450 694 2504 ὅλου
727 2447 928 2518 ἑαυτὴν
947 2447 1153 2511 δίδωσι,
1186 2445 1279 2497 καὶ
1299 2443 1442 2496 οὕτω
1465 2440 1755 2507 διεξελθεῖν

170 2544 415 2614 εὐχερῶς
447 2542 739 2612 δυνήσεται
770 2539 896 2601 τούς
928 2535 1145 2605 ἀγῶνας
1181 2534 1276 2588 καὶ
1302 2533 1499 2595 πόνους
1520 2531 1613 2585 καὶ
1640 2530 1755 2583 θλί-

166 2634 311 2705 ψεις.
332 2636 510 2687 ’Ὁπου
536 2632 645 2703 γὰρ
676 2631 977 2698 ἀγαπᾶται,
1013 2626 1221 2680 ἐκεῖθεν
1248 2625 1542 2696 βοηθεῖται,
1570 2624 1758 2676 κάκεῖ-

171 2726 263 2779 θεν
303 2725 577 2797 βαρεῖταιο
608 2723 702 2777 ἐάν
731 2740 785 2775 τι
814 2722 907 2775 τοῦ
939 2722 1146 2790 κόσμου
1179 2719 1392 2789 ἀγαπᾷ,
1421 2717 1554 2770 αὐτὸ
1581 2718 1758 2769 έκεῖνο

167 2816 383 2886 γίνεται
414 2816 563 2887 αὐτῷ
593 2816 812 2886 φορτίον
846 2814 942 2867 καὶ⁸
971 2812 1160 2883 δεσμοὶ
1191 2811 1548 2872 καθέλκοντες
1583 2809 1756 2875 κάτω,

168 2912 265 2965 καὶ
296 2912 377 2980 μὴ
422 2908 834 2979 συγχωροῦντες
863 2907 975 2961 ἀνω
1002 2906 1139 2977 πρὸς
1165 2904 1297 2957 Θεὸν
1325 2904 1588 2957 ἀνελθεῖν.
1633 2903 1760 2955 Ἐὰν

164 3002 221 3055 δὲ
256 3003 354 3055 τὸν
382 3002 585 3073 Κύριον
609 2998 703 3053 καὶ
734 3000 834 3061 τάς
861 2997 1085 3061 ἐντολὰς
1127 2996 1290 3049 αὐτοῦ
1312 2997 1522 3067 ἀγαπᾷ,
1551 2995 1759 3048 ἐκεῖθεν

168 3093 455 3164 βοηθεῖται
513 3090 769 3143 κάκεῖθεν
822 3089 1167 3159 κουφίζεται,
1221 3088 1315 3140 καὶ
1358 3086 1556 3140 εὔκολοι
1609 3086 1759 3157 αὐτῷ

164 3189 357 3241 πάντα
404 3185 613 3254 γίνεται
670 3183 741 3237 τὰ
791 3183 884 3237 τοῦ
934 3182 1140 3252 Κυρίου
1196 3180 1633 3252 παραγγέλματα
1682 3179 1760 3250 τῷ

163 3278 265 3349 τὴν
320 3279 552 3346 ἀγάπην
596 3276 763 3330 αὐτοῦ
806 3274 945 3346 πρὸς
987 3275 1149 3327 αὐτὸν
1173 3271 1480 3334 ἀποσώζειν
1533 3270 1758 3340 ὁλοκλήο

161 3390 300 3445 μυς,
356 3373 456 3424 καὶ
492 3370 649 3440 βαρεῖ
694 3370 775 3432 εἰς
812 3369 872 3421 τὸ
905 3367 1129 3436 ἀγαθὸν,
1178 3366 1377 3436 μᾶλλον
1407 3365 1464 3418 δὲ
1510 3365 1604 3417 καὶ
1632 3382 1761 3416 κου-

162 3466 314 3532 φίζει
348 3464 449 3516 καὶ
478 3460 768 3531 ἐλαφρύνει
816 3461 995 3514 πάντα
1030 3460 1266 3530 πόλεμον
1306 3457 1401 3512 καὶ
1436 3459 1617 3512 πᾶσαν
1647 3454 1762 3509 θλίο

156 3557 280 3624 φιν,
341 3556 443 3608 καὶ
482 3555 570 3610 διά
625 3555 724 3621 τῆς
759 3551 910 3614 θείας
953 3550 1235 3619 δυνάμεως
1265 3550 1356 3602 τὸν
1400 3547 1606 3616 κόσμον
1643 3545 1763 3600 δια-

165 3648 392 3709 κόπτει,
428 3646 521 3699 καὶ
567 3646 667 3708 τάς
699 3644 956 3713 δυνάμεις
990 3642 1087 3710 τῆς
1118 3639 1338 3703 κακίας,
1382 3637 1481 3701 τὰς
1516 3638 1573 3688 ὲν
1614 3634 1763 3705 αὐτῷ

158 3736 585 3807 παγιδευούσας
639 3734 737 3806 τὴν
787 3732 987 3804 ψυχὴν,
1046 3732 1139 3785 καὶ
1196 3730 1407 3800 βρόχοις
1458 3725 1763 3797 ἐπιθυμιῶν

160 3831 543 3885 παντοδαπῶν
568 3830 626 3883 έν
654 3827 731 3898 τῷ
760 3827 853 3880 τοῦ
881 3827 1087 3896 κόσμου
1123 3820 1268 3893 βυθῷ
1297 3817 1761 3888 καταδεσμούσας,

165 3924 267 3977 καὶ
298 3922 484 3985 οὕτως
527 3920 801 3990 ὲξειλῆσαι
832 3919 910 3989 (6)
949 3921 1005 3985 ἐξ
1043 3914 1221 3969 αὐτῶν
1243 3913 1328 3965 διὰ
1362 3911 1460 3979 τῆς
1508 3910 1641 3972 ἰδίας
1673 3908 1763 3960 πί-

160 4033 347 4078 στεως
389 4018 487 4068 καὶ
518 4016 754 4084 σπουδῆς
780 4013 999 4081 πολλῆς,
1032 4010 1126 4063 καὶ
1158 4006 1248 4061 διά
1270 4006 1369 4075 τῆς
1400 4002 1605 4057 ἀνωθεν
1637 4002 1766 4072 βοη-

158 4115 343 4177 θείας,
382 4110 516 4163 ἔνθα
547 4108 825 4178 ἠγάπησε,
872 4105 970 4175 τῆς
1030 4100 1249 4154 αἰωνίου
1292 4096 1564 4168 βασιλείας
1595 4091 1768 4157 ἀξιοῦ-

156 4226 281 4272 ται,
308 4208 384 4278 ἢν
423 4203 539 4274 ίδίῳ
584 4199 851 4269 θελήματι
891 4196 1185 4263 ἀγαπήσας
1243 4190 1301 4256 ἐξ
1358 4186 1638 4258 ἀληθείας,
1673 4184 1768 4237 καὶ

160 4300 280 4354 ὑπὸ
315 4277 424 4351 τοῦ
455 4294 664 4367 Κυρίου
728 4290 1035 4361 βοηθηθεὶς,
1081 4286 1181 4355 τῆς
1214 4283 1434 4337 αἰωνίου
1487 4279 1631 4348 ζωῆς
1667 4277 1767 4330 οὐκ

154 4393 470 4447 ἐκπίπτει.
505 4389 624 4441 Ἱνα
656 4386 712 4438 δὲ
738 4385 846 4438 ἀπὸ
886 4380 1230 4454 πραγμάτων
1261 4374 1511 4445 φανερῶν
1554 4370 1770 4425 ἀποδεί-

157 4487 388 4555 ξωμεν,
432 4481 550 4544 πῶς
592 4479 856 4550 θελήματι
904 4476 1019 4545 ἰδίῳ
1066 4470 1251 4525 πολλοὶ
1282 4467 1630 4530 ἀπόλλυνται,
1673 4462 1769 4517 καὶ

1846 631 2017 687 parvo
2065 624 2161 670 aut
2210 629 2409 685 magno
2443 611 2633 666 mundi
2689 611 2913 665 vinculo
2970 609 3273 675 detinetur,
3318 611 3429 666 hoc

1844 707 2161 779 possidetur
2190 721 2293 761 nec
2331 705 2531 760 sinitur
2553 718 2863 774 assurgere.
2894 703 3212 759 Passionem
3251 704 3424 769 enim,

1847 803 2037 850 contra
2068 809 2232 864 quam
2268 793 2434 848 homo
2460 808 2570 847 non
2604 801 2813 863 pugnat
2855 791 3113 857 viriliter,
3149 793 3299 847 illam
3344 793 3430 847 di-

1845 886 2003 957 ligit;
2034 895 2088 941 et
2114 885 2206 939 illa
2231 886 2379 940 hunc
2406 884 2725 939 dominatur
2767 894 2823 939 et
2847 885 3131 955 opprimit,
3162 885 3221 939 ﬁt
3249 885 3299 940 ei
3327 884 3429 940 im-

1846 977 2224 1048 pedimentum
2251 985 2308 1031 et
2340 986 2556 1041 catena,
2590 992 2658 1031 ne
2692 986 2933 1032 mentem
2971 992 3125 1031 suam
3152 978 3217 1031 ad
3257 979 3427 1032 Deum

1847 1070 2069 1140 dirigat,
2093 1085 2197 1124 nec
2228 1068 2306 1123 illi
2342 1070 2702 1139 complaceat,
2726 1084 2906 1139 neque
2935 1070 3013 1123 illi
3047 1069 3148 1124 soli
3180 1071 3433 1125 serviens

1847 1178 2077 1233 regnum
2113 1161 2362 1215 obtineat
2405 1170 2462 1217 et
2505 1160 2572 1216 ad
2619 1161 2788 1215 vitam
2825 1169 3089 1216 aeternam
3120 1161 3428 1230 perveniat.

1850 1255 2049 1309 Anima
2081 1254 2232 1322 enim
2269 1269 2393 1323 quae
2422 1269 2553 1308 vere
2579 1253 2647 1307 ad
2677 1252 2971 1308 Dominum
3015 1253 3294 1325 dirigitur,
3317 1264 3430 1310 tota

1849 1347 2074 1401 omnino
2116 1361 2272 1401 suam
2319 1346 2676 1401 dilectionem
2711 1346 2767 1399 in
2806 1345 2960 1400 illum
3016 1348 3337 1413 contrahit,
3375 1358 3433 1403 et

1851 1441 1930 1496 illi
1962 1440 2063 1494 soli
2107 1455 2174 1494 ex
2226 1440 2553 1504 intentione,
2590 1446 2860 1509 quantum
2904 1446 3107 1509 potest,
3150 1440 3431 1506 vincitur;

1850 1542 1907 1588 et
1930 1533 2057 1588 inde
2077 1532 2263 1603 gratiae
2286 1531 2554 1586 auxilium
2606 1530 2871 1601 acquirit,
2900 1540 2957 1586 et
2988 1531 3225 1600 seipsam
3265 1533 3433 1586 alme-

1851 1634 1962 1695 gat,
1997 1634 2053 1680 et
2079 1624 2353 1680 voluntati
2393 1622 2596 1678 mentis
2634 1637 2747 1677 sua:
2776 1638 2889 1676 non
2916 1622 3285 1692 obtemperat,
3303 1622 3433 1693 quia

1854 1721 1909 1775 in
1938 1719 2095 1774 nobis
2123 1735 2222 1790 per
2248 1717 2499 1773 fraudem
2545 1715 2792 1770 ambulat
2834 1715 3305 1786 pereoncomitans
3379 1726 3435 1771 et

1856 1811 2130 1866 seducens
2159 1810 2398 1875 malum;
2426 1807 2521 1863 sed
2547 1807 2719 1862 verbo
2757 1806 2971 1861 Domini
3008 1807 3253 1877 perfecte
3284 1808 3435 1877 seip-

1852 1919 1966 1957 sam
1992 1902 2284 1972 permittit,
2309 1911 2365 1957 et
2392 1900 2460 1954 ab
2479 1899 2629 1953 omni
2658 1898 2863 1953 visibili
2888 1898 3111 1953 vinculo
3130 1916 3190 1955 se
3211 1899 3435 1963 liberat,

1852 2003 2119 2064 quantum
2137 2009 2204 2047 ex
2226 1993 2509 2047 voluntate
2526 1988 2788 2061 possibile
2810 2000 2914 2057 est,
2934 1998 2991 2045 et
3016 1992 3245 2046 Domino
3268 2002 3435 2045 totam

1851 2087 2078 2142 omnin‘o
2102 2086 2451 2155 semetipsam
2489 2084 2606 2150 dat,
2631 2093 2686 2139 et
2719 2085 2794 2139 ita
2826 2085 3169 2154 pertransire
3200 2086 3438 2140 feliciter

1851 2180 2057 2251 poterit
2087 2195 2314 2250 pugnas,
2345 2179 2566 2234 labores
2591 2187 2646 2232 et
2668 2195 2962 2234 aerumnas.
3002 2178 3106 2235 Ubi
3135 2179 3281 2233 enim
3314 2179 3438 2234 dili-

1852 2273 2022 2342 gitur,
2056 2271 2185 2325 inde
2216 2271 2481 2325 auxilium
2511 2271 2664 2326 venit
2690 2279 2746 2326 et
2787 2271 2919 2327 inde
2960 2271 3180 2341 pondus
3210 2272 3365 2327 venit
3391 2273 3437 2327 si

1854 2361 1985 2430 quid
2013 2376 2042 2415 e
2068 2360 2277 2413 mundo
2313 2359 2491 2430 diligit
2522 2360 2709 2427 homo,
2751 2360 2857 2416 hoc
2903 2360 3082 2430 ipsum
3113 2360 3176 2415 fit
3204 2362 3279 2415 illi
3317 2377 3439 2416 sar-

1855 2449 1979 2504 cina
2018 2458 2074 2504 et
2106 2449 2326 2504 vincula
2353 2448 2611 2505 deorsum
2660 2449 3030 2513 demittentia,
3070 2465 3175 2505 nec
3217 2465 3437 2506 sursum

1856 2542 2235 2613 permittentia
2266 2542 2337 2597 ad
2377 2543 2549 2597 Deum
2580 2558 2637 2598 se
2668 2544 2960 2610 attollere;
3003 2544 3088 2599 sin
3119 2552 3301 2598 autem
3330 2545 3438 2599 Do-

1858 2639 2068 2692 minum
2096 2645 2154 2691 et
2183 2638 2303 2708 ejus
2333 2637 2589 2692 mandata
2633 2638 2834 2709 diligit,
2870 2638 2998 2693 inde
3043 2638 3308 2692 auxilium
3354 2654 3442 2692 rc-

1858 2730 2013 2800 cipit,
2045 2728 2174 2783 inde
2211 2729 2536 2795 sustinetur,
2574 2737 2631 2785 et
2661 2730 2916 2799 expedita
2968 2730 3045 2783 illi
3089 2730 3273 2784 omnia
3307 2730 3445 2783 fiunt

1859 2820 2078 2876 Domini
2120 2828 2392 2890 praecepta
2439 2820 2507 2874 ad
2558 2820 2885 2875 servandam
2938 2821 3164 2875 omnino
3193 2838 3349 2876 suam
3388 2823 3442 2876 in

1859 2911 2152 2967 Dominum
2182 2910 2560 2978 dilectionem,
2584 2921 2638 2967 et
2672 2912 2942 2966 inclinant
2975 2912 3043 2966 ad
3076 2912 3303 2976 bonum,
3337 2928 3447 2966 am-

1861 3004 2007 3074 plius
2029 3012 2213 3057 autem
2241 3011 2298 3058 et
2326 3001 2503 3057 levius
2529 3014 2586 3057 et
2610 3002 2826 3057 facilius
2859 3002 3106 3058 eﬂiciunt
3143 3018 3305 3058 omne
3328 3004 3447 3059 bel-

1849 3095 1974 3150 .lum
2000 3103 2055 3148 et
2088 3108 2308 3148 omnem
2337 3109 2663 3159 aerumnam,
2687 3103 2743 3148 et
2775 3110 2875 3164 per
2901 3095 3163 3149 virtutem
3202 3095 3446 3151 divinam

1865 3186 2132 3240 mundum
2168 3185 2501 3255 proﬂigaret,
2548 3195 2605 3241 et
2638 3186 2862 3240 malitia:
2896 3186 3063 3251 vires,
3100 3203 3223 3256 qua:
3254 3187 3308 3241 in
3353 3188 3448 3243 illo

1863 3279 2103 3333 animam
2127 3277 2449 3346 illaqueaut,
2472 3287 2529 3331 et
2554 3276 2919 3346 cupiditatum
2952 3278 3166 3332 retibus
3183 3278 3452 3348 multipli-

1863 3370 2011 3425 cium
2067 3370 2123 3424 in
2160 3368 2352 3422 mundi
2405 3368 2604 3439 abysso
2644 3369 2799 3423 illum
2855 3368 3200 3433 devinciunt,
3256 3380 3313 3425 et
3377 3371 3449 3426 ita

1862 3462 2130 3517 liberatus
2177 3460 2245 3514 ab
2292 3460 2375 3514 eis
2410 3474 2509 3529 per
2539 3475 2694 3514 suam
2722 3460 2885 3515 ﬁdem
2916 3470 2972 3515 et
3005 3477 3258 3531 magnam
3289 3461 3449 3517 forti-

1866 3558 2135 3621 tudinem,
2190 3562 2246 3610 et
2310 3570 2408 3623 per
2451 3555 2677 3610 cceleste
2731 3555 3031 3621 auxilium,
3085 3556 3177 3610 ubi
3236 3556 3451 3622 dilexit,

1863 3651 2055 3705 teterni
2123 3652 2277 3721 regni
2346 3648 2546 3720 dignus
2618 3648 2935 3720 judicatur,
3004 3647 3151 3717 quod
3228 3649 3452 3719 propria

1864 3745 2148 3799 voluntate
2201 3744 2396 3799 dilexit
2450 3742 2505 3796 in
2553 3741 2821 3803 veritate,
2870 3749 2926 3794 et
2978 3754 3008 3793 a
3064 3740 3298 3794 Domino
3349 3757 3451 3795 au-

1865 3837 2056 3889 xilium
2110 3837 2408 3905 accipiens,
2465 3844 2673 3888 aeterna
2733 3831 2843 3886 vita
2902 3846 3014 3885 non
3067 3831 3339 3898 privatur.
3384 3830 3456 3887 Ut

1865 3936 2049 3982 autem
2112 3929 2280 3983 rebus
2342 3926 2694 3982 evidentibus
2768 3922 3064 3979 ostendere
3140 3924 3453 3993 possimus,

1866 4018 2144 4086 quomodo
2212 4017 2435 4087 propria
2490 4015 2775 4068 voluntate
2839 4013 2997 4067 multi
3070 4023 3334 4084 pereant,
3397 4014 3469 4069 et'

1870 4108 1925 4162 in
1957 4123 2109 4162 mare
2138 4109 2582 4178 submergantur,
2609 4112 2665 4159 et
2706 4104 2761 4159 in
2784 4104 3111 4159 servitutem
3139 4105 3453 4171 trahantur,

1868 4214 2119 4269 suppone
2152 4199 2287 4253 mihi
2330 4198 2624 4268 quamdam
2661 4196 2883 4250 domum
2929 4198 3053 4267 igne
3085 4196 3325 4262 incendi,
3359 4196 3455 4266 qui

1868 4293 2107 4349 voluerit
2155 4308 2213 4348 se
2265 4293 2499 4354 salvare,
2544 4290 2638 4344 ubi
2684 4287 3000 4343 incendium
3040 4287 3242 4353 sensit,
3272 4288 3455 4342 nudus

1870 4380 2084 4451 effugit,
2122 4380 2306 4435 omnia
2339 4380 2659 4448 relinquens
2686 4387 2743 4432 et
2774 4392 2885 4431 suae
2911 4376 3040 4430 vita:
3063 4377 3239 4431 solum
3265 4378 3457 4448 volens

1872 4488 2061 4527 curam
2092 4474 2329 4536 habere,
2357 4473 2598 4527 salvatus
2629 4477 2734 4525 est.
2768 4470 2923 4524 Alius
2952 4484 3086 4522 vero
3119 4470 3312 4525 volens
3341 4470 3459 4525 ser-

150 4579 216 4631 ὲν
277 4573 547 4642 Θαλάσσῃ
604 4569 934 4640 βυθίζονται,
969 4564 1062 4617 καὶ
1102 4565 1160 4615 ἐν
1196 4557 1544 4629 αἰχμαλωσίᾳ
1584 4555 1758 4625 ἀρπά-

1874 4577 2000 4616 vare
2030 4562 2213 4631 aliqua
2258 4561 2457 4616 domus
2498 4557 2866 4629 supellectilia
2914 4566 3009 4611 aut
3050 4557 3157 4611 alia
3204 4558 3457 4628 quaedam

154 4673 393 4737 ζονται,
434 4665 636 4720 ὑπόθου
692 4662 781 4734 μοί
831 4676 954 4713 τινα
987 4654 1134 4711 οἷκον
1175 4652 1558 4725 ὲμπίπρασθαι
1610 4649 1765 4717 πυρὶ,

150 4764 258 4818 καὶ
286 4762 357 4820 ὃς
402 4759 503 4830 μὲν
534 4757 706 4810 σῶσαι
752 4753 945 4807 ἑαυτὸν
993 4750 1336 4822 βουλόμενος.
1372 4742 1651 4812 αἰσθηθεις
1676 4740 1769 4794 τοῦ

151 4848 551 4924 ἐμπρησμοῦ,
599 4846 805 4918 γυμνὸς
855 4844 1048 4911 ἔφυγε,
1081 4836 1401 4896 καταλιπὼν
1446 4836 1645 4898 πάντα,
1678 4832 1771 4886 καὶ

150 4947 378 5003 ἑαυτοῦ
417 4946 515 5014 τὴν
543 4942 721 5013 ψυχὴν
782 4941 944 5009 μόνον
986 4931 1451 5006 περιποιήσασθαι
1485 4929 1771 5001 βουληθεὶς

150 5037 448 5105 διεσώθη.
480 5034 672 5098 ’Ἄλλος
706 5033 763 5086 δὲ
790 5030 1109 5099 βουλόμενος
1136 5026 1322 5080 λαϐεῖν
1348 5038 1469 5077 τινα
1500 5022 1594 5075 τοῦ
1620 5023 1771 5074 οἴκου

149 5132 351 5199 σκεύη
386 5133 423 5205 ἢ
474 5128 609 5180 ἄλλα
662 5130 790 5182 τινά
832 5122 1082 5192 εἰσῆλθεν
1118 5115 1270 5189 ἆραι,
1320 5117 1414 5170 καὶ
1466 5116 1541 5179 ὡς
1587 5114 1769 5168 ἔλαϐε.

150 5223 588 5293 κατεκυρίευσε
615 5220 675 5273 τὸ
703 5219 815 5289 πῦρ
840 5216 933 5270 τοῦ
967 5216 1139 5279 οἴκου,
1165 5214 1260 5267 καὶ
1291 5209 1580 5265 συνέλαϐεν
1611 5208 1775 5261 αὐτον

148 5320 323 5373 ἔνδον
365 5332 472 5369 και
508 5313 871 5365 κατέκαυσεν.
932 5306 1117 5376 Ὁρᾷς,
1152 5304 1235 5357 ὅτι
1272 5302 1385 5372 ἰδίῳ
1418 5301 1684 5371 θελήματι
1707 5298 1775 5351 δι’

149 5413 441 5482 ἀγάπην,
486 5406 610 5459 τινὰ
660 5403 799 5474 πρὸς
829 5401 1022 5471 καιρὸν
1059 5397 1189 5468 παρ’
1221 5396 1415 5451 ἑαυτὸν
1457 5396 1775 5463 ἀγαπήσας,

1872 4659 2155 4729 ingressus
2188 4666 2271 4713 est
2293 4657 2358 4729 ad
2386 4657 2689 4713 tollendum
2720 4672 2806 4721 ea,
2838 4665 3040 4710 etcum
3067 4656 3454 4726 apprehendit,

1874 4751 2079 4805 invasit
2110 4750 2251 4820 ignis
2284 4759 2452 4803 totam
2486 4749 2733 4815 domum,
2761 4758 2819 4803 et
2848 4748 3001 4802 illum
3038 4748 3189 4803 intus
3219 4749 3458 4805 detinuit

1871 4851 1929 4897 et
1969 4842 2293 4897 combussit.
2335 4842 2503 4897 Vides
2534 4858 2641 4907 ue,
2684 4839 2963 4911 quomodo
2999 4841 3223 4911 propria
3260 4841 3458 4895 volun-

1875 4942 1985 4988 tate
2026 4949 2127 5003 per
2173 4933 2550 4996 dilectionem,
2595 4932 2688 5002 qui
2723 4932 2905 5001 aliqua
2958 4930 3026 4984 ad
3068 4939 3283 4999 tempus
3314 4930 3459 5000 apud

1882 5040 1942 5080 se
1995 5026 2209 5092 dilexit,
2266 5026 2323 5081 in
2368 5026 2491 5097 igne
2518 5024 2786 5095 perierit?
2816 5023 3069 5078 similiter
3105 5023 3304 5077 iterum
3362 5039 3462 5093 per

1884 5133 2036 5172 mare
2105 5116 2160 5171 in
2227 5133 2419 5186 rupem
2487 5116 2754 5171 ﬂuctuum
2807 5113 3103 5169 stationem
3156 5113 3464 5169 incidentes

1884 5208 2109 5278 quidam
2156 5208 2657 5278 naufragaverunt;
2695 5216 2753 5261 et
2796 5205 2887 5275 qui
2918 5203 3102 5258 nudus
3129 5213 3187 5258 et
3217 5205 3465 5259 vestibus

1886 5308 2085 5357 exutus
2106 5300 2159 5355 in
2184 5316 2358 5369 aquas
2395 5315 2453 5354 se
2479 5299 2715 5369 conjecit
2736 5312 2793 5351 se
2817 5298 2992 5351 solum
3018 5296 3231 5350 salvare
3251 5296 3462 5360 volens,

1886 5404 1942 5449 et
1973 5394 2046 5449 ita
2077 5393 2343 5449 ﬂuctibus
2379 5392 2636 5463 agitatus,
2687 5399 2744 5444 et
2781 5405 2948 5457 super
3000 5402 3096 5442 eos
3132 5396 3348 5451 natans,
3397 5402 3465 5441 eo

150 5468 219 5560 in;
268 5468 376 5573 ct};
416 5468 551 5570 πυρὶ
587 5468 839 5552 ἀπώλετο
861 5512 874 5525 ·
900 5468 1102 5564 ὁμοίως
1134 5489 1297 5545 πάλιν
1337 5489 1396 5541 έν
1424 5489 1489 5557 τῇ
1535 5484 1758 5556 θαλάσσῃ

1889 5482 2035 5554 quod
2059 5468 2351 5553 expeditus
2379 5481 2676 5536 admodum
2706 5477 2800 5544 sit,
2829 5474 3045 5532 iactatus
3064 5483 3151 5532 est
3181 5471 3467 5530 transiisse

1483 5658 1722 5717 VARIAS
1757 5658 2165 5718 LECTIONES.

233 5864 329 5938 (5)
373 5858 521 5918 Cod.
561 5857 696 5910 ἕκει.
764 5853 836 5924 (6)
875 5852 1021 5910 C:od.
1048 5850 1331 5923 ἑξηλῆσαι.

2163 5870 2201 5893 κ
