3948 6524
551 366 656 433 507

1823 369 1886 431 S.
1924 366 2248 428 MACARII
2288 367 2613 428 IEGYPTII

3701 367 3786 432 508

557 493 810 538 amarum
841 493 1054 551 aequor,
1090 480 1282 552 sicque
1305 479 1431 538 vita:
1459 496 1573 540 suae
1600 481 1830 540 salutem
1860 479 2114 553 praestitit

2240 483 2319 550 εἰς
2348 482 2537 538 στάσιν
2558 481 2701 550 τινὲς
2727 480 2998 550 κλύδωνος
3027 480 3417 552 περιπεσόντες
3445 479 3785 552 ἐναυάγησανο

551 573 710 630 Alius
738 582 946 639 autem,
977 574 1176 630 volens
1193 574 1403 645 aliquid
1424 575 1880 632 vestimentorum
1906 589 2133 630 suorum

549 666 789 731 salvare,
825 667 1042 736 putavit
1084 682 1144 722 se
1190 683 1353 737 posse
1385 678 1612 724 enatare
1643 675 1701 722 et
1727 669 1960 724 transire
2007 684 2132 723 cum

553 756 666 822 eis,
697 772 819 827 qua:
862 758 983 812 tulit
1036 775 1247 823 secum,
1293 769 1350 813 et
1390 760 1482 814 illa
1527 775 1650 829 qua:
1694 761 1928 830 sumpsit
1977 760 2131 815 illum

551 859 951 918 oppresserunt
978 860 1035 905 et
1069 851 1463 908 immerserunt
1488 852 1543 906 in
1573 853 1744 908 maris
1771 854 2052 924 abyssum,
2077 862 2134 909 et

546 939 763 996 interiit
786 941 858 995 ob
897 941 1156 1012 exiguum
1193 943 1436 1010 lucrum,
1465 960 1646 1015 neque
1684 946 1811 1000 vitae
1838 963 1951 1001 suae
1980 947 2132 1000 salu-

545 1040 656 1089 tem
691 1034 966 1103 prazstitit.
991 1036 1231 1101 Videsne
1257 1037 1535 1107 quomodo
1578 1041 1799 1109 propria
1844 1041 2130 1094 voluntate

543 1139 642 1179 sua
690 1124 1047 1194 disperierit?
1092 1128 1296 1182 Iterum
1352 1144 1602 1200 suppone
1658 1132 1792 1186 mibi
1850 1148 2128 1187 rumorem

543 1216 788 1272 hostium
824 1218 1050 1286 venire;
1092 1229 1150 1275 et
1175 1221 1301 1286 hic,
1337 1223 1522 1278 statim
1573 1239 1639 1278 ac
1685 1224 1896 1294 audiit,
1936 1225 2128 1295 effugit

540 1311 830 1376 continuo,
861 1310 1074 1382 absque
1103 1314 1355 1369 vestibus
1389 1325 1446 1370 et
1475 1315 1660 1370 nudus
1687 1317 1958 1382 evadens;
1984 1317 2126 1372 alius

539 1407 726 1454 autem
771 1399 1002 1457 credere
1051 1401 1266 1468 nolens,
1309 1389 1997 1474 apprOpinquarebostes,
2032 1415 2128 1460 aut

537 1491 735 1546 volens
779 1491 991 1562 aliquid
1047 1508 1272 1550 servare
1339 1511 1370 1551 e
1419 1497 1586 1554 rebus
1621 1497 1774 1564 suis,
1813 1507 1872 1553 et
1907 1498 2126 1555 auferre

539 1597 750 1648 secum,
800 1595 1050 1639 moratus
1101 1592 1188 1640 est
1238 1584 1442 1657 fugam.
1482 1588 1549 1642 Et
1606 1587 1878 1644 intrantes
1935 1590 2126 1646 hostes

540 1673 1038 1744 apprehenderunt
1070 1675 1248 1742 illum,
1288 1686 1344 1733 et
1370 1678 1648 1748 captivum
1689 1679 2040 1736 abduxerunt
2067 1681 2124 1738 in

543 1765 975 1834 alienigenarum
1012 1767 1272 1837 patriam,
1313 1780 1370 1824 et
1413 1769 1525 1825 illic
1557 1772 1766 1828 servire
1804 1782 2118 1844 coegerunt.

541 1862 782 1919 Videsne
807 1864 1086 1934 quomodo
1112 1866 1334 1936 propria
1377 1882 1474 1922 sua
1503 1867 1808 1932 voluntate,
1836 1867 1907 1922 ob
1936 1884 2117 1924 socor-

539 1955 710 2021 diam,
739 1956 1084 2012 debilitatem
1109 1967 1166 2013 et
1195 1959 1549 2016 dilectionem
1582 1961 1820 2031 aliquam
1858 1979 2038 2016 rerum
2067 1964 2121 2016 in

539 2047 914 2116 captivitatem
956 2049 1223 2104 reductus
1243 2051 1358 2104 sit?
1411 2051 1668 2107 similiter
1689 2053 1784 2122 qui
1814 2069 1926 2106 non
1967 2069 2124 2108 man-

539 2140 686 2195 datis
729 2140 946 2196 Domini
978 2141 1336 2208 obedientes,
1370 2159 1474 2200 nec
1519 2145 1732 2214 scipsos
1764 2145 2118 2217 abnegantes,

537 2249 648 2289 non
691 2234 872 2289 solum
903 2235 1195 2292 Dominum
1220 2235 1495 2308 diligunt;
1540 2238 1637 2293 sed
1666 2239 1903 2294 vinculis
1944 2248 2120 2294 terre-

538 2323 750 2380 stribus
797 2325 1038 2381 libenter
1074 2326 1428 2395 detinentur,
1462 2329 1685 2399 quando
1738 2332 1953 2384 venerit
1980 2330 2122 2401 ignis

537 2425 804 2482 aeternus,
842 2417 988 2473 sicut
1021 2417 1384 2474 invenientur
1405 2421 1610 2491 captivi
1655 2421 1949 2486 virtutum,
1996 2423 2120 2476 vin-

540 2509 614 2563 cti
641 2517 826 2564 autem
850 2510 1020 2581 magis
1049 2511 1107 2565 in
1146 2513 1337 2567 mundi
1364 2513 1664 2569 dilectione
1690 2514 2116 2586 immergentur;

537 2609 595 2656 et
634 2601 735 2657 sub
777 2616 1024 2656 amarum
1055 2618 1206 2659 mare
1232 2605 1493 2674 nequitia:
1515 2607 1954 2677 praecipitantur.
1979 2617 2035 2662 et
2063 2609 2119 2662 in

538 2694 809 2749 servitute
835 2693 1292 2765 alienigenarum.
1329 2696 1384 2752 id
1410 2707 1496 2752 est
1524 2698 1823 2767 spirituum
1857 2700 2120 2769 nequitia:

537 2786 741 2856 captivi
771 2786 902 2842 facti
930 2795 1184 2857 pereunt.
1214 2788 1270 2844 Si
1303 2806 1435 2845 vero
1469 2791 1607 2847 velis
1637 2791 1952 2848 dilectionis
1991 2809 2120 2863 per-

534 2876 693 2931 fectae
712 2877 1098 2934 rectitudinem
1132 2879 1198 2933 ad
1234 2881 1528 2936 Dominum
1563 2898 1593 2938 e
1633 2883 1840 2938 sanctis
1867 2893 1924 2938 et
1949 2900 1979 2938 a
2006 2885 2118 2939 Deo

536 2967 824 3038 inspiratis
854 2968 1154 3039 Scripturis
1199 2971 1476 3039 ediscere;
1512 2972 1637 3028 vide
1669 2974 1793 3039 Job,
1840 2977 2119 3044 quomodo

539 3059 728 3113 omnia
785 3062 1021 3126 exuerit,
1061 3072 1123 3116 ut
1173 3063 1244 3117 ita
1281 3063 1482 3128 dicam,
1521 3081 1641 3134 qua:
1668 3067 2015 3135 possidebat;
2059 3069 2120 3121 fi-

2239 575 2332 628 καί
2369 575 2428 639 ὃς
2463 573 2561 643 μὲν
2603 572 2809 644 γυμνὸς
2865 571 3273 641 ἀποδυσάμενος
3328 569 3577 642 εἰσῆλθεν
3616 572 3670 626 ἐν
3695 577 3786 639 τοῖς

2237 664 2447 728 ⁸ύδασιν,
2486 663 2676 717 ἐαυτὸν
2709 663 2867 733 μόνον
2910 662 3236 735 βουλόμενος
3279 665 3475 729 σῶσαι,
3519 663 3612 718 καὶ
3639 663 3787 731 οὕτως

2236 756 2342 810 ὑπὸ
2383 757 2490 810 τῶν
2545 756 2810 826 κυμάτων
2849 757 3220 827 τυπτόμενος,
3249 757 3348 811 καί
3387 755 3596 810 ἀνωθεν
3632 757 3786 811 αὐτῶν

2233 848 2638 920 ἐπικολυμϐῶν,
2688 848 2778 902 διὰ
2835 848 2896 901 τὸ
2927 848 3122 903 ἄλυτον
3154 848 3317 902 αὑτὸν
3361 843 3537 913 εἶναι,
3569 847 3784 921 ἠδυνήθη

2230 940 2522 1004 διεξελθεῖν
2576 940 2676 1012 τὴν
2729 941 2936 1011 πικράν
2999 941 3294 1004 θάλασσαν,
3348 942 3444 995 καὶ
3502 939 3670 1005 οὕτως
3702 942 3786 1014 τὴν

2231 1031 2409 1103 ψυχὴν
2443 1031 2610 1085 αὑτοῦ
2645 1032 3094 1103 περιεποιήσατο.
3127 1016 3324 1097 ’Δλλος
3372 1031 3448 1097 δέ,
3490 1031 3784 1102 βουλόμενος

2232 1125 2406 1178 σῶσαί
2452 1142 2505 1178 τι
2559 1124 2668 1178 τῶν
2719 1122 3034 1194 ἐνδυμάτων
3070 1123 3234 1179 αὐτοῦ
3292 1125 3515 1194 ἐνόμισε
3553 1124 3785 1178 δύνασθαι

2231 1218 2576 1288 κολυμϐῆσαι
2599 1220 2695 1272 καὶ
2731 1218 3020 1283 διεξελθεῖν
3055 1219 3151 1273 σὺν
3181 1218 3430 1286 ἐκείνοις,
3467 1211 3548 1282 οἷς
3576 1213 3674 1288 ἦρε
3705 1220 3785 1271 σὺν

2229 1311 2431 1382 ἐαυτῷ,
2478 1312 2572 1365 καὶ
2625 1310 2766 1365 αὐτὰ
2814 1312 2998 1365 ἐκεῖνα
3028 1311 3173 1382 άπερ
3209 1310 3392 1376 ἔλαϐε,
3422 1310 3784 1382 κατεϐάρησαν

2229 1405 2410 1471 αὐτὸν,
2443 1406 2539 1458 καί
2571 1405 2978 1459 κατεϐἀπτισαν
3005 1407 3064 1459 ἐν
3103 1405 3183 1476 τῷ
3215 1404 3363 1477 βυθῷ
3385 1404 3485 1474 τῆς
3511 1402 3782 1474 Θαλάσσης,

2227 1495 2322 1550 καὶ
2361 1495 2609 1550 ἀπώλετο
2641 1496 2708 1550 δι’
2732 1496 2912 1565 ὀλίγον
2952 1493 3164 1567 κέρδος,
3219 1496 3297 1567 μὴ
3339 1497 3441 1566 τὴν
3475 1495 3669 1549 ἐαυτοῦ
3694 1494 3782 1565 duo

2226 1588 2330 1659 χὴν
2397 1588 2920 1659 περιποιησάμενος.
2969 1587 3178 1659 Ὁρᾷς,
3234 1587 3317 1641 ὃτι
3377 1587 3495 1658 ἰδίῳ
3543 1585 3782 1656 θελήματι

2227 1677 2393 1732 αὑτοῦ
2429 1678 2789 1750 ἐθανατώθης
2837 1679 3004 1734 πάλιν
3039 1679 3239 1736 ὑπόθου
3285 1697 3376 1750 μοι
3429 1680 3604 1750 ἀκοὴν
3649 1680 3783 1734 ἀλλο-

2228 1769 2408 1839 φύλων
2436 1769 2708 1840 ἔρχεσθαι.
2736 1770 2848 1824 Καὶ
2873 1770 2933 1832 ὃς
2955 1771 3053 1840 μὲν
3088 1770 3206 1841 ἅμα
3222 1769 3301 1842 τῷ
3330 1771 3407 1841 (7)
3427 1768 3655 1825 ἀκοῦσαι
3672 1771 3781 1839 ἐσυ-

2227 1882 2323 1935 γεν
2355 1867 2578 1932 εὐθέως,
2632 1871 2705 1937 μὴ
2744 1868 3180 1939 ἀναϐαλλόμενος
3217 1868 3379 1932 αὐτὸς
3421 1869 3630 1939 γυμνὸς
3656 1867 3783 1934 ἐξελ·

2221 1958 2352 2014 θὼν.
2403 1959 2595 2023 ’Ἄλλος
2626 1960 2683 2012 δὲ
2712 1960 3040 2026 δυσπιστῶν,
3076 1961 3160 2012 ὅτι
3211 1958 3462 2028 ἔρχονται
3507 1959 3560 2014 οἰ
3593 1959 3779 2030 ἐχθροὶ,

2219 2048 2252 2118 ἢ
2288 2049 2458 2102 θέλων
2489 2048 2612 2102 τινὰ
2641 2048 2750 2102 τῶν
2781 2048 2926 2102 ἰδίων
2957 2047 3320 2118 πραγμάτων,
3361 2048 3458 2102 καὶ
3482 2045 3784 2117 βουλόμενος

2221 2131 2353 2208 ἆραι
2389 2139 2510 2209 μεθ’
2551 2138 2768 2202 ἐαυτοῦ,
2801 2137 3062 2209 ἐϐράδυνε
3099 2141 3311 2209 φυγεῖν.
3356 2138 3469 2192 Καὶ
3489 2135 3783 2201 ἐπελθόντες

2220 2235 2268 2287 οί
2324 2233 2575 2304 πολέμιοι
2617 2232 2919 2286 κατέλαϐον
2958 2230 3141 2296 αὐτὸν,
3181 2231 3275 2285 καὶ
3304 2230 3783 2302 ῂχμαλωτεύσαντο

2221 2327 2302 2390 εἰς
2357 2325 2456 2397 τὴν
2508 2325 2619 2379 τῶν
2671 2324 2987 2393 ἀλλοφύλων
3041 2325 3298 2396 πατρίδα,
3339 2325 3504 2378 κάκεῖ
3533 2322 3782 2378 δουλεύειν

2222 2417 2666 2484 κατηνάγκασαν.
2713 2415 2897 2486 Ὁρᾷς,
2929 2415 3012 2468 ὅτι
3058 2416 3137 2486 τῷ
3197 2416 3314 2486 ἰδίῳ
3346 2416 3616 2485 θελήματι
3635 2413 3780 2469 αὑτοῦ

2219 2505 2309 2559 διὰ
2331 2505 2603 2576 χαύνωσιν
2634 2504 2729 2556 καὶ
2761 2503 3056 2577 ἀνανδρίαν
3093 2505 3188 2559 καὶ
3219 2505 3442 2575 ἀγάπην
3476 2504 3599 2558 τινὰ
3626 2521 3781 2574 πραγ-

2223 2599 2409 2669 μάτων
2440 2601 2520 2662 είς
2556 2600 2653 2670 τὴν
2691 2597 3072 2670 αἰχμαλωσίαν
3111 2596 3435 2668 ἀπηνέχθη;
3479 2594 3679 2666 ὁμοίως
3700 2597 3781 2650 καὶ

2220 2692 2270 2744 οἱ
2297 2690 2373 2763 μὴ
2402 2693 2522 2753 ταῖς
2546 2691 2787 2754 ἐντολαῖς
2823 2689 2917 2743 τοῦ
2952 2691 3157 2760 Κυρίου
3204 2688 3681 2754 ἐξακολουθοῦντες
3703 2687 3782 2740 καὶ

2219 2782 2446 2843 ἑαυτοὺς
2475 2781 2799 2852 ἀρνούμενοι
2839 2784 2933 2834 καὶ
2981 2783 3140 2852 μόνον
3171 2781 3265 2835 τὸν
3304 2781 3510 2852 Κύριον
3544 2779 3781 2850 ἀγαπῶν-

2219 2892 2330 2938 τες,
2393 2874 2528 2928 ἀλλά
2579 2875 2801 2950 δεσμοῖς
2847 2875 3057 2944 γηῖνοις
3102 2873 3366 2935 ἑκουσίως
3417 2873 3780 2942 δεσμούμενοι,

2221 2964 2542 3029 ἐπελθόντος
2571 2965 2665 3020 τοῦ
2701 2965 2871 3036 πυρὸς
2901 2965 2995 3019 τοῦ
3034 2966 3274 3030 αἰωνίου,
3309 2964 3387 3029 ῶς
3425 2965 3782 3034 εὑρισκόμενοι

2221 3057 2556 3127 αἰχμάλωτοι
2584 3057 2818 3128 ἀρετῶν,
2877 3057 3244 3127 συνδεδεμένοι
3300 3057 3357 3110 δέ
3409 3056 3614 3128 μᾶλλον
3646 3059 3699 3111 ἐν
3724 3057 3780 3128 τῇ

535 3143 675 3206 lios,
709 3145 952 3208 divitias,
997 3149 1297 3214 animalia,
1343 3151 1578 3208 famulos
1629 3161 1686 3208 et
1732 3155 1943 3226 reliqua
1995 3174 2115 3227 qua:

2221 3149 2409 3220 ἀγάπῃ
2425 3149 2520 3202 τοῦ
2558 3149 2767 3219 κόσμου
2798 3148 3436 3221 καταϐυθ[ισθ]ήσονται,
3464 3152 3558 3203 καὶ
3575 3149 3675 3204 ὑπὸ
3697 3149 3782 3220 τῆς

534 3234 804 3302 habebat;
837 3239 1114 3307 quomodo
1143 3242 1223 3296 sic
1268 3243 1511 3299 nudatus
1554 3246 1810 3318 effugerit
1853 3258 1910 3304 et
1935 3251 2112 3305 salva-

532 3329 673 3383 verit
739 3330 1004 3400 seipsum,
1060 3347 1112 3384 et
1178 3333 1351 3402 ipsam
1401 3336 1641 3392 tunicam
1697 3339 1983 3396 dimittens
2057 3352 2113 3398 et

533 3417 790 3490 injiciens
850 3423 1082 3487 Satanae,
1112 3424 1250 3480 nibil
1297 3425 1352 3479 in
1406 3441 1664 3483 sermone
1724 3431 2113 3501 blasphemans

531 3525 714 3580 neque
764 3512 929 3566 corde
989 3530 1166 3583 neque
1216 3516 1374 3571 labiis
1436 3533 1616 3574 coram
1692 3522 1947 3589 Domino,
2013 3525 2109 3581 sed

531 3617 564 3655 e
609 3612 804 3656 contra
862 3604 1147 3659 benedixit
1204 3607 1495 3664 Dominum
1528 3653 1542 3674 ,
1593 3612 2110 3672 dicenszbominus

530 3692 694 3758 dedit,
759 3693 1014 3749 Dominus
1079 3696 1332 3764 abstulit;
1372 3709 1429 3753 ut
1471 3701 1694 3757 Domino
1752 3704 1970 3774 placuit,
2032 3709 2108 3762 ita

530 3785 730 3858 factum
783 3795 892 3854 est,
942 3789 1011 3843 sit
1051 3807 1241 3846 nomen
1287 3793 1496 3848 Domini
1523 3795 1850 3852 benedictum
1879 3801 1942 3855 °‘.
1995 3799 2110 3855 Etsi

530 3879 830 3950 putabatur
874 3881 1044 3936 multa
1085 3882 1410 3951 possidere,
1457 3899 1488 3938 a
1532 3887 1764 3942 Domino
1822 3891 2105 3959 probatus,

531 3969 711 4040 patuit
764 3971 902 4025 nibil
957 3972 1247 4042 possidens
1291 3974 1394 4029 nisi
1457 3977 1634 4031 solum
1669 3979 1859 4033 Deum.
1901 3979 2111 4035 Simili-

531 4069 618 4116 ter
663 4060 943 4117 Abraham
995 4064 1181 4134 jussus
1213 4079 1242 4118 a
1279 4065 1513 4122 Domino
1561 4069 1752 4140 egredi
1782 4084 1812 4124 e
1845 4078 2013 4136 terra,
2046 4081 2103 4127 et

528 4166 562 4207 e
595 4151 820 4217 familia,
875 4162 933 4209 et
972 4169 1003 4209 e
1037 4154 1202 4209 domo
1231 4156 1402 4226 patris
1437 4158 1546 4224 sui,
1595 4162 1886 4226 continuo,
1925 4173 1985 4218 ut
2030 4163 2106 4219 ita

529 4245 710 4301 dicam
733 4287 747 4311 ,
787 4249 971 4302 omnia
1015 4247 1188 4312 exuit,
1229 4249 1480 4319 patriam,
1517 4259 1746 4318 terram,
1779 4255 2107 4322 consangui-

529 4350 686 4399 neos,
724 4346 1005 4407 parentes,
1047 4348 1105 4393 et
1144 4339 1391 4396 obedivit
1417 4342 1585 4396 verbo
1618 4343 1870 4409 Domini;
1905 4345 2105 4400 deinde

530 4424 741 4482 interea
777 4427 970 4481 multis
999 4429 1418 4497 probationibus
1457 4440 1513 4488 et
1573 4435 1972 4490 tentationibus
2023 4435 2102 4490 illi

2217 3243 2420 3312 πικρᾶς
2455 3241 2730 3309 θαλάσσης
2763 3243 2861 3313 τῆς
2900 3242 3166 3312 πονηρίας
3198 3242 3675 3307 καταδυθίζονται,
3701 3243 3779 3296 καὶ

2217 3331 2320 3384 ὑπὸ
2350 3331 2448 3400 τῆς
2477 3331 2854 3401 αἰχμαλωσίας
2880 3331 2989 3383 τῶν
3015 3330 3352 3398 ἀλλοφύλων,
3381 3329 3530 3383 τοῦτ’
3554 3330 3665 3383 ἐστι
3691 3329 3783 3384 τῶν

2215 3425 2544 3492 πνευμάτων
2603 3424 2700 3492 τῆς
2744 3424 3010 3494 πονηρίας
3054 3422 3582 3493 αἰχμαλωτιζόμενοι
3630 3422 3782 3475 ἀπόλ-

2213 3514 2395 3567 λυνται
2417 3514 2590 3584 (8).Εἰ
2616 3514 2671 3567 δὲ
2691 3513 2855 3585 βούλῃ
2871 3515 3090 3582 ἀγάπης
3113 3515 3188 3583 (9)
3211 3514 3624 3584 ἀπηρτισμένης
3643 3511 3781 3566 εύθύ-

2211 3623 2352 3675 τητα
2383 3607 2518 3676 πρὸς
2570 3606 2773 3676 Κύριον
2823 3606 2886 3658 ἐκ
2927 3605 3036 3657 τῶν
3067 3603 3235 3672 ἁγίων
3265 3603 3637 3659 θεοπνεύστων
3666 3605 3701 3657 Γ
3704 3623 3781 3674 ρα-

2213 3698 2329 3768 φῶν
2384 3699 2759 3768 καταμαθεῖν,
2813 3697 2889 3751 ίδε
2941 3697 3034 3750 τὸν
3093 3696 3246 3762 Ἰὼϐ,
3301 3697 3421 3762 πῶς
3495 3697 3782 3751 ἀπεδύσατο

2212 3793 2415 3854 πάντα,
2467 3790 2657 3860 ὥσπερ
2693 3791 2888 3855 εἰπεῖν,
2937 3789 3082 3860 ἅπερ
3123 3785 3192 3861 ἦν
3225 3789 3582 3860 κεκτημένος,
3606 3789 3778 3853 τέκνα,

2210 3880 2488 3950 κτήματα,
2543 3880 2680 3944 ζῶα,
2733 3879 2950 3942 παῖδας
2991 3880 3086 3932 καὶ
3133 3880 3200 3934 τὰ
3249 3879 3409 3933 λοιπά
3460 3881 3777 3951 ὑπάρχοντα,

2211 3967 2329 4032 πῶς
2358 3969 2810 4040 ἀπεκδυσάμενος
2841 3969 3032 4038 ἔφυγε,
3062 3970 3156 4022 καί
3178 3969 3435 4023 διέσωσεν
3461 3971 3672 4034 ἑαυτὸν,
3698 3969 3778 4022 καὶ

2209 4061 2372 4115 αὑτὸν
2419 4077 2510 4114 τον
2541 4060 2746 4131 χιτῶνα
2791 4061 2950 4129 ἀςρείς
2981 4061 3076 4113 καὶ
3123 4061 3282 4132 ῥίζας
3315 4063 3392 4133 τῷ
3429 4063 3663 4134 Σατανᾷ,
3697 4061 3777 4115 καὶ

2211 4152 2348 4223 μήτε
2377 4151 2434 4204 ἐν
2465 4151 2607 4220 λόγῳ
2639 4150 3039 4222 βλασφημήσας
3091 4154 3228 4224 μήτε
3253 4155 3318 4224 τῇ
3371 4156 3593 4226 καρδίᾳ,
3656 4158 3774 4223 μήτε

2207 4245 2318 4306 τοῖς
2340 4241 2544 4312 χείλεσι
2575 4241 2946 4313 φθεγξάμενος
2979 4241 3208 4296 ἐνώπιον
3258 4244 3355 4298 τοῦ
3394 4246 3625 4316 Κυρίου,
3659 4246 3774 4300 ἀλλὰ

2207 4333 2514 4390 τούναντίον
2553 4333 2815 4406 εὐλόγησε
2867 4334 2958 4388 τὸν
2987 4335 3210 4407 Κύριον,
3242 4335 3440 4424 εἰπάζν·
3483 4339 3546 4391 '0
3581 4339 3771 4406 Κύριος

2207 4425 2454 4492 ἔδωκεν,
2486 4428 2519 4480 ό
2541 4426 2756 4494 Κύριος
2775 4426 3083 4496 ἀφείλετο·
3112 4429 3190 4494 ὼς
3219 4429 3298 4495 τῷ
3330 4429 3527 4500 Κιφίῳ
3557 4431 3768 4498 ἔδοξεν,

527 4515 997 4585 contingentibus,
1033 4518 1147 4573 sive
1197 4521 1418 4590 quando
1450 4523 1570 4594 ejus
1621 4540 1758 4579 uxor
1787 4526 1966 4580 ablata
1997 4537 2102 4592 est,

2218 4516 2400 4584 οὕτως
2424 4517 2523 4570 καὶ
2551 4517 2789 4586 ἐγένετο
2809 4494 2826 4549 έ
2846 4517 2940 4586 εἴη
2965 4519 3029 4571 τὸ
3051 4519 3239 4588 ὄνομα
3273 4494 3508 4590 Κυρίου.
3536 4494 3770 4593 sulem;

525 4607 642 4664 sive
707 4607 930 4677 quando
972 4609 1027 4662 in
1086 4618 1233 4664 terra
1285 4612 1461 4667 aliena
1515 4613 1720 4685 degens
1777 4615 2103 4686 iniustitiam

526 4713 722 4770 passus
752 4710 990 4770 est.per
1017 4701 1203 4755 omnia
1252 4711 1509 4761 ostensus
1561 4716 1646 4763 est
1693 4708 1864 4764 Deum
1924 4711 2102 4766 solum

523 4803 692 4860 super
739 4792 922 4846 omnia
981 4791 1245 4863 diligere;
1278 4795 1517 4867 denique
1539 4814 1665 4854 cum
1720 4816 1819 4869 per
1869 4803 2102 4872 promis-

521 4882 735 4938 sionem
785 4892 842 4938 et
914 4893 1038 4954 post
1098 4886 1300 4940 multos
1367 4904 1543 4944 annos
1625 4891 1851 4946 unicum
1921 4893 2095 4948 tilium

521 4991 686 5047 quem
722 4978 955 5033 multum
994 4979 1408 5037 desideraverat
1429 4983 1674 5052 possedit
1696 5025 1710 5050 ,
1733 4986 1921 5056 jussus
1951 4987 2100 5043 bunc

521 5069 578 5125 in
597 5069 928 5125 sacriﬁciqu
945 5072 1178 5127 viriliter
1198 5089 1299 5144 per
1320 5089 1378 5130 se
1409 5075 1713 5144 immolare,
1732 5095 1939 5135 exuens
1954 5081 2096 5150 seip-

519 5178 642 5218 sum
688 5167 744 5219 et
784 5180 911 5220 vere
965 5165 1266 5237 abnegans,
1311 5169 1553 5224 ostendit
1583 5172 1861 5241 quomodo
1897 5183 2098 5244 praeter

519 5254 694 5310 Deum
715 5257 852 5312 nibil
875 5258 1024 5313 aliud
1041 5261 1309 5315 amaverit
1332 5277 1432 5331 per
1452 5262 1719 5334 unigeniti
1737 5266 2094 5325 oblationem.

523 5346 579 5400 Si
640 5349 788 5402 enim
833 5349 980 5404 hunc
1027 5368 1291 5422 generose
1331 5353 1517 5419 exuit,
1563 5367 1771 5424 quanto
1821 5358 2011 5428 magis,
2049 5359 2094 5414 si

594 5523 780 5580 “Job.
819 5543 856 5591 ι,
889 5526 978 5581 2|.

2199 4610 2404 4680 μένον.
2437 4612 2556 4664 Κᾶν
2585 4610 2864 4681 ἐνομίζετο
2891 4611 2999 4682 γὰρ
3027 4611 3322 4682 κεκτῆσθαι
3346 4614 3539 4679 πολλὰ,
3559 4616 3767 4685 δοκιμα·

2205 4703 2350 4766 σθείς
2372 4703 2476 4755 ὑπὸ
2491 4703 2582 4756 τοῦ
2604 4705 2830 4772 Κυρίου,
2854 4704 3175 4774 ἐφανερώθη
3202 4707 3366 4776 μηδὲν
3397 4725 3567 4778 κεκτη
3578 4707 3766 4778 μέν,ςῆ

2203 4796 2363 4864 μόνον
2401 4795 2491 4848 τὸν
2521 4795 2674 4847 Θεόν.
2712 4794 2944 4863 Ὁμοίως
2973 4796 3000 4847 ὁ
3043 4797 3292 4868 Ἀϐραὰμ
3325 4799 3637 4864 κελευσθελ;
3681 4799 3767 4852 ύπδ

2199 4887 2292 4940 τοῦ
2312 4889 2515 4958 Κυρίου
2541 4886 2775 4953 ἐξελθεῖν
2801 4889 2866 4939 ὲκ
2881 4888 2978 4957 τῆς
3003 4888 3108 4958 γῆς
3130 4891 3224 4944 καὶ
3248 4895 3310 4944 ἐκ
3341 4891 3440 4960 τῆς
3468 4894 3766 4963 συγγενείας

2207 4978 2305 5032 καί
2334 4981 2396 5032 ἐκ
2429 4978 2525 5032 τοῦ
2561 4980 2709 5032 οἴκου
2741 4977 2833 5030 τοῦ
2865 4980 3071 5050 πατρὸς
3104 4981 3290 5046 αὑτοῦ,
3316 4984 3541 5048 εὐθέως,
3599 4986 3766 5055 ὥσπερ

2204 5075 2399 5136 εἰπεῖν,
2432 5072 2738 5126 ἀπεδύσατο
2768 5075 2966 5139 πάντα,
3011 5075 3266 5144 πατρίδα,
3319 5077 3444 5145 γῆν,
3477 5080 3763 5148 συγγενεῖς,

2205 5168 2381 5234 γονεῖς
2420 5166 2513 5219 καὶ
2538 5165 2932 5236 ἐξηκολούθησε
2962 5165 3039 5236 τῷ
3089 5167 3234 5238 λόγῳ
3259 5167 3352 5220 τοῦ
3390 5169 3598 5241 Κυρίου
3621 5187 3634 5198 ’
3661 5166 3764 5223 εἶτα

2207 5259 2410 5330 μεταξὺ
2432 5258 2644 5311 πολλῶν
2668 5259 3000 5330 δοκιμασιῶν
3034 5260 3126 5313 καὶ
3170 5263 3494 5333 πειρασμῶν
3526 5264 3672 5334 αύτῴ
3701 5279 3767 5329 τι·

2206 5351 2467 5424 νομένων,
2508 5352 2666 5408 τοῦτο
2697 5352 2797 5426 μὲν
2824 5353 2926 5425 τῆς
2952 5352 3213 5420 γυναικὸς
3240 5355 3409 5412 αὑτοῦ
3436 5355 3500 5410 λα
3510 5352 3766 5430 μϐανομέ·

1823 5684 2056 5742 VARUE
2104 5685 2518 5752 LECTIONES.

600 5795 674 5866 (7)
733 5792 867 5849 Cod.
905 5795 979 5847 τό.
1058 5794 1134 5866 (8)
1179 5797 1311 5857 Cod.
1350 5799 1711 5856 ἀπόλλωνται.
1791 5805 1868 5876 (9)
1909 5806 2044 5867 Cod.
2087 5811 2324 5885 ἀγάπην.
