3948 6546
162 298 254 365 509

1398 287 1766 352 HOMILLE.
1796 314 1863 325 -
1894 291 2080 354 ΗΟΜ.
2114 288 2182 351 ν.

3292 285 3397 355 ΜΟ

162 426 268 479 νης,
286 399 434 458 τοῦτο
453 399 509 455 δὲ
531 399 623 454 ἐπὶ
643 400 801 472 ξένης
833 399 947 472 (Ιθ)
976 400 1197 470 διάγων,
1225 399 1321 455 καὶ
1347 399 1724 468 ἀδικούμενος,

1833 400 2044 471 reliqua
2115 399 2302 456 omnia
2378 415 2502 473 quae
2559 399 2878 473 possidebat
2941 400 3129 472 jussus
3198 399 3397 460 fuisset

163 501 248 556 καὶ
291 494 373 550 διὰ
403 493 623 548 πάντων
651 492 1015 562 ἀποδειχθεὶς,
1045 493 1129 546 ὅτι
1159 492 1293 546 Θεὸν
1327 491 1487 563 μόνον
1519 488 1712 560 ἀγαπᾷ

166 588 289 658 ὑπὲρ
339 584 548 637 πάντα·
583 582 808 653 ὕστερον
838 583 961 635 ἐπεὶ
1005 582 1073 635 δι’
1126 582 1458 650 ἐπαγγελίας
1510 580 1605 634 καὶ
1644 579 1712 633 δι’

166 679 287 734 ἐτῶν
312 675 515 731 πολλῶν
544 673 807 745 μονογενῆ
838 674 954 727 υἱὸν
986 674 1127 727 κατά
1164 673 1365 745 πολλὴν
1412 670 1713 741 ἐπιθυμίαν

164 772 425 841 ἐκτήσατο,
461 767 706 839 αἰτηθεὶς
741 768 931 820 τοῦτον
959 768 1039 829 είς
1095 767 1285 820 θυσίαν
1319 764 1614 835 προθύμως
1646 763 1715 817 δι’

162 862 340 919 ἑαυτοῦ
365 862 673 932 ἀναφέρειν,
721 860 1135 931 ἀποδυσάμενος
1164 860 1354 912 ἑαυτὸν
1383 858 1478 911 καὶ
1502 856 1717 928 ἀληθῶς

163 952 520 1025 ἀρνησάμενος
538 967 554 981 ⁶
570 950 822 1015 ἀπέδειξε
847 950 975 1021 γάρ,
999 950 1081 1003 ὅτι
1105 950 1284 1020 παρὲκ
1306 948 1416 1019 (Η)
1433 947 1567 1001 Θεοῦ
1590 946 1719 1000 ἄλλο

164 1059 210 1095 τι
230 1042 321 1095 οὐκ
342 1040 592 1110 ἠγάπησε
609 1038 697 1092 διὰ
724 1041 823 1108 τῆς
845 1039 939 1092 τοῦ
970 1037 1289 1109 μονογενοῦς
1322 1036 1715 1107 προσκομιδῖκ.

164 1135 219 1186 Εἰ
245 1132 345 1201 γὰρ
376 1132 582 1183 ἐκεῖνον
616 1128 913 1199 προθύμως
944 1130 1274 1193 ἀπεδύσατο,
1308 1129 1461 1199 πόσῳ
1492 1126 1715 1197 μᾶλλον,

164 1226 206 1278 εἰ
227 1224 290 1276 τά
313 1221 470 1274 λοιπά
497 1219 664 1274 αὐτοῦ
695 1221 1011 1291 ὑπάρχοντα
1036 1220 1334 1290 ἐκελεύσθη
1370 1222 1528 1274 ἐᾶσαι
1548 1219 1582 1289 ἢ
1619 1219 1719 1271 πέ-

164 1332 305 1386 νησιν
350 1313 438 1382 ὑφ’
470 1312 528 1365 ἐν
578 1312 877 1383 διανεῖμαι,
928 1313 1163 1384 ἑτοίμως
1191 1312 1288 1367 καὶ
1330 1311 1624 1385 προθύμως
1654 1311 1720 1365 ἂν

166 1406 400 1475 ἐποίησεν
420 1407 435 1460 ι
458 1405 618 1476 Ὁρᾷς
640 1404 860 1472 ἀγάπης
890 1404 1301 1475 ἀπηρτισμένης
1324 1405 1390 1457 ἐκ
1418 1403 1721 1473 θελήματος

166 1498 287 1569 πρὸς
316 1496 516 1565 Κύριον
538 1495 839 1567 εὺθύτητα;
871 1495 1044 1560 οὕτως
1064 1497 1156 1550 καὶ
1178 1497 1228 1549 οι
1257 1495 1461 1548 τούτων
1491 1495 1725 1563 συγκλη-

170 1588 369 1659 ρονόμοι
423 1587 676 1655 γενέσθαι
714 1587 1030 1658 βουλόμενοι
1063 1588 1243 1659 παρὲκ
1265 1587 1377 1654 (12)
1405 1585 1539 1640 Θεοῦ
1570 1587 1723 1640 ούδὲν

167 1678 456 1749 ὀφείλουσιν
511 1678 819 1750 ἀγαπῆσαι,
867 1680 975 1746 ἵνα,
1005 1682 1134 1734 ὅταν
1163 1678 1557 1749 δοκιμασθῶσι,
1587 1679 1720 1747 χρή·

1821 490 2189 561 relinquere,
2253 499 2350 547 aut
2406 492 2775 560 privationem
2837 491 2892 546 in
2944 508 3055 547 uno
3108 491 3393 564 experiri,

1820 581 2061 637 libenter
2132 597 2197 638 ac
2269 597 2535 654 generose
2623 582 2869 639 fecisset.
2945 584 3175 641 Videsne
3255 585 3396 641 diles

1822 673 2023 727 ctionis
2109 673 2369 744 perfecta:
2451 690 2518 729 ex
2594 674 2879 730 voluntate
2951 672 3019 729 ad
3102 675 3395 731 Dominum

1824 763 2276 819 rectitudinem?
2353 764 2445 821 Sic
2524 775 2581 820 et
2672 765 2766 835 qui
2837 764 3028 819 talium
3105 766 3399 836 participes

1825 853 1945 909 ﬁeri
1990 855 2185 911 volunt
2232 865 2432 926 praeter
2484 856 2657 910 Deum
2713 855 2850 909 nihil
2890 855 3094 911 debent
3147 856 3396 928 diligere,

1826 954 1919 1009 ut,
1979 946 2201 1015 quando
2264 947 2694 1016 probabuntur,
2760 948 2926 1003 utiles
2996 956 3053 1003 et
3135 949 3249 1018 apti
3309 948 3399 1003 in-

1824 1036 2140 1098 veniantur,
2178 1040 2475 1107 perfectam
2515 1040 2866 1094 dilectionem
2907 1054 3058 1094 suam
3098 1039 3163 1094 ad
3211 1040 3399 1094 Domi-

1824 1143 1958 1183 num
2001 1139 2407 1183 conservantes.
2444 1129 2603 1184 Tales
2637 1145 2811 1199 usque
2845 1129 2915 1184 ad
2950 1129 3113 1184 tinem
3156 1145 3395 1200 pugnam

1826 1220 2164 1289 pertransire
2197 1229 2480 1290 poterunt,
2506 1222 2601 1290 qui
2635 1236 2666 1276 e
2700 1222 2980 1277 voluntate
3014 1222 3185 1276 Deum
3221 1223 3399 1278 solum

1827 1312 2051 1366 omnino
2077 1311 2407 1375 dilexerunt,
2435 1322 2492 1367 et
2516 1314 2584 1367 ab
2610 1312 2760 1368 omni
2794 1312 2984 1366 mundi
3013 1312 3309 1368 dilectione
3340 1328 3401 1368 se

1828 1402 2224 1459 liberaverunt.
2267 1405 2429 1461 Pauci
2478 1413 2660 1459 autem
2704 1405 3001 1459 admodum
3044 1405 3403 1459 inveniuntur

1828 1499 1921 1567 qui
1961 1499 2121 1553 talem
2158 1497 2511 1553 dilectionem
2546 1497 2875 1566 suscipiunt,
2901 1506 2957 1551 et
2986 1511 3179 1551 omnes
3211 1496 3403 1555 mundi

1829 1588 2141 1658 voluptates
2189 1597 2248 1642 et
2297 1588 2631 1657 cupiditates
2680 1597 3030 1653 aversantur,
3071 1597 3126 1643 et
3168 1588 3405 1642 viriliter

1831 1677 2277 1749 impugnationes
2334 1688 2391 1734 et
2443 1678 2776 1733 tentationes
2828 1678 3050 1748 maligni
3105 1679 3400 1733 sustinent.

167 1787 302 1840 σιμοι
331 1770 421 1822 καὶ
449 1769 662 1839 δόκιμοι
686 1770 976 1840 εύρεθῶσι,
1005 1770 1217 1824 τελείαν
1243 1770 1342 1839 τὴν
1369 1771 1591 1839 ἀγάπην
1624 1769 1723 1820 αύ-

1833 1768 2019 1824 Nonne
2069 1769 2251 1832 enim,
2295 1770 2554 1838 quoniam
2601 1770 2761 1823 multi
2810 1768 3007 1824 ﬂuvios
3056 1778 3405 1824 transeuntes

162 1862 260 1914 τῶν
306 1860 440 1931 πρὸς
473 1860 677 1929 Κύριον
716 1860 1111 1927 ἀποσώζοντες.
1149 1861 1213 1914 Οί
1246 1858 1479 1912 τοιοῦτοι
1511 1858 1617 1920 ἓως
1641 1858 1722 1910 τε·

160 1957 273 2015 λους
319 1952 608 2017 διεξελθεῖν
645 1952 736 2006 τὸν
771 1954 957 2023 ἀγῶνα
1004 1953 1347 2022 δυνήσονται,
1386 1953 1519 2004 οἱὲκ
1563 1951 1723 2018 θελη-

163 2063 320 2117 ματος
347 2046 481 2099 Θεδν
517 2047 676 2117 μόνον
717 2046 1100 2118 ἀγαπήσαντες
1141 2046 1389 2109 πάντοτε,
1420 2046 1513 2099 καὶ
1543 2043 1724 2113 πάσης

162 2142 368 2210 ἀγάπης
399 2142 604 2211 κόσμου
634 2141 860 2204 ἑαυτοὺς
908 2139 1214 2200 λελυκότες.
1249 2139 1449 2206 Ὀλίγοι
1508 2137 1564 2189 δὲ
1601 2137 1728 2205 σφό-

160 2232 252 2303 δρα
285 2232 632 2302 εὑρίσκονται
677 2235 726 2287 ci
782 2232 1039 2302 τοιαύτην
1077 2232 1301 2303 ἀγάπην
1345 2229 1726 2296 ἀναλαόόντες,

160 2326 248 2378 καὶ
307 2326 488 2387 πάσας
542 2326 640 2388 τάς
686 2325 780 2379 τοῦ
810 2325 1024 2395 κόσμου
1060 2322 1254 2394 ἡδονὰς
1307 2324 1401 2376 καὶ⁸
1438 2320 1730 2393 ἐπιθυμίας

158 2416 639 2487 ἀποστρεφόμενοι,
677 2416 774 2469 καὶ
810 2416 1177 2487 μακροθύμως
1205 2416 1303 2479 τὰς
1331 2414 1728 2478 ἐπαναστάσεις

159 2507 245 2557 καὶ
268 2507 605 2577 πειρασμοὺς
660 2504 754 2559 τοῦ
783 2505 1019 2575 πονηροῦ
1048 2505 1445 2575 ὑπομένοντες·
1487 2503 1563 2574 μὴ
1595 2504 1729 2576 γάρ,

158 2596 333 2666 ἐπειδὴ
369 2596 555 2648 πολλοὶ
586 2597 865 2667 ποταμοὺς
892 2596 1293 2667 παρερχόμενοι
1318 2594 1725 2665 παρασύρονται

159 2685 253 2740 ὑπὸ
283 2688 391 2741 τῶν
426 2689 658 2755 ὑδάτων,
691 2690 791 2741 οὐκ
819 2691 955 2741 είσὶν
987 2689 1036 2741 οἱ
1074 2688 1440 2760 διαπερῶντες
1486 2688 1612 2751 τοὺς
1639 2687 1725 2740 θο-

159 2779 337 2851 λεροὺς
362 2782 643 2852 ποταμοὺς
671 2782 779 2835 τῶν
809 2781 900 2835 τοῦ
936 2782 1149 2851 κόσμου
1193 2779 1499 2851 ἐπιθυμιῶν
1524 2798 1724 2834 παντο-

158 2870 352 2935 δαπῶν,
381 2872 477 2926 καί⁵
500 2874 760 2928 ποικίλων
789 2874 1109 2944 πειρασμῶν
1134 2872 1241 2925 τῶν
1272 2873 1599 2942 πνευμάτων
1628 2872 1726 2944 τῆς

161 2968 447 3035 πονηρίας;
479 2968 576 3019 καὶ
603 2965 791 3036 ἐπειδὴ
816 2965 986 3019 πολλὰ
1004 2965 1165 3018 πλοῖα
1190 2965 1248 3018 ἐν
1267 2967 1332 3035 τῇ
1350 2964 1595 3036 θαλάσσῃ
1620 2981 1723 3018 κα-

158 3054 464 3126 λυπτόμενα
517 3057 622 3109 ύπδ
670 3058 781 3110 τῶν
834 3058 1096 3129 κυμάτων
1148 3056 1448 3127 βυθίζεται,
1501 3058 1599 3111 ούκ
1626 3059 1733 3111 εἰσὶ

159 3146 526 3220 διαπερῶντα,
590 3150 685 3203 καὶ
720 3151 907 3204 ἐπάνω
954 3149 1063 3203 τῶν
1106 3150 1369 3220 κυμάτων
1400 3150 1730 3215 διοδεύοντα,

162 3242 248 3294 καὶ
287 3244 364 3305 είς
411 3241 609 3313 λιμένα
661 3244 885 3315 εἰρήνης
933 3243 1380 3314 καταντήσαντα;
1430 3241 1518 3295 διὰ
1575 3241 1733 3295 τοῦτο

161 3333 385 3395 πίστεως
416 3334 623 3405 πολλῆς
677 3337 772 3390 καὶ
804 3333 1195 3406 μακροθυμίας
1244 3334 1339 3387 καὶ
1381 3333 1590 3401 ἀγῶνος
1640 3334 1733 3387 καὶ

161 3426 428 3499 ὑπομονῆς
478 3430 577 3482 καὶ
623 3429 800 3482 πόνων
858 3429 956 3482 καὶ
998 3428 1189 3497 πείνης
1246 3427 1341 3481 καὶ
1372 3426 1528 3496 δίψης
1564 3428 1641 3489 είς
1673 3427 1733 3481 τὸ

162 3520 356 3588 ἀγαθὸν
389 3523 486 3574 καὶ
514 3521 775 3591 ὀξύτητος
828 3525 921 3575 καὶ
958 3520 1231 3584 ἀναιδείας
1280 3520 1375 3574 καὶ
1407 3520 1733 3591 διακρίσεως

161 3615 247 3664 καὶ
292 3613 568 3677 συνέσεως
604 3614 834 3669 πάντοτε
870 3613 1057 3686 χρείαο
1087 3614 1134 3665 οί
1170 3613 1279 3683 γάρ
1341 3612 1584 3665 πλεῖστοι
1622 3613 1733 3666 τῶν

161 3704 248 3755 ἀνθ
259 3704 454 3775 ρώπων
471 3705 601 3759 ἄνευ
621 3723 689 3758 κα
699 3706 885 3775 μάτων
902 3706 997 3759 καὶ
1012 3703 1237 3773 ἀγώνων
1253 3707 1342 3758 καὶ
1362 3703 1600 3774 ἱδρώτων
1616 3703 1735 3756 ἐπι-

161 3798 329 3864 τυχεῖν
353 3796 634 3866 βασιλείας
664 3795 942 3865 βούλονται
974 3796 1083 3866 (15)
1108 3812 1121 3824 ⁸
1148 3796 1283 3865 ὅπερ
1313 3794 1573 3848 ἀδύνατόν
1594 3794 1733 3849 ἐστι.

159 3878 361 3956 ’Ὥσπερ
390 3884 487 3939 οῦν
517 3888 575 3939 ἐν
604 3887 793 3958 κόσμῳ
821 3886 1153 3957 ἀπέρχονταί
1203 3903 1345 3949 τινες
1375 3885 1566 3957 ἄνδρες
1600 3884 1734 3955 πρός

159 3991 271 4029 τινα
290 3977 553 4030 πλούσιον
585 3979 925 4048 ἐργάσασθαι
951 3980 1030 4041 εἰς
1061 3977 1217 4049 θέρος
1252 3977 1284 4048 ἢ
1322 3978 1400 4040 είς
1425 3977 1613 4047 ἕτερον
1641 3975 1735 4047 ἕρ-

159 4082 267 4135 γον,
310 4070 459 4134 ὅπως
500 4074 857 4142 πορίσωνται,
908 4070 943 4123 ἂ
997 4069 1290 4141 χρῄζουσιν
1320 4070 1465 4139 ἔχειν
1510 4072 1590 4132 εἰς
1638 4068 1737 4137 τὴν

158 4160 445 4234 διατροφὴν
504 4164 712 4216 αύτὼνο
766 4163 872 4216 εἰσὶ
918 4164 973 4216 δέ
1004 4181 1146 4226 τινες
1209 4164 1264 4216 ἐν
1300 4162 1480 4225 αὐτοῖς
1515 4160 1737 4230 ὀκνηροὶ

160 4257 245 4307 καὶ
272 4257 454 4327 ἀργοὶ,
487 4258 563 4328 μὴ
588 4258 888 4327 κάμνοντες
911 4256 967 4310 δὲ
996 4255 1191 4319 οὕτως,
1218 4257 1353 4326 μήτε
1388 4253 1737 4325 ἁρμοζόντως

158 4344 559 4416 ἐργαζόμενοι·
610 4344 755 4402 οὗτοι
798 4349 965 4419 μηδὲν
1021 4348 1403 4412 κοπιάσαντες,
1466 4348 1603 4416 μήτε
1635 4361 1735 4396 κα-

161 4438 344 4509 μόντες
389 4442 473 4502 είς
534 4441 625 4493 τὸν
664 4438 811 4494 οἷκον
858 4440 950 4515 τοῦ
992 4439 1270 4504 πλουσίου,
1308 4437 1588 4509 βούλονται
1643 4435 1734 4488 τὸν

162 4532 344 4601 μισθὸν
372 4534 430 4601 ἐξ
465 4534 586 4586 ἴσου
644 4534 832 4588 λαϐεῖν
859 4536 973 4597 τοῖς
1012 4534 1274 4603 ἀνδρείως
1320 4533 1415 4585 καὶ
1447 4530 1611 4597 ὀξέως
1642 4528 1737 4582 καὶ

158 4624 245 4699 ὅλῃ
271 4627 453 4679 αὐτῶν
497 4628 768 4697 καμοῦσιν
827 4627 992 4698 ἰσχύϊ,
1027 4627 1100 4689 ὼς
1130 4626 1232 4697 ήδη
1279 4623 1340 4677 τὸ
1371 4622 1550 4675 αὐτῶν
1578 4622 1736 4690 ἔργον

159 4723 520 4789 πεποιηκότες
542 4735 558 4752 ·
580 4718 670 4771 τὸν
700 4719 861 4771 αὑτὸν
890 4718 1089 4791 τρόπον
1117 4717 1254 4770 ἐπὰν
1280 4714 1733 4783 ἀναγινώσκομεν

158 4808 249 4871 τὰς
276 4810 313 4860 Γ
320 4811 523 4881 ραιράς,
548 4810 665 4875 πῶς
690 4812 719 4863 ό
744 4812 890 4864 δεῖνα
906 4812 1112 4873 δίκαιος
1140 4807 1473 4879 εύηρέστησε
1500 4805 1577 4876 τῷ
1597 4805 1736 4877 Θεῷ,

160 4901 266 4965 πῶς
300 4904 455 4972 φίλος
488 4903 585 4957 καὶ
614 4903 901 4973 συνόμιλος
927 4900 1061 4957 Θεοῦ
1090 4902 1305 4970 γέγονε,
1335 4898 1431 4952 καὶ
1465 4898 1663 4958 πάντες
1681 4896 1737 4948 δὲ

160 4991 205 5043 ei
234 4993 472 5063 πατέρες
509 4995 627 5057 πῶς
654 4995 795 5063 φίλοι
821 4995 916 5047 καὶ
941 4992 1268 5062 κληρονόμοι
1302 4987 1437 5042 Θεοῦ
1457 4986 1733 5056 γεγόνασι,

160 5084 320 5150 πόσας
370 5087 587 5157 θλίψεις
621 5086 1091 5157 ὑπέμειναν,πόσα
1122 5084 1211 5137 διὰ
1229 5083 1319 5137 τὸν
1352 5081 1485 5135 Θεὸν
1517 5078 1737 5143 ἔπαθον,

162 5174 294 5227 πόσα
324 5176 757 5247 ὴνδραγάθησαν
810 5176 905 5229 καὶ
950 5175 1308 5245 ἠγωνίσαντο,
1362 5167 1741 5242 μακαρίζομεν

160 5266 370 5335 αὐτοὺς,
400 5270 501 5322 καὶ
524 5270 630 5322 τῶν
659 5270 789 5322 ἴσων
829 5269 1010 5332 αὐτοῖς
1043 5268 1262 5339 δωρεῶν
1294 5266 1388 5319 καὶ
1415 5262 1741 5333 ἀξιωμάτων

157 5361 333 5429 τυχεῖν
362 5360 694 5433 βουλόμεθα,
718 5362 813 5418 καὶ
834 5360 1211 5425 ἐπιθυμοῦμεν
1238 5358 1532 5432 προθύμως
1556 5354 1741 5409 λαϐεῖν

1829 1860 1987 1929 aquis
2040 1858 2420 1929 abripiuntur,
2473 1866 2603 1912 sunt
2658 1858 2753 1927 qui
2811 1867 3099 1914 transeunt
3155 1860 3406 1915 turbidos

1829 1949 2027 2004 ﬂuvios
2056 1949 2457 2003 mundanarum
2492 1948 2857 2017 cupiditatum
2894 1957 3002 2003 tam
3057 1950 3401 2004 diversarum

1829 2039 2213 2108 variarumque
2248 2039 2616 2093 tentationum
2656 2040 2949 2109 spirituum
2996 2040 3289 2109 nequitite?
3328 2054 3403 2106 et,

1829 2132 2088 2201 quoniam
2114 2132 2285 2186 multa
2308 2132 2525 2203 navigia
2555 2131 2610 2185 in
2636 2132 2774 2185 mari
2806 2132 3123 2188 abscondita
3148 2133 3407 2189 ﬂuetibus

1831 2228 2252 2297 immerguntur,
2283 2243 2463 2283 nonne
2509 2235 2639 2282 sunt
2673 2227 2769 2297 qui
2808 2243 2957 2283 mare
2998 2236 3406 2298 pertranseunt,

1831 2321 1926 2390 qui
1959 2320 2013 2373 in
2043 2320 2299 2374 ﬂuctibus
2334 2321 2662 2390 procedunt,
2691 2329 2747 2375 et
2780 2322 2833 2374 in
2870 2332 3089 2390 portum
3127 2322 3278 2392 pacis
3308 2320 3407 2376 de-

1831 2412 2096 2466 veniunt?
2121 2412 2390 2480 Quocirca
2421 2414 2591 2467 multa
2617 2414 2722 2468 ﬁde
2752 2422 2807 2468 et
2834 2413 3177 2478 fortitudine,
3205 2429 3407 2484 pugna,

1832 2505 2119 2576 patientia,
2144 2505 2449 2570 laboribus,
2481 2504 2621 2559 fame
2648 2514 2705 2559 et
2732 2505 2822 2559 siti
2853 2504 2921 2559 ad
2953 2503 3184 2569 bonum,
3214 2503 3409 2559 alacri-

1838 2611 1967 2665 tate,
1996 2602 2427 2672 pcrseverantia,
2451 2602 2661 2671 judicio
2690 2610 2745 2655 et
2789 2600 3083 2655 reﬂexione
3113 2599 3409 2654 admodum

1838 2708 1977 2763 opus
2014 2702 2117 2748 est.
2148 2693 2401 2761 Plerique
2432 2692 2580 2747 enim
2611 2692 2865 2747 homines
2896 2692 3013 2745 sine
3043 2690 3328 2745 laboribus
3355 2701 3412 2747 et

1838 2787 2035 2858 pugnis
2068 2796 2122 2841 et
2152 2786 2449 2841 sudoribus
2480 2800 2709 2855 regnum
2744 2783 2998 2839 obtinere
3028 2783 3240 2847 volunt,
3264 2782 3411 2852 quod

1838 2881 2178 2950 impossibile
2213 2888 2317 2934 est.
2344 2879 2416 2934 Ut
2442 2878 2607 2948 igitur
2632 2877 2688 2931 in
2724 2876 2929 2930 mundo
2963 2875 3411 2945 exeuntquidant

1835 2972 1938 3026 viri
1963 2972 2032 3025 ad
2058 2971 2297 3040 aliquem
2327 2970 2573 3030 divitem,
2599 2976 2660 3022 ut
2684 2966 2937 3022 laborent
2962 2966 3029 3021 ad
3057 2981 3289 3020 messem
3318 2972 3415 3019 aut

1836 3065 1905 3119 ad
1940 3063 2089 3119 aliud
2123 3079 2283 3133 opus,
2312 3078 2422 3132 quo
2457 3061 2835 3132 procurabunt
2866 3075 2988 3129 quae
3022 3058 3129 3114 sibi
3164 3071 3417 3111 necessa-

1836 3158 1915 3212 ria
1951 3164 2081 3211 sunt
2110 3156 2178 3210 ad
2209 3170 2371 3209 suum
2403 3154 2609 3208 victum
2641 3152 2960 3207 habendum
2998 3169 3009 3203 :
3045 3157 3176 3204 sunt
3204 3163 3271 3203 ex
3308 3147 3417 3203 illis

1835 3247 2059 3318 quidam
2106 3246 2244 3317 pigri
2288 3254 2345 3301 et
2387 3244 2674 3309 vecordes,
2704 3250 2761 3298 et
2802 3245 2877 3295 ita
2924 3255 3036 3295 non
3080 3239 3413 3302 laborantes,

1835 3353 2015 3407 neque
2041 3337 2378 3392 conveniens
2402 3350 2544 3405 Opus
2568 3341 2919 3398 exercentes;
2955 3330 3044 3385 isti
3072 3345 3181 3383 non
3205 3329 3415 3399 fatigati

1836 3444 2017 3499 neque
2056 3429 2370 3483 laborantes
2402 3427 2455 3482 in
2492 3425 2680 3481 divitis
2710 3424 2907 3479 domus
2936 3422 3199 3493 gratiam,
3226 3422 3419 3475 volunt

1836 3520 2148 3576 mercedem
2178 3519 2443 3589 tequalem
2474 3516 2727 3585 accipere
2758 3514 2867 3569 illis
2898 3512 2991 3583 qui
3020 3511 3277 3575 viriliter,
3303 3510 3413 3564 ala-

1837 3613 2006 3667 criter
2051 3621 2108 3666 et
2153 3610 2411 3665 omnibus
2455 3608 2670 3662 viribus
2718 3605 3125 3666 laboraverunt,
3158 3609 3416 3671 tanquam

1837 3703 2055 3757 illorum
2102 3716 2242 3771 opus
2281 3700 2391 3770 jam
2443 3698 2724 3754 fecissent.
2765 3694 2887 3750 Pari
2951 3692 3135 3754 modo,
3197 3688 3418 3761 quando

1837 3791 2072 3862 legimus
2104 3791 2156 3843 in
2195 3789 2519 3860 Scripturis,
2545 3786 2826 3858 quomodo
2860 3785 2964 3839 istc
2994 3784 3179 3854 justus
3211 3782 3419 3851 placuit

1837 3883 1982 3947 Deo,
2013 3880 2288 3951 quomodo
2329 3880 2543 3934 amicus
2574 3888 2628 3934 et
2664 3876 3077 3932 contubernalis
3112 3873 3209 3928 Dei
3243 3874 3419 3927 factus

1835 3982 1941 4038 est,
1974 3982 2029 4027 et
2062 3987 2254 4026 omnes
2292 3982 2476 4042 patres
2517 3966 2794 4040 quomodo
2836 3966 3000 4021 amici
3037 3974 3094 4021 et
3125 3964 3419 4034 participes

1837 4067 1934 4121 Dei
1987 4064 2115 4120 facti
2168 4073 2325 4128 sunt,
2359 4070 2594 4133 quantas
2643 4073 2917 4114 terumnas
2962 4056 3210 4129 perpessi
3258 4064 3417 4117 sunt,

1838 4167 2043 4227 quanta
2074 4164 2302 4228 propter
2334 4156 2503 4211 Deum
2537 4152 2942 4215 sustinuerunt,
2967 4159 3171 4219 quanta
3203 4146 3420 4202 fortitu-

1839 4250 1966 4305 dine
1998 4249 2188 4304 luctati
2222 4255 2351 4301 sunt
2377 4254 2431 4299 et
2461 4248 2868 4315 pugnaverunt,
2899 4240 3021 4294 illos
3052 4238 3414 4309 gratulamur,

1838 4348 1894 4397 et
1917 4340 2154 4410 aequales
2186 4337 2294 4392 illis
2322 4340 2604 4389 mercedes
2625 4343 2681 4391 et
2705 4348 2950 4388 nonores
2983 4329 3233 4384 obtinere
3263 4327 3417 4381 volu-

1841 4448 1997 4497 mus,
2037 4440 2092 4485 et
2138 4430 2392 4499 cupimus
2444 4432 2706 4482 ardenter
2749 4423 3001 4493 accipere
3058 4420 3260 4490 inclyta
3314 4417 3417 4472 ista

1842 4523 2005 4585 dona,
2023 4521 2344 4575 omittenles
2366 4520 2587 4573 illorum
2611 4517 2850 4593 labores,
2873 4527 3105 4584 pugnas,
3136 4524 3414 4564 aerumnas

1837 4622 1893 4668 et
1922 4613 2227 4677 cruciatus;
2257 4620 2313 4667 et
2343 4611 2561 4665 illorum
2593 4608 2854 4668 honores,
2881 4613 2935 4657 et
2960 4601 3273 4673 dignitates,
3297 4614 3418 4669 qua:

1838 4720 1869 4759 a
1920 4706 2031 4760 Deo
2081 4703 2475 4774 possederunt,
2521 4700 2783 4756 ardenter
2830 4695 3080 4751 obtinere
3126 4691 3423 4767 volumus,

1836 4801 2057 4857 labores
2094 4809 2279 4856 autem
2332 4808 2389 4853 et
2424 4811 2636 4869 pugnas
2674 4808 2867 4849 eorum
2908 4806 3018 4846 non
3061 4785 3413 4855 suscipimus.

1842 4890 1975 4947 Dico
2003 4907 2134 4947 vero
2166 4890 2264 4946 tibi
2321 4891 2427 4945 hoc
2457 4903 2618 4944 omne
2649 4887 2927 4941 hominem
2960 4894 3161 4951 cupere
3194 4886 3250 4932 et
3276 4876 3417 4930 velle

1843 4985 2010 5041 etiam
2050 4981 2386 5045 meretrices,
2418 4979 2741 5051 publicanos
2778 4984 2834 5030 et
2869 4971 3120 5027 homines
3160 4967 3413 5038 injustos,

1835 5073 1995 5130 facile
2052 5070 2267 5127 scilicet
2311 5068 2430 5123 sine
2483 5064 2766 5121 laboribus
2814 5070 2871 5117 et
2918 5058 3115 5131 pugnis
3164 5053 3416 5127 obtinere

1837 5184 2098 5241 regnum;
2141 5166 2237 5222 sed
2277 5173 2502 5235 propter
2535 5162 2640 5215 hoc
2672 5158 2728 5213 in
2766 5156 2945 5211 medio
2978 5159 3201 5208 manent
3238 5154 3418 5201 tenta-

1840 5269 2038 5331 tiones,
2061 5272 2115 5319 et
2141 5262 2495 5334 probationes
2525 5256 2731 5319 multm,
2749 5262 2804 5308 et
2824 5263 3101 5313 aerumnae,
3120 5254 3175 5301 et
3198 5257 3414 5334 pugnae,

1837 5365 1894 5412 et
1921 5333 2176 5418 sudores,
2208 5360 2269 5406 ut
2298 5350 2445 5404 clare
2477 5352 2778 5402 noscantur
2807 5340 3029 5410 quinam
3064 5338 3120 5394 in
3152 5333 3418 5401 veritate,

1460 5558 1696 5617 VAlilAZ
1722 5556 2132 5615 LECTIONES.

238 5725 344 5799 (10)
369 5725 485 5785 Sic.
522 5725 643 5783 cod.
722 5726 833 5797 (11)
869 5722 1004 5781 Cod.
1042 5723 1236 5809 πάρεξ.
1317 5719 1427 5793 (1‘2)
1455 5719 1591 5778 Cod.
1625 5716 1822 5790 πάρεξ.
1902 5713 2013 5787 (15)
2044 5706 2184 5770 COd.
2220 5703 2538 5777 βούλωνται.
