3948 6582
512 270 615 341 5H
1783 272 1843 333 S.
1882 270 2119 332 MACAI

2249 216 2575 329 ΑΞΟΥΡΤΙΙ
3676 264 3761 331 512

515 402 694 459 usque
721 385 789 444 ad
821 395 1057 445 mortem
1090 387 1542 461 progredientes,
1575 402 1701 444 cum
1736 386 1889 445 omni
1922 387 2105 441 inten-

2218 382 2272 436 ιά
2312 380 2503 446 ἔνδοξα
2547 380 2739 435 ἐκεῖνα
2767 380 3108 452 χαρίσματα,
3154 379 3575 448 ύπερδαίνοντες
3603 379 3765 432 αὐτῶν

516 478 669 533 tione
691 484 750 533 et
773 477 982 533 virtute
1007 479 1305 534 Dominum
1338 481 1515 535 solum
1546 478 1862 544 dilexerint,
1884 486 1941 533 et
1965 475 2105 531 nihil

2218 473 2333 535 τοὺς
2392 472 2612 535 πόνους,
2648 472 2743 523 καὶ
2772 472 3011 541 ἀγῶνας,
3062 474 3153 525 καὶ
3189 472 3289 536 τὰς
3330 470 3556 541 θλίψεις,
3598 471 3689 524 καὶ
3708 472 3767 525 τὰ

516 567 670 624 aliud
715 567 1145 625 desiderandum
1192 585 1319 625 eum
1362 570 1511 625 illius
1551 584 1739 624 arnore
1785 568 2101 623 habuerint.

2218 562 2537 634 παθήματα,
2578 562 2674 616 καὶ
2722 563 2823 627 τὰς
2852 563 2951 634 μὲν
2980 565 3145 634 τιμάς
3184 563 3387 628 αὐτῶν,
3419 564 3511 616 καὶ
3542 564 3612 615 τὰ
3633 562 3770 626 ἀξιώ-

518 662 652 719 Ideo
690 662 840 734 juste
890 662 945 717 in
992 679 1221 735 regnum
1265 664 1529 719 caelorum
1577 662 1968 732 ingrediuntur
2010 660 2106 730 qui

2218 674 2380 728 ματα,
2413 650 2503 708 οἶα
2530 655 2640 710 ἀπὸ
2703 655 2836 709 Θεοῦ
2890 657 3211 727 κέκτηνται,
3263 655 3558 725 προθύμως
3604 652 3769 706 λαϐεῖν

520 756 737 825 seipsos
766 755 1183 825 abnegaverunt
1206 755 1508 810 secundum
1532 754 1751 809 Domini
1774 754 2028 817 verbum,
2052 762 2109 808 et

521 862 623 917 per
658 848 937 917 pr0priam
972 847 1313 901 voluntatem
1350 847 1645 901 Dominum
1685 846 1861 901 solum
1897 846 2107 901 dilexe-

524 950 654 997 runt
678 954 707 1007 ;’
743 941 870 996 ideo
908 940 1140 994 summis
1161 940 1483 994 cmlestibus
1526 939 1688 994 donis
1725 940 1796 994 ob
1837 954 2107 993 summam

524 1045 681 1085 suam
708 1028 1061 1084 dilectionem
1092 1029 1621 1083 remunerabuntur.
1652 1030 1786 1084 Nam
1822 1029 1878 1083 in
1909 1045 2111 1083 terum-

526 1121 633 1186 nis,
660 1119 1023 1184 cruciatibus,
1048 1120 1332 1190 patientia.
1357 1130 1414 1175 et
1445 1120 1550 1176 ﬁde
1582 1122 1756 1175 latent
1786 1121 2110 1191 promissio-

525 1228 647 1278 nes,
672 1211 865 1282 gloria,
891 1210 1165 1265 bonorum
1194 1212 1501 1267 caelestium
1528 1212 1820 1282 possessio,
1848 1221 2107 1281 tanquam

527 1306 581 1361 in
614 1304 826 1362 semine
855 1304 1004 1374 quod
1038 1304 1094 1359 in
1126 1313 1326 1358 terram
1356 1306 1562 1376 jactum
1594 1316 1679 1361 est
1709 1305 1920 1360 fructus
1950 1308 2107 1372 latet,

524 1404 623 1452 aut
646 1394 701 1450 in
726 1396 926 1451 arbore
956 1394 1134 1464 spinis
1162 1395 1507 1451 circumdato
1530 1406 1587 1451 et
1614 1397 1759 1451 inter
1786 1408 2108 1466 corruptum

524 1500 583 1548 et
628 1489 868 1562 ignobile
908 1499 1123 1549 stercus
1166 1497 1470 1545 crescente.
1509 1491 1577 1545 Et
1622 1499 1754 1545 tunc
1796 1490 2110 1545 vestimenti

525 1581 880 1654 dignitatem,
919 1587 976 1635 et
1034 1579 1297 1651 gloriam,
1345 1590 1402 1635 et
1458 1580 1817 1651 multiplicem
1872 1581 2110 1634 fructum

527 1672 892 1728 ostendentur
917 1671 1145 1737 habere,
1167 1681 1229 1726 ut
1255 1671 1391 1725 dicit
1420 1671 1717 1741 Apostolus
1747 1689 1760 1725 :
1792 1671 1894 1726 Per
1916 1670 2112 1725 multas

2209 748 2458 817 θέλομεν,
2490 748 2616 809 τοὺς
2652 747 2709 799 δὲ
2758 748 3037 817 καμάτους
3070 746 3165 799 καὶ
3213 746 3412 809 πόνους
3452 745 3544 797 καὶ
3573 744 3770 811 ἀγῶνας

2208 836 2390 889 αὐτῶν
2416 837 2475 888 ού
2514 836 2947 906 καταδεχόμεοα.
2979 838 3139 904 Λέγω
3159 836 3217 889 δέ
3244 854 3349 900 σοι,
3382 837 3462 888 ὅτι
3492 834 3652 888 τοῦτο
3678 837 3770 899 πᾶς

2208 947 2292 992 τις
2328 928 2614 998 ἄνθρωπος
2649 929 2911 999 ἐπιθυμεῖ
2943 929 3040 983 καὶ
3090 929 3255 991 θέλει,
3307 930 3401 982 καλ⁸
3436 929 3635 999 πόρναι
3688 933 3772 981 καὶ

2209 1021 2442 1075 τελῶναι
2481 1020 2578 1073 καὶ
2611 1021 2788 1075 ἄδικοι
2809 1022 3106 1091 ἄνθρωποι,
3137 1021 3373 1084 εὐκόλως
3425 1025 3555 1075 ἀνευ
3604 1020 3771 1075 κόπων

2210 1116 2307 1171 καὶ
2332 1115 2557 1183 ἀγώνων
2577 1116 2762 1183 τυχεῖν
2781 1112 3057 1182 βασιλείας
3081 1128 3094 1143 ο
3113 1111 3250 1165 ἀλλά
3271 1111 3360 1165 διὰ
3383 1112 3540 1164 τοῦτο
3567 1112 3625 1163 ὲν
3640 1110 3773 1181 μέσῳ

2212 1206 2530 1278 πειρασμοὶ,
2561 1206 2656 1258 καὶ
2680 1205 2995 1275 δοκιμασίαι
3045 1203 3256 1263 πολλαὶ,
3289 1203 3386 1256 καὶ
3435 1201 3665 1271 θλίψεις,
3693 1204 3771 1254 καὶ

2210 1300 2441 1368 ἀγῶνες,
2476 1298 2571 1352 καὶ
2604 1297 2825 1368 ἱδρῶτες
2853 1296 3192 1367 πρόκεινται,
3212 1296 3299 1349 ἴνα
3318 1296 3545 1366 φανεροὶ
3584 1294 3773 1361 γένωνο

2210 1412 2323 1455 ται,
2389 1393 2535 1455 τίνες
2585 1391 2644 1457 ἐξ
2694 1390 2956 1461 ἀληθείας
3012 1390 3116 1453 ἕως
3157 1389 3390 1442 θανάτου
3436 1387 3681 1449 ἐλθόντες
3726 1385 3775 1449 ἐξ

2209 1486 2339 1555 ὅλης
2369 1488 2744 1554 προαιρέσεως
2798 1481 3204 1553 καὶδυνάμεως
3244 1482 3336 1534 τὸν
3392 1478 3598 1551 Κύριον
3637 1478 3775 1548 μόνον

2211 1577 2528 1648 ἠγάπησαν,
2554 1577 2650 1629 καὶ
2674 1576 2828 1629 οὐδὲν
2849 1577 2937 1629 ἓτε
2946 1593 3038 1647 ρον
3059 1577 3156 1629 σὺν
3173 1579 3240 1647 τῇ
3267 1574 3404 1645 πρὸς
3426 1573 3589 1628 αὐτὸν
3607 1572 3776 1643 ἀγάπη

2218 1671 2583 1742 περιπόθητον
2610 1670 2790 1741 ἔσχον.
2814 1671 2905 1724 Διὸ
2927 1671 3023 1725 καὶ
3050 1670 3278 1733 δικαίως
3298 1671 3378 1732 εἰς
3394 1668 3494 1738 τὴν
3518 1666 3775 1738 βασιλείαν

527 1764 895 1820 tribulatione:
915 1772 1117 1834 oportet
1136 1779 1227 1817 nos
1241 1765 1513 1818 intrarein
1533 1780 1752 1835 regnum
1766 1764 2018 1818 caelorum
2036 1766 2111 1830 ⁶¹;

2218 1735 2328 1817 τῶπν
2349 1735 2596 1834 οὐρανῶν
2617 1735 2980 1834 εἰσέρχονται,
3010 1764 3383 1835 ἀρνησάμενοι
3411 1735 3639 1822 ἑαυτοὺς
3656 1760 3777 1813 κατά

524 1868 583 1914 et
607 1858 875 1912 Dominus
904 1870 921 1909 :
955 1855 1021 1910 In
1052 1857 1309 1927 patientia
1343 1863 1516 1909 vestra
1548 1855 1875 1926 possidebitia
1906 1857 2115 1909 animas

526 1963 727 2009 vestras
748 1952 825 2017 ⁸³;
854 1960 909 2007 et
929 1967 1123 2015 rursus
1142 1950 1232 2005 :In
1251 1950 1445 2003 mundo
1457 1966 1758 2020 pressuram
1781 1950 2030 2003 habebitis
2048 1949 2113 2003 ⁸⁵.

528 2048 742 2102 Labore
777 2045 949 2109 enim,
981 2051 1038 2098 et
1075 2042 1364 2113 patientia,
1398 2051 1454 2097 et
1494 2043 1827 2097 abstinentia
1869 2053 1926 2097 ct
1966 2042 2115 2097 omni

527 2134 1027 2205 circumspectione
1059 2149 1199 2204 opus
1228 2142 1342 2200 est;
1371 2141 1427 2188 et
1453 2133 1755 2199 alacritate,
1782 2145 1839 2188 et
1865 2149 2120 2204 perseve—

531 2226 710 2283 rantia
759 2227 815 2280 in
864 2225 1117 2281 oratione
1159 2224 1227 2280 ad
1270 2225 1593 2290 Dominum,
1631 2235 1694 2280 ut
1738 2226 1913 2295 possit
1954 2227 2118 2281 homo

530 2317 869 2389 pertransire
895 2317 1242 2371 terrestrium
1268 2316 1622 2386 cupiditates,
1650 2316 1879 2385 laqueos
1913 2325 1968 2370 et
2001 2316 2121 2371 ille-

530 2410 727 2464 eebras
750 2408 1120 2477 voluptatum,
1148 2418 1203 2463 et
1232 2406 1424 2461 mundi
1459 2416 1833 2477 tempestates,
1865 2417 1921 2463 et
1952 2409 2121 2463 malo-

531 2519 655 2557 rum
682 2502 979 2572 spiritunm
1010 2500 1453 2573 impugnationes
1477 2501 1745 2565 devitarc,
1772 2510 1828 2556 et
1853 2501 1992 2557 bene
2021 2516 2122 2555 no-

531 2607 688 2649 scere
724 2592 874 2661 quali
907 2591 1190 2661 vigilantia
1222 2599 1280 2646 et
1314 2591 1523 2661 impetu
1560 2590 1686 2646 ﬁdei
1720 2600 1777 2647 et
1808 2592 2123 2649 dilectionis

529 2683 708 2738 sancti
734 2682 1015 2737 caelestem
1044 2682 1381 2745 thesaurum,
1404 2683 1457 2736 id
1482 2690 1588 2747 est,
1608 2683 1837 2752 spiritus
1858 2684 2121 2739 virtutem

532 2772 590 2829 in
640 2772 758 2826 suis
807 2772 1101 2827 animabus
1151 2782 1208 2827 et
1251 2773 1391 2827 caelo
1437 2772 1789 2842 possideant;
1842 2774 1990 2844 quod
2037 2784 2124 2831 est

529 2864 691 2935 quasi
731 2864 912 2919 arrhae
950 2864 1103 2935 regni
1145 2864 1405 2920 cmlestis.
1435 2865 1573 2919 Nam
1614 2865 1808 2921 beatus
1840 2866 2124 2936 apostolus

531 2955 739 3011 Paulus
767 2955 836 3010 de
869 2956 975 3010 hoc
999 2955 1209 3010 emlesti
1243 2956 1526 3020 thesauro,
1560 2956 1616 3011 id
1657 2964 1764 3024 est,
1797 2957 1970 3028 gratia
1996 2957 2122 3027 Spi-

534 3049 678 3104 ritus
706 3065 997 3113 enarrans,
1020 3057 1077 3103 et
1106 3049 1518 3104 multitudinem
1560 3049 1982 3104 tribulationum
2024 3067 2121 3105 ex-
2148 3090 2192 3151 Ο

533 3156 767 3212 ponens,
796 3141 1073 3211 simulque
1115 3141 1437 3207 ostendens,
1464 3141 1597 3211 quid
1645 3141 1845 3196 debeat
1887 3142 2120 3211 quisque

534 3234 735 3288 exinde
787 3250 1056 3304 quaerere.
1119 3235 1225 3301 Et,
1292 3234 1427 3303 quid
1489 3234 1777 3305 possidere
1835 3244 2120 3305 oporteat,

536 3327 673 3381 dicit
698 3344 713 3381 :
749 3324 956 3381 Scimus
978 3329 1117 3381 enim
1140 3328 1304 3399 quod,
1329 3330 1373 3382 si
1397 3337 1663 3381 terrenum
1695 3334 1932 3381 nostrum
1956 3328 2126 3381 dami-

536 3422 717 3476 cilium
773 3422 933 3491 hujus
990 3420 1319 3475 tabernaculi
1374 3422 1695 3474 destructum
1730 3420 1907 3489 fuerit,
1957 3418 2123 3487 cedi/i-

538 3514 803 3568 cationem
849 3528 912 3566 ea:
957 3512 1066 3567 Deo
1113 3513 1385 3576 habemus,
1435 3510 1760 3565 domicilium
1792 3526 1897 3565 non
1927 3526 2123 3564 manu-

537 3616 761 3691 factum,
788 3615 1046 3661 azternum
1078 3606 1131 3658 in
1163 3602 1302 3656 cwlis
1324 3603 1388 3655 ⁵⁸.

2215 1857 2307 1909 τὸν
2328 1855 2421 1908 τοῦ
2453 1856 2658 1927 Κυρίου
2698 1856 2877 1923 λόγον,
2919 1855 3015 1909 καὶ
3036 1855 3187 1925 παρά
3209 1856 3309 1923 τὴν
3346 1854 3483 1907 ίδίαν
3512 1852 3679 1922 πνοὴν
3703 1851 3779 1905 τὸν

2218 1949 2420 2021 Κύριον
2452 1950 2613 2020 μόνον
2637 1950 2987 2021 ἠγαπηκότες
3004 1968 3018 1981 ·
3038 1949 3118 2002 διὸ
3152 1948 3248 2003 καὶ
3274 1949 3465 2018 ἀκροις
3493 1946 3686 2017 δώροις
3706 1946 3781 1997 οὐ·

2221 2044 2427 2113 ρανίοις
2453 2042 2551 2115 τὴν
2608 2043 2787 2115 ἄκραν
2819 2045 3044 2113 ἀγάπην
3100 2044 3283 2097 αὐτῶν
3344 2041 3777 2113 ἀμειφθήσονται.

2218 2135 2312 2198 Εἰς
2348 2135 2456 2205 γὰρ
2490 2134 2585 2198 τὰς
2619 2133 2846 2204 θλίψεις,
2876 2136 2971 2187 καὶ
3003 2134 3073 2188 τὰ
3095 2133 3424 2205 παθήματα,
3462 2131 3559 2185 καὶ
3592 2131 3779 2200 ὑπομο-

2220 2226 2338 2297 νὴν,
2371 2226 2465 2279 καὶ
2496 2225 2681 2279 πίστιν
2710 2225 3163 2296 ὲγκεκρυμμέναι
3192 2224 3334 2277 εἰσὶν
3366 2224 3423 2276 αἱ
3449 2220 3775 2289 ἐπαγγελίαι,

2221 2319 2318 2373 καὶ
2343 2319 2375 2389 ἡ
2407 2317 2556 2382 δόξα,
2590 2319 2734 2388 καὶὴ
2762 2318 2869 2371 τῶν
2903 2318 3247 2388 ἐπουρανίων
3266 2314 3491 2384 ἀγαθῶν
3523 2311 3779 2366 ἀποκατά-

2224 2427 2435 2476 στασις,
2468 2410 2657 2480 ὥσπερ
2689 2412 2747 2464 ὲν
2782 2410 2859 2481 τῷ
2887 2410 3201 2481 ῥιπτομένῳ
3224 2410 3356 2479 σίτῳ
3392 2410 3475 2470 είς
3503 2406 3605 2476 τὴν
3636 2404 3780 2474 γῆνό

2216 2500 2435 2570 ίκαρπὸς
2468 2499 2502 2571 ἢ
2527 2500 2731 2571 δένδρῳ
2760 2500 3260 2572 ὲπικεντριζομένῳ
3288 2500 3378 2552 διὰ
3416 2496 3635 2567 σήψεὼς
3658 2512 3781 2556 τινος

2223 2591 2320 2643 καὶ
2340 2590 2567 2661 ἀτιμίας
2594 2590 2950 2661 διερχομένῳ.
2980 2593 3089 2645 Καὶ
3111 2591 3229 2644 τότε
3260 2589 3355 2644 τοῦ
3386 2589 3678 2659 ἐνδύματος
3699 2586 3779 2656 τὴν

2225 2683 2570 2754 εὐπρέπειαν
2602 2683 2699 2736 καὶ
2739 2683 2838 2754 τὴν
2862 2684 3020 2751 δόξαν
3047 2684 3140 2736 καὶ
3170 2683 3261 2737 τὸν
3299 2680 3781 2744 πολυπλασιάξοντα

2225 2775 2437 2846 καρπὸν
2450 2774 2850 2845 ἀπεδείχθησαν
2873 2776 3036 2847 ἔχειν,
3063 2775 3137 2839 ὡς
3157 2779 3249 2829 καὶ
3267 2777 3296 2829 ὁ
3327 2776 3643 2838 Ἀπόστολος
3661 2790 3676 2804 ·
3696 2772 3781 2828 Διά

2225 2864 2480 2919 πολλῶν
2512 2868 2797 2935 θλίψεων,
2836 2868 2991 2938 φησὶ,
3040 2867 3348 2939 δυνάμεθα
3398 2867 3693 2923 εισελθεῖν
3712 2870 3782 2931 εἰς

2224 2958 2339 3026 τὴν
2349 2959 2680 3022 βασιλείαν
2702 2958 2822 3012 τῶν
2847 2959 3121 3027 οὐρανῶν
3136 2976 3149 2989 ·
3180 2961 3277 3013 κα)⁸
3299 2962 3326 3012 ὁ
3348 2961 3583 3031 Κύριος·
3611 2962 3705 3014 Ἔν
3722 2958 3779 3026 τῇ

2226 3047 2504 3118 ὑπομονῇ
2540 3048 2709 3118 ὑμῶν
2748 3050 3060 3118 κτήσησθε
3094 3051 3202 3117 τὰς
3253 3053 3459 3122 ψυχὰς
3481 3051 3663 3123 ὑμῶν.
3692 3053 3781 3105 Καὶ

2226 3143 2389 3195 πάλιν
2408 3159 2422 3174 ·
2456 3143 2558 3195 Ἐν
2584 3139 2662 3206 τῷ
2689 3143 2895 3211 κόσμῳ
2916 3145 3125 3211 θλίψιν
3148 3144 3335 3209 ἕξετε.
3368 3147 3537 3199 Πόνου
3566 3146 3685 3216 γὰρ,
3706 3145 3779 3197 καί

2230 3232 2489 3301 σπουδῆς,
2532 3232 2628 3285 καὶ
2662 3232 2895 3303 νήψεως,
2927 3234 3022 3287 καὶ
3078 3236 3280 3305 πολλῆς
3326 3237 3600 3306 προσοχῆς
3629 3236 3779 3306 χρεία,

2226 3325 2321 3377 καὶ
2349 3324 2626 3394 ὀξύτητος,
2650 3325 2745 3377 καὶ
2763 3325 3037 3389 ἀναιδείας
3052 3326 3110 3379 ὲν
3126 3328 3191 3396 τῇ
3211 3326 3347 3397 πρὸς
3360 3325 3566 3396 Κύριον
3577 3326 3778 3396 αἰτήσει,

2225 3418 2307 3479 είς
2338 3417 2400 3470 τὸ
2427 3417 2726 3486 δυνηθῆναι
2754 3417 3046 3485 διεξελθεῖν
3103 3420 3200 3483 τάς
3230 3420 3341 3472 τῶν
3386 3421 3591 3491 γηΐνων
3632 3418 3781 3471 ἐπιθυο

2232 3510 2384 3581 μίας,
2416 3512 2670 3578 παγίδας,
2704 3513 2798 3564 καὶ
2834 3510 3064 3581 βρόχους
3097 3511 3206 3565 τῶν
3235 3512 3462 3581 ἡδονῶν,
3502 3512 3597 3565 καὶ
3621 3524 3781 3565 natat-

2228 3602 2383 3672 γίδας
2407 3603 2519 3674 (14)
2547 3603 2643 3656 τοῦ
2665 3603 2895 3673 κόσμου,
2914 3603 3006 3656 καὶ
3038 3603 3137 3665 τὰς
3171 3604 3279 3657 τῶν
3301 3604 3558 3675 πονηρῶν
3580 3604 3781 3671 πνευμα-

537 3718 647 3754 των
671 3699 1067 3763 ἐπαναστάσεις
1096 3696 1403 3766 διαφυγεῖν,
1438 3695 1534 3748 καὶ
1562 3694 1767 3760 γνῶναι
1796 3694 1999 3760 καλῶς,
2028 3694 2087 3749 ὲν
2120 3696 2251 3770 ποίᾳ
2288 3697 2446 3769 νήφει
2482 3699 2575 3751 καὶ
2613 3700 2909 3770 γοργότητι
2930 3698 3167 3761 πίστεως
3190 3701 3284 3753 καὶ
3318 3700 3543 3770 ἀγάπης
3583 3700 3630 3752 οί
3664 3698 3778 3766 ἅγιοι

537 3795 630 3850 τὸν
654 3794 979 3865 ἐπουράνιον
1011 3792 1307 3863 θησαυρὸν,
1336 3790 1482 3845 τοῦτ’
1512 3790 1752 3861 ἐστιτήν
1804 3790 1899 3845 τοῦ
1954 3792 2277 3864 Πνεύματος
2311 3794 2541 3866 δύναμιν
2600 3797 2658 3847 ὲν
2692 3799 2813 3859 ταῖς
2858 3795 3055 3867 ψυχαῖς
3121 3797 3329 3851 ἑαυτῶν
3374 3799 3623 3852 ἐντεῦθεν
3651 3796 3779 3863 tacti]-

541 3909 723 3948 σαντο.
757 3894 936 3965 Ὅπερ
962 3892 1112 3947 ἐστὶν
1161 3890 1421 3965 ἀρραϐὼν
1471 3890 1571 3962 τῆς
1606 3889 1907 3960 βασιλείας.
1950 3890 2009 3944 '0
2044 3891 2152 3963 γὰρ
2193 3892 2463 3964 μακάριος
2506 3892 2808 3957 ἀπόστολος
2848 3894 3062 3959 Παῦλος
3124 3896 3255 3965 περὶ
3312 3895 3506 3949 τούτου
3542 3895 3631 3948 τοῦ
3657 3898 3780 3947 ἐπου-

544 3988 727 4062 ρανίου
753 3987 1029 4059 θησαυροῦ
1058 3984 1202 4039 τοῦτ’
1233 3985 1381 4037 ἔστιν
1423 3984 1527 4054 τῆς
1567 3984 1790 4054 χάριτος
1833 3981 1929 4035 τοῦ
1994 3984 2313 4055 Πνεύματος
2372 3985 2748 4057 διηγούμενος,
2785 3988 2881 4040 καὶ⁵
2940 3988 3040 4059 τὴν
3088 3987 3393 4059 ὑπερϐολὴν
3444 3988 3555 4041 τῶν
3586 3988 3779 4056 θλίψεων

540 4083 1089 4155 ἰξαγορεύων,ἆμαδὲ
1116 4078 1211 4132 καὶ
1228 4076 1613 4140 ὑποδεικνύων,
1653 4074 1706 4128 τί
1750 4075 1956 4145 ὀφείλει
1986 4076 2216 4141 ἕκαστος
2243 4076 2428 4148 ζητεῖν
2460 4078 2758 4151 ὲντεῦθεν.]
2785 4080 2894 4133 Καὶ
2938 4080 2990 4132 τί
3039 4080 3241 4150 ὀφείλει
3276 4082 3601 4151 κτήσασθαι,
3628 4079 3777 4147 λέγει·

544 4176 803 4245 Οἴδαμεν
830 4175 941 4244 γὰρ
975 4171 1065 4225 ὅτι
1131 4170 1239 4224 ἐὰν
1272 4170 1311 4237 ἡ
1342 4170 1601 4239 ἐπίγειος
1639 4165 1810 4237 ἡμῶν
1847 4168 2008 4221 οἰκία
2058 4168 2163 4223 τοῦ
2227 4169 2501 4238 σκήνους
2548 4169 2879 4240 καταλυθῇ,
2917 4171 3243 4242 οἰκοδομὴν
3289 4171 3357 4224 ἐκ
3399 4173 3551 4226 Θεοῦ
3600 4174 3779 4242 ἔχομεν

541 4268 741 4326 οὶκίαν
787 4264 1277 4336 ἀχειροποίητον,
1308 4260 1549 4315 αἰώνιον
1585 4261 1655 4315 ἐν
1682 4261 1979 4329 οἰφανοῖς.
2010 4260 2028 4335 ]

615 4359 729 4415 Vll.
752 4353 1213 4412 Contendendum
1237 4351 1403 4423 igitur
1418 4361 1467 4406 el
1493 4350 1853 4408 laborandum
1876 4350 2132 4408 omnibus

2310 4358 2385 4412 Z'.
2431 4359 2667 4430 Ὀφείλει
2710 4358 2804 4418 οὖν
2829 4361 3059 4425 ἕκαστος
3110 4362 3507 4433 ἀγωνίσασθαι,
3532 4380 3778 4419 και

547 4466 647 4524 per
674 4462 867 4503 omnes
889 4445 1146 4509 virtutes,
1172 4451 1339 4513 atque
1362 4440 1723 4508 credendum,
1767 4450 1829 4495 ut
1867 4440 2119 4513 deinceps

2236 4447 2398 4504 δάσαι
2446 4450 2537 4505 διά
2569 4452 2759 4508 πασῶν
2796 4452 3032 4527 ἀρετῶν,
3090 4454 3184 4507 καὶ
3219 4454 3532 4522 πιστεῦσαι,
3570 4456 3778 4509 ἐντεῦθεν

545 4541 870 4618 possideant
904 4538 1055 4593 illam
1084 4536 1333 4591 domum.
1368 4534 1426 4590 Si
1462 4534 1611 4590 enim
1657 4534 1902 4590 solvatur
1935 4534 2133 4591 domus

546 4632 801 4705 corporis
850 4628 1050 4694 nostri,
1102 4643 1215 4683 non
1260 4627 1530 4682 habemus
1567 4625 1730 4681 aliam
1770 4625 2016 4691 domum,
2063 4626 2133 4683 ad

544 4745 714 4802 quam
746 4726 988 4781 divertat
1013 4723 1217 4779 anima.
1250 4721 1309 4778 Si
1343 4730 1542 4787 tamen,
1576 4721 1776 4793 inquit,
1808 4723 1999 4789 induti,
2028 4740 2133 4778 non

550 4823 679 4879 nudi
716 4818 1014 4893 reperimur
1037 4818 1106 4884 “,
1145 4816 1251 4872 hoc
1285 4824 1392 4881 est,
1427 4816 1562 4870 nudi
1592 4831 1623 4870 a
1653 4817 2042 4872 communione
2078 4826 2135 4873 et

549 4914 977 4988 participatione
1005 4910 1248 4983 Spiritus
1276 4910 1474 4975 sancti,
1502 4910 1559 4964 in
1594 4926 1702 4981 qua
1740 4909 1917 4965 ﬁdelis
1956 4912 2137 4966 anima

548 5009 728 5064 solum
761 5006 1115 5077 requiescere
1154 5013 1355 5075 potest.
1400 5003 1698 5073 Propterea
1738 5003 1910 5069 enim,
1941 5004 2035 5073 qui
2079 5018 2137 5059 re

548 5114 683 5155 vera
730 5106 787 5152 et
833 5097 1040 5152 virtute
1068 5095 1366 5151 Christiani
1396 5104 1548 5161 sunt,
1586 5094 1732 5150 bono
1762 5102 1894 5149 sunt
1926 5097 2134 5163 animo,

550 5197 607 5244 et
632 5188 875 5259 gaudent
896 5188 1193 5259 migrantes
1208 5202 1237 5241 e
1255 5202 1510 5258 corpore,
1536 5186 1664 5255 quia
1687 5184 1891 5241 habent
1911 5186 2134 5240 domum

554 5283 704 5337 illam
754 5280 1008 5335 manibus
1052 5294 1165 5333 non
1218 5286 1593 5344 exstructam,
1644 5292 1768 5347 qua:
1814 5278 2011 5332 domus
2052 5285 2140 5333 est

553 5376 730 5431 virtus
782 5373 1022 5445 Spiritus
1074 5372 1250 5429 sancti
1298 5372 1354 5427 in
1387 5370 1495 5426 illis
1541 5369 1816 5425 habitans.
1863 5369 1919 5426 Si
1970 5370 2139 5441 igitur

628 5511 673 5543 ⁸³
696 5509 818 5563 Act.
842 5508 1062 5568 xuvﬂl.
1138 5508 1183 5540 ”
1208 5506 1353 5564 Luc.‘
1367 5521 1479 5570 XXI,
1504 5506 1592 5563 l9.
1667 5507 1713 5541 ⁸⁸
1733 5507 1890 5564 Joan.
1914 5522 2024 5572 xw,
2047 5506 2139 5563 53.
2215 5507 2260 5539 ⁶⁵
2288 5505 2334 5561 ll
2366 5505 2495 5564 Cor.
2534 5525 2588 5576 v,
2623 5511 2674 5567 l.

1798 5586 2056 5719 vnum:
2098 5624 2508 5683 LECTlONES.

629 5711 744 5787 (ιι)
769 5713 910 5770 Cod.
938 5718 1248 5786 κατεγίδας.
1388 5732 1395 5737 ‘
1542 5738 1548 5742 ·
1604 5738 1611 5741 λ
1647 5704 1787 5788 ⁷⁸η,

2238 4545 2546 4615 κτήσασθαι
2600 4546 2695 4602 τὸν
2751 4544 2899 4603 οἶκον
2961 4549 3188 4602 ἐκεῖνον.
3236 4549 3361 4603 Ἐἀν
3387 4550 3499 4620 γάρ
3545 4550 3774 4618 καταλυθῇ

2241 4637 2400 4709 ⁴ἡμῶν
2427 4639 2456 4691 ό
2492 4634 2641 4704 οἶκος
2674 4638 2769 4694 τοῦ
2816 4640 3087 4713 σώματος,
3118 4640 3217 4693 οὐκ
3243 4640 3441 4711 ἔχομεν
3463 4642 3617 4695 ἄλλον
3642 4636 3775 4697 οἷκον.

2238 4730 2321 4793 είς
2369 4729 2429 4783 ὃν
2486 4730 2781 4784 καταλύσει
2831 4732 3056 4803 ἡμῶνὴ
3102 4731 3475 4802 ψυχήίξεῖγε,
3511 4735 3671 4803 φησι,
3702 4730 3774 4785 και

2241 4818 2641 4890 ἐνδυσάμενοι
2691 4824 2763 4877 οὐ
2802 4829 3015 4894 γυμνοὶ
3046 4826 3523 4893 εὑρεθησόμεθα,
3549 4826 3775 4878 τουτέστιν

2240 4912 2349 4965 ἀπὸ
2367 4915 2465 4983 τῆς
2497 4913 2782 4979 κοινωνίας
2812 4916 2905 4968 καὶ
2934 4917 3297 4987 ἀνακράσεως
3328 4916 3422 4971 τοῦ
3453 4919 3607 4987 ἀγίου
3638 4915 3773 4969 Πνεύο

2246 5018 2436 5072 ματος,
2476 5005 2556 5067 εἰς
2614 5006 2684 5075 ἢν
2747 5004 2910 5076 μόνον
2958 5009 2991 5079 ἡ
3044 5008 3213 5079 πιστὴ
3260 5008 3409 5080 ψυχὴ
3446 5008 3775 5063 ἀναπαύεσθαι

2242 5093 2485 5149 δύναται.
2523 5097 2621 5150 Διά
2652 5094 2813 5152 τοῦτο
2851 5097 2958 5171 γάρ
2991 5100 3040 5152 οἱ
3073 5099 3224 5162 ὄντες
3250 5102 3306 5153 ἐν
3336 5102 3564 5173 ἀληθείᾳ
3608 5103 3687 5153 καὶ
3708 5099 3773 5151 ὃν·

2242 5186 2405 5258 νάμει
2439 5189 2760 5259 Χριστιανοὶ
2800 5188 3063 5262 θαρροῦσι
3104 5192 3197 5245 καὶ
3226 5192 3510 5263 χαίρουσιν
3535 5190 3774 5263 ἐξερχόμε-

2243 5293 2324 5331 νοι
2382 5276 2481 5347 τῆς
2517 5279 2739 5350 σαρκὸς,
2769 5282 2851 5334 ὅτι
2911 5280 3126 5352 ἔχουσιν
3174 5284 3382 5336 ἐκεῖνον
3431 5285 3521 5336 τὸν
3551 5278 3772 5338 οἷκιντὸιδ

2244 5368 2676 5441 ἀχειροποίητον,
2717 5372 2776 5437 ὃς
2827 5373 2975 5427 ἐστιν
3001 5369 3169 5443 οἶκος,
3198 5375 3231 5446 ὴ
3262 5374 3487 5430 οἰκοῦσα
3535 5377 3590 5429 ἐν
3628 5374 3771 5433 αὐτοῖς

2775 5512 2820 5545 ⁸⁷
2844 5510 2981 5568 ibid.
3018 5514 3073 5570 3.
