3948 6554
178 294 295 357 ’513

1417 287 1785 353 ΗΟΜΙΙᾸΛΞ.
1816 311 1885 323 -τ
1910 285 2095 345 ΗΟΜ.
2137 287 2207 346 ν.

3312 288 3417 353 514

186 406 269 463 τοῦ
303 399 614 471 Πνεύματος
641 400 892 470 δύναμις.
941 401 1061 456 Κᾶν
1101 399 1376 472 καταλυθῇ
1422 418 1516 455 ουν
1568 402 1602 470 ἡ
1644 399 1733 453 τοῦ

1840 398 2182 453 destructum
2204 397 2371 453 fuerit
2394 397 2642 468 corporis
2663 398 3028 466 domicilium,
3051 418 3159 458 non
3183 404 3413 462 timent:

188 496 415 564 σώματος
442 489 709 556 οἱκία,⁴ού
736 488 1026 558 φοδοῦνται
1052 503 1069 521 ο
1104 488 1289 559 έχουσι
1313 488 1422 558 γὰρ
1439 489 1540 560 τὴν
1571 489 1735 541 ἐπου-

190 592 353 661 ράνιον
388 585 483 638 τοῦ
513 583 830 653 Πνεύματος
856 584 1054 649 οἰκίαν,
1087 584 1183 636 καὶ
1212 582 1311 653 τὴν
1334 582 1491 646 δόξαν
1520 582 1738 649 ἐκείνην

185 682 271 749 τὴν
312 676 608 745 ἄφθαρτον,
638 676 759 744 ἡτις
790 674 917 740 δόξα
968 677 1026 728 ὲν
1050 677 1118 745 τῇ
1154 674 1339 745 ἡμέρα
1382 674 1480 744 τῆς
1510 672 1739 726 ἀναστά-

188 787 306 833 σεως
326 768 667 838 οἰκοδομήσει
702 766 794 820 καὶ
819 767 1031 831 δοξάσει
1058 767 1153 820 καὶ
1184 768 1275 819 τὸν
1317 762 1466 821 οἷκον
1502 766 1596 820 τοῦ
1629 764 1736 819 σώ-

188 865 355 935 μάτος,
387 859 462 922 ὦς
486 877 651 930 φησιν
678 862 706 913 ὁ
744 860 1061 923 Ἀπόστολος
1082 878 1096 892 ’
1126 860 1190 913 '0
1218 860 1452 928 ἐγείρας
1478 858 1739 926 Χριστὸν

184 958 243 1010 ἐκ
290 950 553 1020 νεκρῶν,
594 950 942 1020 ζωοποιήσει
990 952 1088 1006 καὶ
1131 952 1204 1005 τὰ
1266 952 1453 1019 θνητὰ
1493 949 1773 1019 σώματα-

182 1044 334 1116 ἡμῶν
361 1043 459 1096 διὰ
502 1042 609 1097 τοῦ
642 1044 1031 1110 ἐνοικοῦντος
1056 1043 1245 1097 αὑτοῦ
1273 1043 1637 1111 οΠνεύματος
1667 1041 1737 1093 ὲν

186 1137 331 1206 ἡμῖν.
367 1136 477 1187 Καὶ
509 1134 696 1188 πάλιν*
724 1135 860 1187 Ἵνα
890 1133 988 1187 καὶ
1021 1135 1058 1202 ἡ
1093 1131 1204 1199 ζωὴ
1230 1133 1340 1187 τοῦ
1384 1130 1589 1197 Ἰησοῦ
1617 1146 1733 1199 φα-

185 1225 391 1296 νερωθῇ
429 1227 489 1278 ἐν
523 1225 597 1293 τῇ
624 1225 811 1291 θνητῇ
845 1228 1022 1293 σαρκὶ
1069 1224 1259 1293 ἡμῶν·
1294 1224 1393 1277 καὶ
1425 1224 1547 1287 ἵνα,
1580 1222 1733 1290 φησὶ,

170 1316 475 1384 καταποοῇ
508 1318 574 1369 τὸ
615 1317 835 1383 θνητὸν
862 1317 979 1370 ὑπὸ
1009 1315 1117 1383 τῆς
1142 1314 1313 1383 ζωῆς.

247 1430 320 1482 ﬂ'.
361 1424 781 1496 Ἀγωνισώμεθα
823 1422 916 1479 οῦν
964 1425 1049 1477 διά
1099 1426 1196 1493 τῆς
1231 1425 1465 1487 πίστεως
1507 1425 1601 1477 καὶ
1634 1424 1734 1491 τῆς

182 1519 425 1590 ὶναρὲτου
465 1518 743 1580 πολιτείας
788 1514 1039 1569 ἐντεῦθεν
1072 1515 1377 1585 κτήσασθαι
1424 1516 1485 1567 τὸ
1532 1516 1734 1585 ἔνδυμα

184 1613 365 1669 ἐκεῖνο,
410 1608 495 1660 ἵνα
553 1606 629 1677 μὴ
679 1606 1030 1676 ἐνδυσάμενοι
1059 1605 1120 1657 τὸ
1155 1604 1316 1675 σῶμα
1345 1604 1541 1674 γυμνοὶ
1581 1605 1734 1675 εὑρεο

184 1705 374 1773 θῶμεν,
417 1702 512 1755 καὶ⁹
560 1703 661 1755 οῦκ
704 1700 852 1754 εστιν
878 1701 905 1754 ὃ
935 1700 1149 1767 δοξάσει
1188 1699 1345 1772 ἡμῶν
1370 1701 1426 1753 ἐν
1456 1697 1639 1770 ἐκείνῃ
1664 1698 1729 1767 τῇ

182 1796 349 1867 ἡμέρᾳ
383 1794 484 1863 τὴν
538 1793 737 1864 σάρκα.
774 1794 1046 1856 Ἕκαστος
1093 1791 1202 1862 γὰρ
1247 1792 1370 1845 ὅσον
1418 1788 1732 1861 κατηξιώθη

179 1887 258 1941 διὰ
300 1886 398 1955 τῆς
442 1884 675 1947 πίστεως
723 1884 819 1938 καὶ
858 1883 1097 1953 σπουδῆς
1134 1883 1356 1955 μέτοχος
1381 1882 1538 1952 ἁγίου
1574 1880 1735 1936 Ilvati-

184 1994 337 2049 ματος
378 1973 650 2045 γενέσθαι,
674 1974 928 2029 τοσοῦτον
957 1978 1015 2029 ὲν
1046 1976 1229 2047 ἐκείνῃ
1270 1978 1337 2047 τῇ
1369 1976 1548 2045 ἡμέρᾳ
1576 1973 1733 2037 δοξα-

181 2068 430 2134 σθήσεται
466 2062 632 2117 αὐτοῦ
681 2063 777 2116 καὶ
805 2063 866 2117 τὺ
897 2063 1078 2135 σῶμα.
1116 2066 1182 2116 Ὅ
1210 2066 1319 2133 γὰρ
1346 2063 1441 2116 νῦν
1469 2062 1734 2134 ὲναπεθη-

181 2156 427 2225 σαύρισεν
474 2153 621 2206 ἔνδον
650 2154 685 2223 ἡ
722 2153 889 2224 ψυχὴ,
930 2156 1052 2207 τότε
1100 2153 1609 2226 ἀποκαλυφθήσεται
1638 2153 1733 2206 καὶ

179 2248 471 2318 φανήσεται
518 2244 717 2308 ἔξωθεν
747 2244 842 2296 τοῦ
881 2242 1153 2314 σώματος.
1190 2244 1400 2316 Ὥσπερ
1436 2244 1506 2298 τά
1542 2244 1732 2315 δένδρα

180 2334 580 2407 παρεληλυθότα
627 2335 720 2388 τὸν
774 2335 1015 2405 χειμῶνα
1062 2335 1434 2406 ἐπιθαλψάσης
1456 2335 1733 2407 δυνάμεως

178 2429 422 2500 ἀοράτου,
456 2426 518 2479 ἐκ
563 2440 623 2478 τε
668 2424 762 2478 τοῦ
812 2425 965 2495 ἡλίου
998 2424 1093 2479 καὶ
1120 2426 1229 2479 τῶν
1262 2427 1479 2497 ἀνέμων
1505 2426 1730 2493 ἔσωθεν,

180 2519 359 2588 ἐκφύει
412 2518 509 2570 καὶ
562 2515 812 2569 ἐκϐάλλει
859 2516 1049 2589 ὥσπερ
1097 2515 1374 2587 ἐνδύματα
1414 2516 1610 2587 φύλλα,
1638 2520 1734 2572 καὶ

176 2611 326 2681 ἄνθη,
372 2611 471 2661 καὶ
513 2608 760 2679 καρπούς
781 2622 796 2637 ⁸
845 2608 1046 2679 ὁμοίως
1070 2608 1137 2661 τά
1163 2606 1257 2661 τοῦ
1294 2610 1489 2680 χόρτου
1523 2610 1657 2679 ἄνθη
1677 2612 1734 2662 ὲν

175 2702 358 2771 ἐκείνῳ
390 2700 471 2771 τῷ
506 2700 704 2771 καιρῷ,
740 2698 949 2752 ἔνδοθεν
991 2701 1055 2751 ἐκ
1086 2698 1194 2752 τῶν
1232 2700 1448 2752 κόλπων
1488 2702 1587 2771 τῆς
1629 2700 1736 2770 γῆς

174 2790 656 2861 προέρχονται,καὶ
675 2789 936 2842 σκέπεται
964 2789 1057 2841 καὶ
1076 2789 1438 2858 ἀμφιέννυται
1466 2790 1500 2860 ἡ
1529 2789 1736 2859 γῆ,,καὶ

174 2880 406 2951 ὁχόρτος
435 2878 509 2942 ὡς
536 2881 604 2933 τά
634 2879 815 2949 κρίνα,
851 2882 978 2951 περὶ
1008 2874 1083 2934 ὧν
1117 2883 1145 2934 ό
1185 2879 1385 2950 Κύριος
1407 2875 1581 2933 εἶπεν·
1613 2880 1737 2933 Ὅτι

170 2971 304 3026 οὐδὲ
336 2970 625 3040 Σολομὼν
653 2972 722 3025 ἐν
750 2971 918 3041 πάσῃ
943 2973 1015 3042 τῇ
1050 2972 1199 3041 δόξῃ
1236 2971 1423 3026 αὐτοῦ
1474 2971 1736 3039 ,περιεσά-

1839 488 2045 542 habent
2092 488 2240 543 enim
2285 488 2512 544 cmleste
2544 488 2788 559 Spiritus
2817 490 3180 559 domicilium,
3221 503 3279 550 et
3303 497 3418 566 glo-

1840 580 1974 633 riam
2024 580 2172 634 illam
2222 580 2765 646 immarcescibilcm,
2822 597 2942 651 qua:
2997 584 3173 653 gloria
3219 586 3274 640 in
3325 588 3416 643 die

1839 671 2262 727 resurrectionis
2286 671 2581 727 aadilicabit
2603 682 2661 727 et
2690 672 3018 743 gloriﬁcabit
3042 675 3267 730 domum
3292 692 3416 731 cor-

1837 765 2005 833 poris,
2040 772 2101 816 ut
2145 763 2325 833 inquit
2372 763 2708 833 Apostolus:
2755 764 2806 819 Is
2850 766 2940 836 qui
2983 768 3227 821 excitavit
3266 767 3418 823 Chri-

1834 864 1975 908 stum
1993 871 2056 908 ea:
2080 854 2321 918 mortuis,
2345 855 2623 923 uiviﬁcabit
2643 864 2691 909 et
2716 857 2964 911 mortalia
2991 876 3211 928 corpora
3232 869 3417 915 nostra

1836 946 2230 1014 proptertipsius
2258 942 2517 1015 Spiritum
2539 948 2917 1001 inhabitantem
2948 950 3001 1002 in
3028 951 3172 1005 nobis
3189 952 3326 1005 "’°'°.
3347 953 3416 1007 Et

1836 1051 2055 1089 rursum
2093 1054 2105 1089 :
2166 1035 2229 1091 Ut
2278 1046 2328 1089 et
2376 1038 2485 1091 vita
2526 1036 2652 1093 Iesu
2698 1041 3063 1109 manifestatur
3100 1044 3155 1095 in
3198 1044 3415 1097 mortali

1834 1144 1994 1181 carne
2034 1139 2216 1182 nostra
2234 1129 2300 1181 ⁶¹.
2332 1159 2402 1168 -
2433 1130 2503 1183 Ει
2539 1140 2616 1195 ιιι,
2652 1132 2854 1201 inquit,
2889 1132 3228 1189 absorbeatur
3269 1152 3410 1189 mor-

1836 1221 1945 1275 tale
1972 1221 2113 1292 quod
2140 1224 2195 1275 in
2226 1223 2370 1277 nobis
2399 1231 2497 1289 est,
2524 1240 2558 1276 a
2582 1225 2690 1277 vita
2710 1226 2776 1278 “.
2826 1248 2831 1249 ν

1905 1420 2010 1490 25
2033 1419 2167 1474 Vlll.
2187 1417 2472 1475 Certemus
2492 1419 2657 1490 igitur
2671 1435 2769 1489 per
2786 1420 2948 1476 iidem
2968 1432 3024 1478 et
3043 1427 3410 1481 conversatio-

1835 1525 1960 1565 nem
1994 1511 2046 1563 in
2082 1508 2232 1563 omni
2262 1509 2486 1574 virtute,
2518 1509 2744 1578 posthac
2784 1525 3101 1580 comparare
3133 1514 3292 1569 nobis
3326 1516 3411 1570 in-

1834 1602 2158 1656 dumentum
2207 1599 2372 1665 illud,
2422 1616 2491 1656 ne
2534 1616 2768 1670 corpore
2817 1602 2994 1657 induti
3043 1605 3176 1660 nudi
3211 1606 3409 1677 depre-

1836 1693 2158 1757 hendamur,
2190 1708 2292 1747 nec
2341 1692 2412 1747 sit
2454 1692 2601 1761 quod
2634 1693 2906 1763 gloriﬁcet
2952 1695 3008 1749 in
3052 1694 3141 1751 illa
3172 1697 3261 1753 die
3304 1714 3408 1754 no-

1834 1798 2002 1843 stram
2051 1803 2306 1852 carnem,
2354 1785 2629 1853 Quantum
2676 1789 2822 1843 enim
2885 1791 3258 1861 unusquisque
3310 1808 3409 1862 per

1835 1879 1994 1934 tidem
2027 1894 2092 1934 ac
2141 1878 2384 1933 studium
2435 1877 2672 1947 Spiritus
2716 1878 2888 1933 sancti
2921 1879 3171 1949 accipere
3209 1881 3407 1952 dignus

1833 1971 2054 2025 habitus
2080 1980 2185 2035 est,
2210 1980 2419 2025 tantum
2447 1969 2503 2023 in
2531 1969 2621 2022 illa
2650 1968 2740 2023 die
2764 1970 3159 2040 gloriﬁcabitur
3186 1988 3405 2043 quoque

1831 2066 1949 2135 ejus
1994 2079 2212 2134 corpus.
2259 2062 2406 2129 Quos
2446 2062 2595 2116 enim
2642 2076 2789 2116 nunc
2846 2062 3133 2118 thesauros
3184 2065 3405 2135 collegit

1832 2154 1981 2209 intus
2013 2154 2215 2215 anima,
2250 2162 2382 2208 tunc
2416 2152 2807 2207 revelabuntur
2833 2161 2889 2207 et
2930 2154 3272 2224 apparebunt
3303 2170 3403 2209 ex-

1833 2258 1989 2304 terne
2013 2248 2069 2302 in
2096 2264 2347 2318 corpore.
2371 2244 2839 2313 Quemadmodum
2860 2247 3105 2311 arbores,
3128 2247 3404 2315 praeterita

1832 2342 2034 2407 hieme,
2066 2342 2282 2396 fovente
2310 2341 2399 2395 illa
2426 2341 2666 2410 potentia
2698 2339 2981 2403 invisibili,
3009 2355 3131 2409 quae
3152 2354 3183 2394 a
3213 2340 3325 2395 sole
3347 2347 3405 2395 et

1830 2436 2010 2491 ventis
2051 2443 2165 2497 est,
2198 2444 2351 2489 extra
2401 2432 2695 2504 projiciunt
2742 2440 2797 2486 et
2841 2431 3100 2487 emittunt
3146 2438 3401 2501 tanquam

1832 2526 2174 2591 indumenta,
2212 2527 2340 2581 folia
2375 2535 2430 2581 et
2471 2525 2632 2580 ﬂores
2667 2531 2723 2579 et
2772 2523 3028 2577 fructus:
3065 2521 3320 2578 similiter
3346 2530 3404 2576 et

1831 2619 2136 2689 graminum
2164 2616 2325 2671 liores
2360 2615 2454 2671 illo
2488 2624 2731 2685 tempore
2764 2614 2832 2668 ab
2864 2613 3056 2668 intimo
3088 2612 3211 2667 sinu
3245 2621 3404 2668 terrae

1832 2708 2275 2777 progrediuntur,
2302 2716 2358 2761 et
2388 2707 2461 2761 ita
2494 2706 2697 2776 tegitur
2724 2714 2887 2774 atque
2912 2704 3204 2759 decoratur
3232 2712 3400 2766 terra,

1830 2803 1887 2851 et
1915 2811 2138 2867 gramen
2184 2796 2351 2851 veluti
2386 2796 2522 2861 lilia,
2571 2796 2639 2851 de
2684 2795 2887 2864 quibus
2916 2795 3179 2850 Dominus
3218 2794 3400 2849 dixit:

1832 2887 1970 2956 quod
2036 2903 2201 2958 neque
2256 2886 2515 2943 Salomon
2558 2889 2615 2940 in
2644 2888 2917 2941 uniuersa
2965 2886 3139 2957 gloria
3188 2903 3287 2940 sua
3327 2888 3403 2941 sic

1831 2979 2051 3032 amictus
2072 2978 2232 3048 fuerit
2256 2987 2313 3031 ut
2355 2995 2519 3032 unum
2538 2993 2601 3031 ea:
2623 2978 2700 3031 his
2728 2977 2793 3031 “.
2824 2978 3018 3033 Omnia
3036 2978 3182 3031 enim
3205 2978 3401 3047 hujus-

168 3070 301 3120 λετο
337 3066 422 3131 ὡς
458 3064 529 3119 ἐν
555 3064 800 3118 τούτων.
827 3064 1011 3119 Ταῦτα
1052 3064 1161 3136 γὰρ
1199 3065 1375 3119 πάντα
1406 3062 1733 3132 ὑποδείγμα-

1837 3069 1983 3124 modi
2023 3071 2272 3141 exempla
2303 3079 2435 3125 sunt
2479 3069 2593 3142 typi
2631 3084 2697 3125 ac
2740 3069 3025 3140 imagines‘
3054 3069 3401 3126 Christiano-

169 3174 253 3222 τα,
302 3158 396 3211 καὶ
440 3157 623 3223 τύποι,
654 3158 749 3210 καὶ
776 3156 983 3221 εἰκόνες
1011 3158 1118 3212 εἰσὶ
1165 3156 1276 3212 τῶν
1301 3155 1645 3227 Χριστιανῶν
1674 3154 1733 3208 ὲν

168 3252 229 3321 τῇ
256 3249 573 3303 ἀναστάσει.

233 3357 306 3411 6'.
337 3356 502 3410 Οῦτω
551 3357 753 3420 πάσαις
775 3359 897 3420 ταῖς
939 3356 1205 3426 φιλοθέοις
1233 3355 1453 3427 ψυχαῖς,
1486 3355 1735 3410 τουτέστι

162 3452 271 3511 τοῖς
301 3448 580 3516 ἀληθινοῖς
619 3450 983 3520 Χριστιανοῖς,
1020 3448 1132 3502 ἔστι
1184 3450 1290 3519 μὴν
1337 3448 1554 3519 πρῶτος
1599 3447 1736 3501 Ξαν-

166 3540 331 3607 θικὺς,
368 3541 397 3588 ὁ
427 3539 759 3611 καλούμενος
799 3540 1125 3611 ’Δπρίλλιος,
1155 3541 1291 3611 ὅπερ
1320 3542 1465 3593 ἐστὶν
1494 3540 1528 3610 ἡ
1553 3539 1735 3610 ἡμέρα

163 3630 256 3699 τῆς
304 3631 683 3695 ἀναστάσεως,
727 3631 826 3684 καὶ
868 3631 957 3684 διὰ
997 3630 1097 3700 τῆς
1139 3631 1421 3700 δυνάμεως
1454 3628 1549 3683 τοῦ
1580 3628 1732 3700 ἡλίου

163 3722 255 3791 τῆς
300 3722 651 3792 δικαιοσύνης
699 3721 910 3776 ἔνδοθεν
952 3722 1231 3791 ἐξέρχεται
1266 3721 1392 3788 δόξα
1432 3721 1526 3775 τοῦ
1575 3722 1733 3789 ἁγίου

162 3815 503 3886 Πνεύματος,
536 3814 885 3868 καλύπτουσα
918 3815 1012 3869 καὶ
1033 3814 1381 3877 σκεπάζοντα
1408 3813 1477 3866 τά
1506 3811 1735 3885 σώματα

161 3905 264 3958 τῶν
305 3906 485 3974 ἁγίων
509 3920 522 3934 ’
553 3906 728 3977 ἥνπερ
759 3906 915 3971 δόξαν
976 3902 1123 3975 εἶχον
1169 3904 1317 3959 ἔνδον
1350 3904 1733 3976 ἐγκεκρυμμέ-

158 4014 251 4067 νην
278 4000 338 4052 ἐν
360 4000 485 4060 ταῖς
501 3997 723 4067 ψυχαῖς.
752 3998 929 4068 Ὅπερ
951 3998 1059 4067 γάρ
1090 3996 1203 4066 ἔχει
1230 3996 1347 4063 νῦν,
1376 3997 1507 4051 αὐτὸ
1531 3998 1733 4068 προέρ-

158 4104 309 4159 χεται
343 4088 549 4155 ἔξωθεν
575 4090 667 4142 τοῦ
696 4088 944 4160 σώματος
972 4089 1114 4143 τότε.
1155 4084 1344 4153 οὗτος,
1374 4089 1537 4159 φημὶ,
1564 4090 1594 4141 ὁ
1626 4089 1732 4158 μὴν

158 4179 370 4248 πρῶτός
408 4188 528 4233 εστι
563 4182 673 4243 τοῖς
722 4181 857 4249 μησὶ
896 4180 990 4233 τοῦ
1040 4178 1285 4234 ἐνιαυτοῦ
1312 4196 1325 4208 ·
1358 4175 1512 4243 οὗτος
1558 4180 1732 4249 χαράν

156 4270 460 4339 προσφέρει
499 4271 650 4343 πάσῃ
697 4273 764 4343 τῇ
816 4270 1019 4325 κτίσιν
1078 4264 1232 4334 οὗτος
1286 4272 1612 4342 άμφιέννυσι
1669 4272 1731 4326 τά

151 4362 333 4431 γυμνά
380 4362 600 4433 δένδρα,
628 4362 725 4433 τὴν
774 4364 880 4433 γῆν
913 4362 1229 4430 διανοίγων·
1262 4358 1417 4425 οὗτος
1453 4364 1585 4416 πᾶσι
1618 4366 1730 4425 τοῖς

1833 3175 1953 3214 rum
1981 3160 2036 3215 in
2064 3161 2490 3217 resurrectione.

1902 3361 1993 3418 IX.
2034 3364 2330 3433 Pr0pterea
2366 3361 2623 3417 omnibus
2665 3361 2864 3417 animis
2894 3361 3067 3416 Deum
3116 3359 3399 3431 diligenti-

1832 3452 1956 3516 bus,
1987 3454 2091 3509 hoc
2133 3462 2236 3519 est,
2279 3454 2425 3509 veris
2465 3452 2814 3518 Christianis,
2848 3454 3061 3523 primus
3084 3452 3287 3507 mensis
3316 3461 3403 3506 est

1833 3543 2156 3610 Xanthicus,
2186 3545 2279 3615 qui
2308 3544 2511 3601 dicitur
2533 3544 2753 3615 Aprilis,
2780 3545 2875 3614 qui
2907 3543 3128 3613 quidem
3171 3553 3256 3598 est
3283 3545 3403 3599 dies

1834 3636 2271 3701 resurrectionis,
2308 3635 2364 3691 in
2405 3651 2516 3705 quo
2547 3652 2647 3706 per
2691 3636 2952 3690 virtutem
3001 3635 3132 3691 solis
3172 3635 3403 3706 iustitiae

1834 3724 1980 3779 intus
2005 3726 2249 3795 exsurgit
2292 3725 2462 3795 gloria
2506 3723 2744 3794 Spiritus
2786 3725 2981 3787 sancti,
3014 3732 3307 3793 protegens
3336 3739 3403 3779 ac

1833 3815 2026 3870 fovens
2080 3829 2312 3885 corpora
2364 3823 2679 3869 sanctorum
2715 3829 2730 3866 :
2760 3828 2924 3883 quam
2973 3812 3201 3884 gloriam
3250 3813 3403 3868 intus

1835 3906 2111 3960 habebant
2139 3905 2513 3960 absconditam
2552 3905 2607 3959 in
2637 3904 2851 3959 animis.
2882 3903 3040 3970 Quod
3071 3904 3218 3958 enim
3254 3919 3402 3958 nunc

1834 3998 2057 4062 habent,
2101 3997 2236 4052 illud
2265 3997 2499 4067 emergit
2543 4003 2673 4050 tunc
2714 4004 2870 4050 extra
2896 4011 3115 4065 corpus.
3155 3995 3276 4058 Hic,
3312 3996 3398 4049 in-

1830 4106 2017 4160 quam,
2063 4090 2269 4143 mensis
2293 4090 2503 4161 primus
2534 4095 2620 4143 est
2668 4089 2811 4143 inter
2846 4103 3065 4142 menses
3104 4088 3231 4141 anni
3269 4086 3401 4141 :hic

1830 4182 2088 4254 gaudium
2121 4182 2283 4238 all'ert
2330 4183 2479 4236 omni
2531 4190 2825 4246 creaturae;
2878 4179 2968 4233 hic
3010 4179 3177 4233 vestit
3223 4179 3403 4234 nudas

1830 4275 2075 4338 arbores,
2106 4282 2308 4328 terram
2339 4273 2591 4343 aperiens
2619 4289 2635 4339 ;
2665 4273 2756 4327 hic
2780 4271 3038 4327 omnibus
3068 4270 3403 4326 animalibus

1834 4365 2091 4436 gaudium
2138 4365 2316 4436 parit,
2362 4365 2455 4419 hic
2515 4364 2773 4419 omnibus
2820 4363 3155 4418 hilaritatem
3204 4363 3400 4429 all‘ert,

152 4424 311 4515 ζώοις
350 4424 535 4523 χαράν
586 4424 904 4525 προσφέρει,
943 4424 1107 4518 οὗτος.
1130 4454 1226 4525 τὴν
1264 4456 1557 4525 ἱλαρότητα
1596 4424 1728 4508 πᾶσι

1838 4459 1930 4513 hic
1968 4466 2053 4512 est
2078 4457 2529 4513 Christianorum
2572 4456 2783 4525 primus
2824 4455 3028 4509 mensis
3072 4454 3399 4519 Xanthicus,

148 4543 407 4610 δεικνύει,
454 4538 609 4607 οὗτός
657 4547 774 4598 ἐστι
821 4547 930 4599 τῶν
986 4546 1329 4617 Χριστιανῶν
1360 4547 1577 4618 πρῶτος
1628 4546 1728 4616 μὲν

148 4635 436 4701 Ξανθικὺς,
468 4639 525 4700 ὃς
552 4642 669 4692 ἐστι
691 4640 789 4709 τῆς
810 4640 1156 4702 ἀναστάσεως
1186 4639 1394 4710 καιρὸς,
1430 4642 1487 4693 ἐν
1512 4633 1556 4707 ᾧ
1576 4640 1731 4705 δοξα-

148 4726 444 4799 σθήσονται
474 4733 542 4784 τά
583 4731 809 4801 σώματα
840 4732 1036 4795 αὐτῶν,
1070 4733 1156 4785 διὰ
1193 4731 1287 4785 τοῦ
1331 4734 1441 4787 ἀπὸ
1494 4732 1589 4786 τοῦ
1635 4733 1730 4786 νῦν

146 4819 295 4882 δνιτος
334 4824 397 4874 ἐν
431 4822 618 4885 αὐτοῖς
664 4824 841 4890 φωτὸς
873 4824 1136 4893 άῤῥήτου,
1168 4824 1415 4877 τουτέστι
1443 4826 1541 4895 τῆς
1571 4825 1729 4880 δυνά-

148 4925 293 4977 μεως
332 4910 437 4963 τοῦ
480 4908 817 4979 Πνεύματος,
845 4910 983 4979 ὅπερ
1013 4910 1164 4963 ἔσται
1191 4911 1375 4973 αὐτοῖς
1412 4911 1534 4963 τότε
1576 4910 1728 4963 ἔνδυ-

147 5016 241 5069 μα,
284 5000 519 5071 βρῶσις,
560 5001 738 5065 πόσις,
766 5000 1106 5069 ἀγαλλίασις,
1162 5002 1328 5071 χαρά,
1373 5002 1584 5072 εἰρήνη,
1625 5001 1730 5070 ἄμ-

141 5108 282 5160 φιον,
322 5092 447 5163 ζωὴ
495 5091 747 5155 αἰώνιοςθ
778 5093 929 5146 πᾶσα
979 5092 1089 5162 γὰρ
1132 5093 1363 5164 καλλονὴ
1400 5093 1725 5164 λαμπρότη-

140 5200 247 5248 τος,
280 5187 382 5239 καὶ
418 5184 753 5255 ὡραιότητος
785 5184 1062 5255 οὐρανίου,
1086 5185 1166 5247 εἰς
1189 5184 1385 5248 αὐτοὺς
1414 5185 1474 5237 τὸ
1504 5183 1726 5252 Πνεῦμα

138 5276 235 5346 τῆς
278 5276 545 5348 θεότητος
590 5277 800 5346 γίνεται
829 5277 988 5345 (τότε,
1031 5278 1167 5348 ὅπερ
1217 5277 1325 5331 ἀπὺ
1364 5276 1456 5329 τοῦ
1508 5274 1604 5329 νῦν
1635 5276 1721 5328 δέ-

140 5366 337 5437 ξασθαι
369 5367 812 5437 κατηξιώθησαν.

208 5480 263 5533 ιι.
299 5479 432 5543 lli»;
484 5480 662 5533 τοίνυν
699 5480 926 5543 ἕκαστος
962 5480 1120 5551 ἡμῶν
1158 5482 1363 5551 ὀφείλει
1411 5480 1723 5543 πιστεῦσαι,

1832 4549 1925 4619 qui
1962 4557 2047 4603 est
2070 4557 2285 4617 tempus
2311 4545 2755 4608 resurrectionis,
2788 4544 2842 4598 in
2868 4560 2979 4614 quo
3008 4543 3401 4614 gloriﬁcabun-

1833 4652 1921 4696 tur
1947 4657 2178 4711 corpora
2214 4641 2430 4695 illorum
2457 4655 2554 4709 per
2580 4639 2785 4699 lumen,
2818 4636 2965 4706 quod
2998 4636 3066 4690 ab
3113 4636 3219 4690 hoc
3259 4643 3401 4689 tem-

1831 4750 1967 4804 pore
2009 4734 2065 4788 in
2098 4732 2207 4787 illis
2246 4741 2330 4788 est
2358 4746 2640 4794 arcanum,
2672 4729 2779 4783 hoc
2801 4737 2906 4791 est,
2933 4729 3195 4782 virtutem
3224 4725 3400 4796 Spiri-

1831 4836 1938 4892 tus,
1964 4827 2056 4897 qui
2082 4826 2215 4897 ipsis
2247 4836 2378 4880 tunc
2406 4824 2511 4879 erit
2552 4823 2955 4881 indumentum.
3002 4820 3181 4883 cibus,
3214 4827 3397 4888 potus,

1829 4919 2141 4983 exsultatio,
2160 4916 2367 4980 laetitia,
2387 4931 2513 4985 pax,
2530 4920 2940 4975 ornamentum,
2962 4919 3020 4963 et
3037 4909 3146 4962 vita
3171 4914 3397 4961 acterna.

1830 5012 2068 5082 Spiritus
2105 5010 2252 5065 enim
2296 5007 2620 5069 divinitatis,
2667 5019 2830 5074 quem
2872 5002 2941 5057 ab
2982 5002 3086 5055 hoc
3122 5006 3398 5053 momento

1829 5102 2089 5171 consequi
2119 5100 2267 5172 digni
2300 5098 2469 5153 habiti
2498 5104 2645 5155 sunt.
2682 5096 2740 5149 tit
2785 5102 2916 5148 tunc
2960 5092 3015 5146 in
3064 5091 3173 5145 illis
3218 5089 3399 5145 omnis

1828 5191 2179 5261 pulchritudo
2208 5188 2516 5259 Splendoris
2541 5197 2599 5242 et
2619 5185 2837 5241 decoris
2863 5182 3123 5238 caelestis.

1896 5472 2262 5543 X..Quomodo
2279 5474 2443 5544 igitur
2457 5474 2832 5544 unusquisque
2846 5481 3094 5547 nostrum
3110 5468 3401 5525 debetcre-

206 5677 330 5709 ⁸⁷’ί⁸
364 5677 534 5733 liora.
566 5694 680 5741 Vlll,
724 5679 811 5733 ll.
887 5680 929 5711 “
966 5680 1005 5734 ll
1040 5678 1169 5755 Cpr.
1208 5699 1276 5747 Iv,
1317 5681 1398 5736 l0.
1476 5683 1518 5713 "
1548 5680 1591 5735 ll
1618 5678 1733 5734 Cor

1837 5717 1843 5738 ,
1872 5676 1926 5731 4.
2004 5676 2049 5707 ⁸³
2080 5674 2270 5730 Matth.
2304 5691 2377 5739 τι,
2405 5674 2475 5729 “29

427 5770 701 5831 ΡΔἹίιυΙ..
743 5773 860 5834 Gn.
904 5776 1171 5837 XXXIV.

2937 5761 2999 5823 17
