3948 6578
536 257 647 324 515
1778 260 1840 321 S.
1878 257 2201 320 MACARII
2240 257 2559 320 EGYPTII
3664 253 3751 319 5l6

541 370 677 426 dere
693 376 748 425 et
768 368 1122 436 contendere,
1136 377 1191 425 et
1220 370 1275 426 in
1292 370 1444 427 omni
1463 370 1683 428 virtutis
1696 372 2114 427 conversatione

2223 372 2313 423 ακὶ
2356 369 2753 437 ἀγωνίσασθαι,
2781 354 2876 422 καὶ
2924 365 3224 422 σπουδάσαι
3269 367 3329 420 ἐν
3362 364 3511 436 πάσῃ
3539 366 3753 438 ὲναρέτῳ

544 476 764 532 cperam
800 477 1025 528 navare,
1050 470 1107 517 et
1132 477 1484 533 perseverare
1515 464 1572 518 in
1601 479 1697 534 spe
1724 479 1790 519 ac
1829 461 2119 517 tolerantia

2223 458 2487 531 πολιτείᾳ,
2520 460 2616 513 καὶ
2647 459 3019 529 προσδοκῆσαι
3068 458 3129 509 ὲν
3177 456 3351 510 ἐλπίδι
3399 456 3496 508 καὶ
3536 456 3755 529 ὑπομονῇ

546 553 739 618 multa,
767 563 829 609 ut
845 569 993 609 nunc
1022 555 1220 625 dignus
1244 564 1535 611 censeatur
1560 555 1820 625 consequi
1854 554 2118 609 virtutem

546 645 916 710 caelestem,et
935 645 1163 715 gloriam
1182 645 1420 715 Spiritus
1447 646 1620 700 sancti
1640 647 1692 699 in
1716 644 1982 699 interiore
2004 643 2122 699 ani-

548 750 656 798 ma,
680 745 738 789 ut
756 744 868 790 tum
886 736 1166 791 dissolutis
1190 737 1519 805 corporibus
1534 737 1856 800 habeamus,
1876 736 2023 806 quod
2044 745 2122 790 te-

2218 550 2407 621 πολλῇ,
2459 550 2553 605 νῦν
2588 549 2988 620 καταξιωθῆναι
3043 548 3143 619 τὴν
3189 546 3250 612 ἐξ
3292 545 3521 617 οὐρανοῦ
3555 547 3759 618 δύναμιν

2217 642 2403 696 λαϐεῖν
2448 643 2543 696 καὶ
2587 641 2746 706 δόξαν
2789 640 2883 693 τοῦ
2919 640 3075 708 ἁγίου
3103 640 3419 710 Πνεύματος
3451 638 3595 700 me;
3624 640 3677 691 ὲν
3704 643 3757 710 τῇ

2217 734 2383 805 ψυχῇ,
2424 734 2512 787 ἵνα
2549 733 2670 787 τότε
2712 731 2990 802 λυομένων
3019 730 3127 784 τῶν
3169 730 3456 800 σωμάτων,
3505 729 3705 799 ἔχωμεν
3738 729 3761 782 ὃ

546 834 637 895 gat
654 834 709 881 ct
730 826 1101 881 vivilicetnos.
1134 825 1192 880 Si
1208 834 1405 888 tamen,
1432 826 1630 895 inquit,
1652 826 1843 890 induti,
1865 842 1969 879 non
1990 825 2118 879 nudi

549 919 867 987 reperiemur
897 918 961 970 “.
998 917 1093 981 Et,
1124 917 1469 972 Resuscitabit
1502 934 1723 988 corpora
1754 927 1938 971 nostra
1974 933 2119 971 mor-

548 1008 680 1062 talia
726 1025 819 1079 per
868 1008 1247 1063 inhabitantem
1293 1008 1550 1080 Spiritum
1601 1010 1715 1079 ejus
1750 1009 1806 1063 in
1854 1009 2000 1063 nobis
2048 1010 2115 1062 “.

546 1100 744 1154 lteatus
790 1099 936 1154 enim
981 1100 1159 1155 Moses
1207 1100 1578 1156 subindicavit
1622 1100 1784 1155 nobis
1824 1110 1953 1172 typo
1983 1114 2119 1169 quo-

540 1193 705 1256 dam,
758 1208 858 1262 per
905 1192 1133 1263 gloriam
1169 1193 1383 1249 scilicet
1431 1193 1670 1263 Spiritus
1718 1194 1774 1247 in
1821 1193 1960 1247 facie
1998 1192 2120 1262 ejus

546 1285 868 1348 haerentem,
903 1299 1069 1355 quam
1117 1301 1278 1340 nemo
1308 1285 1502 1341 deﬁxis
1548 1285 1725 1340 oculis
1758 1283 2119 1353 contemplari

544 1382 779 1444 poterat,
813 1375 1090 1444 quomodo
1121 1375 1177 1430 in
1209 1376 1615 1431 resurrectione
1653 1376 1951 1446 justorum,
1999 1375 2118 1445 glo-

545 1468 909 1522 riﬁcabuntur
930 1483 1162 1538 corpora
1186 1477 1499 1523 sanctorum
1526 1484 1539 1522 :
1571 1482 1736 1537 quam
1759 1466 1980 1537 quidem
2006 1467 2121 1537 glo-

546 1558 682 1612 riam
716 1574 863 1614 nunc
906 1560 961 1613 in
1006 1560 1271 1615 interiore
1308 1559 1531 1615 homine
1567 1559 1764 1613 animae
1802 1568 2118 1615 sanctorum

545 1658 601 1703 et
647 1649 887 1705 ﬁdelium
924 1650 1100 1721 dignas
1134 1659 1397 1722 putantur
1425 1650 1654 1706 habere.
1687 1648 1795 1704 Nos
1836 1652 1997 1715 enim,
2037 1651 2120 1704 in-

2219 826 2503 894 ἀμφιάσει,
2534 823 2631 876 καὶ
2657 823 2983 893 ζωοποιήσει
3010 823 3179 891 ήμᾶςς
3209 822 3369 891 Εἴτε,
3399 822 3582 890 φησὶν,
3610 820 3761 875 erde-

2218 920 2463 986 σόμεθα,
2503 919 2577 970 οὐ
2602 915 2817 985 γυμνοί
2847 916 3301 983 εὑρεθησόμεθα
3324 931 3341 947 ο
3369 911 3464 965 καὶ
3492 913 3764 979 Ζωοκοιή-

2218 1025 2315 1064 σει
2346 1010 2421 1063 τὰ
2452 1007 2911 1077 θνητὰοώματα
2942 1005 3111 1076 ἡμῶν
3140 1005 3239 1059 διὰ
3282 1004 3390 1059 τοῦ
3410 1004 3764 1070 ἐνοικοῦντος

2219 1102 2406 1158 αὐτοῦ
2441 1104 2787 1172 Ila-stipator;
2827 1100 2898 1155 ἐν
2932 1100 3097 1169 ἡμῖν.
3136 1097 3379 1168 Μωῦσῆς
3416 1096 3522 1167 γὰρ
3551 1098 3580 1149 ὁ
3607 1098 3763 1166 μακα-

2222 1211 2336 1264 ριος
2367 1192 2613 1258 ὑπέδειξε
2636 1192 2725 1246 τὸν
2748 1191 2919 1245 τύπον
2938 1191 3027 1244 διὰ
3048 1192 3147 1259 τῆς
3176 1188 3269 1243 τοῦ
3303 1189 3590 1261 προσώπου
3622 1187 3764 1241 αὑτοῦ

2219 1286 2572 1356 ἐπικειμένης
2594 1285 2690 1340 τοῦ
2724 1284 3040 1354 Πνεύματος
3069 1281 3248 1351 δόξης,
3280 1283 3359 1344 είς
3384 1280 3450 1351 ἢν
3478 1280 3649 1342 οὐδεὶς
3684 1281 3764 1333 ἀν-

2221 1377 2454 1448 θρώπων
2486 1375 2731 1433 ἀτενίσαι
2755 1374 3002 1446 ἠδύνατο,
3044 1372 3162 1435 πῶς
3185 1376 3241 1425 ὲν
3267 1375 3331 1441 τῇ
3364 1372 3653 1424 ἀναστάσει
3680 1370 3767 1422 τῶν

2217 1469 2440 1523 δικαίων
2476 1468 2863 1538 δοξασθήσεται
2895 1465 2965 1519 τὰ
2994 1465 3221 1536 σώματα
3259 1463 3369 1517 τῶν
3397 1462 3587 1530 ἁγίων,
3618 1462 3768 1532 ἤνπερ

2220 1560 2377 1626 δόξαν
2404 1558 2514 1612 ἀπὸ
2540 1557 2633 1612 τοῦ
2666 1558 2761 1613 νῦν
2793 1557 3004 1611 ἔνδοθεν
3029 1556 3121 1609 ἐπὶ
3145 1556 3224 1625 τῷ
3250 1554 3357 1609 ἔσω
3382 1553 3649 1625 ἀνθρώπῳ
3684 1555 3768 1622 ψυ-

2222 1654 2315 1722 χαλ⁸
2346 1652 2515 1721 ἁγίων
2568 1651 2664 1705 καὶ
2723 1650 2930 1705 πιστῶν
2966 1648 3353 1715 καταξιοῦνται
3386 1647 3550 1716 ἔχειν.
3606 1646 3769 1714 Ἡμεῖς

546 1741 682 1810 quit,
723 1753 919 1799 omnes.
954 1751 1151 1796 retecta
1184 1743 1339 1813 facie,
1369 1743 1464 1796 hoc
1496 1751 1591 1806 est,
1624 1743 1864 1796 interiori
1890 1743 2117 1808 homine,

2223 1721 2351 1812 γὰρ,
2396 1743 2551 1814 φησὶ,
2606 1742 2831 1807 πάντες
2871 1737 3425 1807 ἀνακεκαλυμμένῳ
3471 1736 3768 1802 προσώπῳ,

543 1833 769 1903 gloriam
798 1834 1009 1888 Domini
1042 1836 1097 1888 in
1136 1834 1345 1905 speculo
1381 1835 1823 1907 contemplamur,
1856 1836 1925 1890 ad
1970 1851 2119 1889 eam-

546 1926 663 1981 dem
696 1928 980 1997 imaginem
1006 1928 1377 1997 transformati
1402 1928 1465 1981 de
1499 1928 1672 1999 gloria
1709 1929 1763 1981 in
1795 1927 2023 1997 gloriam
2052 1928 2117 1984 “.

545 2017 739 2074 Itidem
775 2036 788 2071 :
822 2018 988 2073 Moses
1033 2020 1392 2091 quadraginta
1441 2020 1618 2074 diebus
1669 2037 1731 2073 ac
1764 2021 2120 2091 quadraginta

547 2111 801 2176 noctibus,
835 2120 894 2165 ut
926 2112 1191 2181 scriptum
1238 2120 1343 2178 est,
1385 2128 1574 2182 panem
1614 2128 1717 2166 non
1748 2112 1988 2177 comedit,
2028 2128 2122 2165 nec

547 2220 746 2274 aquam
775 2203 898 2257 bibit
928 2203 993 2257 ".
1019 2203 1162 2259 Fieri
1190 2212 1374 2259 autem
1406 2219 1517 2259 non
1538 2212 1739 2274 potest,
1770 2210 1831 2258 ut
1856 2218 2121 2273 corporea

546 2305 742 2350 natura
777 2295 983 2365 absque
1012 2311 1150 2367 pane
1187 2304 1397 2351 tantum
1424 2294 1688 2366 temporis
1718 2294 1884 2350 vitam
1919 2294 2121 2348 transi-

547 2396 659 2459 gat,
691 2387 796 2442 nisi
821 2388 961 2443 alius
988 2388 1099 2442 cibi
1143 2387 1445 2457 spiritualis
1487 2387 1763 2457 particeps
1796 2386 1890 2441 ﬁat
1917 2404 1930 2440 :
1957 2399 2120 2456 quem

548 2479 658 2548 26
685 2479 869 2533 cibum
898 2494 1046 2533 nunc
1075 2478 1336 2548 temporis
1382 2488 1699 2534 sanctorum
1745 2478 1941 2534 anima:
1981 2478 2123 2534 invi-

548 2571 783 2626 sibiliter
810 2571 1015 2627 virtute
1047 2570 1286 2642 Spiritus
1315 2572 1489 2627 sancti
1521 2581 1957 2643 consequuntur.

618 2767 710 2823 Xl.
746 2768 971 2825 Duobus
1020 2769 1190 2841 igitur
1224 2770 1365 2842 typis
1397 2771 1594 2827 beatus
1635 2773 1813 2829 Moses
1857 2772 2118 2838 ostendit,

547 2875 710 2929 quam
749 2861 803 2914 in
840 2861 1248 2917 resurrectione
1279 2861 1523 2918 habituri
1572 2863 1685 2919 sint
1728 2864 1957 2935 gloriam
2001 2866 2119 2922 veri

545 2951 877 3008 Christiani:
912 2951 1143 3023 gloriam
1178 2952 1388 3009 scilicet
1420 2955 1650 3011 luminis
1674 2964 1731 3010 et
1762 2956 1991 3012 delicias
2034 2958 2121 3011 in-

2221 1833 2494 1887 τουτέστι
2519 1830 2598 1897 τῷ
2626 1830 2746 1885 ἔσω
2765 1829 3072 1900 ἀνθρώπῳ,
3098 1828 3214 1895 τὴν
3232 1826 3422 1891 δόξαν
3442 1826 3547 1880 τοῦ
3574 1830 3769 1893 Κυρίου

2221 1919 2739 1990 κατοπτριζόμεθα,
2764 1922 2853 1985 εἰς
2899 1920 3015 1987 τὴν
3040 1916 3237 1986 αὐτὴν
3268 1918 3476 1970 εἰκόνα
3500 1932 3769 1985 μεταμορ-

2220 2017 2507 2086 φούμενοι
2563 2013 2680 2069 ἀπὸ
2728 2013 2913 2081 δόξης
2966 2014 3055 2079 είς
3080 2011 3289 2076 δόξαν.
3340 2010 3573 2080 Ὁμοίως
3611 2009 3767 2061 πάλιν·

2225 2106 2687 2177 Τεσσαράκοντα
2709 2105 2931 2175 ἡμέρας
2964 2104 3060 2158 καί
3096 2100 3552 2171 τεσσαράκοντα
3574 2102 3772 2165 νύκτας

2221 2201 2403 2268 ἄρτον
2424 2202 2536 2253 οὐκ
2578 2199 2822 2269 ἔφαγεν,
2875 2197 2953 2261 ὼς
3007 2197 3332 2265 γέγραπται,
3368 2193 3466 2250 καὶ
3500 2192 3655 2263 ﬁdem
3678 2196 3770 2247 οὐκ

2220 2293 2411 2347 ἔπιεν.
2457 2290 2739 2345 Ἀδύνατον
2766 2290 2823 2343 δὲ
2880 2288 2979 2360 τὴν
3030 2286 3123 2342 τοῦ
3161 2285 3413 2356 σώματος
3461 2283 3625 2353 φύσιν
3664 2285 3771 2337 ἄνευ

2222 2386 2389 2456 ἄρτου
2420 2383 2675 2438 τοσοῦτον
2724 2381 2912 2451 ζῆσαι,
2948 2382 2997 2435 εί
3051 2379 3125 2451 μὴ
3171 2377 3378 2450 τροφῆς
3411 2379 3607 2449 ἑτέρας
3635 2394 3771 2431 πνευο

2225 2477 2461 2549 ματικῆς
2494 2473 2903 2547 μετελάμϐανεν
2921 2487 2936 2502 °
2974 2466 3159 2544 ⁴ἧσπερ
3214 2471 3421 2541 τροφῆς
3448 2469 3559 2524 ἀπὸ
3583 2468 3672 2522 τοῦ
3694 2468 3772 2521 νῦν

2222 2569 2329 2622 τῶν
2361 2568 2531 2636 ἁγίων
2558 2566 2728 2638 ψυχαὶ
2778 2564 3025 2636 ἀοράτως
3054 2564 3119 2617 ὲκ
3143 2560 3239 2616 τοῦ
3271 2559 3591 2633 Πνεύματος
3626 2577 3769 2631 μετα.

2222 2657 2582 2729 λαμϐάνουσι.

2292 2770 2400 2825 lA'.
2441 2771 2596 2825 Κατὰ
2646 2770 2740 2824 δύο
2798 2764 2891 2824 οὖν
2928 2769 3131 2833 τύπους
3163 2770 3192 2823 ὁ
3243 2769 3517 2840 μακάριος
3562 2766 3772 2835 Mariis-ﬁ;

2224 2860 2522 2928 ὑπέδειξεν,
2570 2862 2746 2932 ἤνπερ
2802 2862 2859 2915 ὲν
2903 2863 2969 2931 τῇ
3013 2858 3308 2914 ἀναστάσει
3376 2858 3560 2923 ἕξουσι
3639 2857 3770 2922 Μξιν

2224 2955 2399 3026 φωτὸς
2428 2957 2522 3009 καὶ
2540 2953 2753 3026 τρυφὴν
2785 2954 2978 3023 νοεράν
3002 2952 3098 3006 τοῦ
3129 2951 3446 3024 Πνεΰματος
3475 2952 3531 3003 οι
3558 2949 3771 3019 ἀληθινοὶ

548 3045 889 3100 tellectuales
935 3044 1211 3114 Spiritus,
1262 3045 1465 3117 quibus
1505 3047 1671 3101 etiam
1716 3049 1930 3105 occulte
1974 3066 2121 3107 nunc

2226 3049 2560 3120 Χριστιανοὶ,
2597 3043 2666 3121 ἦς
2699 3051 2791 3100 καὶ
2821 3047 3079 3117 κρυπτῶς
3105 3046 3211 3100 ἀπὸ
3235 3046 3329 3100 τοῦ
3359 3045 3459 3099 νῦν
3478 3042 3771 3109 καταξιοῦν-

549 3134 698 3203 digni
743 3142 1085 3204 reputantur.
1115 3134 1412 3204 Propterea
1450 3144 1580 3191 tunc
1619 3137 1676 3190 in
1717 3152 1952 3208 corpore
1995 3141 2121 3195 illo-

549 3240 673 3278 rum
696 3224 813 3280 haec
834 3225 1198 3294 apparebunt.
1233 3225 1406 3292 Quam
1435 3227 1582 3281 enim
1614 3245 1763 3286 nunc
1787 3231 1843 3284 in
1867 3231 1983 3287 suis
2006 3233 2125 3287 ani-

548 3316 656 3371 mis
687 3317 917 3387 gloriam
960 3318 1134 3372 sancti
1178 3318 1403 3384 habent,
1435 3328 1496 3373 ut
1527 3321 1848 3389 praedictum
1893 3333 1998 3388 est,
2031 3325 2125 3380 illa

552 3419 669 3464 tum
700 3417 844 3479 teget
870 3416 925 3463 et
949 3410 1163 3479 cperiet
1196 3410 1341 3465 nuda
1370 3426 1623 3482 corpora,
1650 3423 1707 3468 et
1741 3414 1809 3469 ad
1836 3416 2005 3471 caelos
2037 3433 2126 3471 ra-

549 3501 699 3572 piet,
729 3510 785 3555 et
823 3501 1040 3555 tandem
1087 3516 1319 3572 corpore
1352 3514 1409 3558 et
1449 3504 1632 3559 anima
1682 3506 1739 3561 in
1784 3523 1952 3578 regno
1997 3524 2121 3564 cum

550 3592 782 3646 Domino
822 3591 1235 3661 requiescemus
1262 3593 1318 3647 in
1360 3596 1578 3651 saecula.
1619 3595 1755 3651 Cum
1800 3600 1947 3652 enim
1978 3601 2124 3654 Ada-

550 3698 701 3737 mum
730 3683 875 3737 Deus
904 3683 1189 3748 conderet,
1216 3699 1329 3739 non
1374 3688 1701 3756 praeparavit
1746 3689 1799 3743 ei
1832 3706 2125 3760 corporeas

550 3776 683 3837 alas,
718 3783 779 3827 ut
818 3774 1151 3840 volatilibus,
1182 3775 1385 3846 quippe
1431 3775 1671 3846 Spiritus
1708 3781 1882 3836 sancti
1919 3782 2032 3837 alas
2070 3784 2123 3838 ei

550 3879 841 3934 apparans,
872 3864 976 3921 hoc
998 3874 1104 3931 est,
1127 3882 1264 3936 quas
1292 3868 1589 3938 largiturus
1608 3869 1658 3925 ei
1682 3882 1827 3927 esset
1856 3872 1912 3927 in
1937 3890 2123 3929 resur-

554 3961 818 4025 rectione,
865 3970 927 4014 ut
961 3960 1139 4031 ipsum
1172 3963 1453 4018 elevarant
1482 3972 1539 4019 et
1581 3966 1899 4037 abriperent
1951 3982 2122 4038 quor-

553 4069 674 4107 sum
705 4053 937 4123 Spiritui
982 4054 1225 4123 placeret
1261 4073 1274 4109 :
1309 4072 1446 4126 quas
1474 4058 1590 4112 alas
1607 4060 1717 4129 jam
1750 4076 1901 4117 nunc
1928 4061 2125 4118 animae

551 4153 867 4199 sanctorum
906 4145 1111 4200 habere
1147 4146 1323 4217 dignae
1352 4148 1644 4215 habentur,
1672 4166 1795 4221 quae
1823 4163 2007 4209 mente
2054 4155 2123 4211 ad

553 4236 810 4295 caelestes
876 4236 1236 4308 cogitationes
1296 4239 1608 4296 subvolant.
1679 4242 2124 4301 Christianorum

554 4330 700 4385 enim
726 4330 966 4384 mundus
992 4330 1133 4384 alius
1158 4338 1265 4392 est,
1289 4339 1346 4384 et
1373 4331 1479 4386 alia
1511 4348 1722 4400 mensa,
1747 4346 1802 4391 et
1822 4336 1929 4392 alia
1961 4338 2120 4393 indu-

554 4429 760 4486 menta,
792 4428 849 4474 et
893 4421 999 4474 alia
1031 4421 1241 4486 fruitio,
1273 4422 1378 4477 alia
1410 4425 1854 4491 communicatio,
1887 4438 1943 4484 et
1983 4430 2123 4485 alius

555 4511 888 4565 intellectus.
922 4511 1266 4584 Quapropter
1302 4524 1358 4569 et
1398 4518 1806 4586 praestantiores
1837 4531 1966 4576 sunt
2011 4538 2127 4577 om-

556 4599 722 4655 nibus
760 4601 1094 4659 hominibus.
1142 4605 1294 4661 lianc
1334 4617 1519 4663 autem
1560 4610 1818 4666 virtutem
1872 4613 2021 4669 intus
2069 4614 2125 4669 in

556 4691 755 4745 animis
784 4708 933 4747 nunc
961 4693 1109 4764 digni
1153 4704 1414 4765 putantur
1445 4699 1695 4770 accipere
1730 4718 1827 4770 per
1863 4703 2125 4772 Spiritum

558 4794 829 4837 sanctum.
876 4784 1171 4854 Propterea
1212 4804 1429 4858 quoque
1460 4792 1517 4846 in
1555 4796 1960 4851 resurrectione
2005 4813 2128 4851 cor-

558 4890 690 4944 pora
716 4877 940 4931 :eternis
973 4877 1081 4933 illis
1110 4878 1347 4949 Spiritus
1376 4885 1549 4938 sancti
1585 4884 1746 4942 bonis
1775 4888 2125 4945 habebuntur

558 4973 742 5043 digna,
765 4984 821 5028 et
861 4974 1047 5044 gloria:
1091 4973 1169 5028 illi
1214 4975 1717 5045 permiscebuntur,
1754 4980 1911 5050 cujus
1937 4980 1990 5034 in
2024 4980 2125 5035 hac

556 5066 667 5120 vita
691 5067 885 5121 anima:
910 5066 1127 5121 illorum
1153 5068 1587 5137 experimentum
1616 5081 1988 5140 sumpserunt.

626 5252 741 5307 ΧΠ.
779 5255 953 5311 Debet
984 5257 1152 5328 igitur
1192 5260 1573 5331 unusquisque
1612 5272 1860 5319 nostrum
1892 5278 2125 5321 conten-

557 5341 710 5411 dere,
751 5346 1033 5404 elaborare
1061 5358 1118 5405 et
1173 5351 1228 5405 in
1261 5352 1411 5407 omni
1451 5352 1717 5408 virtutum
1764 5371 1963 5426 genere
1993 5372 2126 5426 ope-

558 5452 674 5492 ram
708 5439 992 5506 adhibere,
1026 5450 1083 5496 et
1114 5442 1365 5511 credere,
1406 5453 1462 5500 et
1486 5447 1768 5517 requirere
1801 5464 1831 5503 a
1872 5448 2125 5515 Domino,

2223 3157 2333 3193 ται.
2359 3139 2451 3193 Διὸ
2478 3138 2573 3193 καὶ
2603 3138 2726 3192 τότε
2770 3139 2865 3192 ἐπὶ
2911 3137 3005 3193 τοῦ
3038 3137 3289 3207 σώματος
3332 3136 3516 3190 αὐτῶν
3554 3150 3769 3205 φανερω-

2224 3229 2499 3299 θήσονται.
2538 3230 2641 3282 Ἦν
2680 3228 2789 3300 γὰρ
2832 3228 2939 3282 ἀπὸ
2967 3226 3061 3281 τοῦ
3089 3226 3183 3281 νῦν
3213 3226 3430 3298 ἔχουσιν
3459 3230 3521 3279 ἐν
3553 3228 3667 3288 ταῖς
3689 3226 3771 3293 ψυ-

2222 3324 2347 3393 χαῖς
2369 3324 2418 3375 οἱ
2447 3322 2592 3390 ἆγιοι
2640 3321 2816 3387 δόξαν,
2846 3321 2922 3384 ὡς
2959 3320 3306 3391 προείρηται,
3342 3319 3531 3388 ἐκείνη
3570 3318 3770 3387 καλύψει

2223 3414 2316 3467 καὶ
2347 3414 2637 3484 ἀμφιάοει,
2668 3414 2763 3467 καὶ
2805 3412 2875 3467 τά
2905 3412 3090 3483 γυμνά
3141 3412 3370 3481 σώματα
3398 3412 3495 3464 καὶ
3531 3413 3609 3473 εις
3634 3410 3770 3481 οὐρα-

2224 3506 2347 3569 νοὺς
2368 3506 2625 3577 ἁρπάσει,
2660 3506 2755 3559 καὶ
2778 3504 2839 3557 τὸ
2866 3505 3053 3559 λοιπὸν
3092 3503 3305 3575 σώματι
3338 3503 3434 3556 καὶ
3460 3503 3608 3573 ψυχῇ
3638 3503 3689 3554 ὲν
3714 3502 3765 3570 τῇ

2226 3597 2473 3668 βασιλείᾳ
2492 3598 2573 3661 εἰς
2591 3596 2794 3660 αἰῶνας
2816 3598 2912 3651 σὺν
2935 3596 3013 3668 τῷ
3033 3597 3223 3667 Κυρίῳ
3240 3594 3770 3666 ἀναπαυσόμεθαπὶν

2224 3690 2331 3761 γὰρ
2369 3690 2541 3761 Ἀδὰμ
2589 3689 2779 3754 κτίσας
2831 3690 2861 3742 ὁ
2906 3689 3060 3752 Θεὸς,
3090 3690 3152 3743 οὺ
3183 3691 3593 3743 κατεσκεύασεν
3642 3686 3766 3751 αὐτῷ

2226 3782 2547 3852 σωματικάς
2602 3781 2881 3851 πτέρυγας
2928 3781 3004 3845 ὡς
3053 3784 3165 3845 τοῖς
3220 3784 3526 3847 πετεινοῖς,
3554 3782 3649 3844 τὰς
3691 3780 3766 3832 τοῦ

2224 3874 2539 3945 Πνεύματος
2566 3873 2659 3933 τοῦ
2683 3872 2836 3942 ἁγίου
2858 3873 3132 3945 πτέρυγας
3166 3875 3599 3945 προευτρεπίσας
3626 3873 3766 3943 αὐτῷ,

2222 3965 2498 4019 τουτέστιν
2542 3965 2607 4029 ἃς
2645 3964 2825 4035 μέλλει
2870 3964 3071 4018 διδόναι
3108 3964 3257 4036 αὐτῷ
3296 3967 3355 4018 ὲν
3382 3968 3450 4036 τῇ
3480 3966 3765 4027 ἀναστάσει,

2224 4056 2313 4109 ἵνα
2345 4055 2505 4109 αὑτὸν
2531 4055 2830 4125 κουφίσωσι
2853 4056 2947 4108 καὶ
2964 4057 3285 4125 ἁρπάσωσιν
3332 4055 3459 4108 ἔνθα
3483 4055 3551 4109 τὸ
3578 4054 3765 4122 Πνεῦμα

2227 4147 2503 4217 βούλεταιο
2542 4148 2608 4213 ἃς
2666 4148 2941 4218 πτέρυγας
2994 4148 3225 4202 ἀπδτοῦ
3273 4148 3373 4202 νῦν
3396 4149 3452 4201 αἱ
3490 4149 3654 4219 ψυχαὶ
3679 4150 3764 4202 τῶν

2226 4240 2394 4309 ἁγίων
2432 4239 2815 4303 καταξιοῦνται
2861 4239 3006 4309 ἔχειν
3050 4241 3131 4303 είς
3167 4239 3228 4292 τὸ
3264 4239 3520 4310 οὐράνιον
3543 4240 3762 4312 φρόνημα

2224 4330 2303 4399 τῷ
2330 4329 2408 4400 νῷ
2435 4330 2801 4400 ἀνιπτάμεναι
2822 4346 2836 4362 ο
2869 4331 3211 4401 Χριστιανῶν
3242 4331 3351 4402 γὰρ
3374 4331 3580 4401 κόσμος
3610 4331 3765 4399 ἕτερός

2226 4422 2341 4474 ἐστι
2366 4421 2461 4474 καὶ
2485 4420 2619 4490 ἄλλη
2638 4420 2906 4490 τράπεζα,
2931 4422 3026 4475 καὶ
3050 4423 3185 4477 ἄλλα
3212 4422 3330 4475 ὲνδύ
3339 4439 3511 4492 ματα,
3546 4423 3634 4476 καὶ
3657 4420 3763 4488 άλλη

2228 4511 2552 4579 ἀπόλαυσις,
2605 4512 2700 4565 καὶ
2748 4511 2879 4582 άλλη
2911 4512 3187 4576 κοινωνία,
3231 4515 3327 4567 καὶ
3359 4514 3488 4568 ἄλλο
3522 4516 3762 4584 φρόνημα.

2227 4604 2318 4657 Διὸ
2345 4604 2440 4657 καὶ
2477 4604 2759 4675 κρείττους
2802 4606 3024 4659 πάντων
3074 4605 3381 4677 ἀνθρώπων
3441 4608 3763 4677 τυγχάνωσι.

2227 4695 2445 4750 Τούτων
2492 4697 2551 4750 δὲ
2589 4696 2690 4767 τὴν
2740 4696 2968 4767 δύναμιν
3002 4697 3100 4751 νῦν
3152 4698 3301 4751 ἔνδον
3333 4700 3393 4750 ἐν
3432 4701 3556 4761 ταῖς
3602 4698 3765 4766 ψυχαῖς

2225 4786 2608 4855 καταξιοῦνται
2634 4787 2818 4841 λαϐεῖν
2848 4789 2937 4843 διὰ
2983 4789 3077 4842 τοῦ
3127 4790 3283 4858 ἁγίου
3332 4790 3644 4859 Πνεύματος
3665 4804 3678 4820 ’
3706 4787 3767 4839 διδ

2232 4877 2328 4931 καὶ
2381 4879 2440 4929 ὲν
2487 4880 2553 4947 τῇ
2605 4878 2901 4932 ἀναστάσει
2927 4878 2994 4931 τά
3031 4876 3259 4948 σώματα
3302 4879 3766 4949 καταξιωθήσονται

2229 4968 2336 5020 τῶν
2359 4968 2590 5022 αἰωνίων
2622 4968 2845 5021 ἐκείνων
2873 4969 2967 5022 τοῦ
2997 4967 3313 5038 Πνεύματος
3338 4968 3582 5035 ἀγαθῶν,
3605 4970 3687 5020 καὶ
3713 4968 3765 5035 τῇ

2226 5058 2355 5131 δόξῃ
2373 5058 2555 5129 ἐκείνῃ
2581 5059 3072 5128 ἀνακραθήσονται,
3088 5053 3155 5129 ἧς
3183 5058 3292 5113 ἀπὸ
3316 5057 3411 5111 τοῦ
3435 5059 3531 5112 νῦν
3558 5057 3766 5128 atomi

2224 5150 2404 5203 αὐτῶν
2434 5150 2532 5221 τὴν
2555 5154 2750 5221 πεῖραν
2776 5151 3043 5217 ἐδέξαντο.

2296 5261 2398 5318 lB'.
2450 5263 2683 5333 Ὀφείλει
2722 5264 2902 5317 τοίνυν
2940 5263 3171 5328 ἕκαστος
3212 5262 3371 5334 ἡμῶν
3409 5258 3762 5333 ἀγωνίσασθαι,

2226 5357 2320 5411 καὶ
2354 5356 2605 5427 πονῆσαι,
2642 5357 2737 5410 καὶ
2770 5357 3068 5411 σπουδάσαι
3107 5359 3166 5411 ὲν
3196 5358 3404 5419 πάσαις
3425 5356 3661 5427 ἀρεταῖς,
3690 5350 3764 5403 καὶ

2228 5445 2518 5501 πιστεῦσαι
2577 5447 2671 5499 καὶ
2722 5446 2955 5518 ζητῆσαι
3015 5448 3163 5519 παρά
3218 5447 3446 5517 Κυρίου,
3482 5450 3545 5514 ἐξ
3583 5444 3763 5510 ἐκείνης

628 5658 673 5689 ⁸⁸
696 5658 739 5713 ll
767 5658 892 5713 Cor.
921 5677 972 5727 ν,
999 5663 1053 5718 3.
1130 5664 1174 5695 ⁸⁵
1208 5664 1363 5719 Rom.
1405 5683 1519 5731 vm,
1550 5667 1633 5720 ll.
1716 5669 1761 5701 “
1796 5668 1837 5722 ll
1865 5667 1990 5722 Cor.
2033 5686 2109 5736 ιιι,

2223 5712 2227 5723 ,
2307 5673 2347 5704 ⁸⁷
2378 5672 2552 5727 Exod.
2586 5687 2762 5736 xxxiv,
2792 5671 2883 5726 28.
