3948 6554
196 284 289 349 517
308 347 310 349 ,
1422 285 1746 348 HOMILI/l

1858 313 1898 328 -
1925 288 2113 353 nou.
2154 293 2253 354 VI.
3356 312 3459 380 διδ

201 399 286 467 τῆς
345 394 507 466 δόξης
533 392 643 449 ἀπδ
675 395 769 451 τοῦ
801 396 896 450 νῦν
933 397 1163 469 μέτοχον
1200 396 1460 466 γενέσθαι
1513 398 1605 450 τὸν
1659 397 1746 451 ἔσιι

1877 408 1937 454 ιιι
1968 399 2119 458 illius
2155 401 2344 472 gloria:
2377 403 2447 460 ab
2477 405 2582 462 hoc
2610 415 2856 480 tempore
2880 414 3160 486 particeps
3198 417 3292 476 ﬁat
3323 422 3463 480 inte-

195 488 494 559 ἄνθρωπον,
525 489 620 542 καὶ
669 491 728 542 ἐν
759 490 946 560 ἐκείνῃ
973 491 1038 561 τῇ
1071 490 1322 560 ἁγιότητι
1364 491 1462 544 τοῦ
1506 489 1746 557 Πνεύμα·

1874 497 1992 550 rior
2024 497 2212 563 homo,
2246 509 2303 555 ct
2331 499 2388 555 in
2419 503 2710 560 sanctitate
2755 506 2846 560 illa
2877 507 2946 564 de
2992 509 3202 580 Spiritu
3239 518 3467 585 partici-

195 599 272 643 τος
307 580 406 650 τήν
436 580 620 651 ψυχὴν
668 581 1021 652 κοινωνῆσαι.
1056 581 1142 634 ῖνα
1189 579 1617 652 καθαρισθέντες
1673 579 1746 634 τὺε

1869 599 1966 659 pet
2009 593 2214 660 anima,
2246 602 2328 658 ut,
2360 597 2677 666 expurgatis
2706 598 2965 654 sordibus
2986 579 3466 669 malitianbabea-

195 672 354 745 ῥύπον
398 672 501 743 τῆς
555 673 754 735 κακίας
815 672 1030 743 ἔχωμεν
1053 674 1155 726 κάν
1181 675 1248 743 τῇ
1281 673 1580 726 ἀναστάσει
1609 671 1640 725 ὅ
1667 674 1746 743 ἀμ

1870 697 1994 738 mus
2039 699 2260 755 quoque
2303 685 2359 740 in
2409 690 2817 747 resurrectione
2862 693 3011 762 quod
3044 694 3193 750 nuda
3228 689 3463 769 corpora

194 765 365 834 φιάσει
408 765 594 836 γυμνὰ
619 766 687 820 τὰ
713 764 944 836 σώματα
966 765 1128 836 ἡμῶν
1153 765 1515 835 ἀνιστάμενα,
1543 765 1637 818 καὶ
1669 765 1746 835 rip

1869 783 2061 830 nostra
2110 777 2454 847 resurgentia
2510 780 2761 849 operiat,
2811 781 3218 841 deformitatem
3276 764 3460 860 te—gat,

191 857 569 928 ἀσχημοσύνην
615 857 823 911 ὲνδύσει
861 857 957 912 καὶ
988 856 1336 928 ζωοποιήσει,
1379 859 1473 910 καὶ
1508 860 1590 920 είς
1634 857 1738 910 αἰῶ

1867 864 2133 931 vivilicet,
2165 877 2222 922 et
2251 867 2305 922 in
2334 878 2604 925 aeternum
2637 875 2690 927 in
2725 888 2895 946 regno
2926 877 3196 933 caelorum
3239 856 3463 937 refecit-

192 968 275 1014 va;
310 952 366 1003 ὲν
402 953 467 1020 τῇ
503 949 750 1022 βασιλείᾳ
769 950 1075 1004 ἀναπαύσει
1103 949 1210 1003 τῶν
1259 950 1525 1021 οὐρανῶν.
1562 950 1740 1003 Μέλλε

1865 955 1964 1010 let.
2015 957 2398 1016 Descensurus
2451 962 2598 1016 enim
2649 974 2734 1019 est
2785 966 2854 1020 de
2900 968 3054 1024 caelis
3105 969 3360 1027 Christus
3403 981 3461 1028 et

191 1043 338 1114 γὰρό
367 1042 600 1111 Χριστὸς
648 1043 712 1095 ὲκ
769 1043 881 1096 τῶν
936 1043 1183 1114 οὐρανῶν
1239 1042 1626 1114 κατέρχεσθαι,
1668 1043 1746 1096 κα⁴

1866 1063 2060 1104 omnes
2091 1051 2481 1120 generationes
2511 1055 2641 1110 Adte
2673 1058 3062 1125 suscitaturus,
3094 1078 3216 1132 quae
3243 1065 3314 1118 ab
3350 1064 3459 1119 ini-

191 1135 356 1188 πάντα
383 1135 453 1188 τὰ
491 1133 635 1204 φῦλα
659 1133 755 1187 τοῦ
798 1133 972 1204 Ἀδὰμ
1000 1135 1320 1205 ἀναστήσει,
1355 1136 1481 1197 τοὺς
1513 1135 1610 1187 ἀπ’
1633 1133 1764 1186 αἰῶ-

189 1244 266 1289 νος
294 1225 677 1297 κοιμηθέντας,
727 1225 867 1280 κατὰ
911 1225 1010 1288 τὰς
1057 1223 1219 1293 ἁγίας
1253 1224 1498 1295 Γραψάς.
1542 1226 1651 1278 Καὶ
1682 1227 1762 1288 εἰς

190 1319 272 1372 δύο
306 1318 449 1387 μέρη
484 1317 673 1386 στήσει
704 1316 934 1380 πάντας,
974 1316 1068 1369 καὶ
1104 1315 1232 1379 τοὺς
1285 1314 1508 1386 ἔχοντας
1537 1315 1597 1368 τὸ
1631 1315 1762 1368 ἴδιον

191 1405 427 1473 σημεῖον,
454 1404 697 1456 τουτέστι
729 1403 826 1472 τὴν
851 1403 1123 1473 σφραγῖδα
1155 1404 1247 1456 τοῦ
1283 1406 1618 1475 Πνεύματος,
1639 1403 1762 1456 τού-

185 1508 298 1554 τους
345 1491 423 1556 ἀς
473 1492 632 1555 ίδίους
675 1493 1076 1563 προσφωνήσας
1127 1494 1192 1546 ὲκ
1222 1492 1411 1558 δεξιῶν
1436 1495 1645 1563 στήσει.
1684 1494 1761 1548 Τὰ

183 1588 285 1656 ἐμὰ
303 1587 434 1657 τὰρ,
459 1588 610 1657 φησὶ.
628 1589 893 1654 πρόϐατα
909 1585 1018 1656 τῆς
1032 1585 1182 1656 ἐμῆς
1201 1587 1409 1656 φωνῆς
1429 1587 1723 1642 ἀκούουσι
1742 1603 1756 1618 ο

183 1680 268 1733 καί
289 1694 304 1708 ο
344 1679 632 1732 Γινώσκω
662 1679 734 1732 τὰ
788 1679 920 1747 ἐμὰ,
957 1677 1056 1732 καὶ
1083 1677 1450 1748 τινώσκομαι
1484 1677 1603 1731 ὑπὸ
1640 1674 1759 1729 τῶν

180 1771 352 1841 ἐμῶν.
400 1772 508 1824 Καὶ
534 1771 656 1824 τότε
684 1768 812 1842 δόξῃ
843 1770 966 1841 θείᾳ
992 1771 1063 1823 τὰ
1103 1769 1334 1840 σώματα
1360 1769 1569 1822 τούτων
1599 1784 1755 1837 περι-

178 1863 536 1934 εληθήσονται
567 1865 632 1916 ἐκ
669 1863 778 1916 τῶν
816 1863 1036 1931 ἀγαθῶν
1060 1862 1258 1934 ἔργων,
1286 1862 1382 1915 καὶ
1403 1861 1558 1927 δόξης
1586 1861 1755 1914 Πνεύ-

182 1973 343 2027 ματος
396 1955 610 2009 ἔσονται
667 1955 918 2026 πλήρεις,
969 1950 1039 2028 ἧς
1091 1956 1200 2010 ἀπὸ
1234 1954 1328 2009 τοῦ
1368 1952 1463 2007 νῦν
1496 1949 1642 2024 εἶχον
1693 1953 1755 2006 ἐν

177 2053 288 2114 ταῖς
314 2051 535 2121 ψυχαῖς.
563 2052 676 2105 Καὶ
705 2051 850 2105 οὕτω
870 2051 1222 2116 δοξασθέντες
1243 2053 1303 2104 ἐν
1332 2049 1411 2121 τῷ
1433 2049 1562 2120 θείῳ
1586 2050 1746 2118 φωτὶ,

178 2146 262 2197 καὶ
293 2147 378 2208 εἰς
425 2145 685 2214 οὐρανοὺς
717 2144 1126 2213 άρπαχθέντες
1150 2145 1234 2210 εις
1266 2142 1613 2209 ἀπάντησιν
1642 2143 1749 2198 τοῦ

177 2236 392 2303 Κυρίου
404 2237 490 2301 είς
503 2235 666 2302 ἀέρα,
694 2237 837 2288 κατὰ
861 2239 921 2289 τὸ
937 2235 1340 2306 γεγραμμένον,
1354 2234 1616 2289 πάντοτε
1628 2235 1752 2289 σὺν

176 2326 250 2392 τῷ
290 2328 492 2397 Κυρίῳ
517 2328 798 2398 ἐσόμεθα,
827 2329 922 2383 σὺν
941 2329 1091 2401 αὐτῷ
1115 2327 1488 2400 βασιλεύοντες
1517 2330 1598 2393 είς
1625 2327 1752 2392 τοὺς

174 2421 509 2488 ἀπεράντους
537 2421 741 2487 αἰῶνας
767 2422 875 2477 τῶν
907 2421 1138 2478 αἰώνων.
1176 2422 1372 2494 Ἀμήν.

775 2561 1021 2615 οΜιΛιΑ
1059 2561 1151 2627 ς’.

179 2679 240 2730 οι
269 2677 635 2746 βουλόμενοι
678 2675 799 2741 Θεῷ
823 2747 826 2748 ν
849 2672 1278 2748 εὐαρεστῆσαι,
1331 2672 1440 2748 τὰς
1472 2671 1657 2748 εὐχὰς

235 2748 444 2814 εἰρήνῃ
469 2743 588 2800 ’καὶ
636 2747 886 2815 ἠσυχίᾳ,
920 2743 1017 2800 καί
1053 2744 1395 2814 ἡμερότητι,
1428 2744 1528 2815 καὶ
1562 2743 1750 2811 cossic:

235 2813 532 2872 ποιεῖσθαι
561 2813 936 2886 ὀφείλουσιν,
968 2817 1068 2870 ἵνα
1094 2813 1188 2885 ίμὴ
1221 2813 1506 2881 κραυγαῖς
1530 2829 1750 2886 κεχρῃτ

231 2892 405 2958 μένοι
434 2892 521 2954 εὶς
550 2881 785 2952 κᾶντας
819 2881 1358 2958 σκανδαλῗζῖυντιιι.
1378 2882 1642 2958 ,Συνέχει
1678 2881 1749 2958 δέ

235 2953 270 3027 ἢ
307 2953 513 3028 ὁμιλία
568 2958 844 3031 (unicam:
908 2957 1040 3031 δύο,
1080 2958 1132 3008 εί
1159 2956 1224 3031 ὀἱ
1282 2953 1482 3031 θρόνρι
1523 2953 1644 3031 ,καὶ
1693 2953 1748 3006 οὶ

229 3021 522 3099 στέξρανοι
551 3021 847 3099 κτίσματᾷ
869 3029 1048 3092 εἰσιν,
1077 3025 1174 3079 καί
1207 3024 1341 3091 περὶ
1374 3021 1493 3076 τῶν
1511 3021 1747 3077 δώδεκα

232 3097 464 3170 θρόνων
499 3099 604 3153 τοῦ
649 3097 909 3166 Ἰσραήλ.

231 3241 307 3291 Α’.
342 3236 406 3288 υἱ
448 3233 878 3307 προσερχόμενοι
929 3230 1006 3302 τῷ
1063 3229 1275 3302 Κυρίῳ,
1318 3226 1595 3298 ὀφείλουσι
1646 3225 1745 3290 τὰς

164 3330 326 3399 εὐχὰς
357 3333 416 3382 ἐν
446 3326 648 3400 ἡσυχία
693 3326 788 3381 καὶ
822 3326 1013 3398 εἰρήνῃ
1065 3325 1160 3377 καὶ
1208 3320 1540 3376 καταστάσει
1571 3318 1740 3388 πολλῇ
1800 3398 1804 3402 ν

164 3420 457 3487 ποιεῖσθαι,
491 3423 588 3475 καί⁵
616 3421 738 3490 οὐχὶ
767 3419 1046 3490 ἁπρεπέσι
1089 3417 1358 3486 κραυγαῖς
1411 3413 1506 3467 καὶ
1537 3427 1738 3480 συγκε-

162 3513 446 3580 χυμέναις,
493 3511 629 3565 ἀλλὰ
676 3509 825 3578 πόνῳ
864 3507 1094 3578 καρδίας
1141 3506 1235 3558 καὶ
1295 3505 1574 3574 λογισμοῖς
1646 3503 1743 3575 νή-

161 3621 318 3673 φουσι
351 3603 646 3675 προσέχειν
678 3600 758 3672 τῷ
807 3599 1016 3671 Κυρίῳ.
1067 3597 1178 3652 Καὶ⁵
1210 3595 1399 3668 ὥσπερ
1440 3595 1538 3650 ἐὰν
1583 3595 1742 3658 εἴτις

159 3695 296 3766 ἔχων
342 3695 494 3765 πάθη
547 3693 641 3748 καὶ
688 3689 1151 3764 καυτηριάξήται,
1185 3688 1282 3742 καὶ
1328 3686 1738 3758 χειρουργῆται,

155 3789 329 3854 οὕτως
361 3789 627 3861 ἀνδρείως
657 3790 752 3842 καὶ
787 3788 1213 3857 ύπομονητικως
1246 3785 1403 3855 φέρει
1439 3781 1532 3835 τὸν
1566 3797 1740 3852 προσ-

157 3882 461 3951 φερόμενον
487 3881 668 3946 πόνον,
697 3881 824 3934 ἄνευ
860 3877 1093 3950 θορύϐου
1119 3877 1213 3930 καὶ
1244 3875 1491 3946 ταραχῆς
1514 3874 1740 3947 κρατῶν

153 3974 348 4029 ἑαυτοῦ
369 3991 383 4004 ’
415 3977 524 4028 εἰσὶ
567 3974 625 4027 δὲ
671 3973 818 4028 ἄλλοι
863 3972 956 4025 τὸν
995 3971 1157 4024 αὐτὸν
1183 3969 1344 4023 πόνον
1377 3968 1616 4038 ἔχοντες,
1643 3970 1739 4021 καὶ

152 4068 210 4119 ὲν
257 4067 335 4138 τῷ
377 4064 842 4138 καυτηριὰζεσθαι
894 4064 928 4135 ἢ
977 4061 1423 4136 χειρουργεῖσθαι
1467 4062 1738 4132 κραυγαῖς

147 4160 430 4231 ἀπρεπέσι
491 4161 820 4230 κέχρηνται⁸
880 4157 974 4209 καὶ
1019 4155 1182 4218 αύτός
1247 4154 1368 4210 ἐστι
1422 4151 1586 4215 πόνος
1640 4151 1736 4204 τοῦ

149 4254 382 4324 βοῶντος
417 4250 631 4306 καὶτοῦ
675 4250 748 4320 μὴ
773 4248 1024 4320 βοῶντος,
1063 4245 1154 4298 τοῦ
1197 4243 1608 4314 ταρασσομένου
1644 4242 1738 4295 καὶ

143 4345 239 4399 τοῦ
268 4345 348 4416 μὴ
373 4341 807 4414 ταρασσομένου.
839 4340 961 4393 Είσί
991 4353 1136 4400 τινες
1175 4334 1349 4398 οὕτως
1379 4332 1592 4403 ἔχοντες
1621 4331 1737 4385 θλί-

1864 1141 1944 1193 tio
1989 1143 2178 1197 saeculi
2215 1143 2699 1214 obdormiverunt,
2732 1161 2794 1205 ut
2837 1167 2992 1208 sacra
3043 1155 3330 1227 Scriptura
3375 1167 3459 1215 te-

1863 1241 2063 1286 statur.
2097 1233 2166 1290 Et
2213 1235 2268 1290 in
2313 1236 2452 1292 duas
2501 1249 2686 1309 partes
2733 1251 2940 1299 statuet
2987 1258 3307 1305 omneszet
3355 1253 3452 1320 qui

1864 1326 2145 1393 peculiare
2193 1327 2434 1400 signum,
2467 1330 2523 1386 id
2570 1342 2674 1397 est,
2710 1335 2927 1406 signum
2961 1337 3200 1408 Spiritus
3242 1343 3454 1400 habue-

1865 1417 1997 1481 rint,
2033 1419 2138 1474 hos
2163 1421 2317 1476 velut
2363 1436 2495 1476 suos
2535 1427 2909 1495 compellabit,
2944 1439 3002 1484 et
3032 1446 3064 1486 a
3105 1432 3312 1488 dextris
3341 1443 3453 1490 sta-

1863 1516 1999 1564 tuet.
2025 1509 2157 1564 Mere
2177 1513 2336 1577 enim,
2362 1513 2564 1584 inquit,
2588 1532 2705 1571 oves
2733 1535 2904 1573 meam
2934 1537 3106 1576 vocem
3128 1525 3354 1580 audiunt
3381 1529 3448 1593 60;

1859 1609 1958 1654 et:
1987 1600 2098 1672 Ego
2134 1619 2386 1674 cognosco
2425 1622 2594 1672 meas,
2633 1617 2682 1661 et
2721 1627 3004 1681 cognoscor
3050 1631 3082 1668 a
3132 1619 3261 1671 meis
3283 1619 3349 1672 “.
3383 1621 3452 1674 Et

1863 1699 1980 1745 tum
2009 1708 2205 1750 eorum
2235 1709 2468 1766 corpora
2504 1699 2678 1769 gloria
2717 1700 2904 1758 divina
2951 1705 3450 1765 circumdabuntur

1857 1798 1926 1838 ex
1959 1783 2124 1840 bo‘nis
2161 1788 2446 1857 operibus,
2489 1798 2546 1845 et
2596 1791 2677 1846 illi
2713 1792 2816 1862 ipsi
2866 1795 3038 1865 gloria
3078 1796 3322 1867 Spiritus
3357 1816 3449 1854 re-
3530 1817 3546 1831 ·

1855 1872 2183 1941 plebuntur,
2217 1891 2382 1946 quam
2429 1877 2486 1932 in
2515 1878 2627 1934 vita
2675 1879 2780 1936 hac
2815 1881 2871 1937 in
2922 1885 3103 1939 anima
3147 1886 3444 1945 habebant.

1855 1964 1924 2018 Et
1955 1964 2030 2020 ita
2060 1966 2270 2022 lumine
2300 1967 2492 2025 divino
2532 1970 2812 2040 illustrati,
2838 1981 2896 2030 et
2943 1977 2996 2029 in
3036 1977 3236 2032 coelum
3290 1980 3446 2034 abre—

1853 2057 1932 2126 pti
1959 2059 2014 2111 in
2054 2074 2327 2115 occursum
2369 2063 2605 2130 Domini,
2647 2065 2704 2118 in
2751 2083 2901 2132 aera,
2934 2076 2996 2122 ut
3035 2069 3302 2139 scriptum
3335 2081 3444 2137 est,

1854 2149 1909 2201 in
1950 2157 2207 2205 (eternum
2253 2168 2370 2207 cum
2421 2152 2648 2209 Domino
2712 2157 2908 2212 erimus
2942 2159 3011 2222 '°,
3049 2174 3160 2214 una
3195 2177 3320 2216 cum
3374 2179 3443 2220 eo

1854 2247 2146 2310 regnantes
2166 2241 2219 2296 in
2251 2242 2467 2300 infinita
2495 2245 2822 2302 saeculorum
2855 2247 3072 2304 saecula.
3103 2248 3299 2306 Amen.

2435 2553 2720 2610 HOMILIA
2762 2558 2852 2614 Vl.

1851 2663 1953 2728 Qui
1983 2664 2091 2742 Deo
2120 2665 2325 2736 placere
2355 2668 2590 2742 cupiunt,
2626 2685 2801 2737 preces
2827 2687 2951 2725 suas
2992 2673 3049 2725 in
3085 2690 3234 2742 pace,
3280 2683 3434 2730 tran-

1920 2735 2202 2811 quillitate,
2229 2735 2636 2811 mansuetudine
2657 2757 2718 2811 ac
2737 2743 3004 2811 sapientia
3033 2735 3206 2810 facere
3223 2735 3434 2806 debent.

1921 2821 1986 2885 ne
2022 2804 2339 2885 clamoribus
2386 2809 2486 2885 usi,
2535 2804 3146 2885 amnibys'scandaium
3195 2804 3434 2885 pariant.

1886 2875 2169 2951 .Continet
2223 2893 2346 2930 vero
2405 2879 2624 2933 hemitia
2678 2879 2810 2934 d’uas
2860 2875 3208 2951 quastiones,
3257 2893 3436 2939 utrum

1921 2948 2098 3017 throni
2143 2954 2194 3017 et
2233 2963 2442 3002 coronw
2485 2957 2745 3003 creatura:
2782 2948 2919 3017 sint,
2960 2959 3010 3006 et
3054 2954 3119 3007 de
3161 2955 3436 3012 duodecim

1921 3016 2123 3069 thronis
2152 3015 2343 3070 Israel.

1917 3219 1959 3273 I.
1988 3218 2092 3286 Qui
2118 3221 2388 3278 accedunt
2409 3221 2477 3277 ad
2509 3221 2825 3285 Dominum,
2847 3221 3054 3278 debent
3081 3237 3276 3294 preces
3302 3239 3433 3281 suas

1848 3307 1903 3363 in
1949 3310 2156 3380 quiete,
2205 3327 2338 3382 pace
2383 3321 2439 3367 et
2495 3311 2892 3381 tranquillitate
2941 3312 3114 3367 multa
3164 3312 3428 3380 fundere,

1844 3417 1955 3455 non
1986 3401 2191 3472 ineptis
2218 3413 2313 3458 aut
2342 3401 2588 3458 confusis
2617 3402 2953 3458 clamoribus
2989 3403 3092 3465 uti,
3121 3403 3215 3458 sed
3245 3404 3427 3460 inten-

1847 3493 1994 3547 tione
2027 3491 2212 3548 cordis
2241 3501 2297 3548 et
2325 3493 2751 3565 cogitationibus
2780 3494 2983 3549 sobriis
3011 3495 3296 3550 attendere
3319 3496 3430 3552 Do-

1842 3585 2013 3640 mino.
2043 3585 2248 3650 Veluti,
2293 3573 2423 3640 dum
2454 3587 2581 3656 quis
2622 3589 2819 3641 morbo
2859 3586 2966 3656 27
3015 3601 3334 3656 oppressus,
3376 3588 3427 3644 si
3491 3593 3493 3595 ’

1841 3678 2091 3733 cauterio
2144 3677 2400 3733 inuratur
2446 3685 2502 3732 et
2552 3678 2863 3750 chirurgica
2920 3694 3085 3733 manu
3135 3687 3426 3745 tractetur,

1842 3785 2007 3840 quam
2043 3768 2262 3826 fortiter
2289 3779 2347 3824 et
2379 3769 2653 3840 patienter
2687 3770 2933 3826 dolorem
2965 3769 3179 3825 illatum
3209 3773 3426 3841 tolerat,

1841 3861 2050 3930 absque
2103 3861 2342 3916 tumultu
2388 3868 2445 3914 et
2489 3861 2905 3931 perturbatione
2955 3863 3198 3932 seipsnm
3246 3864 3429 3920 conti-

1841 3968 2002 4008 nens.
2029 3953 2143 4008 Nec
2176 3953 2377 4008 desunt
2423 3953 2548 4018 alii,
2593 3953 2687 4024 qui
2732 3953 2929 4009 eodem
2980 3953 3170 4010 dolore
3219 3956 3426 4022 aﬂ‘ecti,

1841 4045 1974 4100 dum
2006 4046 2254 4100 cauteria
2293 4045 2653 4112 adhibentur,
2680 4054 2775 4101 aut
2806 4061 2834 4099 a
2866 4045 3142 4116 chirurgis
3175 4047 3279 4116 ipsi
3317 4057 3428 4102 tra-

1840 4145 2085 4200 ctantur,
2119 4136 2507 4192 indecentibus
2541 4137 2876 4192 clamoribus
2922 4145 3154 4191 utuntur
3199 4157 3212 4192 :
3247 4147 3303 4192 et
3328 4154 3429 4208 par

1841 4237 2024 4284 tamen
2058 4237 2144 4282 est
2168 4227 2327 4283 dolor
2355 4228 2645 4283 clamantis
2667 4237 2725 4283 et
2752 4243 2863 4281 non
2885 4226 3196 4292 clamantis,
3224 4229 3430 4282 tumul-

1843 4317 2051 4375 tuantis
2073 4326 2128 4373 et
2158 4333 2268 4372 non
2298 4317 2706 4372 tumultuantis.
2738 4317 2877 4372 Sunt
2899 4317 3122 4387 quidam
3147 4317 3265 4388 qui,
3294 4318 3428 4372 dum

141 4439 235 4508 ψιν
258 4441 358 4492 καὶ
390 4438 576 4502 πόνον,
602 4435 700 4489 καὶ
721 4431 1144 4493 εύκαταστόιτως
1175 4428 1468 4498 φερόμενοι
1489 4424 1618 4478 ἄνευ
1645 4441 1739 4478 τα-

1858 4409 2098 4466 :umdem
2123 4407 2368 4463 dolorem
2394 4416 2451 4464 et
2471 4408 2781 4463 molestiam
2805 4407 3098 4472 sustinent,
3131 4407 3429 4478 tranquillo

144 4530 346 4603 ραχῆς,
373 4527 704 4602 κρατοῦντες
734 4525 940 4579 ἑαυτῶν
959 4523 1050 4577 τὸν
1072 4520 1197 4577 νοῦν
1219 4523 1275 4573 ὲν
1293 4521 1404 4583 τοῖς
1432 4517 1732 4587 λογισμοῖς.

143 4623 266 4674 Εἰσὶ
281 4623 340 4676 δὲ
354 4622 510 4676 ἄλλοι
518 4621 618 4692 τήν
636 4617 802 4689 αὐτὴν
815 4616 993 4686 θλίψιν
1016 4613 1254 4686 ἔχοντες,
1279 4611 1373 4664 καὶ
1389 4611 1487 4664 ἀνυ
1495 4609 1735 4680 πομονή-

141 4732 250 4778 τως
276 4715 600 4785 φερόμενοι,
623 4711 762 4782 μετὰ
779 4707 1013 4781 θορύϐου
1044 4707 1138 4759 καὶ
1164 4705 1409 4775 ταραχῆς
1435 4701 1531 4765 τὰς
1561 4716 1737 4772 προσ-

140 4809 310 4878 ευχὰς
359 4803 646 4866 ποιοῦντες
689 4805 768 4865 εἰς
797 4802 858 4854 τὸ
907 4801 1005 4853 καὶ
1062 4798 1187 4861 τοὺς
1221 4796 1518 4858 ἀκούοντας
1574 4811 1738 4847 σκαν-

137 4899 484 4964 ὁπλίζεσθαι.
517 4895 640 4950 Εἰσὶ
663 4894 718 4948 δὲ
745 4891 894 4947 ἄλλοι
932 4891 1007 4963 μὴ
1061 4890 1278 4961 ἔχοντες
1331 4889 1512 4952 πόνον,
1548 4889 1627 4951 είς
1679 4885 1737 4938 δὲ

139 4991 435 5055 ἐπίδειξιν,
488 4988 522 5059 ή
576 4983 844 5040 ἱδιωτείαν
893 4981 1223 5054 φερόμενοι,
1273 4980 1542 5050 κραυγαῖς
1605 4976 1741 5030 ἀτά-

140 5101 294 5148 κτοις
318 5085 656 5153 κέχρηνται,
675 5079 751 5141 ὡς
776 5076 868 5130 διὰ
897 5077 1104 5128 τούτων
1127 5075 1414 5143 δυνάμενοι
1443 5070 1743 5144 εὐαρεστῆ-

139 5197 230 5233 σαι
271 5177 357 5248 τῷ
413 5175 553 5246 Θεῷ.

207 5367 286 5421 B'.
328 5365 413 5419 Οὐ
472 5365 578 5436 χρὴ
612 5365 670 5419 δὲ
720 5365 812 5418 τὸν
864 5362 960 5416 τοῦ
1013 5357 1149 5414 Θεοῦ
1205 5356 1390 5411 δοῦλον
1427 5351 1734 5422 ὲντοιαύτῃ

135 5457 536 5528 ἀκαταστασία
590 5453 753 5521 εἶναι,
811 5454 928 5510 ἀλλ’
989 5455 1046 5505 ὲν
1100 5451 1250 5523 πάσῃ
1288 5447 1590 5520 ήμερότητι
1642 5444 1736 5497 καὶ

136 5550 329 5621 σοφίᾳ,
366 5547 558 5611 καθὼς
616 5546 766 5602 εἶπεν
817 5549 846 5600 ὁ
885 5545 1172 5616 προφήτης
1200 5558 1214 5573 ⁸
1259 5539 1383 5593 Ἐπὶ
1422 5539 1556 5592 τινα
1613 5537 1739 5590 ἑπι-

1843 4504 2029 4558 animo
2058 4501 2264 4568 ferunt,
2295 4511 2352 4557 et
2393 4501 2600 4572 absque
2634 4501 3051 4571 perturbatione
3085 4516 3197 4556 sua:
3227 4501 3429 4555 mentis

1844 4593 2206 4663 cogitationes
2227 4589 2523 4647 sustinent.
2548 4589 2691 4646 Sunt
2714 4598 2770 4646 et
2795 4591 2888 4644 alii
2911 4591 3101 4646 eadem
3133 4589 3428 4669 amictione

1842 4685 2114 4755 oppressi,
2144 4683 2240 4754 qui
2288 4671 2604 4753 impatienti.
2641 4681 2830 4738 animo
2872 4682 3003 4737 dum
3041 4681 3186 4736 illam
3220 4681 3425 4744 ferunt,

1843 4792 1970 4833 cum
2004 4776 2243 4831 tumultu
2285 4784 2342 4830 et
2382 4774 2802 4845 perturbatione
2849 4787 3042 4844 preces
3075 4772 3334 4834 fundunt,
3366 4778 3428 4826 ut

1843 4868 1937 4938 qui
1973 4867 2226 4932 audiunt,
2275 4865 2595 4922 scandalum
2644 4864 2773 4920 inde
2811 4863 3162 4920 contrahant.
3190 4861 3334 4916 Sunt
3370 4868 3428 4914 et

1841 4963 1966 5027 alii,
2015 4961 2109 5031 qui
2163 4959 2415 5029 quamvis
2462 4959 2676 5012 nullum
2724 4957 2973 5012 dolorem
3027 4955 3304 5015 sentiant.
3356 4951 3424 5008 ad

1841 5051 2266 5110 ostentationem
2297 5057 2503 5114 tamen,
2552 5057 2646 5102 aut
2685 5064 2752 5104 ex
2798 5047 3065 5118 peculiari
3111 5061 3287 5110 more,
3321 5045 3424 5098 im-

1844 5145 2090 5216 portuisn
2117 5141 2456 5198 clamoribus
2492 5148 2747 5204 utuntur,
2786 5155 2849 5193 ac
2878 5138 2922 5192 si
2951 5138 3038 5192 his
3067 5137 3280 5207 possint
3307 5136 3425 5205 pla-

1843 5254 1970 5293 cere
2004 5238 2137 5291 Deo.

1916 5351 1981 5405 ll.
2015 5350 2130 5404 Non
2161 5357 2346 5403 autem
2389 5347 2547 5402 decet
2575 5361 2799 5401 servum
2831 5344 2928 5400 Dei
2960 5344 3015 5398 in
3058 5344 3164 5398 hoc
3199 5349 3306 5396 tam
3337 5340 3425 5394 in-

1845 5443 2150 5514 composito
2201 5448 2345 5497 statu
2377 5440 2586 5504 vivere,
2629 5438 2722 5494 sed
2765 5439 2822 5492 in
2855 5436 3001 5492 omni
3035 5433 3428 5506 tranquillitate

1846 5553 1909 5592 ac
1947 5534 2236 5606 sapientia,
2271 5541 2334 5588 ut
2367 5533 2547 5604 inquit
2588 5531 2858 5602 propheta
2893 5528 3016 5584 :Ad
3063 5543 3216 5598 quem
3259 5524 3428 5597 respi-

205 5781 254 5813 "'
285 5779 467 5835 Joan.
501 5793 556 5847 ι,
584 5778 676 5833 27.
751 5777 794 5811 ⁸·
832 5773 967 5830 ibid.
1011 5772 1098 5828 M.
1172 5772 1218 5811 το
1261 5768 1503 5824 lThcss.
1535 5782 1607 5833 tv,
1648 5764 1734 5831 lli,
1770 5764 1856 5817 i7.
