3948 6526
510 282 612 344 519

1747 276 1806 335 S.
1847 272 2164 335 MACARII
2206 268 2526 330 IEGYPTII
3635 267 3714 332 59.0

503 394 661 456 ciam,
696 389 794 443 nisi
829 387 899 442 ad
929 395 1287 450 mansuetum,
1318 393 1368 437 et
1404 386 1657 454 quietum,
1689 392 1740 437 et
1781 391 2083 437 trementem
2114 431 2119 443 η

2225 383 2410 449 λέψω,
2446 378 2584 432 ἀλλ’
2623 376 2661 444 ἢ
2694 374 2791 429 ἐπὶ
2836 375 2943 430 τὸν
2976 374 3173 444 πρᾶον
3216 374 3317 429 καί
3356 374 3604 445 ἡσύχιον
3641 386 3719 437 atat

500 496 766 537 sermones
811 494 950 532 meos
993 478 1077 530 7‘?
1107 477 1176 531 Et
1223 475 1563 545 temporibus
1607 475 1807 545 Moysis
1848 482 1905 529 et
1950 472 2082 527 Elia:

508 572 837 644 reperimus,
873 568 1041 639 quod,
1075 582 1199 623 cum
1238 568 1292 621 in
1324 566 1777 636 apparitionibus.
1811 578 1934 633 quae
1974 563 2083 618 illis

508 666 849 734 obtigerunt,
881 661 1051 721 multa
1086 657 1390 712 ministeria
1434 656 1688 710 tubarum
1729 663 1785 709 et
1816 655 2084 709 virtutum

511 753 921 826 pneccssissent
951 749 1164 805 Domini
1198 749 1556 819 majestatem,
1590 748 1643 802 in
1689 748 1797 802 illis
1830 747 2087 801 omnibus

511 845 729 915 agnitus
779 842 945 896 fuerit
991 850 1047 895 et
1092 839 1408 910 apparuerit
1455 838 1723 893 adventus
1770 837 1987 893 Domini
2033 837 2090 891 in

514 949 669 1004 pace,
697 942 753 986 et
785 930 1202 1001 tranquillitate.
1224 937 1281 983 et
1305 928 1510 997 quiete.
1539 928 1674 982 Ecce
1699 930 1860 993 enim,
1890 928 2090 997 inquit,

515 1042 613 1080 vox
639 1041 784 1079 ουτω
822 1024 1011 1085 tenuis,
1050 1030 1100 1073 et
1132 1022 1187 1074 in
1232 1037 1294 1074 ea
1326 1020 1581 1074 Dominus
1610 1022 1679 1073 τ’.
1710 1020 1908 1089 Liquet
1936 1036 2089 1092 ergo,

516 1115 661 1185 quod
698 1114 915 1183 requies
955 1112 1171 1167 Domini
1215 1112 1318 1166 sita
1351 1110 1422 1165 sit
1450 1111 1504 1165 in
1532 1126 1664 1181 pace
1692 1118 1748 1165 et
1776 1112 2092 1182 tranquilli-

517 1215 651 1262 tate.
700 1205 1142 1261 Fundamentum
1190 1203 1362 1268 enim,
1393 1202 1540 1273 quod
1582 1202 1777 1272 jecerit
1826 1202 2011 1267 homo,
2041 1210 2097 1256 et

516 1300 734 1355 initium
759 1298 905 1368 quod
930 1297 1158 1367 ceperit,
1192 1297 1246 1350 in
1273 1312 1340 1351 eo
1367 1312 1540 1366 usque
1567 1295 1634 1349 ad
1667 1295 1829 1349 ﬁnem
1875 1310 2094 1364 perina-

516 1402 629 1447 net.
676 1390 733 1445 Si
779 1391 887 1445 alta
932 1390 1099 1443 nimis
1124 1397 1178 1442 et
1210 1388 1441 1458 querula
1468 1401 1602 1441 voce
1630 1400 1825 1455 preces
1868 1386 2098 1440 fundere

518 1481 768 1551 cteperit,
817 1479 884 1533 ad
923 1477 1086 1534 linem
1133 1493 1305 1546 usque
1343 1476 1591 1531 eamdem
1638 1475 2099 1530 consuetudinem

519 1572 753 1627 obtinet.
791 1568 927 1635 Quia
962 1577 1146 1622 autem
1197 1566 1464 1622 Dominus
1511 1565 1856 1621 humanitate
1904 1567 2102 1637 plenus

2186 472 2475 543 τρέμοντά
2502 489 2621 540 μου
2648 470 2791 536 τοὺς
2820 472 3046 539 λόγους
3072 486 3091 535 ;
3124 468 3236 523 Καὶ
3272 470 3365 522 ἐπὶ
3388 470 3479 522 τοῦ
3516 471 3721 539 Μωσέως

2188 564 2283 618 καὶ
2334 562 2428 616 τοῦ
2470 561 2621 616 Ἦλία
2680 560 3025 631 εὑρίσκομεν,
3083 560 3164 613 ὅτι
3214 560 3271 612 ἐν
3329 562 3397 631 τῇ
3467 564 3726 637 γιγνομένῃ

2192 656 2374 719 αὐτοῖς
2413 652 2709 723 ἐπιφανείᾳ
2736 651 2939 721 πολλῆς
2963 650 3236 715 διακονίας
3270 652 3590 722 γιγνομένης
3619 655 3723 706 σαὶ.

2190 750 2406 816 πίγγων
2437 746 2534 800 καὶ
2586 744 2870 814 δυνάμεων
2925 742 3235 815 ἔμπροσθεν
3282 744 3383 813 τῆς
3432 746 3729 816 Δεσποτικῆς

2193 840 2371 904 ἀξίας,
2406 841 2463 892 ἐν
2523 836 2752 898 ἐκείνοις
2801 836 2936 890 πᾶσι
2980 833 3222 907 διεκρίθη
3263 837 3356 888 καὶ
3390 836 3732 909 ἐφανερώθηή

2193 930 2287 984 τοῦ
2321 929 2528 1001 Κυρίου
2563 927 2859 999 παρουσία,
2889 929 2948 980 ἐν
2987 928 3200 997 εἰρήνῃ,
3259 926 3354 980 καὶ
3408 927 3619 996 ἡσυχίᾳ,
3659 930 3735 981 καὶ

2195 1022 2519 1078 ἀναπαύσει.
2561 1020 2708 1075 Ἰδοὺ
2738 1021 2868 1089 γὰρ,
2904 1019 3059 1089 φησὶ,
3094 1019 3267 1089 φωνὴ
3299 1019 3487 1087 αὔρας
3516 1020 3736 1087 λεπτῆς,

2198 1117 2295 1171 καὶ
2331 1116 2402 1169 ὲν
2432 1113 2587 1182 αὐτῇ
2620 1116 2652 1168 ὀ
2689 1113 2923 1181 Κύριος,
2957 1112 3239 1165 Δείκνυται
3267 1111 3467 1176 τοίνυν,
3503 1110 3581 1163 ὃτι
3615 1112 3739 1181 ήτοῦ

2200 1211 2404 1278 Κυρίου
2436 1209 2741 1272 ἀνάπαυσις
2789 1208 2847 1259 ἐν
2899 1207 3098 1279 είρήνῃ
3145 1206 3241 1257 καὶ
3270 1204 3597 1258 καταστάσει
3625 1204 3740 1256 ἐστί·

2200 1298 2449 1367 θεμέλιον
2481 1296 2587 1367 γὰρ
2644 1296 2703 1349 δν
2762 1293 2977 1366 τίθησιν
3032 1293 3340 1363 ἅνθρωπος,
3382 1292 3474 1346 καὶ
3502 1292 3665 1362 ἀρχὴν
3692 1293 3744 1362 ἦν

2201 1389 2448 1459 ἄρχεται,
2478 1390 2536 1441 ἐν
2567 1388 2704 1457 αὐτῇ
2740 1386 2900 1458 μέχρι
2927 1386 3115 1449 τέλους
3141 1384 3385 1455 διαμένει
3406 1399 3422 1415 ’
3451 1384 3544 1438 ἐὰν
3575 1386 3627 1435 ἐν
3652 1402 3747 1453 cpio-

2202 1484 2288 1553 νῇ,
2319 1481 2414 1535 καὶ
2445 1482 2659 1551 ταραχῇ
2697 1478 2929 1550 ἄρξηται
2988 1476 3087 1547 τὴν
3132 1475 3440 1546 προσευχὴν
3481 1474 3751 1538 ποιεῖσθαι,

2208 1571 2367 1642 μέχρι
2406 1570 2593 1633 τέλους
2643 1569 2743 1639 τὴν
2785 1567 2957 1637 αὐτὴν
2992 1564 3272 1619 συνέθειαν
3300 1565 3512 1633 κρατεῖ.
3552 1558 3749 1632 Ἐπειδὴ

518 1674 625 1731 est,
656 1660 944 1731 contingit,
982 1668 1041 1712 ut
1084 1657 1215 1713 huic
1256 1658 1422 1712 etiam
1458 1658 1723 1712 auxilium
1757 1667 1998 1728 praestet.
2035 1658 2102 1713 lli

2225 1664 2262 1716 ῑὲ
2310 1664 2338 1715 ὁ
2385 1660 2588 1733 Κύριος
2646 1657 3025 1729 φιλάνθρωπός
3054 1659 3188 1722 ἐστι,
3224 1655 3531 1726 συμϐαίνει,
3569 1655 3647 1707 ὄτι
3675 1657 3752 1708 καὶ

521 1720 688 1825 igitur
714 1720 934 1823 propter
962 1751 1258 1820 impulsum
1294 1750 1481 1820 gratiae
1510 1749 1579 1804 ad
1612 1720 1775 1805 (laeui
1808 1765 1981 1821 usque
2007 1766 2103 1806 ea-

2225 1754 2380 1826 τούτῳ
2430 1720 2611 1807 δίδωσι
2658 1720 2942 1823 βοήθειαν.
2996 1720 3308 1803 Οῦτοιγοῦν-
3355 1748 3445 1800 διὰ
3504 1748 3603 1816 τὴν
3642 1763 3755 1812 προς

521 1846 646 1900 dem
692 1841 1092 1898 consuetudine
1158 1848 1428 1905 utuntur,
1482 1842 1735 1910 quamvis
1784 1841 2107 1921 videamus,

523 1935 671 2007 quod
706 1935 797 1990 ltic
825 1933 1085 2005 precandi
1114 1931 1313 1987 modus
1344 1931 1643 1987 idiotarum
1689 1932 1781 1997 sit,
1815 1942 2109 2003 propterea

525 2028 672 2099 quod
696 2026 819 2081 aliis
846 2024 1166 2081 scandalum
1188 2022 1427 2094 pariant,
1453 2032 1512 2079 et
1556 2024 1770 2095 seipsos
1798 2024 1944 2079 inter
1982 2040 2111 2095 pre-

530 2118 766 2173 candum
814 2114 1162 2189 perturbent.

598 2231 688 2285 lll.
731 2230 936 2285 Verum
986 2237 1173 2284 autem
1235 2228 1501 2285 orationis
1547 2226 1963 2282 fundamentum
2011 2227 2114 2281 hoc

528 2331 633 2387 est,
666 2319 949 2375 attendere
975 2318 1238 2373 nimirum
1273 2317 1721 2389 cogitationibus,
1753 2325 1810 2371 et
1854 2316 1912 2370 in
1942 2317 2114 2370 multa

530 2412 923 2483 tranquillitate
970 2419 1026 2466 et
1075 2426 1207 2480 pace
1251 2424 1445 2479 preces
1496 2407 1771 2471 fundere,
1822 2416 1882 2461 ut
1924 2405 2113 2461 ceteri

530 2506 678 2559 nulla
721 2504 932 2557 ratione
979 2502 1301 2556 scandalum
1345 2499 1641 2569 accipiant.
1694 2498 1797 2554 Hic
1849 2499 2037 2565 enim,
2068 2498 2115 2553 si

530 2602 857 2649 consecutus
901 2593 1131 2663 gratiam
1176 2593 1269 2646 Dei
1301 2601 1357 2647 et
1389 2589 1803 2662 perfectionem,
1835 2607 2012 2661 usque
2043 2590 2111 2645 ad

534 2686 698 2743 linem
722 2683 1012 2754 tranquille
1040 2692 1291 2754 precatus
1319 2682 1506 2748 fuerit,
1541 2684 1713 2754 magis
1737 2684 1943 2739 multos
1970 2682 2110 2738 aedi-

533 2777 738 2832 ﬁcabit.
768 2776 886 2830 Non
927 2776 1067 2828 enim
1096 2784 1171 2828 est
1220 2775 1539 2844 confusionis
1564 2775 1726 2841 Deus,
1762 2776 1853 2829 sed
1879 2775 2022 2846 pacis
2049 2774 2116 2828 ⁷³.

532 2869 636 2936 Qui
664 2868 811 2923 enim
843 2866 1178 2922 clamoribus
1208 2874 1457 2931 utuntur,
1493 2867 1872 2922 hortatoribus
1907 2866 2120 2923 similes

534 2970 682 3025 sunt,
713 2968 769 3015 et
797 2975 907 3013 non
947 2967 1178 3029 possunt
1210 2958 1414 3028 ubique
1446 2959 1685 3030 precari,
1718 2974 1897 3029 neque
1937 2958 1994 3013 in
2023 2973 2114 3014 ec-

2210 1846 2416 1918 τροπὴν
2450 1846 2547 1915 τῆς
2576 1844 2820 1915 χάριτος,
2871 1841 2975 1905 ἕως
3008 1839 3194 1904 τέλους
3233 1842 3300 1911 τῇ
3357 1839 3493 1910 αὐτῇ
3527 1838 3759 1909 συνηθείᾳ

2211 1938 2637 2008 ἀποκέχρηνται,
2669 1935 2783 1988 ἀλλ’
2806 1933 3025 2004 ὁρῶμεν
3060 1932 3142 1985 ὅτι
3174 1930 3236 1984 τὸ
3273 1932 3434 2002 μέρος
3458 1930 3616 1984 τοῦτο
3646 1931 3761 1983 Histo-

2210 2029 2319 2084 τῶν
2347 2031 2484 2094 ἐστι,
2516 2028 2603 2082 διὰ
2642 2027 2704 2081 τδ
2754 2027 2849 2080 καὶ
2876 2025 3073 2088 ἀλλους
3129 2022 3529 2087 σκανδαλίζειν,
3568 2023 3660 2075 καὶ
3682 2022 3762 2075 αὖ·

2211 2124 2341 2186 τοὺς
2365 2120 2808 2195 τεταραγμένους
2834 2119 3105 2172 ποιεῖσθαι
3134 2117 3232 2189 τὴν
3266 2116 3593 2189 προσευχήν.

2285 2233 2363 2288 Γ’.
2404 2232 2463 2287 Ὀ
2492 2233 2545 2287 δὲ
2587 2231 2839 2302 ἀληθινὸς
2867 2230 3115 2302 θεμέλιος
3146 2229 3244 2296 τῆς
3274 2228 3586 2300 προσευχῆς
3632 2219 3766 2291 οὗτός

2216 2325 2354 2388 ἐστι,
2384 2324 2445 2378 τὸ
2476 2323 2761 2395 προσέχειν
2792 2324 2903 2385 τοῖς
2926 2322 3230 2391 λογισμοῖς,
3261 2322 3355 2375 καὶ
3386 2322 3443 2373 ἐν
3464 2320 3631 2390 πολλῇ
3656 2322 3768 2391 ἠσυ-

2218 2416 2309 2487 χίᾳ
2340 2415 2436 2469 καὶ
2489 2416 2685 2486 είρήνῃ
2715 2415 2991 2469 ποιεῖσθαι
3016 2414 3114 2485 τὴν
3164 2414 3496 2484 προσευχὴν.
3539 2411 3613 2473 ὼς
3652 2414 3769 2481 μήτε

2219 2509 2343 2570 τοὺς
2375 2506 2571 2572 ἔξωθεν
2621 2505 3092 2571 σκανδαλίζεσθαι.
3132 2497 3302 2568 Οὗτος
3335 2505 3443 2575 γάρ
3480 2504 3578 2555 ἐὰν
3610 2502 3771 2555 ἐπιδέ-

2222 2599 2379 2671 ξηται
2399 2600 2495 2671 τὴν
2527 2600 2687 2670 χάριν
2708 2599 2803 2653 τοῦ
2830 2598 2988 2665 Θεοῦ,
3020 2598 3116 2652 καὶ
3147 2597 3431 2650 τελείωσιν
3453 2598 3583 2666 ἀχρι
3609 2594 3774 2657 τέλους

2221 2694 2282 2747 ἐν
2316 2693 2516 2764 ἡσυχίᾳ
2551 2692 2793 2761 ποιήσει,
2824 2690 2988 2743 πλέον
3020 2691 3145 2753 τοὺς
3172 2688 3403 2751 πολλοὺς
3429 2688 3773 2757 οἰκοδομήσει.

2225 2783 2307 2836 οὐ
2342 2780 2453 2851 γάρ
2482 2780 2653 2834 ἐστιν
2694 2779 3149 2843 ἀκαταστασίας
3186 2781 3219 2831 ὀ
3269 2778 3439 2843 Θεὸς,
3467 2776 3608 2829 ἀλλ’
3635 2775 3776 2842 etpri-

2221 2889 2354 2939 νης.
2391 2874 2453 2925 Οί
2488 2873 2595 2945 γὰρ
2638 2873 2758 2934 ταῖς
2798 2872 3067 2942 κραυγαῖς
3092 2869 3446 2940 κεχρημένοι,
3480 2867 3776 2928 κελευσταῖς

2223 2965 2457 3027 ἐοίκασι,
2490 2963 2566 3034 μὴ
2593 2963 2881 3033 δυνάμενοι
2940 2961 3217 3032 πανταχοῦ
3251 2960 3536 3025 εὔξασθαι,
3573 2960 3704 3029 μήτε
3730 2959 3780 3009 ἐν

536 3052 737 3115 clesiis,
767 3064 947 3119 neque
985 3049 1041 3103 in
1079 3048 1244 3113 vicis,
1281 3049 1390 3103 nisi
1432 3049 1573 3105 forte
1596 3050 1651 3104 in
1696 3049 2116 3113 solitudinibus,

2225 3054 2565 3125 ἐκκλησίαις,
2602 3056 2742 3125 μήτε
2773 3055 2830 3107 ἐν
2861 3055 3115 3125 κώμαις,
3176 3054 3225 3105 εί
3264 3052 3340 3124 μὴ
3388 3053 3533 3122 τάχα
3575 3054 3632 3104 ἐν
3667 3053 3779 3119 ἐρη-

538 3159 639 3215 pro
676 3143 858 3197 lubitu
900 3156 1021 3195 suo.
1066 3140 1171 3207 Qui
1215 3149 1397 3195 autem
1446 3142 1742 3211 tranquille
1790 3153 2117 3212 precantur,

540 3248 733 3288 omnes
762 3232 823 3287 in
843 3234 993 3287 omni
1036 3232 1159 3287 loco
1197 3230 1490 3287 nidiﬁcant.
1518 3232 1684 3287 Decet
1726 3232 1871 3287 enim
1902 3247 2123 3286 onmem

544 3326 790 3381 laborem
813 3324 1053 3380 hominis
1075 3324 1327 3379 consumi
1352 3325 1408 3378 in
1433 3323 1882 3395 cogitationibus,
1904 3340 1966 3379 ac
1995 3324 2125 3379 sub-

542 3418 743 3488 jectam
796 3418 1084 3471 materiam
1134 3431 1426 3487 pravarum
1486 3416 1878 3486 cogitationum
1929 3415 2125 3485 praeci-

547 3510 708 3575 dere,
732 3517 789 3562 et
809 3508 1137 3577 compellere
1184 3508 1425 3577 seipsum
1454 3507 1522 3562 ad
1549 3508 1741 3571 Deum,
1789 3522 1893 3562 nec
1916 3507 2127 3563 obtem-

550 3617 745 3673 perare
796 3601 1065 3655 voluntati
1111 3600 1538 3670 cogitationum,
1594 3599 1690 3654 sed
1742 3614 1836 3655 eas
1885 3599 2127 3669 undique

549 3704 799 3749 errantes
827 3693 1107 3763 colligere,
1142 3693 1514 3748 diseernondo
1545 3692 1825 3748 naturales
1856 3708 1887 3747 a
1921 3691 2125 3763 pravis.

550 3788 747 3843 Anima
775 3786 921 3840 enim
962 3801 1085 3855 quae
1126 3794 1350 3856 peccato
1380 3785 1616 3840 obnoxia
1658 3796 1763 3852 est,
1812 3784 2040 3856 perinde
2071 3800 2129 3840 se

551 3878 719 3933 habet
777 3893 841 3931 ac
871 3877 915 3931 si
966 3877 1039 3932 sit
1085 3877 1137 3931 in
1188 3886 1373 3931 monte
1402 3893 1596 3947 magna
1625 3877 1781 3943 silva,
1810 3886 1905 3931 aut
1940 3877 1995 3931 in
2029 3876 2131 3931 ﬂu-

555 3969 702 4022 mine
735 3966 1054 4030 arundines,
1090 3974 1185 4020 aut
1210 3966 1394 4022 densae
1427 3966 1597 4035 spinae
1630 3981 1694 4021 ac
1723 3982 1969 4021 nemora.
2000 3965 2133 4032 Qui~

555 4072 774 4127 cunque
808 4058 974 4128 igitur
1002 4057 1154 4111 illum
1196 4057 1377 4111 locum
1420 4057 1811 4127 transgressuri
1860 4064 2008 4122 sunt,
2038 4071 2136 4110 eos

557 4146 855 4201 extendere
887 4162 1103 4211 manus,
1130 4156 1186 4201 et
1228 4162 1353 4202 cum
1380 4147 1639 4202 violentia
1681 4163 1745 4203 ac
1776 4147 1965 4201 labore
1998 4146 2134 4201 sub-

554 4240 756 4307 jectam
784 4238 1070 4291 materiam
1101 4237 1316 4291 amoliri
1345 4244 1581 4307 oportet.
1616 4238 1690 4291 lta
1721 4252 1939 4307 quoque
1967 4245 2137 4291 mate-

559 4331 639 4383 ria
682 4328 1075 4399 cogitationum
1122 4328 1449 4384 adversarize
1483 4332 1766 4399 potestatis
1810 4331 2005 4384 anima:
2034 4328 2136 4383 ad-

560 4420 750 4474 imeret.
798 4420 988 4488 Magna
1022 4420 1186 4491 igitur
1217 4421 1388 4474 animi
1434 4420 1713 4491 diligentia
1740 4436 1802 4476 ac
1831 4420 2133 4475 attentione
2163 4404 2210 4463 D

560 4528 701 4581 opus
732 4520 835 4575 est,
868 4521 929 4566 ut
960 4512 1088 4581 quis
1118 4521 1369 4568 secernat
1395 4522 1651 4569 externas
1678 4513 2040 4584 cogitationes
2066 4511 2136 4566 ab

562 4602 877 4662 adversaria
911 4611 1182 4673 potestate
1228 4611 1395 4657 ortas.

635 4812 747 4883 28
781 4812 866 4867 IV.
895 4812 991 4867 Est
1010 4812 1156 4867 enim
1190 4812 1315 4881 quis
1338 4826 1435 4866 sua
1461 4811 1631 4866 solius
1651 4811 1852 4867 virtute
1875 4814 2137 4880 conlisus,

563 4905 886 4961 existimans
915 4913 1111 4975 su0pte
1157 4912 1329 4959 marte
1373 4903 1755 4975 circumiectos
1790 4921 1849 4961 se
1888 4906 2143 4962 excidere

566 5012 725 5066 posse
768 5006 1001 5052 montes.
1027 4997 1122 5052 Est
1152 5011 1372 5069 quoque
1404 4996 1566 5060 alius,
1592 4995 1708 5066 qui,
1741 5012 1867 5051 cum
1903 4998 1957 5052 in
1992 5006 2144 5052 tran-

567 5090 839 5159 quillitate
868 5098 924 5143 et
950 5089 1281 5143 discretione
1324 5088 1566 5143 animum
1598 5103 1760 5142 suum
1802 5099 1976 5160 regat,
2018 5091 2145 5145 abs-

566 5196 673 5248 que
722 5180 830 5233 ulla
861 5179 1251 5249 defatigatione
1285 5178 1501 5249 plenius
1534 5193 1675 5247 opus
1714 5194 1873 5232 suum
1909 5179 2144 5248 perlicit,

567 5288 729 5341 quam
772 5272 881 5325 ille.
910 5272 1001 5325 Sic
1040 5272 1092 5323 in
1140 5270 1397 5340 precibus
1443 5285 1664 5339 quoque
1707 5279 1836 5323 sunt
1882 5271 2141 5339 quidam,

568 5363 686 5431 qui,
722 5377 846 5415 cum
882 5361 1215 5415 clamoribus
1248 5360 1449 5429 ineptis
1472 5369 1715 5427 utantur,
1744 5361 1915 5415 veluti
1949 5362 2144 5417 robore

569 5452 813 5547 corporis
848 5452 1061 5517 conlisi,
1106 5451 1250 5505 haud
1282 5459 1487 5504 norunt
1530 5450 1672 5505 furta
1700 5451 2095 5521 cogitationum
2127 5472 2141 5507 :

2230 3148 2403 3218 μίαις,
2444 3148 2587 3202 κατὰ
2607 3148 2667 3202 τὸ
2695 3147 2906 3219 θέλημα
2925 3148 3123 3202 αὐτῶν.
3146 3148 3208 3200 Ol
3230 3147 3274 3200 δ’
3308 3148 3367 3199 ἐν
3397 3146 3603 3216 ἠσυχίᾳ
3632 3159 3782 3214 προσ·

2227 3240 2529 3311 ευχόμενοι,
2598 3239 2808 3304 πάντας
2866 3238 3238 3310 οἰκοδομοῦσιν
3320 3240 3378 3293 ἐν
3408 3239 3572 3291 παντὶ
3631 3237 3781 3304 τόπῳ.

2229 3333 2349 3405 Χρὴ
2373 3334 2484 3404 γάρ
2531 3332 2649 3386 ὅλον
2676 3332 2767 3385 τὸν
2795 3333 2985 3400 ἀγῶνα
3020 3332 3114 3385 τοῦ
3145 3330 3439 3403 ἀνθρώπου
3467 3329 3703 3383 ἐκτελεῖν
3736 3330 3785 3380 ἐν

2229 3426 2341 3484 τοῖς
2373 3423 2676 3493 λογισμοῖς,
2710 3423 2805 3477 καὶ
2837 3422 2935 3494 τὴν
2968 3424 3357 3495 περικειμένην
3388 3420 3525 3491 ὓλην
3564 3420 3671 3472 τῶν
3702 3435 3785 3470 πο-

2232 3512 2413 3583 νηρῶν
2450 3512 2727 3583 λογισμῶν
2766 3512 3108 3567 ἀποκόπτειν
3136 3554 3149 3579 ,
3184 3514 3279 3566 καὶ
3328 3512 3573 3579 ἐπείγειν
3618 3510 3787 3563 ἑαυτὸν

2233 3604 2367 3673 πρὸς
2405 3602 2495 3657 τὸν
2521 3603 2675 3667 Θεὸν,
2711 3604 2806 3657 καὶ
2855 3604 2931 3675 μὴ
2960 3605 3135 3656 ποιεῖν
3162 3603 3231 3657 τὰ
3273 3601 3558 3673 θελήματα
3583 3601 3686 3653 τῶν
3711 3598 3787 3651 λος

2233 3697 2468 3767 γισμῶν,
2489 3696 2623 3751 ἀλλά
2674 3697 3013 3769 πανταχόθεν
3046 3695 3417 3769 ῥεμϐομένους
3448 3694 3649 3756 αὐτοὺς
3682 3708 3791 3744 συν-

2236 3789 2413 3855 άγειν,
2476 3788 2823 3861 διακρίνοντα
2863 3789 2991 3852 τοὺς
3038 3788 3309 3857 φυσικοὺς
3360 3787 3467 3840 ἀπὸ
3495 3786 3610 3839 τῶν
3644 3800 3790 3853 πονη-

2237 3880 2364 3952 ρῶν.
2413 3880 2713 3946 Πελάζεται
2754 3880 2864 3951 γὰρ
2910 3883 2943 3951 ἠ
2996 3880 3143 3951 ψυχὴ
3195 3878 3334 3933 οῦσα
3382 3878 3486 3932 ὑπὸ
3514 3879 3791 3949 ἁμαρτίαν,

2236 3971 2425 4042 ὥσπερ
2468 3972 2562 4027 ἐὰν
2672 3973 2730 4025 ἐν
2755 3972 2873 4043 δρει
2901 3969 3003 4041 ῦλη
3033 3968 3267 4042 μεγάλη,
3299 3970 3332 4041 ἢ
3366 3971 3422 4023 ἐν
3445 3968 3675 4039 ποταμῴ
3704 3986 3791 4020 κα-

2235 4061 2506 4133 λαμῶνες,
2546 4062 2579 4135 ἢ
2612 4062 2749 4134 δάση
2788 4062 2911 4117 τινὰ
2954 4062 3227 4125 ἀκανθῶν,
3263 4062 3359 4114 καὶ
3400 4061 3565 4115 ὑλῶν.
3620 4061 3680 4113 Οί
3715 4054 3793 4112 οὖν

2242 4152 2553 4225 βουλόμενοι
2593 4154 2662 4209 δι’
2702 4154 2916 4209 ἐκείνου
2958 4153 3054 4207 τοῦ
3094 4154 3261 4207 τόπου
3310 4153 3627 4224 παρελθεῖν,
3661 4153 3793 4221 ὀφεί-

2235 4245 2416 4298 λουσιν
2452 4245 2711 4301 ἐκτείνειν
2759 4248 2859 4310 τὰς
2898 4248 3109 4319 χεῖρας,
3138 4247 3236 4300 καὶ
3270 4247 3411 4315 μετὰ
3443 4245 3569 4315 βίας
3593 4248 3684 4299 καὶ
3710 4262 3794 4297 κα-

2242 4338 2413 4408 μάτου
2461 4338 2797 4393 ἀπωθεῖσθαι
2844 4340 2943 4411 τὴν
3002 4339 3392 4411 περικειμένην
3452 4337 3611 4409 ὓλην.
3660 4336 3797 4389 υῦτω

2239 4431 2333 4483 καὶ
2385 4431 2418 4501 ἡ
2474 4429 2583 4484 τῶν
2603 4431 2878 4502 λογισμῶν
2926 4433 3025 4503 τῆς
3079 4431 3329 4495 ἐναντίας
3366 4429 3653 4502 δυνάμεως
3710 4427 3795 4498 ὕλη

2239 4521 2547 4593 περίκειται
2575 4525 2642 4594 τῇ
2681 4522 2849 4595 ψυχῇ.
2895 4524 3102 4594 Πολλῆς
3131 4520 3223 4578 οῦν
3246 4522 3485 4593 σπουδῆς
3514 4524 3614 4575 καὶ
3652 4537 3799 4591 προσο

2239 4612 2370 4683 οχῆς
2404 4614 2523 4678 νοὸς
2564 4614 2742 4684 χρεία,
2784 4614 2870 4668 ῐνα
2916 4631 3001 4678 τις
3032 4615 3291 4687 διακρίνῃ
3322 4614 3451 4677 τοὺς
3502 4612 3800 4683 ἀλλοτρίους

2238 4703 2531 4775 λογισμοὺς
2556 4705 2656 4776 τῆς
2682 4706 2925 4769 ἐναντίας
2950 4705 3249 4776 δυνάμεως.

2310 4815 2549 4872 Δ’.Ἔστι
2572 4817 2681 4890 γάρ
2696 4836 2779 4878 τις
2793 4817 3013 4890 θαρρῶν
3025 4821 3091 4889 τῇ
3109 4818 3302 4872 ἐαυτοῦ
3316 4812 3803 4888 δυνάμει,νομίζων

2241 4906 2333 4975 ἀφ’
2373 4908 2570 4962 ἐαυτοῦ
2612 4909 2902 4963 ἐκκόπτειν
2926 4909 2994 4963 τά
3018 4910 3379 4980 περικείμενα
3410 4910 3535 4980 δρη.
3576 4911 3729 4962 Ἐστι
3758 4905 3803 4957 δὲ

2243 4999 2399 5063 ἄλλος
2430 4999 2535 5056 ἀπὸ
2582 5000 2971 5065 καταστάσεως
3018 5004 3112 5055 καὶ
3137 5001 3463 5071 διακρίσεως
3492 4999 3710 5053 διοικῶν
3739 4994 3805 5063 τῷ

2244 5090 2324 5143 νοτ
2357 5090 2542 5157 αὑτοῦ,
2582 5093 2677 5145 καὶ
2722 5092 3023 5161 ἀκαμάτως
3082 5091 3243 5145 πλέον
3292 5091 3501 5144 ἐκείνου
3557 5090 3619 5144 τὸ
3662 5090 3803 5159 ἔργον

2245 5182 2411 5235 αὑτοῦ
2460 5182 2713 5237 διανύων.
2753 5182 2911 5237 Οὕτω
2943 5184 3039 5237 καὶ
3076 5186 3134 5236 ἐν
3176 5185 3295 5247 ταῖς
3325 5185 3662 5253 προσευχαῖς
3713 5179 3804 5232 είσί

2250 5292 2390 5338 τινες
2450 5278 2718 5344 κραυγαῖς
2768 5275 3095 5345 κεχρημένοι
3158 5274 3483 5344 ἀπρεπέσιν,
3517 5274 3596 5336 ὡς
3644 5272 3706 5338 δὴ
3749 5273 3804 5338 τῇ

2251 5370 2538 5437 σωματικῇ
2580 5367 2725 5437 ἰσχύϊ
2762 5366 3110 5431 πεποιθότες,
3138 5367 3211 5437 μὴ
3251 5364 3454 5427 εἰδότες
3484 5365 3583 5427 τὰς
3620 5361 3806 5421 κλοπὰς

2249 5458 2357 5509 τῶν
2388 5458 2685 5530 λογισμῶν,
2733 5458 2867 5513 ἀλλὰ
2904 5458 3213 5529 νομίζοντες
3257 5459 3323 5513 τῆ
3360 5456 3470 5526 ίδίᾳ
3509 5456 3732 5525 δυνάμει
3757 5451 3807 5517 τὸ

641 5700 682 5729 ἰ
714 5701 811 5753 lsa.
848 5716 985 5759 tim,
1023 5700 1074 5753 ἓ.
1152 5701 1245 5752 "l
1292 5700 1419 5767 Reg.
1456 5716 1559 5755 xix.
1599 5699 1678 5752 l9.
1758 5699 1843 5751 ⁷³1
1876 5700 2136 5763 Ctir.x1\',
2174 5702 2253 5755 i3.
