3948 6540
194 348 280 417 591
1394 358 1766 421 HOMILIIE.
1797 386 1868 399 --
1900 364 2084 427 HOM.
2120 367 2218 427 VI.
3306 386 3412 452 δέῃ

3306 414 3337 449 ἰ)

193 460 375 513 τέλειον
407 456 743 531 κατόρθωμα
785 460 1077 517 ποιεῖσθαι.
1106 462 1229 517 Elui.
1260 464 1318 518 δὲ
1345 465 1517 532 ἄλλοι,
1554 469 1604 520 oi
1633 469 1743 529 τοῖς

1855 472 1946 526 sed
1988 475 2301 530 existimant
2350 492 2409 533 se
2438 481 2658 550 propria
2706 482 2907 539 virtute
2947 486 3257 546 absolutum
3284 510 3422 564 opus

194 551 453 620 λογισμοῖς
484 551 863 622 προσέχοντες,
903 554 998 607 καὶ
1048 554 1169 608 ὅλον
1198 555 1292 609 τὸν
1330 556 1520 624 ἀγῶνα
1561 557 1747 611 ποιού-

196 657 329 712 μενοι
378 639 602 697 ἔσωθεν.
655 636 813 697 Οὗτοι
856 644 945 699 διὰ
983 647 1081 717 τῆς
1125 646 1392 710 συνέσεως
1431 647 1609 701 αὐτῶν
1654 649 1749 701 καὶ

191 731 497 801 διακρίσεως
545 734 802 789 δύνανται
828 736 1197 807 κατορθῶσαι,
1227 740 1319 793 καὶ
1353 739 1748 793 άποσείσασθαι

191 825 299 879 τοὺς
329 825 790 896 ἐπανισταμένους
814 828 1125 898 λογισμοὺς,
1154 830 1248 884 καὶ
1281 832 1417 902 μετὰ
1448 832 1510 886 τὸ
1536 831 1748 904 θέλημα

191 916 274 969 τοῦ
297 916 496 985 Κυρίου
541 918 888 988 πορεύεσθαι.
924 920 1266 992 Εὑρίσκομεν
1296 923 1353 975 δὲ
1382 925 1441 978 ὲν
1462 922 1540 993 τῷ
1586 922 1748 977 Ἀπο-

194 1004 367 1074 στόλῳ,
395 1006 477 1057 ὅτι
506 1005 595 1059 τὸν
612 1008 1000 1080 οἰκοδομοῦντα
1025 1008 1115 1063 τὸν
1140 1009 1296 1063 ἄλλον
1321 1009 1545 1081 μείζονα
1572 1010 1741 1078 λέγει.

190 1095 313 1164 Φησὶ
346 1094 472 1166 γάρ·
520 1095 572 1147 Ὁ
588 1094 797 1150 λαλῶν
818 1099 1145 1166 γλώσσαις,
1174 1098 1394 1152 ἑαυτὸν
1426 1097 1742 1168 οἰκοδομεῖ*

191 1190 221 1241 ό
254 1184 316 1238 δὲ
359 1189 784 1255 προφητεύων,
825 1189 1164 1258 ἐκκλησίαν
1211 1190 1542 1260 οικοδομεῖο
1604 1194 1638 1246 ό
1680 1190 1750 1245 δὲ

190 1281 585 1348 προφητεύων,
613 1280 826 1350 μείζων
854 1282 891 1351 ἣ
915 1286 948 1338 ό
973 1284 1181 1338 λαλῶν
1210 1283 1539 1354 γλώσσαις.
1578 1284 1750 1339 Ἐκα-

190 1386 300 1432 στος
331 1365 423 1423 οὖν
450 1373 834 1439 ὲπιλέξεταιτδ
867 1375 1059 1440 ἄλλους
1093 1377 1467 1449 οίκοδομῆσαι,
1502 1377 1598 1431 καὶ
1618 1394 1751 1432 κατ-

186 1461 418 1527 αξιοῦται
448 1464 547 1535 τῆς
574 1463 850 1535 βασιλείας
879 1466 987 1521 τῶν
1008 1467 1277 1539 οὐρανῶν.

1676 1574 1720 1605 Ο

250 1665 316 1716 E'.
355 1662 694 1733 Ἐρώτησις.
747 1665 979 1734 Ἐπειδή
1018 1684 1176 1733 τινες
1236 1666 1547 1737 λέγουσιν,
1575 1667 1666 1722 ὅτι
1694 1671 1748 1722 οι

184 1757 373 1825 θρόνοι
410 1756 509 1810 καὶ
540 1759 593 1809 οὶ
625 1757 912 1826 στέφανοι
946 1757 1243 1827 κτίσματά
1285 1760 1433 1826 εἱσι,
1463 1759 1563 1813 καὶ
1610 1761 1745 1829 οὐχὶ

179 1849 503 1916 πνεύματα,
526 1846 644 1915 πῶς
681 1849 1003 1919 ὀφείλομεν
1031 1849 1310 1905 ἀκοῦσαι.

257 1961 613 2028 Ἀπόκρισις.
652 1961 712 2014 '0
747 1961 935 2032 θρόνος
959 1964 1058 2033 τῆς
1103 1963 1355 2035 θεότητος
1381 1967 1410 2019 6
1436 1962 1562 2028 νοῦς
1588 1966 1746 2036 ἡμῶν

181 2054 323 2104 ἐστι’
374 2051 472 2104 καὶ
524 2051 685 2105 πάλιν
736 2054 765 2105 6
812 2053 1000 2123 θρόνος
1041 2054 1137 2108 τοῦ
1166 2054 1281 2121 νοῦ,
1320 2055 1574 2126 ήθεότης
1602 2057 1740 2122 ἐστὶ,

180 2141 352 2196 καὶτὸ
388 2143 629 2213 πνεῦμα.
671 2143 901 2215 Ὁμοίως
932 2146 991 2199 δὲ
1038 2146 1132 2201 καὶ
1175 2146 1204 2198 6
1263 2146 1526 2213 Σατανᾶς,
1554 2148 1650 2202 καὶ
1689 2148 1747 2203 αἱ

177 2234 451 2303 δυνάμεις,
488 2236 583 2313 καὶ
613 2236 663 2289 οἱ
682 2235 941 2308 ἄρχοντες
973 2236 1068 2291 τοῦ
1109 2239 1355 2305 σκότους,
1392 2239 1501 2293 ἀπὸ
1521 2240 1619 2310 τῆς
1641 2258 1747 2294 πα-

182 2326 481 2396 ραὸάσεως,
507 2328 606 2396 τῆς
653 2328 872 2398 ἐντολῆς
901 2327 1221 2383 ὲνεκάθισαν
1267 2332 1347 2394 είς
1394 2329 1493 2399 τὴν
1517 2331 1746 2402 καρδίαν

177 2418 268 2472 καὶ
296 2419 378 2482 είς
404 2418 499 2472 τὸν
526 2418 667 2482 νοῦν,
695 2419 788 2471 καὶ
819 2421 898 2483 είς
924 2419 984 2472 τὸ
1019 2419 1175 2491 σῶμα
1203 2421 1297 2473 τοῦ
1340 2421 1530 2492 ’Δδάμ,
1556 2422 1630 2485 ὡς
1667 2424 1746 2488 είς

174 2510 366 2580 θρόνον
426 2510 577 2564 ἴδιον.
616 2510 818 2564 Λοιπὸν
843 2510 935 2564 οὖν
969 2510 1057 2564 διὰ
1083 2511 1242 2565 τοῦτο
1268 2508 1431 2582 ἦλθεν
1464 2514 1492 2565 6
1519 2513 1743 2585 Κύριος,

175 2602 263 2654 καὶ
294 2599 492 2655 ἔλασεν
528 2601 592 2654 ὲκ
636 2601 730 2671 τῆς
762 2600 1035 2672 Παρθένου
1065 2602 1125 2655 τὸ
1148 2602 1325 2673 σῶμα.
1349 2603 1409 2656 Ei
1429 2604 1539 2674 γὰρ
1558 2604 1748 2674 ἡθέληυ

178 2708 234 2744 σε
265 2694 451 2763 γυμνῇ
481 2694 545 2762 τῇ
573 2692 786 2763 θεότητι
822 2691 1121 2757 κατελθεῖν,
1151 2692 1235 2756 τίς
1262 2693 1492 2764 ἠδύνατο
1518 2695 1747 2763 ὑπενεγ-

174 2784 322 2848 κεῖν;
364 2782 530 2836 Ἀλλὰ
548 2782 636 2836 διὰ
663 2782 758 2836 τοῦ
779 2783 1010 2852 ὀργάνου
1032 2784 1126 2837 τοῦ
1154 2784 1405 2853 σώματος
1429 2784 1605 2839 ἐλάλει
1632 2788 1746 2851 τοῖς

175 2868 505 2941 ἀνθρώποις.
548 2857 749 2926 Λοιττὸν
797 2870 891 2926 οὖν
912 2873 981 2926 τὰ
1008 2872 1296 2943 πνεύματα
1329 2875 1429 2944 τῆς
1460 2874 1743 2945 πονηρίας,

170 2959 206 3013 ἃ
233 2962 621 3027 ἑνεκαθέζοντο
659 2966 737 3027 είς
769 2964 831 3017 τὸ
861 2962 1043 3033 σῶμα,
1075 2964 1325 3020 καθεῖλεν
1353 2967 1460 3021 ἀπὸ
1487 2968 1593 3021 τῶν
1620 2968 1745 3039 θρό⁹

170 3070 294 3115 νων,
324 3053 442 3106 τῶν
472 3055 760 3125 νοημάτων
792 3056 883 3108 καὶ
928 3056 1036 3110 τῶν
1060 3056 1358 3128 λογισμῶν,
1382 3054 1464 3123 οἷς
1496 3060 1745 3114 ὲνεπολι-

1848 565 2211 636 perfecturos.
2250 569 2390 627 Sunt
2429 588 2647 644 quoque
2694 575 2825 642 alii,
2861 578 2952 647 qui
3001 580 3423 650 cogitationibus

1850 660 2175 726 attendunt,
2227 671 2285 718 et
2332 666 2585 735 praelium
2635 682 2798 724 omne
2853 670 3001 727 intus
3050 676 3421 733 committunt.

1850 747 2028 819 Hique
2052 759 2279 822 propter
2304 754 2643 812 intellectum
2666 774 2729 815 ac
2776 760 3162 821 discretionem
3192 777 3425 837 possunt

1850 849 2001 895 recte
2030 857 2215 913 agere,
2246 853 2300 899 et
2330 849 2546 903 amoliri
2584 848 2929 922 insurgentes
2958 856 3336 926 cogitationes,
3367 869 3424 915 et

1850 933 2155 987 secundum
2198 937 2536 994 voluntatem
2586 941 2802 997 Domini
2843 945 3146 1002 ambulare.
3198 950 3425 1019 Reperi-

1850 1036 1975 1077 mus
1998 1032 2187 1079 autem
2219 1028 2365 1096 apud
2400 1028 2743 1099 Apostolum,
2773 1036 2918 1104 quod
2941 1051 3093 1101 eum,
3124 1039 3217 1107 qui
3252 1040 3421 1095 alium

1847 1114 2106 1181 adiﬁcat,
2142 1118 2404 1188 majorem
2433 1120 2629 1189 dicat;
2661 1124 2842 1194 inquit
2883 1128 3029 1182 enim
3066 1147 3079 1183 :
3119 1129 3220 1195 Qui
3254 1131 3424 1202 loqui-

1848 1213 1939 1259 tur
1963 1205 2168 1277 lingua,
2216 1208 2446 1276 seipsum
2479 1211 2704 1278 aediﬁcat
2736 1231 2755 1268 :
2779 1222 2835 1267 at
2858 1218 2948 1286 qui
2978 1221 3274 1288 prophetat,
3300 1238 3424 1276 con-

1848 1300 2206 1369 gregationem
2225 1300 2452 1369 aediﬁcat
2475 1319 2493 1357 :
2516 1304 2606 1373 qui
2628 1314 2804 1360 autem
2824 1312 3119 1380 prophetat,
3148 1315 3322 1383 major
3346 1324 3421 1369 est

1846 1408 2010 1462 quam
2057 1393 2148 1463 qui
2195 1393 2665 1469 loquitur‘linguis
2710 1401 2775 1455 ⁷⁸.
2822 1402 3211 1476 Unusquisque
3256 1394 3423 1479 igitu'r

1848 1483 2014 1555 eligat
2058 1486 2244 1555 potius
2285 1488 2423 1544 alios
2450 1490 2748 1559 aediﬁcare,
2778 1502 2835 1549 et
2866 1493 3065 1565 dignus
3103 1501 3420 1555 censebitur

1848 1590 2019 1647 regno
2055 1578 2340 1633 cmlorum.

1920 1690 1983 1745 ν.
2027 1690 2402 1761 Interrogatio.
2452 1694 2717 1761 Quoniam
2763 1699 2981 1768 quidam
3029 1702 3241 1765 dicunt,
3282 1705 3422 1774 quod

1775 1815 1818 1871 Β
1848 1781 2021 1836 throni
2069 1791 2119 1836 et
2162 1800 2369 1838 corona:
2398 1796 2657 1843 creatura:
2676 1790 2803 1856 sint,
2827 1800 2877 1844 et
2901 1808 3003 1847 non
3029 1795 3268 1861 spiritus,
3293 1812 3423 1866 quo-

1849 1872 2001 1927 modo
2028 1875 2137 1929 hate
2167 1875 2531 1947 intelligenda.

1916 1983 2223 2056 Responsio.
2251 1988 2511 2045 Thronus
2542 1990 2851 2049 divinitatis
2881 2004 2965 2049 est
3010 2010 3165 2051 mens
3211 2008 3419 2064 nostra,

1846 2083 1902 2129 et
1934 2090 2002 2131 ex
2028 2076 2282 2142 adverso,
2314 2078 2546 2135 thronus
2582 2092 2785 2137 nostra;
2821 2085 3023 2138 mentis
3046 2093 3131 2139 est
3162 2086 3422 2143 divinitas

1845 2174 1903 2219 et
1935 2166 2184 2235 spiritus.
2208 2167 2475 2223 Similiter
2495 2185 2717 2240 quoque
2748 2171 2997 2239 Satanas,
3019 2182 3074 2228 et
3098 2182 3417 2244 potestates,

1845 2262 1903 2309 et
1929 2256 2206 2327 principes
2229 2260 2583 2314 tenebrarum
2610 2270 2736 2331 post
2757 2265 3244 2335 transgressionem
3269 2282 3421 2321 man-

1846 2348 1980 2414 dati,
2006 2348 2325 2405 insederunt
2364 2366 2462 2407 cor
2508 2362 2564 2409 et
2609 2363 2872 2421 mentem,
2921 2367 2977 2411 et
3025 2372 3227 2427 corpus
3265 2359 3417 2424 Adae,

1846 2446 2103 2509 tanquam
2135 2441 2395 2495 thronum
2438 2447 2745 2514 proprium.
2787 2448 3085 2517 Propterea
3115 2464 3245 2520 ergo
3270 2450 3421 2505 venit

1846 2533 2131 2598 Dominus,
2166 2543 2223 2589 et
2251 2536 2546 2607 assumpsit
2573 2554 2641 2593 ex
2668 2538 2888 2610 Virgine
2927 2555 3148 2611 corpus.
3182 2540 3237 2595 Si
3267 2541 3416 2596 enim

1845 2623 1900 2677 in
1927 2623 2040 2678 sola
2063 2624 2348 2680 divinitate
2370 2627 2703 2683 descendere
2726 2630 3039 2699 placuisset,
3060 2630 3184 2702 quis
3206 2631 3417 2701 potuis-

1847 2722 1929 2768 set
1958 2714 2222 2769 sufferre?
2250 2716 2449 2770 Verum
2495 2732 2593 2786 per
2634 2732 2900 2789 organum
2943 2720 3190 2790 corporis
3222 2721 3417 2790 loque-

1847 2805 2010 2859 batur
2029 2820 2159 2860 cum
2180 2806 2517 2862 hominibus.
2548 2807 2897 2879 Quapropter
2919 2810 3149 2880 spiritus
3171 2810 3415 2876 malitiae,

1845 2895 1942 2965 qui
1972 2895 2297 2951 insedebant
2327 2912 2550 2968 corpus,
2582 2900 2816 2955 extrusit
2862 2917 2893 2956 e
2936 2902 3151 2957 thronis
3198 2902 3418 2957 intelle-

1846 2995 1967 3043 ctus
1991 2995 2048 3043 et
2074 2989 2490 3059 cogitationum,
2524 3006 2662 3061 quos
2694 2992 3111 3058 inhabitabant;
3142 3003 3197 3049 et
3221 3011 3419 3065 expur-

1846 3077 1993 3147 gavit
2020 3078 2415 3134 conscientiam
2455 3081 2743 3147 Dominus,
2784 3089 2842 3137 et
2883 3083 2988 3137 sibi
3031 3083 3289 3139 thronum
3317 3100 3415 3155 pa-

166 3144 409 3198 τεύοντο.
456 3145 568 3198 Καὶ
616 3146 911 3216 ὲκαθάρισε
957 3147 1056 3219 τὴν
1111 3148 1414 3221 συνείδησιν
1462 3150 1740 3222 όΚύριος,

1855 3144 1989 3222 ravit
2019 3176 2282 3234 mentem,
2316 3178 2373 3225 et
2397 3144 2776 3241 cngitationes,
2807 3180 2865 3227 et
2887 3187 3107 3242 corpus.

168 3235 261 3286 καὶ
291 3235 476 3304 ἑαυτῷ
508 3234 696 3307 θρόνον
729 3237 951 3308 ἐποίησε
985 3238 1078 3292 τὸν
1128 3237 1253 3292 νοῦν
1283 3241 1375 3293 καὶ
1428 3242 1553 3305 τοὺς
1599 3242 1743 3311 λογι-

169 3326 359 3396 σμοὺς,
392 3327 491 3380 καὶ
514 3328 573 3379 τὸ
598 3328 778 3399 σῶμα.

232 3445 322 3509 ς’.
368 3441 711 3511 Ἐρώτησις.
751 3443 806 3498 Tl
832 3441 945 3499 οὖν
972 3443 1144 3500 ἐστιν
1170 3445 1202 3499 ὃ
1234 3441 1384 3500 εἷπε·
1423 3465 1442 3497 ι
1476 3450 1743 3514 Καθησε-

1914 3453 2001 3508 VI.
2038 3456 2413 3526 .nterrogatio.
2436 3454 2573 3521 Quid
2599 3458 2763 3527 igitur
2795 3465 2891 3523 est,
2913 3458 3051 3529 quod
3072 3458 3203 3514 dixit
3228 3474 3247 3513 :
3283 3477 3301 3509 ι
3325 3458 3417 3514 Se-

159 3535 270 3588 σθε
302 3533 405 3587 ἐπὶ
447 3533 677 3589 δώδεκα
716 3540 985 3606 θρόνους,
1023 3541 1329 3609 κρίνοντες
1371 3541 1478 3608 τὰς
1516 3540 1743 3599 δώδεκα

1855 3546 2024 3599 iebitis
2059 3563 2215 3616 super
2236 3547 2506 3600 duodecim
2530 3549 2756 3615 thronis,
2798 3549 3100 3619 judicantes
3148 3551 3417 3605 duodecim

161 3625 365 3693 φυλὰς
396 3626 510 3681 τοῦ
555 3628 838 3695 Ἰσραήλ;
870 3648 888 3682 ι

243 3736 615 3806 Ἀπόκρισις.
651 3740 825 3795 Τοῦτο
872 3742 1203 3815 εὑρίσκομεν
1237 3746 1323 3799 ὅτι
1369 3747 1465 3800 ἐπὶ
1510 3746 1611 3818 τῆς
1636 3750 1740 3819 γῆς

160 3830 401 3897 ἐγένετο,
438 3832 527 3885 ὅτε
554 3834 584 3885 6
622 3832 825 3903 Κύριος
852 3835 1126 3907 ἀνελήφθη
1175 3838 1255 3900 είς
1284 3838 1407 3901 τοὺς
1434 3839 1698 3909 οὐρανούς
1722 3858 1738 3872 ο

154 3921 373 3994 ἔπεμψε
400 3924 514 3995 γὰρ
544 3925 606 3978 τὸ
649 3927 874 3995 Πνεῦμα
900 3928 961 3982 τὸ
991 3929 1340 3998 παράκλητον
1376 3933 1458 3995 είς
1484 3932 1610 3995 τοὺς
1635 3932 1739 3984 δὼ-

156 4017 286 4068 δεκα
317 4017 680 4085 ἀποστόλους,
724 4020 818 4073 καὶ
858 4020 954 4091 τὴν
1006 4022 1177 4089 ἁγίαν
1213 4021 1464 4091 δύναμιν,
1498 4025 1623 4095 ἥτις
1653 4025 1741 4078 ὲλ-

152 4106 324 4165 θοῦσα
381 4111 795 4183 κατεσκήνωσε,
828 4112 926 4165 καὶ
977 4114 1292 4168 ὲνεκάθισεν
1324 4117 1405 4180 εἰς
1458 4120 1584 4181 τοὺς
1615 4110 1741 4190 θρόέ

150 4218 274 4265 νους
296 4202 417 4259 τῶν
460 4204 751 4274 νοημάτων
791 4204 994 4259 αὐτῶν.
1038 4207 1192 4259 Ἐπεὶ
1230 4208 1287 4262 δὲ
1312 4210 1363 4262 οἱ
1392 4212 1730 4282 παρεστηκό-

148 4307 239 4353 τες
295 4287 481 4358 εἶπον,
522 4294 605 4349 ὅτι
648 4288 792 4350 οὗτοι
833 4296 1098 4365 γλεύκους
1139 4299 1247 4352 είσὶ
1304 4302 1736 4373 μεμεστωμένοι,

1846 3642 2008 3696 tribus
2043 3642 2216 3697 Israel
2241 3644 2331 3696 7'?
2370 3662 2389 3693 ι

1912 3753 2219 3825 Responsio.
2248 3752 2363 3813 Hoc
2406 3753 2715 3808 invenimus
2750 3753 3037 3824 impletum
3066 3770 3186 3810 esse
3215 3756 3268 3809 in
3298 3765 3410 3811 ter-

1843 3844 1941 3909 ris,
1974 3844 2194 3913 quando
2220 3843 2485 3898 Dominus
2513 3854 2827 3913 assumptus
2856 3854 2940 3899 est
2968 3845 3023 3898 in
3051 3847 3239 3901 cmlos.
3272 3846 3415 3903 Misit

1841 3936 1990 3990 enim
2018 3934 2284 4006 Spiritum
2308 3936 2705 3991 consolatorem
2729 3936 2781 3989 in
2806 3936 3094 3992 duodecim
3119 3939 3413 4008 apostolos,

1841 4035 1895 4080 et
1935 4026 2194 4080 virtutem
2230 4035 2509 4092 sanctam;
2558 4042 2680 4096 quas
2721 4026 3018 4082 adveniens
3048 4028 3279 4082 tentoria
3316 4045 3417 4097 po-

1841 4116 1971 4183 suit,
2010 4126 2067 4173 et
2114 4117 2258 4173 sedit
2308 4118 2365 4171 in
2417 4118 2630 4174 thronis
2674 4118 2941 4173 mentium
2986 4119 3249 4189 ipsorum.
3278 4120 3416 4186 Quia

1841 4217 2045 4273 autem,
2071 4208 2162 4277 qui
2186 4207 2500 4273 astiterunt,
2528 4208 2783 4263 dicebant
2806 4219 2986 4264 musto
3008 4209 3245 4279 repletos
3270 4226 3411 4273 csso,
3484 4229 3487 4232 ‘

1842 4300 1969 4355 inde
1997 4301 2163 4371 coepit
2197 4302 2393 4355 Petrus
2430 4300 2680 4371 judicare
2727 4316 2843 4366 eos,
2888 4301 3078 4357 dicens
3122 4301 3190 4356 de
3232 4303 3361 4357 Jesu
3398 4321 3412 4357 :

146 4382 338 4437 λοιπὸν
370 4385 583 4461 ἤρξατο
628 4386 834 4457 Πέτρος
887 4390 1094 4458 κρίνειν
1146 4392 1364 4456 αὐτοὺς,
1393 4392 1566 4461 λέγων
1607 4396 1740 4464 περὶ

1855 4391 2022 4445 Virum
2062 4398 2322 4461 potentem
2352 4399 2401 4443 et
2427 4390 2594 4443 verbis
2633 4398 2681 4442 et
2715 4391 2986 4461 prodigiis,
3025 4407 3111 4445 vos
3153 4392 3420 4461 cruciﬁxi-

146 4472 241 4525 τοῦ
286 4454 495 4543 Ἰησοῦ,
530 4476 611 4529 ὅτι
641 4454 857 4545 Ἄνδρα
888 4454 1151 4533 δονατὸν
1179 4481 1251 4534 ἐν
1505 4486 1603 4538 καὶ
1624 4454 1735 4553 ση-

1855 4484 1959 4545 stis,
1989 4454 2363 4553 suspendentes
2389 4482 2453 4535 de
2482 4482 2621 4551 ligno
2646 4454 2809 4536 πίει
2833 4454 2979 4537 ecce
3003 4484 3114 4537 illic
3148 4454 3418 4537 mirabilia

139 4567 337 4633 μείοις
370 4568 549 4635 ὑμεῖς
584 4569 1023 4638 ἐσταυρώσατε,
1050 4574 1458 4645 κρεμάσαντες
1501 4577 1600 4631 ἐπὶ
1632 4578 1737 4643 ξύ-

1855 4576 1991 4642 Γοοὶι,
2027 4575 2320 4645 disrumpit
2352 4575 2562 4645 lapides
2594 4585 3076 4631 monumentorum
3105 4586 3161 4630 et
3188 4576 3418 4630 suscitat

143 4658 281 4709 λου.
326 4657 451 4710 Καὶ
484 4658 584 4721 ἴδε,
608 4661 725 4712 ἐκεῖ
753 4664 896 4714 ποιεῖ
921 4660 1220 4733 θαυμάσια,
1264 4666 1585 4738 διαρῤήσσει
1612 4669 1739 4732 τοὺς

1855 4678 2115 4725 mortuos.
2152 4667 2428 4736 Scriptum
2471 4668 2621 4722 enim
2651 4677 2735 4723 est
2763 4686 2777 4723 :
2804 4667 2867 4723 In
2907 4669 3197 4723 novissimis
3238 4668 3413 4721 diebus

142 4743 330 4809 λίθους
362 4747 482 4801 τῶν
510 4751 813 4820 μνημείων,
842 4754 937 4805 καὶ
978 4755 1181 4826 ἐγείρει
1210 4758 1335 4820 τοὺς
1368 4759 1614 4829 νεκρούς.
1641 4762 1738 4813 Γέ-

1855 4761 2107 4832 elfundam
2150 4759 2213 4812 de
2253 4757 2455 4829 Spiritu
2500 4776 2612 4813 meo
2655 4776 2815 4828 super
2840 4776 3049 4813 onmem
3090 4775 3324 4824 carnem,
3365 4768 3414 4812 ei

142 4850 401 4905 γραπται
456 4840 588 4910 γάρ·
627 4844 725 4895 Ἐν
767 4844 899 4911 ταῖς
940 4846 1228 4915 ἐσχάταις
1278 4849 1526 4917 ἡμέραις
1552 4851 1741 4922 ἐκχεῶ

1855 4850 2223 4920 vrophetabunt
2261 4849 2361 4917 ﬁlii
2398 4852 2557 4904 vestri
2598 4858 2645 4904 et
2681 4850 2809 4918 ﬁlia:
2836 4858 3018 4904 vestra:
3049 4850 3111 4903 ⁷⁷.
3147 4849 3415 4915 Quocirca

140 4928 261 4981 ἀπὸ
305 4928 425 4983 τοῦ
460 4934 807 5001 Πνεύματός
825 4954 944 5003 μου
977 4938 1074 4990 ἐπὶ
1126 4938 1334 4994 πᾶσαν
1370 4941 1588 5010 σάρκα,
1638 4944 1734 4997 καὶ

1855 4942 2001 4997 multi
2035 4959 2067 4996 a
2091 4942 2254 4996 Petro
2286 4942 2560 5006 instructi,
2592 4941 2659 4995 ad
2694 4942 3073 5010 pmnitentiam
3106 4940 3413 5005 redierunt,

142 5024 695 5089 προφητεύσουσιν
753 5029 871 5081 υἱοὶ
929 5030 1095 5098 ὑμῶν
1148 5032 1245 5085 καὶ
1303 5034 1363 5086 al
1419 5034 1736 5103 θυγατέρες

1855 5043 1904 5088 ut
1936 5035 2094 5089 lieret
2118 5033 2357 5087 mundus
2387 5049 2582 5099 novus,
2620 5033 2773 5103 isque
2798 5034 3008 5089 electus
3032 5050 3062 5088 a
3089 5034 3220 5087 Deo.

137 5119 333 5184 ὐμων.
389 5120 493 5182 Et;
539 5122 829 5191 μετάνοιαν
895 5125 987 5179 οὖν
1026 5122 1189 5197 ἦλθον
1228 5129 1632 5200 κατηχηθέντες
1673 5129 1778 5185 ὑπὸ
1845 5128 1940 5187 τοῦ
1976 5129 2185 5199 Πέτρου
2235 5129 2443 5196 πολλοὶ,
2494 5129 2637 5201 ὣστε
2676 5131 2926 5199 γενέσθαι
2984 5130 3188 5200 κόσμον
3231 5127 3414 5182 καινὸν

137 5214 407 5270 ἐκλεκτὸν
441 5218 601 5273 Θεοῦ.

1922 5341 2036 5395 VII.
2070 5338 2235 5394 Vides
2266 5353 2397 5409 ergo
2425 5336 2701 5407 quomodo
2730 5337 2983 5408 apparuit
3014 5337 3230 5391 initium
3264 5336 3414 5408 judi-

1847 5436 1949 5497 cii?
1994 5433 2106 5504 29
2147 5433 2262 5487 lllic
2309 5432 2457 5487 enim
2502 5432 2752 5502 apparuit
2792 5433 3029 5487 mundus
3076 5448 3268 5486 novus.
3313 5431 3413 5485 llic

1843 5528 1989 5583 enim
2020 5526 2129 5580 illis
2153 5524 2277 5579 data
2306 5533 2391 5579 est
2432 5532 2673 5594 potestas
2714 5524 2939 5579 sedendi
2976 5523 3031 5577 in
3069 5524 3174 5577 hoc
3208 5523 3415 5577 munﬁo

1843 5630 1898 5677 et
1920 5617 2222 5692 iudicandi.
2255 5618 2323 5672 Et
2357 5616 2485 5672 licet
2511 5616 2756 5671 futurum
2785 5618 2877 5684 sit,
2909 5624 2971 5671 ut
2995 5614 3221 5672 sedeant
3248 5622 3301 5669 et
3330 5613 3413 5668 fa-

207 5327 287 5382 Z'.
308 5330 490 5403 Ὀρᾷς
512 5333 628 5396 πῶς
645 5334 817 5406 ἐφάνη
841 5336 989 5408 ἁρχὴ
1002 5337 1264 5407 κρίσεως;
1283 5338 1431 5392 Ἐκεῖ
1445 5341 1553 5411 γὰρ
1568 5342 1739 5413 ἐφάνη

134 5421 351 5492 κόσμος
387 5423 602 5487 καινός.
639 5419 767 5479 Ὧδε
812 5429 921 5499 γὰρ
965 5429 1120 5502 ἐδόθη
1151 5432 1329 5494 αὐτοῖς
1360 5431 1575 5497 ἐξουσία
1602 5434 1739 5487 καθ-

129 5514 370 5583 εσθῆναι
425 5517 493 5569 ἐν
536 5516 613 5586 τῷ
668 5519 858 5589 κόσμῳ
885 5520 1080 5593 τούτῳ,
1134 5529 1231 5577 καὶ
1280 5529 1484 5597 κρῖναι.
1543 5527 1737 5580 Καίτοι

134 5604 469 5673 μελλόντων
524 5609 701 5664 αὐτῶν
746 5610 1073 5677 καθέζεσθαι
1099 5616 1193 5668 καὶ
1216 5620 1389 5670 ποιεῖν
1424 5619 1608 5687 κρίσιν
1641 5620 1737 5673 ἐπὶ

206 5788 251 5818 ’⁸
278 5788 298 5842 Ι
329 5788 475 5845 Cor.
517 5806 623 5854 xiv,
658 5793 707 5846 αἱ.
785 5791 830 5824 ⁷⁸
860 5793 1055 5848 Matth.
1086 5810 1197 5861 XIX,
1230 5794 1317 5850 28.
1396 5796 1438 5827 ⁷⁸
1472 5796 1593 5851 Act.
1624 5795 1667 5851 ll
1695 5798 1743 5851 τὶέ

1869 5798 1908 5828 ’⁷
1940 5795 2075 5852 Jocl.
2112 5812 2168 5861 ιι,
2201 5795 2302 5862 ‘28;
2332 5795 2453 5851 Act.
2494 5812 2550 5860 ιι,
2586 5797 2671 5851 l7,
