3948 6550
542 347 650 413 523

1783 347 1845 407 S.
1886 344 2206 407 MACARII
2246 348 2571 413 [EGYPTII
3680 361 3759 426 5‘2!

539 459 689 515 ciant
711 456 983 530 judicium
1007 455 1065 511 in
1096 456 1345 514 adventu
1365 453 1606 521 Domini,
1632 454 1690 509 in
1716 453 2121 509 resurrectione

2228 458 2327 527 τῆς
2360 461 2665 529 παρουσίας
2713 459 2806 516 τοῦ
2853 462 3063 535 Κυρίου
3091 465 3148 519 ἐν
3172 467 3239 537 τῇ
3265 466 3561 521 ἀναστάσει
3583 470 3679 523 τῶν
3698 494 3764 528 νει

537 559 883 605 mortuorum
902 589 917 616 ,
946 557 1131 606 tamen
1160 549 1252 604 hic
1267 563 1487 620 quoque
1515 547 1570 602 id
1590 546 1672 612 fit,
1692 546 1905 618 Spiritu
1934 553 2123 603 sancto

539 644 765 699 sedente
812 643 867 699 in
914 643 1129 699 thronis
1172 642 1440 698 mentium
1474 641 1740 711 ipsorum.
1784 639 1989 695 Verum
2019 652 2125 693 nec

539 738 869 803 diademata,
899 752 1021 807 qua:
1047 735 1347 791 Christiani
1394 734 1451 789 in
1485 733 1673 788 futuro
1704 730 1906 786 saeculo
1932 745 2125 800 accep-

541 828 651 882 turi
679 838 827 893 sunt,
857 836 988 883 sunt
1010 834 1296 891 creaturae;
1327 832 1385 880 et
1415 824 1508 894 qui
1544 823 1651 877 hoc
1682 822 1898 887 dicunt,
1930 820 2126 876 absur-

539 921 670 974 dum
694 930 948 976 asserunt
975 939 989 974 :
1016 934 1208 975 verum
1236 918 1350 973 haec
1395 917 1649 987 spiritum
1679 913 2126 969 transformatum

540 1013 858 1069 ostendunt.
883 1012 1023 1079 Quid
1052 1012 1203 1066 enim
1236 1010 1372 1066 dicit
1400 1009 1684 1081 apostolus
1709 1008 1911 1063 Paulus
1936 1007 2005 1061 de
2032 1007 2126 1062 Je-

540 1105 780 1161 rusalem
812 1104 1060 1160 caelesti?
1102 1102 1267 1158 Illam
1317 1113 1544 1158 matrem
1590 1117 1699 1156 esse
1745 1109 1984 1155 nostrum
2011 1117 2122 1154 om-

540 1202 711 1265 nium,
747 1216 975 1269 quacum
1019 1215 1129 1254 una
1170 1198 1483 1268 conﬁtemur
1528 1196 1598 1252 ⁷⁸.
1643 1198 1864 1253 Vestem
1905 1204 2123 1261 autem,

539 1306 703 1360 quam
757 1298 975 1362 gestant
1018 1290 1353 1355 Christiani,
1408 1290 1555 1361 quod
1604 1290 1837 1354 attinet,
1887 1287 2127 1358 Spiritus

538 1382 800 1438 videlicet
842 1383 1033 1438 amicit
1076 1382 1200 1439 illos
1247 1384 1304 1437 in
1332 1382 1558 1437 nomine
1590 1382 1770 1437 Patris
1794 1388 1852 1437 et
1892 1378 2041 1445 Filii,
2070 1388 2127 1433 et

543 1475 781 1547 Spiritus
807 1476 1004 1542 sancti,
1031 1477 1089 1532 in
1113 1475 1335 1531 saecula.
1365 1475 1565 1530 Amen.

1120 1698 1405 1755 HOMILIA
1432 1697 1545 1754 VII.

2228 549 2401 621 κρῶν,
2433 552 2528 605 καὶ
2579 546 2681 606 ὦδε
2712 555 2981 625 γίγνεται,
3005 556 3099 610 τοῦ
3123 558 3282 626 ἁγίου
3316 558 3631 629 Πνεύματος
3655 567 3763 619 καθ-

2226 640 2475 705 εσθέντος
2504 644 2562 695 ἐν
2587 646 2701 707 τοῖς
2717 644 2932 715 θρόνοις
2953 646 3062 699 τῶν
3088 648 3377 718 νοημάτων
3406 651 3602 703 αὐτῶν.
3638 654 3767 710 Ἀλλὰ

2227 733 2322 786 καὶ
2347 733 2418 786 τὰ
2448 732 2778 805 διαδήματα,
2811 736 2958 809 άπερ
2986 737 3355 809 λαμϐάνουσιν
3381 742 3432 794 οἱ
3491 742 3766 813 Χριστιανοὶ

2227 826 2286 878 ἐν
2317 826 2511 898 ἐκείνῳ
2539 828 2616 899 τῷ
2647 829 2826 897 αίῶνι,
2870 830 2971 885 οὐκ
3013 834 3121 886 είσὶ
3158 834 3458 904 κτίσματα.
3494 837 3600 889 Καὶ
3628 839 3669 891 el
3695 838 3766 892 λέ-

2228 940 2442 994 γοντες,
2483 926 2672 991 κακῶς
2727 927 3001 998 λέγουσιν.
3052 930 3213 985 Ἀλλά
3261 931 3437 985 ταῦτα
3491 934 3551 986 τὸ
3586 935 3767 1004 πνεῦμα

2232 1021 2754 1092 μεταμορφούμενον
2782 1022 3144 1079 ὑποδεικνύει.
3189 1023 3255 1076 Τί
3281 1024 3431 1092 λέγει
3464 1027 3492 1078 6
3512 1025 3769 1090 ἀπόστολος

2231 1109 2445 1173 Παῦλος
2476 1115 2605 1184 περὶ
2657 1114 2756 1183 τῆς
2790 1114 3148 1186 Ἰερουσαλὴμ
3178 1116 3278 1187 τῆς
3317 1117 3666 1187 ἐπουρανίου;
3703 1121 3769 1173 ὅτι

2228 1200 2391 1268 Αὺτή
2420 1202 2549 1256 ἐστι
2575 1205 2777 1273 μήτηρ
2793 1207 3038 1262 πάντων
3062 1207 3254 1277 ἡμῶν,
3286 1203 3326 1279 ᾖ
3354 1213 3769 1281 συνομολογοῦ-

2225 1308 2360 1362 μεν.
2402 1294 2536 1364 Περὶ
2572 1294 2629 1347 δὲ
2652 1296 2746 1349 τοῦ
2773 1296 3094 1366 ἐνδύματος,
3123 1297 3152 1350 ὃ
3176 1298 3436 1368 φοροῦσιν
3466 1301 3517 1352 οί
3540 1301 3770 1371 Χριστια-

2229 1384 2331 1446 νοὶ,
2359 1384 2605 1455 δηλονότι
2652 1388 2786 1441 αὐτὸ
2818 1387 2879 1441 τὸ
2905 1388 3132 1461 Πνεῦμα
3170 1390 3439 1459 ἀμφιάζει
3478 1392 3665 1455 αὐτοὺς
3704 1396 3769 1457 εἰς

2229 1476 2290 1529 τὸ
2317 1477 2491 1548 ὄνομα
2520 1477 2614 1532 τοῦ
2646 1470 2880 1550 Πατρὸς
2907 1483 3006 1535 καὶ
3058 1479 3153 1534 τοῦ
3201 1481 3334 1534 Υίοῦ
3383 1483 3478 1536 καὶ
3524 1482 3614 1537 τοῦ
3642 1484 3769 1553 ἁγίου

2232 1569 2571 1642 Πνεύματος,
2605 1573 2682 1637 είς
2704 1575 2833 1639 τοὺς
2861 1574 3086 1639 αἰῶνας.
3126 1576 3319 1647 Ἀμήν.

2851 1710 3092 1765 OMIAIA
3120 1712 3196 1765 Z'.

543 1813 633 1890 De
657 1814 934 1890 clementia
966 1811 1174 1890 Christi
1200 1829 1326 1883 erga
1352 1814 1636 1890 hominem.
1678 1778 1939 1890 Continet.
1964 1816 2121 1869 etiam

2228 1818 2368 1885 Περὶ
2402 1817 2515 1887 τῆς
2544 1820 2962 1890 χρηστότητος
2995 1820 3100 1875 τοῦ
3123 1821 3386 1888 Χριστοῦ
3414 1820 3564 1889 πρὸς
3579 1821 3677 1875 τὸν
3690 1824 3774 1877 ἇν-

612 1884 829 1940 homilia
860 1884 1299 1954 interrogationes
1316 1892 1364 1939 et
1388 1885 1750 1955 responsiones
1770 1884 2049 1955 quasdam.

613 2059 657 2116 Ι.
683 2060 1158 2129 Quemadmodum
1177 2060 1224 2117 si
1252 2061 1380 2133 quis
1402 2062 1685 2133 ingressus
1708 2061 1903 2118 domos
1923 2062 2121 2134 regias,

544 2154 950 2225 contempletur
986 2155 1099 2209 illic
1121 2154 1371 2225 depictas
1400 2154 1660 2210 historias
1704 2163 1761 2210 et
1790 2171 2007 2211 omnem
2036 2173 2126 2211 or-

542 2254 759 2310 natum,
786 2245 893 2300 alia
940 2245 996 2300 in
1024 2254 1180 2315 parte
1212 2245 1506 2300 thesauros
1548 2242 1889 2306 reconditos,
1921 2252 1978 2299 et
2018 2244 2125 2299 alia

543 2336 602 2391 in
630 2344 787 2406 parte
822 2336 965 2404 alia;
1000 2346 1058 2392 et
1077 2336 1368 2393 accumbat
1393 2351 1519 2391 cum
1555 2351 1704 2407 rege,
1750 2336 1913 2406 eique
1956 2350 2127 2406 appo-

541 2434 748 2479 nantur
768 2426 1051 2482 esculenta
1077 2435 1134 2481 et
1161 2426 1455 2496 poculenta
1473 2426 1817 2492 suavissima,
1835 2436 1892 2482 et
1911 2427 2125 2481 fruatur

543 2530 670 2571 cum
700 2516 1068 2572 delectatione
1101 2517 1420 2573 omnimodo
1454 2517 1559 2572 hac
1591 2518 2053 2588 contemplatione
2069 2526 2126 2573 et

543 2607 869 2677 splendore;
900 2608 1251 2678 postmodum
1275 2618 1459 2663 autem
1490 2608 1846 2663 abstrahatur
1877 2608 2026 2675 inde,
2068 2617 2125 2664 et

543 2692 602 2751 in
660 2697 777 2751 loca
832 2698 1201 2767 graveolentia
1257 2697 1521 2767 abreptus
1578 2697 1895 2752 inveniatur
1956 2715 1969 2751 :
2031 2706 2127 2752 aut

542 2786 1007 2856 quemadmodum
1030 2786 1077 2842 si
1115 2787 1298 2857 puella
1333 2787 1604 2857 quaedam,
1631 2787 1847 2843 caeteris
1867 2788 2126 2843 omnibus

539 2878 701 2949 longe
720 2877 1032 2945 formosior,
1065 2880 1388 2949 sapientior,
1411 2895 1477 2936 ac
1502 2880 1854 2951 locupletior,
1893 2880 2127 2951 accipiat

540 2970 725 3025 virum
764 2987 1083 3042 pauperem,
1125 2972 1393 3027 humilem
1439 2981 1496 3028 et
1551 2973 1877 3040 deformem,
1924 2973 2123 3044 pannis

543 3062 865 3119 dilaceratis
884 3064 1125 3119 obsitum
1149 3081 1165 3131 ;
1186 3074 1242 3119 et
1266 3073 1495 3119 exutum
1519 3064 1743 3120 sordida
1765 3074 1918 3121 veste
1935 3065 2128 3120 induat

541 3164 697 3209 veste
749 3155 920 3225 regia,
960 3171 1023 3209 ac
1087 3155 1339 3226 imposita
1382 3171 1584 3211 corona
1639 3156 1734 3212 fiat
1765 3158 1817 3212 ei
1863 3158 2064 3228 coniux
2107 3153 2196 3214 τα

548 3245 767 3302 tandem
804 3261 1015 3317 pauper
1044 3246 1134 3301 ille
1180 3247 1377 3317 incipit
1414 3246 1681 3302 attonitus
1726 3248 1883 3303 reddi
1931 3264 1995 3304 ac
2042 3248 2127 3305 di-

546 3353 703 3394 cere:
741 3337 943 3392 Mihine
975 3337 1181 3393 misero
1215 3340 1471 3409 pauperi,
1522 3340 1619 3395 vili
1670 3348 1728 3395 et
1761 3340 1977 3411 ahjecto
2026 3339 2125 3395 ho-

545 3430 683 3485 mini
717 3429 843 3484 data
871 3438 956 3485 est
989 3430 1109 3484 haec
1154 3431 1422 3486 consors?
1449 3432 1523 3486 ita
1556 3445 1778 3501 quoque
1826 3431 1975 3486 Deus
2017 3430 2123 3485 mi-

546 3536 673 3575 sero
700 3527 865 3589 atque
890 3519 1104 3591 ahjecto
1132 3519 1343 3574 homini
1368 3519 1519 3575 fecit.
1547 3519 1779 3576 Gustum
1807 3520 1859 3576 ei
1888 3520 2125 3591 praebuit

546 3612 777 3666 alterius
805 3612 1011 3676 saeculi,
1048 3611 1300 3681 aliusque
1338 3612 1448 3667 cibi
1483 3612 1834 3667 suavissimi:
1881 3612 2125 3667 ostendit

544 3704 623 3758 illi
657 3704 885 3774 gloriam
909 3711 965 3758 et
997 3703 1223 3759 delicias
1253 3705 1451 3775 regias,
1478 3704 1806 3770 ineffabiles,
1842 3706 2117 3761 caelestes.

544 3796 614 3850 Et
663 3796 884 3851 tandem
936 3796 1050 3860 ille,
1096 3797 1231 3855 dum
1260 3796 1475 3853 confert
1515 3798 1607 3851 ille
1640 3798 1957 3868 spiritualia
1997 3814 2122 3853 cum

544 3887 635 3954 iis,
658 3906 780 3959 qua:
805 3898 933 3944 sunt
953 3890 1119 3961 hujus
1144 3890 1352 3955 saeculi,
1376 3890 1562 3945 omnia
1594 3890 1711 3945 haec
1752 3892 1964 3962 rejicit;
2005 3893 2121 3948 sive

543 3998 727 4053 regem
793 3981 1056 4052 aspiciat,
1120 3982 1236 4037 sive
1291 3991 1583 4052 potentes,
1632 3983 1749 4037 sive
1805 3985 2118 4056 sapientes,

542 4074 862 4129 thesaurum
897 4075 1175 4130 caelestem
1198 4075 1459 4130 intuetur.
1491 4074 1774 4145 Siquidem
1804 4076 1952 4132 enim
1977 4077 2122 4134 Deus

542 4166 786 4221 Charitas
842 4175 949 4231 est,
999 4166 1201 4237 accipit
1243 4167 1528 4222 caelestem
1562 4182 1624 4221 ac
1657 4168 1904 4225 divinum
1935 4171 2118 4243 ignem

541 4259 770 4325 Christi,
798 4260 988 4315 ethoc
1020 4260 1246 4328 fruitur,
1282 4276 1349 4317 ac
1374 4262 1563 4318 laetitia
1602 4263 1860 4333 afﬁcitur,
1910 4274 1968 4322 et
2008 4266 2120 4323 illic

541 4352 832 4409 devinctus
857 4354 1047 4408 hieret.

2297 1892 2552 1962 ᾂρωπον.
2590 1891 2843 1962 Συνέχει
2884 1891 2985 1946 καί
3033 1892 3072 1961 ἠ
3125 1894 3329 1962 ὁμιλία
3378 1891 3648 1960 ζητήσεις
3694 1895 3773 1950 καί

2293 1960 2649 2030 ἀποκρίσεις
2676 1961 2867 2029 τινάς.

2296 2072 2377 2127 Α’.
2406 2072 2618 2145 Ὠσπερ
2648 2073 2743 2128 ἐάν
2762 2090 2846 2137 τις
2883 2074 3100 2148 εἰσέλθῃ
3154 2076 3237 2139 είς
3263 2076 3443 2139 οτιους
3476 2074 3774 2146 βασιλικοὺς,

2226 2164 2325 2218 καὶ
2361 2165 2449 2237 ῐδῃ
2492 2164 2593 2228 τὰς
2622 2168 2740 2220 ἐκεῖ
2792 2166 3037 2239 ἱστορίας
3083 2168 3177 2221 καὶ
3209 2168 3281 2221 τά
3328 2167 3524 2239 κάλλη,
3570 2166 3775 2237 ἀλλαχοῦ

2226 2251 2534 2326 θησαυροὺς
2555 2256 2974 2328 ἀποκειμένους,
2996 2258 3092 2311 καὶ
3112 2257 3349 2328 ἀλλαχοῦ
3371 2256 3526 2323 ἀλλὰ,
3568 2258 3657 2310 καὶ
3671 2260 3779 2311 ἀνα-

2226 2346 2385 2420 κλιθῇ
2423 2348 2559 2419 μετὰ
2574 2348 2669 2403 τοῦ
2701 2349 2992 2420 βασιλέως,
3022 2351 3117 2405 καὶ
3166 2351 3449 2423 παρατεθῇ
3491 2350 3641 2421 αὑτῷ
3683 2351 3777 2405 66(-

2229 2457 2414 2511 σματα
2465 2443 2559 2496 καὶ
2592 2443 2819 2513 πόματα
2849 2445 3114 2515 ἡδύτατα,
3148 2446 3245 2498 καὶ
3282 2445 3505 2513 ἀναπαῇ
3536 2442 3777 2504 παντοίως

2226 2537 2307 2599 είς
2333 2536 2435 2600 τὰς
2460 2536 2694 2608 θεωρίας
2718 2538 2813 2593 καὶ
2840 2537 2910 2591 τὰ
2933 2536 3105 2607 κάλλη
3126 2554 3142 2569 ·
3175 2538 3315 2607 μετὰ
3360 2536 3535 2590 ταῦτα
3563 2535 3620 2589 δέ
3661 2538 3775 2589 ἀπο-

2229 2627 2447 2699 σπασθῇ
2507 2628 2737 2694 ἐκεῖθεν,
2785 2629 2882 2683 καὶ
2929 2625 3132 2700 εὐρεθῇ
3175 2629 3257 2692 είς
3298 2627 3556 2690 δυσώδεις
3606 2626 3777 2689 τόπους

2227 2718 2532 2790 ἀπαχθείςο
2563 2718 2598 2789 ἢ
2642 2718 2831 2791 ὥσπερ
2886 2721 2982 2773 ἐάν
3028 2737 3113 2783 τις
3164 2718 3472 2792 ὡραιοτέρα
3518 2718 3671 2790 κόρη,
3701 2718 3777 2769 καὶ

2230 2810 2537 2882 σοφωτέρα,
2592 2810 2687 2865 κα)⁸
2716 2811 3093 2884 πλουσιωτέρα
3123 2811 3265 2882 ὑπὲρ
3320 2813 3523 2877 πάσας,
3579 2810 3707 2882 λάϐῃ
3731 2810 3777 2861 δὲ

2227 2905 2398 2977 ἄνδρα
2431 2905 2708 2977 πενιχρὸν,
2732 2905 3011 2971 ταπεινὸν,
3038 2906 3133 2958 καὶ
3169 2905 3406 2976 δυσειδῆ,
3459 2904 3778 2973 ἐνδεδυμένον

2232 2997 2474 3070 ρακὼδη,
2508 2998 2601 3053 καὶ
2635 2997 2880 3070 ἀποδύσῃ
2929 2997 3092 3051 αὑτὸν
3120 2996 3191 3049 τά
3245 2998 3467 3070 ῥυπαρά
3509 2996 3777 3067 ἐνδύματα,

2229 3090 2324 3144 καὶ
2354 3090 2550 3163 ἐνδύσῃ
2574 3088 2858 3163 βασιλικὴν
2882 3090 3105 3161 ἐσθῆτα,
3127 3089 3222 3142 καὶ
3256 3088 3418 3160 ἐπιθῇ
3445 3090 3594 3160 αὑτῷ
3620 3091 3778 3161 διάδη-

2232 3200 2328 3255 μα,
2364 3184 2461 3238 καὶ
2484 3184 2707 3253 γένηται
2741 3181 2891 3253 αὐτῷ
2937 3183 3251 3251 κοινωνική’
3281 3182 3467 3235 λοιπὸν
3516 3182 3779 3253 ἀρχεταιό

2226 3278 2445 3348 πτωχὸς
2465 3278 2672 3339 ἐκεῖνος
2698 3276 2981 3330 πτοεῖσθαι
3002 3280 3099 3331 καὶ
3122 3278 3322 3346 λέγειν·
3345 3275 3500 3347 Ἐμοὶ
3523 3275 3598 3345 τῷ
3615 3275 3777 3327 ταλαι-

2226 3367 2416 3439 πώρῳ,
2450 3368 2546 3422 καὶ
2565 3368 2789 3439 πτωχῷ,
2821 3372 2914 3422 καὶ
2942 3369 3170 3440 μετρίῳ,
3192 3370 3288 3422 καὶ
3315 3369 3559 3437 ταπεινῷ
3580 3367 3776 3438 τοιαύτη

2224 3459 2515 3531 κοινωνικὴ
2544 3459 2732 3530 ἐδόθη;
2758 3459 2902 3515 οὕτω
2926 3463 3021 3514 καὶ
3044 3465 3072 3515 6
3088 3462 3219 3527 Θεὸς
3243 3462 3321 3533 τῷ
3354 3463 3681 3533 ταλαιπώρῳ
3700 3462 3778 3514 καὶ

2222 3550 2463 3629 ταπεινῷ
2490 3549 2765 3623 ἀνθρώπῳ
2801 3551 3078 3624 ἐποίησεν.
3108 3553 3371 3622 Ἐγευσεν
3426 3553 3590 3607 αὐτὸν
3641 3551 3779 3605 ἀλλον

2223 3644 2439 3714 αίῶνος,
2473 3646 2641 3718 ἄλλης
2670 3647 2882 3719 τροφῆς
2896 3648 3167 3719 ηδυτάτης
3187 3665 3201 3679 ·
3231 3648 3429 3715 ἔδειξεν
3452 3649 3601 3718 αὐτῷ
3623 3647 3777 3711 δόξας.

2224 3735 2318 3787 καὶ
2341 3734 2510 3807 κάλλη
2545 3737 2804 3808 βασιλικά
2845 3740 3082 3813 ἄρρητα,
3137 3741 3471 3811 ἐπουράνια*
3500 3744 3593 3794 καὶ
3619 3740 3779 3793 λοιπὸν

2225 3828 2534 3899 συγκρίνων
2566 3831 2751 3886 ἐκεῖνα
2804 3832 2874 3886 τά
2917 3836 3263 3905 πνευματικὰ
3309 3836 3423 3898 τοῖς
3483 3834 3580 3888 τοῦ
3608 3833 3778 3895 αἰῶνος

2223 3920 2435 3986 τούτου,
2461 3922 2641 3977 πάντα
2690 3924 3010 3993 ἀποϐάλλει,
3037 3926 3147 3979 εἴτε
3183 3926 3408 3997 βασιλέα
3448 3926 3657 3997 βλέπει,
3686 3927 3777 3977 εἴτε

2222 4011 2510 4077 δυνάστας,
2538 4016 2648 4068 εἴτε
2689 4016 2909 4085 σοφοὺς,
2935 4016 3212 4088 θησαυρὸν
3260 4018 3352 4071 τὸν
3378 4018 3632 4091 οὐράνιον
3666 4020 3778 4071 ἀπο-

2224 4104 2458 4161 ϐλέπων.
2498 4106 2716 4179 Ἐπειδὴ
2740 4110 2849 4179 γὰρ
2888 4111 2917 4162 6
2952 4109 3085 4173 Θεὸς
3117 4109 3308 4182 ἀγάπη
3356 4111 3530 4178 ἐστὶν,
3589 4109 3778 4175 ἐδέξατο

2222 4196 2283 4252 τὸ
2304 4198 2555 4270 οὐράνιον
2583 4200 2679 4253 καὶ
2702 4199 2845 4253 θεῖον
2871 4200 2984 4272 πῦρ
3019 4203 3113 4256 τοῦ
3138 4203 3401 4272 Χριστοῦ,
3427 4207 3526 4258 καὶ
3563 4205 3773 4274 ἀνεπάη,

2221 4290 2315 4344 καὶ
2341 4291 2535 4363 ἐχάρη,
2560 4292 2656 4346 καὶ
2681 4294 2798 4346 ἐκεῖ
2824 4293 2972 4348 ἐστιν
2991 4296 3405 4367 ἀποδεδεμένος.

612 4467 680 4521 ll.
713 4466 1094 4537 Interrogatio.
1136 4466 1324 4522 Utrum
1357 4466 1593 4524 Satanas
1624 4472 1691 4525 sit
1711 4488 1830 4526 cum
1848 4472 1978 4541 Deo,
2007 4485 2117 4531 tam

2294 4492 2368 4549 B’.
2401 4496 2743 4565 Ἐρώτησις.
2772 4499 2842 4552 ΕΖ
2862 4498 3159 4554 σύνεστιν
3188 4502 3222 4554 ὁ
3248 4501 3525 4570 Σατανᾶς
3545 4502 3624 4569 τῷ
3656 4500 3773 4569 Θεῷ,

537 4560 596 4612 in
626 4572 770 4623 acre,
806 4573 968 4627 quam
997 4559 1049 4610 in
1077 4558 1391 4614 honﬁnibus.

609 4670 917 4739 Responsio.
951 4668 1006 4723 Si
1031 4670 1113 4725 sol
1136 4669 1246 4735 hic,
1277 4672 1371 4741 qui
1410 4681 1496 4727 est
1518 4685 1794 4745 creatura,
1832 4680 2117 4739 illustrans

535 4763 657 4818 loca
698 4778 859 4818 emno
902 4764 1083 4833 plena,
1127 4765 1535 4836 necquidquam
1590 4771 1846 4839 laeditur;
1907 4787 2117 4845 quanto

537 4855 712 4925 magis
746 4853 1031 4919 divinitas,
1064 4855 1111 4910 si
1148 4855 1317 4910 fuerit
1342 4873 1468 4913 cum
1512 4859 1732 4928 Satana,
1785 4881 1887 4920 nec
1926 4867 2114 4937 inqui-

537 4957 725 5011 natur,
758 4952 862 5000 nec
885 4946 1193 5016 polluitur?
1226 4947 1483 5004 Permisit
1511 4960 1694 5007 autem
1723 4955 1867 5011 Deus
1887 4959 2113 5027 malum,

538 5038 607 5093 ad
637 5038 965 5094 exercitium
998 5038 1306 5095 hominum.
1333 5040 1537 5097 Verum
1568 5046 1769 5100 malum
1798 5048 1932 5104 illud
1957 5050 2115 5108 obte-

536 5132 829 5186 nebratum
862 5140 918 5185 et
948 5140 1280 5188 occaecatum
1302 5143 1407 5200 est,
1423 5151 1526 5191 nec
1550 5147 1731 5207 potest
1751 5141 1936 5198 videre
1958 5145 2115 5214 puri-

538 5233 705 5277 tatem
752 5234 809 5278 et
858 5224 1265 5293 simplicitatem
1309 5227 1428 5283 Dei.
1484 5228 1540 5284 Si
1587 5246 1718 5286 vero
1769 5235 1892 5304 quis
1944 5238 2112 5307 dicat,

535 5316 821 5385 proprium
852 5316 1033 5371 locum
1074 5314 1278 5372 habere
1325 5318 1603 5385 Satanam,
1653 5326 1936 5395 proprium
1979 5346 2118 5400 quo-

538 5423 647 5476 que
699 5409 895 5477 Deum,
945 5411 1429 5481 circumscriptum
1463 5428 1590 5467 eum
1637 5414 1786 5482 facit,
1833 5436 2006 5490 usque
2048 5425 2115 5480 ad

534 5512 661 5554 cuiu
707 5500 911 5564 locum,
958 5502 1052 5557 ubi
1080 5504 1292 5559 habitat
1325 5504 1595 5574 Nequam.
1656 5508 1945 5574 Quomodo
1984 5531 2115 5587 ergo

536 5587 797 5657 dicimus,
864 5592 1070 5650 bonum
1142 5595 1686 5669 incircumscriptum
1736 5617 1879 5670 esse,
1924 5616 1981 5662 et
2028 5610 2114 5665 in-

608 5776 653 5809 ’⁸
677 5777 796 5836 Gal.
826 5796 902 5851 Iv,
926 5784 1017 5842 26.

2222 4588 2343 4642 εἴτε
2375 4588 2445 4642 ἑν
2473 4588 2555 4655 τῷ
2584 4589 2734 4658 ἀέρι,
2791 4590 2914 4645 εἴτε
2947 4592 3019 4646 ἐν
3063 4590 3189 4659 τοῖς
3220 4592 3590 4661 ἀνθρώποις

2306 4702 2660 4770 Ἀπόκρισις.
2679 4703 2741 4756 Ei
2768 4705 2795 4757 6
2814 4704 2963 4774 ἥλιος
2993 4699 3148 4770 οὗτος
3174 4708 3380 4778 κτίσμα
3395 4708 3493 4774 ὢν,
3517 4710 3773 4780 καταλάμ-

2222 4810 2341 4846 πων
2404 4794 2484 4855 είς
2520 4792 2715 4856 τόπους
2757 4792 3114 4865 βορϐορώδεις
3138 4839 3152 4861 ,
3188 4797 3250 4850 οὐ
3298 4797 3618 4867 βλάπτεται,
3648 4801 3772 4868 πόσῳ

2225 4884 2424 4956 μᾶλλον
2472 4884 2533 4938 τὸ
2573 4885 2739 4950 θεῖον,
2772 4885 2928 4939 συνὸν
2980 4887 3059 4956 τῷ
3095 4889 3326 4960 Σατανᾷ,
3354 4889 3479 4943 οὔτε
3512 4892 3770 4961 ρυποῦται,

2219 4975 2340 5029 οῦτε
2367 4976 2639 5047 μιαίνεται
2663 4993 2677 5040 ;
2701 4976 2964 5047 ἐπέτρεψε
2982 4977 3037 5031 δὲ
3058 4975 3194 5033 εἶναι
3216 4980 3275 5032 τὸ
3298 4982 3469 5035 κακὸν
3490 4986 3570 5046 είς
3588 5001 3771 5053 γυμνα-

2218 5062 2337 5115 σίαν
2387 5063 2499 5117 τῶν
2527 5063 2830 5136 ἀνθρώπων
2852 5082 2866 5097 ο
2895 5065 3033 5137 πλὴν
3060 5068 3120 5121 τὸ
3147 5069 3315 5122 κακὸν
3368 5073 3666 5127 ἐσκότωται
3692 5075 3769 5127 καὶ

2215 5152 2577 5221 τετύφλωται,
2614 5156 2709 5207 καὶ
2755 5157 2815 5208 οὐ
2843 5157 3066 5211 δύναται
3099 5161 3226 5213 ἰδεῖν
3294 5162 3355 5214 τὸ
3411 5164 3651 5235 καθαρὸν
3692 5170 3769 5219 καὶ

2215 5238 2411 5292 λεπτὸν
2428 5239 2520 5292 τοῦ
2555 5241 2713 5295 Θεοῦ.
2743 5243 2806 5296 Et
2857 5244 2914 5297 δὲ
2944 5245 3091 5315 λέγει
3137 5266 3243 5312 τις,
3298 5252 3430 5305 ίδιον
3456 5256 3623 5309 τόπον
3650 5257 3768 5325 ἔχειν

2221 5331 2312 5385 τὸν
2341 5333 2608 5397 Σατανᾶν,
2635 5334 2727 5387 καὶ
2758 5335 2890 5389 ίδιον
2918 5337 3009 5392 τὸν
3040 5338 3191 5405 Θεὸν,
3220 5346 3365 5396 ποιεῖ
3392 5346 3559 5400 αὐτὸν
3588 5350 3674 5402 καὶ

2224 5426 2523 5498 ρίγραπτον
2549 5428 2627 5489 είς
2653 5429 2861 5482 ἐκεῖνον
2879 5429 2973 5482 τὸν
3005 5431 3167 5485 τόπον
3199 5433 3325 5489 ἔνθα
3354 5445 3601 5494 κατοικεί
3627 5444 3652 5495 6
3679 5442 3766 5494 Πο-

2219 5523 2400 5591 νηρὸς.
2429 5521 2551 5585 Πῶς
2574 5520 2630 5573 δὲ
2648 5521 2879 5592 λέγομεν
2904 5524 2964 5576 τὸ
2988 5524 3189 5591 ἀγαθὸν
3202 5529 3614 5602 ἀπερίγραπτον
3625 5532 3763 5596 εἶναι,

2218 5613 2313 5667 καὶ
2361 5612 2769 5684 ἀκατάληπτον,
2806 5616 2899 5671 καὶ
2928 5616 2996 5672 τὰ
3037 5619 3213 5675 πάντα
3236 5622 3292 5677 ἐν
3320 5624 3468 5695 αὐτῷ
3496 5621 3655 5696 εἶναι,
3688 5626 3764 5682 καὶ
