3948 6568
198 365 291 433 525
1376 380 1745 443 HOMILLE.
1772 405 1844 417 -ο
1870 382 2054 445 ΗΘΜ.
2098 384 2230 447 VI].

3328 386 3432 449 526

200 482 267 552 μὴ
301 478 606 550 μιαίνεσθαι
631 482 693 536 τὸ
737 483 941 553 ἀγαθὸν
978 485 1085 541 ὑπὸ
1117 484 1212 542 τοῦ
1239 489 1410 544 κακοῦ
1437 509 1451 557 ;
1479 492 1573 564 Μὴ
1620 493 1743 565 γάρ,

1856 493 2374 562 comprehensibile,
2414 504 2471 551 et
2521 494 2705 549 omnia
2757 492 2810 546 in
2861 506 2929 548 eo
2973 506 3116 557 esse,
3152 506 3254 546 nec
3279 491 3427 546 inﬁci

198 574 367 645 ἐπειδὴ
400 574 430 626 6
457 574 684 645 οὐρανὸς
701 576 795 630 καὶ
825 579 853 630 6
878 578 1031 648 ἥλιος
1053 580 1148 634 καὶ
1169 582 1237 635 τά
1264 581 1365 653 δρη
1395 584 1454 637 ὲν
1479 583 1627 653 αὐτῷ
1649 585 1755 637 εἶσι

196 664 264 733 τῷ
290 665 425 732 Θεῷ,
459 666 555 719 καλ⁵
584 665 652 720 δι’
680 668 844 722 αὑτοῦ
869 670 1189 740 συνέστηκε,
1220 672 1294 745 μὴ
1326 674 1420 728 καὶ
1449 674 1591 728 αὐτὰ
1624 674 1757 739 Θεὸς

198 755 432 824 ἐγένετος
465 758 547 810 Τά
575 758 1033 831 δημιουργήματα
1084 764 1164 828 είς
1183 765 1281 835 τὴν
1312 766 1449 820 ίδίαν
1473 767 1625 834 τάξιν
1654 767 1755 821 πέ-

197 864 413 991 ἒηέτέι,
449 850 543 903 καὶ
584 852 612 903 6
636 852 962 925 δημιουργὸς
993 857 1021 909 6
1069 856 1243 910 συνὼν
1302 861 1419 924 τοῖς
1470 860 1752 932 κτίσμασι,

236 955 256 989 ε
288 954 317 991 ς
377 955 507 991 στιν.

236 954 317 1001 εος
344 954 507 994 εστιν.

256 1051 328 1104 I".
363 1051 697 1119 Ἐρώτησις.
740 1053 979 1123 Ἐπειδὴ
1004 1056 1042 1123 ἠ
1072 1058 1324 1126 ἁμαρτία
1345 1062 1755 1131 μεταμορφοῦ-

193 1160 277 1197 rat
326 1144 414 1209 εἷς
439 1144 699 1214 ἄγγελον
711 1148 927 1214 ¹ςοωτὸς,
966 1148 1065 1202 καὶ
1080 1153 1373 1219 παρομοια
1389 1149 1497 1219 τῆς
1512 1151 1751 1221 χάριτός

190 1237 331 1297 ἐστι,
371 1234 498 1301 πῶς
546 1234 625 1292 ἂν
672 1237 869 1306 νοήσῃ
893 1242 926 1293 ό
961 1238 1272 1308 ἅνθρωπος
1308 1241 1415 1308 τὰς
1439 1243 1753 1312 μεθοδείας

192 1327 288 1382 τοῦ
303 1327 608 1393 διαϐόλους
631 1328 730 1383 καὶ
775 1331 901 1399 πῶς
923 1330 1156 1398 δέξεται
1198 1334 1297 1388 καὶ
1335 1333 1628 1404 διακρινεῖ
1647 1337 1754 1403 τὰς

190 1418 292 1489 τῆς
323 1418 604 1488 χάριτος;

265 1511 616 1579 Ἀπόκρισις.
655 1511 735 1566 Τὰ
762 1512 863 1582 τῆς
896 1513 1115 1584 χάριτος
1142 1515 1319 1586 χαρὰν
1349 1515 1482 1586 ἔχει,
1530 1516 1753 1587 εἰρήνην

188 1601 315 1672 ἔχει,
347 1603 569 1672 ἀγάπην
604 1603 741 1674 ἔχει,
770 1605 1030 1676 ἀλήθειαν
1064 1607 1199 1677 ἔχει.
1230 1606 1380 1678 Αὕτη
1434 1609 1469 1679 ὴ
1525 1608 1752 1678 ἀλήθεια

187 1692 478 1761 ἀναγκάζει
515 1694 608 1747 τὸν
643 1695 927 1766 ἄνθρωπον
958 1695 1216 1767 ἀλήθειαν
1242 1697 1519 1768 ἐπιζητεῖν
1544 1715 1559 1729 ο
1590 1698 1660 1751 τά
1695 1696 1752 1751 δὲ

320 1786 599 1883 ἁμαρτίας
626 1786 742 1857 εῐδη
772 1788 891 1841 ἐστὶ⁹
924 1789 1327 1860 τεταραγμένα,
1375 1790 1469 1842 καὶ
1508 1791 1610 1843 οὐκ
1637 1788 1749 1859 ἔχει
1784 1830 1824 1883 Β

185 1878 401 1946 ἀγάπην
428 1878 522 1932 καὶ
554 1880 726 1948 χαρὰν
759 1880 897 1951 πρὸς
917 1880 1009 1934 τὸν
1042 1882 1195 1935 Θεόν.
1218 1882 1427 1954 ’Ὠσπερ
1459 1883 1567 1953 γάρ
1601 1883 1749 1935 ἐστιν

184 1970 421 2040 ἠπικρὶς
451 1970 610 2039 ὁμοία
637 1969 737 2041 τῆς
762 1970 1039 2041 θρίδακος,
1071 1974 1131 2027 τὸ
1159 1974 1258 2044 μὲν
1296 1973 1355 2028 ἓν
1390 1975 1584 2043 γλυκὺ,
1617 1974 1748 2028 τὸδὲ

182 2059 235 2112 ἐν
260 2059 457 2129 πικρόν
474 2077 488 2091 ο
519 2060 615 2112 καὶ
646 2062 705 2114 ἐν
730 2062 868 2133 αὐτῇ
890 2061 947 2114 δὲ
973 2064 1038 2133 τῇ
1055 2061 1235 2134 χάριτί
1260 2065 1411 2115 ἐστιν
1434 2065 1595 2133 ὃμοια
1612 2064 1747 2136 ἀλη-

184 2150 345 2214 θείας,
377 2150 473 2204 καὶ
492 2150 639 2204 ἐστιν
665 2151 803 2223 αὐτὴ
830 2155 864 2223 ὴ
881 2153 1177 2218 ὑπόστασις
1196 2155 1296 2224 τῆς
1322 2155 1597 2227 ἀληθείας.
1621 2153 1746 2213 Οἶόν

179 2242 317 2295 ἐστιν
344 2242 379 2311 ή
395 2243 539 2313 αύγὴ
571 2242 665 2297 τοῦ
688 2243 863 2315 ἡλίου,
882 2245 978 2298 καὶ
995 2247 1153 2309 αὐτὸς
1168 2247 1196 2299 6
1224 2246 1443 2312 κύκλος,
1462 2249 1555 2301 καὶ
1571 2249 1748 2313 άλλως

177 2336 211 2404 ἡ
239 2332 378 2403 αὐγὴ
414 2334 619 2405 φαίνει,
650 2335 741 2390 καὶ
764 2336 942 2400 άλλως
970 2337 1030 2391 τὸ
1054 2337 1192 2409 φῶς,
1210 2339 1270 2391 τὸ
1290 2339 1652 2410 ἀποκείμενον
1686 2342 1745 2394 ὲν

177 2426 249 2497 τῷ
272 2426 648 2495 κύκλῳ.Ἕστι
668 2426 859 2498 λύχνος
886 2428 1074 2483 ἆπτων
1100 2432 1181 2493 είς
1224 2426 1391 2484 οἷκον·
1424 2430 1556 2501 άλλη
1597 2432 1746 2485 ἐστὶν

179 2521 211 2589 ἡ
234 2519 372 2589 αὐγὴ
396 2519 432 2588 ἠ
463 2519 738 2588 πανταχοῦ
763 2518 1074 2589 λάμπουσα,
1102 2520 1196 2574 καὶ
1220 2520 1347 2574 ἀλλο
1367 2521 1485 2574 ἐστὶ
1515 2522 1575 2573 τὸ
1606 2520 1742 2591 φῶς,

175 2610 234 2664 τὸ
260 2613 315 2665 ἐν
346 2612 497 2682 αύτῷ
531 2611 609 2683 τῷ
637 2612 816 2685 λύχνῳ
836 2653 852 2678 ,
886 2614 1267 2685 λαμπρότερον
1314 2616 1410 2669 καὶ
1459 2614 1747 2684 φαιδρότε-

178 2721 283 2774 ρον.
312 2704 501 2768 Οὕτως
522 2705 639 2758 ἐστί
667 2722 793 2760 τινα
819 2707 916 2777 τῆς
943 2707 1187 2777 χάριτος,
1227 2708 1319 2761 ὅτε
1351 2706 1624 2779 μακρόθεν
1651 2708 1747 2761 αύ-

130 2860 134 2863 _
173 2796 263 2849 τοῦ
296 2795 372 2859 ὡς
402 2797 622 2868 ὁράσεις
648 2798 803 2862 τινὰς
834 2798 1022 2869 βλέπει
1048 2800 1076 2850 6
1101 2797 1406 2869 ἄνθρωπος,
1440 2799 1533 2851 καὶ
1567 2798 1744 2869 χαίρει

176 2888 252 2950 είς
276 2886 449 2951 αὐτὰς
475 2888 573 2952 τὰς
598 2889 838 2959 ὁράσεις,
864 2891 959 2942 καὶ
987 2888 1135 2941 ἐστιν
1163 2889 1344 2953 ἄλλος,
1373 2890 1461 2943 ὅτε
1492 2890 1742 2961 εἰσέρχε-

171 2995 255 3031 ται
288 2979 366 3043 εἰς
399 2979 562 3032 αὐτὸν
590 2981 624 3049 ἠ
655 2979 990 3049 δύναμιςτοῦ
1023 2980 1181 3044 θεοῦ,
1206 2981 1300 3033 καὶ
1323 2981 1548 3050 κατέχει
1578 2979 1745 3034 αὐτοῦ

170 3066 235 3119 τά
267 3066 403 3138 μέλη
440 3068 534 3120 καὶ
563 3067 662 3137 τὴν
696 3069 946 3139 καρδίαν,
966 3069 1060 3122 καὶ
1088 3070 1480 3140 αἰχμαλωτίξει
1509 3069 1598 3123 τὸν
1619 3070 1741 3125 νοῦν

1860 580 2065 635 bonum
2098 597 2129 636 a
2159 584 2350 638 malo?
2390 582 2648 652 Nunquid
2693 579 2861 647 enim,
2902 580 3174 649 siquidem
3207 580 3428 646 coelum,

1858 681 1916 728 et
1957 674 2060 739 sol,
2097 682 2155 730 et
2204 684 2419 731 montes
2456 675 2513 730 in
2548 675 2661 730 Deo
2710 673 2831 743 ipso
2883 674 2994 728 sint
3042 687 3109 727 ac
3158 688 3257 742 per
3301 688 3430 727 eum

1858 766 2184 831 consistant,
2217 775 2273 823 et
2298 767 2413 838 ipsa
2435 775 2564 822 sunt
2583 766 2769 821 Deus?
2791 763 3019 835 Opiﬁcia
3048 763 3307 833 quaelibet
3328 778 3431 819 suo

1856 857 2052 914 ordine
2080 867 2393 915 constructa
2423 868 2573 924 sunt,
2608 866 2665 913 et
2693 857 2898 928 opifex,
2946 855 3041 926 qui
3090 856 3199 910 illis
3250 854 3426 920 adest,

1855 948 2001 1004 Deus
2032 958 2134 1004 est.

1923 1062 2033 1131 30
2070 1062 2159 1116 111.
2183 1062 2553 1132 Interrogatio.
2587 1062 2719 1119 Cum
2758 1069 3025 1133 peccatum
3076 1060 3133 1113 in
3178 1056 3427 1128 angelum

1857 1153 1984 1209 lucis
2011 1154 2442 1224 transformetur,
2488 1164 2536 1208 et
2573 1153 2743 1209 simile
2791 1154 2859 1206 sit
2895 1152 3104 1223 gratias,
3145 1166 3246 1221 quo
3273 1157 3425 1220 pacto

1854 1254 2123 1316 cognoscet
2165 1248 2319 1300 homo
2360 1247 2579 1301 insidias
2616 1244 2857 1299 diaboli?
2899 1252 2948 1298 et
2981 1260 3084 1314 quo
3122 1250 3275 1314 pacto
3309 1258 3426 1296 sus-

1853 1340 2006 1409 cipiet
2037 1347 2085 1392 et
2114 1338 2364 1392 discernet
2387 1340 2600 1392 semitas
2629 1335 2864 1408 gratim?

1920 1519 2223 1589 Responsio.
2296 1518 2373 1574 Ea
2430 1534 2553 1589 qua:
2616 1525 2749 1573 sunt
2801 1516 3013 1587 gratias,
3074 1515 3237 1585 plena
3298 1518 3427 1567 sunt

1853 1612 2075 1678 laetitiae,
2096 1612 2267 1683 pacis,
2292 1610 2607 1667 dilectionis
2632 1620 2690 1666 et
2712 1608 2984 1666 veritatis.
3008 1607 3199 1662 Haecce
3222 1603 3426 1659 veritas

1854 1704 2087 1774 impellit
2115 1703 2395 1759 hominem
2424 1702 2493 1758 ad
2528 1700 2916 1772 inquirendam
2957 1699 3269 1754 veritatem.
3316 1694 3423 1750 Sed

1855 1793 2066 1862 peccati
2100 1793 2313 1863 species
2337 1800 2466 1848 sunt
2495 1792 2851 1858 turbulentae,
2905 1804 3009 1845 nec
3058 1787 3302 1843 lmtitiam
3331 1793 3426 1839 aut

1852 1885 2205 1941 dilectionem
2254 1900 2382 1955 erga
2449 1885 2622 1939 Deum
2674 1884 2900 1938 habent.
2948 1877 3423 1948 Quemadmodum

1849 1977 1998 2034 enim
2023 1977 2244 2050 intybus
2276 1976 2471 2033 similis
2498 1988 2582 2031 est
2608 1977 2835 2031 lactucae
2861 1993 2874 2029 :
2900 1975 3019 2028 haec
3041 1972 3265 2043 quidem
3299 1969 3425 2024 dul-

1850 2069 2078 2134 cis,'illa
2116 2084 2249 2124 vero
2271 2083 2485 2123 amara:
2518 2067 2572 2121 in
2613 2067 2729 2135 ipsa
2753 2065 2918 2121 etiam
2969 2064 3143 2134 gratia
3188 2060 3424 2133 quadam

1848 2160 2051 2217 similia
2082 2170 2212 2215 sunt
2232 2159 2502 2224 veritatis,
2531 2167 2587 2212 et
2606 2157 2828 2227 quidem
2859 2156 2976 2225 ipsa
2999 2162 3084 2209 est
3114 2151 3422 2207 substantia

1846 2253 2119 2308 veritatis.
2181 2249 2358 2306 Veluti
2412 2260 2498 2306 est
2550 2248 2812 2319 splendor
2866 2246 3002 2302 solis
3063 2253 3120 2299 et
3180 2241 3424 2298 circulus

1848 2343 1989 2414 ipse,
2028 2350 2084 2397 et
2112 2343 2272 2397 aliter
2316 2341 2577 2411 splendor
2628 2346 2874 2409 apparet,
2924 2338 3087 2392 aliter
3131 2336 3317 2389 lumen
3363 2332 3421 2387 in

1848 2433 2059 2489 circulo
2083 2433 2407 2503 repositum.
2435 2431 2519 2486 Sit
2550 2431 2775 2485 lucerna
2806 2428 2862 2481 in
2908 2426 3095 2489 domo,
3151 2424 3293 2478 alius
3334 2430 3424 2478 est

1847 2526 2109 2597 splendor
2135 2526 2339 2595 ubique
2372 2524 2673 2594 refulgens,
2724 2531 2783 2577 et
2813 2519 2967 2575 aliud
3015 2525 3100 2573 est
3137 2517 3323 2571 lumen
3361 2515 3420 2570 in

1848 2619 1966 2690 ipsa
2008 2618 2233 2673 lucerna
2268 2616 2614 2688 splendidius
2661 2622 2719 2669 et
2772 2611 3098 2682 elegantius.
3157 2609 3250 2665 Sic
3292 2615 3425 2663 sunt

1846 2711 2093 2782 quaedam
2115 2751 2130 2776 ,
2160 2726 2281 2779 quae
2316 2725 2346 2763 a
2375 2708 2547 2778 gratia
2580 2711 2808 2760 manant
2833 2721 2848 2758 :
2887 2702 3109 2773 quando
3136 2717 3203 2756 ea
3225 2699 3418 2770 procul

1848 2819 1880 2858 a
1912 2818 1992 2867 se,
2030 2809 2287 2870 tanquam
2331 2798 2575 2853 visiones
2603 2794 2887 2865 quasdam,
2945 2793 3192 2848 intuetur
3230 2791 3419 2854 homo,

1846 2908 2038 2948 eorum
2063 2890 2370 2946 visionibus
2396 2889 2703 2943 delectatur
2725 2893 2781 2941 et
2811 2885 2871 2938 ﬁt
2910 2884 3074 2949 alius,
3110 2880 3335 2952 quando
3362 2880 3422 2936 in

1846 3000 1973 3039 eum
2007 2984 2250 3054 ingressa
2286 2980 2529 3051 potentia
2553 2978 2672 3040 Dei,
2707 2977 2919 3033 detinet
2959 2975 3205 3030 membra
3241 2982 3297 3028 et
3326 2987 3424 3027 cor

1847 3077 1988 3148 ejus,
2012 3090 2077 3130 ac
2099 3074 2369 3144 captivam
2402 3072 2552 3127 illius
2590 3078 2829 3124 mentem
2864 3067 3050 3123 reddit
3085 3066 3141 3121 in
3174 3080 3419 3121 amorem

170 3160 247 3220 είς
281 3159 508 3230 ἀγάπην
560 3160 717 3215 Θεοῦ.
747 3161 877 3214 Ὅτε
917 3161 1007 3213 τὸν
1039 3161 1242 3230 Πέτρον
1282 3162 1609 3233 ἐκράτησαν,
1647 3163 1740 3216 καὶ

1855 3168 1965 3224 Dei.
2005 3166 2236 3233 Quando
2268 3166 2493 3220 Petrum
2528 3163 2987 3233 comprehensum
3040 3158 3097 3213 in
3143 3171 3421 3213 carcerem

170 3249 352 3303 έόαλον
381 3252 466 3314 είς
496 3251 761 3322 φυλακὴν,
794 3251 867 3314 ὡς
891 3252 933 3304 δ’
958 3247 1025 3323 ἦν
1077 3253 1547 3323 ὲγκεκλεισμένος,
1577 3250 1738 3325 ἦλθεν

167 3340 420 3409 ἄγγελος,
464 3345 559 3394 καὶ
589 3342 788 3414 ἔρρηξε
808 3344 878 3397 τά
906 3343 1083 3413 δεσμὰ
1116 3344 1304 3410 αὐτοῦ,
1337 3344 1431 3398 καὶ
1483 3345 1739 3413 ἐξέϐαλεν

171 3430 350 3496 αὑτὸν,
405 3432 503 3484 κα)⁸
536 3432 697 3496 αὐτὸς
746 3431 936 3504 ὥσπερ
969 3434 1027 3487 ἐν
1055 3434 1309 3488 ἐκστάσει
1353 3433 1450 3503 ὢν,
1489 3437 1739 3509 ἐνόμιζεν

167 3524 346 3594 ὅραμα
376 3518 540 3578 εἶναι.

232 3640 305 3690 Δ¹.
354 3636 709 3707 Ἐρώτησις.
742 3638 853 3693 Kal
881 3636 1008 3707 πῶς
1027 3641 1355 3698 πίπτουσιν
1387 3646 1443 3698 ol
1468 3644 1740 3714 ἐνεργού-

161 3745 330 3798 μενοι
356 3730 481 3783 ὑπὸ
509 3731 753 3799 χάριτος
777 3730 955 3797 Θεοῦ;

242 3844 603 3914 Ἀπόκρισις.
635 3846 801 3899 Αὐτοὶ
833 3846 882 3900 oi
921 3848 1169 3919 λογισμοὶ
1195 3850 1243 3902 οἱ
1295 3849 1527 3921 καθαροὶ¹
1580 3851 1639 3905 ἐν
1670 3855 1739 3924 τῇ

166 3936 269 4008 ἰδία
336 3938 503 4007 φύσει
557 3938 919 3992 ὀλισθαίνουσι
977 3939 1072 3993 καὶ
1123 3940 1437 3997 πίπτουσιν.
1478 3944 1739 4014 ’Δρχεται

163 4030 266 4100 γὰρ
298 4029 650 4101 ἐπαίρεσθαι,
685 4030 1057 4100 κατακρίνειν,
1085 4032 1181 4084 καὶ
1212 4032 1411 4101 λέγειν’
1442 4032 1525 4087 Σὺ
1547 4034 1738 4103 ἀμαρ-

162 4121 353 4188 τωλὸς
383 4117 464 4186 εἷ,
496 4120 641 4191 ἐχειν
672 4122 717 4175 δ’
734 4122 924 4176 ἐαυτὸν
952 4122 1160 4176 δίκαιον
1188 4140 1202 4153 ·
1238 4125 1339 4177 οὐκ
1364 4120 1513 4187 οἶδας
1544 4124 1597 4177 τί
1648 4124 1739 4178 λέ-

160 4230 243 4282 γει
269 4215 298 4267 ὁ
329 4213 579 4279 Παῦλος;
612 4212 821 4282 Ἐδόθη
845 4231 946 4284 μοι
975 4215 1224 4283 σκόλοψ
1244 4213 1318 4283 τῇ
1340 4215 1541 4283 σαρκὶ,
1570 4215 1740 4286 ἄγγε-

160 4308 270 4372 λος
300 4305 509 4359 Σατὰν
528 4344 542 4367 ,
573 4306 675 4359 ἵνα
724 4322 799 4373 με
854 4305 1168 4375 κολαφίζῃ,
1194 4306 1397 4376 ἵναμὴ
1420 4308 1740 4377 ὑπεραίρωὶ

152 4413 277 4466 μαι.
318 4399 480 4469 Ἐχει
508 4398 615 4469 γάρ
635 4399 669 4469 ἡ
695 4397 911 4469 καθαρὰ
933 4396 1095 4467 φύσις
1122 4398 1183 4451 τὸ
1216 4400 1629 4471 ὑπεραίρεσθαι.

221 4577 301 4633 E'.
352 4577 700 4647 Ἐρώτησις.
748 4578 815 4631 El
844 4576 1099 4631 δύναται
1139 4595 1227 4642 τις
1261 4576 1358 4635 διὰ
1404 4578 1510 4634 τοῦ
1542 4580 1736 4648 φωτὸς

157 4670 305 4725 ἰδεῖν
350 4670 473 4739 τὴν
498 4670 715 4725 ἑαυτοῦ
743 4669 976 4739 ψαχὴν,
1028 4667 1235 4737 ἐπειδή
1268 4687 1429 4736 τινες
1453 4670 1568 4739 τὴν
1591 4673 1737 4728 ἀπο-

154 4754 432 4831 κάλυψιν
480 4762 815 4831 ἀναιροῦσι,
860 4762 957 4816 καὶ
991 4762 1243 4832 λέγουσι
1266 4801 1282 4826 ,
1321 4761 1420 4817 διὰ
1457 4762 1736 4833 γνώσεως

154 4855 246 4907 καὶ
271 4854 622 4921 αἰσθήσεως
643 4850 795 4909 εἶναι
824 4852 937 4922 τὴν
960 4853 1210 4922 ὅρασιν;

236 4965 615 5033 Ἀπόκρισις.
645 4963 830 5017 Ἔστιν
888 4963 1164 5032 αἴσθησις,
1224 4964 1321 5017 καὶ
1348 4963 1496 5019 ἐστιν
1523 4966 1735 5035 ὅρασις,

152 5055 246 5109 καὶ
268 5054 389 5107 ἔστι
419 5052 719 5123 φωτισμός.
754 5054 861 5106 Καὶ
894 5047 1046 5116 οῦτος
1075 5053 1103 5105 6
1132 5053 1270 5124 ἔχων
1291 5054 1383 5108 τὸν
1435 5057 1734 5127 φωτισμὸν,

155 5146 362 5217 μείζων
405 5148 529 5200 ἐστὶ
556 5146 649 5199 τοῦ
705 5146 918 5217 ἔχοντος
957 5146 1055 5217 τὴν
1118 5146 1395 5219 αἴσθησιν.
1437 5148 1737 5220 Ἐφωτίσθη

151 5238 260 5310 γὰρ
287 5240 317 5291 6
348 5235 481 5299 νοῦς
500 5236 685 5301 αὑτοῦ,
712 5236 787 5299 ὡς
815 5238 897 5289 ὅτι
926 5237 1118 5309 μερίδα
1161 5239 1283 5292 τινά
1334 5236 1559 5310 μείζονα
1583 5239 1739 5292 ἔλαϐε

151 5332 309 5403 παρά
334 5332 436 5385 τὸν
471 5330 567 5401 τὴν
581 5329 829 5398 αἴσθησιν
860 5329 1073 5401 ἔχοντα,
1099 5330 1288 5400 ἐπειδὴ
1312 5326 1451 5384 εἶδεν
1486 5333 1544 5383 ἐν
1561 5331 1737 5401 ἐαυτῷ

149 5441 270 5477 τινα
294 5423 679 5495 πληροφορίαν
708 5422 973 5493 ὁράσεων.
1009 5423 1155 5493 Πλὴν
1177 5424 1304 5477 ἄλλο
1338 5425 1486 5479 ἐστὶν
1522 5425 1734 5479 ἀποκάο

149 5515 332 5585 λυψις,
394 5517 491 5569 ὅτε
530 5514 831 5585 πράγματα
891 5516 1103 5586 μεγάλα
1154 5519 1248 5571 καὶ
1300 5518 1574 5590 μυστήρια
1601 5516 1737 5571 Θεοῦ

149 5608 613 5663 ἀποκαλύπτεται
632 5613 697 5681 τῇ
718 5610 885 5680 ψυχῇ.

222 5790 266 5822 ’³
296 5788 428 5847 Act.
465 5803 561 5854 xu,
586 5789 639 5857 5,
661 5790 715 5844 8.
792 5788 836 5821 ⁸ο
868 5790 1055 5845 llCor.
1091 5806 1181 5856 xu,
1218 5790 1267 5843 7.

1844 3259 2219 3323 detruserunt,
2260 3269 2494 3324 cumque
2542 3268 2731 3307 carcer
2782 3258 2928 3306 esset
2976 3249 3217 3312 clausus,
3269 3248 3423 3302 venit

1844 3350 2093 3421 angelus,
2126 3357 2182 3404 et
2202 3347 2446 3404 effractis
2470 3345 2711 3400 vinculis
2731 3345 2853 3415 ejus
2885 3341 3075 3398 eduxit
3114 3356 3264 3405 eum,
3302 3339 3421 3409 ipse

1844 3457 1975 3497 vero
1998 3452 2254 3511 tanquam
2289 3440 2345 3494 in
2380 3452 2605 3493 excessu
2650 3435 2852 3493 mentis
2873 3435 3224 3500 constitutus,
3250 3432 3423 3489 visio-

1844 3549 1971 3589 nem
1993 3532 2221 3603 putabat
2238 3530 2431 3585 esse".

1914 3645 2004 3701 IV.
2039 3642 2414 3713 Interrogatio.
2433 3641 2501 3697 At
2535 3639 2792 3712 quomodo
2818 3637 3035 3703 cadunt,
3067 3638 3158 3708 qui
3185 3654 3218 3691 a
3242 3636 3419 3708 gratia

1844 3737 1939 3792 Dei
1964 3737 2264 3807 diriguntur
2289 3734 2316 3789 ἲ

1927 3848 2236 3918 Responsio.
2310 3844 2444 3916 Ipsae
2488 3843 2846 3915 cogitationes
2887 3856 3041 3912 purae
3088 3840 3143 3895 in
3198 3838 3420 3909 propria

1846 3947 2045 3993 natura
2094 3937 2359 3991 labuntur
2410 3952 2475 3992 ac
2528 3935 2750 3990 cadunt.
2811 3932 3009 4003 Incipit
3050 3932 3199 3988 enim
3254 3931 3421 3986 homo

1846 4027 2056 4093 extolli,
2108 4026 2377 4099 judicare,
2430 4042 2493 4081 ac
2550 4025 2771 4080 dicere:
2805 4025 2879 4079 Tu
2931 4030 3173 4095 peccator
3216 4038 3290 4087 es,
3336 4037 3423 4077 se-

1847 4122 2027 4192 ipsum
2058 4134 2194 4174 vero
2219 4121 2427 4191 justum
2454 4118 2748 4173 aestimare.
2772 4115 2983 4178 Nescis,
3001 4114 3134 4185 quid
3165 4114 3421 4183 loquatur

1847 4212 2095 4267 Paulus?
2126 4210 2293 4264 Datus
2324 4219 2400 4263 est
2440 4209 2565 4263 mihi
2612 4207 2822 4262 aculeus
2870 4207 3042 4272 carni,
3068 4205 3287 4277 angelus
3316 4204 3419 4261 Sa-

1850 4314 2010 4368 tance,
2044 4311 2101 4356 ut
2132 4319 2210 4357 me
2232 4300 2466 4372 colaphis
2504 4300 2696 4367 credat,
2743 4316 2808 4354 ne
2841 4316 3006 4369 supra
3043 4298 3254 4352 modum
3297 4298 3421 4367 επε-

1848 4408 1942 4445 rar
1984 4391 2051 4445 ⁸⁸.
2124 4390 2301 4445 Habet
2358 4388 2507 4444 enim
2552 4405 2691 4460 pura
2732 4403 2953 4459 quoque
3009 4397 3205 4443 natura
3254 4386 3311 4441 in
3361 4399 3421 4440 se

1773 4508 1824 4568 υ
1849 4482 2139 4553 quamdam
2176 4481 2512 4552 superbiam.

1838 4573 1847 4582 ’
1915 4575 1978 4630 ν.
2014 4574 2389 4644 Interrogatio.
2437 4572 2626 4627 Utrum
2655 4573 2769 4642 quis
2796 4588 2889 4644 per
2919 4570 3098 4627 lumen
3123 4571 3422 4641 conspicere

1841 4685 1994 4723 suam
2034 4668 2196 4738 ipsius
2231 4667 2469 4720 animam
2507 4672 2695 4736 potest,
2739 4663 3163 4734 quandoquidem
3201 4661 3421 4732 quidam

1844 4758 2216 4813 reuelationem
2270 4755 2488 4820 tollunt,
2545 4754 2807 4818 dicentes,
2848 4769 2942 4823 per
3000 4752 3347 4824 cognitionem
3371 4756 3421 4803 et

1840 4869 2049 4907 sensum
2074 4848 2195 4920 ﬁeri
2217 4850 2463 4904 visionem
2488 4848 2514 4901 ἱ)

1915 4965 2219 5035 Responsio.
2252 4962 2349 5017 Est
2383 4976 2598 5025 sensus,
2624 4970 2681 5015 et
2708 4968 2794 5014 est
2821 4958 2983 5023 visio,
3015 4965 3071 5011 et
3098 4965 3184 5012 est
3210 4954 3416 5010 illumi-

1844 5058 1995 5112 natio
2019 5065 2232 5125 :,atque
2261 5053 2356 5124 qui
2395 5053 2734 5107 illuminatus
2760 5061 2868 5115 est,
2902 5050 3075 5119 major
3116 5055 3222 5112 est,
3252 5061 3417 5117 quam

1847 5149 1940 5218 qui
1971 5147 2135 5201 habet
2160 5162 2385 5202 sensum
2416 5162 2430 5198 :
2464 5144 2770 5199 illuminata
2796 5151 2880 5196 est
2908 5141 3056 5196 enim
3087 5155 3243 5195 mens
3275 5138 3416 5207 ejus,

1845 5238 2047 5307 quippe
2076 5236 2172 5307 qui
2222 5236 2485 5305 majorem
2524 5240 2732 5302 partem
2780 5228 3074 5298 acceperit,
3120 5242 3281 5296 quam
3322 5225 3419 5293 qui

1845 5346 2065 5385 sensum
2098 5328 2283 5383 habet.
2336 5325 2618 5396 Siquidem
2663 5322 2813 5379 videt
2864 5321 2920 5379 in
2946 5334 3002 5374 se
3028 5316 3417 5373 certitudinem

1847 5422 2139 5494 quamdam
2170 5420 2463 5475 visionum.
2511 5417 2899 5472 Verumtamen
2949 5410 3097 5465 aliud
3144 5416 3228 5463 est
3256 5421 3415 5462 reve-

1808 5522 1811 5527 ’
1850 5514 2003 5577 latio,
2045 5512 2267 5585 quando
2317 5526 2406 5567 res
2440 5525 2645 5582 magna
2670 5517 2726 5565 et
2760 5522 2972 5564 arcana:
2998 5503 3300 5561 divinitatis
3331 5518 3418 5583 re-

1847 5610 2098 5666 velantur
2126 5606 2340 5662 anllnm.
