3948 6542
148 335 247 401 529

1346 339 1716 402 IIOMILLE.
1740 365 1811 376 -
1835 340 2021 401 ΗΟΜ.
2057 339 2222 401 VIII.

2061 216 2085 245 ο

3315 338 3418 402 530

147 448 220 511 ὡς
259 446 359 518 μία
393 445 588 501 οὐσία·
635 446 993 519 πολυτρόπως
1044 447 1124 513 δὲ,
1171 447 1248 513 ὡς
1296 448 1441 504 θέλει
1490 452 1625 521 πρὸς
1674 451 1726 506 τὸ

1835 452 2047 508 homini
2078 454 2229 509 velut
2259 466 2367 507 una
2394 449 2702 506 substantia
2728 467 2742 505 :
2772 450 2944 506 variis
2969 464 3105 506 vero
3138 452 3318 507 modis
3345 451 3417 506 ad

148 540 444 611 συμφέρον,
478 541 753 612 οἰκονομεῖ
789 541 885 595 τὸν
916 541 1225 611 ἄνθρωπον,
1253 542 1386 597 ποτέ
1418 543 1519 614 μὲν
1556 544 1720 598 πλέον

147 632 427 686 ἔκκαίεται
473 634 569 688 καὶ
616 633 848 686 ἅπτεται
885 632 949 687 τὸ
993 633 1129 705 πῦρ*
1157 634 1290 688 ποτὲ
1316 633 1385 688 δὲ’
1411 634 1488 699 ὡς
1516 635 1723 705 μαλθα-

147 723 384 795 κώτερον
414 725 509 778 καὶ
539 721 864 795 πραότερον,
892 726 986 779 καῖ
1010 726 1142 780 αὐτὸ
1171 726 1233 780 τὸ
1257 726 1373 795 φῶς
1415 727 1559 782 κατὰ
1603 745 1724 781 και-

146 815 270 886 ρούς
301 832 450 877 τινας
499 816 661 870 πλέον
712 816 1006 881 ἐξάπτεται
1054 817 1151 871 καὶ
1207 817 1434 887 λάμπει,
1482 818 1615 872 ποτὲ
1665 818 1724 872 δὲ

145 909 556 970 ὑποστέλλεται.
594 911 689 962 καὶ
737 911 1048 979 στυγνάζει,
1084 911 1181 965 καὶ
1233 910 1372 981 αὐτὴ
1417 912 1451 980 ή
1499 910 1723 981 λαμπὰς

144 1002 374 1053 πάντοτε
413 1001 679 1072 καιομένη
726 1002 821 1055 καὶ
862 1003 1177 1073 λάμπουσα,
1237 1004 1367 1057 ὅταν
1418 1002 1720 1075 φαιδρυνθῇ

145 1090 303 1143 πλέον
334 1092 393 1143 ὲν
452 1090 590 1162 μέθῃ
647 1092 944 1156 ἐξάπτεται
992 1095 1094 1158 τῆς
1147 1094 1376 1166 ἀγάπης
1415 1094 1513 1148 τοῦ
1548 1094 1723 1148 Θεοῖν

142 1179 299 1244 αὖθις
336 1181 392 1234 δὲ
428 1184 551 1235 κατ’
584 1184 898 1255 οἰκονομίαν
937 1185 1207 1253 ἐκδίδωσι,
1246 1186 1425 1241 καίτοι
1459 1186 1617 1241 συνὸν
1661 1186 1725 1241 τὸ

143 1272 259 1343 φῶς
288 1272 631 1345 ἁμὸλύτερόν
654 1275 794 1331 ἐστι.

210 1448 287 1503 I".
328 1448 475 1522 Πλὴν
525 1451 774 1523 ἐπεφάνη
826 1454 939 1508 τισὶ
986 1452 1049 1508 τὸ
1100 1455 1333 1524 σημεῖον
1360 1452 1454 1508 τοῦ
1485 1454 1723 1529 σταυροῦ

137 1540 227 1594 διὰ
257 1541 457 1611 φωτὸς,
488 1542 583 1597 καὶ
615 1544 943 1617 προσεπάγη
971 1544 1052 1617 τῷ
1073 1545 1183 1601 ἔσω
1207 1544 1505 1617 ἀνθρώπῳ,
1534 1546 1724 1603 ἄλλοτε

138 1632 305 1688 πάλιν
332 1635 391 1687 ἐν
417 1638 485 1706 τῇ
514 1636 671 1708 εὐχῇ,
713 1638 790 1702 ὡς
824 1640 882 1692 ἐν
912 1638 1171 1694 ἐκστάσει
1208 1639 1436 1708 γέγονεν
1463 1640 1493 1693 ό
1514 1638 1725 1711 ἄνθρω-

137 1743 268 1790 πος,
303 1725 401 1779 καὶ
426 1727 628 1799 εὑρέθη
662 1730 744 1794 εἰς
786 1730 1173 1803 θυσιαστήριον
1212 1730 1386 1795 έστὼς
1428 1735 1488 1785 ἐν
1520 1731 1722 1804 ἐκκλη-

140 1820 269 1891 σίᾳ,
301 1822 397 1874 καὶ
428 1820 885 1892 προσηνέχθησαν
908 1820 987 1892 τῷ
1019 1821 1246 1892 τοιούτῳ
1288 1821 1443 1894 ἄρτοι
1464 1824 1611 1893 τρεῖς
1645 1821 1720 1886 ὡς
1747 1826 1794 1885 Β

135 1909 207 1964 δι’
244 1912 428 1967 ἐλαίου
457 1910 824 1983 ἐζυμωμένοι,
848 1913 945 1967 καὶ
968 1913 1092 1967 ὅσον
1126 1914 1336 1986 ἤσθιεν,
1357 1914 1537 1968 έκεῖνο
1566 1913 1729 1969 πλέον

135 1998 341 2070 ηὔξανε
392 2003 488 2057 καὶ
532 2001 862 2072 ἐμηκύνετο,
888 2002 1081 2058 ἄλλοτε
1106 2003 1274 2057 πάλιν
1309 2002 1500 2075 ὥσπερ
1526 2003 1732 2075 ένδυμά

136 2108 193 2145 τι
230 2093 519 2160 φωτεινὸν,
575 2087 688 2147 οἷον
745 2094 847 2147 οὐκ
900 2093 1050 2149 εστιν
1099 2094 1195 2149 ἐπὶ
1237 2094 1337 2167 τῆς
1368 2097 1471 2166 γῆς
1506 2096 1588 2159 εἰς
1637 2095 1729 2150 τὸν

136 2185 314 2239 αἰῶνα
333 2184 551 2249 τοῦτον,
581 2184 710 2239 οὔτε
742 2185 848 2241 ὑπὸ
878 2186 1236 2256 ἀνθρωπίνων
1280 2187 1480 2257 χειρῶν
1507 2187 1729 2243 δυνατὸν

136 2278 674 2349 κατασκευασθῆναι.
711 2280 808 2333 ⁸ον
845 2279 955 2349 γὰρ
989 2279 1190 2350 τρόπον
1218 2281 1298 2345 εἰς
1333 2280 1395 2334 τὸ
1421 2280 1546 2353 ὅρος
1569 2280 1728 2335 ἀνελ-

136 2368 254 2423 θὼν
285 2370 315 2423 ὁ
342 2369 546 2440 Κύριος
591 2369 731 2440 μετά
766 2368 1016 2425 Ἰωάννου
1054 2371 1150 2425 καὶ
1203 2373 1432 2443 Πέτρου,
1467 2374 1729 2444 μετήμει-

134 2463 243 2533 ψεν
297 2460 464 2516 αὖτοῦ
514 2463 583 2517 τά
637 2463 830 2533 ἰμάτια
886 2463 982 2517 καὶ
1013 2462 1353 2535 ὲξαστράψαι
1401 2465 1725 2536 πεποίηκενο

135 2552 320 2618 οὕτως
356 2549 426 2625 ἢν
449 2554 512 2608 τὸ
536 2553 739 2623 ἔνδυμα
754 2555 953 2622 ἐκεῖνο,
972 2558 1067 2610 καὶ
1089 2555 1394 2627 ἐθαύμασε,
1430 2558 1524 2611 καὶ
1556 2555 1729 2628 ἐθαμ-

130 2644 293 2699 ϐεῖτο
350 2644 381 2696 ό
422 2644 777 2715 ἐκδεδυμένος
809 2644 1096 2716 ἄνθρωπος
1118 2662 1134 2678 ο
1166 2648 1224 2700 ἐν
1252 2647 1397 2718 ἄλλῳ
1446 2647 1505 2703 δὲ
1549 2647 1727 2720 καιρῷ

134 2735 278 2791 αὐτὸ
312 2734 375 2790 τὸ
408 2736 523 2807 φῶς
555 2738 614 2791 ἐν
639 2739 706 2809 τῇ
744 2737 945 2809 καρδίᾳ
972 2740 1182 2808 φαῖνον,
1217 2739 1404 2810 ἧνοιγε
1437 2739 1497 2793 τὸ
1524 2741 1726 2794 ἐνδότεο

134 2845 236 2900 ρον
284 2828 381 2881 καῖ
430 2827 747 2899 βαθύτερον,
776 2828 875 2881 καὶ
915 2829 1236 2899 ἀπόκρυφον
1261 2830 1398 2898 φῶς,
1437 2830 1578 2884 ὥστε
1606 2831 1727 2885 ὅλον

129 2921 231 2975 τὸν
262 2919 550 2991 ἄνθρωπον
578 2920 959 2976 καταποθέντα
1003 2922 1084 2985 εἰς
1143 2922 1359 2993 ἐκείνην
1399 2921 1497 2994 τὴν
1523 2923 1726 2993 γλυκύ-

126 3029 282 3084 τητα
309 3012 404 3067 καὶ
433 3011 689 3082 θεωρίαν,
721 3011 921 3083 μηκέτι
972 3011 1119 3082 ἔχειν
1167 3013 1380 3080 ἑαυτὸν,
1414 3013 1530 3067 ἀλλ’
1586 3011 1726 3066 εἰναι

130 3104 214 3168 ὡς
251 3104 436 3175 μωρὸν
464 3105 560 3158 καὶ
590 3103 869 3175 βάρϐαρον
903 3103 983 3173 τῷ
1011 3104 1205 3176 κόσμῳ
1237 3104 1435 3177 τούτῳ,
1486 3104 1577 3159 διὰ
1624 3105 1725 3176 τὴν

128 3198 589 3270 ὕπερσάλλουσαν
617 3198 840 3268 ἀγάπην
864 3199 958 3251 καὶ
981 3198 1317 3267 γλυκύτητα,
1350 3197 1440 3251 διὰ
1487 3196 1558 3251 τὰ
1583 3197 1722 3253 ἀπόο
1751 3176 1797 3237 c

126 3307 328 3362 κρυφα
350 3289 629 3359 μυστήρια
647 3304 661 3320 ·
684 3288 825 3342 ὥστε
848 3288 938 3343 τὸν
960 3288 1249 3359 ἄνθρωπον
1274 3288 1396 3343 κατ’
1419 3291 1625 3343 ἐκεῖνον
1640 3288 1731 3342 τὸν

126 3384 336 3455 καιρὸν
357 3381 790 3453 ἐλευθερωθέντα
810 3381 1013 3451 φθάσαι
1031 3383 1109 3447 εἰς
1130 3382 1200 3436 τὰ
1221 3382 1403 3437 τέλεια
1418 3382 1614 3454 μέτρα,
1638 3381 1732 3436 καὶ

128 3470 285 3529 εἶναι
319 3474 562 3545 καθαρὸν
593 3475 687 3527 καὶ
716 3473 1005 3546 ἐλεύθερον
1034 3475 1099 3527 ὲκ
1127 3474 1227 3544 τῆς
1258 3473 1529 3545 ἁμαρτίας
1547 3490 1562 3506 ο
1595 3472 1733 3528 ἀλλά

130 3567 285 3637 μετά
304 3566 483 3620 ταῦτα
508 3565 825 3619 ὑπέστειλεν
842 3566 875 3635 ή
891 3564 1200 3635 χάρις,-καί
1224 3559 1356 3635 ἦλθε
1384 3565 1445 3618 τὸ
1464 3563 1731 3634 κάλυμμα

123 3659 241 3729 τῆς
259 3659 514 3722 ἐναντίας
539 3659 841 3729 δυνάμεωςο
858 3658 1109 3728 φαίνεται
1130 3658 1185 3711 δέ
1206 3662 1333 3721 πως’
1344 3657 1606 3728 μερικῶς,
1636 3658 1731 3711 καὶ

125 3754 274 3822 ἔστη
305 3753 385 3815 εἰς
411 3752 508 3805 ἕνα
536 3751 743 3822 βαθμὸν
770 3750 862 3803 τὸν
888 3750 1207 3820 κατώτερον
1235 3752 1336 3821 τῆς
1366 3750 1726 3821 τελειότητος.

208 3850 293 3901 Δ’.
336 3846 449 3909 ⁸ος,
488 3845 575 3898 ῐνα
607 3844 872 3916 εἴπωμεν,
899 3843 1005 3916 χρὴ
1028 3843 1235 3898 δώδεκα
1263 3843 1508 3917 βαθμοὺς
1536 3846 1728 3917 παρελ-

125 3941 259 3996 θεῖν
284 3957 433 4003 τινα,
454 3939 551 3992 καὶ
580 3938 784 4010 φθάσαι
814 3940 891 4001 εἰς
921 3938 1020 4007 τὴν
1049 3937 1382 4008 τελειότητα.
1424 3939 1513 3991 Ἐν
1550 3938 1727 4011 καιρῷ

122 4049 225 4098 τις
262 4031 470 4102 ἔφθασε
499 4031 829 4085 καταλαϐεῖν
854 4032 1029 4083 έκεῖνο
1069 4030 1132 4082 τὸ
1165 4030 1381 4100 μέτρον,
1413 4032 1510 4084 καὶ
1541 4030 1725 4101 εἰσῆλ-

124 4123 234 4179 Θεν
257 4125 341 4188 εἰς
366 4125 467 4194 τὴν
483 4123 799 4193 τελειότητα
819 4137 832 4151 ·
861 4122 1024 4175 πάλιν
1050 4120 1329 4174 ἐνδίδωσιν
1349 4123 1381 4189 ὴ
1418 4123 1601 4192 χάρις,
1632 4121 1725 4175 καὶ

121 4218 477 4287 κατέρχεται
527 4215 656 4286 παρ’
687 4215 784 4269 ἕνα
829 4213 1059 4285 βαθμὸν,
1091 4212 1189 4266 καὶ
1227 4214 1449 4285 ἑστήκει
1482 4215 1563 4278 εἰς
1599 4215 1726 4279 τοὺς

120 4309 360 4363 ἕνδεκα.
412 4302 510 4371 Εἷς
556 4307 613 4361 δέ
650 4324 732 4370 τις
770 4304 1027 4369 πλούσιος
1070 4306 1130 4358 ἐν
1157 4308 1223 4376 τῇ
1258 4305 1462 4375 χάριτι,
1495 4305 1725 4359 πάντοτε

117 4399 342 4463 νυκτὸς
371 4400 465 4454 καῖ
491 4399 722 4471 ἡμέρας,
741 4401 820 4463 εἰς
847 4398 918 4453 τὰ
945 4398 1128 4452 τέλεια
1152 4399 1331 4470 μέτρα
1357 4399 1615 4469 ἔστηκεν,
1650 4399 1724 4452 ὣν

113 4489 432 4560 ἐλεύθερος
469 4489 565 4543 καὶ
617 4489 893 4560 καθαρὸς,
944 4489 1179 4543 πάντοτε
1228 4490 1576 4561 αἰχμάλωτος
1632 4490 1726 4544 καὶ

118 4583 443 4654 μετέωρος.
477 4582 587 4635 Καὶ
630 4581 725 4634 νῦν
751 4577 796 4649 ᾧ
824 4582 1039 4653 ἐδείχθη
1073 4583 1258 4636 ἐκεῖνα
1309 4582 1378 4635 τὰ
1418 4580 1721 4652 θαυμάσια,

114 4674 234 4727 καὶ
273 4667 350 4725 ὧν
397 4674 591 4741 πεῖραν
638 4671 831 4725 ἔλαϐεν
877 4674 905 4725 ὁ
950 4672 1256 4744 ἄνθρωπος,
1288 4674 1337 4725 εἰ
1368 4673 1532 4742 συνῆν
1576 4671 1726 4742 αὐτῷ

111 4766 406 4825 πάντοτε,
437 4764 540 4817 οὐκ
568 4763 791 4816 ἐδύνατο
842 4765 942 4835 τὴν
979 4765 1294 4835 οἰκονομίαν
1339 4765 1432 4819 τοῦ
1479 4765 1641 4834 λόγου
1690 4764 1724 4836 ἢ

107 4857 184 4911 τὸ
220 4855 402 4926 βάρος
441 4855 826 4922 ὑποδέξασθαι,
855 4855 980 4909 οὕτε
1012 4858 1263 4929 ἠνείχετο
1301 4857 1522 4912 ἀκούειν
1567 4858 1599 4930 ἢ
1632 4874 1727 4929 μει-

107 4950 343 5021 ριμνᾷν
378 4948 458 5012 εἰς
506 4947 568 5001 τὺ
604 4948 789 5020 τυχὸν,
827 4951 955 5019 περὶ
1008 4950 1229 5016 ἐαυτοῦ,
1280 4949 1407 5003 οὕτε
1456 4951 1585 5021 περὶ
1629 4952 1727 5021 τῆς

108 5040 366 5121 αὔριον,
400 5042 447 5092 εἰ
486 5040 560 5110 μὴ
594 5042 753 5110 μόνον
782 5041 1054 5111 καθῆσθαι
1102 5044 1159 5095 ἐν
1191 5045 1290 5115 μιᾷ
1318 5042 1494 5115 γωνίᾳ.
1529 5044 1732 5114 μετέω-

106 5147 251 5203 ρον,
321 5129 419 5181 καὶ
486 5129 919 5200 μεμεθυσμένον.
958 5131 1123 5184 Ὥστε
1168 5132 1231 5184 τὸ
1278 5131 1483 5185 τέλειον
1534 5134 1731 5204 μέτρον

98 5222 231 5275 οὐκ
288 5218 470 5289 ἐδόθη,
515 5220 600 5273 ἵνα
650 5220 853 5293 δυνηθῇ
910 5222 1171 5292 σχολάσαι
1205 5224 1285 5287 εἰς
1328 5225 1428 5295 τὴν
1459 5225 1730 5297 μέριμναν

94 5313 243 5365 τῶν
310 5310 577 5379 ἀδελφῶν,
631 5312 728 5365 καὶ
789 5313 869 5377 εἰς
924 5316 1024 5385 τὴν
1071 5314 1351 5369 διακονίαν
1386 5320 1481 5369 τοῦ
1539 5317 1722 5385 λόγου,

98 5403 289 5472 πλὴν
339 5401 401 5454 τὸ
444 5402 759 5473 μεσότοιχον
801 5403 896 5457 τοῦ
957 5404 1215 5477 φραγμοῦ
1265 5406 1595 5475 διαλέλυται,
1632 5408 1728 5462 καὶ

94 5498 421 5567 νενίκηται
448 5498 477 5549 ὁ
508 5498 755 5563 θάνατος.

189 5592 247 5646 Ε
277 5630 293 5644 .
330 5591 415 5644 Τὰ
456 5591 513 5645 δὲ
544 5594 848 5665 πράγματα
891 5594 1064 5660 οὕτως
1103 5596 1272 5655 ἐστίν.
1316 5597 1404 5663 Ὣς
1446 5599 1729 5673 γνοφώδης

196 5775 264 5808 ⁸³
290 5772 485 5831 Matth.
524 5776 734 5843 “11,2;
809 5776 974 5833 Marc.
1009 5793 1081 5841 ix,
1108 5776 1161 5833 5.

1822 543 2043 600 libitum
2068 543 2389 609 voluntatis,
2416 551 2685 613 quantum
2737 544 2987 613 prodest,
3024 544 3284 614 disponit
3316 544 3417 599 ho-

1823 632 2029 689 minem
2053 651 2066 688 :
2089 632 2386 702 aliquando
2418 631 2568 687 enim
2619 632 2869 689 intentus
2895 632 3217 688 accenditur
3242 642 3298 688 et
3327 647 3417 689 ar-

1824 725 1919 780 det
1938 724 2101 795 ignis;
2120 724 2419 795 aliquando
2438 739 2571 779 vero
2594 724 2884 780 remissius
2896 734 2953 779 et
2972 724 3178 780 lentius
3199 741 3211 778 :
3234 725 3413 794 ipsum

1824 834 2045 888 quoque
2076 819 2260 874 lumen
2284 817 2616 888 quibusdam
2644 818 2987 888 temporibus
3020 818 3415 874 vehementius

1823 913 2145 968 accenditur
2184 922 2241 968 et
2286 915 2479 969 lucet:
2534 914 2833 983 aliquando
2862 930 2996 970 vero
3029 915 3331 973 remittitur
3359 922 3416 968 et

1825 1005 2041 1062 tristius
2065 1014 2169 1063 est.
2195 1006 2287 1061 Sic
2316 1007 2431 1075 ipsa
2464 1023 2685 1077 quoque
2707 1008 2956 1071 lucerna,
2975 1007 3188 1062 scilicet
3214 1006 3411 1077 gratia,

1823 1097 2033 1168 ubique
2048 1113 2279 1152 accensa
2297 1106 2353 1153 et
2376 1099 2592 1165 lucens,
2612 1101 2834 1170 quando
2851 1101 3196 1170 splendidior
3218 1100 3411 1161 fuerit,

1823 1186 2099 1242 intensius
2131 1186 2462 1242 accenditur
2512 1188 2583 1242 ab
2617 1188 2894 1243 ebrietate
2944 1189 3260 1244 dilectionis
3292 1190 3412 1244 Dei.

1825 1280 2065 1335 Rursum
2081 1288 2265 1335 autem
2282 1280 2692 1349 dispensatione
2708 1281 2942 1351 quadam
2961 1282 3189 1337 exhibet
3204 1283 3413 1349 lumen,

1827 1370 1978 1442 quod
2010 1371 2155 1427 inest
2178 1371 2454 1427 obtusius.

1892 1461 1983 1517 Ill.
2006 1462 2183 1517 Porro
2212 1477 2310 1531 per
2330 1462 2516 1517 lumen
2542 1464 2805 1533 apparuit
2828 1462 3165 1534 quibusdam
3195 1463 3412 1534 signum

1825 1554 2028 1617 crucis,
2050 1562 2105 1608 et
2129 1551 2349 1608 atl'ixum
2375 1553 2540 1609 estin
2572 1554 2823 1610 interiori
2848 1554 3255 1610 homine:alias
3282 1555 3414 1609 item

1826 1644 1971 1700 inter
1997 1644 2338 1715 precandum
2371 1645 2562 1711 homo,
2606 1646 2760 1702 velut
2792 1647 2850 1702 in
2887 1661 3115 1701 excessu
3139 1648 3414 1702 constitu-

1826 1742 1936 1797 tus,
1969 1733 2227 1790 inventus
2258 1743 2345 1790 est
2376 1745 2505 1790 ante
2568 1736 2742 1792 altare
2776 1745 2927 1792 stans
2984 1738 3041 1792 in
3070 1738 3323 1802 ecclesia,
3358 1747 3415 1792 et

1822 1824 1990 1879 oblati
2033 1832 2165 1879 sunt
2206 1824 2259 1879 ei
2312 1834 2425 1881 tres
2471 1841 2662 1896 panes,
2705 1828 2859 1882 velut
2904 1827 3029 1883 oleo
3074 1827 3412 1895 fermentati,

1830 1926 1888 1972 et
1907 1926 2116 1987 quanto
2136 1918 2311 1989 magis
2337 1918 2550 1985 ederet,
2594 1929 2749 1975 tanto
2779 1921 2955 1992 magis
2983 1921 3333 1993 augebantur
3359 1929 3415 1976 et

1830 2008 2187 2064 crescebant:
2218 2010 2343 2065 aliis
2373 2011 2502 2065 item
2536 2012 2795 2081 apparuit
2828 2014 2982 2067 velut
3013 2014 3411 2069 vestimentum

1832 2099 2203 2170 splendidum,
2240 2102 2403 2172 quale
2437 2117 2549 2157 non
2579 2112 2665 2158 est
2688 2105 2742 2158 in
2771 2114 2917 2159 terra
2947 2105 3054 2159 hoc
3088 2105 3294 2160 saeculo
3330 2104 3414 2159 ul—

1830 2192 1966 2259 lum,
2013 2209 2117 2249 nec
2155 2194 2415 2249 manibus
2447 2195 2734 2249 hominum
2768 2195 2964 2250 confici
2990 2204 3192 2266 potest.
3213 2195 3415 2262 Quem-

1829 2284 2127 2339 admodum
2179 2284 2330 2338 enim
2369 2292 2614 2338 montem
2650 2285 2960 2340 ascendens
2991 2285 3257 2341 Dominus
3287 2301 3413 2339 cum

1826 2377 2037 2432 Joanne
2062 2385 2120 2431 et
2143 2376 2307 2431 Petro
2330 2377 2741 2432 transformavit
2770 2378 3102 2433 vestimenta
3133 2394 3254 2445 sua,
3290 2379 3413 2433 illa-

1828 2484 1937 2539 que
1960 2468 2245 2539 splendida
2270 2469 2504 2540 fulguris
2524 2469 2697 2525 instar
2717 2468 2987 2525 reddit“:
3009 2471 3278 2540 ejusmodi
3295 2479 3416 2526 erat

1827 2560 2218 2616 vestimentum
2241 2562 2400 2626 illud,
2426 2570 2489 2617 ut
2511 2563 2883 2620 admiraretur
2915 2572 2972 2619 et
2993 2564 3417 2633 obstupesceret

1825 2661 2026 2708 exutus
2052 2654 2187 2708 illud
2227 2654 2417 2709 homo.
2451 2655 2736 2711 Interdum
2788 2672 2981 2712 verum
3014 2658 3201 2711 lumen
3232 2656 3413 2725 ipsum

1827 2744 1884 2800 in
1908 2746 2074 2800 corde
2108 2745 2345 2813 fulgens,
2377 2747 2592 2816 aperuit
2622 2748 2857 2803 interius
2894 2757 2952 2804 et
2987 2748 3321 2819 profundius
3350 2763 3415 2804 ac

1826 2837 2008 2893 latens
2035 2838 2244 2902 lumen,
2276 2838 2416 2894 adeo
2449 2846 2511 2894 ut
2543 2847 2695 2895 torus
2719 2840 2887 2896 homo
2921 2840 3012 2896 illa
3048 2842 3319 2896 suavitate
3358 2849 3416 2897 et

1827 2929 2293 2998 contemplatione
2313 2930 2621 2995 demersus,
2649 2947 2757 2986 non
2793 2933 3030 3003 amplius
3050 2934 3122 2987 sit
3147 2933 3231 2987 sui
3261 2948 3415 2987 com-

1826 3036 1949 3092 pos,
2000 3021 2099 3078 sed
2150 3022 2223 3077 sit
2279 3030 2539 3093 tanquam
2594 3024 2797 3078 stultus
2850 3032 2907 3080 et
2957 3025 3228 3080 barbarus
3286 3026 3417 3082 huic

1828 3117 2058 3183 mundo,
2084 3128 2311 3190 propter
2342 3121 2567 3176 nimiam
2594 3122 2946 3177 dilectionem
2972 3138 3036 3177 ac
3060 3122 3413 3189 suavitatem,

1833 3219 2136 3293 et_arcana
2181 3214 2465 3284 mysteria,
2495 3213 2634 3268 adeo
2683 3222 2747 3268 ut
2790 3214 2958 3268 homo
2992 3223 3124 3269 tunc
3157 3215 3415 3271 libertate

1834 3302 2071 3359 donatus
2095 3305 2385 3374 perveniat
2414 3305 2478 3359 ad
2512 3305 2814 3371 perfectum
2849 3305 3077 3376 gradum
3132 3322 3305 3376 purus
3350 3320 3416 3361 ac

1833 3394 1976 3449 liber
2004 3410 2033 3448 a
2061 3404 2307 3464 peccato.
2335 3395 2540 3451 Verum
2581 3406 2768 3466 postea
2800 3396 3065 3452 subduxit
3113 3412 3171 3452 se
3216 3398 3412 3468 gratia,

1832 3492 1888 3541 et
1914 3487 2142 3541 accessit
2170 3487 2420 3542 velamen
2448 3488 2777 3543 adversariae
2811 3490 3133 3559 potestatis;
3187 3497 3417 3558 apparet

1834 3583 2017 3632 tamen
2048 3577 2229 3647 aliqua
2257 3594 2325 3632 ex
2359 3589 2535 3648 parte,
2572 3589 2628 3635 et
2675 3579 2930 3636 consistit
2984 3579 3039 3633 in
3081 3594 3193 3633 uno
3240 3579 3413 3649 gradu

1832 3669 2081 3725 inferiori
2108 3672 2481 3742 perfectionis.

1899 3869 1991 3924 IV.
2028 3868 2214 3936 Velut,
2242 3877 2302 3924 ut
2325 3868 2595 3934 dicamus,
2623 3878 2842 3939 oportet
2859 3870 3098 3941 aliquem
3124 3870 3415 3926 duodecim

1829 3963 2033 4034 gradus
2067 3962 2484 4026 transcendere,
2542 3972 2600 4016 et
2649 3963 2870 4017 demum
2907 3963 2973 4017 ad
3016 3964 3414 4033 perfectionem

1828 4057 2164 4125 pertingere.
2226 4053 2537 4123 Aliquando
2590 4053 2714 4123 quis
2750 4064 3084 4109 consecutus
3125 4063 3209 4109 est
3266 4056 3416 4111 hunc

1828 4146 2081 4218 gradum,
2117 4154 2173 4202 et
2206 4147 2459 4218 pervenit
2489 4144 2555 4200 ad
2590 4146 3008 4216 perfectionem.
3062 4149 3266 4203 lterum
3322 4164 3413 4203 re-

1828 4239 2049 4294 missior
2072 4238 2215 4294 facta
2245 4238 2441 4310 gratia,
2479 4238 2767 4293 descendit
2798 4256 2967 4293 unum
2996 4240 3246 4311 gradum,
3280 4249 3333 4295 et
3360 4241 3416 4295 in

1829 4332 2059 4404 reliquis
2088 4331 2347 4388 undecim
2378 4331 2652 4387 consistit.
2682 4332 2847 4387 Dives
2876 4342 3060 4387 autem
3104 4334 3305 4404 aliquis
3358 4334 3416 4388 in

1829 4427 2001 4499 gratia
2035 4441 2255 4496 semper
2289 4435 2480 4481 noctes
2516 4436 2683 4497 atque
2725 4426 2842 4480 dies
2870 4424 2924 4479 in
2967 4427 3215 4495 perfecto
3242 4427 3416 4497 gradu

1759 4533 1800 4588 ο
1828 4516 2102 4581 consistit,
2136 4517 2277 4571 liber
2301 4532 2363 4571 ac
2392 4532 2586 4587 purus,
2614 4532 2832 4587 semper
2885 4517 3137 4586 captivus
3193 4534 3257 4572 ac
3290 4534 3417 4574 sus-

1832 4620 2056 4676 pensus.
2086 4605 2153 4659 Et
2179 4603 2425 4674 quidem,
2475 4604 2520 4657 si
2565 4604 2837 4659 mirabilia
2869 4605 2983 4671 illa,
3034 4622 3156 4675 qua:
3205 4606 3415 4660 homini

1832 4703 2135 4750 monstrata
2162 4704 2310 4762 sunt,
2346 4704 2401 4749 et
2446 4711 2686 4765 quorum
2725 4698 3130 4767 experientiam
3167 4698 3334 4767 cepit,
3362 4700 3415 4753 ei

1832 4803 2052 4857 semper
2091 4786 2367 4853 adessent,
2413 4804 2516 4843 nec
2542 4788 2913 4844 ministerium
2956 4789 3112 4844 verbi
3154 4798 3416 4846 autonns

1833 4880 2056 4950 aliquod
2081 4881 2367 4950 suscipere
2392 4890 2601 4951 posset,
2636 4897 2819 4951 neque
2869 4881 3064 4936 audire
3098 4890 3193 4936 aut
3222 4897 3413 4936 curam

1840 4988 2054 5044 gerere,
2087 4973 2130 5027 si
2166 4973 2389 5043 quando
2455 4988 2595 5042 opus
2646 4985 2813 5039 esset,
2865 4974 2949 5028 sui
3002 4973 3195 5043 ipsius,
3232 4958 3422 5043 neque

1830 5062 2055 5117 crastini
2094 5063 2226 5126 diei,
2253 5062 2349 5117 sed
2378 5063 2557 5117 solum
2591 5065 2784 5119 sedere
2817 5064 2871 5118 in
2918 5081 3029 5119 uno
3062 5066 3263 5134 angulo
3293 5082 3419 5120 sus-

1830 5166 2036 5222 pensus
2063 5162 2119 5208 et
2153 5152 2478 5209 inebriatus.
2508 5154 2856 5224 Quapropter
2898 5156 3102 5226 gradus
3137 5156 3417 5227 perfectus

1829 5259 1939 5298 non
1968 5251 2052 5298 est
2084 5260 2398 5310 concessus,
2422 5254 2482 5301 ut
2506 5246 2676 5317 possit
2706 5263 2899 5302 vacare
2930 5265 3077 5304 curae
3104 5248 3334 5303 fratrum
3358 5260 3418 5305 et

1834 5335 2140 5391 ministerio
2163 5338 2338 5393 verbi.
2370 5339 2759 5394 Verumtamen
2786 5339 3143 5395 interstitium
3166 5343 3416 5405 maceria}

1835 5427 2079 5483 dirutum
2109 5437 2211 5494 est,
2248 5438 2303 5485 et
2335 5446 2484 5486 mors
2519 5430 2757 5486 devicta.

1912 5605 1976 5661 V.
2036 5605 2147 5662 Res
2203 5615 2387 5665 autem
2446 5608 2525 5665 sic
2593 5624 2652 5666 sc
2705 5608 2891 5667 habet.
2944 5609 3416 5678 Quemadmodum
