3948 6522
606 317 703 381 531
1846 334 1909 394 s.
1948 332 2266 394 MACARII
2305 333 2628 393 JEGYPTII
3727 326 3811 391 tu

607 433 895 490 tenebrosa
939 436 1188 506 quaedam
1241 438 1326 495 vis
1377 439 1664 507 incumbit,
1700 452 1756 497 et
1793 443 1990 499 leviter
2019 446 2144 499 veln

2273 462 2357 508 τις
2404 444 2633 512 δύναμις
2690 438 2962 495 ἐπίκειται
3021 437 3116 491 καὶ
3168 434 3428 500 σκεπάζει
3496 436 3813 505 ὲλαφρῶςὼς

602 541 822 581 crassus
843 528 1068 597 quidam
1098 544 1193 583 aer
1234 530 1487 600 inopacat
1526 531 1730 597 locum,
1782 534 2008 588 lucerna
2047 534 2145 588 lica:

2275 536 2382 609 ἀὴρ
2413 538 2614 607 παχὺς,
2654 534 2833 588 καίτοι
2891 531 3126 586 πάντοτε
3164 531 3263 600 τῆς
3291 529 3577 599 λαμπάδος
3623 532 3813 598 καιομέ-

601 631 822 687 semper
848 618 1076 673 ardente
1105 628 1161 673 et
1195 618 1454 674 lucente:
1488 619 1569 674 sic
1603 621 1847 677 adbaeret
1867 621 1944 676 illi
1979 621 2150 676 lumin

2274 646 2373 698 νης
2425 629 2523 681 καὶ
2574 625 2906 696 φαινούσης·
2949 622 3127 685 οὕτως
3190 621 3467 675 ἐπίκειται
3527 620 3709 689 ἐκείνῳ
3750 621 3814 689 τῷ

605 710 872 765 velamen.
904 711 1061 766 Unde
1085 712 1380 767 conﬁtetur
1415 714 1526 779 ille,
1561 730 1620 769 se
1654 730 2000 785 nequaquam
2052 712 2151 771 essi

2277 724 2417 793 φωτὶ
2445 722 2731 791 κάλυμμα.
2773 720 2938 773 Ὅθεν
2963 717 3217 789 ὁμολογεῖ
3246 710 3422 779 οὗτος,
3456 717 3539 769 ὅτι
3587 715 3683 767 οὐκ
3718 715 3813 768 ἔστι

603 801 926 869 perfectum,
964 819 1143 874 neque
1166 805 1393 859 omnino
1424 806 1727 860 immunem
1752 822 1782 861 a
1811 816 2069 876 peccato:
2099 807 2151 862 it:

2273 814 2499 878 τέλειος,
2531 812 2653 865 οὐδὲ
2703 811 2986 881 ἐλεύθερος
3032 810 3094 863 τὸ
3148 808 3267 862 ὅλον
3302 809 3366 860 ὲκ
3413 806 3514 875 τῆς
3552 806 3813 874 ἁμαρτίας.

603 901 665 945 ιιι
696 893 987 963 dicat,33
1066 895 1309 950 dirutum
1362 905 1419 952 et
1465 897 1773 967 perfossum
1833 914 1955 955 esse
1997 900 2151 955 inter.

2275 907 2440 959 Ὥστε
2507 906 2704 967 εἰπεῖν,
2753 905 2836 956 ὅτι
2882 902 3194 956 διαλέλυται
3255 899 3351 953 καὶ
3401 897 3718 967 τέθραυσται
3770 898 3815 948 τὸ

598 983 797 1051 icctum
830 986 1091 1053 parietem
1126 989 1395 1053 maceriae,
1429 998 1594 1059 atque
1625 992 1846 1056 iterum,
1878 991 1935 1046 in
1981 991 2151 1062 aliqu:

2275 994 2586 1064 μεσότοιχον
2613 992 2705 1046 τοῦ
2738 991 3018 1063 φραγμοῦ,
3054 992 3150 1044 καὶ
3177 989 3342 1043 πάλιν
3364 988 3421 1041 ἐν
3461 1004 3569 1041 τινι
3591 988 3650 1039 οὐ
3669 987 3815 1040 oculi.

599 1082 773 1141 parte,
810 1090 920 1128 non
968 1090 1093 1132 esse
1136 1079 1297 1148 plane
1338 1080 1607 1143 dirutum,
1660 1097 1840 1151 neque
1870 1082 1924 1137 in
1971 1098 2151 1153 perpe-

2270 1084 2424 1137 λυται
2462 1084 2522 1137 τὸ
2563 1083 2703 1147 ὅλον,
2733 1082 2858 1136 οὔτε
2912 1083 3165 1138 πάντοτε.
3201 1081 3358 1133 Ἐστι
3382 1078 3492 1149 γὰρ
3532 1078 3715 1148 καιρὸς
3751 1077 3815 1131 ὅτι

600 1172 771 1219 tuum.
804 1166 1115 1237 Aliquando
1136 1171 1283 1224 enim
1332 1172 1716 1228 vehementius
1752 1174 2025 1237 accendit,
2072 1175 2151 1229 ad‘

2271 1174 2434 1227 πλέον
2479 1173 2722 1238 ἐξάπτει,
2759 1172 2854 1226 καὶ
2887 1171 3215 1243 παρακαλεῖ,
3245 1170 3338 1224 καὶ⁵
3367 1167 3641 1223 ἀναπαύει
3662 1185 3679 1200 ο
3725 1168 3815 1220 ἔστι

596 1264 785 1309 monet
813 1266 870 1311 et
905 1258 1173 1313 rcfocillat
1202 1261 1408 1331 gratia:
1457 1261 1755 1332 aliquando
1802 1279 1935 1318 vero
1968 1266 2151 1320 remis-

2270 1266 2479 1336 καιρὸς,
2519 1266 2608 1319 ὅτε
2637 1263 3026 1317 ὑποστέλλεται
3074 1262 3171 1317 καὶ⁵
3227 1259 3553 1329 στυγνάζει,
3603 1259 3677 1322 ὡς
3705 1260 3816 1330 αὐτὴ

596 1342 711 1398 sior
751 1343 893 1400 facta
938 1347 1257 1403 subtristior
1314 1358 1559 1419 apparet,
1612 1362 1777 1420 prout
1832 1352 1949 1422 ipsa
1993 1355 2151 1424 grati:

2270 1359 2301 1426 ἡ
2347 1356 2504 1426 χάρις
2552 1356 2825 1425 οἰκονομεῖ
2846 1353 2981 1425 πρὸς
3022 1352 3084 1405 τὸ
3130 1352 3408 1423 συμφέρον
3442 1350 3523 1423 τῷ
3552 1350 3811 1421 ἀνθρώπῳ.

595 1435 876 1504 dispensat
937 1438 1006 1491 ad
1051 1440 1484 1495 emolumentum
1534 1441 1794 1496 hominis.
1849 1442 1987 1508 Quis
2035 1460 2167 1499 vero

598 1542 841 1596 unquam
875 1528 942 1582 ad
974 1530 1276 1599 perfectum
1310 1532 1540 1602 gradum
1569 1548 1894 1604 progressus
1928 1538 2167 1605 gustavit

594 1626 653 1672 et
698 1620 1002 1686 periculum
1054 1620 1187 1675 fecit
1239 1622 1387 1677 illius
1433 1623 1658 1678 saeculi?
1707 1624 1960 1680 Nondum
2015 1627 2164 1682 enim

598 1711 768 1765 ullum
823 1712 933 1765 vidi
971 1712 1275 1781 perfectum
1325 1715 1604 1770 hominem
1649 1717 2021 1772 Christianum
2066 1726 2162 1773 aut

594 1803 854 1858 liberum.
882 1803 991 1859 Sed
1031 1804 1280 1874 quamvis
1331 1807 1647 1875 acquiescat
1704 1808 1831 1877 quis
1873 1808 1928 1862 in
1965 1810 2159 1878 gratia,

593 1899 763 1959 atque
798 1890 869 1945 ad
903 1891 1180 1962 mysteria,
1208 1893 1570 1948 revelationes
1597 1909 1662 1949 ac
1685 1895 2006 1949 immensam
2033 1911 2160 1951 sua-

594 1979 820 2033 vitatem
847 1981 1035 2049 gratia;
1061 1982 1364 2050 perveniat,
1400 1983 1765 2039 nihilominus
1821 1994 2001 2039 tamen
2033 2002 2160 2055 pec-

594 2077 778 2122 catum
819 2068 1001 2123 adhuc
1045 2069 1100 2123 in
1148 2086 1215 2125 eo
1254 2071 1443 2127 haeret.
1492 2071 1596 2138 Qui
1645 2072 1779 2127 tales
1824 2089 1958 2128 vero
2009 2084 2157 2141 sunt,

594 2163 819 2224 propter
869 2156 1189 2212 immensam
1246 2160 1473 2228 gratiam
1526 2170 1584 2216 et
1637 2162 1823 2217 lumen
1894 2163 2001 2219 illis
2063 2165 2160 2219 ad-

595 2248 830 2313 haerens,
897 2265 955 2304 se
1020 2250 1291 2320 perfectos
1360 2265 1417 2308 et
1473 2255 1680 2311 liberos
1749 2266 2024 2326 reputant,
2091 2275 2159 2315 ex

593 2337 870 2407 imperitia
913 2339 1148 2408 decepti,
1196 2351 1488 2412 postquam
1542 2346 1830 2414 possident
1881 2348 1993 2403 vim
2035 2365 2159 2421 gra-

591 2431 701 2483 tiae.
735 2430 931 2484 Verum
966 2430 1202 2485 necdum
1236 2434 1349 2487 vidi
1386 2435 1555 2490 ullum
1591 2438 1846 2493 liberum.
1874 2439 2155 2509 Siquidem

589 2529 648 2574 et
683 2536 784 2591 ego
816 2536 883 2576 ex
905 2531 1058 2591 parte
1085 2524 1268 2594 aliqua
1310 2526 1605 2596 aliquando
1632 2528 1700 2582 ad
1740 2530 1968 2600 gradum
2001 2529 2155 2585 illum

595 2613 843 2679 perveni,
897 2623 955 2668 et
1005 2616 1259 2686 cognovi.
1298 2618 1510 2673 nullum
1548 2635 1673 2676 esse
1707 2621 1987 2678 hominem
2029 2638 2156 2692 per-

590 2705 819 2758 fectum.

654 2793 742 2848 Vl.
769 2792 1145 2865 Interrogatio.
1183 2794 1281 2851 Dic
1312 2798 1457 2851 nobis
1488 2799 1743 2869 inquibus
1768 2809 1824 2855 tu
1846 2804 2083 2858 consistis

587 2884 835 2956 gradibus
853 2885 879 2938 ?

656 2972 963 3043 Responsio.
1001 2977 1132 3032 Post
1175 2978 1392 3049 signum
1430 2981 1612 3049 crucis
1654 2983 1827 3053 gratia
1880 3000 2029 3041 nunc
2075 2986 2156 3043 sic

2266 1450 2363 1513 Τίς
2389 1450 2445 1503 δὲ
2478 1452 2507 1503 ὁ
2536 1447 2706 1503 ἐλθὼν
2757 1450 2838 1511 είς
2883 1447 2945 1500 τὸ
2987 1447 3186 1517 μέτρον
3216 1447 3279 1499 τὸ
3301 1445 3507 1500 τέλειον
3532 1447 3591 1499 ὲν
3613 1448 3813 1514 καιροῖς,

2266 1541 2361 1594 καὶ
2404 1540 2745 1611 γευσάμενος
2763 1578 2779 1604 ,
2824 1538 2920 1593 καὶ
2958 1540 3156 1609 πεῖραν
3184 1536 3326 1607 ἔχων
3354 1536 3568 1591 ἐκείνου
3598 1536 3689 1589 τοῦ
3709 1537 3815 1589 αίῶ-

2265 1650 2390 1699 νος;
2444 1632 2659 1704 Ἀκμὴν
2720 1633 2828 1703 γὰρ
2886 1630 3080 1685 οὐδένα
3124 1624 3264 1683 εἶδον
3312 1630 3518 1684 τέλειον
3563 1628 3816 1698 ἄνθρωπον

2262 1725 2607 1796 Χριστιανὸν,
2635 1724 2668 1796 ἢ
2696 1723 3013 1793 ὲλεύθερονο
3047 1722 3163 1776 ἀλλ’
3192 1724 3242 1776 εί
3275 1723 3371 1777 καὶ
3400 1721 3733 1775 ἀναπαύεται
3753 1739 3816 1785 τις

2267 1818 2325 1870 ἐν
2347 1818 2413 1887 τῇ
2441 1818 2661 1888 χάριτι,
2706 1815 2802 1869 καὶ
2831 1813 3143 1884 εἰσέρχεται
3172 1813 3252 1875 είς
3281 1814 3562 1882 μυστήρια
3590 1812 3682 1865 καὶ
3702 1812 3816 1864 ἀπο-

2267 1906 2548 1976 καλύψεις,
2578 1906 2674 1960 καὶ
2701 1907 2781 1968 είς
2807 1904 3051 1977 ήδύτητα
3075 1903 3277 1972 πολλὴν
3304 1902 3405 1975 τὴν
3424 1902 3667 1973 χάριτος,
3694 1904 3817 1972 ὅμως

2266 1999 2361 2052 καὶ
2387 2000 2421 2069 ἡ
2470 1997 2711 2069 ἁμαρτία
2752 1997 2999 2052 σύνεστιν
3040 1996 3228 2068 ἀκμὴν
3288 1996 3425 2051 ἔσω·
3463 1996 3622 2051 αὐτοὶ
3647 1996 3722 2059 δὲ,
3747 1997 3817 2049 διὰ

2264 2091 2366 2160 τὴν
2391 2089 2836 2161 ὑπερὸἀλλουσαν
2862 2090 3024 2160 χάριν
3050 2089 3230 2143 καὶτὸ
3254 2089 3313 2142 ὲν
3335 2089 3520 2152 αὐτοῖς
3546 2088 3817 2157 96);.qu-

2266 2180 2452 2244 ζουσιν
2494 2180 2769 2250 ἐλεύθεροι
2813 2176 2955 2235 εἶναι
3003 2181 3100 2234 καὶ
3135 2180 3364 2246 τέλειοι,
3404 2179 3560 2250 παρὰ
3587 2180 3816 2249 ἀπειρίαν

2268 2274 2628 2344 σφαλλόμενοι
2648 2314 2663 2339 ,
2708 2274 2895 2344 ἐπειδὴ
2926 2273 3141 2343 ἔχουσιν
3168 2273 3451 2344 ἐνέργειαν
3477 2275 3578 2344 τῆς
3601 2273 3814 2343 χάριτος.

2264 2365 2450 2436 ἀκμὴν
2476 2364 2534 2418 δὲ
2575 2364 2766 2418 οὐδένα
2793 2360 2935 2418 εἶδον
2965 2364 3268 2435 ἐλεύθερον.
3312 2364 3531 2434 Ἐπειδὴ
3563 2361 3716 2431 κάγὼ
3740 2382 3815 2433 μευ

2266 2454 2436 2527 ρικῶς
2461 2455 2519 2508 ὲν
2541 2455 2753 2526 καιροῖς
2773 2471 2935 2517 τισιν,
2967 2452 3219 2524 είσῆλθον
3241 2456 3322 2518 είς
3343 2454 3520 2508 ἐκεῖνο
3538 2454 3601 2507 τὸ
3617 2454 3813 2525 μέτρον,

2263 2547 2359 2601 καὶ
2406 2544 2524 2601 οῖδα
2565 2545 2899 2617 καταμαθὼν
2921 2587 2937 2614 ,
2993 2546 3113 2612 πῶς
3157 2548 3259 2601 οὐκ
3296 2546 3416 2601 ἐστι
3456 2546 3657 2610 τέλειος
3690 2548 3815 2602 δᾶν.

2263 2637 2499 2710 θρωπος.

2334 2815 2425 2880 τῖ’.
2458 2812 2792 2883 Ἐρώτησις.
2822 2814 2969 2871 Εἰπὲ
2996 2814 3142 2886 ἡμῖν
3181 2815 3265 2871 σὺ
3284 2854 3300 2881 ,
3331 2815 3405 2871 ἐν
3430 2818 3626 2884 ποίοις
3654 2814 3712 2872 εἶ
3730 2820 3816 2887 pl-

2260 2920 2421 2969 τροις
2436 2921 2456 2969 ,'

2333 2922 2386 2957 οι
2436 2922 2456 2969 ;
2670 2930 2671 2933 η

2296 2922 2685 3063 ρ’Δξτόκρισις.
2716 2996 2871 3051 Μετά
2904 2998 2968 3051 τὸ
3013 3000 3240 3068 σημεῖον
3275 2996 3368 3051 τοῦ
3394 2998 3651 3069 σταυροῦ,
3682 2997 3815 3066 νῦνή

594 3076 877 3136 operatur,
908 3077 965 3123 et
992 3070 1177 3137 quieta
1226 3071 1406 3125 reddit
1453 3073 1637 3127 omnia
1686 3075 1928 3130 membra
1955 3086 2011 3130 et
2035 3093 2151 3144 cor,

594 3158 845 3184 nlnn§n~uu
875 3174 983 3184 ..-μοι
1015 3176 1220 3184 -.-Μ-..Α
1253 3162 1432 3184 1....2-2-
1485 3171 1735 3184 Α-....---..-
1768 3166 1928 3184 ___-II,
1966 3183 1970 3184 ν
2008 3168 2031 3184 ιι
2068 3183 2074 3184 ,

2270 3084 2418 3155 χάρις
2441 3085 2612 3151 οὕτως
2653 3089 2869 3159 ἐνεργεῖ
2894 3089 2986 3142 καὶ
3018 3088 3290 3160 είρηνεύει
3322 3090 3421 3143 ὅλα
3449 3091 3519 3143 τὰ
3554 3091 3688 3160 μέλη
3738 3093 3816 3143 καὶ

593 3158 846 3212 utanima
875 3174 985 3228 pra:
1014 3176 1225 3215 summa
1252 3162 1461 3229 laetitia,
1485 3171 1741 3233 tanquam
1767 3166 1982 3235 puellus
2006 3168 2157 3222 frau~

591 3250 680 3302 dis
712 3250 934 3319 ignarus
954 3251 1228 3318 videatur,
1257 3268 1359 3307 nec
1386 3254 1621 3323 amplius
1645 3256 1811 3311 homo
1832 3259 2161 3314 condemnet

590 3340 840 3395 Graecum
867 3350 959 3396 aut
986 3342 1257 3407 Judaeum,
1288 3352 1383 3398 aut
1428 3356 1796 3415 peccatorem,
1827 3356 1924 3402 aut
1952 3349 2159 3404 mundo

591 3431 840 3487 deditum
867 3452 879 3487 :
907 3450 1099 3489 verum
1145 3436 1377 3492 interior
1416 3437 1581 3492 homo
1610 3440 1770 3493 oculo
1808 3456 1945 3509 puro
1968 3457 2161 3497 omnes

591 3525 807 3595 aspicit.
856 3536 912 3584 et
958 3529 1172 3583 laetatur
1199 3531 1362 3585 homo
1400 3532 1469 3586 de
1506 3540 1622 3587 toto
1653 3535 1878 3599 mundo,
1909 3538 2161 3590 omnino-

590 3632 698 3685 que
725 3618 877 3687 cnpit
920 3622 1171 3675 venerari
1207 3632 1263 3676 et
1308 3622 1535 3693 diligere
1565 3624 1784 3680 Grzecos
1825 3635 1880 3681 et
1919 3627 2156 3683 Judaros.

589 3708 708 3763 Alia
736 3709 972 3778 quadam
1012 3711 1147 3766 hora
1172 3714 1345 3767 veluti
1378 3714 1524 3769 illius
1568 3716 1713 3785 regis
1753 3718 1979 3772 conlidit
2022 3718 2159 3774 Filio

588 3800 685 3856 Dei
720 3812 977 3873 tanquam
1019 3807 1275 3875 patri,.et
1321 3809 1645 3878 aperiuntur
1675 3811 1736 3871 ei
1767 3811 1934 3877 fores,
1965 3813 2155 3881 etgin-

586 3893 836 3963 greditur
888 3896 1035 3951 intro
1106 3897 1162 3951 in
1218 3900 1417 3955 multas
1469 3903 1796 3958 mansiones.
1843 3905 1911 3958 Et
1953 3918 2158 3975 quanto

586 3986 762 4055 magis
787 3986 1114 4056 ingreditur,
1152 4005 1373 4045 rursum
1407 3994 1729 4062 aperiuntur
1762 3995 1813 4048 ei
1844 3996 1997 4065 juxta
2026 4012 2156 4066 pro-

585 4075 895 4143 portionem
925 4094 954 4131 a
987 4087 1207 4137 centum
1249 4082 1628 4138 mansionibus
1658 4083 1723 4137 ad
1753 4084 1890 4139 alias
1930 4095 2155 4140 centum

560 4165 913 4229 .mansiones,
930 4179 985 4221 et
1006 4166 1243 4233 ditescit;
1264 4178 1319 4223 et
1354 4179 1562 4239 quanto
1589 4173 1760 4242 magis
1789 4174 2030 4241 ditescit,
2056 4174 2157 4231 de-

580 4272 694 4311 nuo
706 4257 810 4312 alia
834 4260 1142 4315 recentiora
1159 4261 1435 4317 mirabilia
1453 4264 1502 4317 ei
1526 4274 1924 4321 monstrantur.
1939 4268 2007 4322 Et
2030 4283 2155 4323 cre-

581 4350 789 4405 duntur
825 4353 877 4406 ei
922 4360 1180 4422 tanquam
1205 4354 1347 4409 t'ﬁlio
1381 4365 1437 4410 et
1492 4357 1697 4412 haeredi
1737 4374 1847 4426 res,
1907 4377 2029 4431 qua:
2085 4363 2155 4416 ab

2258 3175 2356 3244 τὴν
2383 3177 2632 3247 καρδίαν,
2670 3178 2812 3232 ὥστε
2847 3180 2945 3250 τὴν
2974 3180 3153 3251 ψυχὴν
3175 3183 3239 3234 ὲκ
3269 3182 3373 3251 τῆς
3418 3181 3619 3249 πολλῆς
3662 3184 3816 3252 χαρᾶς

2258 3268 2335 3331 ὼς
2372 3268 2580 3323 παιδίον
2600 3270 2807 3324 ἄκακον
2842 3271 3152 3341 φαίνεσθαι,
3184 3273 3279 3328 καὶ
3301 3272 3488 3327 οὐκέτι
3516 3275 3815 3345 κατακρίνει

2258 3359 2287 3410 ό
2319 3357 2605 3428 ἄνθρωπος
2634 3359 2874 3431 Ἕλληνα
2918 3360 2953 3432 ἢ
3016 3361 3266 3416 Ἰουδαῖον
3286 3403 3300 3428 ,
3346 3363 3380 3432 ἢ
3414 3362 3753 3433 ἁμαρτωλὸν,
3787 3362 3814 3431 ἦ

2258 3451 2522 3519 κοσμικόν
2552 3464 2567 3479 ⁸
2607 3451 2723 3505 ἀλλ’
2756 3455 2784 3506 ὁ
2819 3453 2927 3507 ἔσω
2957 3454 3247 3526 ἅνθρωπος
3296 3454 3524 3525 καθαρῷ
3570 3454 3816 3523 ὀφθαλμῷ

2259 3540 2471 3604 πάντας
2512 3542 2636 3613 ὁρᾷ,
2682 3543 2778 3597 καὶ
2827 3544 3011 3615 χαίρει
3063 3548 3092 3599 ό
3140 3545 3428 3613 ἄνθρωπος
3480 3546 3573 3599 ἐπὶ
3604 3547 3711 3615 ὅλῳ
3748 3546 3816 3616 τῷ

2261 3632 2474 3704 κόσμῳ,
2528 3634 2622 3689 καὶ
2674 3635 2893 3699 πάντως
2924 3636 3069 3690 θέλει
3112 3638 3445 3708 προσκυνεῖν
3474 3638 3572 3693 καὶ
3613 3638 3815 3706 ἀγαπᾷν

2259 3722 2527 3796 Ἕλληνας
2582 3725 2679 3779 καὶ
2707 3725 3016 3790 Ἰουδαίους.
3049 3727 3217 3798 Ἀλλῃ
3248 3726 3369 3799 ὥρᾳ
3401 3727 3516 3791 υίὸς
3573 3728 3816 3797 βασιλέως

2260 3814 2404 3869 οὕτω
2434 3815 2627 3887 θαρρεῖ
2646 3815 2726 3887 τῷ
2747 3816 2860 3887 Υίῷ
2885 3816 2981 3871 τοῦ
3009 3817 3144 3871 Θεοῦ
3188 3818 3263 3883 ὡς
3294 3819 3487 3889 πατρὶ,
3535 3819 3633 3871 καὶ
3685 3819 3814 3871 ἀνοί-

2259 3922 2444 3975 γονται
2475 3906 2624 3977 αὐτῷ
2651 3906 2833 3978 θύραι,
2865 3908 2961 3962 καὶ
2991 3910 3300 3981 εἰσέρχεται
3347 3910 3497 3963 ἔνδον
3526 3913 3609 3974 εἰς
3634 3909 3813 3972 mili;

2260 3998 2446 4067 μονὰς,
2496 3999 2589 4052 καὶ
2617 3999 2742 4053 ὅσον
2794 4001 3127 4071 εἰσέρχεται,
3151 4000 3313 4056 πάλιν
3344 4002 3655 4069 ἀνοίγονται
3685 4003 3811 4069 αὐτῷ

2255 4087 2393 4159 πρὸς
2421 4086 2598 4157 λόγον,
2633 4089 2740 4143 ἀπὸ
2762 4090 2958 4144 ὲκατδν
2986 4091 3165 4161 μονῶν
3195 4093 3276 4155 είς
3300 4092 3468 4156 ἄλλας
3493 4094 3692 4147 ἑκατὸν
3730 4110 3811 4162 μοι

2256 4179 2377 4244 νὰς,
2404 4179 2500 4233 καὶ
2527 4180 2753 4233 πλουτεί
2782 4194 2794 4207 ⁸
2826 4181 2920 4235 καὶ
2944 4181 3057 4253 ὅσῳ
3085 4182 3325 4247 πλουτεῖ,
3357 4184 3520 4237 πάλιν
3553 4186 3687 4239 ἄλλα
3712 4203 3811 4237 και-

2255 4268 2452 4339 νότερα
2476 4269 2754 4339 θαυμάσια
2790 4270 3065 4326 δείκνυται
3098 4273 3268 4344 αὐτῷ.
3303 4275 3412 4328 Καὶ
3441 4275 3810 4345 ὲμπιστεύεται

2253 4360 2330 4425 ὡς
2363 4360 2483 4431 υἱῷ,
2517 4361 2611 4414 καὶ
2639 4362 2962 4435 κληρονόμῳ
2989 4366 3290 4436 πράγματα
3323 4368 3400 4438 μὴ
3430 4368 3710 4439 δυνάμενα
3731 4371 3811 4438 ρη-

580 4440 817 4495 hUmana
874 4452 1070 4498 natura
1117 4445 1380 4513 explicari
1432 4458 1735 4519 nequeunt,
1776 4467 1879 4507 nec
1909 4468 2005 4509 ore
2057 4464 2151 4510 aut

2270 4453 2413 4524 λῆναι
2429 4453 2534 4507 ὑπὸ
2560 4453 2774 4523 φύσεως
2793 4454 3164 4528 ἀνθρωπίνης,
3192 4459 3224 4530 ἢ
3248 4460 3477 4530 στόματι
3493 4462 3588 4514 καὶ
3609 4460 3810 4529 γλώσσῃ

420 4544 431 4550 ”
478 4574 483 4577 -
574 4533 765 4604 .ingua
790 4534 1039 4590 enodari.
1070 4535 1255 4592 Gloria
1284 4538 1418 4593 Deo.
1450 4539 1653 4595 Amen.
1937 4550 1966 4597 3

1162 4670 1442 4728 HOMILIA
1473 4674 1564 4731 IX.

571 4776 951 4860 Promissiones
979 4798 1040 4835 ac
1076 4786 1374 4865 prophetias
1397 4786 1601 4865 divinas
1622 4794 1920 4865 per_varias
1955 4799 2149 4865 proba-

642 4849 807 4923 tiones
828 4858 877 4923 et
907 4849 1217 4923 tentationés
1236 4854 1446 4923 impleri
1465 4875 1483 4911 :
1507 4868 1553 4911 et
1578 4849 1679 4913 soli
1700 4860 1809 4914 Deo
1833 4849 2146 4922 adltérertdo

643 4917 860 4973 liberari
889 4937 981 4975 nos
1005 4922 1069 4975 ab
1104 4917 1527 4993 infestationibus
1553 4930 1822 4987 daemonis.

641 5159 681 5212 l.
701 5158 1015 5229 Spiritualis
1043 5164 1233 5233 gratia:
1254 5166 1350 5221 Dei
1368 5168 1701 5242 virtus,’quze
1728 5174 1782 5229 in
1812 5177 1993 5233 anima
2021 5194 2142 5235 ver-

2246 4543 2666 4618 διαρθρωθῆναι.
2697 4544 2834 4612 Δόξα
2861 4548 2937 4619 τῷ
2966 4548 3105 4619 Θεῷ.
3133 4534 3330 4621 ’Δμήν.

2845 4680 3091 4736 OMIAIA
3132 4682 3210 4739 8’.

2256 4791 2366 4857 Τὰς
2393 4793 2756 4863 ἐπαγγελίας
2795 4794 2915 4864 Ακαὶ
2956 4795 3323 4864 προφητείας
3369 4796 3479 4851 τοῦ
3530 4797 3681 4851 Θεοῦ
3724 4796 3805 4849 διὰ

2320 4862 2731 4943 παμποικίῖιης
2780 4862 3139 4943 δοκιμασίας
3178 4866 3304 4943 ξιαὶ⁸
3338 4866 3672 4943 ,πειράσεως
3699 4867 3805 4919 δια-

2319 4933 2701 5005 πληροῦσθαι
2732 4949 2745 4962 '
2774 4935 2872 5005 καὶ
2916 4937 3093 5005 μόνῳί
3131 4933 3210 4999 τῷ
3268 4936 3390 5005 Θεῷ
3435 4933 3805 5005 προσκαρτε-

2300 5003 2565 5074 ροῦντας
2583 5003 2951 5074 λυτροῦσθαι
2978 5004 3136 5074 ἡμᾶς
3170 5004 3289 5059 ἀπὸ
3318 5004 3440 5060 τῶν
3488 5003 3595 5061 τοῦ
3622 5003 3803 5072 nm-

2302 5072 2419 5141 ροῦ
2452 5072 2806 5140 πειράσεων.

2307 5187 2469 5241 A’.’H
2501 5185 2600 5240 τοῦ
2632 5186 2769 5240 Θεοῦ
2803 5188 3148 5258 πνευματικὴ
3178 5188 3277 5259 τῆς
3305 5188 3532 5259 χάριτος
3562 5188 3801 5260 ἐνέργεια

568 5258 743 5314 satur,
791 5267 915 5306 cum
985 5269 1199 5310 summa
1259 5257 1696 5331 longanimitate,
1752 5268 2041 5336 sapientia,
2084 5280 2142 5326 et

2270 5295 2294 5331 ν
2320 5276 2471 5347 ψυχῇ
2498 5278 2819 5349 γιγνομένη,
2862 5257 3002 5349 μετὰ
3029 5257 3241 5347 πολλῆςή
3263 5257 3649 5351 μακροθυμίας
3661 5257 3685 5340 V,
3720 5279 3801 5331 καὶ

565 5343 974 5411 dispensatione
1049 5348 1253 5403 mentis
1308 5353 1536 5423 mystica
1598 5368 1877 5427 operatur,
1942 5378 2136 5433 magna

2270 5343 2582 5437 ὀιρίαςξκαί
2612 5343 2924 5439 οἰκονομίας
2971 5370 3088 5433 νοὸς
3145 5343 3415 5439 μυστικῆς
3466 5343 3799 5440 κατεργάζε-

564 5432 729 5486 ctiam
758 5449 883 5488 cum
913 5437 1175 5504 patientia
1197 5455 1322 5495 cum
1352 5447 1612 5514 temporis
1633 5432 2137 5518 opportunitatibus

2271 5432 2349 5523 αι,
2376 5460 2483 5531 καὶλ
2498 5458 2639 5530 μετὰ
2665 5432 2867 5527 πολλῆς
2917 5432 3197 5531 ὑπομονῆς
3222 5432 3435 5530 χρόνοις
3472 5462 3569 5514 καὶ
3601 5432 3799 5530 καιροῖς

566 5523 791 5580 homine
829 5525 1149 5583 dimicante.
1181 5529 1337 5588 Tunc
1380 5547 1561 5591 autem
1607 5555 1747 5607 opus
1797 5543 1983 5612 gratiae
2010 5560 2135 5612 pcr-

2270 5550 2330 5603 οὖ
2361 5523 3110 5623 ἀνθρόιπουάγωνιζομένου·
3141 5523 3397 5606 καί-’τότε
3419 5554 3482 5606 τὸ
3513 5554 3679 5622 ἔργον
3700 5523 3795 5620 ’τῆς

565 5616 768 5671 fectum
812 5618 865 5672 in
896 5634 963 5674 eo
994 5632 1242 5689 apparet,
1286 5628 1513 5695 quando
1542 5622 1768 5685 liberam
1798 5635 1916 5703 ejus
1941 5637 2136 5690 volun—

2275 5642 2459 5710 ἀριτος
2497 5642 2702 5696 τέλειον
2734 5644 2815 5705 εἰς
2853 5643 3017 5696 αὑτὸν
3047 5643 3435 5697 ἀποδείκνυται
3458 5684 3475 5709 ,
3508 5647 3613 5714 τῆς
3677 5643 3799 5697 αὐτ-ν

566 5714 731 5760 tau-in
782 5716 905 5777 post
959 5724 1207 5780 magnam
1249 5719 1603 5775 tcntationcm
1662 5721 1888 5793 Spiritui
1946 5736 2136 5783 sancto

2271 5732 2483 5799 ξουσξου
2524 5735 2894 5807 προαιρέσεως
2925 5736 3063 5808 μετὰ
3092 5736 3295 5808 πολλῆς
3317 5737 3648 5810 δοκιμασίας
3679 5740 3794 5792 εὐα-
