3948 6528
148 320 230 437 δαὶς
1336 355 1788 419 HOMILm—
1809 360 1997 424 non.
2044 364 2151 427 1x.
3241 344 3345 410 534

147 486 310 557 ρέστοο
337 473 409 544 τῷ
438 469 712 542 Πνεύματι
742 468 1180 543 ἀποδειχθείσης,
1211 471 1308 524 καὶ
1341 472 1430 525 διὰ
1457 472 1674 543 χρόνων
1700 523 1706 531 ,

1783 476 1995 542 placere
2058 475 2411 532 manifestum
2464 479 2569 536 est,
2618 477 2676 525 et
2725 464 2946 538 quando
2990 478 3057 518 ex
3083 472 3342 517 Successu

146 554 227 642 τὴν
260 562 470 634 δοκιμὴν
502 565 597 615 καὶ
633 561 730 633 τὴν
760 562 1037 632 ὑπομονὴν
1066 558 1503 632 ἐπιδειξαμένου,
1530 561 1677 614 Tuo-

1786 572 2046 642 temporis
2091 569 2475 642 probationem
2514 572 2570 619 et
2622 555 3085 632 perseverantiam
3117 554 3231 622 ipsa
3260 568 3345 606 os-

144 680 226 732 την
268 659 318 712 δὲ
358 656 452 724 τὴν
482 654 806 707 ἀκολουθίαν
848 654 956 707 ἀπὸ
989 654 1098 707 τῶν
1131 654 1505 709 θεοπνεύστων
1538 655 1680 724 Γρα-

1788 663 1979 719 tendit.
2010 662 2161 717 Hanc
2182 657 2637 729 consequentiam
2679 660 2863 707 autem
2889 665 2955 703 ex
2986 644 3347 701 sacrosanctis

146 756 241 824 φῶν
278 748 357 803 διὰ
389 744 495 800 τῶν
520 747 578 798 ὲν
608 743 826 816 φανερῷ
854 746 1238 816 γεγενημένων
1266 744 1453 798 τύπων
1500 761 1678 814 παρα·

1791 757 2005 813 Litteris
2042 772 2144 826 per
2173 753 2497 809 manifestos
2541 759 2695 819 typos
2720 746 2777 800 in
2805 741 3050 797 medium
3081 737 3350 808 produca-

145 845 422 898 στήσωμεν.
1726 870 1743 873 μ

202 858 304 896 τισω
347 858 422 890 εν.
1726 870 1743 873 μ

202 889 265 986 θ’.
310 858 370 980 Ϋο
405 926 461 979 δὲ
513 925 659 992 λέγω
707 925 949 979 τοιοῦτόν
998 926 1169 991 ἐστιν,
1197 921 1310 979 οἷον
1346 926 1420 989 ὡς
1447 926 1539 978 ἐπὶ
1582 925 1675 979 τοῦ

1789 865 1923 904 mus.

1852 941 1918 995 ll.
1951 938 2108 1006 Quod
2137 944 2319 991 autem
2366 932 2514 998 dico,
2559 930 2667 984 tale
2714 936 2822 992 est,
2848 924 3008 995 quale
3058 919 3258 991 legitur
3280 917 3348 971 de

153 1024 347 1090 Ἰωσήφ.
392 1019 478 1071 Ἐν
508 1019 696 1080 πόσοις
729 1021 939 1087 καιροῖς
969 1018 1065 1071 καὶ
1093 1018 1303 1087 χρόνοις
1326 1018 1386 1070 τὸ
1430 1016 1676 1086 βούλημα

1985 1044 2038 1082 ο.
2082 1026 2298 1093 Quanto
2338 1031 2463 1093 post
2498 1032 2747 1089 tempore
2776 1017 3036 1071 voluntas
3067 1011 3160 1066 Dei
3188 1010 3256 1063 de
3282 1024 3350 1062 eo
3421 1066 3425 1071 ,
3538 1018 3540 1023 ·

142 1115 221 1170 τοῦ
247 1110 369 1165 Θεοῦ
399 1110 457 1162 τὸ
486 1110 614 1180 περὶ
643 1109 808 1163 αὑτοῦ
840 1109 1145 1180 ὡρισμένον
1170 1109 1449 1180 ἐτελέσθη,
1485 1110 1579 1162 καὶ
1608 1108 1677 1162 τὰ

1790 1119 2117 1193 ρνιεᾱείὶηἰιο
2145 1117 2386 1186 perfecta
2403 1124 2505 1177 cst,
2538 1122 2594 1168 et
2615 1111 2855 1165 visiones
2873 1105 3156 1174 completas
3185 1099 3349 1155 sunt?

143 1207 367 1277 ὁράματα
398 1200 731 1271 ὲπληρώθης
762 1200 856 1254 καὶ
881 1201 939 1253 ὲν
961 1200 1145 1264 πόσοις
1188 1201 1454 1272 πρότερον
1495 1200 1681 1263 πόνοις

1794 1222 1836 1268 at
1861 1210 2081 1282 quantis
2129 1216 2255 1263 ante
2292 1206 2599 1267 laboribus,
2624 1198 3044 1260 atllictionibus,
3077 1202 3135 1249 et
3184 1208 3353 1261 angu-

142 1299 221 1352 καὶ
249 1293 471 1360 θλίψεσι,
503 1293 597 1345 καὶ
637 1293 1023 1364 στενοχωρίαις
1048 1294 1399 1363 δοκιμασθεὶς
1423 1295 1679 1365 ὑπέμεινε

1792 1299 1904 1353 stiis
1928 1296 2215 1367 probatus,
2244 1294 2428 1348 omnia
2454 1300 2683 1346 strenue
2708 1285 3006 1341 sustinuit?
3035 1292 3092 1337 et
3117 1297 3211 1352 per
3232 1296 3351 1335 om-

141 1385 293 1437 πάντα
322 1380 581 1448 γενναίως
603 1422 619 1446 ,
647 1384 744 1436 καὶ
786 1384 866 1446 είς
898 1383 1077 1436 πάντα
1121 1384 1340 1454 δόκιμος
1368 1384 1463 1439 καὶ
1493 1385 1683 1453 πιστὸς

1795 1390 1872 1444 aia
1924 1387 2189 1457 probatus
2224 1393 2281 1439 et
2319 1383 2496 1438 ﬁdelis
2537 1382 2650 1437 Deo
2692 1379 2949 1432 inventus
2978 1387 3190 1436 servus,
3222 1379 3354 1424 tunc

140 1474 206 1545 τῷ
231 1472 339 1541 Θεῷ
361 1470 604 1541 εὑρεθεὶς
632 1472 838 1536 δοῦλος,
864 1474 986 1526 τότε
1013 1474 1267 1545 βασιλεὺς
1297 1475 1573 1544 Αἰγύπτου
1591 1475 1681 1544 γέ-

1792 1497 1877 1537 rex
1906 1478 2015 1551 35
2052 1477 2265 1549 [Egypti
2305 1475 2639 1530 constitutus
2677 1480 2783 1534 est,
2818 1476 2873 1522 et
2902 1465 3162 1521 familiam
3198 1477 3351 1517 suam

141 1584 267 1633 γονε,
313 1564 402 1617 καὶ
444 1563 506 1617 τὸ
530 1564 688 1633 γένος
736 1565 900 1619 αὐτοῦ
930 1565 1180 1636 διέθρεψε
1205 1606 1220 1630 ,
1251 1567 1348 1619 καὶ
1381 1569 1683 1637 προφητεία

1795 1570 2076 1636 anutrivit;
2101 1578 2156 1624 et
2210 1566 2501 1638 prophetia
2550 1578 2762 1627 eorum,
2797 1576 2918 1631 qua:
2951 1573 3062 1613 non
3089 1555 3354 1609 videban-

138 1659 234 1710 τῶν
261 1654 501 1725 ἀοράτων
529 1654 868 1726 ἀπετελέσθη
894 1694 910 1719 ,
938 1655 1035 1709 καὶ
1059 1656 1121 1709 τὸ
1152 1655 1399 1727 βούλημα
1423 1656 1518 1710 τοῦ
1544 1655 1681 1708 Θεοῦ

1791 1671 1894 1724 lur,
1956 1661 2229 1729 completa
2266 1668 2373 1723 est,
2423 1664 2480 1711 et
2520 1655 2775 1710 voluntas
2813 1651 2909 1706 Dei
2957 1664 3055 1719 per
3085 1657 3350 1716 tempora,

138 1750 213 1803 διὰ
242 1748 440 1819 χρόνων
489 1748 583 1801 καὶ
628 1746 944 1819 οἰκονομίας
989 1746 1192 1817 πολλῆς
1231 1748 1330 1819 τὴν
1377 1749 1682 1820 πρόρρησιν

140 1838 331 1865 -η-..ι-

1512 1751 1682 1820 φησιν
1717 1809 1759 1865 Β
1783 1760 1841 1807 et
1864 1750 2334 1820 dispensationem
2368 1745 2595 1800 multam
2629 1740 2984 1812 pronuntiata
3007 1738 3071 1790 ⁸³.

136 1838 352 1910 εἰληφός.
1070 1898 1073 1901 .

196 1932 265 1984 Γ.
279 1926 504 1998 Ὁμοίως
529 1927 657 1998 περὶ
686 1927 784 1982 τοῦ
808 1929 996 1984 Δαύίδ.
1035 1929 1094 1984 '0
1116 1930 1247 1994 Θεὸς
1270 1929 1485 2001 ἔχρισεν
1522 1930 1683 1983 αὐτὸν

1850 1939 1943 1996 Ill.
1988 1939 2139 1995 ldem
2165 1938 2233 1993 de
2268 1935 2440 1991 David
2481 1933 2718 1989 traditur
2759 1933 2825 1986 ⁸⁵.
2858 1932 3003 1986 Deus
3048 1927 3354 1982 unxiteum

134 2026 203 2086 είς
230 2021 444 2093 βασιλέα
492 2021 579 2076 διὰ
626 2022 882 2093 Σαμουὴλ
912 2023 1007 2076 τοῦ
1056 2024 1340 2093 προφήτου
1382 2039 1397 2053 ο
1453 2023 1550 2076 καὶ
1592 2022 1683 2075 ὅτε

1795 2037 1842 2088 in
1892 2047 2072 2102 regem
2120 2046 2219 2101 per
2268 2027 2578 2084 Samuelem
2633 2024 2954 2095 prophetam
3003 2019 3071 2072 ⁸⁸.
3104 2019 3170 2072 Ει
3204 2027 3354 2086 post-

136 2112 339 2184 ὲχρίσθη
372 2152 387 2176 ,
441 2112 567 2166 τότε
616 2112 785 2181 ἔφυγε
834 2112 1167 2185 διωκόμενος
1220 2113 1326 2166 ὑπὸ
1367 2113 1463 2167 τοῦ
1512 2113 1684 2167 Σαοὺλ

1797 2139 1945 2195 luam
1980 2131 2179 2178 unctus
2206 2128 2311 2184 est,
2336 2118 2602 2175 continuo
2625 2117 2750 2186 fuga
2774 2114 2882 2169 sibi
2908 2110 3206 2173 consuluit,
3232 2123 3356 2177 per-

133 2205 487 2275 ἁναιρεθῆναι.
519 2204 632 2289 Καὶ
659 2204 765 2257 ποῦ
793 2205 827 2274 ἡ
857 2206 1041 2277 χρίσις
1068 2204 1164 2259 τοῦ
1199 2204 1359 2269 Θεοῦ,
1390 2206 1485 2259 καὶ
1516 2205 1617 2258 ποῦ
1649 2207 1682 2275 ὴ

1799 2215 2120 2272 ιοοιιιίοιιοιιι
2150 2228 2180 2266 a
2205 2212 2390 2274 Saulo,
2418 2225 2544 2264 eum
2566 2207 2819 2262 occidere
2852 2210 3108 2266 conante,
3136 2214 3358 2270 perpes-

133 2292 433 2362 ὲπαγγελία,
464 2292 541 2356 ὡς
570 2292 782 2363 πρὸςτὸ
814 2294 1008 2364 τάχος;
1043 2294 1197 2348 Μετὰ
1230 2294 1338 2363 γὰρ
1363 2294 1424 2346 τὸ
1455 2294 1682 2365 χρισθῇ-

1797 2324 1897 2364 ius.
1929 2307 2034 2363 Ubi
2058 2321 2187 2375 ergo
2210 2304 2399 2358 unctio
2424 2302 2564 2356 Dei?
2592 2308 2649 2354 et
2681 2298 2776 2353 ubi
2805 2294 3123 2367 promissio,
3149 2302 3210 2347 ut
3235 2306 3356 2359 quae

132 2404 229 2449 ναι,
256 2385 371 2438 τότε
400 2384 594 2448 δεινῶς
624 2384 889 2448 ἐθλίόετο,
917 2388 975 2438 ὲν
1004 2385 1261 2456 ἐρημίαις
1291 2385 1681 2454 πελαζόμενος,

1799 2397 1970 2452 statim
1997 2396 2253 2451 eﬂ'ectum
2279 2401 2579 2448 consecuta
2608 2387 2790 2445 esset?
2822 2388 2993 2443 Paulo
3024 2385 3170 2440 enim
3208 2395 3358 2454 post-

133 2478 217 2531 καὶ
247 2475 641 2547 ύστερούμενος
664 2477 768 2540 ἓως
793 2477 984 2548 ἄρτου,
1021 2479 1119 2530 καὶ
1148 2480 1227 2541 είς
1256 2479 1382 2547 ἔθνη
1412 2477 1687 2546 καταφεύ-

1799 2502 1948 2559 luam
1978 2495 2176 2541 unctus
2198 2492 2365 2547 esset,
2383 2484 2625 2553 graviter
2648 2480 3007 2551 allligehatur,
3044 2477 3099 2531 in
3124 2475 3358 2530 desertis

130 2582 229 2634 γων
256 2564 340 2617 διὰ
378 2566 482 2637 τὴν
513 2566 608 2620 τοῦ
670 2565 843 2619 Σαοὺλ
891 2566 1029 2636 πρὸς
1075 2567 1240 2621 αὑτὸν
1272 2568 1564 2640 ἐπιϐουλὴν
1598 2585 1683 2637 γι-

1798 2580 2027 2649 legens;
2056 2586 2111 2632 et
2162 2576 2229 2631 ad
2273 2574 2560 2645 penuriam
2598 2572 2755 2642 panis
2788 2585 2963 2640 usque
3012 2567 3265 2622 redactus
3289 2565 3357 2618 ad

131 2654 379 2725 γνομένην
411 2673 425 2687 ·
461 2656 522 2709 ὃν
551 2659 580 2710 ό
606 2657 739 2720 Θεὸς
772 2657 989 2728 ἔχρισεν
1021 2659 1100 2722 είς
1134 2659 1379 2730 βασιλέα,
1409 2661 1686 2726 τοιαύταις

1798 2678 1979 2741 gentes
2026 2666 2398 2736 confugiebat,
2431 2672 2658 2734 propter
2710 2661 2889 2716 Saulis
2939 2658 3202 2713 adversus
3231 2671 3357 2710 eum

130 2746 421 2816 περιείχετο
452 2746 721 2816 θλίψεσιν.
753 2744 887 2803 Εἶτα
907 2749 1123 2818 χρόνοις
1159 2750 1537 2821 δοκιμασθεὶς,
1591 2754 1686 2804 καὶ

1793 2770 2026 2816 structas
2051 2758 2280 2813 insidias
2305 2758 2351 2788 ⁸⁸
2377 2773 2390 2809 :
2425 2771 2589 2825 quem
2624 2754 2767 2807 Deus
2797 2759 3031 2806 unxerat
3058 2749 3113 2803 iu
3144 2762 3352 2817 regem,

131 2840 336 2907 θλιόεὶς,
365 2841 466 2895 καὶ
498 2842 853 2912 πειρασθείς,
886 2844 978 2897 καὶ
1018 2845 1451 2916 μακροθυμήσας
1473 2886 1489 2912 ,
1538 2845 1687 2912 ἅπαξ

1799 2853 1954 2908 tantis
1993 2849 2376 2905 involvebatur
2422 2844 2837 2900 alllictionihus.
2869 2841 3074 2896 Deinde
3099 2854 3358 2895 successu

130 2929 498 2992 πεπιστευκὼς
528 2929 607 3001 τῷ
652 2930 771 2997 Θεῷ
794 2972 812 2997 ,
851 2934 947 2987 καὶ
991 2934 1185 2987 ἑαυτὸν
1220 2935 1641 3007 πληροφορήσας
1668 2977 1684 3002 ,

1802 2939 2053 3009 temporis
2101 2937 2389 3007 probatus,
2442 2934 2701 2999 amictus,
2734 2940 2979 2986 tentatus
3012 2939 3067 2986 et
3089 2930 3361 2999 patienter

128 3020 208 3071 ὅτι
234 3019 265 3073 ὃ
286 3021 539 3089 ἐποίησε
561 3023 657 3077 διὰ
684 3023 796 3091 τῆς
830 3025 937 3080 τοῦ
968 3027 1278 3095 προφήτου
1306 3028 1559 3096 κρίσεως
1601 3029 1687 3093 είς

1801 3032 2014 3086 adversa
2050 3029 2251 3092 ferens,
2293 3027 2455 3081 unice
2493 3027 2606 3079 Deo
2644 3023 2950 3087 conlidens,
2981 3029 3037 3077 et
3056 3022 3219 3090 plena
3254 3020 3360 3073 [ide

126 3110 239 3180 ἐμὲ,
292 3112 389 3166 καί
424 3112 459 3166 ὃ
486 3109 655 3167 εἶπεν
712 3118 746 3169 ό
797 3115 942 3183 Θεὸς
986 3117 1265 3187 γενέσθαι
1315 3119 1449 3187 περὶ
1498 3119 1643 3189 ἐμοῦ
1669 3158 1685 3183 ,

1804 3137 1847 3177 ιθ
1868 3121 2105 3190 erigens,
2150 3120 2231 3174 sic
2269 3118 2579 3188 colligebat,
2618 3118 2744 3187 quia
2803 3115 2941 3186 quod
2966 3114 3082 3185 fecit
3109 3113 3245 3166 Deus
3271 3127 3363 3181 per

125 3204 535 3274 ἀναμφιϐόλως
553 3207 829 3276 γενέσθαι
852 3208 962 3263 δεῖ.
1000 3210 1109 3263 Καὶ
1136 3209 1233 3264 διὰσ
1262 3210 1463 3280 πολλῆς
1486 3229 1684 3282 μακρο-

1802 3213 2091 3265 unctionem
2121 3212 2176 3263 in
2201 3225 2299 3272 me,
2331 3217 2378 3261 et
2405 3208 2542 3278 quod
2569 3208 2700 3261 dixit
2722 3206 2861 3259 Deus
2890 3206 3127 3275 futurum
3162 3203 3223 3255 de
3256 3218 3361 3268 me,

128 3296 332 3365 θυμίας,
367 3296 601 3369 ὕστερον
647 3300 840 3369 γέγονε
882 3302 945 3354 τὸ
982 3301 1077 3355 τοῦ
1112 3302 1249 3356 Θεοῦ
1288 3302 1554 3374 βούλημα,
1597 3305 1687 3357 καὶ

1806 3307 1986 3375 absque
2016 3306 2159 3359 omni
2202 3302 2356 3355 dubio
2395 3302 2511 3370 ﬁeri
2536 3308 2761 3371 oportet.
2786 3300 2853 3353 Et
2876 3307 2998 3368 post
3023 3298 3240 3367 longam
3266 3310 3365 3349 ex-

126 3388 465 3444 ὲὸασίλευσεν
498 3392 527 3444 ό
560 3391 723 3444 Δαδὶδ
753 3392 890 3460 μετὰ
922 3392 1123 3457 πολλὰς
1153 3395 1369 3463 πείρας.
1426 3394 1536 3447 Καὶ
1569 3394 1685 3447 τότε

1803 3398 2189 3470 spectationem
2228 3398 2440 3451 tandem
2474 3395 2730 3449 voluntas
2768 3392 2865 3446 Dei
2901 3390 3171 3459 completa
3195 3395 3279 3442 est
3295 3388 3362 3453 ⁸⁷,

126 3480 433 3579 ἐφανερώθη
457 3484 488 3535 ό
508 3482 665 3552 λόγος
694 3484 788 3579 τοῦ
828 3485 985 3579 Θεοῦ,
1018 3489 1113 3539 καὶ
1153 3488 1186 3557 ἡ
1220 3487 1452 3579 χρίσιςή
1481 3487 1570 3542 διὰ
1595 3486 1685 3541 τοῦ

1804 3502 1849 3548 at
1874 3491 2120 3562 regnavit
2147 3489 2315 3544 David
2348 3496 2471 3558 post
2512 3486 2714 3540 multas
2743 3482 3094 3539 tentationes.
3131 3481 3199 3533 Et
3233 3488 3363 3532 tunc

125 3574 394 3642 προφήτου
457 3575 803 3647 γεγενημένη
830 3617 844 3642 ,
926 3577 1118 3648 βεϐαία
1175 3574 1271 3633 καὶ
1325 3579 1531 3652 ἀληθὴς
1586 3583 1684 3636 ἀπ-

1810 3585 2205 3640 nanil‘estatum
2244 3589 2330 3637 est
2380 3580 2479 3635 Dei
2530 3578 2786 3638 verbum,
2821 3584 2877 3629 et
2900 3574 3087 3629 unctio
3119 3588 3217 3642 per
3239 3586 3369 3641 pro-

124 3663 349 3734 εδείχθηο
1792 3678 2015 3749 phetam
2041 3674 2258 3737 collata,
2287 3672 2440 3725 ﬁrma
2472 3677 2530 3725 et
2556 3686 2682 3725 vera
2721 3669 3090 3724 demonstrata
3117 3672 3220 3718 est.

187 3761 258 3810 Δ’.
307 3757 547 3830 Ὁμοίως
586 3761 678 3814 καὶ
717 3761 850 3833 περί⁵
882 3762 1181 3827 Μωῦσέως.
1234 3763 1293 3818 '0
1322 3765 1454 3830 Θεὸς
1501 3766 1692 3820 τοῦτον

1862 3767 1951 3822 1V.
1985 3764 2134 3820 Idem
2185 3762 2252 3817 de
2284 3762 2486 3831 Moyse.
2521 3760 2666 3814 Deus
2696 3772 2819 3812 cum
2850 3772 2975 3811 eum
3003 3751 3367 3824 praescivisset

122 3852 383 3918 προγνοὺς
416 3854 515 3905 καὶ
555 3853 857 3924 προορίσας
897 3856 977 3919 είς
1008 3856 1313 3927 ἡγούμενον
1343 3860 1437 3912 καὶ
1486 3859 1681 3930 λυτρω-

1802 3870 1848 3916 et
1874 3856 2323 3929 przedestinasset
2377 3853 2432 3906 in
2458 3852 2654 3906 ducem
2685 3858 2742 3905 et
2787 3855 3124 3903 servatorem
3151 3843 3361 3913 populi,

118 3940 210 4012 τὴν
244 3942 337 3995 τοῦ
375 3942 545 4010 λαοῦ,
585 3944 701 3997 υἱὸν
731 3946 954 4015 ἐποίησε
987 3946 1241 4016 γενέσθαι
1288 3949 1555 4019 θυγατρὸς
1588 3951 1677 4003 Φα-

1806 3952 1966 4006 lilium
2010 3949 2144 4004 fecit
2195 3946 2311 4000 ﬁeri
2360 3944 2484 3999 tilia:
2512 3930 2816 3998 Pharaonis
2838 3938 2908 4003 ⁸⁸,
2935 3949 3098 4007 atque
3124 3936 3215 3989 hic
3243 3934 3365 4004 qui-

124 4031 265 4100 ραὼ,
304 4034 403 4087 καὶ
434 4036 520 4097 είς
554 4035 785 4090 πλοῦτον
822 4037 1102 4108 βασιλικὸν
1131 4078 1149 4103 ,
1184 4040 1279 4094 καὶ
1312 4042 1390 4104 είς
1411 4041 1567 4106 δόξαν
1597 4041 1683 4095 καὶ

1802 4044 1920 4098 dem
1955 4040 2097 4110 regis
2130 4036 2330 4108 opibus
2364 4034 2649 4104 ct’gloria,
2699 4040 2863 4101 atque
2905 4028 3119 4084 deliciis
3148 4036 3361 4089 auctus,

118 4126 320 4194 τρυφὴν
356 4126 598 4198 ηὐξήθη,
637 4128 786 4200 πάσῃ
817 4130 980 4202 σοφίᾳ
1010 4131 1319 4196 παιδευθεὶς
1351 4134 1677 4201 Αἰγυπτίων,

1804 4134 1940 4190 omni
1970 4131 2347 4203 IEgyptiorum
2399 4126 2686 4196 disciplina
2731 4125 3033 4178 instructus
3065 4127 3185 4175 est:
3219 4126 3274 4173 et
3296 4117 3363 4171 ad

117 4217 202 4268 καὶ
231 4218 562 4289 ἀνδρωθεὶς,
582 4220 673 4272 καὶ
697 4220 879 4275 πίστει
907 4221 1203 4292 γενόμενος
1236 4223 1431 4293 μέγας,
1452 4226 1676 4296 ὴρνὴσα·

1805 4226 2009 4280 virilem
2042 4231 2257 4278 aetatem
2301 4236 2427 4276 cum
2468 4218 2828 4289 pervenisset,
2877 4231 2941 4269 ac
2971 4214 3078 4267 (ide
3106 4211 3364 4283 grandior

112 4324 170 4359 το
197 4309 375 4362 πάντα
408 4311 619 4374 ἐκεῖνα,
642 4311 741 4382 τὴν
758 4314 1054 4383 κακουχίαν
1080 4315 1174 4369 καὶ
1202 4317 1328 4379 τοὺς
1355 4316 1671 4388 ὀνειδισμοὺς

1802 4316 1972 4371 lactus
2002 4322 2168 4379 esset,
2211 4312 2423 4381 respuit
2449 4326 2513 4363 ea
2542 4308 2748 4372 omnia,
2780 4305 2965 4376 potius
2993 4305 3200 4373 eligens
3224 4300 3361 4354 allii-

112 4397 199 4448 τοῦ
228 4398 477 4468 Χριστοῦ
516 4399 720 4470 μᾶλλον
758 4400 1014 4472 ἑλόμενος
1046 4403 1188 4457 κατὰ
1215 4404 1305 4458 τὸν
1333 4407 1671 4461 ἁποστολικὸι

1804 4409 2029 4463 stionem
2055 4414 2111 4460 et
2132 4401 2491 4459 contumelias
2515 4400 2560 4432 ⁸⁹
2605 4397 2830 4462 Christi,
2864 4397 3017 4467 juxta
3054 4406 3363 4448 sermonem

109 4487 280 4557 λόγον,
310 4490 341 4561 ἢ
374 4491 719 4562 πρόσκαιρον
747 4491 893 4564 ἔχειν
924 4493 1200 4564 ἁμαρτίας
1237 4495 1559 4552 ἀπόλαυσιν.
1582 4499 1668 4551 Κα

1806 4498 2176 4570 apostolicum,
2208 4510 2371 4565 quam
2402 4489 2799 4562 temporalibus
2818 4488 3029 4555 peccati
3060 4483 3365 4541 commodis

111 4581 282 4647 φυγὰς
320 4582 609 4651 Αἰγύπτου
640 4582 903 4651 γεγονὼς,
938 4585 1107 4639 πόσον
1131 4587 1324 4657 χρόνον
1359 4589 1416 4641 ὲν
1452 4606 1670 4660 ποιμαν·

1806 4591 1897 4646 'rui
1928 4591 1997 4643 ’°.
2020 4590 2090 4644 Et
2117 4588 2271 4643 exsul
2300 4585 2519 4657 Egypti
2546 4584 2724 4639 factus
2759 4598 2883 4638 cum
2908 4589 3077 4647 esset,
3099 4592 3365 4652 quantum

108 4674 225 4744 τικῇ
264 4673 463 4743 διῆγεν
497 4676 731 4748 ἐργασία
769 4678 797 4731 ὁ
838 4676 1101 4747 βασιλέως
1141 4679 1285 4746 υίὸς,
1329 4682 1420 4734 καὶ
1451 4682 1531 4747 εἰς
1564 4701 1661 4737 τοσ

1805 4682 2059 4754 Lemporis
2093 4681 2258 4735 modo
2305 4680 2362 4733 iu
2422 4678 2662 4749 pastoris
2689 4678 2857 4731 vitam
2890 4676 3153 4745 transegit
3177 4689 3364 4743 Opera,

113 4761 278 4833 αύτην
327 4764 678 4831 ἀπόλαυσιν,
709 4766 807 4819 καὶ
861 4767 1071 4839 τρυφὴν
1112 4768 1402 4843 βασιλικὴν
1460 4774 1671 4844 ἁνατρα

1811 4778 1937 4847 'egis
1991 4775 2137 4829 ﬁlius
2166 4774 2261 4843 qui
2291 4782 2432 4835 erat,
2462 4779 2519 4827 et
2546 4771 2599 4824 in
2636 4771 2805 4824 tantis
2850 4768 3081 4822 lautitiis
3113 4783 3177 4820 ac
3204 4764 3370 4835 regiis

107 4853 261 4922 φείς;
317 4857 418 4911 καὶ
476 4858 648 4921 οὕτως
706 4857 933 4931 ὕστερον
982 4860 1203 4932 δόκιμος
1260 4863 1337 4933 τῷ
1396 4864 1547 4936 Θεῷ,
1596 4883 1666 4918 κα

1809 4868 2005 4923 leliciis
2032 4865 2340 4922 educatus?
2372 4864 2437 4918 Et
2483 4863 2565 4918 sic
2608 4861 2829 4916 tandem
2865 4860 3129 4931 probatus
3150 4858 3280 4919 Deo,
3311 4864 3368 4911 et

106 4949 295 5011 πιστὸς
334 4949 429 5003 διὰ
465 4952 566 5019 τῆς
609 4950 809 5022 πολλῆς
859 4954 1242 5024 μακροθυμίας
1274 4957 1518 5027 εὑρεθεὶς
1543 5000 1557 5025 ,
1600 4956 1665 5012 οἷς

1807 4958 1974 5014 fidelis
2002 4973 2102 5027 per
2130 4957 2358 5010 multam
2393 4953 2713 5023 patientiam
2742 4953 3023 5016 inventus,
3048 4948 3252 5019 quippe
3271 4947 3366 5017 qui

105 5037 330 5103 πολλοὺς
366 5044 721 5112 πειρασμοὺς
751 5043 1055 5114 ὑπομείνας
1077 5086 1093 5111 ,
1151 5048 1367 5116 ἐγένετο
1400 5049 1664 5121 λυτρωτὴι

1809 5050 1999 5103 multas
2027 5048 2358 5103 tentationcs
2383 5046 2747 5107 sustinuerat,
2779 5043 3111 5117 constitutus
3140 5049 3225 5095 est
3253 5055 3368 5095 ser-

103 5132 192 5183 καὶ
237 5134 557 5203 ἡγούμενος
600 5136 695 5190 καὶ
728 5137 980 5207 βασιλεὺς
1026 5142 1120 5195 τοῦ
1154 5141 1406 5213 Ἰσραὴλ,
1438 5146 1532 5197 καὶ
1561 5145 1662 5197 Θεὸ

1810 5150 1952 5195 valor
1990 5152 2047 5195 et
2087 5140 2217 5203 dux,
2264 5148 2320 5192 et
2371 5154 2465 5192 rex
2508 5137 2697 5207 populi
2731 5135 2897 5191 Israel
2934 5136 3004 5194 ἰ,
3037 5143 3198 5203 atque
3224 5133 3369 5186 Deus

101 5220 189 5273 τοῦ
227 5223 439 5295 Φαραὼ
476 5226 580 5278 ὑπὸ
625 5226 720 5280 τοῦ
755 5227 889 5281 Θεοῦ
921 5231 1339 5303 προσηγορεύθη
1371 5249 1385 5264 ·
1422 5233 1491 5286 δι’
1527 5234 1658 5287 αύτο

1809 5231 2102 5286 Pharaonis
2141 5246 2170 5283 a
2224 5229 2334 5284 Deo
2364 5229 2710 5299 appellatus?
2740 5229 2845 5282 Per
2877 5243 3002 5282 eum
3048 5227 3194 5281 enim
3239 5241 3368 5295 pcr-

100 5314 205 5383 γὰρ
233 5318 525 5383 Αἴγυπτον
543 5320 827 5387 ὲμάστιξε,
857 5322 951 5374 καὶ
977 5322 1043 5375 τὰ
1071 5325 1282 5392 μεγάλα
1304 5326 1395 5378 καὶ
1414 5325 1659 5394 θαυμάσιι

1809 5325 1968 5379 :ussit
2005 5324 2150 5378 Deus
2178 5322 2492 5393 Aigyptum,
2528 5331 2584 5377 et
2610 5337 2799 5392 magna
2847 5330 3012 5390 atque
3045 5316 3368 5373 admiranda

98 5403 124 5455 ὁ
154 5405 287 5470 Θεὸς
320 5407 395 5459 δι’
422 5408 592 5462 αὐτοῦ
637 5410 716 5480 τῷ
744 5411 944 5482 Φαραὼ
968 5412 1291 5482 ἐνεδείξατο,
1326 5415 1420 5468 καὶ
1450 5416 1603 5477 τέλος
1630 5416 1655 5467 ὲ

1807 5430 1895 5485 per
1947 5428 2074 5468 eum
2124 5411 2398 5467 Pharaoni
2452 5411 2716 5475 ostendit,
2754 5427 2817 5466 ac
2853 5410 3073 5466 tandem
3126 5411 3183 5464 in
3230 5407 3366 5463 mari

198 5562 245 5593 ⁸³
275 5562 448 5639 Gen._
475 5580 657 5639 xgxrx,
700 5566 724 5619 l
762 5581 909 5639 seq;
964 5584 1071 5635 xu,
1105 5570 1194 5634 59,
1226 5570 1315 5625 40.
1388 5570 1434 5604 ⁸⁵
1458 5571 1496 5625 ι’.
1525 5571 1657 5639 Reg.
1694 5586 1757 5624 xv

1838 5570 1922 5625 15.
1999 5568 2045 5600 ⁸⁵
2082 5567 2276 5636 LReg.
2306 5583 2343 5622 ι.
2385 5583 2496 5628 xu,
2532 5567 2591 5621 ll
2628 5582 2771 5639 sequ,
2799 5582 2953 5639 xxiii,
2987 5567 3017 5639 '_7
3046 5580 3185 5634 seq.;
3218 5580 3365 5639 xgvt,

96 5629 302 5716 Ξυεεας.
328 5633 395 5716 ,ξ’
424 5629 774 5716 [βεβοέξέίιν
805 5629 875 5716 ,ξι
895 5629 1071 5716 ᾳεθίιεέ
1104 5629 1323 5716 “tua!
1358 5657 1474 5713 seq.
1497 5712 1518 5716 -
1537 5712 1556 5716 _
1577 5629 1636 5673 ‘5’

1792 5629 1902 5716 leg;
1952 5656 2011 5716 ιι,
2058 5638 2110 5692 4.
2315 5638 2485 5716 Quod.
2532 5654 2589 5716 ιι,
2633 5629 2802 5716 10:;
2828 5638 2871 5669 ⁸³
2912 5629 3233 5716 Περικέχιξ,
3261 5636 3351 5716 24..

93 5701 517 5837 ﬁngam
546 5701 614 5770 ut;
643 5701 765 5762 ιδ,
805 5707 849 5741 θ’
894 5701 1069 5765 Exo’d.‘
1102 5726 1206 5779 ιιι,
1257 5701 1363 5779 io;
1399 5701 1453 5780 νζ
1492 5712 1600 5779 96';

1819 5701 2013 5767 .‘Exod
2095 5726 2212 5776 vm,
2246 5709 2262 5762 l
2299 5710 2403 5775 ,Ξῖ
2462 5711 2708 5775 1x,l;v,
2738 5708 2850 5776 23;
2894 5724 2945 5773 Χ,
2993 5706 3042 5775 1,
3072 5708 3160 5763 21.
3192 5704 3365 5760 Exod.
