3948 6508
593 310 701 375 535

1840 310 1900 369 S.
1940 308 2156 368 MACA]

2303 302 2619 365 EGYPTH
3728 295 3812 357 5⁸16

592 417 875 491 (Egyptios
899 420 1219 477 submersit.
1252 421 1394 478 Ecce
1426 419 1524 476 Dei
1559 418 1812 475 voluntas
1834 428 1891 473 et
1911 417 2156 488 proposi-

2276 413 2517 483 θαλάσσῃ
2545 410 2671 473 τοὺς
2706 406 3040 476 Αἰγυπτίους
3072 404 3486 460 κατεπόντισεν.
3516 403 3648 459 ’ἰδοὺ
3666 405 3723 458 τὸ
3743 407 3815 458 ττιῦ

592 523 731 580 tum,
761 523 961 584 quanta
984 524 1109 585 post
1139 522 1446 584 temporum
1481 513 1656 583 spatia
1693 512 2043 566 manifestata
2070 552 2084 575 ,
2110 520 2156 566 el

2273 504 2405 558 Θεοῦ
2440 504 2687 574 βούλημα
2718 503 2810 555 καὶ
2834 502 2869 571 ἡ
2895 498 3155 571 πρόθεσις
3187 497 3328 569 μετὰ
3373 498 3575 559 πόσους
3619 497 3817 567 χρόνους

589 612 825 673 quantas
865 612 991 673 post
1056 602 1410 673 probationes
1438 610 1494 656 et
1540 600 1869 656 amictiones
1891 600 2164 669 completa

589 706 696 752 est.

666 806 724 861 V.
750 805 899 859 Idem
934 804 1076 860 etde
1110 803 1384 858 Abraham
1407 804 1477 856 ".
1505 800 1723 868 Quanto
1762 810 2008 871 tempore
2037 808 2164 856 ante

589 899 918 966 promiserat
938 898 1102 956 Deus,
1130 912 1189 951 se
1208 896 1258 950 ei
1278 896 1607 965 largiturum
1633 893 1829 959 (ilium,
1858 909 1959 948 nec
1981 904 2163 947 tamen

589 985 770 1039 statim
805 984 989 1039 dedit:
1028 984 1123 1038 sed
1154 993 1287 1053 quot
1321 984 1534 1039 interea
1572 999 1843 1039 annorum
1878 982 2161 1053 probatio-

586 1090 685 1128 nes
710 1084 766 1129 et
807 1076 1137 1130 tentationcs
1158 1076 1260 1145 ipsi
1294 1075 1704 1131 incubueruntl
1733 1076 1831 1129 llle
1862 1091 1995 1130 vero
2037 1075 2160 1130 ani-

585 1182 677 1220 mo
708 1166 937 1235 patienti
975 1166 1159 1220 omnia
1189 1166 1497 1222 accidentia
1540 1167 1832 1231 suﬂ'erens,
1865 1168 2025 1238 plena
2057 1167 2162 1221 ﬁde

582 1258 825 1327 seipsum
887 1258 1223 1323 obﬁrmavit,
1264 1258 1542 1329 inquiens,
1588 1261 1728 1329 quod
1769 1261 1857 1329 qui
1900 1262 2159 1328 promisit,

582 1365 701 1402 eum
748 1350 817 1403 sit
847 1350 1107 1403 mendacii
1163 1366 1371 1420 expers,
1421 1349 1698 1420 complebit
1734 1350 1949 1405 verbum
1979 1367 2158 1406 suum.

583 1441 786 1511 Sicque
810 1443 988 1499 ﬁdelis
1009 1444 1289 1509 inventus,
1310 1444 1460 1515 quod
1494 1446 1828 1516 promissum
1853 1453 1997 1511 erat,
2028 1462 2161 1502 con-

583 1539 809 1585 secutus
834 1540 939 1585 88L

652 1641 741 1696 Vl.
773 1642 863 1697 Sic
891 1652 947 1697 et
985 1642 1101 1697 Noe
1131 1643 1576 1714 quingentesimo
1607 1658 1754 1699 anno
1778 1645 1968 1715 jussus
1992 1661 2022 1701 a
2046 1648 2160 1703 Deo

580 1746 761 1784 arcam
791 1740 1115 1785 construere
1149 1732 1216 1797 ",
1259 1734 1352 1802 qui
1384 1733 1745 1788 inducturum
1782 1750 1840 1790 se
1870 1736 1972 1791 toti
2002 1744 2159 1793 terra:

578 1817 849 1871 diluvium
882 1818 1272 1885 nuntiaverat;
1300 1830 1357 1875 et
1383 1821 1785 1876 sexcentesimo
1815 1838 1961 1878 anno
1998 1824 2160 1878 indu-

577 1910 775 1976 cebat;
824 1920 1047 1965 centum
1104 1927 1281 1967 annos
1314 1913 1589 1982 patienter
1637 1925 1967 1984 exspectans
2000 1917 2156 1970 ,nihil

577 2004 805 2057 omnino
829 2004 1135 2068 dubitabat,
1160 2017 1347 2059 utrum
1366 2022 1487 2075 qua:
1506 2006 1722 2061 dixerat
1745 2009 1891 2064 Deus
1910 2007 2159 2064 facturus

577 2098 754 2153 esset,
801 2107 1230 2158 necne;verum
1282 2092 1388 2149 fide
1439 2094 1602 2149 nixus
1639 2096 1720 2149 sic
1762 2097 2155 2161 constituebat,

576 2182 716 2253 quod
743 2199 861 2252 qua:
883 2182 1021 2238 Deus
1059 2183 1261 2238 locutus
1285 2194 1436 2249 esset,
1468 2185 1662 2256 absque
1686 2188 1831 2241 omni
1853 2188 2009 2242 dubio
2040 2186 2158 2256 ﬁeri

576 2280 837 2344 oporteat.
852 2274 943 2330 Sic
959 2291 1091 2346 ergo
1110 2285 1369 2346 spectata:
1391 2285 1555 2347 atque
1575 2279 1799 2349 integrae
1826 2281 2147 2345 voluntatis,

472 2418 477 2421 χ
576 2366 726 2431 ﬁdei,
763 2367 1042 2436 patientiae
1075 2377 1131 2423 et
1158 2368 1402 2424 lenitatis
1449 2385 1659 2440 magnae
1698 2370 1805 2441 35
1838 2372 2152 2442 deprehen-

572 2473 690 2524 sus,
733 2458 883 2514 solus
917 2468 1173 2516 servatus
1208 2470 1295 2516 est
1326 2476 1450 2515 cum
1483 2460 1650 2516 domo
1681 2477 1803 2529 sua,
1832 2464 2155 2521 mandatum

573 2564 712 2621 pure
732 2550 1049 2606 observans.

635 2658 751 2714 νη.
788 2660 913 2716 Haec
954 2672 1275 2732 argumenta
1319 2678 1383 2717 ex
1412 2664 1717 2734 Scripturis
1768 2666 2055 2724 attulimus
2084 2668 2152 2725 ad

573 2748 1087 2815 demonstrandum,
1112 2754 1256 2822 quod
1280 2755 1457 2809 virtus
1478 2756 1669 2825 gratia:
1687 2756 1885 2813 divinae
1901 2758 2158 2815 inestho-

573 2841 739 2907 mini;
767 2852 823 2897 et
850 2842 1057 2897 donum
1092 2844 1331 2915 Spiritus
1358 2848 1556 2911 sancti,
1584 2848 1732 2917 quod
1766 2849 1945 2905 ﬁdelis
1972 2852 2154 2907 anima

572 2935 837 3005 consequi
870 2936 1032 3006 digna
1082 2946 1358 3003 censetur,
1387 2955 1581 3009 magna
1623 2956 1747 2995 cum
1779 2944 2150 3009 contentione,

574 3026 865 3082 tolerantia
888 3029 1078 3092 multa,
1105 3029 1389 3099 patientia,
1420 3032 1820 3088 tentationibus
1842 3048 1906 3089 ac
1949 3035 2153 3105 proba-

2271 595 2565 667 ἀπεδείχθη
2594 635 2609 661 ,
2640 594 2735 648 καλ⁵
2770 591 2909 665 μετὰ
2940 591 3111 656 πόσας
3152 588 3480 662 δοκιμασίας
3518 588 3616 644 καὶ
3642 589 3818 659 θλίψεις

2270 685 2533 753 ἐτελέσθη

2338 799 2419 854 Ε’.
2462 798 2693 870 Ὁμοίως
2734 797 2826 851 καὶ
2885 797 2978 850 ἐπὶ
3026 795 3123 849 τοῦ
3152 795 3431 866 Ἀϐραάμ.
3493 793 3608 866 Πρὸ
3656 795 3807 849 πόσων

2269 892 2481 963 χρόνων
2497 888 2864 959 ἐπηγγείλατο
2886 891 2916 943 6
2944 888 3078 951 Θεὸς
3113 886 3446 959 χαρίσασθαι
3471 886 3589 939 υἱὸν
3611 929 3627 952 ,
3651 890 3738 940 καὶ
3773 889 3820 941 οὗ

2271 987 2402 1058 παρ’
2428 986 2569 1039 αὐτὰ
2592 984 2849 1047 δέδωκεν,
2884 981 3021 1037 ἀλλὰ
3054 982 3259 1051 μεταξὺ
3290 981 3481 1042 πόσοις
3511 978 3660 1031 ἐτεσι
3706 980 3823 1032 δοκι-

2272 1079 2467 1144 μασίαι
2495 1078 2588 1131 καὶ
2619 1077 2921 1148 πειρασμοὶ
2962 1075 3099 1145 πρὸς
3146 1074 3307 1129 αὐτὸν
3335 1074 3649 1141 γεγόνασιν.
3683 1073 3823 1135 Aine;

2267 1168 2324 1221 δὲ
2358 1167 2725 1239 μακροθύμως
2750 1168 2927 1221 πάντα
2942 1166 3014 1220 τὰ
3041 1166 3387 1236 ἐπερχόμενα
3412 1163 3730 1234 ὑπομείνας,
3748 1166 3823 1217 καὶ

2268 1260 2459 1313 ἐαυτὸν
2493 1262 2558 1329 τῇ
2591 1259 2772 1313 πίστει
2803 1258 3225 1328 πληροφορήσας
3253 1296 3267 1321 ,
3308 1255 3399 1309 ὅτι
3430 1258 3464 1309 ὁ
3494 1254 3824 1323 ἐπαγγειλά-

2261 1367 2465 1419 μενος,
2494 1350 2771 1419 ἀψευδὴς
2798 1348 3133 1420 τυγχάνων,
3160 1347 3468 1414 πληρώσει
3497 1346 3608 1400 τὸν
3632 1347 3822 1402 ἑαυτοῦ

2264 1444 2469 1512 λόγον.
2527 1443 2641 1496 Καὶ
2684 1443 2859 1507 οὕτως
2909 1442 3100 1504 πιστὸς
3134 1440 3379 1510 εὑρεθεὶς
3401 1480 3419 1504 ,
3480 1439 3711 1509 ἐπέτυχε
3740 1439 3823 1508 τῆς

2265 1531 2624 1602 ἐπαγγελίας.

2339 1648 2431 1712 (τ’.
2473 1643 2750 1708 Ὡσαύτως
2776 1644 2873 1698 καὶ
2924 1641 3051 1695 Νῶε
3108 1640 3559 1710 πεντακοσιοστῷ
3603 1640 3711 1693 ἔτει
3744 1657 3821 1693 κε-

2263 1736 2508 1801 λευσθεὶς
2531 1736 2637 1790 ὑπὸ
2663 1734 2758 1789 τοῦ
2789 1732 2925 1789 Θεοῦ
2960 1733 3062 1805 τὴν
3099 1733 3334 1787 κιϐωτὸν
3362 1732 3788 1796 κατασκευάζειν
3809 1772 3821 1795 ,

2262 1828 2729 1898 ἐπαγγειλαμένου
2762 1825 3150 1895 κατακλυσμὸν
3203 1826 3508 1892 ἐπαγαγεῖν
3555 1826 3624 1893 τῇ
3675 1826 3824 1876 οἰκου-

2262 1920 2421 1991 μένῃ,
2446 1922 2540 1973 καὶ
2576 1915 2941 1985 ἑξακοσιοστῷ
2975 1914 3084 1968 ἐτει
3116 1914 3512 1981 ἐπαγαγόντος,
3533 1914 3729 1966 ἑκατὸν
3742 1912 3821 1985 ἐτη

2260 2009 2720 2082 ἐμακροθύμησεν
2752 2010 2810 2062 ἐν
2842 2007 3029 2077 μηδενὶ
3054 2007 3315 2069 διστάσας
3334 2047 3350 2071 ,
3385 2007 3498 2076 ἄρα
3526 2008 3673 2058 ποιεῖ
3698 2006 3824 2074 ἅπερ

2257 2099 2411 2156 εἷπεν
2439 2104 2467 2155 6
2492 2101 2645 2165 Θεὸς,
2675 2100 2708 2170 ἢ
2742 2099 2817 2171 μὴ
2848 2099 3033 2151 ποιεί·
3065 2097 3180 2152 ἀλλ’
3214 2097 3362 2162 ἅπαξ
3390 2099 3455 2167 τῇ
3498 2096 3682 2149 πίστει
3708 2097 3825 2164 πλην

2260 2193 2606 2265 ροφορηθεὶς,
2639 2191 2721 2245 δτι
2750 2190 2894 2260 ἅπερ
2926 2188 3190 2258 ἐλάλησεν
3212 2190 3241 2242 6
3266 2189 3422 2253 Θεὸς,
3453 2188 3823 2257 ἀναμφιόόλως

2256 2282 2510 2350 γενέσθαι
2561 2282 2663 2336 δεῖ.
2726 2280 2837 2334 Καὶ
2870 2278 3015 2333 οὕτω
3040 2279 3265 2350 δόκιμος
3307 2282 3374 2350 τῇ
3411 2280 3736 2351 προαιρέσει
3775 2281 3823 2332 ἐν

2255 2373 2458 2437 πίστει,
2498 2372 2595 2426 καὶ
2631 2372 2903 2441 ὑπομονῇ,
2953 2371 3047 2424 καὶ
3079 2368 3436 2442 μακροθυμίᾳ
3473 2369 3649 2439 πολλῇ
3684 2370 3823 2440 εὕρεο

2255 2466 2393 2529 θεὶς,
2428 2463 2663 2535 διεσώθη
2695 2465 2855 2534 μόνος
2887 2463 3027 2534 μετὰ
3053 2461 3149 2516 τοῦ
3181 2462 3334 2517 οἴκου
3367 2462 3539 2517 αὑτοῦ
3567 2462 3670 2533 τὴν
3698 2464 3823 2516 ἐντο-

2253 2557 2351 2629 λὴν
2382 2556 2641 2629 καθαρῶς
2672 2555 2935 2624 φυλάξας.

2324 2670 2628 2733 Ζ¹.Ταύτας
2650 2669 2706 2724 δὲ
2731 2668 2829 2734 τὰς
2849 2670 3103 2741 ἀφορμὰς
3132 2671 3197 2723 ἐκ
3216 2668 3324 2722 τῶν
3353 2668 3595 2739 Γραφῶν
3611 2670 3823 2739 ηνέγκισ

2259 2783 2381 2837 μεν,
2415 2764 2555 2837 πρὸς
2575 2764 2636 2817 τὸ
2672 2762 2975 2827 ἀποδεῖξαι,
3006 2762 3088 2815 ὅτι
3120 2764 3153 2831 ἠ
3179 2761 3273 2816 τοῦ
3314 2761 3450 2815 Θεοῦ
3475 2762 3577 2831 τῆς
3624 2762 3823 2832 χάριτος

2254 2863 2313 2915 ἐν
2362 2859 2636 2932 ἀνθρώπῳ
2689 2857 2986 2927 γιγνομένη
3032 2858 3304 2928 ἐνέργεια,
3354 2858 3450 2911 καὶ
3483 2856 3547 2909 τὸ
3592 2858 3823 2927 χάρισμα

2254 2953 2349 3006 τοῦ
2374 2952 2693 3021 Πνεύματος
2718 2950 2816 3004 τοῦ
2837 2951 3016 3018 ἁγίου,
3039 2950 3177 3020 ὅπερ
3209 2951 3243 3021 ἡ
3269 2949 3434 3021 πιστὴ
3457 2949 3609 3021 ψυχὴ
3630 2949 3822 3019 λαμϐά-

2256 3060 2368 3099 νειν
2392 3041 2765 3108 καταξιοῦται,
2801 3041 2940 3111 μετὰ
2982 3039 3177 3094 πολλοῦ
3222 3040 3457 3109 ἀγῶνος,
3489 3043 3588 3095 καὶ
3630 3042 3820 3112 ὑπομο-

576 3117 820 3174 tionibus
851 3130 1224 3190 comparatur,
1269 3122 1439 3177 libera
1468 3123 1590 3193 ejus
1637 3125 1921 3181 voluntate
1972 3126 2155 3181 omni-

2265 3138 2362 3207 νῆς
2397 3135 2626 3206 πολλῆς,
2655 3135 2749 3189 καὶ
2783 3134 3186 3206 μακροθυμίας,
3233 3134 3329 3188 καὶ
3361 3135 3712 3206 πειρασμῶν,
3744 3135 3824 3188 καὶ

575 3205 680 3262 bus
702 3207 1093 3263 amictionibus
1118 3210 1369 3279 probata.
1390 3211 1458 3264 Et
1489 3211 1557 3275 si,
1592 3212 1813 3281 quando
1837 3228 1901 3267 ea
1931 3213 1985 3266 in
2004 3213 2152 3267 nulla

576 3315 637 3355 re
668 3298 933 3369 Spiritum
970 3300 1277 3365 contristet,
1309 3301 1404 3356 sed
1432 3303 1619 3372 gratia:
1647 3304 1701 3358 in
1726 3304 1984 3358 omnibus
2012 3319 2152 3373 prae-

576 3390 755 3459 ceptis
817 3400 1104 3455 consonet,
1156 3399 1288 3446 tunc
1334 3392 1716 3449 liberationem
1770 3394 1839 3450 ab
1897 3394 2155 3450 omnibus

577 3480 967 3537 aﬂ‘ectionibus
998 3484 1261 3553 consequi
1285 3484 1447 3555 digna
1482 3492 1792 3555 reputatur,
1824 3486 2154 3557 plenamque

576 3571 931 3640 adoptionem
960 3570 1223 3641 Spiritus,
1258 3573 1326 3628 de
1356 3590 1461 3642 qua
1507 3574 1562 3629 in
1615 3577 1877 3647 mysterio
1926 3577 2153 3643 dicitur,

578 3663 801 3732 accipit,
840 3673 895 3718 et
929 3665 1245 3732 spirituales
1280 3666 1501 3721 divitias
1544 3683 1609 3722 ac
1660 3669 2007 3739 sapientiam,
2034 3685 2155 3740 qua:

577 3764 686 3804 non
704 3758 789 3804 est
815 3750 979 3820 hujus
996 3752 1210 3817 mundi,
1230 3753 1325 3808 sed
1365 3755 1653 3825 cujus,qui
1685 3771 1817 3811 vere
1852 3756 2154 3812 Christiani

574 3848 727 3903 sunt,
761 3842 1058 3911 participes
1081 3853 1227 3898 sunt.
1280 3843 1551 3911 Quocirca
1597 3848 1652 3901 hi
1695 3848 1764 3903 ab
1814 3848 2159 3921 hominibus,

575 3931 672 4000 (ιυί
696 3932 860 4003 hujus
912 3935 1102 3989 mundi
1158 3936 1414 4006 spiritum
1462 3939 1686 4003 habent,
1729 3956 1793 3995 ac
1839 3942 2153 4011 prudentia,

578 4022 887 4091 intellectu,
933 4038 989 4084 et
1037 4029 1308 4098 sapientia
1360 4030 1574 4101 prtediti
1634 4041 1783 4099 sunt,
1827 4048 1926 4104 per
1969 4034 2154 4090 omnia

576 4112 861 4168 diﬂ'erunt.

2259 3228 2590 3299 δοκιμασιῶν
2620 3227 2889 3296 γίγνεται,
2946 3226 3043 3297 τῆς
3087 3225 3433 3289 αὑτεξουσίου
3468 3226 3826 3299 προαιρέσεως

2260 3321 2348 3374 διὰ
2377 3320 2568 3375 πασῶν
2597 3319 2829 3390 θλίψεων
2853 3318 3310 3389 δοκιμαζομένης.
3338 3318 3451 3371 Καὶ
3487 3318 3631 3372 ἐπὰν
3660 3321 3716 3370 ἐν
3738 3335 3827 3387 μη·

2260 3411 2371 3465 δενὶ
2392 3413 2450 3465 τὸ
2484 3410 2709 3481 Πνεῦμα
2753 3410 2995 3483 λυπήσῃ,
3042 3409 3178 3463 ἀλλὰ
3216 3412 3280 3480 τῇ
3313 3410 3500 3480 χάριτι
3530 3409 3623 3462 διὰ
3655 3409 3827 3461 πασῶν

2261 3503 2491 3556 ἐντολῶν
2519 3502 2751 3570 γένηται
2781 3501 3095 3571 σύμφωνος,
3134 3501 3257 3555 τότε
3286 3501 3386 3571 τῆς
3416 3502 3483 3553 ἐκ
3512 3500 3625 3553 τῶν
3655 3499 3825 3552 παθῶν

2262 3593 2577 3664 ἐλευθερίας
2596 3594 2780 3661 τυχεῖν
2803 3590 3178 3658 καταξιοῦται,
3206 3592 3301 3645 καὶ
3329 3591 3429 3659 τῆς
3446 3590 3726 3653 υἱοθεσίας
3749 3588 3826 3642 τοῦ

2263 3684 2579 3755 Πνεῦματος
2606 3684 2890 3754 πλήρωσιν
2923 3683 3212 3754 λαμϐάνει,
3256 3682 3352 3737 καὶ
3400 3685 3501 3752 τῆς
3543 3684 3606 3735 ἐν
3636 3700 3825 3754 μυστη-

2265 3777 2364 3849 ρίῳ
2389 3776 2750 3849 λαλουμένης,
2780 3777 2880 3830 καὶ
2922 3775 3016 3829 τοῦ
3050 3774 3427 3845 πνευματικοῦ
3460 3775 3720 3839 πλούτου,
3750 3777 3828 3827 καὶ

2260 3863 2361 3933 τῆς
2402 3864 2670 3928 συνέσεως
2696 3867 2793 3934 τῆς
2825 3863 2898 3935 μὴ
2948 3862 3114 3934 οὔσης
3152 3863 3247 3917 τοῦ
3290 3864 3497 3934 κόσμου
3526 3866 3744 3925 τούτου.

2261 3956 2311 4008 οἱ
2335 3955 2504 4020 ὄντως
2526 3956 2678 4020 ὅντες
2711 3955 3030 4027 Χριστιανοὶ
3075 3956 3293 4025 μέτοχοι
3322 3954 3590 4023 γίνονται.
3633 3957 3724 4009 Διὸ
3749 3958 3827 4008 καὶ

2263 4044 2485 4100 πάντων
2549 4045 2853 4117 ἀνθρώπων
2903 4046 3012 4099 τῶν
3055 4046 3289 4116 ἐχόντων
3343 4048 3404 4100 τὸ
3466 4047 3566 4100 τοῦ
3636 4049 3826 4117 κόσμου

2262 4132 2501 4204 πνεῦμα,
2524 4134 2826 4205 φρονίμων,
2858 4134 3117 4202 συνετῶν,
3147 4135 3350 4206 σοφῶν,
3382 4128 3531 4190 οὗτοι
3555 4138 3643 4201 είς
3670 4139 3826 4191 πάντα

2260 4225 2632 4297 διαφέρουσιν.

648 4331 785 4386 Vlll.
830 4331 1138 4403 Siquidem,
1177 4334 1271 4404 qui
1318 4334 1635 4407 hujusmodi
1666 4349 1773 4403 est,
1831 4355 2008 4394 omnes
2064 4343 2156 4396 ho-

2334 4342 2414 4393 H'.
2432 4340 2490 4394 Ὀ
2507 4340 2747 4405 τοιοῦτος
2762 4341 2869 4411 γὰρ
2883 4340 3116 4407 πάντας
3138 4341 3490 4410 ἀνθρώπους
3508 4343 3823 4413 ἀνακρίνει,

578 4423 747 4479 mines
784 4424 1121 4494 dijudicat",
1178 4434 1239 4480 ut
1290 4427 1556 4497 scriptum
1612 4437 1745 4482 est:
1796 4431 1948 4485 novit
2008 4433 2155 4488 unde

2265 4432 2404 4486 κατὰ
2426 4432 2488 4485 τὸ
2507 4435 2893 4504 γεγραμμένον
2912 4449 2926 4464 ·
2962 4434 3224 4501 γινώσκει
3243 4434 3476 4489 ἕκαστον
3507 4437 3679 4489 πόθεν
3699 4437 3827 4489 λαλεῖ

576 4514 812 4584 quisque
844 4514 1121 4585 loquatur,
1145 4516 1309 4571 ctubi
1336 4519 1621 4585 consistat,
1647 4529 1703 4575 et
1726 4521 1779 4574 in
1804 4523 2007 4591 quibus
2030 4542 2153 4594 gra-

2265 4525 2352 4577 καὶ
2375 4524 2477 4578 ποῦ
2506 4525 2725 4597 ἕστηκε,
2754 4528 2848 4579 καὶ
2872 4528 2928 4580 ὲν
2966 4527 3138 4589 ποίοις
3159 4528 3378 4597 μέτροις
3405 4529 3577 4580 ἐστίν⁹
3601 4530 3761 4582 αὑτὸν
3780 4530 3825 4580 δὲ

577 4605 743 4661 dibus
776 4608 1146 4661 constituatur
1175 4626 1187 4661 :
1221 4609 1398 4677 ipsum
1434 4624 1568 4663 vero
1619 4610 1806 4666 nullus
1865 4612 2147 4669 hominum

2265 4618 2429 4681 οὐδεὶς
2458 4618 2554 4672 ἀνθ
2565 4619 2764 4689 ρώπων
2786 4620 2894 4676 τῶν
2918 4620 3154 4691 ἐχόντων
3174 4620 3234 4673 τὸ
3253 4620 3470 4691 πνεῦμα
3490 4621 3589 4674 τοῦ
3613 4624 3822 4692 κόσμου,

578 4697 897 4752 habentium
940 4699 1193 4769 spiritum
1234 4700 1448 4767 mundi,
1480 4716 1811 4772 cognoscere
1858 4716 1914 4759 et
1943 4707 2148 4778 dijudi-

2265 4709 2553 4777 γινώσκειν
2589 4713 2682 4764 καὶ
2714 4712 3027 4784 ἀνακρίνειν
3053 4712 3294 4777 δύναται,
3323 4713 3372 4765 εί
3416 4713 3492 4784 μὴ
3526 4716 3695 4782 μόνον
3722 4717 3748 4767 6
3776 4716 3823 4766 τὸ

575 4804 705 4843 care
734 4799 929 4858 potest,
962 4791 1065 4845 nisi
1099 4792 1249 4845 solus
1274 4791 1339 4857 is,
1363 4793 1457 4863 qui
1486 4794 1720 4849 similem
1753 4798 2033 4852 cmlestem
2067 4799 2151 4853 di-

2265 4803 2451 4872 ὂμοιον
2488 4802 2625 4873 ἔχων
2660 4804 2984 4874 ἐπουράνιον
3012 4806 3112 4875 τῆς
3142 4804 3392 4874 θεότητος
3418 4805 3658 4875 Πνεῦμα
3678 4807 3821 4873 γινὼο

576 4881 821 4936 vinitatis
855 4881 1117 4951 Spiritum
1153 4884 1337 4949 habet,
1372 4887 1653 4956 cognoscit
1686 4888 1918 4943 similem
1943 4932 1956 4954 ,
1983 4900 2043 4944 ut
2066 4891 2152 4946 inc

2265 4912 2379 4946 σκει
2411 4894 2502 4947 τὸν
2532 4895 2738 4964 ὅμοιον,
2797 4894 2871 4959 ὡς
2904 4897 3067 4965 φησὶν
3096 4898 3122 4948 ό
3167 4896 3523 4960 Ἀπόστολος·
3564 4902 3822 4965 Ursum-

572 4974 697 5042 quit
724 4972 1019 5043 Apostolus
1050 4991 1064 5027 :
1098 4974 1474 5046 Spiritualibus
1501 4989 1868 5049 comparantes
1898 4983 2153 5051 spiritua-

2265 4986 2445 5049 τικοῑς
2500 4985 2873 5052 πνευματικὰ
2935 4986 3405 5054 συγκρίνοντες·
3452 4989 3726 5055 ψυχικὸς
3767 4987 3823 5039 δὲ

576 5062 674 5116 lia.
697 5063 961 5117 Animalis
997 5074 1171 5118 autent
1211 5068 1363 5119 homo
1389 5084 1491 5120 non
1542 5070 1727 5140 accipit
1761 5086 1844 5135 ea,
1875 5086 1991 5141 qua:
2027 5082 2149 5125 sunt

2265 5075 2564 5144 ἅνθρωπος
2585 5078 2656 5129 οὐ
2680 5075 2911 5143 δέχεται
2930 5076 3001 5130 τὰ
3024 5076 3128 5130 τοῦ
3153 5078 3503 5145 Πνεύματος
3525 5080 3643 5133 τοῦ
3668 5083 3763 5134 Θεί
3774 5080 3819 5133 ῦ”

575 5154 807 5224 Spiritus
851 5155 965 5219 Dei,
1007 5157 1265 5227 siquidem
1294 5158 1517 5212 stultitia
1551 5161 1630 5213 illi
1674 5172 1816 5227 sunt,
1862 5180 1954 5216 nec
1985 5173 2151 5233 potest

2265 5168 2437 5234 ιιωρία
2449 5168 2558 5236 γὰρ
2577 5166 2736 5233 αὐτῷ
2747 5168 2937 5221 ἐστιν.
2955 5168 3016 5221 '0
3030 5168 3098 5221 δὲ
3110 5169 3510 5238 πνευματικὸς
3520 5170 3819 5240 ἀνακρίνει

574 5262 904 5315 cognoscere.
950 5248 1018 5302 Αι
1066 5250 1359 5319 spiritualis
1393 5252 1647 5321 dijudicat
1675 5256 1881 5323 quidem
1916 5258 2093 5310 omnia
2132 5274 2149 5311 :

2265 5261 2365 5314 uer
2390 5262 2605 5325 πάντα,
2654 5262 2835 5328 αὐτὸς
2871 5262 2939 5314 δὲ
2987 5262 3088 5317 ὑπ’
3131 5263 3383 5331 οὐδενὸς
3422 5264 3817 5332 ἀνακρίνεται.

574 5339 686 5408 ipse
714 5355 834 5393 vero
860 5358 890 5392 a
915 5343 1122 5395 nemine
1152 5343 1559 5412 dijudicatur”.
1605 5348 1880 5417 Ejusmodi
1917 5350 2009 5418 qui
2043 5358 2149 5414 est,

2265 5354 2323 5407 '0
2361 5354 2600 5417 τοιοῦτος
2630 5356 2808 5407 πάντα
2839 5355 2905 5407 τὰ
2925 5354 3017 5407 τοῦ
3052 5355 3257 5426 κόσμου
3281 5356 3593 5426 πράγματα
3623 5358 3815 5422 ἔνδοξα,

574 5443 767 5484 omnes
798 5433 989 5486 mundi
1016 5449 1104 5487 res
1123 5435 1413 5504 pretiosas,
1438 5437 1680 5503 divitias,
1712 5439 1920 5505 luxum,
1949 5457 2013 5496 ac
2035 5456 2151 5495 om-

2265 5444 2504 5511 πλοῦτον,
2536 5446 2630 5499 καὶ
2666 5446 2897 5517 τρυφὴν,
2953 5448 3048 5499 καὶ
3086 5450 3267 5503 πᾶσαν
3304 5449 3640 5518 ἀπόλαυσιν,
3664 5450 3817 5518 αὐτήν

642 5650 688 5737 ξ’
714 5648 857 5737 (ἶςηι
887 5669 975 5737 χχ,
1010 5654 1073 5718 ις
1120 5670 1253 5737 xvi},
1468 5674 1619 5737 _xvu_tl_,
1808 5677 1894 5729 xx,
1942 5662 1976 5719 2
2034 5679 2147 5736 seq.
2184 5681 2312 5733 xxn,
2358 5667 2380 5721 1
2439 5683 2556 5737 seq.

1209 5670 1253 5735 ιι,
1284 5665 1752 5736 5_._§_;._XVI_II_,1‘(_)_;
1808 5677 1894 5729 xx,
1942 5665 1976 5719 2
2034 5679 2147 5736 seq.

2265 5682 2312 5733 ιι,
2358 5667 2380 5721 1
2439 5683 2556 5736 seq.
2663 5666 2709 5699 ”
2740 5665 2878 5722 Gen.
2914 5683 2987 5733 vi,
3037 5666 3102 5731 7;
3142 5682 3238 5733 vn,
3282 5667 3344 5735 i;
3402 5683 3519 5735 vtu,
3560 5670 3628 5734 l;
3675 5686 3740 5735 ιι,
3771 5672 3809 5725 1.

575 5732 695 5787 seq.
769 5720 1032 5780 ⁹’1.(Σοι·.
1062 5740 1121 5791 ιι,
1156 5724 1241 5779 15.
1306 5720 1741 5793 "ibid.,H,l5.
