3948 6552
147 311 232 376 537
1318 285 1684 348 HOMILLE.

1815 284 2002 346 HOM.
2045 285 2147 344 IX.

3242 277 3347 340 538

147 439 194 477 τε
234 415 320 485 τὴν
372 403 588 476 γνῶσιν,
639 402 735 458 καὶ
790 400 969 455 πάντα
1010 398 1080 453 τὰ
1131 395 1225 452 τοῦ
1260 397 1452 460 αίῶνος
1480 393 1668 447 τούτου

1795 408 1900 447 tem
1950 393 2311 462 voluptatein,
2368 390 2541 460 ipsam
2590 403 2811 459 quoque
2843 386 3237 458 cognitionem,
3291 396 3351 443 et

144 501 364 585 βδελυκτά
393 500 625 570 ἡγεῖται,
656 495 753 549 καλ⁵
787 494 1015 563 μισητά.

195 687 262 740 θι⁹
293 680 494 743 Ὠσπερ
534 670 644 740 γὰρ
689 671 717 722 6
775 668 1110 738 φλεγόμενος
1156 665 1251 719 καὶ
1307 663 1670 732 κατεχόμενος

144 767 349 842 πυρετῷ,
377 765 507 830 ὅπερ
536 759 603 813 ἂν
630 758 1003 831 προσενέγκῃς
1045 755 1194 825 αὑτῷ
1229 754 1425 825 βρῶμα
1452 753 1485 824 ἢ
1519 754 1671 821 πόμα

140 868 326 937 ἣδιστον
353 852 691 926 βδελύσσεται
721 851 815 903 καὶ
858 847 1178 912 ἀποϐάλλει,
1229 845 1318 898 διά
1362 845 1422 897 τὸ
1452 841 1672 914 πυρετῷ

136 951 397 1027 φλέγεσθαι
445 944 629 1008 αὐτὸν,
676 945 771 996 καὶ
826 943 919 995 ὑπ’
951 940 1115 994 αὑτοῦ
1152 938 1399 1009 σφοδρῶς
1428 939 1670 1006 ἐνεργεῖ-

138 1025 243 1098 σθαι
264 1057 277 1070 ·
307 1037 391 1090 τὸν
414 1033 573 1088 αὑτὸν
605 1032 804 1101 τρόπον
840 1030 934 1083 καὶ
963 1029 1013 1081 οἱ
1043 1026 1367 1097 φλεγόμενοι
1399 1025 1477 1094 τῷ
1505 1025 1672 1077 ἐπου-

138 1133 279 1208 ρανίῳ
309 1127 397 1181 τοῦ
432 1124 749 1194 Πνεῦματος
781 1120 909 1192 ίερῷ
942 1120 1036 1173 καὶ
1064 1119 1246 1189 σεμνῷ
1275 1117 1444 1188 πόθῳ,
1481 1118 1576 1170 καὶ
1595 1116 1674 1187 τῷ

131 1230 272 1301 ἔρωτι
299 1223 388 1291 τῆς
431 1216 653 1287 ἀγάπης
682 1214 773 1268 τοῦ
800 1213 938 1267 Θεοῦ
995 1214 1094 1282 τὴν
1124 1211 1301 1281 ψυχὴν
1350 1208 1671 1281 τρωθέντες,

132 1320 209 1375 καὶ
244 1313 314 1384 τῷ
359 1310 485 1380 θείῳ
520 1308 614 1361 καὶ
652 1305 962 1375 ἐπουρανίῳ
994 1304 1148 1373 πυρὶ,
1176 1302 1203 1356 ὃ
1233 1304 1261 1355 6
1296 1300 1500 1372 Κύριος
1529 1303 1587 1353 ἐν
1604 1302 1671 1371 τῇ

130 1416 186 1483 γῇ
210 1406 329 1481 ἦλθε
363 1403 567 1474 βαλεῖν,
600 1400 696 1453 καὶ
731 1399 874 1452 θέλει
900 1401 957 1451 ἐν
983 1398 1138 1466 τάχει
1178 1396 1504 1466 ἀναφθῆναι,
1542 1410 1674 1463 σφο-

127 1502 248 1575 δρῶς
269 1494 666 1566 ἐνεργούμενοι,
693 1490 787 1544 καὶ
810 1490 1159 1558 ἐκκαιόμενοι
1191 1490 1272 1550 είς
1302 1488 1394 1539 τὸν
1424 1485 1675 1556 οὐράνιον

126 1595 206 1650 τοῦ
235 1586 465 1661 Χριστοῦ
519 1585 706 1648 πόθον,
746 1582 820 1647 ὡς
870 1583 1216 1653 προείρηται,
1258 1579 1438 1631 πάντα
1482 1576 1553 1629 τὰ
1580 1575 1675 1629 τοῦ

122 1684 296 1745 αἰῶνος
338 1677 524 1743 ἔνδοξα
582 1675 798 1738 τούτου,
856 1674 950 1728 καὶ
1027 1673 1205 1742 τίμια,
1258 1668 1540 1737 ἀπόϐλητα
1583 1667 1677 1720 καὶ

1775 484 1961 539 omnia
1990 500 2111 553 qua:
2136 490 2265 538 sunt
2293 482 2458 552 hujus
2488 480 2671 536 saeculi
2695 518 2710 542 ,
2740 478 3078 534 exsecranda
3109 479 3265 534 ducit
3294 488 3351 534 et

1776 577 1908 633 odio
1937 576 2125 647 digna.

1852 668 1945 723 IX.
1966 665 2438 734 Quemadmodum
2473 661 2621 718 enim
2657 662 2750 732 qui
2782 661 2995 715 ardenti
3028 659 3167 715 febri
3196 659 3354 714 labo-

1777 779 1885 832 rat,
1918 781 2307 839 quemcunque
2354 766 2405 820 ei
2449 762 2650 818 oﬂ'eras
2678 760 2862 816 cibum
2906 767 3001 812 aut
3031 764 3242 827 potum,
3295 756 3353 810 id

1777 861 2030 931 quamvis
2092 858 2507 920 suavissimum,
2546 853 2897 909 abominatur
2940 865 3005 905 ac
3042 850 3246 913 renuit,
3286 862 3354 902 eo

1778 952 1925 1023 quod
1976 951 2115 1005 febri
2155 948 2525 1003 inﬂammatus
2571 946 2640 1001 ab
2686 961 2751 1001 ea
2778 943 2937 999 valde
2981 951 3347 997 exerceatur:

1777 1043 1969 1097 eodem
2002 1041 2187 1103 modo,
2208 1038 2301 1108 qui
2341 1037 2579 1107 Spiritus
2608 1034 2852 1090 caelestis
2878 1041 3065 1105 sancto
3090 1046 3153 1085 ac
3182 1044 3356 1084 vene-

1780 1134 1942 1189 rabili
1981 1131 2260 1186 desiderio
2286 1129 2529 1192 accensi,
2570 1141 2760 1182 amore
2800 1124 3116 1180 dilectionis
3154 1122 3251 1177 Dei
3296 1122 3354 1176 in

1780 1229 1961 1282 anima
2005 1226 2257 1287 sauciati,
2311 1239 2376 1278 ac
2419 1222 2605 1277 divino
2653 1220 2974 1290 cmlestique
3013 1220 3157 1290 igne,
3189 1232 3354 1287 quem

1782 1320 2049 1376 Dominus
2078 1318 2134 1371 in
2158 1326 2357 1372 terram
2391 1316 2661 1369 missurus
2688 1312 2836 1366 venit
2854 1313 2921 1371 9‘.
2946 1312 3174 1378 vultque
3203 1308 3359 1362 velo-

1781 1411 1920 1464 citer
1957 1405 2206 1468 accendi,
2262 1404 2620 1459 vehementer
2672 1398 2908 1463 incitati;
2946 1406 3111 1466 atque
3144 1394 3356 1450 coalesti

1782 1499 2063 1556 desiderio
2107 1496 2312 1553 Christi
2371 1493 2591 1550 accensi
2622 1501 2770 1557 sunt,
2802 1491 3010 1553 omnia,
3040 1499 3098 1543 ut
3148 1486 3355 1541 dictum

1783 1602 1889 1657 est,
1926 1607 2048 1662 quae
2072 1600 2201 1645 sunt
2226 1591 2279 1643 in
2314 1589 2421 1642 hoc
2454 1585 2656 1641 saeculo
2702 1585 2961 1655 prreclara
2990 1596 3053 1634 ac
3092 1579 3355 1649 pretiosa,

1785 1684 2123 1754 repudianda
2150 1693 2208 1738 et
2238 1681 2367 1735 odio
2410 1680 2573 1750 digna
2608 1683 2884 1747 reputant,
2926 1682 3151 1743 propter
3178 1673 3358 1741 ignem

125 1773 315 1848 μισητά
335 1768 663 1838 λογίζονται,
692 1765 781 1818 διὰ
809 1763 870 1817 τὸ
903 1763 1006 1833 τῆς
1030 1762 1251 1831 ἀγάπης
1306 1758 1401 1814 τοῦ
1440 1757 1679 1829 Χριστοῦ

1795 1772 2095 1827 lilectionis
2113 1768 2456 1839 Christi,qui
2486 1764 2833 1836 constringit,
2875 1763 3128 1819 accendit
3170 1774 3229 1818 et
3273 1762 3363 1816 in-

119 1867 234 1937 πῦρ,
270 1864 332 1915 τὸ
362 1859 587 1927 συνέχον
615 1858 711 1909 καὶ
741 1856 984 1918 ἐκκαῖον,
1019 1853 1114 1905 καὶ
1141 1850 1338 1920 φλέγον
1390 1848 1586 1911 αὐτοὺς
1613 1849 1679 1917 τῇ

119 1958 239 2028 πρὸς
268 1953 357 2006 τὸν
380 1950 517 2004 Θεὸν
543 1947 804 2010 διαθέσει,
828 1947 1054 2005 καὶτοῖς
1082 1940 1429 2013 ἐπουρανίοις
1459 1938 1683 2009 ἀγαθοῖς

114 2050 201 2117 τῆς
224 2044 443 2114 ἀγάπης
468 2056 485 2071 °
517 2040 578 2105 ἐξ
602 2036 664 2113 ἧς
688 2040 910 2109 ἀγάπης
942 2036 1094 2091 οὐδὲν
1116 2035 1226 2088 τῶν
1257 2032 1620 2103 ἐπουρανίων,
1648 2030 1682 2098 ἢ

115 2133 431 2205 ἐπιγείων,ἥ
462 2129 840 2201 καταχθονίων
854 2130 1085 2199 χωρίσαι
1102 2128 1390 2197 δυνήσεται
1412 2124 1635 2185 τούτους
1664 2138 1678 2152 ·

109 2227 275 2290 καθὼς
316 2226 343 2278 6
387 2221 688 2282 ἀπόστολος
752 2219 1103 2290 ἐμαρτύρησε
1157 2216 1389 2282 Παῦλος,
1442 2214 1525 2268 ὅτι
1588 2214 1685 2279 Τίς

110 2319 253 2388 ἡμᾶς
292 2315 543 2385 χωρίσει
569 2314 687 2368 ἀπὸ
720 2313 830 2381 τῆς
858 2310 1095 2381 ἀγάπης
1119 2309 1225 2364 τοῦ
1254 2305 1558 2378 Χριστοῦ;
1591 2307 1684 2360 καὶ

112 2412 173 2464 τὰ
198 2409 342 2477 ἑξῆς.

169 2504 224 2555 l'.
253 2500 366 2568 Τὴν
431 2498 493 2550 δέ
552 2496 746 2565 κτῆσιν
794 2493 897 2564 τῆς
949 2491 1143 2547 ἐαυτοῦ
1199 2490 1401 2563 ψυχῆς,
1461 2489 1684 2561 καὶτῆς

103 2588 425 2659 ἐπουρανίου
470 2587 570 2640 τοῦ
628 2584 945 2654 Πνεύματος
990 2584 1236 2655 ἀγάπης,
1272 2582 1372 2636 οὐκ
1410 2580 1683 2652 ἐνδέχεταί

104 2698 215 2735 τινα
244 2680 453 2751 εὑρεῖν,
484 2679 584 2730 ἐὰν
618 2676 691 2747 μὴ
721 2677 938 2729 πάντων
980 2676 1091 2729 τῶν
1130 2674 1226 2728 τοῦ
1264 2674 1459 2737 αἰῶνος
1492 2672 1683 2725 τούτου

100 2772 285 2826 ἑαυτὸν
315 2768 728 2840 ἀλλοτριῶσας,
766 2767 903 2839 πρὸς
934 2767 1032 2837 τὴν
1062 2766 1291 2837 ζήτησιν
1336 2765 1433 2835 τῆς
1462 2763 1685 2832 ἀγάπης

97 2863 186 2917 τοῦ
215 2860 465 2934 Χριστοῦ
535 2860 730 2914 ἑαυτὸν
777 2858 968 2930 ἐπιδῷ,
999 2860 1095 2912 κοιλ⁸
1118 2857 1309 2913 πασῶν
1360 2855 1562 2909 ὑλικῶν
1594 2852 1687 2908 καὶ

98 2953 506 3026 περισπασμῶν
543 2951 749 3021 γηΐνων
775 2953 802 3003 6
832 2950 953 3014 νοῦς
977 2950 1130 3012 ἐκτὸς
1155 2950 1403 3019 γένηται,
1438 2947 1527 3000 ἵνα
1557 2944 1686 3015 περὶ

91 3047 178 3098 τὸν
212 3044 311 3100 ’ἐνα
349 3042 569 3096 σκοπὸν
595 3041 713 3103 ὅλος
737 3038 1345 3110 ἀσχοληθῆναιδυνηθῇ,
1367 3035 1458 3090 διά
1490 3034 1680 3089 πασῶν

102 3085 175 3098 ’ν’
214 3085 311 3100 θ’*
352 3085 564 3096 *ην-’ν’
597 3085 711 3103 *ν’-ἰ
738 3085 1104 3110 ν-νΛντ-υιν-ιτνπ
1124 3085 1345 3107 *νγ-νιν
1374 3085 1457 3090 ν-ν-
1497 3085 1668 3089 -ν-τ-νν

92 3136 322 3189 ἐντολῶν
355 3134 551 3187 ταῦτα
587 3131 961 3196 κατευθύνων,
988 3130 1076 3183 ἴνα
1113 3130 1208 3202 ὅλη
1236 3132 1269 3201 ή
1300 3129 1560 3200 μέριμνα,
1592 3126 1688 3180 καὶ
1710 3085 1755 3148 C

88 3233 121 3299 ἡ
150 3228 413 3298 ζήτησις,
457 3226 564 3278 καὶ
596 3226 624 3276 6
680 3220 1087 3292 περισπασμὸς,
1116 3220 1211 3273 καὶ
1266 3221 1299 3289 ὴ
1335 3217 1563 3287 ἀσχολία
1589 3217 1689 3286 τῆς

87 3323 261 3393 ψυχῆς
288 3319 430 3390 περὶ
460 3319 569 3389 τὴν
623 3315 852 3387 ἔρευναν
877 3312 980 3383 τῆς
1031 3312 1226 3383 νοερᾶς
1256 3309 1444 3373 οὐσίας
1466 3304 1522 3383 ᾗ,
1570 3308 1690 3371 πῶς

85 3416 251 3483 αὐτὴν
276 3409 656 3482 κοσμηθῆναι
685 3408 764 3459 δεῖ
787 3407 905 3469 ταῖς
931 3404 1042 3459 τῶν
1062 3402 1273 3475 ἀρετῶν
1310 3401 1574 3469 ἐντολαῖς,
1597 3400 1691 3454 καὶ

85 3506 159 3577 τῷ
192 3501 527 3573 ἐπουρανίῳ
555 3500 650 3554 τοῦ
685 3499 999 3569 Πνεύματος
1026 3497 1239 3567 κόσμῳ,
1275 3495 1370 3547 καὶ
1399 3496 1463 3565 τῇ
1496 3510 1691 3547 κοινω-

81 3600 168 3669 via
214 3597 320 3667 τῆς
368 3594 477 3648 τοῦ
526 3591 769 3664 Χριστοῦ
818 3590 1192 3661 καθαρότητος
1237 3588 1332 3641 καὶ
1393 3584 1687 3657 ἀγιασμοῦ,

84 3688 170 3741 ἵνα
230 3704 320 3751 τις
368 3687 564 3740 πᾶσιν
617 3683 1055 3753 ἀποταξάμενος,
1106 3680 1200 3734 καὶ
1264 3679 1443 3733 πάντα
1493 3677 1690 3732 ἑαυτοῦ

79 3778 397 3851 περικόψας
428 3778 510 3831 τὰ
543 3776 643 3847 τῆς
674 3775 807 3847 ’ύλης
836 3776 931 3829 καὶ
955 3774 1061 3844 γῆς
1088 3773 1340 3845 ἐμπόδια,
1374 3774 1466 3826 καὶ
1493 3788 1691 3841 σαρκι-

79 3872 179 3940 κῆς
239 3869 515 3937 ἀγάπης,
577 3866 610 3938 ἢ
659 3864 1037 3934 προσπαθείας
1079 3863 1304 3932 γονέων,
1352 3862 1693 3933 ἧσυγγενῶν

73 3959 228 4021 ἐκτὸς
283 3958 637 4028 γενόμενος,
695 3957 753 4008 ἐν
811 3954 1001 4026 μηδενὶ
1050 3955 1223 4025 ἐτέρῳ
1258 3956 1591 4027 συγχωρήσῃ
1617 3954 1695 4025 τῷ

74 4048 273 4100 ἑαυτοῦ
336 4045 424 4117 νῷ
479 4044 883 4115 ἀσχοληθῆναι,
937 4044 976 4115 ἢ
1020 4044 1481 4117 περισπασθῆναι,
1528 4040 1694 4113 οἷονῆ

68 4142 241 4211 ἀρχῇ,
266 4139 303 4211 ἦ
339 4138 516 4210 δόξῃ,
559 4137 595 4207 ἢ
616 4138 824 4208 τιμαῖς,
853 4136 890 4208 ἢ
919 4135 1124 4205 φιλίαις
1144 4139 1433 4205 σαρκικαῖς
1464 4136 1697 4207 κόσμου,

71 4232 105 4301 ἢ
153 4233 393 4302 ἑτέραις
450 4230 581 4283 τισὶ
610 4228 859 4300 φροντίσι
896 4228 1138 4298 γηῖναις,
1167 4228 1280 4283 ἀλλ’
1310 4228 1429 4291 ὅλος
1466 4230 1525 4295 ἐξ
1572 4228 1695 4282 ὅλου

70 4325 201 4394 περὶ
234 4324 346 4392 τὴν
384 4320 645 4391 ζήτησιν
670 4319 770 4389 τῆς
799 4320 991 4389 νοερᾶς
1029 4318 1218 4382 οὐσίας
1249 4318 1347 4389 τῆς
1383 4318 1561 4389 ψυχῆς
1599 4319 1697 4388 τὴν

1782 1860 2026 1913 ﬂammat
2047 1873 2143 1914 eos
2175 1857 2468 1912 aﬂectione
2500 1856 2621 1919 Dei,
2649 1864 2706 1909 et
2733 1855 3052 1910 ccelestibus
3093 1852 3252 1906 bonis
3275 1852 3362 1906 di-

1784 1951 2060 2007 lectionis.
2092 1951 2138 2005 A
2161 1966 2269 2021 qua
2298 1950 2520 2019 quidem
2551 1948 2712 2011 nihil,
2746 1948 2862 2002 sive
2912 1955 3217 2010 terrenum,
3243 1945 3360 1999 sive

1789 2045 2211 2104 subterraneum
2243 2045 2336 2107 sit,
2367 2058 2465 2098 eos
2513 2042 2793 2111 separabit
2828 2057 2841 2093 :
2874 2040 3018 2094 sicut
3080 2038 3362 2106 apostolus

1784 2145 1986 2201 Paulus
2015 2150 2273 2198 testatum
2310 2141 2461 2204 fecit,
2495 2140 2709 2194 scilicet
2750 2155 2763 2191 :
2799 2137 2925 2202 Quis
2967 2154 3059 2191 nos
3090 2135 3362 2207 separabit

1785 2256 1817 2291 a
1838 2237 2099 2292 charitate
2126 2234 2373 2291 Christi"
2400 2233 2425 2285 ’ἔ
2443 2240 2501 2288 et
2523 2246 2645 2300 quae
2682 2238 3010 2299 sequuntur.

1855 2501 2361 2559 X.Possessionem
2420 2512 2555 2553 vero
2603 2512 2715 2552 sua:
2766 2495 2982 2556 animae,
3017 2500 3073 2549 et
3124 2491 3370 2562 Spiritus

1786 2592 2026 2649 caelestis
2050 2589 2362 2646 dilectionis
2393 2604 2500 2642 non
2546 2586 2817 2654 contingit
2851 2584 3163 2654 quempiam
3211 2584 3367 2637 inve-

1787 2686 1931 2751 nire,
1956 2683 2061 2739 nisi
2101 2683 2171 2738 ab
2224 2680 2504 2740 omnibus,
2537 2694 2660 2748 quae
2697 2686 2826 2731 sunt
2872 2676 3037 2745 hujus
3071 2675 3276 2737 seculi,
3304 2689 3365 2729 se

1788 2774 1966 2845 ipsum
1993 2772 2293 2835 abstrahat,
2317 2780 2374 2825 et
2406 2767 2739 2839 indagationi
2762 2766 3043 2822 charitatis
3069 2765 3275 2820 Christi
3303 2780 3366 2819 se

1793 2866 1969 2936 ipsum
2003 2862 2205 2927 tradat,
2255 2877 2319 2916 ac
2363 2860 2433 2915 ab
2482 2858 2744 2913 omnibus
2773 2856 2974 2911 crassis
3019 2864 3076 2911 et
3131 2855 3373 2910 terrenis

1790 2955 1958 3011 rebus
1995 2969 2150 3008 mens
2192 2951 2386 3024 procul
2416 2951 2605 3016 absit;
2639 2957 2700 3004 ut
2736 2949 2885 3003 circa
2933 2962 3105 3002 unum
3138 2960 3366 3015 scepum

1795 3058 1942 3121 totus
1969 3057 2216 3119 satagere
2238 3046 2430 3116 possit,
2453 3060 2551 3114 per
2573 3043 2757 3098 omnia
2784 3049 3057 3112 praecepta
3085 3040 3199 3109 haec
3225 3039 3372 3094 bene

1791 3142 2054 3213 dirigens,
2093 3149 2155 3195 ut
2199 3139 2379 3194 omnis
2436 3142 2591 3198 cura.
2630 3134 2938 3206 inquisitio,
2968 3132 3254 3188 distractio
3310 3140 3369 3187 et

1792 3234 2085 3305 occupatio
2115 3233 2315 3287 anima:
2341 3230 2397 3285 in
2428 3228 2809 3298 investiganda
2847 3225 3206 3281 intellectuali
3233 3224 3367 3279 sub-

1791 3327 1992 3382 stantia
2013 3327 2239 3389 haareat,
2268 3321 2545 3393 quomodo
2574 3337 2693 3376 eam
2728 3319 2916 3375 ornari
2941 3326 3197 3389 oporteat
3225 3331 3368 3386 pra:-

1791 3419 1964 3489 ceptis
1989 3418 2277 3479 virtutum,
2302 3431 2366 3470 ac
2391 3414 2600 3471 caelesti
2626 3412 2868 3482 Spiritus
2892 3422 3112 3474 ornatu,
3144 3418 3202 3464 et
3242 3424 3373 3478 par-

1795 3510 2110 3581 ticipatione
2153 3507 2410 3579 puritatis
2440 3516 2497 3561 et
2542 3503 2996 3561 sanctiﬁcationis
3022 3502 3226 3559 Christi
3258 3518 3272 3554 :
3311 3510 3374 3555 ut

1792 3602 1903 3673 36
1934 3602 2061 3672 quis
2105 3601 2363 3655 omnibus
2410 3597 2725 3653 valedicens
2772 3596 3067 3664 omniaque
3099 3609 3279 3648 crassa
3306 3607 3371 3647 ac

1795 3705 2011 3749 terrena
2030 3692 2418 3762 impedimenta
2434 3704 2710 3752 resecans,
2725 3705 2788 3744 ac
2806 3687 3043 3743 carnalis
3057 3684 3380 3740 dilectionis

1793 3795 1888 3843 aut
1937 3784 2247 3841 atIectionis
2270 3798 2399 3853 erga
2417 3792 2672 3853 parentes
2694 3796 2757 3835 ac
2780 3791 3043 3850 cognatos
3064 3792 3261 3847 expers
3292 3776 3379 3830 fa-

1794 3887 1936 3939 ctus.
1966 3875 2102 3931 nulli
2142 3875 2301 3931 alteri
2348 3874 2426 3929 rei
2457 3874 2724 3930 concedat
2757 3873 2996 3926 animam
3030 3885 3247 3933 vacare,
3276 3876 3373 3922 aut

1796 3981 1860 4021 ea
1887 3966 2116 4021 distrahi
2153 3982 2168 4018 :
2196 3966 2351 4020 velut
2378 3972 2477 4020 aut
2505 3963 2769 4033 regnandi
2802 3961 3226 4030 cupiditati,aut
3258 3959 3373 4029 glo-

1798 4062 1914 4126 riae,
1945 4070 2042 4117 aut
2062 4061 2370 4119 honoribus
2404 4058 2781 4114 autamicitiis
2805 4058 3119 4113 carnalibus
3155 4056 3375 4119 mundi,

1799 4163 1896 4208 aut
1926 4154 2052 4208 aliis
2098 4152 2431 4223 quibusdam
2461 4151 2612 4206 curis
2642 4150 2907 4216 terrenis;
2941 4149 3035 4205 sed
3072 4158 3220 4203 totus
3252 4163 3380 4202 om-

1798 4244 1932 4299 nino
1979 4244 2035 4298 in
2073 4243 2382 4314 indaganda
2425 4240 2782 4297 intellectuali
2826 4239 3133 4294 substantia
3181 4238 3384 4292 animas

1799 4351 1987 4389 curam
2016 4343 2072 4389 et
2100 4334 2343 4395 laborem
2375 4332 2591 4387 animus
2621 4331 2905 4400 suscipiat,
2925 4338 2982 4384 et
3005 4328 3060 4383 in
3084 4344 3180 4398 spe
3210 4339 3379 4399 atque

72 4417 365 4485 μέριμναν
402 4412 518 4465 καὶ
555 4410 738 4480 θλίψιν
777 4412 804 4464 6
856 4410 980 4473 νοῦς
1007 4410 1277 4483 ἀναλάϐῃ,
1310 4411 1407 4465 καὶ
1432 4413 1501 4482 τῇ
1524 4427 1684 4482 προσ‹

1800 4426 2209 4497 exspectatione
2242 4424 2515 4480 adventus
2546 4422 2809 4492 Spiritus,
2834 4429 2987 4475 totus
3017 4419 3242 4474 omnino
3281 4435 3390 4491 pa-v

64 4504 223 4576 δοκίᾳ
265 4506 372 4557 καὶ
407 4505 684 4573 ἀναμονῇ
712 4501 813 4573 τῆς
829 4503 922 4555 τοῦ
950 4502 1267 4575 Πνεύματος
1286 4503 1689 4573 ἐπιφοιτήσεως

64 4594 185 4658 ὅλος
211 4595 278 4659 ἐξ
313 4593 462 4647 ὅλου
502 4592 792 4662 ὑπομένῃ,
815 4590 999 4655 καθώς
1022 4609 1188 4661 φησιν
1220 4593 1248 4644 ό
1265 4591 1488 4662 Κύριοςο
1507 4592 1604 4645 Ἑν
1622 4589 1698 4660 τῇ

60 4683 372 4755 ὑπομονῇ
407 4681 608 4754 ὑμῶν
634 4681 946 4747 κτήσασθε
972 4683 1078 4749 τὰς
1114 4683 1321 4751 ψυχὰς
1357 4681 1526 4752 ὑμῶν
1550 4697 1564 4711 '
1607 4684 1702 4736 καὶ

61 4779 252 4831 πάλιν·
284 4775 574 4845 Ζητεῖτε
598 4774 711 4840 τὴν
730 4774 1059 4838 ,ϐασιλείαν
1078 4774 1184 4828 τοῦ
1200 4774 1371 4842 Θεοῦ,
1395 4774 1494 4828 καί
1518 4774 1704 4829 ταῦτα

58 4868 272 4922 πάντα
305 4864 836 4936 προστεθήσεται
862 4865 1025 4934 ὑμῖν.

130 4963 239 5014 IA'.
277 4961 542 5013 Γένοιτο
576 4956 658 5021 δὲ,
723 4957 811 5010 Eva
863 4955 1008 5011 οὕτω
1033 4974 1118 5021 τις
1159 4957 1557 5027 ἀγωνιζόμενος
1608 4959 1703 5011 καὶ

56 5052 303 5106 πάντοτε
345 5050 676 5122 προσέχων
726 5049 927 5119 ἐαυτῷ,
982 5050 1093 5103 εἴτε
1128 5051 1187 5103 ἐν
1232 5051 1468 5122 ὑπακοῇ,
1510 5053 1620 5102 εἴτε
1642 5053 1702 5103 ἐν

52 5146 205 5215 ἔργῳ
246 5145 612 5215 οἱῳδήποτε
633 5142 774 5195 κοιτά
797 5143 931 5196 Θεὸν
961 5144 1260 5214 γινομένῳ,
1286 5144 1347 5197 τὸ
1375 5145 1565 5207 σκότος
1595 5144 1704 5199 τῶν

51 5237 327 5308 πονηρῶν
366 5233 696 5306 δαιμόνων
735 5235 1041 5306 ἀποφυγεῖν
1085 5239 1309 5310 δυνηθῇ.
1360 5240 1418 5291 ’0
1445 5239 1552 5310 γὰρ
1578 5237 1703 5302 νοῦς

45 5330 145 5397 τῆς
180 5326 409 5381 ἑαυτοῦ
454 5325 734 5397 ἐρεύνης,
756 5327 979 5398 καὶτῆς
1007 5329 1143 5396 πρὸς
1178 5330 1381 5401 Κύριον
1422 5329 1700 5402 ζητήσεως

46 5422 211 5483 ἐκτὸς
262 5421 352 5490 μὴ
390 5417 740 5487 γινόμενος,
780 5418 877 5491 τὴν
926 5421 1119 5474 ἑαυτοῦ
1166 5423 1343 5493 ψυχὴν
1396 5423 1702 5494 κτήσασθαι

42 5513 284 5568 δύναται
351 5512 560 5567 οὖσαν
597 5512 653 5562 ἐν
687 5513 934 5585 ἀπωλείᾳ
981 5515 1188 5579 παθῶν,
1221 5516 1298 5587 τῷ
1330 5517 1463 5588 πρὸς
1499 5520 1702 5590 Κύριον

1798 4514 1939 4569 tiens
1964 4514 2038 4569 sit
2065 4531 2080 4567 :
2129 4514 2593 4584 quemadmodum
2627 4513 2705 4567 ait
2736 4511 2999 4567 Dominus
3026 4510 3136 4584 :‘In
3167 4513 3377 4578 patien-

1799 4607 1873 4660 tia
1901 4615 2076 4660 vestra
2110 4605 2421 4677 possidentis
2454 4608 2661 4660 animas
2685 4613 2885 4659 vestras
2904 4604 2969 4657 ".
2998 4603 3065 4656 Et
3107 4619 3322 4667 rursum
3360 4620 3383 4657 :

1801 4697 2034 4764 Querite
2088 4701 2318 4770 primum
2372 4714 2591 4770 regnum
2637 4697 2755 4763 Dei,
2793 4705 2842 4751 et
2878 4697 2986 4751 hara
3029 4697 3207 4749 omnia
3242 4696 3381 4765 adji-

1799 4792 2006 4844 cientur
2038 4790 2176 4844 vobis
2188 4790 2255 4844 θ’.

1872 4982 1967 5037 XI.
1992 4982 2136 5038 Fieri
2171 4991 2356 5038 autem
2392 4990 2594 5053 potest,
2616 4990 2676 5037 ut
2702 4984 2828 5052 quis
2855 4984 2934 5038 sic
2971 4983 3290 5047 decertans,
3328 4992 3391 5039 el

1800 5068 2066 5123 continuo
2112 5069 2217 5123 sibi
2253 5070 2580 5135 attendens,
2612 5071 2729 5125 sive
2774 5071 2830 5125 in
2862 5072 3141 5141 precibus,
3183 5072 3298 5126 sive
3328 5073 3384 5127 in

1801 5160 2085 5230 obsequio,
2110 5161 2225 5215 sive
2257 5161 2313 5215 in
2339 5177 2503 5231 opere
2524 5178 2855 5233 quocunque
2886 5163 3187 5218 secundum
3212 5164 3390 5224 Deum

1808 5250 2168 5320 perﬁciendo,
2204 5252 2459 5308 tenebras
2488 5254 2889 5309 malitiosorum
2920 5255 3227 5309 daemonum
3247 5256 3388 5310 etfu-

1809 5358 1938 5413 gere
1966 5343 2159 5413 possit.
2191 5344 2421 5400 Animus
2473 5347 2643 5412 enim,
2681 5347 2775 5415 qui
2822 5363 2853 5402 a
2885 5348 2968 5403 sui
3001 5348 3395 5418 persecutione

1809 5442 1866 5488 et
1893 5434 2240 5504 indagatione
2285 5436 2500 5490 Domini
2543 5453 2653 5491 non
2698 5438 2935 5505 desistit,
2971 5441 3206 5494 animam
3230 5455 3394 5494 suam

1810 5526 2091 5595 possidere
2111 5536 2311 5597 potest,
2330 5544 2450 5597 quae
2473 5529 2640 5585 animi
2664 5539 2844 5586 motus
2867 5531 3199 5602 pedetentim
3224 5533 3391 5588 amit-

116 5696 165 5728 "
190 5697 348 5752 Luc.
379 5710 502 5758 xu,
540 5689 643 5744 49.
714 5693 757 5724 ⁸⁷
787 5693 946 5748 Rom.
978 5696 1211 5758 “11,55.
1282 5696 1329 5729 ⁸⁸
1369 5695 1501 5751 Luc.
1544 5700 1684 5763 uni

1838 5700 1889 5732 θ’
1914 5700 2103 5759 Matth.
2134 5718 2219 5769 Vt,
2242 5704 2329 5758 53.
