3948 6526
600 270 708 336 539

1878 268 1939 328 S.
1979 265 2304 328 MACARII
2342 268 2670 332 EGYPTII
3749 288 3827 353 διο

602 384 689 443 tit,
722 381 853 436 dum
880 391 942 436 se
968 376 1149 449 ipsum
1178 376 1452 433 violenter
1480 389 1701 446 semper
1732 383 1898 445 atque
1941 383 2190 446 prompte

2303 378 2392 433 ἀεὶ
2433 378 2527 453 βίᾳ
2577 381 2673 434 καὶ
2733 380 3017 453 προθυμίᾳ
3059 380 3491 455 αίχμαλωτίζειν
3535 386 3728 459 ἑαυτὸν,
3763 404 3830 452 καὶ

602 474 885 547 captivum
929 471 1085 528 ducit
1132 470 1201 525 ad
1253 469 1573 533 Dominum,
1606 477 1663 521 et
1693 467 1771 521 illi
1805 467 1908 521 soli
1949 466 2195 521 adhazret

604 576 665 623 ut
694 568 907 622 dictum
942 574 1027 620 est
1064 582 1076 616 ε
1107 564 1387 634 Captivam
1448 562 1692 614 ducentes
1738 575 1946 612 omnem
1990 561 2195 629 cogita-

602 668 799 712 tionem
846 666 893 711 et
924 654 1269 710 obediendum
1310 653 1556 709 Christo’
1593 671 1604 705 :
1636 659 1695 704 ut
1741 666 1841 719 per
1874 650 2193 719 hujusmodi

601 761 904 812 certamen,
935 746 1275 802 desiderium
1301 754 1360 800 et
1396 743 1807 814 indagationem
1833 756 1992 795 mens
2028 740 2191 811 digna

603 840 888 903 reddatur,
918 854 1040 907 quae
1068 836 1142 892 sit
1174 852 1300 891 cum
1334 835 1567 889 Domino
1614 834 1671 887 in
1710 849 1881 888 unum
1925 832 2193 903 Spiritum

605 931 735 987 doni
763 942 818 985 et
844 929 1032 1001 gratiae
1053 928 1286 991 Christi,
1321 926 1680 996 requiescens
1725 925 1782 979 in
1805 941 1936 981 vase
1974 925 2191 990 animae,

604 1024 673 1079 ad
699 1038 865 1078 omne
894 1022 1104 1075 bonum
1133 1034 1256 1074 eam
1283 1018 1630 1083 adornantis,
1664 1032 1768 1073 nec
1810 1018 1921 1071 ulla
1951 1016 2194 1072 allicien-

603 1116 675 1171 tis
703 1113 1036 1169 contumelia
1085 1112 1353 1183 Spiritum
1403 1111 1647 1177 Domini,
1695 1127 1808 1167 sua:
1850 1110 2065 1165 libidini
2097 1110 2196 1165 ob-

604 1206 988 1277 temperando,
1042 1213 1209 1275 atque
1262 1204 1430 1275 hujus
1491 1203 1674 1259 saeculi
1738 1202 2195 1273 occupationibus

603 1309 701 1356 aut
772 1300 1119 1365 honoribus,
1176 1308 1273 1354 aut
1332 1298 1737 1370 dignitatibus,
1797 1307 1895 1351 aut
1950 1297 2192 1367 propriis

603 1393 983 1464 Opinionibus,
1016 1401 1112 1447 aut
1138 1392 1457 1447 carnalibus
1502 1388 1907 1460 voluptatibus,
1957 1397 2053 1441 aut
2088 1389 2193 1441 im-

600 1486 905 1554 proborum
968 1485 1260 1540 hominum
1324 1482 1599 1539 sodalitiis
1668 1489 1727 1536 et
1774 1480 2021 1551 collegiis
2089 1479 2191 1535 ad-

602 1577 882 1632 haerendo.

672 1665 789 1722 Xll.
819 1667 1071 1722 Amabile
1099 1666 1248 1721 enim
1280 1673 1366 1720 est
1398 1663 1683 1734 quidpiam
1717 1661 1925 1725 anima,
1954 1676 2075 1731 quae
2105 1668 2188 1715 to-

2297 472 2445 542 αῡτῷ
2473 473 2622 544 μ’ἁνῳ
2650 473 3123 544 προσκαλλᾶσθαι,
3170 475 3355 540 καθὼς
3383 480 3626 551 εἴρηταιο
3657 488 3834 557 Aluic.

2294 562 2648 627 λωτίζοντες
2701 562 2828 617 πᾶν
2890 566 3090 634 νόημα
3140 568 3229 634 είς
3277 567 3395 636 τὴν
3445 573 3713 641 ὑπακοὴν
3754 585 3831 636 τοῦ

2296 655 2589 723 Χριστοῦο
2621 655 2768 718 ὅπως
2803 654 2892 707 διὰ
2919 655 3015 709 τοῦ
3061 658 3303 712 τοιούτου
3354 661 3582 728 ἀγῶνος,
3644 669 3727 720 καὶ
3772 676 3836 726 πά

2297 748 2415 809 θου.
2447 747 2543 800 καὶ
2627 748 2911 818 ζητήσεως
2995 752 3024 803 δ
3098 751 3223 816 νοῦς
3276 756 3588 828 καταξιωθῇ
3631 762 3835 828 γενέσθιι

2302 839 2450 911 μετὰ
2507 838 2603 894 τοῦ
2663 841 2873 911 Κυρίου
2942 843 3022 905 είς
3089 842 3149 896 ἓν
3218 845 3439 915 πνεῦμα
3503 849 3600 919 τῆς
3670 852 3836 925 δωρεᾶς

2295 942 2391 987 καὶ
2445 934 2670 1005 χάριτος
2735 934 2832 988 τοῦ
2880 936 3144 1006 Χριστοῦ,
3187 937 3647 1011 ἀναπαυσάμενος
3695 947 3746 998 ἐν
3779 952 3837 1020 τῷ

2295 1027 2504 1096 ἀγγείῳ
2545 1027 2643 1097 τῆς
2696 1026 2900 1097 ψυχῆς,
2937 1030 3017 1092 είς
3058 1031 3168 1084 πᾶν
3228 1031 3391 1099 ἔργον
3444 1033 3647 1101 ἀγαθον
3677 1056 3836 1107 προευη

2294 1119 2703 1191 τρεπισαμένης
2738 1121 2933 1190 αὐτῆς,
2973 1124 3069 1176 καὶ
3101 1124 3201 1178 οὐκ
3240 1126 3634 1197 ὲνυόριζούσης
3680 1129 3733 1182 τὸ
3768 1134 3836 1186 rei

2295 1211 2504 1279 Κυρίου
2541 1210 2769 1281 Πνεῦμα
2824 1213 2882 1265 ὲν
2912 1215 3025 1278 τοῖς
3066 1216 3218 1281 ἰδίοις
3272 1217 3573 1289 θελήμασι,
3628 1222 3715 1274 καὶ
3750 1226 3836 1287 rei;

2294 1301 2389 1354 τοῦ
2429 1301 2627 1363 αίῶνος
2659 1302 2851 1357 τούτου
2887 1305 3249 1378 ρεμόασμοῖς,
3293 1310 3327 1381 ἢ
3378 1310 3643 1381 δόξαις,ἠ
3680 1314 3835 1384 ἀρχαῖς

2293 1393 2325 1463 ἦ
2361 1393 2869 1464 ἰδιογνωμοσύναις,
2914 1396 2946 1467 ἦ
3000 1398 3215 1468 ἡδοναῖς
3252 1403 3567 1471 σαρκικαῖς,
3621 1404 3710 1456 καὶ
3754 1406 3835 1459 τῶν

2294 1484 2550 1554 πονηρῶν
2574 1485 2885 1557 ἀνθρώπων
2919 1488 3298 1560 συνδυασμοῖς,
3331 1493 3427 1545 καὶ
3458 1495 3765 1557 κοινωνίαιςέ

2365 1662 2466 1719 IB'.
2527 1663 2839 1736 Ἀγαπητὸν
2865 1664 2975 1734 γάρ
3018 1665 3115 1719 ἐὰν
3158 1666 3254 1736 ὅλη
3306 1667 3365 1735 ἐξ
3419 1668 3545 1722 ὅλου
3575 1671 3759 1743 ἑαυτὴν
3779 1676 3836 1745 τῷ

606 1770 657 1816 ta
682 1761 909 1815 omnino
955 1760 1191 1829 seipsam
1222 1756 1461 1812 Domino
1490 1769 1843 1816 consecrans,
1864 1753 2053 1822 illique
2086 1753 2188 1807 soli

2296 1754 2487 1825 Κυρίῳ
2523 1735 2807 1821 ἀναθεῖσα,
2848 1756 2943 1810 καὶ
2980 1757 3131 1828 αὐτῷ
3185 1735 3333 1828 μδνῳ
3391 1735 3835 1835 προσκολλωμένηι,

603 1854 914 1917 adhaerens,
972 1853 1028 1906 in
1075 1853 1198 1923 ejus
1255 1848 1530 1903 mandatis
1594 1848 1715 1902 sine
1758 1844 1868 1901 ulla
1913 1846 2192 1900 oblivione

600 1947 908 2012 ambulans,
941 1955 1106 2015 atque
1135 1945 1406 2016 Spiritum
1428 1945 1658 2007 lChristi
1693 1944 2100 2008 advenientem,
2136 1952 2193 1998 et

601 2039 1026 2093 obutubrantem
1052 2048 1376 2093 reverenter
1408 2039 1689 2093 honorans
1725 2036 1888 2106 digna
1932 2036 2189 2100 habetur,

602 2143 665 2186 ut
711 2148 836 2187 cum
887 2133 1007 2202 ipso
1052 2147 1199 2186 unus
1249 2132 1501 2201 spiritus,
1557 2138 1614 2185 et
1674 2146 1785 2184 una
1845 2144 2023 2183 massa
2075 2128 2189 2182 ﬁat.

604 2225 760 2281 Sicut
790 2225 1284 2295 inquitApostolus
1317 2241 1331 2277 :
1361 2222 1463 2289 Qui
1492 2224 1725 2277 adhaeret
1771 2222 2016 2286 Domino,
2053 2238 2191 2275 unus

604 2316 823 2385 spiritus
858 2317 997 2367 est”.
1050 2313 1104 2367 Si
1157 2328 1291 2367 vero
1328 2313 1454 2382 quis
1504 2312 1743 2381 seipsum
1806 2312 1987 2365 tradat
2021 2310 2191 2377 curis,

605 2420 701 2464 aut
727 2410 936 2480 glorim,
974 2415 1068 2461 aut
1103 2406 1491 2477 dignitatibus,
1534 2414 1631 2459 aut
1677 2406 1951 2460 honorum
1992 2405 2191 2459 huma-

604 2519 803 2557 norum
841 2516 1032 2557 curam
1064 2500 1285 2565 habeat,
1317 2508 1374 2554 et
1407 2499 1523 2553 haec
1554 2498 1799 2554 studiose
1836 2507 2084 2569 qumrat:
2114 2497 2193 2552 si-

604 2610 712 2665 que
743 2594 925 2648 anima
955 2594 1076 2664 ejus
1118 2591 1360 2647 terrenis
1382 2590 1813 2661 cogitationibus
1837 2589 2195 2645 commiscea-

603 2698 695 2742 tur
714 2696 808 2741 aut
830 2685 1224 2748 confundatur,
1255 2691 1351 2737 aut
1381 2683 1461 2737 rei
1487 2680 1654 2737 alicui
1685 2682 1850 2752 hujus
1883 2682 2069 2737 saaculi
2093 2681 2194 2736 de-

602 2778 717 2832 dita
751 2779 822 2832 sit
848 2792 913 2832 ac
959 2776 1227 2831 obstricta
1274 2783 1549 2841 teneatur,
1582 2773 1970 2844 desideretque
2002 2773 2197 2843 hujus-

602 2869 751 2923 modi
780 2870 965 2922 anima
994 2866 1292 2930 transilire,
1325 2865 1570 2935 etl‘ugerc
1600 2873 1766 2933 atque
1803 2864 2081 2934 expellere
2110 2872 2192 2918 te-

601 2960 807 3016 nebras
830 2952 1212 3024 atl'ectio'num,
1244 2959 1300 3013 in
1332 2958 1535 3027 quibus
1572 2957 1857 3012 detinetur
1886 2973 1915 3010 a
1956 2956 2195 3011 malitio-

602 3054 680 3109 sis
708 3052 1109 3123 potestatibus,
1144 3066 1253 3105 non
1282 3058 1502 3120 potest;
1527 3066 1595 3105 eo
1622 3049 1768 3119 quod
1801 3049 1994 3120 diligat
2023 3064 2088 3103 ac
2107 3048 2189 3103 fa-

2296 1850 2392 1901 καὶ
2423 1850 2547 1911 ταῖς
2575 1848 2817 1912 ἐντολαῖς
2840 1848 3008 1902 αὑτοῦ
3033 1850 3412 1922 άνεπιλήστως
3444 1852 3835 1924 ἐνδιατρίϐουσα,

2295 1940 2390 1993 καὶ
2425 1940 2485 1993 τὸ
2536 1940 2899 2010 ὲπιφοιτῆσαν
2954 1942 3050 1995 καὶ
3120 1944 3449 1997 ὲπισκιάσαν
3495 1944 3592 1998 τοῦ
3640 1948 3835 2017 Χριστοῦ

2296 2030 2521 2101 Πνεῦμα
2548 2032 2718 2097 ἀξίως
2765 2035 3067 2105 τιμήσασα,
3101 2035 3409 2107 καταξιωθῇ
3454 2037 3573 2107 μετ’
3605 2039 3755 2091 αὐτοῦ
3780 2042 3837 2103 είς

2295 2125 2352 2177 ἓν
2386 2124 2604 2194 πνεῦμα
2639 2127 2735 2179 καί
2767 2126 2899 2195 μίαν
2945 2128 3144 2196 κρᾶσιν
3181 2128 3459 2196 γενέσθαι,
3501 2129 3682 2194 καθώς
3710 2148 3837 2202 φησιν

2293 2220 2321 2270 ὁ
2355 2220 2410 2271 Ἀ
2419 2217 2698 2280 πόστολος·
2717 2218 2769 2270 Ὀ
2788 2218 3174 2288 κολλώμενος
3210 2220 3291 2283 τῷ
3312 2223 3533 2290 Κυρίῳ,
3553 2222 3625 2276 ἐν
3643 2226 3837 2293 πνεῦμὰ

2295 2311 2489 2365 ἐστιν.
2532 2312 2661 2366 Ἐὰν
2694 2311 2751 2364 δέ
2777 2328 2861 2375 τις
2894 2313 3035 2384 ἐκδῷ
3064 2314 3254 2366 ἑαυτὸν
3281 2316 3360 2378 είς
3392 2316 3684 2387 μέριμναν,
3723 2318 3836 2387 ﬁt};

2300 2396 2416 2464 ξαν,
2452 2397 2485 2468 ἢ
2522 2399 2723 2469 ἀρχὴν,
2758 2398 2791 2469 ἢ
2826 2400 3004 2470 τιμῶν
3043 2401 3403 2472 ἀνθρωπίνων
3437 2406 3835 2477 ἐπιμελής-ητις,

2295 2492 2391 2545 καὶ
2418 2490 2591 2545 ταῦτα
2626 2493 2886 2564 ὲπιζητῇ,
2915 2494 3008 2547 καὶ
3038 2497 3096 2548 ὲν
3133 2496 3343 2567 γηῖνοις
3371 2497 3657 2568 λογισμοῖς
3678 2501 3707 2569 ἠ
3725 2500 3838 2569 ψυχὴ

2295 2584 2643 2656 ἁναφύρηται
2694 2587 2790 2639 καὶ
2844 2588 3166 2659 συγκέηται,
3206 2588 3238 2660 ἢ
3275 2589 3331 2643 ἓν
3379 2609 3486 2645 τινι
3545 2592 3640 2645 τοῦ
3684 2593 3838 2657 αἰῶνος

2300 2676 2494 2730 τούτου
2519 2676 2739 2746 δέδηται
2769 2677 2863 2730 καὶ
2889 2680 3249 2751 κεκράτηται,
3281 2682 3375 2734 καὶ
3408 2682 3552 2754 ποθῇ
3585 2685 3619 2753 ἡ
3655 2685 3837 2753 τοιαύτη

2296 2768 2445 2840 ψυχὴ
2475 2768 2810 2840 διαπερᾶσαι
2854 2771 2951 2824 κα)⁵
2992 2775 3204 2841 φυγεῖν,
3241 2774 3335 2828 καὶ
3365 2774 3622 2840 ἐξελάσαι
3653 2777 3708 2829 τὸ
3741 2777 3837 2829 axi.

2294 2877 2389 2924 τος
2422 2860 2532 2914 τῶν
2560 2860 2773 2927 παθῶν,
2818 2863 2899 2924 είς
2924 2861 2952 2915 ὃ
2982 2864 3279 2934 κατέχεται
3331 2866 3437 2919 ὑπὸ
3460 2866 3573 2919 τῶν
3625 2868 3838 2935 πονηρῶν

2296 2952 2603 3018 δυνάμεων,
2659 2952 2721 3006 οὐ
2767 2952 3017 3023 δύναται,
3072 2956 3158 3010 διὰ
3197 2957 3259 3010 τὸ
3297 2958 3546 3030 ἀγαπᾷν,
3581 2959 3674 3012 καὶ
3700 2961 3838 3012 ποιεῖν

2296 3045 2356 3098 τὸ
2379 3045 2594 3117 θέλημα
2630 3048 2724 3101 τοῦ
2775 3050 3022 3112 σκότους,
3074 3049 3169 3101 καὶ
3218 3049 3441 3114 τελείως
3469 3050 3550 3121 μὴ
3586 3054 3749 3122 μισεῖν
3787 3052 3838 3102 τὰ

602 3099 680 3109 ων
709 3099 1109 3123 puum-"ﬂ
1144 3099 1252 3105 --ν--
1284 3099 1464 3120 τη---
1487 3099 1502 3116 ,
1532 3099 1590 3105 η
1625 3099 1768 3119 τη-
1807 3099 1990 3120 "nam
2024 3099 2084 3103 η
2107 3099 2158 3103 -—

601 3146 714 3199 ciat
744 3144 1083 3198 voluntatem
1119 3143 1500 3208 tenebrarum,
1530 3158 1635 3199 nec
1653 3141 1876 3212 capitali
1906 3141 2036 3196 odio
2060 3156 2185 3212 per-

2294 3137 2710 3207 ἐπιτηδεύματα
2747 3142 2846 3211 τῆς
2879 3141 3103 3204 κακίας.

604 3246 871 3307 sequatur
896 3235 1079 3290 studia
1115 3234 1359 3289 malitiae.

674 3328 819 3383 Xlll.
881 3328 1262 3396 Praeparemus
1329 3325 1499 3395 igitur
1554 3340 1657 3379 nos
1706 3324 1877 3395 ipsos,
1929 3334 1991 3380 ut
2038 3325 2188 3380 omni

603 3419 1057 3497 promptitudiue
1082 3434 1146 3474 ac
1195 3427 1308 3472 tota
1359 3418 1644 3472 voluntate
1674 3418 1743 3472 ad
1775 3418 2065 3472 Dominum
2097 3433 2189 3472 ac-

605 3512 886 3575 cedamus,
918 3520 975 3565 et
1006 3509 1213 3567 Christi
1257 3510 1610 3566 aﬂ‘cctatores
1666 3511 1887 3576 ﬁamus,
1924 3510 1992 3565 ad
2026 3509 2192 3580 perii.

605 3604 859 3659 ciendam
884 3603 1230 3658 voluntatem
1274 3603 1397 3674 ejus
1421 3619 1435 3669 ;
1463 3611 1521 3656 et
1545 3601 1906 3657 recordemur
1941 3602 2188 3656 omnium

605 3695 992 3750 mandatorum
1021 3694 1165 3764 ejus,
1211 3694 1406 3749 eadem
1446 3700 1507 3748 ut
1538 3692 1846 3759 faciamus;
1877 3701 2043 3763 atque
2088 3706 2192 3748 nos

603 3789 754 3859 ipsos
780 3788 1002 3858 penitus
1024 3803 1054 3841 a
1085 3786 1386 3842 dilectione
1420 3786 1612 3840 mundi
1637 3794 1955 3855 separantes
1985 3782 2040 3838 in
2061 3799 2190 3838 eum

602 3882 784 3937 solum
815 3881 1029 3935 animas
1056 3889 1274 3935 nostras
1298 3864 1600 3943 vertamus,
1624 3888 1683 3933 et.
1706 3876 1973 3943 studium,
1999 3891 2190 3931 curam

602 3990 667 4028 ac
705 3973 1185 4044 investigationem
1220 3973 1339 4043 ejus
1363 3971 1537 4026 solius
1566 3971 1620 4026 in
1648 3979 1831 4025 mente
1865 3969 2187 4025 habeamus.

602 4067 672 4121 Et
696 4066 827 4122 licet
852 4074 1077 4137 propter
1119 4080 1324 4136 corpus
1356 4064 1735 4120 observationi
1780 4063 2186 4128 mandatorum,

602 4171 661 4216 et
688 4160 956 4229 obsequio
1002 4159 1192 4213 divino
1230 4159 1416 4213 minus
1447 4157 1746 4228 diligenter
1784 4156 2187 4222 vacaverimus,

605 4269 763 4307 mens
796 4261 976 4306 tamen
1008 4266 1038 4305 a
1076 4251 1373 4305 dilectione
1424 4249 1667 4314 Domini,
1713 4259 1770 4307 et
1815 4248 2186 4319 indagatione,

604 4361 670 4400 ac
712 4344 991 4399 desiderio
1033 4344 1154 4413 ejus
1204 4357 1313 4395 non
1363 4351 1644 4396 avertatur
1688 4358 1702 4394 :
1754 4348 1810 4395 at
1868 4338 2187 4410 bujusmodi

2365 3314 2462 3370 ll".
2524 3313 2939 3386 Ἑτοιμάσωμεν
2981 3312 3076 3371 οῦν
3128 3319 3357 3384 ἑαυτοὺς
3391 3319 3489 3393 ὅλῃ
3543 3321 3838 3393 προαιρέσει,

2293 3405 2388 3459 καὶ
2423 3405 2530 3477 ὅλῳ
2579 3407 2849 3478 θελήματι
2909 3410 3048 3481 πρὸς
3102 3411 3311 3483 Κύριον
3360 3414 3710 3484 πορεύεσθαι,
3768 3416 3839 3466 iui

2294 3498 2533 3570 Χριστοῦ
2596 3499 2882 3552 ἀκόλουθοι
2931 3499 3201 3567 γίνεσθαι,
3237 3502 3319 3565 είς
3349 3502 3411 3555 τὸ
3466 3504 3538 3557 τὰ
3600 3505 3839 3575 θελήματα

2292 3592 2457 3645 αὑτοῦ
2489 3591 2778 3659 ἐπιτελεῖν,
2812 3594 2910 3646 καὶ
2935 3593 3251 3664 μεμνῆσθαι
3296 3596 3489 3649 πασῶν
3517 3598 3628 3651 τῶν
3651 3600 3838 3651 ἐντολῶν

2293 3685 2458 3739 αὐτοῦ
2498 3684 2593 3739 τοῦ
2639 3686 2868 3755 ποιῆσαι
2925 3687 3116 3750 αὑτὰς.
3171 3689 3265 3741 καὶ
3304 3689 3460 3753 ὅλους
3513 3692 3731 3754 ἑαυτοὺς
3758 3692 3839 3744 ἀπὸ

2292 3779 2393 3849 τῆς
2422 3779 2647 3849 ἀγάπης
2701 3779 2797 3832 τοῦ
2859 3779 3067 3851 κόσμου
3118 3782 3478 3853 χωρίσαντες,
3536 3785 3685 3856 αὐτῷ

2292 3870 2392 3934 τὰς
2420 3871 2628 3924 ἑαυτῶν
2661 3871 2841 3941 ψυχὰς
2882 3872 3308 3944 άναρτὴσωμεν,
3355 3876 3451 3928 καὶ
3478 3876 3585 3947 τὴν
3626 3878 3838 3946 ἀσχολίαν

2292 3963 2389 4018 καὶ
2432 3964 2704 4036 μέριμναν
2730 3966 2824 4018 καὶ
2858 3963 3091 4036 ζήτησιν
3129 3965 3297 4021 αὑτοῦ
3343 3969 3511 4036 μόνου
3546 3971 3606 4022 ὲν
3630 3972 3701 4041 νῷ
3734 3972 3838 4038 ἔχωο

2295 4073 2415 4127 μεν.
2449 4057 2511 4110 Εἰ
2548 4057 2603 4110 δὲ
2635 4058 2730 4110 καὶ
2759 4057 2848 4111 διὰ
2873 4057 2965 4111 τοῦ
2995 4058 3271 4129 σώματος,
3313 4062 3393 4124 είς
3438 4062 3697 4133 ἀσχολίαν
3725 4068 3837 4115 ἐντο-

2291 4148 2419 4209 λῶν,
2465 4149 2561 4201 καὶ
2602 4148 2690 4202 διὰ
2727 4147 2860 4203 Θεὸν
2901 4150 3171 4221 ὑπακοὴν,
3210 4151 3393 4221 ὀλίγον
3444 4154 3832 4225 ἀσχοληθῶμεν,

2290 4243 2319 4295 ὁ
2349 4240 2473 4304 νοῦς
2496 4244 2596 4312 τῆς
2620 4241 2757 4314 πρὸς
2803 4242 3009 4316 Κύριον
3068 4245 3289 4314 ἀγάπης
3320 4244 3415 4297 καὶ
3454 4245 3730 4316 ζητήσεως
3766 4245 3835 4297 καὶ

2292 4333 2458 4387 πόθου
2491 4333 2565 4405 μὴ
2610 4334 2929 4406 χωριζέσθω
2954 4352 2968 4366 ⁸
3002 4336 3154 4399 ὅπως
3208 4337 3438 4408 τοιούτῳ
3489 4339 3574 4391 νοῖ
3617 4339 3835 4407 amna.

606 4444 792 4491 mente
829 4434 1202 4499 decertantes,
1235 4449 1299 4487 ac
1352 4441 1508 4487 recto
1559 4447 1723 4486 senso
1770 4431 1914 4485 viam
1959 4429 2189 4502 justitiae

2298 4445 2471 4496 μενοι,
2496 4429 2590 4482 καὶ
2611 4427 2759 4501 ὀρθῷ
2788 4430 3099 4500 φρονήματι
3123 4429 3222 4500 τὴν
3246 4430 3364 4483 ὁδον
3393 4431 3492 4501 τῆς
3531 4431 3836 4498 δικαιοσῶσῃς

607 4528 943 4591 incedentes,
976 4541 1303 4597 semperque
1337 4525 1498 4579 nobis
1520 4524 1623 4593 ipsi
1654 4523 2024 4588 attendentes,
2051 4538 2187 4577 con-

605 4638 903 4693 sequamur
948 4620 1372 4691 promissionem
1422 4617 1662 4688 Spiritus
1710 4617 1848 4688 ejus,
1886 4626 1943 4672 et
1981 4617 2186 4670 libere-

605 4732 732 4771 mur
790 4730 888 4784 per
925 4712 1154 4783 gratiam
1193 4712 1262 4766 ab
1307 4710 1534 4765 interitu
1579 4708 1998 4763 tenebrosarum
2055 4706 2187 4760 οσο-

604 4809 877 4870 ctionum,
914 4821 943 4859 a
964 4804 1169 4874 quibus
1198 4802 1381 4857 anima
1415 4801 1676 4872 atlligitur
1703 4817 1718 4865 ;
1747 4799 1853 4870 37
1894 4814 2004 4869 quo
2031 4797 2184 4868 digni

604 4911 813 4957 :eterno
844 4913 1016 4969 regno
1060 4896 1383 4959 evadamus,
1421 4904 1478 4948 et
1520 4893 1627 4947 t‘rui
1666 4892 1890 4948 Christo
1934 4907 2031 4961 per
2062 4906 2185 4944 om-

2293 4519 2641 4587 διοδεύοντες,
2711 4520 2806 4574 καὶ
2888 4521 3120 4574 πάντοτε
3194 4521 3413 4585 ἑαυτοῖς
3495 4524 3832 4594 προσέχοντες.

2293 4611 2642 4683 ἐπιτύχωμεν
2673 4615 2771 4681 τῆς
2803 4613 3139 4681 ἐπαγγελίας
3185 4612 3281 4665 τοῦ
3322 4613 3647 4683 Πνεόματος
3686 4613 3832 4677 αὑτοῦ,

2293 4706 2388 4758 καὶ
2426 4704 2799 4776 λυτρωθῶμεν
2828 4704 2918 4757 διὰ
2947 4704 3048 4775 τῆς
3082 4700 3308 4776 χάριτος
3352 4705 3417 4757 ὲκ
3440 4706 3543 4776 τῆς
3596 4706 3833 4766 ἀπωλείας

2290 4797 2386 4852 τοῦ
2419 4798 2640 4861 σκότους
2670 4798 2779 4850 τῶν
2808 4796 3020 4860 παθῶν,
3066 4798 3155 4867 ὑφ’
3190 4790 3266 4853 ὧν
3300 4800 3333 4868 ἡ
3362 4798 3510 4870 ψυχὴ
3550 4802 3831 4868 ἐνεργεῖται,

2293 4892 2379 4944 ἵνα
2402 4891 2503 4960 τῆς
2527 4890 2746 4944 αἰωνίου
2779 4889 3059 4960 βασιλείας
3083 4888 3223 4954 ἄξιοι
3254 4890 3566 4960 γενώμεθα,
3610 4895 3697 4944 καὶ
3735 4907 3831 4943 συν-

604 4993 697 5046 nia
725 4990 923 5048 saecula
966 4986 1118 5058 digni
1165 4986 1488 5049 habeantur,
1526 4981 1901 5054 gloriﬁcantes
1944 4981 2188 5045 Patrem,

2294 4982 2597 5038 ιπολαῦσαι
2675 4982 2902 5054 Χριστῷ
2950 4982 3107 5046 ὅλους
3156 4982 3361 5046 αἰῶνας
3420 4983 3830 5052 καταξιωθῶμεν,

601 5092 658 5138 et
684 5083 903 5147 Filium,
926 5090 983 5136 et
1012 5078 1280 5150 Spiritqu
1313 5085 1565 5132 sanctum
1596 5089 1695 5145 per
1744 5072 1932 5129 omnia
1963 5071 2186 5127 saecula.

603 5181 799 5231 Amen.

1194 5263 1482 5321 HOMILIA
1509 5261 1576 5316 Χ.

598 5362 916 5422 Humilitate
945 5369 993 5414 et
1029 5359 1313 5413 alacritate
1356 5360 1651 5411 retinentur
1682 5364 1728 5408 et
1753 5363 2018 5425 augentur
2042 5352 2184 5406 dona

664 5436 857 5557 gratia
909 5432 1149 5486 divinae:
1192 5430 1421 5484 elatione
1471 5437 1651 5482 autem
1704 5436 1751 5479 et
1796 5426 2009 5497 ignavia
2063 5440 2185 5494 per-

708 5513 887 5558 untur.

670 5596 708 5649 Ι.
726 5594 936 5650 Anima:
954 5591 1205 5648 veritatis
1217 5606 1280 5646 ac
1306 5590 1821 5659 Deiamantcs,quae
1843 5588 2001 5658 plene
2019 5586 2181 5643 Chri-

674 5740 686 5767 ‘
715 5737 758 5793 ll
790 5736 916 5792 Cor.
960 5753 1010 5796 κ.
1040 5737 1090 5790 5.
1170 5737 1189 5766 ¹
1221 5736 1239 5789 l
1267 5736 1395 5791 Cor.
1427 5751 1500 5804 vt,
1532 5735 1619 5788 l7.

2278 5070 2599 5137 δοξάζοντες
2635 5074 2857 5145 Πατέρα
2909 5075 3003 5129 καὶ
3034 5073 3163 5127 Υίδν
3194 5074 3289 5127 καὶ
3319 5074 3476 5140 ἅγιον
3508 5075 3742 5146 Πνεῦμα,
3772 5074 3829 5134 εἰς

2277 5168 2404 5230 τοὺς
2427 5167 2652 5233 αἰῶνας.
2698 5167 2894 5241 Ἀμήν.

2901 5262 3146 5316 OMIMA
3186 5263 3245 5316 I'.

2296 5352 2828 5422 Ταπεινοφροσύνῃ
2882 5354 2981 5407 καί
3032 5353 3333 5422 προθυμίᾳ
3376 5352 3722 5422 διασώζεται
3756 5349 3826 5401 καὶ

2358 5420 2602 5487 αὔξεται
2645 5425 2718 5478 τὰ
2766 5420 2926 5492 δῶρα
2968 5420 3084 5491 τῆς-ί
3119 5420 3283 5491 θείας
3316 5424 3592 5493 χάριτος”
3620 5420 3826 5488 ἑπάρσει

2356 5494 2425 5547 δὲ
2453 5494 2552 5547 καί
2582 5495 2841 5563 ῥᾳθυμίᾳ
2861 5496 3223 5549 ἀπόλλυται.

2356 5588 2432 5641 A'.
2465 5586 2531 5638 Δί
2572 5586 2887 5658 φιλαλήθεις
2913 5590 3007 5642 καὶ
3039 5588 3277 5658 φιλόθεοι
3327 5588 3523 5659 ψυχαὶ,
3562 5592 3619 5643 ai
3647 5586 3826 5646 τελείως
