3948 6548
148 264 228 334 541
1368 266 1665 327 HOMILI}

1772 291 1825 303 -
1848 264 2031 331 HOM.
2074 273 2146 333 X.

3264 284 3371 351 542

147 379 220 435 τὸν
249 374 485 446 Χριστὸν
518 374 844 432 ἐνδύσασθαι
886 377 945 432 ιν
975 378 1143 450 πολλῇ
1171 376 1347 460 ἑλπίδι
1384 378 1481 432 καὶ
1517 378 1665 432 πίστε

1772 390 1953 439 stum
1981 384 2212 442 induere
2264 386 2320 443 in
2375 390 2547 445 multa
2603 406 2700 460 spe
2761 399 2818 446 et
2877 390 2982 447 ﬁde
3035 392 3369 453 desiderant,

141 461 494 527 ἐπιποθοῦσαι,
574 464 677 535 τῆς
751 467 884 536 παρ’
967 467 1193 538 ἐτέρων
1227 455 1591 538 ὑπομνήσεως
1628 466 1689 519 ού

141 550 366 607 τοσοῦτον
396 550 710 621 χρῄζουσιν,
750 552 875 606 οὔτε
915 554 1010 607 τοῦ
1053 548 1309 624 οὖρανίου
1356 554 1549 619 πόθου,
1595 554 1691 607 καὶ

136 644 214 699 τοῦ
251 642 381 712 πρὸς
406 641 613 711 Κύριον
657 644 882 714 ἔρωτος,
935 645 1040 699 κᾶν
1077 646 1170 699 ἐπὶ
1223 645 1389 700 πόσον
1435 646 1688 699 ἐλαττοῦ-

137 733 240 787 σθαι
269 731 637 801 ὑπομένωσιν,
677 731 794 786 ἀλλ’
830 733 951 787 ὅλαι
975 732 1035 799 ἐξ
1081 734 1203 787 ὅλου
1234 732 1313 804 τῷ
1343 733 1561 805 σταυρῷ
1594 732 1686 786 τοῦ

134 820 339 894 Χριστοῦ
373 822 820 894 προσηλωμέναι,
844 824 980 894 πρὸς
1015 824 1105 879 τὸν
1139 824 1510 896 πνευματικὸν
1545 841 1685 892 νυμ-

134 917 251 985 φίον,
296 912 567 984 ὁσημέραι
604 914 983 985 πνευματικῆς
1041 916 1324 987 προκοπῆς
1368 917 1427 968 ὲν
1463 916 1684 976 ἑαυταῖς

133 1010 353 1080 αἴσθησιν
381 1008 826 1078 ὲπιγινώσκουσι.
852 1009 1208 1081 Τετρωμέναι
1244 1008 1301 1061 δὲ
1339 1006 1419 1077 τῷ
1447 1006 1683 1077 οὐρανίῳ

131 1103 258 1173 πόθῳ
287 1102 379 1155 καὶ
408 1103 759 1156 ὲκπεινοῦσαι
782 1102 909 1173 περὶ
936 1099 1397 1172 τὴνὸικαιοσύνην
1411 1099 1517 1152 τῶν
1556 1100 1683 1169 ἀρε-

131 1194 239 1259 τῶν,
258 1191 352 1262 τὴν
375 1191 645 1264 ἔκλαμψιν
665 1193 757 1247 τοῦ
780 1192 1092 1263 πνεύματος
1126 1193 1185 1244 ὲν
1208 1190 1475 1260 ἐπιθυμίᾳ
1507 1189 1677 1259 πολλῆ

128 1287 206 1342 καὶ
223 1285 498 1356 ἀκορέστῳ
528 1283 764 1355 ἔχουσιν.
794 1284 928 1338 Είδὲ
944 1286 1039 1338 καὶ
1058 1283 1218 1337 θείων
1249 1283 1564 1354 μυστηρίων
1589 1281 1679 1335 διὰ

127 1379 211 1449 τῆς
248 1376 478 1440 πίστεως
531 1375 713 1429 αὐτῶν
776 1377 1074 1445 ἐπίγνωσιν
1128 1376 1317 1429 λαϐεῖν
1371 1375 1672 1440 ἀξιοῦνται,

126 1471 222 1524 είτε
265 1469 360 1521 καὶ
421 1468 762 1539 εὐφροσύνης
822 1468 1147 1541 ἐπουρανίου
1181 1469 1404 1539 χάριτος
1457 1469 1676 1538 μέτοχοι

65 1577 69 1581 ·
125 1564 401 1632 γίγνονται,
450 1561 513 1614 οὑ
547 1560 875 1616 πεποίθασιν
928 1562 987 1615 ὲν
1015 1562 1234 1624 ἑαυταῖς
1264 1560 1509 1632 οἰόμεναι
1534 1558 1675 1614 εἷναί

120 1671 186 1718 τι,
217 1650 327 1706 ἀλλ’
367 1652 491 1704 ὅσον
523 1651 911 1721 πνευματικῶν
957 1653 1311 1725 χαρισμάτων
1346 1650 1672 1717 καταξιοῦν-

1802 478 2039 533 aliorum
2082 479 2464 536 admonitione
2508 498 2618 537 non
2652 492 2945 553 tantopere
2969 485 3234 556 indigent,
3265 502 3371 543 nec

1788 570 1956 623 etiam
1981 570 2258 627 desiderio
2307 572 2539 637 cunlesti,
2573 576 2684 640 ﬁnec
2734 574 2948 628 Domini
2990 577 3370 641 amore;licet

1786 658 2134 727 aliquatenus
2159 676 2284 716 eum
2309 661 2562 733 imminui
2593 663 2868 732 patienter
2886 663 3094 731 ferant;
3127 666 3219 720 sed
3243 676 3369 722 tota:

1785 750 2009 817 penitus
2042 754 2192 809 cruci
2239 752 2446 810 Christi
2498 754 2689 819 afﬁxa},
2739 756 2987 825 quotidie
3020 756 3366 826 spiritualem

1785 841 2092 910 profectum
2142 860 2271 916 erga
2329 862 2594 916 sponsum
2647 848 2991 917 spiritualem
3048 849 3102 902 in
3158 850 3364 919 seipsis

1785 933 2117 1003 percipiunt.
2150 936 2464 992 Vulnerata:
2493 947 2679 992 autem
2712 955 2840 993 cum
2889 940 2999 995 sint
3027 941 3235 995 caelesti
3266 941 3346 995 de-

1783 1025 2009 1091 siderio,
2038 1036 2094 1081 et
2116 1029 2385 1098 justitiam
2426 1029 2695 1083 virtutum
2734 1031 3006 1095 esuriant,
3043 1030 3363 1098 illustratio-

1785 1134 1910 1174 nem
1959 1120 2190 1189 spiritus
2219 1136 2435 1177 summo
2501 1137 2565 1176 ac
2614 1122 2912 1176 insatiabili
2959 1092 3234 1177 desiderio
3263 1139 3360 1177 ex-

1780 1220 2051 1281 spectant.
2076 1212 2143 1265 Et
2171 1213 2302 1267 licet
2323 1212 2637 1267 divinorum
2660 1214 3043 1284 mysteriorum
3072 1231 3168 1284 per
3196 1216 3359 1271 ﬁdem

1779 1317 1936 1357 suam
1988 1303 2357 1373 cognitionem
2386 1304 2650 1374 consequi
2683 1304 2864 1374 dignae
2904 1304 3233 1372 habeantur,
3264 1316 3362 1361 aut

1780 1393 1983 1448 laetitiae
2025 1393 2215 1465 gratiae
2263 1394 2504 1450 celestis
2535 1395 2829 1465 participes
2858 1394 3024 1462 ﬁant;
3052 1412 3163 1451 non
3188 1398 3359 1452 conﬁ—

1778 1486 1918 1540 dunt
1946 1496 2123 1542 tamen
2155 1487 2261 1542 sibi
2287 1487 2437 1558 ipsae,
2469 1488 2847 1545 existimantes
2871 1505 2930 1545 se
2959 1492 3167 1562 aliquid
3191 1509 3311 1548 esse
3335 1510 3351 1547 :

1777 1579 1874 1634 sed
1904 1590 2110 1650 quanto
2140 1581 2313 1652 magis
2343 1581 2726 1651 spiritualibus
2769 1582 2931 1639 donis
2975 1584 3154 1655 digna:
3186 1601 3355 1654 repu-

1778 1677 1987 1736 tantur,
2016 1678 2167 1727 tanto
2214 1673 2385 1743 magis
2410 1688 2474 1727 ac
2513 1673 2830 1745 diligentius
2858 1675 3149 1731 insatiabili
3175 1676 3354 1730 avidi-

121 1762 217 1809 ται,
249 1740 501 1796 τοσοῦτον
535 1742 738 1814 μᾶλλον
770 1741 1083 1813 ἀκορέστως
1123 1740 1345 1812 ἔχουσαι
1374 1739 1470 1793 τοῦ
1505 1743 1665 1812 οὐρα-

1777 1768 1887 1816 tate
1917 1762 2161 1818 caelestis
2177 1732 2435 1819 desiderii
2462 1732 2701 1821 detenvta:
2725 1767 3041 1836 inquirunt:
3067 1779 3123 1822 et
3144 1776 3353 1837 quanto

120 1837 217 1890 νίου
241 1835 426 1901 πόθου,
454 1836 708 1907 ὲμπόνως
728 1834 1064 1907 ὲπιζητοῦσι’
1085 1836 1178 1889 καὶ
1200 1836 1324 1889 ὅσον
1336 1835 1401 1889 ἂν
1424 1851 1660 1906 πνευμα-

120 1930 259 1997 τικῆς
285 1927 569 1997 προκοπῆς
597 1928 655 1981 ὲν
687 1927 908 1990 ἑαυταῖς
954 1927 1207 1999 αἴσθησιν
1223 1926 1451 1993 λάϐωσι,
1479 1925 1670 1980 τοσοῦ-

118 2035 196 2071 τον
229 2016 428 2087 μᾶλλον
457 2016 515 2068 ὲν
548 2016 710 2088 πείνῃ
732 2015 829 2070 καὶ
863 2015 990 2088 δίψῃ
1016 2017 1096 2080 είς
1122 2015 1222 2087 τὴν
1255 2014 1556 2086 μετάληψιν
1580 2016 1672 2069 καὶ

118 2110 327 2180 αὔξησιν
363 2109 466 2179 τῆς
491 2107 713 2179 χάριτος
750 2109 1056 2179 ὑπάρχουσι
1084 2123 1101 2139 ο
1144 2108 1240 2160 καὶ
1271 2109 1381 2179 ὅσῳ
1421 2125 1671 2178 πνευμα-

115 2199 267 2263 τικῶς
322 2199 643 2264 πλουτοῦσι,
695 2198 936 2271 τοσούτῳ
979 2199 1201 2270 μᾶλλον,
1252 2199 1328 2263 ὡς
1376 2198 1671 2271 πενόμεναί

113 2297 207 2348 είσι
240 2294 367 2364 παρ’
388 2293 630 2358 ἑαυταῖς,
660 2292 976 2364 ἀκορέστως
1006 2292 1227 2362 ἔχουσαι
1266 2291 1344 2364 τῷ
1368 2310 1672 2363 πνευματι-

114 2386 183 2457 κῷ
210 2386 357 2455 πόθῳ
418 2384 554 2454 πρὸς
591 2384 683 2437 τὸν
732 2382 984 2455 οὐράνιον
1008 2384 1260 2453 Νυμφίον
1281 2399 1294 2413 ·
1335 2384 1410 2447 ὥς
1439 2401 1605 2454 φησιν
1633 2385 1668 2454 ἡ

110 2478 281 2547 Γραφή
305 2492 318 2506 ο
352 2479 421 2531 Οἱ
455 2474 780 2545 τρώγοντές
817 2492 895 2544 με
920 2476 1007 2529 ἔτι
1032 2473 1419 2542 πεινάσουσι,
1467 2475 1569 2529 καὶ
1616 2477 1672 2530 ol

107 2566 368 2634 πίνοντές
389 2584 468 2637 με
494 2569 584 2621 ἐτι
605 2566 999 2635 διψήσουσιν.

167 2660 235 2713 B'.
268 2659 334 2712 Al
362 2659 614 2713 τοιαῦται
638 2659 833 2730 ψυχαὶ,
865 2661 922 2712 αί
955 2658 1218 2731 ὲμπύρως
1237 2660 1329 2713 καὶ
1355 2658 1669 2730 άκορέστως

104 2752 192 2823 τὴν
217 2752 439 2821 ἀγάπην
469 2752 605 2823 πρὸς
634 2751 840 2824 Κύριον
861 2752 1104 2824 ἔχουσαι,
1129 2752 1279 2818 ἄξιαι
1313 2753 1414 2823 τῆς
1447 2754 1667 2808 αἰωνίου

102 2843 234 2913 ζωῆς
262 2845 595 2913 τυγχάνουσι
622 2859 636 2871 ·
687 2843 768 2897 διὸ
812 2845 909 2898 καὶ
942 2844 1051 2897 τῶν
1092 2844 1282 2898 παθῶν
1326 2846 1424 2916 τῆς
1462 2845 1667 2899 ἀπολυ-

100 2935 337 3006 τρώσεως
358 2934 772 3001 καταξιοῢνται,
806 2935 1017 2989 καὶτοῦ
1038 2936 1195 3006 ἁγίου
1226 2935 1539 3007 Πνεύματος
1564 2933 1661 2990 τοῦ

1774 1854 1947 1924 magis
1971 1854 2312 1925 spiritualem
2348 1858 2658 1927 profectum
2696 1860 2751 1913 in
2776 1876 2834 1914 se
2879 1861 3176 1926 senserint,
3198 1869 3352 1914 tanto

1779 1946 1956 2015 magis
1982 1946 2237 2002 esuriunt
2279 1963 2345 2002 ac
2411 1950 2608 2004 sitiunt
2652 1949 3123 2019 participationem
3165 1958 3220 2004 et
3247 1964 3351 2003 au-

1772 2045 2053 2107 gmentum
2105 2039 2290 2108 gratiae
2318 2049 2409 2095 :et
2456 2048 2663 2109 quanto
2718 2041 3080 2109 spiritualiter
3119 2041 3351 2096 ditiores

1773 2136 1925 2192 sunt,
1955 2137 2106 2184 tanto
2147 2131 2505 2200 pauperiores
2558 2134 2702 2201 apud
2752 2147 2810 2187 se
2843 2141 2993 2196 sunt,
3051 2132 3347 2187 insatiabili

1773 2222 2046 2277 desiderio
2073 2222 2345 2293 spirituali
2360 2240 2487 2295 erga
2503 2225 2780 2280 cmlestem
2810 2224 3082 2295 Sponsum
3108 2224 3342 2295 flagran-

1773 2323 1857 2369 tes
1888 2332 1900 2367 :
1936 2322 1999 2368 ut
2026 2314 2206 2384 inquit
2229 2315 2512 2385 Scriptura
2545 2334 2559 2369 :
2588 2315 2689 2381 Qui
2716 2317 2877 2369 edunt
2910 2333 3011 2382 me,
3037 2317 3205 2370 adhuc
3225 2333 3346 2370 esu-

1772 2407 1931 2471 riant,
1959 2414 2009 2459 et
2040 2407 2132 2477 qui
2162 2407 2341 2462 bibunt
2365 2424 2466 2474 me,
2496 2408 2665 2487 adhuc
2688 2411 2864 2464 sitiant
2885 2410 2905 2441 ³

1842 2681 1910 2736 11.
1951 2680 2279 2751 Huiusmodi
2328 2682 2545 2746 animae,
2572 2697 2695 2752 qua}
2721 2690 2828 2736 tam
2869 2680 3084 2736 ardenti
3112 2688 3167 2736 et
3193 2681 3342 2736 insa-

1772 2770 1946 2826 tiabili
1973 2786 2157 2826 amore
2176 2771 2468 2826 Dominum
2509 2778 2940 2841 prosequuntur,
2971 2770 3149 2841 digna:
3213 2776 3343 2824 sunt

1768 2862 1879 2916 vita
1909 2871 2114 2917 aeterna
2149 2879 2164 2916 :
2198 2862 2458 2931 quocirca
2498 2876 2719 2931 quoque
2744 2859 3095 2915 'liberatione
3149 2859 3219 2915 ab
3255 2860 3339 2915 af-

1768 2952 2105 3009 fectionibus
2133 2954 2310 3024 dignae
2340 2953 2676 3017 indicantur,
2704 2962 2761 3007 et
2784 2951 3020 3022 Spiritus
3048 2951 3221 3006 sancti
3248 2968 3338 3006 ar-

96 3027 322 3098 ἀρρήτου
381 3027 481 3079 καλ⁸
536 3030 810 3098 μυστικῆς
869 3028 1185 3092 κοινωνίας,
1224 3029 1283 3081 ὲν
1335 3028 1662 3100 πληρώματι

1772 3060 1920 3100 cana:
1971 3053 2029 3099 et
2086 3044 2327 3116 mystica:
2372 3043 2780 3099 communionis
2827 3042 3245 3097 illustrationem
3275 3056 3340 3097 ac

95 3119 324 3187 χάριτος,
342 3118 620 3189 ἔκλαμψιν
642 3119 740 3173 καὶ
766 3118 1058 3190 μετουσίαν
1078 3118 1303 3183 τελείως
1325 3119 1661 3190 κομίζονται.

95 3210 248 3264 Ὅσαι
279 3211 338 3265 δὲ
376 3211 638 3282 ἄνανδροι
682 3214 780 3266 καὶ
815 3211 1005 3281 χαῦνοι
1036 3210 1227 3282 ψυχαὶ,
1283 3212 1358 3283 μὴ
1407 3210 1663 3282 ζητοῦσαι

93 3300 440 3369 ἀπντεῦθεν,
472 3302 547 3364 ὡς
569 3301 649 3355 ἔτι
680 3303 739 3355 ὲν
783 3302 948 3373 σαρκὶ
978 3303 1326 3372 τυγχάνουσι,
1380 3302 1472 3356 τὸν
1503 3304 1664 3370 ἁγια-

92 3391 215 3460 σμὺν
247 3392 346 3462 τῆς
375 3392 611 3463 καρδίας
655 3392 756 3445 οὐκ
784 3393 849 3446 ὲκ
880 3393 1104 3464 μέρους,
1132 3392 1270 3446 ἀλλὰ
1307 3392 1550 3457 τελείως,
1594 3392 1662 3446 δι’

90 3482 359 3555 ύπονομῆς
386 3484 487 3539 καὶ
516 3484 899 3556 μακροθυμίας
920 3484 1198 3553 δέξασθαι,
1224 3486 1319 3540 καὶ
1337 3487 1660 3557 κοινωνῆσαι

87 3575 160 3649 τῷ
184 3577 529 3647 παρακλήτῳ
561 3576 840 3647 Πνεύματι
889 3578 949 3631 ὲν
978 3578 1275 3649 τελειότητι
1318 3578 1456 3649 μετὰ
1480 3580 1660 3649 πάσης

86 3668 387 3739 αίσθήσεως
444 3669 537 3723 καὶ
571 3670 947 3742 πληροφορίας
987 3670 1062 3741 μὴ
1092 3669 1403 3737 ὲλπίσασαι,
1433 3670 1659 3725 καὶτῶν

84 3758 260 3812 παθῶν
284 3763 389 3830 τῆς
440 3759 638 3824 κακίας
675 3760 1018 3833 λυτρωθῆναι
1061 3761 1148 3816 διὰ
1192 3761 1285 3815 τοῦ
1341 3761 1659 3832 Πνεύματος

87 3851 155 3921 μὴ
187 3850 644 3922 ὲκδεξάμεναι,ἢ
688 3852 851 3906 πάλιν
902 3852 1127 3925 χάριτος
1181 3853 1331 3917 θείας
1382 3854 1655 3920 καταξιω-

84 3943 247 3999 θεῖσαι
286 3946 370 4007 είς
402 3945 743 4018 ἀμεριμνίαν
765 3947 886 4001 τινὰ
921 3950 1014 4002 καὶ
1047 3947 1252 4015 ἄνεσιν,
1296 3948 1401 4002 ὑπὸ
1432 3949 1530 4021 τῆς
1557 3966 1655 4003 κα-

81 4035 198 4099 κίας
228 4035 628 4107 κλεπτόμεναι,
658 4038 859 4102 ἑαυτὰς
890 4038 1180 4103 ἐξέδωκαν.

143 4124 215 4181 Γ.
257 4126 347 4190 Ὠς
397 4127 483 4179 ὅτι
531 4125 795 4180 λαϐοῦσαι
825 4127 924 4198 τὴν
964 4129 1125 4199 χάριν
1170 4126 1265 4182 τοῦ
1313 4127 1653 4199 Πνεύματος,

78 4220 167 4270 καὶ
192 4217 420 4288 ἔχουσαι
467 4218 819 4289 παράκλησιν
847 4219 947 4287 τῆς
975 4221 1201 4291 χάριτος
1229 4220 1287 4273 ἐν
1324 4221 1651 4288 ἀναπαύσει,

78 4308 165 4361 καὶ
199 4308 376 4379 πόθῳ,
410 4310 510 4363 καὶ
528 4308 827 4380 γλυκύτητι
855 4313 1224 4382 πνευματικῇ,
1248 4313 1343 4365 κιιιὶ⁸
1367 4312 1459 4365 ἐπὶ
1481 4312 1654 4383 τούτῳ

1767 3135 2244 3207 participationem
2261 3136 2314 3189 in
2328 3134 2672 3204 plenitudine
2692 3133 2879 3203 gratiae
2892 3131 3134 3202 perfecte
3146 3147 3339 3187 conse-

1763 3234 2027 3295 quuntur.
2053 3223 2184 3291 Quae
2210 3238 2343 3278 vero
2370 3232 2500 3278 sunt
2526 3222 2709 3276 minus
2730 3221 2920 3275 viriles
2950 3230 3117 3289 atque
3145 3234 3335 3275 socor-

1765 3316 1885 3380 des,
1920 3314 2065 3369 haud
2085 3322 2396 3385 quaerentes
2425 3314 2572 3377 talia,
2601 3320 2661 3366 ut
2686 3328 2807 3381 quae
2846 3311 3027 3366 adhuc
3072 3312 3130 3365 in
3167 3326 3337 3366 carne

1762 3408 1975 3470 vivunt,
2011 3407 2213 3476 quippe
2247 3405 2734 3461 sanctiﬁcationem
2762 3404 2945 3459 cordis
2972 3419 3080 3457 non
3113 3418 3182 3457 ex
3209 3418 3335 3473 par-

1763 3509 1836 3564 te,
1862 3498 1958 3554 sed
2002 3498 2248 3568 perfecte
2280 3497 2687 3568 perseverantia
2737 3504 2793 3550 et
2843 3496 3031 3549 animo
3091 3494 3334 3563 patiente

1760 3589 2120 3659 consequi,et
2143 3588 2471 3658 participare
2500 3601 2624 3640 cum
2657 3584 2864 3654 Spiritu
2898 3584 3243 3638 consolatore
3270 3583 3327 3637 in

1758 3679 2101 3753 plenitudine
2145 3694 2271 3733 cum
2324 3677 2473 3732 omni
2522 3691 2685 3730 sensu
2731 3684 2787 3729 et
2835 3673 3187 3739 certitudine,
3220 3689 3330 3727 non

1759 3769 2154 3841 exspectarint,
2186 3782 2288 3822 nec
2314 3767 2383 3822 ab
2419 3765 2808 3821 affectionibus
2852 3764 3073 3817 malitiae
3122 3763 3328 3816 libera-

1759 3863 1966 3919 tionem
2016 3878 2115 3932 per
2164 3860 2431 3931 Spiritum
2479 3858 2831 3927 acceperint;
2872 3864 2970 3910 aut
3013 3872 3045 3912 e
3085 3856 3330 3921 diverso,

1757 3972 1879 4026 qua:
1908 3955 2079 4027 gratia
2114 3954 2301 4009 divina
2334 3953 2510 4021 dignae
2538 3950 2763 4015 habitae,
2794 3949 3020 4020 ignavia:
3048 3964 3113 4003 ac
3139 3964 3330 4003 socor-

1757 4046 1881 4109 diae,
1914 4046 2053 4100 clam
2090 4060 2120 4099 a
2146 4043 2353 4097 malitia
2381 4050 2667 4109 correptae,
2696 4056 2814 4094 sese
2846 4039 3125 4094 dederint.

1830 4138 1919 4191 111.
1960 4137 2031 4193 Ut
2057 4150 2319 4206 quaecum
2349 4131 2663 4202 acceperint
2707 4130 2935 4202 gratiam
2987 4129 3244 4200 Spiritus,
3272 4139 3328 4185 et

1756 4227 1997 4283 habeant
2023 4225 2449 4281 consolationem
2482 4221 2669 4293 gratiae
2695 4222 2749 4276 in
2778 4221 2989 4290 requie,
3018 4229 3075 4275 et
3106 4219 3328 4274 deside-

1757 4320 1862 4380 rio,
1897 4325 1953 4372 et
1979 4316 2247 4372 suavitate
2275 4314 2567 4384 spirituali,
2609 4313 2715 4367 hoc
2749 4312 2866 4381 ipso
2897 4311 3114 4366 conﬁsa:
3148 4311 3325 4366 extol-

76 4398 413 4463 πεποιθυῖαι,
442 4398 705 4467 ύψοῦνται
731 4400 827 4452 καὶ
843 4400 1232 4470 ἀμεριμνοῦσι,
1270 4402 1346 4473 μὴ
1378 4402 1655 4472 συντριὸό-

1778 4418 1948 4466 untur
1981 4424 2045 4463 ac
2089 4421 2282 4461 secure
2328 4405 2540 4468 vivunt,
2581 4418 2691 4457 non
2733 4402 2982 4458 contrita:
3007 4400 3195 4463 corde,
3222 4416 3327 4455 nec

75 4504 228 4557 μεναι
250 4489 354 4560 τὴν
386 4489 646 4561 καρδίαν,
674 4490 769 4545 καὶ
805 4490 882 4561 τῷ
921 4492 1231 4562 φρονήματι
1268 4491 1345 4565 μὴ
1371 4494 1657 4547 ταπεινού-

74 4597 250 4649 μεναι,
290 4583 439 4652 μήτε
474 4577 633 4636 οὖσαι
656 4584 736 4646 είς
768 4583 831 4636 τὸ
880 4584 1085 4637 τέλειον
1117 4585 1217 4653 τῆς
1249 4585 1520 4649 ἀπαθείας
1554 4586 1655 4657 μὲ-

69 4688 209 4740 τρον,
241 4676 387 4744 μήτε
412 4673 775 4745 πληρωθῆναι
803 4674 1023 4741 τελείως
1046 4677 1146 4746 τῆς
1168 4677 1391 4748 χάριτος
1426 4680 1484 4731 ἐν
1509 4680 1655 4752 πάσῃ

69 4766 266 4837 σπουδῇ
288 4767 392 4819 καὶ
431 4766 618 4819 πίστει
652 4767 1036 4837 ὲκδεξάμεναι,
1059 4769 1175 4822 ἀλλ’
1201 4768 1657 4842 ὲπληροφορήθη-

70 4872 183 4924 σαν,
198 4860 296 4912 καὶ
312 4859 740 4929 ὲπανεπάησαν,
759 4860 855 4913 καὶ⁴
878 4861 1240 4932 ἐναπέμειναν
1256 4864 1335 4925 είς
1349 4862 1448 4934 τὴν
1460 4863 1647 4935 ὀλίγην

63 4946 156 5016 τῆς
185 4948 420 5020 χάριτος
454 4949 830 5020 παράκλησιν,
884 4950 968 5014 είς
989 4950 1221 5023 ἔπαρσιν
1250 4953 1472 5024 μᾶλλον,
1504 4956 1647 5027 ἥπερ

66 5038 139 5098 εἰς
161 5039 513 5092 ταπείνωσιν
556 5039 901 5110 προκόψασαι
939 5042 993 5094 αί
1028 5042 1275 5095 τοιαῦται
1317 5043 1507 5114 ψυχαὶ,
1553 5047 1647 5099 καὶ

62 5120 227 5198 οὗπερ
246 5128 682 5201 κατηξιώθησαν
708 5131 1066 5202 χαρίσματος,
1095 5134 1183 5187 ὅτε
1210 5134 1411 5205 δήποτε
1441 5137 1647 5204 ἀπογυι-

68 5218 318 5285 μνοῦνται
354 5223 456 5275 διὰ
476 5222 577 5293 τὴν
627 5225 804 5294 ἀμελῆ
851 5225 1278 5296 καταφρόνησιν,
1309 5229 1403 5282 καὶ
1429 5228 1519 5283 τὸν
1545 5230 1650 5300 μάο

60 5327 202 5365 ταιον
223 5315 328 5384 τῆς
372 5316 618 5386 οἰήσεως
662 5316 843 5371 αὐτῶν
876 5317 1065 5387 τύφον.

125 5404 198 5459 Δ’.
236 5406 409 5477 Ψυχὴ
438 5408 476 5475 ἡ
501 5406 721 5477 ἀληθῶς
756 5408 1002 5477 φιλόθεος
1031 5411 1125 5463 καὶ
1158 5411 1521 5482 φιλόχριστος,
1548 5412 1650 5466 κᾶν

62 5497 257 5568 μυρίας
276 5498 644 5564 δικαιοσύνας
673 5502 897 5575 ποιήσῃ,
945 5502 1022 5565 ὡς
1065 5504 1232 5575 μηδὲν
1274 5506 1647 5578 ἐργασαμένη,

122 5677 140 5707 ³
160 5677 332 5734 Eccli.
374 5694 541 5744 xxw,
570 5680 659 5736 28.

1754 4501 1937 4555 animo
1962 4497 2283 4561 humiliataa,
2315 4510 2417 4550 nec
2447 4493 2748 4565 perfectam
2801 4506 3115 4546 mensuram
3141 4491 3327 4544 vat-ui-

1754 4592 1880 4647 tatis
1912 4589 2265 4645 aﬂectionum
2293 4587 2528 4657 adeptzc,
2556 4601 2665 4639 non
2718 4585 2984 4654 integram
3022 4579 3323 4652 plenitudi-

1751 4698 1877 4737 nem
1904 4682 2092 4753 gratiaa
2113 4680 2261 4734 omni
2295 4678 2576 4748 diligentia
2614 4691 2679 4730 ac
2710 4674 2815 4729 ﬁde
2850 4682 3194 4738 consecutae;
3226 4672 3321 4726 sed

1751 4775 1975 4845 repleta:
2015 4787 2080 4827 ac
2124 4770 2537 4840 acquiescentes
2581 4772 3004 4837 permanserunt
3036 4763 3091 4817 in
3149 4776 3322 4831 pauca

1752 4868 1939 4941 gratiae
1978 4864 2374 4930 consolatione,
2425 4861 2662 4935 elatione
2718 4858 2887 4928 magis
2929 4871 3091 4926 quam
3139 4854 3321 4908 humi-

1751 4959 1903 5013 litate
1951 4955 2302 5027 proﬁcientes
2357 4950 2674 5023 hujusmodi
2732 4948 2970 5002 animae:
3013 4955 3069 5001 et
3122 4944 3326 5014 quibus

1751 5048 1929 5118 digna:
1963 5056 2123 5102 erant
2151 5044 2337 5116 gratia:
2371 5042 2552 5107 donis,
2576 5041 2658 5094 eis
2688 5037 2943 5093 videlicet
2968 5033 3321 5089 denudantur

1752 5140 1824 5195 ob
1856 5139 2224 5209 negligentem
2270 5140 2689 5202 comtemptum,
2717 5139 2772 5184 et
2804 5141 2999 5182 vanam
3044 5125 3325 5195 Opinionis

1748 5246 1937 5287 earum
1966 5227 2372 5300 negligentiam.

1819 5408 1907 5464 iV.
1946 5407 2141 5462 Anima
2178 5420 2332 5471 vero,
2362 5419 2485 5474 quae
2530 5417 2660 5457 vere
2710 5402 2884 5456 Deum
2933 5416 2997 5456 ac
3038 5400 3319 5456 Christum

1746 5502 1949 5574 diligit,
1979 5502 2108 5557 licet
2138 5500 2288 5555 mille
2310 5499 2536 5572 iustitiae
2563 5512 2728 5568 opera
2749 5494 3007 5560 ediderit,
3032 5494 3103 5547 ita
3134 5509 3191 5547 se
3226 5507 3317 5562 ge-
