3948 6542
573 282 680 348 553

1839 277 1902 339 S.
1942 271 2263 336 MACARII
2304 268 2631 332 IEGYPTII
3730 273 3817 335 su

570 396 667 462 rit,
693 393 806 466 38
838 408 903 449 ac
936 392 983 449 si
1014 392 1156 448 nihil
1182 391 1398 451 fecerit.
1421 398 1647 461 propter
1680 385 1991 443 insatiabile
2018 383 2167 438 desi-

2284 378 2447 443 οὖτως
2477 378 2591 449 ἔχει
2622 378 2755 449 παρ’
2779 378 2972 451 ἑαυτῇ,
3008 363 3100 432 διά
3143 376 3238 431 τὸν
3285 378 3427 450 πρὸς
3474 378 3669 449 Κύριον
3714 384 3818 439 ἀκέ-

571 487 791 543 derium
872 483 939 539 ad
990 484 1318 548 Dominum;
1355 481 1485 537 licet
1543 480 1768 552 jejuniis
1838 486 1896 532 et
1962 474 2168 547 vigiliis

577 593 786 650 corpus
828 573 1257 643 consumpserit,
1294 573 1369 627 ita
1415 587 1474 626 se
1522 570 1709 633 habet,
1752 566 1982 639 perinde
2028 581 2092 621 ac
2120 566 2166 621 si

573 685 858 741 nunquam
892 669 1156 737 coepisset
1191 665 1338 719 circa
1377 664 1611 717 virtutes
1660 660 1987 725 elaborare;
2037 659 2168 713 licet

572 764 717 817 dona
749 761 990 832 Spiritus
1015 758 1191 822 varia,
1221 766 1317 810 aut
1345 756 1511 810 etiam
1552 753 1923 809 revelationes
1951 762 2007 806 et
2053 766 2169 821 my-

573 857 741 911 steria
774 852 1021 910 cmlestia
1052 850 1318 919 consequi
1352 849 1518 920 digna
1561 848 1853 911 habeatur,
1882 847 1957 899 ita
1992 860 2071 910 se,
2103 860 2168 899 ac

571 949 617 1005 si
648 965 717 1004 ne
770 960 918 1000 nunc
964 942 1190 1013 quidem
1251 942 1555 1012 quidquam
1606 940 1941 1010 possideret,
1977 939 2163 1002 habet,

570 1050 801 1112 propter
822 1042 1177 1111 .immensam
1226 1051 1290 1091 ac
1342 1035 1713 1090 insatiabilem
1766 1032 1984 1087 Domini
2020 1031 2165 1086 dile-

569 1131 833 1191 ctiOnem,
863 1127 959 1182 sed
982 1126 1230 1198 quotidie
1245 1124 1499 1180 esuriens
1517 1137 1580 1177 ac
1592 1121 1874 1177 sitibunda
1889 1136 1986 1190 per
2002 1118 2163 1173 ﬁdem

569 1231 625 1276 et
650 1219 1003 1275 dilectionem
1034 1218 1087 1272 in
1128 1216 1391 1288 precibus
1439 1211 1871 1283 perseverando,
1903 1208 2165 1280 mysteria

570 1313 785 1385 gratim,
813 1320 870 1366 et
910 1326 1131 1365 onmem
1184 1318 1388 1364 statum
1432 1306 1658 1360 virtutis
1685 1318 2039 1373 summopere
2069 1316 2165 1371 ap-

570 1404 738 1475 petit,
775 1416 965 1456 amore
1007 1401 1249 1471 Spiritus
1284 1398 1526 1453 cmlestis
1576 1396 1842 1458 sauciata,
1881 1402 1937 1448 et
1965 1392 2166 1446 ardens

571 1493 909 1549 desiderium
939 1490 1182 1546 caelestis
1226 1490 1447 1559 Sponsi,
1478 1504 1577 1558 per
1620 1487 1873 1557 gratiam,
1905 1498 2069 1554 quam
2107 1483 2163 1537 in

568 1598 630 1638 se
688 1597 907 1651 semper
958 1580 1143 1643 habet,
1205 1578 1475 1642 excitans,
1540 1577 1865 1632 desiderans
1918 1573 2164 1644 perfecte

2274 490 2461 545 ρεστον
2496 470 2662 525 πόθον
2695 486 2710 500 ·
2747 470 2850 525 κάν
2904 470 3209 542 νηστείαις,
3261 470 3369 525 κάν
3410 471 3729 542 ἀγρυπνίαις
3775 482 3818 529 τὸ

2270 565 2430 633 σῶμα
2473 563 2927 636 καταδαπανήσῃ,
2959 562 3035 625 ὡς
3069 562 3298 633 μηδέπω
3344 562 3627 633 ἀρξαμένη
3673 572 3819 621 πονεῖν

2268 658 2397 728 περὶ
2442 657 2542 720 τάς
2608 657 2811 727 ἀρετάς
2861 657 3162 711 διάκειται·
3199 656 3305 709 κᾶν
3348 659 3700 726 χαρισμάτων
3748 663 3819 714 τοῦ

2269 746 2588 817 Πνεύματος
2653 746 2949 817 διαφόρων,
3012 744 3046 815 ἢ
3101 744 3197 798 καὶ
3264 744 3681 814 ἀποκαλύψεων,
3750 750 3823 801 καὶ

2272 840 2592 912 μυστηρίων
2639 839 2909 910 οὐρανίων
2950 838 3136 907 τυχεῖν
3170 837 3514 907 καταξιωθῇ,
3563 836 3639 900 ὡς
3690 841 3825 906 μηδὲν

2269 932 2458 1003 ἀκμὴν
2486 932 2799 1003 κεκτημένη
2850 931 2909 984 ἐν
2949 931 3120 1000 ἑαυτῇ
3154 929 3295 993 ἐστι,
3353 930 3440 983 διὰ
3480 930 3581 1000 τὴν
3620 929 3823 1001 ἄμετρον

2269 1025 2362 1076 καὶ
2411 1024 2706 1092 ἀκόρεστον
2761 1022 2900 1093 πρὸς
2952 1021 3158 1092 Κύριον
3193 1022 3436 1092 ἀγάπην,
3479 1022 3619 1076 ἀλλά
3678 1026 3823 1077 nam

2270 1116 2486 1187 ἡμέραν
2514 1118 2787 1181 ἑκπεινος,
2823 1114 2919 1169 καὶ
2942 1115 3159 1185 ἔκδιψος
3190 1115 3279 1169 διὰ
3320 1115 3562 1179 πίστεως
3598 1119 3689 1169 καὶ
3719 1120 3825 1185 a7:-

2267 1224 2377 1277 πης
2401 1209 2457 1259 ἐν
2487 1209 2966 1278 προσκαρτερήσει
3020 1206 3187 1277 εὐχῆς
3224 1206 3305 1267 είς
3352 1207 3422 1259 τὰ
3476 1206 3578 1275 τῆς
3640 1208 3823 1277 χάριτος

2270 1298 2570 1369 μυστήρια,
2602 1297 2699 1350 καὶ
2726 1298 2807 1360 εἰς
2836 1297 3021 1349 πᾶσαν
3055 1296 3393 1349 κατάστασιν
3427 1295 3635 1365 ἀρετῆς
3664 1297 3824 1365 ἀκορέ-

2269 1407 2410 1452 στως
2448 1388 2582 1460 ἔχει,
2636 1389 2801 1457 ἔρωτι
2854 1387 3179 1458 Πνεύματος
3209 1388 3462 1459 οὐρανίου
3511 1389 3821 1461 carptum,

2267 1484 2361 1535 καὶ
2396 1483 2561 1536 πόθον
2608 1482 2856 1552 ἔμπυρον
2896 1482 2986 1535 διὰ
3032 1481 3135 1551 τῆς
3181 1482 3406 1553 χάριτος
3456 1482 3545 1535 ἀεὶ
3609 1482 3668 1534 ἐν
3712 1484 3824 1551 αὐτῇ

2271 1574 2407 1645 πρὸς
2450 1574 2540 1627 τὸν
2569 1574 2821 1645 οὐράνιον
2846 1573 3083 1645 νυμφίον
3116 1572 3471 1635 ἀνακινοῦσα,
3509 1573 3826 1643 ἐπιθυμοῦπ

571 1670 735 1740 digna
779 1668 973 1722 haberi
1002 1667 1229 1738 mystica
1270 1676 1327 1721 et
1355 1682 1576 1731 arcana,
1617 1666 1672 1719 in
1724 1665 2163 1720 sanctiﬁcatione

2284 1668 2489 1732 τελείως
2519 1666 2928 1738 καταξιωθῆναι
2954 1667 3053 1736 τῆς
3086 1665 3231 1737 πρὸς
3263 1665 3428 1719 αὐτὴν
3463 1670 3729 1737 μυστικῆς
3752 1668 3826 1721 καὶ

571 1762 799 1831 spiritus
839 1776 964 1815 cum
988 1775 1056 1815 eo
1089 1759 1503 1819 communione,
1536 1766 1743 1813 retecta
1766 1758 1961 1812 anima:
1994 1756 2159 1824 facie,

2284 1761 2508 1832 ὶρρήτου
2542 1761 2600 1812 ἐν
2629 1757 2891 1829 ἁγιασμῷ
2917 1758 3232 1828 πνεύματος
3282 1757 3602 1821 κοινωνίας,
3660 1758 3827 1811 amt:-

570 1852 767 1907 deﬁxis
798 1867 965 1922 super
998 1852 1176 1907 oculis
1226 1852 1504 1921 aspiciens
1553 1850 1828 1921 Sponsum
1853 1854 2159 1919 caelestem,

570 1944 711 1999 facie
738 1943 809 1998 ad
858 1943 1081 2008 faciem,
1122 1943 1179 1997 in
1219 1944 1429 1998 lumine
1469 1945 1741 2015 spirituali
1772 1954 1828 1999 et
1872 1945 2161 2013 ineﬁ'abili,

570 2036 810 2090 admista
862 2035 917 2090 ei
963 2035 1018 2089 in
1047 2035 1198 2091 omni
1252 2038 1588 2092 certitudine
1625 2037 1775 2103 ﬁdei,
1824 2038 2165 2110 conﬁgurata

573 2128 741 2182 morti
767 2129 911 2199 ejus,
941 2129 1174 2184 summis
1199 2129 1345 2185 votis
1389 2145 1491 2199 pro
1521 2130 1743 2186 Christo
1791 2141 2026 2185 mortem
2060 2146 2131 2200 op
2152 2161 2164 2173 -

571 2228 763 2290 petere
792 2235 1011 2289 semper
1040 2235 1292 2290 sperans,
1328 2230 1384 2275 et
1424 2238 1454 2275 a
1482 2223 1724 2292 peccatis
1758 2238 1822 2277 ac
1854 2224 2166 2278 tenebrosis

572 2312 965 2367 affectionibus
1000 2313 1388 2368 liberationem
1438 2314 1704 2383 consequi
1756 2331 1855 2384 per
1897 2314 2163 2385 Spiritum

575 2412 729 2457 certo
753 2419 817 2457 ac
843 2404 1005 2473 plene
1033 2406 1272 2461 credens
1299 2422 1313 2458 :
1341 2413 1401 2459 ut
1427 2405 1719 2475 puriﬁcata
1748 2422 1847 2476 per
1872 2405 2163 2476 Spiritum,

574 2497 753 2550 anima
786 2512 851 2552 ac
882 2512 1115 2566 corpore
1159 2498 1523 2563 sanctiﬁcata,
1572 2515 1696 2569 qua:
1728 2515 1826 2553 vas
1865 2515 2065 2568 purum
2096 2498 2165 2553 ad

577 2587 951 2657 recipiendam
982 2589 1264 2643 cmlestem
1297 2588 1636 2655 unctionem,
1662 2596 1720 2643 et
1747 2604 1873 2657 qua:
1896 2588 2167 2643 habitatio

575 2680 819 2735 caelestis
840 2688 896 2735 et
921 2682 1039 2735 veri
1067 2680 1209 2749 regis
1239 2678 1445 2735 Christi
1478 2679 1593 2745 ﬁat,
1625 2680 1789 2750 digna
1827 2680 1919 2737 sit.
1942 2680 2011 2735 Et
2036 2689 2169 2734 tunc

575 2772 785 2828 caelesti
834 2772 944 2825 vita
994 2771 1156 2841 digna
1208 2772 1469 2839 habetur,
1538 2772 1920 2828 habitaculum
1964 2788 2168 2844 purum

577 2864 816 2936 Spiritus
848 2865 1025 2919 sancti
1051 2865 1181 2919 itide
1206 2865 1425 2920 eﬁecta.

647 3140 713 3195 ν.
742 3140 822 3194 Ad
854 3154 983 3194 eum
1015 3148 1200 3195 autem
1237 3154 1416 3209 usque
1441 3138 1673 3210 gradum
1719 3148 1783 3194 ut
1827 3139 2010 3194 anima
2036 3153 2165 3209 per-

578 3233 784 3293 veniat.
818 3248 998 3302 neque
1026 3248 1135 3286 una
1169 3248 1340 3301 opera
1377 3232 1585 3295 statim,
1618 3247 1800 3301 neque
1822 3232 1941 3286 sine
1973 3231 2170 3300 proba-

581 3327 768 3391 tione;
794 3325 889 3380 sed
919 3340 1016 3395 per
1041 3325 1259 3379 labores
1280 3333 1336 3378 et
1354 3324 1658 3378 certamina
1681 3324 1873 3390 multa,
1890 3338 1987 3393 per
2009 3324 2168 3394 longa

583 3430 895 3488 temporum
927 3418 1102 3486 spatia
1129 3424 1184 3471 et
1216 3415 1419 3482 studia,
1447 3430 1570 3470 cum
1602 3415 1931 3485 probatione
1960 3422 2017 3470 et
2047 3423 2169 3469 ten-

583 3511 889 3566 tationibus
919 3511 1088 3565 variis
1135 3509 1425 3580 spirituale
1475 3518 1830 3580 augmentum
1876 3524 1940 3564 ac
1986 3507 2171 3564 incre-

582 3613 831 3658 mentum
877 3604 1067 3669 sumit,
1099 3619 1275 3673 usque
1315 3602 1383 3657 ad
1427 3601 1737 3673 perfectum
1767 3602 2058 3659 vacuitatis
2084 3601 2169 3656 af-

581 3696 879 3753 fectionum
906 3695 1133 3767 gradum
1177 3695 1401 3750 demum
1425 3696 1701 3766 pertingat
1728 3714 1742 3750 :
1766 3703 1825 3749 ut
1851 3695 1919 3749 ad
1948 3710 2167 3751 omnem

583 3789 968 3852 tentationem,
1008 3806 1131 3859 qua:
1160 3804 1191 3844 a
1225 3789 1474 3860 nequitia
1524 3789 1828 3856 invehitur,
1862 3788 2080 3845 fortiter
2105 3804 2172 3844 ac

580 3890 805 3937 strenue
835 3882 1166 3952 perdurans,
1199 3883 1469 3938 maximos
1500 3882 1761 3947 honores,
1805 3893 1862 3938 et
1890 3882 2032 3938 dona
2058 3883 2173 3953 spi-

581 3974 825 4040 ritualia,
874 3974 1209 4046 divitiasque
1262 3976 1519 4031 caelestes
1568 3984 1963 4046 consequatur,
1991 3984 2047 4031 et
2090 3977 2171 4032 sic

579 4069 821 4125 cmlestis
874 4071 1029 4142 regni
1093 4072 1267 4127 lueres
1318 4072 1516 4127 evadat
1545 4072 1599 4127 in
1647 4073 1777 4128 Jesu
1821 4072 2041 4128 Christo
2065 4073 2172 4127 Do-

582 4162 732 4215 mino
780 4172 991 4228 nostro,
1049 4164 1139 4218 cui
1175 4164 1347 4235 gloria
1388 4174 1443 4219 et
1491 4165 1785 4235 imperium
1835 4164 1893 4220 in
1947 4165 2169 4221 Saecula.

580 4252 774 4305 Amen.

1170 4367 1454 4423 HOMILIA
1484 4368 1579 4423 ΧΙ.

2264 1850 2593 1921 καλυμμένη
2629 1850 2706 1920 τῷ
2735 1851 2834 1920 τῆς
2862 1846 3041 1920 ψυχῆς
3066 1849 3367 1921 προσώπῳ,
3393 1850 3491 1903 καὶ
3518 1851 3829 1915 ἐνατενῖζθυ.

2267 1956 2335 1995 σα
2377 1940 2455 2010 τῷ
2486 1940 2798 2010 ἐπουρανίῳ
2839 1940 3061 2011 νυμφίῳ
3089 1940 3384 2011 πρόσωπον
3425 1943 3487 1996 ἐν
3517 1944 3661 2011 φωτὶ
3690 1961 3829 1996 πνευ-

2275 2028 2493 2101 ματικῷ
2543 2030 2639 2083 καὶ
2693 2029 3067 2101 ἀνεκλαλήτῳ,
3118 2031 3547 2101 ἀνακιρνωμένη
3604 2032 3759 2101 τούτῳ
3784 2036 3829 2086 ἐν

2269 2120 2618 2192 πληροφορίᾳ
2642 2121 2814 2192 πάσῃ,
2836 2119 3326 2191 συμμορφιζομένη
3338 2122 3415 2193 τῷ
3437 2122 3828 2194 θακιάτῳαύτοῦ,

2266 2214 2324 2266 ἐν
2355 2213 2622 2284 ἐπιθυμίᾳ
2645 2213 2840 2284 πολλῇ,
2864 2214 2957 2267 τὸν
2984 2215 3124 2284 ὑπὲρ
3150 2215 3389 2286 Χριστοῦ
3422 2216 3658 2271 θάνατον
3690 2238 3831 2289 προσ·

2266 2305 2482 2359 δοκῶσα
2515 2305 2771 2368 πάντοτε,
2808 2307 2902 2358 καὶ
2942 2306 3043 2375 τῆς
3072 2308 3369 2380 ἁμαρτίας,
3391 2311 3611 2381 καὶτῆς
3644 2313 3830 2374 σκοτίας

2265 2397 2377 2450 τῶν
2401 2395 2589 2450 παθῶν
2611 2397 2828 2450 τελείαν
2853 2397 3123 2471 λύτρωσιν
3151 2398 3406 2464 δέξασθαι
3430 2402 3537 2455 ὑπὸ
3562 2401 3659 2455 τοῦ
3692 2404 3831 2457 Πνεῦ-

2272 2505 2462 2559 ματος,
2497 2490 2555 2541 ἐν
2584 2487 2931 2559 πληροφορίᾳ
2972 2490 3310 2543 πιστεύουσα
3336 2508 3351 2521 ·
3386 2493 3473 2545 ἵνα
3508 2492 3833 2563 καθαρισθεῖ-

2271 2599 2339 2634 σα
2364 2581 2453 2634 διά
2480 2581 2575 2634 τοῦ
2604 2581 2947 2653 Πνεύματος,
2972 2581 3118 2653 ψυχῇ
3148 2584 3240 2637 καὶ
3260 2584 3477 2655 σώματι
3504 2586 3830 2654 ἀγιααθεῐσα,

2270 2672 2510 2744 καθαρὸν
2538 2671 2732 2737 σκεῦος
2754 2674 2835 2735 εἰς
2877 2672 3145 2746 ὑποδοχὴν
3171 2675 3264 2728 τοῦ
3290 2676 3626 2748 ἐπουρανίου
3660 2678 3832 2749 μύρου,

2271 2764 2365 2818 καὶ
2396 2764 2563 2835 μονὴν
2595 2764 2689 2818 τοῦ
2745 2766 3077 2837 ἐπουρανίου
3139 2769 3234 2821 καὶ
3289 2769 3552 2839 ἀληθινοῦ
3598 2772 3836 2840 βασιλέως

2271 2856 2509 2927 Χριστοῦ
2533 2857 2787 2927 γενέσθαι
2823 2858 3135 2932 καταξιωθῇ
3160 2878 3174 2890 '
3213 2863 3308 2915 καὶ
3338 2864 3460 2916 τότε
3499 2864 3602 2933 τῆς
3624 2867 3836 2936 ἐπουρα-

2270 2950 2387 3002 νίου
2442 2949 2593 3019 ζωῆς
2648 2949 2775 3015 ἀξία
2835 2952 3185 3019 καθίσταται,
3243 2956 3567 3027 οἰκητήριον
3623 2956 3839 3029 καθαρὶν

2271 3041 2593 3113 Πνεύματος
2638 3044 2797 3112 ἁγίου
2837 3044 3089 3098 ἐντεῦθεν
3122 3049 3415 3119 γενομένη.

2345 3137 2419 3189 E'.
2458 3136 2551 3198 El;
2587 3136 2760 3190 ταῦτα
2807 3137 2864 3191 δὲ
2915 3138 2983 3191 τά
3040 3140 3213 3211 μέτρα
3268 3140 3451 3214 ψυχὴν
3485 3143 3691 3209 ἐλθεῖν,
3735 3144 3836 3199 οὐτε

2272 3226 2364 3296 ὐφ’
2419 3226 2499 3292 ἓν,
2534 3226 2661 3281 οὐτε
2710 3229 3093 3299 ἀδοκιμάστως
3152 3231 3321 3298 ἔστιν,
3375 3233 3514 3289 ἀλλά
3549 3238 3641 3291 διά
3688 3238 3838 3290 πόνων

2271 3318 2483 3373 πολλῶν
2507 3322 2603 3374 καὶ
2633 3320 2884 3391 ἀγώνων,
2906 3323 3001 3376 καὶ
3031 3326 3263 3394 χρόνων,
3303 3331 3399 3381 καὶ
3426 3331 3693 3401 σπουδῆς,
3726 3334 3839 3401 μετὰ

2273 3412 2604 3482 δοκιμασίας
2639 3416 2734 3468 καὶ
2761 3418 3087 3489 πειρασμῶν
3112 3420 3375 3473 ποικίλων
3410 3421 3512 3492 τὴν
3558 3439 3841 3493 πνευματτ-

2271 3503 2375 3575 κὴν
2403 3503 2633 3574 αὔξησιν
2663 3507 2755 3560 καὶ
2783 3508 3066 3581 προκοπὴν
3086 3510 3380 3579 λαμϐάνει,
3408 3513 3514 3578 ἕως
3536 3515 3632 3568 τοῦ
3656 3516 3839 3568 τελείου

2270 3594 2374 3665 τῆς
2407 3595 2679 3661 ἀπαθείας
2711 3598 2936 3671 μέτρου,
2967 3602 3055 3654 ἵνα
3090 3602 3169 3666 είς
3202 3604 3383 3657 πάντα
3421 3608 3734 3678 πειρασμὸν
3757 3608 3839 3660 ὐπξ

2272 3687 2370 3757 τῆς
2394 3689 2595 3755 κακίας
2641 3691 2989 3763 ἐπαγόμενον
3034 3695 3387 3766 ὑπομένουσα
3428 3700 3732 3772 προθύμως
3767 3701 3840 3753 ni

2270 3783 2555 3849 γενναίως,
2591 3785 2714 3838 τότε
2754 3785 2864 3840 τῶν
2897 3788 3152 3857 μεγάλων
3174 3790 3352 3862 τιμῶν
3386 3794 3482 3846 καὶ
3506 3796 3840 3867 χαρισμάτων

2273 3876 2684 3945 πνευματικῶν,
2724 3878 2820 3933 καὶ
2872 3879 3110 3933 πλούτου
3164 3882 3420 3953 οὐρανίου
3481 3886 3719 3958 ἀξιωθῇ,
3766 3890 3838 3940 καὶ

2272 3968 2449 4032 οὐτως
2473 3970 2573 4040 τῆς
2629 3971 2957 4043 ἐπουρανίου
2999 3974 3280 4045 βασιλείας
3337 3976 3572 4047 γένηται
3611 3982 3839 4051 κληρονό-

2276 4078 2396 4132 μος,
2441 4063 2499 4113 ὲν
2529 4063 2752 4134 Χριστῷ
2810 4063 2985 4135 Ἰησοῦ
3037 4065 3116 4137 τῷ
3167 4068 3360 4140 Κυρίῳ
3399 4071 3582 4140 ἡμῶν,
3607 4066 3653 4143 ᾧ
3688 4075 3837 4145 ηδέξι

2273 4154 2368 4208 καὶ
2401 4154 2461 4207 τὸ
2483 4154 2707 4226 κράτος,
2740 4156 2821 4220 είς
2851 4156 2979 4221 τούς
3019 4159 3248 4223 αἰῶνας.
3304 4161 3503 4235 Ἀμήν.

2860 4359 3106 4414 ΟΜῙΛΙΑ
3168 4362 3271 4418 lA'.

585 4453 839 4540 Virtutem
876 4455 1295 4543 san_cti.Spirlitus
1340 4459 1401 4543 in
1433 4459 1593 4543 corde
1629 4461 1876 4543 hominis,
1915 4477 1970 4514 se
1998 4460 2167 4543 habe-1

2284 4441 2826 4543 Γὶζνλξύῖαμιγίοῦ
2852 4450 3411 4543 ξὶγίουιηνειξματος
3439 4458 3513 4543 έν
3534 4459 3625 4543 ,τῇ
3652 4462 3836 4529 καρδίᾳ

650 4544 707 4601 re
742 4529 915 4581 instar
962 4528 1121 4598 ignis.
1180 4528 1240 4601 Et
1280 4529 1478 4601 quibus
1518 4531 1667 4584 rebus
1710 4532 2059 4601 indigeamus,
2099 4532 2170 4585 ad

649 4598 1051 4652 discernendum
1075 4600 1414 4667 cogitationes
1449 4601 1501 4653 in
1526 4602 1678 4653 corde
1698 4598 2077 4655 scaturicntes:
2121 4610 2169 4654 et

649 4670 986 4743 de_serpente
1031 4678 1242 4743 mortuo
1283 4670 1354 4743 uti
1386 4670 1765 4743 sublimitatem
1807 4671 1935 4743 ligni
1963 4691 1994 4725 a
2027 4674 2169 4726 Moss

650 4738 841 4810 aﬁ‘ixo,
858 4742 945 4811 qui
975 4749 1127 4810 typus
1168 4740 1266 4809 fuit
1295 4738 1509 4795 Christi.
1542 4740 1787 4796 Continet
1823 4738 2027 4811 quoque
2071 4748 2167 4797 Ito-

653 4811 804 4865 milia
846 4811 1230 4883 disputationes
1277 4811 1409 4864 duas
1435 4828 1647 4883 :unam
1689 4814 1923 4883 quidem,
1973 4812 2168 4868 Christi

648 4899 771 4935 cum
803 4880 1122 4956 nequissimo
1148 4880 1354 4935 Satana
1376 4898 1396 4947 ;
1420 4882 1649 4936 alterum
1671 4880 1813 4950 vero,
1837 4893 2168 4956 peccatorum

649 4970 770 5009 cum
794 4968 994 5007 eoaem.

649 5188 691 5244 l.
728 5189 987 5261 lgnisille
1036 5190 1278 5246 caelestis
1321 5190 1647 5259 divinitatis,
1677 5207 1840 5263 quem
1888 5194 2170 5265 accipiunt

574 5280 881 5337 Christiani
916 5282 1066 5337 intus
1094 5283 1148 5337 in
1172 5283 1338 5338 corde
1374 5300 1476 5339 suo
1506 5300 1657 5340 nunc
1692 5286 1748 5339 in
1791 5286 1898 5342 hoc
1941 5289 2165 5354 szeculo,

579 5373 671 5429 ille
698 5373 839 5443 ipse,
862 5375 955 5444 qui
986 5374 1138 5432 intus
1159 5392 1310 5433 nunc
1330 5392 1427 5432 cor
1458 5378 1683 5433 illorum
1705 5378 1918 5450 dirigit,
1946 5381 2193 5450 quando

577 5480 782 5535 corpus
814 5466 1173 5533 dissolvetur,
1203 5469 1449 5540 erumpit
1483 5486 1498 5523 :
1529 5478 1586 5525 et
1617 5486 1812 5525 rursus
1838 5487 2171 5543 coaugmen-

578 5567 659 5611 tat
687 5558 962 5624 membra,
987 5569 1044 5615 et
1093 5560 1227 5616 facit
1269 5563 1736 5617 resurrectionem
1769 5563 2168 5619 dissolutonum

579 5650 977 5705 membrorum.
1015 5650 1495 5719 Quemadmodum
1530 5661 1678 5709 enim
1717 5655 1878 5726 ignis,
1914 5656 2008 5725 qui
2036 5656 2167 5711 llic-

578 5742 870 5809 rosolymis
916 5744 1266 5804 ministrabat
1297 5747 1481 5817 altari,
1530 5756 1779 5820 tempore
1830 5752 2166 5821 captivitatis

2342 4516 2449 4601 ’ἰοῦ
2479 4517 2795 4601 ἀνθρῴποι]
2824 4516 2975 4601 sinat
3008 4524 3100 4601 the
3145 4516 3265 4601 ςτῧρ
3288 4542 3301 4555 ⁸
3334 4516 3453 4601 Δκὶιὶ
3487 4516 3673 4584 τίν-ῶν
3719 4516 3835 4601 ᾗῇ·

2343 4586 2528 4665 ζῶμεν
2552 4589 2701 4672 ετξρς
2732 4589 2796 4672 τό
2822 4586 3241 4672 ᾷιακρίνέσραξ
3254 4596 3398 4672 τοὺς
3425 4586 3763 4672 lor/07:05;

2346 4659 2422 4739 τῇ
2475 4659 2691 4739 καρᾷίᾳ
2729 4662 3070 4739 ἐβρὺοηας.
3123 4659 3404 4739 Καίίπερὶ
3473 4659 3833 4739 τὸῦᾫενροῦ

2344 4728 2537 4811 ὅξεως
2566 4732 2653 4797 εὶς
2682 4730 2747 4784 τὸ
2780 4728 3115 4811 ἀκρότατον
3146 4738 3275 4811 *τοῦ
3305 4728 3500 4803 ξῦλου
3538 4748 3701 4811 παρὰ
3728 4728 3833 4797 Πω-

2342 4800 3107 4882 ςέωςκπροσίξεπτίγμένου,
3141 4808 3208 4873 ὃς
3246 4800 3450 4882 τύπος,
3481 4800 3720 4882 ἐγένὲτο
3750 4814 3833 4866 τοῦ

2344 4871 2623 4955 Χριστοῦ,
2699 4871 2981 4955 fureret
3008 4876 3104 4929 καὶ
3165 4871 3379 4955 εξμιαΐίαΔ
3413 4871 3833 4955 ’διείλοςν-ισμιὺς

2341 4941 2451 5024 quo
2475 4958 2488 4971 ’
2536 4941 2742 5024 super
2769 4941 2891 5013 μὲῦ
2928 4941 3210 5024 Χριστοῦξ
3242 4952 3393 5019 μετὰ
3445 4955 3557 5008 τοῦ
3595 4941 3834 5024 simiai!

2341 5013 2600 5097 rorarii,
2636 5013 2887 5085 θάτερον
2916 5013 2986 5070 δὲ
3007 5018 3127 5071 τῶν
3171 5013 3546 5091 ἁμαρτωλῶν
3570 5013 3834 5097 μετίωῡ

2340 5100 2549 5136 αυτου.
3697 5112 3712 5127 ⁸

2340 5198 2420 5253 A'.
2450 5198 2523 5251 Τὸ
2551 5198 2663 5270 πῦρ
2691 5200 2752 5255 τὸ
2784 5202 3038 5273 οὐράνιον
3077 5205 3177 5277 τῆς
3206 5206 3486 5278 θεότητος,
3513 5211 3833 5283 ὄπερδέχονο

2270 5307 2360 5343 ται
2391 5292 2441 5343 οἱ
2478 5293 2798 5364 Χριστιανοὶ
2841 5296 2992 5361 ἐντὸς
3032 5299 3212 5352 αὐτῶν
3259 5303 3318 5353 ἐν
3346 5304 3412 5373 τῇ
3446 5306 3653 5377 καρδίᾳ
3680 5304 3766 5358 νῦν
3790 5307 3835 5357 ἐν

2268 5382 2348 5453 τῷ
2376 5383 2534 5438 αἰῶνι
2563 5384 2758 5457 τούτῳ,
2805 5387 2965 5443 τοῦτο
3013 5391 3146 5445 αὐτὸ
3200 5394 3263 5446 τὸ
3308 5395 3461 5458 ἐντὸς
3500 5400 3608 5468 τῆς
3640 5397 3834 5469 καρδίας

2270 5477 2450 5530 αὐτῶν
2489 5478 2796 5547 διακονοῦν,
2824 5482 2954 5537 ὃταν
2974 5484 3214 5558 ἀναλυθῇ
3249 5487 3312 5540 τὸ
3370 5488 3561 5559 σῶμα,
3596 5490 3833 5558 ἐξώτερον

2270 5569 2502 5637 γίνεται,
2539 5574 2635 5625 καὶ
2667 5575 2831 5628 πάλιν
2880 5580 3195 5649 συμπήσσει
3251 5581 3318 5634 τὰ
3366 5583 3528 5654 μέλη,
3578 5586 3673 5638 καὶ
3718 5582 3835 5634 ποιεῖ

2270 5661 2564 5717 ἀνάστασιν
2594 5665 2703 5719 τῶν
2734 5667 3046 5739 λελυμένων
3084 5671 3290 5741 μελῶν.
3329 5676 3545 5746 Ὠσπερ
3578 5677 3686 5749 γὰρ
3710 5678 3765 5729 τὸ
3788 5678 3831 5726 ἓν

2294 5754 2695 5826 Ἰεροσολύμοις
2734 5761 2848 5833 πῦρ
2878 5763 2939 5817 τὸ
2968 5764 3255 5822 διακονοῦν
3284 5770 3341 5822 ἐν
3364 5770 3445 5841 τῷ
3477 5772 3828 5843 θυσιαστηρίῳ
