3948 6520
543 336 641 401 54Ἱ

1783 334 1842 393 S.
1885 333 2207 395 MACARII
2248 331 2570 393 IEGYPTII

3678 329 3762 390 ιιδ

612 446 701 503 ιν.
733 443 849 500 lllic
867 443 1017 499 enim
1043 440 1231 510 vidua,
1259 455 1381 511 quae
1402 439 1720 511 perdiderat
1745 439 2063 497 drachmam
2082 441 2123 494 σε

2298 441 2371 496 Αθ,
2403 441 2512 495 Καὶ
2533 439 2643 511 γὰρ
2666 437 2830 508 ἐκεῖή
2852 435 2996 507 χήρα
3018 435 3051 505 ἡ
3077 433 3389 488 ἀπολέσασα
3412 433 3509 507 τὴν
3528 434 3761 509 δραχμὴν,

544 538 783 607 primum
819 532 1071 591 accendit
1114 533 1398 589 lucernam
1420 572 1435 597 ,
1474 541 1660 601 postea
1686 531 2005 586 emundavit
2034 532 2134 586 do-

545 645 695 684 mum
729 630 955 698 ;sieque
1011 635 1244 697 purgata
1274 626 1460 689 domo,
1496 638 1837 694 accensaque
1885 625 2129 691 lucerna,

548 722 771 776 inventa
809 728 895 775 est
921 719 1206 783 drachma,
1230 716 1490 771 sordibus
1529 724 1693 785 atque
1737 716 2055 785 impuritate
2078 726 2134 771 et

554 823 698 867 terra
732 810 962 875 obruta;
1020 822 1213 862 verum
1244 806 1426 860 anima
1476 820 1585 860 non
1630 813 1810 875 potest
1840 822 1870 861 α
1917 822 1975 861 se
2016 808 2134 877 ipsa

555 903 882 973 investigare
904 900 1153 972 proprias
1164 898 1541 969 cogitationes,
1566 913 1769 967 easque
1789 897 2131 955 discernere;

553 995 649 1049 sed
695 1009 818 1048 cum
863 1005 1092 1045 accensa
1116 988 1219 1043 fuit
1254 990 1479 1043 lucerna
1503 988 1710 1054 divina,
1747 998 1878 1043 tunc
1926 989 2019 1043 lux
2050 998 2135 1045 est

551 1088 607 1141 in
644 1084 886 1141 tenebris
909 1081 1149 1137 obducta
1180 1081 1372 1147 domo;
1420 1089 1475 1136 et
1498 1088 1628 1135 tunc
1656 1080 1803 1136 videt
1842 1081 2133 1152 cogitatio-

550 1194 648 1234 nes
668 1191 815 1241 suas,
840 1174 1117 1246 quomodo
1148 1174 1261 1229 sint
1289 1173 1502 1227 obruta:
1539 1172 1857 1241 impuritate
1894 1181 1952 1228 et
1974 1188 2132 1229 emno

550 1270 759 1340 peccati
793 1286 806 1323 :
839 1269 1017 1323 oritur
1072 1266 1175 1331 sol,
1233 1275 1289 1321 et
1314 1274 1431 1320 tum
1487 1265 1751 1335 perspicit
1803 1266 1987 1320 anima
2041 1266 2126 1321 sui

553 1363 877 1426 interitum,
939 1370 1103 1430 atque
1150 1358 1346 1430 incipit
1410 1373 1671 1414 revocare
1726 1358 2127 1429 cogitationes,

556 1450 812 1505 sordibus
839 1459 895 1503 et
916 1448 1169 1519 squalore
1194 1446 1503 1517 permistas.
1537 1445 1781 1501 Perdidit
1813 1446 1959 1500 enim
1994 1446 2133 1500 ima-

558 1545 738 1616 ginem
768 1558 920 1597 suam
946 1541 1162 1603 anima,
1194 1553 1315 1610 qua:
1349 1538 1665 1592 mandatum
1698 1539 1793 1593 Dei
1828 1545 2133 1609 transgres-

558 1654 617 1691 sa
647 1646 747 1692 est.

632 1731 693 1784 V.
726 1727 959 1783 Perinde
988 1742 1053 1783 ac
1078 1727 1123 1782 si
1155 1727 1280 1797 quis
1312 1741 1407 1779 rex
1432 1726 1525 1791 sit,
1548 1725 1643 1795 qui
1672 1724 1815 1779 bona
1843 1734 1898 1781 et
1938 1740 2127 1781 servos

559 1823 662 1877 sub
697 1837 755 1876 se
783 1821 1002 1885 habeat,
1041 1820 1146 1875 sibi
1193 1820 1571 1874 ministrantes
1602 1837 1617 1873 :
1650 1818 2130 1889 contingatautem

562 1914 709 1969 hunc
729 1913 799 1967 ab
823 1912 1062 1968 inimicis
1091 1911 1552 1981 comprehensum
1579 1911 1854 1981 captivum
1878 1910 2080 1966 abduci
2118 1928 2133 1966 :

560 2021 627 2061 eo
660 2014 819 2076 capto
860 2013 1083 2061 ctextra
1118 2004 1382 2059 terminos
1405 2004 1656 2073 abrepto,
1688 2004 1877 2074 utique
1918 2011 2138 2075 oportet

562 2111 752 2151 servos
772 2104 828 2150 et
856 2095 1139 2150 ministros
1164 2110 1195 2149 a
1216 2104 1365 2165 tergo
1394 2094 1545 2149 illum
1575 2094 1733 2164 sequi
1772 2112 1786 2149 :
1815 2094 1895 2150 sic
1920 2110 2138 2166 quoque

563 2188 734 2242 Adam
759 2186 1012 2243 conditus
1026 2194 1109 2241 est
1137 2201 1307 2256 purus
1329 2201 1360 2240 a
1388 2186 1500 2240 Deo
1521 2186 1577 2240 in
1596 2186 1714 2256 ejus
1732 2186 2096 2243 ministerium
2123 2205 2137 2243 :

564 2278 674 2349 [ιο
693 2278 775 2332 hac
797 2292 929 2333 vero
960 2288 1228 2333 creaturae
1255 2277 1324 2332 ad
1353 2276 1701 2332 serviendum
1726 2277 1778 2333 ei
1812 2277 1953 2333 data:
1978 2288 2138 2335 sunt:

568 2369 833 2424 Dominus
861 2369 1008 2424 enim
1036 2378 1093 2424 et
1122 2384 1217 2423 rex
1245 2370 1578 2426 constitutus
1599 2377 1683 2425 est
1708 2368 1955 2423 omnium
1982 2384 2142 2424 crea-

569 2466 841 2511 turarum.
876 2457 1077 2511 Verum
1100 2465 1389 2527 postquam
1422 2472 1608 2512 sermo
1647 2457 1933 2526 improbus
1964 2456 2033 2512 ad
2077 2457 2144 2511 il-

570 2550 685 2603 lum
714 2548 981 2619 pervenit,
1012 2556 1067 2603 et
1103 2563 1229 2603 eum
1262 2562 1329 2603 eo
1356 2556 1713 2603 conversatus
1745 2557 1848 2613 est,
1877 2547 1994 2618 ipse
2026 2548 2143 2619 pri-

572 2656 721 2695 mum
788 2640 975 2695 auditu
1037 2639 1297 2697 exteriori
1351 2640 1591 2711 suscepit
1650 2654 1802 2707 eum,
1850 2639 2050 2697 deinde
2099 2639 2146 2696 is

572 2733 956 2806 penetravitin
991 2750 1087 2791 cor
1126 2736 1266 2807 ejus,
1293 2743 1349 2791 et
1377 2749 1596 2791 omnem
1623 2735 1743 2807 ejus
1777 2735 2143 2791 substantiam

573 2828 864 2898 occupavit
900 2835 995 2883 :et
1027 2828 1103 2882 ita
1139 2826 1360 2883 tandem
1386 2835 1546 2897 capto
1571 2827 1685 2893 illo,
1732 2835 1889 2898 capta
1923 2843 2145 2899 quoque

573 2929 676 2987 est,
716 2936 837 2991 qme
870 2920 1218 2975 ministrabat
1246 2929 1302 2975 et
1343 2920 1726 2976 subserviebat
1750 2921 1825 2987 ei,
1872 2929 2145 2976 creatura.

578 3014 681 3069 Per
717 3028 844 3069 eum
876 3013 1025 3068 enim
1060 3014 1350 3083 imperium
1384 3012 1624 3069 obtinuit
1652 3028 1802 3069 mors
1839 3028 2006 3084 super
2034 3028 2153 3069 om-

2236 532 2450 600 πρῶτον
2471 528 2576 604 ἧψε
2598 530 2689 583 τὸν
2719 529 2932 599 λύχνον,
2960 522 3080 580 εἶτα
3105 526 3378 596 ἐκόσμησε
3410 528 3501 579 τ’ὸν
3522 524 3674 593 οἷκον,
3694 537 3769 584 καὶ

2234 622 2377 676 οὑτω
2408 622 2775 692 κοσμηθέντος
2796 618 2892 672 τοῦ
2922 618 3094 683 οἴκου,
3126 619 3218 672 καὶ
3247 620 3343 672 τοῦ
3387 620 3579 690 λύχνου
3605 623 3770 689 ἁφθὲν-

2234 731 2347 777 τος,
2376 714 2570 785 εὑρέθη
2602 714 2635 783 ἡ
2663 710 2882 783 δραχμὴ
2921 710 2979 763 ἐν
3007 712 3074 780 τῇ
3101 710 3311 781 κόπρῳ,
3348 712 3442 764 καὶ
3471 714 3530 765 ἐν
3566 715 3629 783 τῇ
3659 715 3774 767 ἀκα-

2236 805 2455 877 θαρσίᾳ,
2487 805 2580 858 καὶ
2611 808 2676 875 τῇ
2718 806 2786 875 γῇ
2819 804 3163 873 κεχωσμένη.
3204 804 3314 857 Καὶ
3372 803 3470 857 νῦν
3495 806 3527 873 ὴ
3552 805 3688 875 ψυχὴ
3727 810 3776 859 ο)

2237 895 2459 949 δύναται
2476 896 2580 965 ,ἀφ’
2612 895 2810 964 ἐαυτῆς
2851 894 3033 965 εὑρεῖν
3056 896 3183 957 τοὺς
3220 894 3383 957 ἰδίους
3424 896 3780 966 διαλογισμοὺς

2237 988 2407 1057 αὑτῆς
2430 987 2523 1040 καὶ
2546 984 2801 1056 χωρίσαι,
2829 984 2941 1037 ἀλλ’
2964 987 3091 1038 ὅταν
3115 985 3259 1055 ἁφθῇ
3288 987 3315 1037 6
3336 984 3529 1055 λύχνος
3553 989 3580 1039 6
3608 986 3780 1051 θεῑκὶς,

2237 1077 2398 1131 ἆπτει
2450 1079 2531 1141 είς
2566 1076 2657 1130 τόν
2699 1078 3083 1146 ἐσκοτισμένον
3133 1072 3301 1142 οἷκον,
3333 1081 3426 1132 καὶ
3459 1082 3579 1132 τότε
3622 1081 3784 1149 βλέπει

2235 1168 2361 1231 τοὺς
2377 1169 2670 1238 λογισμοὺς
2694 1168 2886 1238 αὐτῆς,
2915 1168 3029 1232 πῶς
3059 1170 3166 1221 είσι
3213 1172 3552 1241 κεχωσμένοι
3610 1175 3685 1235 εἰς
3706 1174 3784 1243 τὴν

2237 1264 2581 1336 ἀκαθαρσίαν
2631 1267 2726 1319 καὶ
2764 1265 2856 1318 τὸν
2901 1264 3161 1336 βόρϐορον
3215 1268 3312 1335 τῆς
3338 1268 3648 1337 ἁμαρτίας·
3677 1270 3787 1321 ἁνα-

2236 1356 2410 1409 τὲλλει
2433 1356 2646 1426 ὁῆλιος,
2676 1356 2767 1411 καὶ
2789 1355 2907 1410 τότε
2940 1356 3126 1425 βλέπει
3160 1359 3191 1426 ή
3228 1357 3373 1429 ψυχὴ
3418 1361 3517 1428 τὴν
3542 1359 3787 1413 ἀπώλειαν

2237 1450 2426 1519 αὑτῆς,
2456 1449 2548 1501 καὶ
2573 1448 2801 1519 ἄρχεται
2831 1450 3218 1502 ἀνακαλεῖσθαι
3254 1451 3380 1513 τοὺς
3426 1454 3484 1503 ἐν
3528 1454 3593 1521 τῇ
3627 1454 3790 1523 κόπρῳ

2237 1542 2331 1593 καὶ
2356 1540 2603 1611 ῥυπαρία
2648 1542 3131 1613 ἀναμεμιγμένους
3169 1542 3488 1611 λογισμούς.
3538 1545 3789 1597 Ἀπὼλεσι

2235 1633 2344 1704 γάρ
2373 1633 2471 1703 τὴν
2501 1632 2685 1686 είκόνα
2712 1634 2932 1705 αὑτῆςή
2960 1634 3104 1705 ψυχὴ
3124 1635 3419 1706 παραϐᾶσα
3442 1635 3543 1705 τὴν
3570 1636 3788 1704 ἐντολήν.

2307 1723 2382 1779 E'.
2416 1725 2625 1796 Ὥσπερ
2665 1722 2817 1797 ἐάνῇ
2864 1742 2948 1789 τις
2983 1725 3256 1797 βασιλεὺς,
3303 1726 3397 1780 καὶ
3433 1726 3534 1797 ἔχη
3583 1726 3793 1795 ὓπαρξιν

2239 1816 2334 1871 καὶ
2364 1815 2645 1879 διακόνους
2680 1815 2771 1885 ὑφ’
2798 1817 2988 1870 ἐαυτὸν
3017 1819 3143 1882 τοὺς
3187 1818 3599 1892 ὑπηρετοῦντας
3624 1818 3789 1888 αὐτῷ’

2244 1908 2429 1981 συμϐῇ
2486 1908 2543 1962 δέ
2580 1907 2765 1963 τοῦτον
2802 1910 2907 1962 ὑπὸ
2946 1910 3054 1963 τῶν
3103 1910 3314 1981 ἐχθρῶν
3366 1910 3790 1981 παραληφθῆναι,

2241 2000 2337 2054 καὶ
2393 1999 2917 2071 αἰχμαλωτισθῆναι,
2977 2002 3169 2054 τούτου
3229 2000 3681 2073 παραληφθέντος
3716 2005 3794 2055 καὶ

2242 2094 2631 2166 ἐξορισθέντος,
2661 2093 2873 2165 ἀνάγκη
2914 2092 3010 2147 καὶ
3042 2093 3169 2157 τοὺς
3210 2091 3492 2155 διακόνους
3528 2093 3695 2146 αὑτοῦ
3718 2095 3794 2145 καὶ

2244 2186 2522 2258 ὑπηρέτας
2542 2186 2715 2240 ὀπίσω
2737 2185 2900 2240 αὑτοῦ
2922 2184 3235 2240 ἀκολουθεῖν
3260 2201 3273 2213 '
3303 2182 3446 2237 οῦτω
3471 2184 3568 2237 καὶ
3587 2186 3618 2237 6
3648 2184 3795 2251 Ἀδάμ

2243 2279 2469 2349 ἐκτίσθη
2496 2278 2737 2349 καθαρὸς
2774 2278 2880 2332 ὑπὸ
2912 2277 3007 2332 τοῦ
3034 2276 3169 2331 Θεοῦ
3199 2278 3275 2340 είς
3302 2276 3582 2330 διακονίαν
3626 2277 3792 2340 αὑτοῦ,

2246 2372 2345 2425 καὶ
2373 2371 2544 2426 ταῦτα
2585 2372 2653 2426 τὰ
2679 2371 2955 2442 κτίσματα
2978 2372 3053 2434 είς
3088 2369 3390 2441 ὑπηρεσίαν
3422 2369 3573 2438 αὑτῷ
3625 2368 3792 2441 ἐὺῖθηο

2245 2462 2451 2534 Κύριος
2479 2464 2584 2535 γάρ
2614 2462 2705 2517 καὶ
2765 2463 3017 2534 βασιλεὺς
3073 2462 3381 2535 κατεστάθη
3436 2464 3659 2518 πάντων
3704 2465 3797 2517 τῶν

2248 2553 2585 2625 κτισμάτων·
2619 2554 2734 2609 ἀλλ’
2768 2554 2827 2620 ἐξ
2852 2549 2911 2608 οὑ
2946 2557 2974 2609 6
2999 2555 3153 2624 λόγος
3190 2556 3216 2608 6
3250 2554 3485 2625 πονηρὸς
3516 2554 3799 2624 προσῆλθεν

2249 2648 2421 2717 αὐτῷ,
2451 2649 2547 2701 κα)⁸
2594 2648 3035 2718 προσωμίλησεν,
3080 2646 3239 2710 αὑτὸς
3281 2646 3551 2717 πρότερον
3602 2645 3685 2698 διὰ
3717 2646 3801 2714 τῆς

2248 2738 2447 2804 ἔξωθεν
2479 2741 2649 2809 ἀκοῆς
2686 2739 2982 2806 ὑπεδέξατο
3012 2739 3197 2806 αὐτον,
3233 2733 3353 2792 εἶτα
3399 2737 3617 2809 διῆλθεν
3656 2737 3799 2790 αὑτοῦ

2247 2829 2335 2882 διά
2366 2830 2465 2899 τῆς
2522 2831 2775 2900 καρδίας,
2820 2830 2915 2883 καὶ
2957 2830 3222 2899 κατέσχεν
3282 2827 3449 2882 αὑτοῦ
3498 2829 3678 2881 πᾶσαν
3720 2831 3803 2896 τὴν

2251 2920 2578 2974 ὑπόστασινο
2619 2922 2714 2975 καὶ
2738 2920 2881 2973 οὕτω
2908 2920 3093 2973 λοιπὸν
3146 2919 3311 2974 αὑτοῦ
3348 2918 3801 2991 παραληφθέντος.

2254 3012 2686 3085 συμπαρελήιροη
2737 3014 2833 3067 καὶ
2889 3013 3283 3083 ἡδιακονοῦσα
3329 3012 3426 3066 καὶ⁵
3481 3012 3804 3083 ὑπηρετοῦσα

578 3122 703 3161 nem
751 3107 1103 3172 animam,et
1157 3106 1383 3161 omnino
1432 3106 1724 3176 imaginem
1774 3105 1903 3163 Adze
1947 3107 2147 3163 delevit

2254 3105 2402 3177 αὐτῷ
2431 3106 2630 3173 κτίσις,
2658 3106 2737 3159 Δι’
2761 3105 2925 3159 αὑτοῦ
2958 3106 3067 3177 γὰρ
3086 3106 3178 3159 ἐπὶ
3200 3106 3381 3159 πᾶσαν
3424 3104 3607 3175 ψυχὴν
3644 3104 3807 3158 ἐϐασί-

580 3209 803 3270 pr0pter
820 3200 940 3270 ejus
968 3198 1419 3265 inobedientiam,
1460 3198 1597 3254 adeo
1624 3209 1685 3255 ut
1712 3200 1963 3256 conversi
1986 3208 2152 3272 atque

582 3288 819 3359 prolapsi
848 3288 959 3343 sint
987 3288 1240 3343 homines
1263 3287 1330 3342 ad
1353 3288 1663 3344 adorandos
1690 3287 1985 3344 daemones.
2012 3288 2155 3345 Ecce

581 3380 728 3434 enim
773 3378 987 3434 fructus
1041 3386 1222 3443 terrae,
1261 3379 1357 3449 qui
1390 3378 1447 3432 in
1496 3379 1702 3434 bonum
1751 3394 1909 3434 usum
1958 3394 1989 3434 a
2044 3379 2157 3434 Deo

583 3471 753 3527 creati
788 3480 935 3536 sunt,
969 3470 1276 3525 offeruntur
1305 3470 1666 3525 daemonibus.
1700 3470 1924 3535 Panem,
1969 3471 2158 3526 vinum

584 3574 642 3620 et
670 3566 850 3620 oleum
874 3563 1112 3618 offerunt
1144 3563 1412 3618 altaribus
1440 3578 1657 3629 eorum,
1691 3570 1748 3619 et
1775 3563 2030 3618 animalia
2060 3565 2162 3619 im-

587 3660 819 3721 ponunt.
870 3651 975 3706 Sed
1015 3668 1122 3707 non
1160 3652 1277 3707 haac
1303 3662 1549 3720 tantum;
1607 3651 1702 3707 sed
1738 3652 1880 3708 ﬁlios
1908 3654 2073 3711 etiam
2105 3664 2162 3710 et

587 3743 725 3800 tilias
749 3743 1103 3801 immolarunt
1127 3744 1428 3800 dmmoniis.

662 3926 746 3981 Vl.
780 3926 894 3982 Hoc
924 3926 1089 3998 igitur
1110 3936 1356 3998 tempore
1384 3928 1478 3984 ille
1497 3969 1511 3994 ,
1538 3928 1634 4000 qui
1664 3928 1925 3984 formavrt
1959 3944 2162 3999 corpus

589 4025 645 4071 et
673 4017 931 4083 animam,
978 4018 1093 4088 ipse
1126 4018 1312 4088 prodit
1360 4028 1418 4074 et
1465 4019 1716 4075 dissolvit
1748 4035 1910 4076 omne
1941 4019 2162 4077 institu-

592 4119 707 4164 tum
747 4110 873 4164 mali
906 4110 1189 4177 daemonis,
1216 4127 1280 4167 ac
1306 4126 1471 4181 opera
1507 4112 1627 4183 ejus
1652 4112 1707 4167 in
1735 4113 2162 4184 cogitationibus

592 4211 937 4269 constructa;
960 4211 1015 4257 et
1045 4211 1267 4259 renovat
1294 4211 1459 4273 atque
1491 4202 1691 4258 format
1729 4204 2020 4275 imaginem
2054 4221 2165 4261 ca:-

595 4297 807 4361 lestem,
848 4304 904 4351 et
958 4295 1147 4351 condit
1172 4312 1369 4351 novam
1395 4297 1655 4363 animam,
1687 4306 1748 4352 ut
1775 4298 1949 4354 Adam
1979 4300 2163 4355 denuo

598 4387 692 4441 ﬁat
718 4403 813 4442 rex
837 4389 1030 4443 mortis
1044 4397 1099 4443 et
1114 4388 1370 4443 dominus
1396 4391 1946 4447 creaturarum.Etin
1972 4394 2164 4448 umbra

2254 3196 2487 3251 λευσενό
2519 3195 2766 3265 θάνατος,
2800 3198 2892 3251 καὶ
2924 3197 3105 3252 πᾶσαν
3132 3197 3318 3251 εἰκόνα
3344 3198 3442 3250 τοῦ
3479 3197 3651 3268 Ἀδὰμ
3682 3198 3808 3267 ἠφά-

2254 3304 2399 3342 νισεν
2424 3288 2489 3342 ἐκ
2520 3288 2619 3357 τῆς
2649 3289 2860 3343 ἐκείνου
2895 3291 3201 3361 παρακοῆς,
3222 3288 3366 3343 ὥστε
3406 3289 3680 3361 τραπῆναι
3702 3291 3809 3351 rei»;

2255 3380 2595 3451 ἀνθρώπους,
2631 3381 2727 3435 καὶ
2759 3382 2937 3436 ἐλθεῖν
2985 3384 3067 3447 είς
3111 3381 3487 3452 προσκύνησιν
3539 3381 3807 3450 δαιμόνων.

2268 3468 2399 3522 Ἰδοὺ
2425 3468 2534 3541 γὰρ
2564 3470 2613 3522 οί
2649 3470 2853 3542 καρποὶ
2888 3470 2989 3540 τῆς
3022 3471 3126 3541 γῆς
3150 3472 3199 3523 οί
3236 3470 3342 3522 ὑπὸ
3386 3469 3482 3523 τοῦ
3539 3469 3669 3524 Θεοῦ
3703 3488 3809 3522 κτι-

2260 3558 2479 3623 σθέντες
2511 3559 2714 3624 καλῶς,
2742 3562 3145 3632 προσφέρονται
3180 3564 3294 3623 τοῖς
3327 3561 3600 3630 δαίμοσιν.
3630 3563 3810 3631 Ἄρτον

2258 3650 2355 3705 καὶ
2376 3645 2539 3715 οἶνον,
2570 3652 2664 3704 καὶ
2696 3651 2871 3705 ἔλαιον
2894 3654 2951 3704 ἐν
2976 3655 3084 3716 τοῖς
3127 3652 3328 3722 βωμοῖς
3352 3652 3556 3712 αὑτῶν.
3589 3655 3680 3705 καὶ
3713 3653 3811 3715 ζιΞα

2259 3743 2597 3797 ἐπιτιθέασιν
2618 3760 2630 3773 ·
2662 3744 2723 3797 οὑ
2762 3744 2872 3815 μὴν
2895 3743 3032 3797 ἀλλά
3067 3745 3159 3797 καὶ
3183 3746 3309 3808 τοὺς
3334 3744 3484 3807 υίοὺς
3515 3744 3711 3805 αὑτῶν,
3731 3745 3811 3797 καὶ

2258 3837 2356 3900 τὰς
2391 3835 2699 3907 θυγατέρας
2730 3834 2928 3889 ἔθυσαν
2962 3838 3073 3898 τοῖς
3105 3835 3428 3901 δαιμονίοις.

2332 3930 2422 3995 ς’.
2455 3928 2565 3981 Νῦν
2596 3924 2688 3981 οῦν
2717 3927 2879 3991 αὐτὸς
2901 3929 2929 3981 ὁ
2964 3928 3177 3991 πλάσας
3200 3927 3260 3980 τὸ
3284 3926 3444 3998 σῶμα
3487 3928 3580 3981 καὶ
3612 3928 3707 3999 τὴν
3726 3927 3810 3996 6'.-

2261 4020 2381 4091 χὴν,
2412 4020 2573 4085 αὐτὸς
2602 4019 2823 4091 ἔρχεται
2853 4021 2947 4073 καὶ
2972 4020 3179 4074 διαλύει
3228 4022 3410 4074 πᾶσαν
3440 4020 3540 4091 τὴν
3566 4022 3812 4089 ἀναστροο

2263 4113 2368 4183 φὴν
2415 4110 2507 4164 τοῦ
2546 4111 2806 4181 πονηροῦ,
2847 4110 2943 4164 καὶ
2971 4110 3042 4164 τὰ
3085 4110 3223 4182 ἔργα
3264 4111 3430 4165 αὑτοῦ
3461 4112 3531 4164 τὰ
3555 4111 3811 4164 ἐπιτελοῦ-

2270 4220 2403 4273 μενα
2438 4203 2497 4255 ὲν
2524 4203 2637 4265 τοῖς
2666 4202 2970 4271 λογισμοῖς,
3014 4202 3110 4255 καὶ
3141 4203 3483 4265 ἀνακαινίζει
3509 4204 3603 4256 καὶ
3634 4206 3813 4273 μορςοί

2266 4295 2448 4348 εἰκόνα
2482 4292 2823 4365 ἐπουράνιον,
2853 4294 2946 4347 καὶ
2999 4298 3143 4347 ποιεῖ
3170 4294 3365 4365 καινὴν
3403 4294 3603 4367 ψυχὴν,
3628 4297 3714 4349 ἵνα
3735 4296 3813 4362 γέ-

2265 4404 2422 4456 νηται
2455 4384 2617 4439 πάλιν
2650 4384 2897 4455 βασιλεὺς
2927 4386 2955 4437 6
2992 4385 3164 4455 Ἀδὰμ
3195 4386 3287 4438 τοῦ
3316 4386 3570 4451 θανάτου,
3606 4387 3817 4440 x2119;-

597 4478 819 4547 qnidem
856 4478 990 4548 legis
1033 4478 1210 4535 Moses
1252 4478 1629 4548 appellabatur
1673 4491 1917 4537 servator
1951 4483 2115 4539 Israel

2272 4496 2382 4549 ριος
2411 4478 2522 4531 τῶν
2541 4478 2878 4547 κτισμάτων.
2917 4477 3025 4531 Καὶ
3076 4480 3134 4530 ἐν
3175 4481 3240 4549 τῇ
3293 4481 3421 4549 σκιᾷ
3443 4479 3500 4532 δὲ
3539 4480 3633 4533 τοῦ
3672 4479 3817 4547 νόμον

597 4572 787 4626 eduxit
831 4572 978 4625 enim
1014 4588 1108 4627 eos
1131 4588 1199 4628 ex
1224 4572 1481 4645 Egypto.
1514 4574 1605 4629 Sic
1637 4591 1854 4646 quoque
1900 4594 2047 4633 nunc
2068 4596 2165 4635 ve-

601 4681 693 4720 rus
724 4664 1059 4735 Redemptor
1106 4664 1359 4721 Christus
1404 4676 1654 4735 penetrat
1682 4668 1895 4723 occulta
1934 4671 2162 4738 animae,

599 4773 831 4827 eamque
868 4758 1018 4828 ejicit
1074 4773 1142 4813 ex
1170 4759 1459 4813 tenebrosa
1504 4758 1738 4832 Egypto
1762 4802 1777 4827 ,
1846 4763 2166 4834 gravissimo

595 4854 726 4923 jugo
747 4860 803 4905 et
832 4851 970 4906 dura
1013 4852 1297 4906 servitute.
1354 4851 1606 4922 Prmeipit
1648 4853 1815 4924 igitur
1855 4856 2055 4922 nobis,
2108 4867 2168 4913 ut

599 4942 947 5015 egrediantur
976 4958 1007 4998 e
1037 4943 1264 5008 mundo,
1292 4953 1347 4999 et
1380 4954 1757 5016 paupertatem
1783 4947 2167 5019 suscipiamus,

602 5036 805 5090 relictis
827 5036 1083 5091 omnibus
1130 5052 1253 5105 quae
1285 5035 1555 5103 videmus,
1583 5053 1687 5093 nec
1720 5038 2021 5096 habeamus
2068 5059 2169 5098 cu-

604 5142 717 5181 ram
745 5136 1044 5192 terrenam,
1070 5126 1164 5182 sed
1192 5136 1353 5182 nocte
1375 5126 1573 5197 dieque
1600 5128 1669 5183 ad
1686 5130 1908 5200 januam
1938 5141 2167 5199 stemus,

602 5227 657 5273 et
712 5226 1092 5288 exspectemus
1142 5218 1361 5287 quando
1415 5218 1679 5275 Dominus
1723 5223 1933 5292 aperiat
1984 5225 2169 5280 clausa

606 5312 790 5377 corda,
822 5320 878 5366 et
907 5311 1153 5366 etl‘undat
1184 5311 1239 5364 in
1274 5327 1371 5366 nos
1401 5312 1605 5367 donum
1645 5312 1883 5384 Spiritus
1913 5317 2109 5371 sancti.

684 5579 1008 5643 VllJussit,
1063 5596 1215 5650 ergo,
1265 5588 1323 5632 ut
1366 5580 1572 5635 relictis
1615 5596 1782 5645 auro,
1837 5589 2083 5652 argento,
2120 5595 2175 5636 et

680 5760 699 5788 '
730 5758 861 5813 Luc.
895 5776 982 5823 xv,
1016 5764 1067 5817 8.

2272 4570 2511 4641 Μωῦσῆς
2561 4570 2752 4641 Σωτὴρ
2821 4569 3140 4623 ἐπεκαλεῖτο
3182 4568 3274 4621 τοῦ
3316 4568 3565 4641 Ἰσραήλ⁶
3622 4570 3817 4637 ἐξέϐαλε

2272 4663 2379 4734 γάρ
2412 4662 2607 4724 αὐτοὺς
2644 4661 2710 4714 ἐκ
2737 4663 2835 4731 τῆς
2856 4659 3153 4729 Αἰγύπτου.
3198 4661 3355 4715 Οὕτω
3404 4665 3501 4715 καὶ
3536 4664 3677 4717 νῦνό
3706 4663 3818 4728 ἁλη-

2273 4756 2417 4818 θινὸς
2445 4755 2725 4824 λυτρωτὴς
2746 4754 2977 4824 Χριστὸς
3005 4754 3275 4824 διέρχεται
3306 4756 3386 4818 εἰς
3416 4756 3489 4808 τὰ
3516 4756 3717 4826 κρύφια
3737 4755 3820 4822 τῆς

2272 4846 2468 4917 ψυχῆς,
2504 4845 2599 4898 καὶ
2646 4844 2894 4897 ἐκϐάλλει
2943 4845 3007 4897 ἐκ
3060 4845 3157 4913 τῆς
3206 4849 3490 4916 σκοτεινῆς
3541 4846 3819 4913 Αἰγύπεον,

2274 4939 2369 4993 τοῦ
2402 4938 2701 5009 βαρυτάτου
2736 4936 2923 5005 ζυγοῦ,
2950 4939 3044 4990 καὶ
3068 4937 3166 5005 τῆς
3191 4941 3396 5009 πικράς
3422 4939 3686 4999 δουλείας.
3712 4930 3823 4993 ξεν-

2275 5030 2520 5084 τέλλεται
2544 5023 2637 5082 οὖν
2665 5029 2819 5097 ἡμῖν,
2852 5027 2993 5081 ὥστε
3025 5029 3259 5095 ἐξελθεῖν
3290 5032 3354 5082 ἐκ
3379 5029 3472 5082 τοῦ
3497 5030 3722 5099 κόσμον,
3744 5028 3822 5081 καὶ

2278 5121 2589 5191 πτωχεῦσαι
2632 5118 2741 5172 ἀπὸ
2794 5119 3015 5172 πάντων
3062 5120 3171 5174 τῶν
3218 5122 3585 5192 φαινομένων,
3618 5124 3709 5175 καὶ
3760 5120 3822 5189 μὴ

2278 5212 2421 5283 ἔχειν
2475 5212 2747 5283 μέριμναν
2797 5210 3013 5281 γηῖνην,
3066 5211 3203 5265 ἀλλά
3258 5212 3453 5275 νυκτὸς
3504 5214 3601 5265 καὶ
3634 5212 3822 5282 ἡμέρας

2275 5304 2565 5374 ἐστηκέναι
2598 5304 2677 5365 είς
2716 5301 2815 5371 τὴν
2849 5301 3019 5372 θύραν
3040 5343 3054 5367 ,
3099 5304 3195 5356 καὶ
3225 5303 3622 5374 ἀπεκδέχεσθαι
3658 5300 3821 5356 πόπό

2278 5397 2478 5466 Κύριος
2512 5394 2711 5460 ἀνοίξει
2765 5392 2865 5456 τὰς
2917 5393 3413 5464 συγκεκλεισμένας
3466 5396 3712 5467 καρδίας,
3746 5392 3822 5445 καὶ

2276 5492 2484 5560 ἐπιχεεῖ
2509 5490 2636 5561 ἡμῖν
2671 5487 2768 5558 τὴν
2800 5489 3009 5560 δωρεάν
3037 5492 3131 5545 τοῦ
3167 5492 3323 5559 ἁγίου
3347 5493 3685 5562 Πνεύματος.

2352 5585 2417 5636 Z'.
2457 5580 2621 5638 Εἶπεν
2678 5581 2775 5639 οὖν
2805 5585 3021 5653 ἀφιέναι
3075 5585 3296 5655 χρυσὸν,
3340 5586 3598 5655 ἄργυρον,
3650 5583 3820 5651 συγγί-
