3948 6530
175 365 181 367 __
192 365 285 432 5w

1408 352 1776 419 HOMlLI/E.
1806 376 1874 388 -·
1908 351 2094 413 ΗΟΜ.
2136 351 2240 413 XI.

3333 351 3439 416 550

191 500 351 549 νειαν,
387 479 638 548 πωλῆσαι
671 477 740 534 τὰ
766 477 1104 547 ὑπάρχοντα,
1155 475 1249 528 καὶ
1302 472 1578 528 διαδοῦναι
1611 487 1753 526 πτωο

1871 468 2106 539 cognatis
2132 510 2146 534 ,
2180 467 2484 527 vendamus
2534 465 2680 521 bona
2709 474 2917 528 nostra,
2957 474 3011 519 et
3043 464 3437 522 distribuamus

191 575 316 644 χοῖς,
344 570 441 623 καὶ
467 566 825 640 θησαυρίζειν
855 564 1014 630 αὑτὰ,
1043 561 1137 616 καὶ
1170 561 1352 632 ζητεῖν
1389 562 1473 624 εἰς
1508 561 1636 622 τοὺς
1669 557 1758 611 οὑ-

192 662 413 736 ρανούς·
439 661 624 714 Ὅπου
675 657 786 728 γὰρ
820 659 852 711 ὁ
902 655 1205 724 θησαυρός
1240 670 1377 720 σου,
1413 651 1546 706 ἐκεῖ
1585 650 1760 704 ἔσται

190 756 280 810 καί
314 755 353 824 ἠ
379 751 591 821 καρδία
609 765 744 805 σου.
781 749 935 820 ’ῌδει
967 747 1077 816 γὰρ
1107 746 1137 798 6
1157 744 1382 815 Κύριος,
1425 744 1508 797 ὅτι
1569 739 1726 796 ἐντεῦ
1747 769 1759 779 -

191 847 276 899 θεν
301 848 329 899 6
353 845 597 907 Σατανᾶς
624 841 896 911 κατισχίει
917 838 1026 892 τῶν
1060 836 1359 907 λογισμῶν,
1385 836 1480 889 τοῦ
1514 833 1757 904 καταφέ-

191 957 300 1014 ρειν
324 938 520 999 αὑτοὺς
552 937 634 998 είς
658 933 757 1004 τὴν
785 931 1042 1003 φροντίδα
1075 928 1180 983 τῶν
1210 926 1413 981 ὑλικῶν
1434 926 1528 980 καὶ
1555 925 1760 996 γηΐνων

190 1029 546 1102 πραγμάτων.
584 1025 684 1081 Διὰ
707 1023 866 1079 τοῦτο
889 1025 918 1076 6
950 1021 1084 1086 Θεὸς
1109 1019 1504 1091 προνοούμενος
1525 1017 1624 1087 τῆς
1651 1015 1782 1086 ψυο,

189 1125 288 1196 χῆς
314 1139 432 1187 σου,
463 1116 621 1174 εἶπεν
676 1114 1053 1180 ἀποτάξασθαι
1112 1113 1301 1176 πᾶσιν,
1355 1111 1444 1165 ἵνα
1473 1109 1569 1164 καὶ
1611 1108 1760 1163 ἄκων

188 1213 526 1285 ὲπιζητήσῃς
549 1211 642 1264 τὸν
662 1208 912 1280 οὑράνιον
943 1204 1194 1270 πλοῦτον,
1227 1203 1321 1257 καὶ
1349 1201 1480 1276 ἔχῃς
1505 1200 1605 1272 τὴν
1627 1215 1762 1268 καρ-

187 1309 302 1364 δίαν
337 1324 433 1360 σου
461 1304 600 1377 πρὸς
629 1303 725 1357 τὸν
753 1301 904 1355 Θεόν.
948 1297 1076 1352 Ἐἀν
1103 1295 1213 1368 γὰρ
1243 1295 1339 1349 καὶ
1364 1293 1600 1366 θελήσῃς
1639 1295 1762 1346 ἑπι-

190 1395 498 1470 στραφῆναι
517 1394 654 1467 πρὸς
683 1391 754 1446 τὰ.
790 1390 1090 1462 κτίσματα,
1136 1386 1290 1441 οὐδὲν
1333 1385 1614 1458 εὑρίσκεις
1654 1384 1762 1438 τῶν

187 1485 530 1558 φαινομένων
586 1480 947 1552 κεκτημένος.
1005 1477 1226 1542 Θέλεις,
1274 1475 1337 1529 οὑ
1387 1473 1588 1538 θέλεις,
1627 1474 1762 1526 ὅπου

186 1579 359 1634 ταῦτα
407 1573 776 1645 ἑθησαύρισας
807 1570 905 1625 κα)⁸
938 1570 1141 1626 ἀπέθου
1163 1608 1180 1634 ,
1207 1566 1507 1638 ἀναγκάζει
1547 1565 1763 1636 πέμψαι

185 1672 275 1724 τὸν
301 1668 426 1723 νοῦν
453 1685 546 1720 σου
580 1665 713 1737 πρὸς
756 1664 846 1718 τὸν
888 1663 1145 1734 οὑράνιον
1173 1677 1187 1691 ·
1226 1662 1412 1714 Ὅπου
1441 1659 1554 1728 τὰρ
1581 1660 1614 1713 ὁ
1658 1661 1763 1725 θη-

185 1756 416 1824 σαυρός
443 1769 581 1818 σου,
621 1751 743 1807 ἐκεῖ
767 1755 938 1807 ἐσται
967 1751 1068 1806 καὶ
1099 1751 1138 1819 ή
1170 1749 1384 1820 καρδία
1405 1766 1542 1803 σου.

1862 561 2198 631 pauperibus
2221 559 2262 624 ⁷,
2290 569 2346 614 et
2368 558 2688 632 colligamus
2714 571 2777 612 ea
2800 557 2855 612 in
2891 556 3244 622 thesaurum,
3285 572 3436 626 quat-
3472 597 3477 602 .

1862 667 2162 722 ramusque
2204 651 2262 706 in
2302 649 2458 707 caelis
2491 669 2505 706 :
2537 649 2632 706 Ubi
2675 651 2815 704 enim
2863 658 2938 703 est
2981 650 3257 703 thesaurus
3293 655 3432 713 tuus,

1860 741 1934 796 ibi
1967 753 2042 796 est
2093 750 2142 796 et
2187 757 2278 796 cor
2305 741 2514 795 tuum”.
2575 740 2741 795 Novit
2789 741 2937 795 enim
2971 739 3258 803 Dominus,
3291 739 3439 810 quod

1863 834 1989 888 inde
2020 833 2250 889 Satanas
2280 834 2504 889 roboret
2548 848 2606 889 se
2638 834 2930 888 adversum
2962 831 3342 904 cogitationes,
3376 839 3433 885 ιιι

1864 925 2115 979 traducat
2138 940 2232 980 eas
2257 925 2311 980 in
2340 924 2771 981 sollicitudinem
2807 941 2994 980 rerum
3030 924 3440 979 mundanarur.

1860 1020 1918 1067 et
1962 1021 2330 1069 terrenarum.
2365 1016 2664 1086 Propterea
2726 1017 2889 1082 Deus,
2928 1016 3019 1086 qui
3065 1031 3254 1070 curam
3301 1015 3443 1086 gerit

1862 1105 2059 1160 animae
2085 1112 2209 1171 tua},
2235 1107 2402 1178 jussu
2423 1108 2741 1163 renuntiare
2771 1109 3052 1174 omnibus,
3089 1119 3152 1164 ut
3186 1108 3272 1162 vel
3302 1107 3444 1163 invi-

1863 1204 1953 1252 tus
1980 1211 2194 1268 quaeras
2227 1197 2482 1252 caelestes
2533 1197 2774 1262 divitias,
2809 1207 2864 1252 et
2913 1198 3120 1254 habeas
3159 1214 3255 1254 cor
3286 1207 3441 1255 tuum

1862 1287 2008 1357 apud
2041 1287 2234 1342 Deum.
2264 1287 2526 1354 Quamvis
2551 1287 2699 1343 enim
2730 1288 2970 1344 volueris
3002 1290 3202 1344 reverti
3243 1291 3312 1345 ad
3354 1308 3443 1347 res

1863 1382 2096 1440 creatas,
2120 1376 2257 1431 nihil
2287 1387 2468 1432 tamen
2493 1392 2712 1444 eorum,
2735 1393 2857 1448 quae
2878 1378 3156 1445 videntur,
3193 1387 3244 1435 te
3266 1383 3444 1450 possi-

1863 1466 1994 1524 dere
2023 1467 2408 1539 deprehendes
2443 1485 2456 1522 :
2489 1469 2648 1535 velis,
2695 1470 2929 1534 nolisve,
2979 1471 3193 1540 cogeris
3222 1473 3443 1528 mittere

1864 1569 2103 1615 mentem
2132 1561 2201 1616 ad
2217 1561 2495 1617 caelestem
2516 1561 2856 1629 thesaurum,
2886 1562 2979 1617 ubi
3004 1578 3067 1616 ea
3094 1564 3356 1634 collegisti
3388 1575 3445 1619 et

1865 1652 2172 1724 deposuisti
2215 1671 2230 1708 :
2264 1655 2360 1712 Ubi
2393 1655 2533 1709 enim
2567 1665 2642 1709 est
2692 1656 2974 1711 thesaurus
3015 1667 3157 1723 tuus,
3198 1659 3268 1712 ibi
3294 1669 3367 1713 est
3395 1666 3446 1712 et

1866 1762 1956 1800 cor
1991 1755 2140 1802 tuum
2163 1747 2208 1780 '°

253 1817 341 1902 ΗῙ.
383 1817 494 1901 iisti.
537 1845 646 1916 γὰρ
705 1845 764 1898 ὲν
815 1843 896 1914 τῷ
934 1843 1086 1915 νόμῳ
1127 1817 1414 1898 ἐκέλευσεν
1443 1842 1471 1895 6
1500 1839 1633 1904 Θεὸς
1689 1837 1765 1909 τῷ

1937 1839 2073 1894 Vill.
2108 1838 2198 1894 Sic
2237 1839 2403 1895 etiam
2458 1840 2513 1894 in
2553 1841 2672 1913 lege
2721 1841 2979 1912 przecepit
3010 1843 3154 1898 Deus
3175 1841 3332 1908 Mosi,
3384 1851 3445 1897 ut

183 1940 430 2002 Μωΰσεῖ,
459 1936 548 1990 ἴνα
575 1936 778 2007 ποιήσῃ
796 1935 920 2005 ὅφιν
940 1933 1196 2006 χαλκοῦν,
1216 1933 1311 1987 καὶ
1339 1930 1528 1985 τοῦτον
1551 1928 1762 2000 ὑψώσῃ,

181 2030 279 2085 καὶ
300 2029 592 2101 προσπήξῃ
610 2030 690 2091 εἰς
706 2028 766 2081 τὸ
783 2027 1084 2098 ἀκρότατον
1099 2026 1193 2079 τοῦ
1214 2023 1392 2090 ξύλου’
1411 2022 1505 2078 κα)⁸
1523 2023 1638 2076 ὅσοι
1662 2021 1767 2076 ὑπὸ

180 2124 294 2178 τῶν
303 2124 482 2194 δφεων
493 2120 846 2192 ὲπλήσσοντο,
866 2121 1225 2192 προσέχοντες
1239 2103 1315 2189 τῷ
1331 2117 1451 2187 ὄφει
1466 2116 1542 2185 τῷ
1558 2115 1764 2189 χαλκῷ,

183 2216 389 2278 ἰάσεως
417 2213 736 2285 ἐτύγχανον.
767 2211 940 2267 Τοῦτο
981 2210 1342 2282 οικονομικῶς
1387 2209 1622 2278 ἐγίνετο,
1679 2209 1766 2261 ἵνα

179 2311 232 2364 oi
251 2307 617 2379 κατεχόμενοι
649 2307 731 2369 εἰς
756 2304 858 2369 τὰς
881 2304 1078 2375 γητνας
1107 2302 1401 2374 μερίμνας,
1436 2303 1533 2357 καὶ
1564 2302 1644 2366 εις
1669 2300 1767 2365 τὰς

177 2395 662 2468 είδωλολατρείας,
688 2396 790 2451 καὶ¹
823 2396 905 2460 εἰς
927 2393 1029 2458 τὰς
1063 2393 1258 2464 ἡδονὰς
1279 2393 1374 2448 τοῦ
1401 2395 1637 2457 Σατανᾶ,
1673 2395 1768 2448 καὶ

180 2491 262 2552 εἰς
293 2490 485 2542 πᾶσαν
506 2487 787 2552 ἀσέϐειαν,
812 2485 904 2539 διὰ
944 2484 1132 2538 τούτου
1167 2482 1261 2538 τοῦ
1290 2485 1494 2554 τρόπου
1526 2485 1768 2556 μερικῶς

180 2597 307 2644 πως
339 2579 691 2649 ἀνακύψωσιν
730 2577 824 2631 ἐπὶ
846 2576 915 2630 τὰ
949 2577 1081 2642 ἄνω,
1115 2576 1208 2629 καὶ
1238 2575 1611 2646 ἀναψύξαντες
1661 2575 1770 2629 ἀπὸ

176 2673 293 2726 τῶν
322 2673 478 2726 κάτω
500 2671 843 2743 προσέχωσιν
877 2669 973 2722 ἐπὶ
1000 2671 1068 2722 τὰ
1097 2668 1300 2738 ὑψηλὰ,
1345 2669 1442 2721 καὶ
1479 2667 1643 2720 πάλιν
1675 2668 1771 2721 ἀπ’

176 2765 422 2820 ἐκείνων
444 2762 793 2834 προκόψουσιν
841 2764 920 2823 εἰς
963 2760 1023 2813 τὸ
1069 2743 1405 2830 ὑψήλότατον
1427 2774 1441 2790 ·
1473 2759 1568 2812 καὶ
1598 2758 1772 2821 οὕτως

177 2856 338 2912 κατᾶ
367 2855 567 2927 μικρὸν
617 2854 1020 2926 προκόπτοντες
1063 2853 1144 2915 εἰς
1185 2851 1245 2905 τὸ
1303 2849 1634 2922 ὑψηλότερον
1679 2851 1772 2904 καὶ

177 2945 472 3017 ἀνώτερον
505 2945 662 3013 γένος
717 2941 1178 3010 ὲπιγινώσκωσιν,
1226 2941 1308 2994 ὅτι
1356 2941 1507 2994 ἐστὶν
1551 2940 1773 3010 ὕψιστος

176 3039 345 3110 παρά
380 3041 564 3093 πᾶσαν
591 3038 691 3109 τὴν
709 3039 907 3092 κτίσιν.
939 3035 1097 3091 Οὕτω
1121 3036 1217 3092 καὶ
1244 3035 1304 3089 σὲ
1341 3035 1595 3090 ἐκέλευσε
1626 3051 1774 3088 πτω-

1868 1933 2072 1985 taceret
2131 1941 2441 2002 serpentem
2489 1949 2722 1999 aeneum,
2771 1944 2826 1989 et
2858 1934 3011 1989 illum
3063 1936 3329 1991 exaltaret
3381 1951 3446 1991 ac

1869 2021 2114 2094 aﬂigeret
2160 2023 2228 2078 ad
2270 2024 2645 2080 summitatem
2693 2027 3014 2098 iigui‘°:et
3043 2028 3362 2101 quicunque
3414 2045 3446 2084 a

1869 2114 2226 2184 serpentibus
2280 2115 2775 2185 percutiebantur,
2823 2119 3104 2174 intuentes
3152 2119 3207 2173 in
3231 2134 3444 2174 aeneum

1868 2213 2207 2273 serpentem,
2242 2204 2512 2260 medelam
2545 2207 3044 2277 consequebantur.
3079 2207 3303 2279 Hocque
3336 2225 3445 2263 non

1868 2297 2075 2368 absque
2105 2298 2515 2369 dispensatione
2544 2299 2729 2367 ﬁebat,
2750 2309 2808 2356 ut
2830 2302 2922 2372 qui
2956 2303 3193 2358 terrenis
3211 2303 3362 2359 curis
3385 2318 3449 2358 ac

1865 2388 2207 2454 idololatria,
2251 2400 2415 2461 atque
2469 2393 2847 2463 voluptatibus
2880 2393 3131 2460 Satanae,
3188 2396 3448 2466 omnique

1873 2481 2154 2550 impietate
2179 2482 2417 2539 districti
2441 2492 2645 2552 essent,
2683 2485 2788 2541 hoc
2821 2486 3016 2542 saltem
3047 2487 3210 2542 modo
3242 2487 3452 2558 aliqua-

1873 2580 2036 2629 tenus
2097 2577 2439 2645 respicerent
2487 2579 2772 2646 superiora
2801 2620 2815 2646 ,
2862 2588 2919 2635 et
2977 2580 3048 2636 ab
3095 2579 3452 2639 inferioribus

1873 2667 2210 2737 respirantes
2255 2669 2323 2724 ad
2366 2671 2620 2726 sublimia
2655 2672 3026 2741 attenderem,
3056 2685 3112 2730 et
3149 2692 3342 2731 rursus
3381 2677 3452 2731 ab

1875 2759 1985 2814 illis
2024 2761 2361 2830 proﬁcerent
2383 2763 2449 2817 ad
2474 2764 2802 2820 altissimum
2831 2775 2916 2820 :et
2939 2766 3010 2820 ita
3037 2766 3302 2837 paulatim
3325 2784 3454 2840 pro-

1873 2854 2187 2925 gredientcs
2223 2855 2290 2910 ad
2347 2855 2727 2912 sublimiorem
2774 2869 2828 2913 et
2885 2859 3227 2930 superiorem
3261 2877 3456 2932 proge-

1874 2946 2044 3010 niem,
2075 2955 2470 3018 cognoscerent
2516 2964 2639 3004 esse
2674 2950 2964 3018 quemdam
2999 2951 3325 3006 altissimum
3360 2969 3456 3007 su-

1875 3052 1973 3107 pra
1997 3053 2216 3092 omnem
2268 3049 2600 3093 creaturam.
2651 3039 2744 3094 Sic
2769 3055 2989 3110 quoque
3025 3050 3076 3096 te
3111 3042 3275 3112 jussit
3313 3044 3458 3097 Deus

175 3134 280 3203 χόν
301 3131 585 3202 γενέσθαι,
604 3131 701 3184 καὶ
722 3131 902 3184 πάντα
925 3129 1256 3202 πωλήσαντα
1288 3127 1469 3184 δοῦναι
1513 3131 1768 3199 πτωχοῖς,

1878 3146 2176 3202 pauperem
2211 3131 2362 3197 fieri,
2406 3142 2463 3187 et
2503 3131 2688 3186 omnia
2746 3132 3075 3188 vendentem
3119 3135 3458 3204 pauperibus

174 3227 277 3280 ἵνα
319 3224 513 3278 λοιπὸν
552 3223 658 3278 κᾶν
707 3222 943 3296 θελήσῃς
989 3225 1142 3278 κάτω
1201 3222 1362 3294 ῥέψαι
1400 3224 1493 3277 ἐπὶ
1521 3224 1619 3294 τῆς
1650 3222 1776 3294 γῆς,

176 3318 261 3389 μὴ
301 3317 568 3389 δυνηθῇς.
600 3317 932 3390 Ἐρευνήσας
957 3317 1065 3390 γὰρ
1086 3319 1145 3373 ὲν
1165 3321 1230 3390 τῇ
1258 3317 1457 3390 καρδίᾳ
1481 3335 1574 3372 σου
1609 3318 1776 3388 ἄρχου

172 3409 333 3480 μετὰ
364 3408 480 3462 τῶν
508 3408 787 3479 λογισμῶν
815 3425 909 3462 σου
927 3407 1294 3478 διαλέγεσθαι,
1320 3409 1464 3476 [Iap‘
1494 3409 1523 3462 ὃ
1547 3408 1645 3462 ἐπὶ
1671 3407 1779 3476 τῆς

169 3501 302 3571 γῆς
344 3499 532 3554 οὐδὲν
584 3502 826 3570 ἔχομεν,
871 3501 1105 3571 ἄγωμεν
1153 3501 1304 3570 πρὸς
1355 3502 1463 3555 τὸν
1493 3499 1775 3569 οὐρανὸν,

165 3591 347 3645 ὅπου
367 3591 588 3660 ἔχομεν
614 3591 722 3643 τὸν
744 3589 1076 3659 θησαυρὸν,
1112 3591 1264 3645 ὅπου
1287 3590 1778 3661 ἐπραγματευσά-

157 3687 362 3754 μεθα.
399 3685 662 3754 Ἀρχεται
699 3685 727 3737 6
759 3681 882 3747 νοῦς
913 3700 1007 3736 σου
1040 3683 1322 3737 ἀνανεύειν
1358 3683 1496 3754 πρὸς
1529 3683 1590 3736 τὸ
1623 3681 1776 3753 ὕψος,

161 3776 275 3830 καὶ
297 3774 594 3843 ἐπιζητεῖν
615 3775 686 3828 τὰ
709 3773 980 3845 ἀνώτερα,
1011 3775 1108 3829 καὶ
1133 3774 1465 3846 προκόπτειν
1493 3776 1550 3826 ὲν
1577 3776 1775 3845 τούτῳ.

244 3868 340 3923 6'.
379 3868 449 3921 Ti
496 3867 556 3921 δὲ
607 3871 758 3922 ἐστιν
801 3869 829 3920 6
878 3866 1071 3940 νεκρὸς
1110 3867 1254 3937 ὕφες,
1284 3868 1313 3921 6
1347 3867 1781 3941 προσπεπηγμέ-

1879 3221 2090 3293 largiri,
2114 3230 2176 3278 ut
2207 3230 2416 3292 postea,
2449 3221 2493 3276 si
2532 3221 2668 3277 velis
2705 3221 2888 3277 denuo
2920 3238 3114 3292 repere
3143 3238 3311 3293 super
3343 3231 3455 3278 ter-

1880 3329 2019 3380 ram,
2053 3330 2161 3368 non
2183 3315 2381 3385 possis.
2409 3313 2675 3369 Scrutaris
2709 3329 2840 3384 ergo
2871 3313 2926 3368 in
2947 3313 3114 3369 corde
3136 3323 3251 3380 tuo,
3275 3315 3458 3384 incipe

1880 3421 2007 3460 cum
2050 3405 2474 3477 cogitationibus
2527 3406 2635 3460 tuis
2663 3405 2993 3476 disputare:
3037 3405 3169 3462 Cum
3223 3407 3356 3462 nihil
3402 3409 3457 3462 in

1881 3498 2037 3552 terris
2074 3497 2454 3568 possideamus,
2494 3483 2826 3551 transeamus
2864 3497 2967 3568 41
3011 3497 3080 3550 ad
3121 3497 3332 3562 mlum,
3372 3498 3461 3552 ubi

1880 3589 2132 3643 habemus
2163 3590 2491 3654 thesaurum,
2517 3599 2566 3643 et
2604 3590 2690 3643 ubi
2738 3589 2989 3660 negotiati
3023 3606 3224 3643 sumus.
3259 3590 3458 3660 Incipit

1881 3697 2039 3736 mens
2064 3692 2155 3736 tua
2181 3681 2248 3736 ad
2269 3681 2526 3736 sublimia
2554 3695 2860 3752 emergere,
2891 3689 2948 3735 et
2987 3681 3272 3735 suoeriora
3301 3680 3459 3735 inda-

1881 3789 2010 3846 gare
2049 3783 2105 3830 et
2133 3773 2186 3828 in
2211 3789 2278 3829 eo
2298 3773 2588 3844 prolicere.

1955 3867 2047 3922 lX.
2087 3865 2292 3922 Verum
2316 3866 2448 3936 quid
2483 3865 2665 3920 innuit
2692 3879 2917 3936 serpens
2940 3865 3030 3920 ille
3060 3874 3329 3932 mortuus,
3361 3865 3455 3936 qui

157 3975 263 4022 νος
296 3959 394 4018 είς
428 3956 491 4010 τὸ
518 3957 822 4028 ἁκρῦτατον
855 3957 949 4011 τοῦ
977 3956 1158 4024 ξύλου,
1211 3959 1327 4012 ἰᾶτο
1387 3959 1514 4022 τοὺς
1557 3958 1768 4028 πεπλη-

1884 3960 2206 4016 sublimitati
2239 3961 2370 4032 ligni
2392 3960 2608 4027 affixus,
2631 3961 2858 4016 sanabat
2879 3975 3167 4030 percussos
3184 3959 3208 4013 ?
3223 3959 3460 4030 Serpens

155 4049 474 4120 γμένους;
502 4051 531 4101 ὁ
554 4048 746 4120 νεκρὸς
777 4048 901 4118 ὄφις
923 4047 1052 4112 τοὺς
1085 4049 1298 4114 ζῶντας
1319 4049 1492 4116 ἐνίκα,
1523 4049 1664 4104 ὥστε
1682 4049 1768 4103 τύ-

1883 4055 1976 4110 ille
2016 4063 2267 4110 mortuus
2282 4054 2437 4109 vivos
2463 4053 2778 4124 superabat,
2824 4061 2885 4108 ut
2911 4063 3070 4125 typus
3105 4053 3176 4109 sit
3211 4054 3462 4124 corporis

157 4157 272 4204 1:0;
305 4141 442 4194 ἐστὶ
467 4139 562 4194 τοῦ
588 4139 842 4211 σώματος
895 4139 991 4194 τοῦ
1027 4141 1260 4213 Κυρίου.
1288 4140 1364 4195 Τδ
1399 4141 1562 4213 σῶμα
1609 4143 1720 4213 γὰρ
1753 4142 1768 4195 ξ

1884 4147 2126 4203 Domini.
2172 4145 2387 4216 Corpus
2426 4145 2572 4200 enim
2625 4145 2769 4212 quod
2813 4145 3111 4216 assumpsit
3156 4162 3223 4200 ex
3267 4145 3458 4208 Maria,

152 4231 396 4286 ἐλαϐεν
450 4233 515 4285 ἐκ
557 4231 657 4301 τῆς
715 4233 960 4304 Μαρίας,
1024 4235 1328 4306 ἀνήνεγκεν
1374 4233 1506 4288 αὑτὸ
1542 4235 1635 4288 ἐπὶ
1686 4236 1768 4288 τοῐ

1883 4237 2142 4293 exaltavit
2174 4237 2229 4291 in
2259 4249 2446 4300 cruce,
2473 4235 2759 4306 suspendit
2804 4243 2859 4290 et
2882 4233 3052 4288 aﬂixit
3089 4234 3239 4305 ligno
3265 4251 3278 4288 :
3303 4243 3360 4289 ct
3384 4233 3460 4290 ita

150 4321 466 4396 σταυροῦ,
524 4324 617 4377 καὶ
645 4324 944 4395 ἐκρέμασε,
1006 4325 1103 4380 καὶ
1147 4325 1495 4398 προσεπηξεν
1535 4327 1628 4380 ἐπὶ
1685 4327 1768 4381 τοῐ

1883 4322 2196 4400 serpentem
2239 4328 2294 4382 in
2343 4327 2506 4382 corde
2549 4326 2826 4381 viventem
2848 4333 3212 4396 etrepentem
3260 4341 3463 4396 corpus

143 4413 378 4482 ξύλου,
409 4414 505 4468 καὶ
542 4413 632 4466 τὸν
659 4415 717 4466 ὲν
740 4417 806 4485 τῇ
839 4415 1040 4485 καρδίᾳ
1066 4415 1190 4484 ὅφιν
1211 4415 1387 4480 ζῶντα
1422 4416 1518 4470 καὶ
1543 4416 1768 4487 ἔρποντο

1885 4429 2163 4476 mortuum
2201 4419 2404 4474 vicitet
2434 4419 2653 4474 occidit.
2682 4418 2781 4473 llic
2807 4417 3132 4471 miraculum
3159 4433 3414 4488 maguum
3444 4419 3458 4470 ι

140 4507 390 4580 νεκρὸν
448 4505 608 4577 σῶμα
657 4505 877 4578 ἐνίκησε
924 4507 1019 4560 καὶ
1050 4506 1393 4562 ἀπέκτεινεν.
1426 4501 1552 4561 Ὧδε
1595 4507 1768 4577 θαῦμα

1886 4511 2164 4582 quomodo
2215 4525 2445 4581 serpens
2497 4520 2748 4565 mortuus
2793 4509 3058 4565 occiderit
3118 4509 3340 4564 vivum!
3393 4509 3466 4563 At

142 4602 488 4672 μέγιστον,
521 4599 638 4663 πῶς
670 4600 698 4652 6
719 4598 913 4669 νεκρὸς
939 4598 1064 4668 ὄφις
1101 4599 1193 4653 τὸν
1226 4600 1405 4664 ζῶντα
1435 4599 1768 4666 ἀπέκτεινε-ις

1886 4601 2349 4673 quemadmodum
2389 4601 2520 4656 fecit
2546 4601 2723 4656 Moses
2765 4616 2968 4655 novum
3019 4615 3178 4671 opus,
3223 4616 3348 4655 cum
3388 4602 3463 4654 si-

134 4695 284 4750 ἀλλ’
315 4693 395 4747 ὃν
416 4693 618 4762 τρόπον
633 4691 854 4763 ἐποίησε
874 4693 1114 4760 Μωὺσῆς
1135 4692 1318 4745 καινὸν
1337 4691 1768 4764 ἔργον,ὁμοίωμο

1887 4694 2260 4749 militudinem
2311 4693 2422 4748 vivi
2477 4693 2748 4763 serpentis
2787 4693 3066 4764 elliugeret
3091 4709 3104 4746 :
3133 4693 3213 4747 sic
3243 4706 3463 4762 quoque

130 4787 252 4842 τοῦ
293 4784 531 4850 ζῶντος
554 4783 729 4853 ὄφεως
756 4786 984 4854 ποιήσας
1004 4797 1020 4814 ⁸
1055 4782 1197 4837 οὑτω
1219 4785 1311 4837 καὶ
1364 4787 1392 4838 ὁ
1423 4784 1626 4855 Κύριος
1655 4803 1768 4838 καις

1886 4786 2154 4842 Dominus
2201 4801 2406 4840 novum
2456 4800 2596 4854 Opus
2623 4795 2689 4838 ex
2740 4783 2910 4839 Maria
2938 4783 3224 4849 condidit,
3260 4792 3316 4838 et
3359 4784 3463 4839 hoc

130 4878 245 4933 νὺν
277 4878 480 4948 ἔργον
511 4877 575 4927 ὲκ
605 4875 708 4943 τῆς
741 4874 960 4944 Μαρίας
990 4873 1236 4944 ἐποίησε,
1276 4875 1370 4928 καὶ
1406 4875 1567 4929 τοῦτο
1599 4875 1768 4930 ἐνεδύ-

1886 4883 2085 4947 induit,
2117 4897 2228 4936 non
2258 4861 2440 4936 autem
2465 4880 2650 4934 attulit
2684 4895 2886 4950 corpus
2911 4895 2977 4934 ex
3003 4879 3163 4934 caelo.
3197 4876 3461 4946 Spiritum

128 4990 300 5027 σατο
388 4967 518 5023 ἀλλ’
575 4968 674 5022 οὑκ
703 4969 901 5038 ἤνεγκε
951 4969 1014 5022 τὸ
1077 4970 1236 5039 σῶμα
1290 4969 1351 5034 ἐξ
1411 4971 1670 5042 ούρανοῦ·
1721 4971 1768 5025 τί

1888 4981 2188 5043 οωΙεειοῐη,
2219 4979 2312 5048 qui
2358 4977 2624 5032 Adamum
2654 4975 3086 5047 ingrediebatur,
3125 4973 3353 5036 ereavit,
3407 4983 3464 5028 et

127 5061 432 5130 Πνεῦμα.
485 5059 546 5112 τὸ
583 5059 837 5130 οὐράνιον
888 5061 948 5114 ὲν
975 5059 1056 5132 τῷ
1091 5061 1260 5131 Ἀδὰμ
1303 5062 1546 5116 εἰσελθὸν
1593 5063 1768 5134 εἱργὰι

1886 5072 2035 5128 hunc
2059 5068 2700 5141 permiscuitdivinitati,
2731 5075 2787 5122 et
2826 5065 3005 5120 induit
3021 5079 3242 5120 carnem
3272 5063 3466 5117 huma-

121 5174 324 5220 σατο,
357 5151 484 5206 ικαὶ
514 5150 705 5205 τοῦτον
748 5151 1077 5224 συνεκέρασε
1130 5156 1196 5223 τῇ
1231 5153 1446 5224 θεότητι
1474 5156 1568 5209 καὶ
1603 5154 1768 5209 ὲνεδύε

1885 5180 2034 5227 nam,
2059 5179 2291 5234 eamque
2315 5161 2574 5216 formavit
2600 5161 2652 5214 in
2683 5169 2864 5214 utero.
2893 5157 3048 5213 Sicut
3073 5172 3204 5227 ergo
3233 5171 3462 5225 serpen-

120 5269 318 5315 σατο,
368 5244 740 5315 ἀνθρωπίνην
770 5244 969 5316 σάρκα,
1001 5246 1095 5299 καὶ
1135 5245 1459 5316 ὲμὺρφωσεν
1489 5249 1547 5301 ἐν
1581 5250 1648 5317 τῇ
1681 5249 1768 5319 μή·

1889 5263 1996 5308 lem
2041 5267 2254 5306 :eueum
2306 5266 2480 5319 usque
2516 5248 2583 5302 ad
2623 5247 2806 5301 Mosen
2851 5261 2962 5299 non
2992 5244 3154 5316 jussit
3202 5243 3465 5297 Dominus

112 5361 279 5415 τρᾳ.
331 5339 580 5406 Ὠσπερ
627 5335 720 5391 οὑν
776 5336 900 5406 ὃφις
949 5337 1186 5408 χαλκοῦς
1219 5337 1323 5403 ἕως
1373 5339 1469 5393 τού
1505 5340 1768 5405 Μωῦσέως

1891 5344 1944 5398 in
1979 5343 2186 5397 mundo
2216 5342 2334 5396 ﬁeri
2361 5359 2373 5394 :
2406 5342 2478 5394 ita
2497 5352 2698 5409 corpus
2724 5352 2926 5392 novum
2957 5344 3014 5390 et
3042 5335 3467 5406 peceatiexpcrs

111 5437 244 5490 οὐκ
285 5429 594 5500 ὲκελεύθη
629 5429 736 5482 ὑπὸ
768 5429 862 5482 τοῦ
913 5429 1120 5502 Κυρίου
1167 5431 1226 5483 ὲν
1260 5433 1452 5503 κόσμῳ
1484 5435 1768 5501 γενέσθαι·

1891 5451 2066 5506 usque
2098 5430 2488 5489 ad'Dominum
2532 5447 2641 5486 non
2674 5427 2926 5501 apparuit
2965 5427 3021 5482 in
3052 5427 3278 5481 mundo.
3311 5426 3465 5479 Post-

108 5529 302 5586 οὕτω
354 5523 450 5594 δὴ
493 5522 650 5592 σῶμα
707 5523 892 5575 καινὸν
938 5521 1034 5576 καὶ
1091 5522 1498 5595 ἀναμάρτητον,
1539 5525 1646 5589 ἕως
1687 5526 1768 5580 τοί

1889 5544 2050 5599 quam
2081 5527 2227 5583 enim
2262 5527 2475 5596 primus
2495 5524 2666 5579 Adam
2695 5522 3010 5577 mandatum
3041 5519 3137 5575 Dei
3166 5529 3461 5589 transgres-

110 5621 394 5692 Κυρίου
440 5615 546 5669 οὐκ
602 5615 772 5686 ἐφάνη
805 5616 864 5669 ὲν
915 5613 992 5687 τῷ
1042 5615 1253 5688 κόσμῳ.
1294 5618 1647 5692 Παραϐάντος
1675 5621 1768 5693 γὰε

1889 5636 1984 5678 sus
2003 5629 2106 5688 est,
2139 5617 2389 5692 regnavit
2420 5633 2569 5674 mors
2595 5616 2648 5672 in
2685 5615 2978 5673 universos
3008 5612 3129 5685 ejus
3160 5612 3302 5669 ﬁlios
3327 5629 3340 5667 :
3367 5627 3462 5667 su-

199 5799 229 5835 ⁷
267 5792 520 5854 Matth.
552 5809 664 5860 xu,
692 5793 782 5848 20.
859 5795 878 5827 ⁸
903 5795 1093 5852 Matth.
1127 5813 1200 5865 vr,
1229 5797 1320 5852 2|.
