3948 6536
165 355 270 420 553

1402 341 1769 414 HOMILIIE.
1793 375 1864 387 ’-

1892 338 2079 412 ΗΟΜ.
2119 349 2216 410 XI.
3322 349 3428 417 554

169 476 263 528 καὶ
288 473 336 528 ol
362 471 583 542 ἄγγελοι
612 469 780 526 αὐτοῦ
817 469 935 524 εκεῖ
971 467 1349 541 ιμιρωλεύωσι,
1376 467 1470 522 καὶ
1495 468 1625 522 ὅταν
1647 467 1747 531 τὰς
1778 519 1782 531 ,

1891 465 2075 536 licque
2102 463 2222 519 vias
2245 471 2298 518 et
2328 461 2525 518 itinera
2553 461 2916 530 confecerint,
2949 465 3428 536 quibuslnambu—

169 563 388 635 τρίϐους
419 563 514 617 καὶ
539 562 638 627 τὰς
665 562 869 625 διόδους
915 563 1033 616 tu!
1061 559 1349 626 ποιῶνται,
1391 561 1524 612 ὅπου
1572 560 1745 629 ἐμπε-

175 655 494 728 ριπατοῦσιν
522 657 578 708 αἱ
603 653 859 724 δυνάμεις
887 652 982 706 τοῦ
1013 653 1227 706 Σατανᾶ
1250 653 1330 716 είς
1357 651 1448 705 τὸν
1469 649 1594 705 νοῦν
1625 666 1743 714 σου,

175 748 270 801 καὶ
302 749 381 811 είς
424 746 550 809 τοὺς
579 743 875 814 λογισμούς
913 759 1034 808 σου,
1065 743 1190 813 οὐχὶ
1211 741 1368 814 ᾅδης,
1421 742 1518 796 καὶ
1550 741 1744 810 τάφος,

179 839 275 892 καὶ
308 838 595 908 μνημεῖον,
654 835 748 888 καὶ
797 834 992 905 νεκρὸς
1029 828 1081 886 εἴ
1119 830 1199 903 τῷ
1241 830 1396 902 Θεῷ;
1441 831 1557 884 ἐκεῖ
1585 829 1696 900 γὰρ
1719 829 1750 882 6

181 931 425 992 Σατανᾶς
458 927 719 1000 ἀργύριον
753 925 1010 996 ἀδόκιμον
1049 923 1338 995 ἐχάραξεν.
1374 923 1463 975 Ἐν
1493 923 1560 992 τῇ
1608 921 1754 991 ψυχῇ

180 1021 355 1092 ταύτῃ
397 1021 616 1090 ἔσπειρε
651 1018 943 1089 σπέρματα
996 1017 1222 1088 πικρίας
1251 1033 1267 1048 ο
1301 1014 1550 1085 ὲζύμωσε
1605 1010 1753 1082 ζύμη

185 1114 424 1184 παλαιᾷ·
470 1111 620 1182 βρύει
648 1113 766 1164 ἐκεῖ
798 1109 952 1179 πηγὴ
983 1107 1268 1179 βορϐόρου.
1307 1105 1569 1176 Ἔρχεται
1603 1099 1694 1158 οῦν
1729 1104 1758 1156 6

186 1205 393 1276 Κύριος
423 1206 500 1266 είς
527 1202 624 1266 τὰς
652 1200 1019 1272 ἐπιζητούσας
1049 1199 1212 1254 αὑτὸν
1231 1198 1432 1268 ψυχὰς,
1461 1197 1544 1260 είς
1572 1196 1633 1248 τὸ
1663 1195 1761 1264 βά-

188 1297 281 1359 Θος
310 1295 402 1350 τοῦ
443 1294 568 1366 ᾅδου
607 1297 704 1364 τῆς
734 1292 986 1363 καρδίας,
1021 1292 1182 1344 κάκεῖ
1208 1289 1538 1361 προστάσσει
1559 1285 1636 1357 τῷ
1663 1285 1764 1339 θα-

187 1388 336 1459 νάτῳ
364 1388 556 1455 λέγων,
593 1385 852 1439 Ἔκϐαλε
878 1383 985 1450 τὰς
1003 1381 1508 1453 ενι-κεκλεισμένας
1533 1377 1762 1447 ψυχὰς,

189 1482 298 1546 τὰς
325 1481 430 1551 ἐμὲ
457 1479 874 1544 ἐπιζητούσης,
923 1476 998 1541 ἀς
1039 1474 1308 1545 κατέχεις
1341 1473 1574 1538 βιαιως.
1604 1471 1768 1540 Διαῤ-

192 1575 386 1644 ρήσσει
417 1571 510 1626 οὖν
528 1571 656 1634 τοὺς
676 1570 861 1640 βαρεῖς
887 1568 1068 1631 λίθους
1091 1564 1474 1635 ἐπικειμένους
1500 1564 1568 1632 τῇ
1591 1560 1761 1630 ψυχῇ,

1850 557 1967 613 lent
1996 563 2293 626 potestates
2326 554 2540 611 Satanae
2569 556 2626 612 in
2649 564 2833 614 mente
2862 565 2974 621 tua,
2999 566 3054 612 et
3080 558 3431 627 cogitationi-

1851 647 1956 703 bus
1982 647 2110 711 tuis,
2160 662 2343 702 nonne
2366 647 2634 712 infernus,
2682 658 2740 704 et
2773 649 3110 718 sepulcrum,
3145 658 3203 703 et
3240 665 3435 704 monu-

1856 749 2124 802 mentum,
2150 747 2204 793 et
2232 747 2483 794 mortuus
2503 740 2614 794 Deo
2641 740 2739 795 es?
2777 741 2894 795 lllic
2915 741 3063 794 enim
3093 739 3323 795 Satanas
3342 755 3434 793 ar-

1855 841 2077 902 gentum
2136 832 2433 902 reprobum
2464 832 2740 902 impressit
2781 850 2793 887 :
2825 833 2880 887 ln
2913 832 3093 887 anima
3124 832 3227 886 hac
3267 830 3434 886 semi-

1857 922 2227 978 navitsemina
2251 939 2456 986 amara.
2484 933 2539 978 et
2557 924 3191 980 fermentavitfermento
3218 923 3432 988 veteri;

1860 1015 2092 1070 scaturit
2124 1014 2235 1069 illic
2261 1015 2383 1069 f‘ons
2414 1016 2538 1070 luti.
2580 1016 2876 1072 Descendit
2908 1032 3040 1087 ergo
3087 1015 3354 1070 Dominus
3381 1014 3437 1068 in

1859 1103 2070 1158 animas
2102 1119 2228 1158 eum
2252 1104 2618 1174 inquirentes,
2652 1107 2706 1161 in
2767 1106 3200 1176 profunditatem
3231 1102 3434 1159 inferni

1859 1194 2063 1257 cordis,
2096 1195 2318 1264 illicque
2366 1196 2587 1250 mandat
2633 1197 2816 1262 morti,
2846 1198 3036 1252 dicens
3064 1217 3076 1251 :
3103 1197 3301 1252 Emitte
3324 1196 3441 1248 ani-

1869 1302 1986 1342 mas
2005 1286 2242 1340 inclusas
2268 1303 2352 1340 me
2373 1298 2688 1358 quwrentes,
2721 1306 2852 1359 quas
2872 1291 2919 1343 vi
2942 1289 3160 1343 detines.
3190 1291 3444 1345 Perrum-

1869 1377 1951 1446 pit
1981 1378 2148 1448 igitur
2186 1391 2383 1449 graves
2425 1379 2634 1448 lapides
2683 1379 2970 1450 impositos
3014 1381 3231 1444 animae,
3265 1380 3445 1450 aperit

1871 1476 2244 1532 monumenta,
2297 1469 2588 1523 resuscitat
2616 1483 2746 1523 vere
2804 1478 3082 1526 mortuum
3110 1479 3166 1526 et
3185 1469 3374 1525 educit
3411 1483 3445 1525 e

1871 1573 2094 1614 carcere
2129 1559 2424 1613 tenebroso
2447 1560 2682 1613 animam
2718 1560 3006 1616 inclusam.

189 1667 401 1735 ἀνοίγει
449 1666 517 1719 τὰ
569 1666 843 1736 μνημεῖα,
889 1663 1085 1734 ἀνιστᾷ
1132 1661 1223 1715 τὸν
1271 1659 1523 1730 ἀληθινὸν
1570 1655 1763 1726 νεκρὸν
1793 1692 1808 1719 ,
1849 1654 2099 1708 ἐκϐάλλει
2166 1657 2231 1708 ὲκ
2269 1657 2368 1724 τῆς
2424 1657 2704 1727 σκοτεινῆς
2747 1657 2991 1729 φυλακῆς
3027 1656 3124 1730 τὴν
3169 1656 3448 1726 ἐγκεκλειο

198 1763 410 1834 σμένην
441 1762 640 1832 ψυχήν.

265 1901 370 1956 IB'.
403 1902 501 1954 'Ov
539 1899 738 1972 τρόπον
769 1898 863 1952 ἐὰν
957 1896 1244 1968 ἄνθρωπος
1279 1892 1561 1965 δεδεμένος
1583 1893 1768 1962 χεῖρας

1940 1889 2054 1944 Xll.
2087 1888 2563 1957 Quemadmodum
2604 1890 2650 1947 si
2685 1891 2850 1945 homo
2879 1891 2953 1945 sit
2977 1890 3199 1947 vinetus
3238 1890 3450 1946 catenis

193 1993 294 2046 καὶ
323 1991 486 2055 πόδας
516 1991 760 2057 ἁλύσεσι,
786 1991 880 2042 καὶ
917 1988 1046 2060 ἔλθῃ
1073 2005 1158 2050 τις
1195 1987 1224 2040 6
1248 1984 1478 2039 διαλύων
1506 1981 1672 2037 αὑτοῦ
1701 1982 1768 2034 τὰ

189 2084 398 2155 δεσμὰ,
426 2084 519 2136 καὶ
548 2083 660 2154 ἀφῇ
692 2081 852 2134 αὐτὸν
887 2080 1169 2150 ἐλεύθερον
1191 2079 1518 2148 περιπατεῖν
1545 2078 1603 2129 ὲν
1651 2075 1772 2128 ἁνε-

194 2174 423 2244 κτότητι
445 2191 458 2204 ·
486 2172 630 2226 οὕτω
653 2172 749 2242 τὴν
779 2171 1067 2240 δεδεμένην
1088 2168 1264 2239 ψυχὴν
1291 2170 1408 2232 ταῖς
1428 2165 1650 2220 ἁλύσεσι
1676 2162 1770 2218 τοῦ

195 2261 436 2316 Θανάτου
491 2260 606 2314 λύει
671 2262 699 2313 6
747 2259 951 2330 Κύριος
999 2258 1107 2312 ἀπὸ
1136 2257 1371 2328 δεσμῶν,
1403 2257 1496 2310 καὶ
1546 2253 1774 2324 ἀφίησιν

195 2351 395 2421 αὐτὴν,
423 2349 517 2404 καὶ
555 2349 834 2420 ἐλευθεροῖ
862 2349 952 2402 τὸν
995 2347 1120 2402 νοῦν
1150 2347 1246 2400 τοῦ
1296 2347 1515 2410 ἁκόπως
1546 2348 1604 2398 ὲν
1636 2346 1772 2399 ἀνα-

196 2441 405 2494 παύσει
433 2441 752 2509 περιπατεῖν
786 2441 866 2501 είς
898 2438 989 2491 τὸν
1019 2437 1197 2492 Osi:sz
1230 2437 1392 2508 ἀέρα.
1437 2439 1648 2506 Ὥσπερ
1682 2435 1776 2488 ὲάν

196 2527 234 2604 ᾗ
278 2529 564 2600 ἄνθρωπος
622 2527 681 2580 ἑν
733 2528 1018 2598 πλησμονῇ
1074 2524 1322 2596 ποταμοῦ
1374 2527 1430 2579 ὲν
1461 2523 1633 2595 μέσῳ,
1683 2521 1777 2575 καὶ

199 2617 629 2682 καταϐυθισθεὶς
659 2618 717 2670 ὲν
744 2619 820 2689 τῷ
846 2617 997 2671 ὕδατι
1025 2619 1202 2672 κεῖται
1233 2617 1446 2687 νεκρὸς,
1475 2613 1780 2684 πεπνιγμέ-

196 2731 296 2774 vo;
319 2713 588 2785 ἀναμέσον
621 2713 810 2767 δεινῶν
838 2712 1043 2783 θηρίων
1064 2727 1080 2741 ⁶
1119 2712 1214 2766 καὶ
1255 2715 1304 2765 εί
1354 2711 1572 2781 Θελήσει
1623 2709 1781 2772 ἄλλος

197 2806 308 2860 ἀνθ
319 2823 496 2876 ρωπος
525 2806 752 2877 ἄπειρος
774 2805 867 2859 τοῦ
890 2805 1190 2877 κολυμϐᾷν,
1216 2804 1477 2857 διασῶσαι
1502 2803 1594 2857 τὸν
1617 2804 1782 2872 tum.

199 2909 396 2964 δοντα,
423 2899 519 2951 καὶ
562 2898 723 2960 αὐτὸς
760 2896 1154 2950 συναπόλλυται
1201 2897 1297 2950 καὶ
1330 2896 1601 2964 πνίγεται.
1658 2895 1784 2946 Λοις

204 2990 321 3043 πὺν
374 2985 467 3043 οῦν
515 2983 618 3042 ὦδε
669 2989 936 3059 ἐμπείρου
985 2986 1356 3057 κολυμϐητοῦ,
1403 2987 1498 3040 καὶ
1542 2985 1783 3056 τεχνίτου

197 3080 397 3152 χρεία,
447 3080 535 3133 ἵνα
574 3078 828 3132 εἰσελθὼν
880 3080 959 3142 είς
1018 3079 1080 3131 τὸ
1117 3077 1278 3148 βάθος
1325 3077 1417 3130 τοῦ
1459 3075 1661 3130 κόλπου
1692 3073 1785 3128 τοῦ

199 3172 410 3234 ὓδατος
441 3172 554 3223 ἐκεῖ
581 3169 859 3240 καταδύσῃ
887 3171 982 3222 καὶ
1014 3169 1284 3241 ἀνενέγκῃ
1317 3167 1409 3222 τὸν
1443 3183 1787 3222 καταπεπον-

197 3261 474 3330 τισμένον
506 3261 599 3313 καὶ
641 3260 770 3313 ὄντα
819 3259 1092 3331 ἀναμέσον
1118 3259 1226 3312 τῶν
1265 3258 1500 3330 Θηρίων’
1531 3259 1625 3312 καὶ
1656 3259 1788 3311 αὐτὸ

198 3352 264 3405 δὲ
298 3351 368 3404 τὸ
416 3353 560 3423 ὕδωρ
592 3353 720 3406 ὅταν
765 3351 850 3423 ίδῃ
910 3350 1172 3423 ἔμπειρον
1222 3351 1316 3404 καὶ
1355 3350 1531 3404 εἰδότα
1581 3350 1788 3417 πλέειν,

201 3445 412 3516 βοηθεῖ
457 3443 650 3515 τούτῳ,
686 3447 776 3498 καὶ
811 3445 1072 3515 ἀναφέρει
1103 3445 1265 3498 αὐτὸν
1311 3445 1402 3497 ὲπί
1440 3444 1507 3499 τὰ
1547 3443 1794 3515 ἀνώτερα

204 3537 387 3610 μέρη.
421 3536 609 3600 Οῦτως
641 3540 674 3608 ἡ
697 3537 842 3608 ψυχὴ
868 3541 946 3600 εἰς
967 3538 1202 3592 ἄϐυσσον
1231 3538 1476 3603 σκότους,
1511 3538 1604 3590 καὶ
1633 3539 1714 3600 είς
1735 3537 1794 3590 τὸ

201 3631 388 3702 βάθος
427 3629 522 3683 τοῦ
559 3630 787 3683 Θανάτου
820 3631 1313 3685 καταποντισθεῖσα
1338 3631 1654 3695 πέπνικται,
1697 3628 1795 3684 καὶ

199 3721 392 3791 νεκρά
423 3723 574 3774 ἐστιν
601 3721 709 3774 ἀπὸ
737 3719 831 3775 τοῦ
853 3721 988 3774 Θεοῦ
1025 3721 1294 3792 ἀναμέσον
1339 3722 1545 3793 Θηρίων
1580 3718 1792 3775 δεινῶν.

199 3813 330 3866 Καὶ
364 3811 453 3874 τίς
482 3812 705 3866 δύναται
731 3815 896 3878 είςτά
925 3815 1147 3885 ταμιεῖα
1178 3815 1362 3868 ἐκεῖνα
1414 3814 1510 3867 καί⁵
1551 3814 1620 3866 τά
1657 3811 1795 3884 βάθη

198 3904 310 3957 τοῦ
343 3903 475 3974 ᾅδου
506 3906 596 3957 καὶ
633 3904 726 3957 τοῦ
758 3905 988 3960 Θανάτου
1037 3904 1341 3968 κατελθεῖν,
1389 3905 1437 3956 εί
1475 3903 1552 3974 μὴ
1580 3901 1743 3964 αὐτὸς
1772 3902 1800 3955 6

195 3995 480 4067 τεχνίτης
513 3997 542 4048 6
573 3998 948 4068 ἐργασάμενος
975 3997 1033 4051 τδ
1053 3997 1250 4068 σῶμα;
1283 3995 1453 4058 Αὐτὸς
1488 3995 1704 4067 ἔρχεται
1725 3995 1804 4057 είς

196 4089 279 4142 τὰ
311 4086 418 4140 δύο
451 4087 614 4158 μέρη,
650 4089 729 4149 είς
776 4088 837 4140 τὸ
868 4087 1028 4158 βάθος
1056 4088 1150 4142 τοῦ
1190 4087 1339 4160 ᾅδου,
1386 4086 1481 4139 καὶ
1529 4085 1691 4140 πάλιν
1727 4085 1806 4147 εἰς

195 4179 308 4232 τον
381 4176 555 4246 βαθὺν
590 4177 791 4229 κόλπον
842 4181 940 4248 τῆς
975 4177 1225 4248 καρδίας,
1271 4177 1404 4228 ὅπου
1441 4174 1730 4245 κατέχεται
1773 4173 1807 4244 ἡ

205 4270 384 4341 ψυχὴ
418 4269 526 4322 ὑπὸ
570 4269 664 4323 τοῦ
709 4269 938 4323 Θανάτου
977 4271 1074 4322 σὺν
1125 4271 1236 4331 τοῖς
1262 4267 1542 4337 λογισμοῖς
1599 4265 1801 4330 αὐτοῖς,

193 4364 312 4417 καὶ
347 4361 622 4430 ἀναφέρει
661 4361 724 4414 ἐκ
761 4360 857 4413 τοῦ
886 4358 1348 4438 σκοτεινοῦιβυθοῦ
1397 4358 1488 4411 τὸν
1533 4372 1801 4426 νενεκρω-

198 4455 399 4524 μένον
464 4453 657 4522 ’Λδάμη
711 4452 821 4506 Καὶ
858 4451 1019 4514 αὐτὸς
1061 4451 1117 4504 δὲ
1165 4452 1192 4504 6
1243 4449 1493 4511 θάνατος,
1556 4446 1646 4500 διά
1702 4445 1804 4515 τῆς

1871 1981 2126 2036 manibus
2152 1980 2516 2051 pedibusque,
2557 1991 2614 2037 et
2642 1983 2831 2038 veniat
2861 1982 3061 2051 aliquis
3089 1983 3183 2052 qui
3226 1982 3448 2038 vincula

1871 2074 2046 2144 ipsius
2073 2074 2268 2140 solvat,
2299 2083 2356 2129 et
2378 2074 2622 2129 dimittat
2651 2090 2804 2137 eum,
2848 2083 2909 2129 ut
2937 2074 3079 2129 liber
3121 2074 3368 2129 ambulet
3391 2073 3448 2128 in

1874 2167 2212 2237 propatulo:
2264 2167 2344 2221 sic
2391 2167 2633 2222 animam
2685 2167 2898 2222 catenis
2955 2167 3150 2221 mortis
3209 2167 3451 2220 vinctam

1873 2257 2322 2313 solvitDominus
2355 2273 2384 2312 a
2408 2258 2667 2321 vinculis,
2723 2265 2779 2313 et
2806 2256 3036 2312 dimittit
3069 2257 3216 2311 illam
3239 2295 3254 2320 ,
3280 2272 3345 2311 ac
3388 2257 3455 2312 li-

1875 2349 2033 2404 berat
2060 2357 2323 2414 mentem,
2369 2356 2429 2404 ut
2467 2349 2678 2420 absque
2727 2349 2977 2405 molestia
3005 2359 3061 2404 et
3098 2365 3222 2404 cum
3267 2348 3455 2418 quiete

1877 2440 2124 2496 ambulet
2189 2440 2246 2494 in
2313 2455 2493 2496 aerem
2547 2441 2820 2496 divinum.
2869 2441 3106 2497 Perinde
3155 2456 3218 2495 ac
3252 2440 3297 2495 si
3329 2439 3457 2510 quis

1878 2531 2043 2586 homo
2077 2533 2131 2586 in
2161 2533 2324 2602 pleno
2352 2549 2417 2588 ac
2439 2533 2620 2588 medio
2644 2533 2866 2588 flumine
2901 2533 3184 2588 demersus
3205 2533 3259 2586 in
3289 2547 3456 2602 aqua,

1874 2623 2055 2693 jaceat
2078 2633 2352 2687 mortuus,
2401 2623 2702 2678 suffocatus
2738 2623 2793 2678 in
2826 2624 3008 2678 medio
3054 2623 3456 2678 horrendorum

1881 2721 1936 2766 et
1964 2712 2274 2767 crudelium
2323 2714 2644 2768 animalium
2679 2724 2777 2769 :et
2809 2714 2854 2770 si
2879 2715 3003 2784 quis
3053 2715 3199 2770 alius
3227 2713 3457 2768 natandi

1883 2803 2104 2875 ignarus
2164 2805 2298 2859 velit
2342 2804 2491 2860 hunc
2533 2805 2590 2860 in
2629 2820 2826 2875 aquam
2877 2806 3183 2875 collapsum
3214 2820 3460 2870 servare,

1885 2897 2002 2968 ipse
2031 2897 2193 2952 simul
2225 2906 2412 2968 pereat
2438 2905 2496 2951 et
2519 2897 2852 2964 sufloeetur;
2887 2906 3039 2953 certe
3067 2913 3207 2968 opus
3243 2897 3335 2952 hic
3362 2913 3462 2967 pe-

1886 2988 1994 3044 rito
2016 2990 2238 3044 natandi
2271 2989 2483 3045 artiﬁce
2509 2997 2616 3055 est,
2649 3000 2710 3046 ut
2731 2991 3009 3060 ingressus
3034 2991 3089 3044 in
3128 2989 3464 3061 profundum

1889 3096 2048 3151 aquae
2077 3081 2284 3145 sinum,
2311 3082 2424 3136 illic
2446 3097 2618 3152 aquas
2647 3081 2843 3136 subeat
2875 3099 2888 3134 :
2914 3091 2970 3136 et
2996 3081 3193 3136 referat
3213 3098 3340 3138 eum
3369 3083 3466 3152 qui

1890 3173 2176 3229 demersus
2211 3174 2268 3228 in
2305 3173 2488 3230 medio
2525 3173 2837 3228 belluarum
2878 3182 2997 3228 erat
3023 3191 3036 3228 :
3065 3174 3118 3230 ei
3149 3175 3265 3246 ipsa
3302 3192 3467 3247 aqua,

1891 3266 1939 3321 si
1964 3266 2188 3336 quando
2219 3267 2458 3336 peritum
2484 3266 2621 3322 artis
2643 3265 2864 3321 natandi
2885 3266 3150 3323 artificem
3169 3277 3330 3324 nacta
3348 3268 3471 3324 lue-

1896 3357 1990 3422 rit,
2027 3357 2204 3427 ipsum
2239 3358 2483 3429 adjuvat,
2514 3366 2571 3414 et
2602 3359 2744 3414 tollit
2787 3359 2844 3414 in
2893 3359 3241 3430 superficiem
3293 3377 3468 3431 aqum.

1896 3449 2102 3505 Eodem
2155 3451 2317 3506 modo
2364 3451 2548 3505 anima
2582 3451 2637 3506 in
2694 3452 2950 3523 abyssum
3011 3452 3364 3509 tenebrarum
3417 3463 3476 3509 et

1895 3544 2330 3615 profunditatem
2357 3543 2552 3600 mortis
2605 3545 2876 3610 demersa,
2913 3545 3215 3610 squ'ocata,
3251 3555 3306 3601 et
3332 3563 3477 3602 mor-

1899 3645 1991 3691 tua
2014 3645 2098 3692 est
2128 3652 2159 3692 a
2183 3636 2294 3690 Deo
2317 3636 2373 3690 in
2397 3636 2580 3691 medio
2603 3635 2868 3689 ferocium
2895 3635 3238 3690 animalium.
3263 3637 3330 3690 Et
3353 3637 3478 3705 quis

1899 3734 2081 3795 potest
2109 3725 2162 3778 in
2185 3725 2484 3795 penetralia
2511 3724 2601 3779 illa
2631 3734 2687 3778 et
2715 3722 2982 3792 profunda
3011 3722 3209 3778 inferni
3237 3731 3294 3776 et
3332 3737 3479 3776 mor-

1904 3817 1975 3871 tis
1996 3816 2355 3881 descendere,
2392 3817 2498 3871 nisi
2536 3815 2653 3886 ipse
2695 3814 2878 3885 opifex
2899 3855 2914 3881 ,
2939 3816 3034 3886 qui
3070 3815 3321 3870 condidit
3345 3830 3474 3870 cor-

1905 3911 2052 3981 pus?
2074 3909 2193 3980 lpse
2212 3917 2462 3979 penetrat
2491 3908 2629 3962 duas
2661 3915 2867 3978 partes,
2898 3906 3230 3976 profundum
3268 3906 3478 3962 scilicet

1903 4001 2128 4066 inferni,
2161 4009 2217 4056 et
2246 3998 2580 4070 profundum
2622 3998 2800 4052 sinum
2831 3996 3034 4061 cordis,
3064 3996 3158 4051 ubi
3202 3996 3481 4051 detinetur

1905 4091 2088 4147 anima
2121 4107 2149 4144 a
2176 4099 2349 4145 morte
2386 4105 2512 4144 cum
2551 4088 2808 4143 omnibus
2851 4087 2967 4143 suis
3014 4087 3478 4158 cogitationibus,

1905 4195 2070 4254 atque
2111 4183 2299 4238 educit
2342 4198 2411 4238 ex
2462 4181 2753 4237 tenebrosa
2783 4180 3155 4251 profunditate
3194 4186 3477 4234 mortuum

1908 4276 2101 4331 Adam.
2133 4276 2250 4345 Ipsa
2278 4289 2494 4344 quoque
2523 4288 2673 4328 mors
2705 4272 3117 4327 exercitationis
3132 4271 3304 4342 gratia
3325 4270 3484 4344 adju-

1910 4378 2096 4429 mento
2124 4376 2208 4424 est
2234 4367 2338 4437 ipsi
2376 4364 2611 4428 homini,
2641 4364 2812 4420 veluti
2841 4380 2982 4434 aqua
3009 4365 3238 4418 natanti.

193 4545 543 4619 γυμνασίας
577 4545 655 4607 είς
690 4543 941 4614 βοήθειαν
994 4541 1202 4611 γίνεται
1226 4539 1390 4595 αὐτοῦ
1447 4537 1540 4592 τοῦ
1564 4536 1869 4608 ἀνθρώπου,
1902 4531 2090 4602 ὥσπερ
2118 4528 2178 4581 τὸ
2213 4525 2354 4598 ὕδωρ
2384 4526 2462 4598 τῷ
2483 4526 2842 4598 κολυμϐῶντιι

275 4731 411 4788 II".
459 4730 526 4781 Τί
575 4728 684 4798 γὰρ
714 4727 973 4798 δυσχερές
1007 4727 1124 4779 ἐστι
1162 4724 1240 4796 τῷ
1285 4721 1404 4793 Θεῷ
1436 4718 1701 4774 εἰσελθεῖν
1731 4717 1778 4770 εί

1983 4708 2123 4764 ΧΙΠ.
2150 4706 2289 4774 Quid
2314 4705 2461 4760 enim
2493 4713 2579 4760 est
2607 4703 2828 4760 difﬁcile
2869 4705 2982 4760 Deo
3013 4717 3304 4775 penetrare
3340 4723 3490 4761 mor-

187 4825 304 4878 τδν
351 4820 620 4883 θάνατον,
656 4819 750 4871 καὶ
780 4817 944 4870 πάλιν
998 4818 1078 4879 είς
1123 4816 1214 4870 τὸν
1254 4813 1424 4884 βαθὺν
1478 4811 1678 4865 κόλπον
1713 4807 1812 4878 τῆς

187 4914 492 4985 καρδίας,
528 4909 782 4963 κάκεῖθεν
823 4907 1265 4963 ἀνακαλέσασθαι
1290 4905 1382 4958 τὸν
1411 4901 1814 4973 νενεκρωμένον

199 5005 460 5074 Ἀδάμ;
494 5003 552 5054 ὲν
579 5001 685 5071 γὰρ
713 4998 790 5069 τῷ
816 4999 1129 5069 φαινομένῳ
1167 4996 1323 5068 αἰῶνί
1352 4996 1491 5049 εἰσιν
1525 4993 1694 5047 οἰκίαι
1718 4989 1814 5045 καὶ

184 5093 547 5162 οῖκοδομαὶ,
578 5093 711 5145 ὅπου
759 5093 794 5162 ἡ
829 5089 1184 5161 ἀνθρωπότης
1214 5088 1494 5142 κατοικεῖο
1524 5084 1633 5138 Καί
1677 5085 1815 5136 εἰσιν

181 5191 356 5245 ὅπου
401 5183 604 5252 Θηρία,
631 5183 865 5246 λέοντες,
905 5181 1278 5252 ἢδράκοντες,
1313 5179 1404 5232 καὶ
1459 5177 1596 5232 ἄλλα
1637 5175 1817 5228 ίοϐόλα

183 5277 429 5350 θηρία.
461 5275 524 5326 Ei
549 5275 726 5327 τοίνυν
758 5276 786 5326 6
814 5274 966 5343 ἥλιος
991 5273 1197 5341 κτίσμα
1223 5270 1319 5336 ῶν,
1355 5268 1660 5338 εἰσέρχεται
1687 5283 1820 5318 παν-

1921 4811 2029 4856 tem
2051 4808 2106 4855 et
2128 4795 2458 4869 profundum
2507 4795 2689 4849 sinum
2732 4796 2936 4861 cordis,
2981 4812 3045 4851 ac
3074 4797 3200 4852 inde
3231 4814 3492 4854 revocare

1920 4903 2197 4949 mortuum
2255 4889 2470 4944 Adam?
2516 4887 2576 4942 ln
2624 4888 2730 4943 hoc
2769 4889 2920 4944 enim
2968 4890 3231 4959 praesenti
3291 4891 3492 4946 sarculo

1921 4993 2051 5041 sunt
2074 4983 2442 5038 habitationes
2465 4990 2521 5035 et
2546 4981 2879 5046 mansiones,
2914 4981 3008 5035 ubi
3048 4982 3300 5037 homines
3337 4983 3496 5037 habi-

1921 5086 2039 5132 tent
2069 5093 2082 5130 :
2121 5084 2178 5131 et
2198 5083 2327 5130 sunt
2348 5089 2567 5144 quoque
2595 5073 2686 5128 ubi
2722 5073 2937 5140 belluae,
2963 5073 3170 5140 leones,
3203 5073 3491 5138 dracones.

1922 5178 1978 5225 et
2005 5169 2126 5222 alia:
2153 5183 2427 5222 venenum
2466 5165 2783 5222 emittentes
2810 5165 2940 5220 fera:
2980 5165 3248 5220 habitent.
3293 5165 3348 5221 Si
3391 5166 3495 5236 igi-

1927 5266 2015 5309 tur
2043 5255 2144 5320 sol,
2185 5253 2279 5324 qui
2321 5262 2406 5308 est
2443 5263 2716 5319 creatura,
2753 5270 3082 5324 quocunque
3113 5263 3384 5324 penetrat,
3418 5255 3497 5310 f'e-

1927 5352 2162 5410 nestras,
2198 5354 2290 5398 aut
2315 5346 2509 5415 januas
2531 5386 2544 5409 ,
2578 5353 2687 5398 tam
2727 5345 3019 5414 speluncas
3044 5345 3286 5412 leonum,
3329 5362 3496 5416 quam

1930 5452 2192 5492 cavernas
2209 5437 2511 5506 reptilium,
2544 5444 2600 5490 et
2637 5451 2893 5507 egressus
2933 5437 3306 5506 nequidquam
3345 5437 3498 5492 laedi-

1933 5539 2022 5585 tur
2047 5568 2063 5594 ,
2100 5536 2305 5598 quanto
2331 5527 2502 5598 magis
2523 5529 2666 5582 Deus
2695 5537 2751 5582 et
2790 5527 3054 5583 Dominus
3095 5529 3338 5582 omnium
3361 5571 3376 5594 ,
3411 5528 3498 5582 iit-

1929 5636 2147 5692 gressus
2165 5619 2325 5674 nidos
2349 5630 2406 5675 et
2428 5619 2705 5674 domicilia
2732 5619 2826 5674 ubi
2882 5635 3034 5674 mors
3067 5619 3296 5683 habitat,
3335 5629 3499 5690 atque

1929 5713 2096 5768 etiam
2122 5713 2354 5777 animas,
2382 5723 2438 5768 et
2468 5712 2618 5768 illinc
2639 5712 2881 5782 eripiens
2905 5711 3266 5778 Adam,nulla
3297 5713 3497 5784 injuria

1931 5803 2201 5862 afﬁcitur!
2243 5803 2319 5860 Ac
2353 5804 2537 5875 pluvia
2569 5821 2600 5862 e
2639 5805 2778 5862 caelo
2802 5804 3140 5862 descendens
3169 5804 3238 5860 ad
3277 5801 3496 5862 intimas

181 5369 501 5441 τριχόθεν,
541 5365 630 5418 διὰ
679 5364 787 5418 τῶν
820 5364 1070 5436 θυρίδων,
1103 5365 1222 5434 ἦτοι
1273 5361 1473 5432 θυρῶν,
1517 5360 1614 5413 καὶ
1650 5359 1728 5422 εἰς
1753 5355 1823 5409 τὰ

183 5462 497 5531 σπήλαια
525 5455 633 5510 τῶν
659 5455 905 5520 λεόντων,
953 5454 1048 5508 καὶ
1093 5455 1174 5517 είς
1202 5452 1302 5516 τὰς
1330 5451 1471 5513 ὀπὰς
1517 5449 1625 5503 τῶν
1653 5449 1821 5519 ἑρπε-

175 5556 344 5617 τῶν,
419 5547 529 5602 καὶ
591 5547 892 5617 ἐξέρχεται,
944 5547 1037 5600 καὶ
1099 5545 1250 5598 οὐδὲν
1286 5543 1621 5613 βλάπτεταιο
1674 5539 1824 5609 πόσῳ

181 5645 450 5720 μᾶλλον
489 5639 517 5691 6
544 5638 674 5702 Θεὸς
707 5639 802 5691 καὶ
854 5638 1128 5710 Δεσπότης
1157 5636 1373 5688 πάντων
1404 5633 1711 5704 εἰσέρχεται
1745 5631 1825 5693 εἰς

172 5739 340 5801 τοὺς
389 5728 679 5801 φωλεοὺς,
714 5727 809 5781 καὶ
845 5728 926 5792 είς
957 5727 1083 5791 τοὺς
1112 5726 1318 5791 οἴκους,
1359 5725 1492 5776 ὅπου
1547 5721 1823 5789 κατεσκή-

175 5841 404 5887 νωσεν
453 5820 494 5876 ὁ
523 5819 772 5888 θάνατος,
805 5821 901 5875 καὶ
925 5821 1004 5885 είς
1029 5819 1126 5884 τὶς
1175 5817 1372 5888 ψυχὰς,
1408 5813 1661 5869 κάκεῖθεν
1697 5810 1816 5883 ῥυό-
