3948 6512
506 313 613 377 555

1758 315 1820 375 ε.
1861 311 2185 404 amcam
2228 315 2549 379 eumn

3648 328 3740 395 556

506 441 666 487 terra:
694 435 877 497 partes
906 441 1081 497 usque
1109 427 1398 501 pertingit,
1421 423 1520 485 ubi
1543 426 1847 487 exsiccatas
1866 428 2052 485 radice

2190 447 2351 499 μενος
2396 433 2489 487 τὸν
2528 433 2700 506 Ἀδάμ
2726 434 2829 491 οὐκ
2870 435 3141 493 ἀδικεῖται
3194 438 3300 495 ὑπὸ
3347 440 3443 495 τοῦ
3479 441 3744 511 θανάτους

500 520 609 595 43
639 534 831 576 rursus
846 518 1129 576 humeclat
1145 528 1202 577 et
1218 529 1467 587 renovat,
1492 534 1557 576 ac
1578 520 1835 591 producit
1854 536 2052 591 germen

2186 524 2296 577 Καὶ
2321 525 2351 577 ό
2373 524 2525 591 ὑετὸς
2552 526 2611 591 ἐξ
2634 525 2869 598 ούρανοῦ
2889 531 3313 603 κατερχόμενος,
3348 532 3544 604 φθάνει
3571 538 3747 609 κατέρ-

504 627 728 667 novum.

2184 616 2373 683 χεσοαι
2397 616 2478 680 είς
2505 616 2574 671 τὰ
2604 617 2890 692 κατώτερα
2923 621 3065 693 μέρη
3090 622 3191 693 τῆς
3222 624 3347 693 γῆς,
3377 625 3634 680 κάκεῖθεν
3658 629 3747 692 ea;

2182 705 2544 775 ξηρανθείσας
2608 710 2765 780 ῥίζας
2820 712 3091 784 ἀνύγρανε
3131 716 3228 768 καὶ
3274 717 3606 785 ἀνεκαίνισε,
3661 721 3746 774 καὶ

2071 802 2077 815 ¹
2180 798 2436 870 ἐποίησεν
2464 802 2581 854 ἐκεῖ
2619 803 2864 875 γέννημα
2893 806 3101 859 καινόν.

571 900 711 956 XIV.
748 900 903 955 Alius
921 909 1025 965 est,
1047 902 1140 971 qui
1161 899 1461 956 certamine
1484 910 1541 956 et
1560 900 1707 956 bello
1724 914 1849 955 cum
1873 898 2074 954 Satana

504 992 679 1056 inito,
734 990 1084 1045 aﬁlictionem
1136 992 1387 1061 patitur:
1419 990 1511 1045 hic
1554 990 1849 1045 contritam
1906 989 2073 1045 habet

501 1082 779 1136 animam:
811 1081 865 1135 in
909 1082 1283 1137 sollicitudine
1316 1083 1498 1145 enim,
1533 1083 1685 1137 luctu
1720 1096 1784 1136 ac
1816 1082 2071 1152 lacrymis

498 1175 831 1230 constitutus
857 1184 941 1230 est
964 1193 976 1229 :
1001 1176 1277 1245 duplicem
1302 1174 1573 1245 ejusmodi
1594 1174 1759 1227 homo
1777 1188 2069 1243 personam

496 1266 748 1321 sustinet.
779 1267 832 1322 Si
870 1268 1036 1339 igitur
1074 1268 1129 1322 in
1164 1268 1250 1322 his
1274 1267 1511 1339 negotiis
1544 1267 1738 1321 ﬁrmus
1758 1275 2065 1336 permanet,

494 1358 551 1413 in
583 1358 729 1413 bello
760 1359 1027 1415 Dominus
1049 1360 1100 1415 ei
1142 1360 1298 1415 adest
1352 1367 1407 1414 et
1439 1365 1729 1413 conservat
1756 1373 1903 1423 eum,
1936 1357 2067 1427 quia

492 1449 693 1515 quierit
716 1448 936 1503 assidue
963 1457 1019 1504 et
1050 1450 1488 1520 pulsatjanuam,
1512 1448 1736 1519 quando
1759 1449 1809 1503 ei
1830 1449 2062 1518 aperiat.

493 1538 699 1595 lterum
732 1556 886 1605 vero,
932 1541 976 1596 si
1008 1550 1267 1611 appareat
1298 1540 1395 1595 tibi
1432 1541 1599 1595 frater
1624 1549 1883 1595 strenuus
1916 1556 1984 1594 eo
2006 1540 2062 1594 in

492 1630 661 1694 bello,
692 1647 722 1686 a
764 1632 938 1703 gratia
982 1640 1067 1687 est
1106 1634 1459 1687 conﬁrmatus
1492 1650 1504 1686 :
1535 1632 1628 1702 qui
1684 1648 1816 1687 vero
1864 1632 2061 1686 funda-

491 1731 737 1777 mentum
791 1739 898 1778 non
952 1722 1138 1790 habet,
1188 1740 1298 1779 non
1341 1732 1621 1793 tantopere
1656 1726 1824 1779 Deum
1881 1726 2057 1786 timet,

2249 888 2346 944 IA'.
2384 890 2575 955 Ἀλλος
2611 893 2760 946 ἐστὶν
2800 895 2829 947 ό
2860 894 3000 965 ἔχων
3028 897 3248 967 ἀγῶνα,
3299 900 3395 952 καὶ
3428 900 3627 968 θλῖψιν,
3659 906 3743 957 καὶ

2177 982 2412 1051 πόλεμον
2455 985 2591 1055 πρὸς
2638 986 2731 1039 τὸν
2769 988 3014 1043 Σατανᾶν
3037 1007 3051 1021 ·
3089 985 3244 1055 οὗτος
3279 998 3741 1066 συντετριμμένην

2176 1072 2286 1141 ἔχει
2334 1072 2432 1143 τὴν
2470 1074 2650 1145 ψυχὴν
2705 1077 2910 1130 αὐτοῦ·
2941 1080 2999 1132 ὲν
3046 1081 3283 1154 μερίμνῃ
3328 1084 3440 1153 γάρ
3491 1088 3606 1139 ἐστι
3658 1091 3742 1140 καὶ

2177 1162 2361 1215 πένθει
2393 1167 2486 1219 καί
2538 1166 2821 1236 δάκρυσιν.
2871 1169 2964 1233 Ei;
3006 1170 3099 1224 δύο
3130 1173 3396 1241 πρόσωπα
3434 1177 3679 1247 εἱστήκει
3718 1182 3742 1232 ό

2172 1254 2430 1319 τοιοῦτος.
2456 1259 2517 1311 Εί
2556 1260 2733 1312 τοίνυν
2762 1262 2820 1314 ὲν
2848 1262 3110 1326 τοιούτοις
3139 1266 3461 1335 πράγμασιν
3501 1269 3738 1337 εἱστήκει

2170 1340 2325 1410 οὗτος
2346 1387 2361 1413 ,
2394 1350 2474 1412 εις
2507 1350 2597 1403 τὸν
2632 1351 2867 1424 πόλεμον
2920 1355 3040 1423 μετ’
3066 1356 3231 1410 αὑτοῦ
3265 1358 3411 1411 ἐστιν
3459 1359 3490 1411 ὁ
3545 1360 3741 1431 Κύριος

2170 1440 2264 1491 καὶ
2310 1440 2577 1508 φυλάσσει
2609 1443 2770 1497 αὐτόν
2791 1460 2805 1474 ·
2854 1444 3106 1515 ἐπιζητεῖ
3142 1450 3251 1518 γὰρ
3279 1448 3621 1514 σπουδαίως,
3652 1454 3740 1506 καὶ

2171 1528 2356 1599 κρούει
2391 1530 2488 1601 τὴν
2543 1532 2733 1603 θύραν,
2768 1535 2898 1589 πότε
2941 1536 3093 1607 αὐτῷ
3125 1536 3352 1605 ἀνοίγει.
3395 1539 3567 1592 Πάλιν
3610 1540 3666 1593 δὲ
3694 1542 3739 1594 εἰ

2168 1618 2416 1685 φαίνεταί
2446 1636 2528 1673 σοι
2570 1622 2797 1692 ἀδελφὸς
2829 1624 3033 1693 ἀγαθὸς
3063 1620 3163 1679 ὧδε
3188 1664 3203 1688 ,
3255 1627 3360 1681 ὑπὸ
3394 1627 3492 1698 τῆς
3523 1629 3738 1700 χάριτός

2167 1710 2314 1761 ἐστιν
2362 1710 2775 1781 ὲστηριγμένος.
2833 1714 2891 1767 '0
2926 1715 2981 1768 δὲ
3018 1716 3093 1787 μὴ
3144 1718 3283 1789 ἔχων
3320 1718 3605 1789 θεμέλιον.
3645 1721 3740 1775 οὐκ

489 1827 592 1867 nec
620 1814 919 1867 contritum
960 1822 1044 1869 est
1076 1830 1173 1869 cor
1204 1814 1345 1885 ejus,
1381 1830 1485 1869 nec
1530 1816 1583 1868 in
1638 1824 1783 1869 metu
1814 1824 1919 1879 εει,
1956 1830 2052 1868 nec

2167 1801 2278 1871 ἔχει
2326 1802 2581 1857 τοσοῦτον
2626 1806 2788 1874 φόϐον
2816 1806 2982 1874 Θεοῦ,
3032 1809 3094 1862 ού
3138 1812 3522 1881 συντέτριπται
3576 1813 3738 1866 αύτοῦ

485 1902 746 1957 observat
777 1919 874 1958 cor
900 1920 1090 1967 suum,
1130 1914 1184 1959 et
1218 1905 1483 1970 membra,
1507 1920 1576 1959 ne
1604 1904 1913 1959 inordinate
1945 1920 2061 1959 am-

487 1993 682 2047 bulent
711 2011 724 2048 :
751 1995 1021 2065 ejusmodi
1053 1996 1233 2050 adhuc
1263 1996 1587 2051 dissolutam
1631 1996 1798 2050 habet
1823 1995 2059 2049 animam

487 2098 679 2148 suam;
720 2083 966 2137 nondum
998 2084 1145 2139 enim
1175 2084 1423 2154 prmlium
1465 2085 1748 2155 ingressus
1772 2092 1877 2139 est.
1907 2085 2061 2140 Alius

487 2173 656 2244 igitur
699 2183 814 2239 est,
850 2175 943 2245 qui
990 2175 1045 2228 in
1077 2175 1220 2230 bello
1264 2185 1319 2230 ct
1366 2176 1656 2231 afﬂictione
1686 2185 1789 2240 est,
1819 2186 1873 2231 et
1922 2176 2061 2232 alius

484 2264 580 2333 qui
608 2264 687 2319 rei
726 2265 979 2319 militaris
1004 2265 1227 2335 ignarus
1256 2265 1437 2320 adhuc
1485 2274 1587 2319 est.
1613 2265 1825 2320 Etenim
1851 2268 2058 2321 semina

483 2371 705 2428 quoque
750 2357 805 2411 in
854 2364 1055 2412 terram
1098 2359 1262 2412 missa
1292 2358 1643 2412 alﬁictionem
1678 2358 1972 2422 sustinent,
2003 2359 2055 2413 in

482 2450 631 2521 gelu,
666 2450 871 2516 hieme,
902 2458 958 2505 ει
990 2450 1195 2521 frigore
1241 2450 1385 2506 acris
1414 2468 1427 2503 :
1459 2466 1523 2504 ac
1567 2450 1829 2521 deinceps
1870 2450 2057 2505 debito

484 2550 728 2609 tempore
762 2540 1047 2596 reviviscit
1080 2555 1324 2611 germen.

552 2728 665 2784 XV.
701 2728 983 2801 Contingit
1033 2738 1215 2785 autem
1250 2730 1562 2796 interdum,
1613 2741 1674 2786 ut
1720 2731 1951 2788 Satanas
1999 2735 2053 2787 in

479 2820 645 2875 corda
676 2832 855 2876 tecum
901 2822 1165 2892 disputet,
1203 2822 1415 2878 scilicet
1454 2839 1469 2877 :
1504 2821 1636 2876 Ecce
1664 2833 1865 2894 quanta
1908 2824 2055 2878 mala

478 2913 806 2978 commisisti,
854 2929 967 2967 ecce
1002 2922 1207 2984 quanta
1247 2914 1458 2968 insania
1501 2915 1683 2967 anima
1728 2924 1822 2969 tua
1852 2915 2053 2986 repleta

478 3011 577 3069 est,
618 3013 668 3057 et
695 3021 854 3075 quam
879 3013 1096 3059 onustus
1130 3021 1181 3058 es
1211 3007 1456 3075 peccatis,
1492 3014 1550 3058 ut
1589 3006 1819 3076 amplius
1851 3006 2054 3061 salvari

478 3112 585 3150 non
614 3097 798 3167 possis.
834 3096 959 3151 llaec
1003 3104 1188 3151 autem
1226 3096 1350 3151 ideo
1381 3096 1534 3158 facit,
1573 3104 1635 3151 ut
1676 3106 1727 3151 te
1768 3098 1823 3151 in
1854 3097 2052 3167 despc-

2165 1896 2197 1964 ἠ
2240 1895 2467 1966 καρδία.
2504 1896 2627 1951 οὔτε
2679 1900 2825 1954 ἐστὶν
2871 1902 2928 1953 ὲν
2978 1902 3161 1973 φόϐῳ,
3204 1902 3329 1957 οὔτε
3378 1904 3737 1972 ἀσφαλίζεται

2162 1987 2327 2040 αὐτοῦ
2374 1988 2471 2058 τὴν
2506 1988 2735 2061 καρδίαν
2765 1991 2861 2044 καὶ
2908 1992 2977 2045 τὰ
3024 1993 3195 2064 μέλη,
3242 1994 3338 2049 τοῦ
3369 1997 3444 2068 μὴ
3491 1999 3738 2063 ἀτάκτως

2163 2082 2504 2151 περιπατεῖν.
2560 2076 2725 2145 Οὗτος
2779 2085 2962 2154 ἀκμὴν
3016 2086 3430 2158 ἀπολελυμένην
3481 2089 3596 2159 ἔχει
3642 2092 3735 2160 τὴν

2160 2168 2335 2240 ψυχὴν
2363 2169 2528 2222 αὑτοῦ
2548 2187 2561 2201 ο
2598 2170 2751 2224 οὖπω
2783 2174 2893 2243 γὰρ
2920 2174 3165 2245 εἰσῆλθεν
3190 2178 3269 2240 είς
3302 2178 3511 2247 ἀγῶνα.
3543 2180 3734 2245 Ἀλλος

2158 2260 2252 2317 οὖν
2290 2265 2435 2317 ἐστιν
2484 2264 2512 2315 ό
2542 2264 2601 2316 ὲν
2650 2264 2824 2333 ἀγῶνι
2875 2266 2970 2318 καὶ
3004 2266 3213 2335 θλίψει,
3249 2270 3344 2322 καὶ
3391 2268 3548 2333 ἄλλος
3594 2274 3623 2323 6
3661 2271 3733 2339 μὴ

2159 2354 2318 2418 εἰδὼς
2349 2355 2402 2407 τί
2443 2358 2558 2409 ἐστι
2601 2356 2858 2428 πόλεμος.
2894 2358 3002 2411 Καὶ
3032 2358 3142 2429 γὰρ
3175 2360 3243 2412 τὰ
3286 2362 3578 2431 σπέρματα
3608 2364 3732 2416 ὅταν

2161 2447 2327 2518 βληθῇ
2355 2450 2433 2512 εἰς
2458 2449 2557 2521 τὴν
2588 2453 2711 2522 γῆν,
2741 2449 2920 2521 θλῖψιν
2944 2450 3207 2521 ὑπομένει
3238 2456 3317 2518 εἰς
3340 2455 3466 2517 τοὺς
3502 2457 3730 2523 πάγους.

2158 2540 2237 2602 είς
2264 2539 2354 2592 τὸν
2381 2540 2645 2610 χειμῶνα,
2674 2541 2754 2605 είς
2784 2542 2883 2611 τὴν
2912 2543 3226 2613 ψυχρότητα
3254 2545 3363 2597 τῶν
3394 2548 3576 2618 ἀέρων
3595 2564 3608 2577 ·
3640 2547 3732 2602 καὶ

2156 2631 2213 2683 έν
2239 2629 2317 2699 τῷ
2344 2630 2516 2684 δέοντι
2543 2632 2721 2703 καιρῷ
2743 2630 3192 2697 ἀναζωοποιεῖται
3217 2636 3277 2688 τὸ
3300 2637 3568 2708 γέννημα.

2229 2720 2323 2775 IE'.
2359 2722 2653 2792 Συμϐαίνει
2691 2723 2746 2776 δὲ
2780 2724 2862 2778 ὄτι
2892 2727 2919 2778 ό
2948 2726 3192 2790 Σατανᾶς
3226 2728 3533 2797 διαλέγεταί
3568 2748 3647 2783 σοι
3675 2734 3730 2785 ὲν

2156 2815 2219 2883 τῇ
2260 2812 2475 2884 καρδίᾳο
2517 2814 2641 2868 Ἴδε
2685 2816 2852 2869 πόσα
2896 2817 3050 2871 κακὰ
3097 2817 3425 2887 ἐποίησας,
3459 2822 3592 2875 ἰδοὺ
3625 2824 3730 2877 πό.

2155 2921 2283 2958 σων
2308 2904 2539 2973 μανιῶν
2570 2906 2958 2975 πεπλήρωται
2998 2925 3117 2964 σου
3164 2912 3202 2979 ἠ
3240 2912 3445 2981 ψυχὴ,
3493 2917 3590 2969 καὶ
3631 2916 3728 2980 βε-

2156 2996 2485 3065 ϐαρημένος
2522 2998 2579 3051 εἷ
2604 2998 2723 3051 ἀπὸ
2754 2998 3083 3068 ἁμαρτιῶν,
3119 3001 3208 3055 ὅτι
3238 3004 3437 3058 οὐκέτι
3473 3006 3729 3060 δύνασαι

2153 3087 2443 3154 σωθῆναι.
2475 3087 2661 3141 Ταῦτα
2686 3087 2743 3140 δὲ
2792 3091 2955 3154 ποιεῖ,
3005 3089 3091 3143 ἵνα
3121 3092 3318 3164 ἐνέγκῃ
3363 3111 3421 3147 σε
3449 3097 3532 3159 είς
3566 3096 3727 3149 ἀπελ-

478 3188 749 3243 rationem
778 3187 1036 3253 deducat,
1067 3200 1123 3245 et
1148 3190 1275 3261 quia
1316 3205 1426 3244 non
1459 3200 1546 3245 est
1582 3198 1806 3260 accepta
1843 3199 1898 3245 et
1924 3207 2050 3261 gra-

2162 3179 2377 3248 πισμὸν,
2414 3178 2508 3232 καὶ
2539 3179 2622 3232 ὅτι
2660 3179 2759 3233 οὐκ
2794 3180 2942 3233 ἔστιν
2968 3181 3360 3252 εὐπρόσδεκτος
3390 3186 3423 3255 ἡ
3472 3188 3730 3255 μετάνοιά

479 3290 533 3335 ta
563 3293 659 3335 tua
702 3280 1043 3351 pmnitentia.
1075 3282 1367 3352 Postquam
1413 3282 1560 3337 enim
1594 3298 1693 3352 per
1741 3292 2049 3354 transgres-

475 3374 689 3428 sionem
722 3372 930 3427 malitia
961 3372 1231 3438 introivit,
1257 3382 1445 3443 postea
1479 3373 1708 3445 singulis
1738 3374 1890 3429 horis
1933 3374 2049 3430 dis-

475 3471 779 3533 putatcum
810 3463 1012 3528 anima,
1062 3472 1122 3518 ut
1146 3463 1313 3518 homo
1336 3479 1458 3518 cum
1484 3464 1727 3520 homine.
1758 3465 2049 3536 Responde

475 3564 535 3610 tu
563 3570 783 3625 quoque
812 3556 892 3610 sic
936 3573 949 3609 :
992 3555 1168 3610 Habeo
1220 3556 1518 3609 testimonia
1555 3555 1802 3624 Domini,
1854 3561 2049 3630 scripto

472 3645 788 3716 consignata
817 3659 835 3698 :
864 3643 999 3699 Nolo
1033 3652 1255 3699 mortem
1287 3654 1641 3715 peccatorum,
1669 3649 1760 3702 sed
1789 3651 2047 3719 paeniten-

476 3738 629 3802 tiam,
680 3746 737 3790 ut
776 3746 1115 3792 convertatur
1162 3739 1272 3808 ipse
1314 3756 1348 3792 a
1390 3739 1477 3793 via
1509 3756 1775 3810 perversa,
1808 3751 1857 3797 et
1885 3745 2044 3798 vivat.

474 3830 772 3900 Propterea
797 3830 943 3885 enim
979 3830 1269 3886 descendit
1313 3830 1596 3897 Dominus,
1640 3842 1701 3887 ut
1731 3845 2048 3905 peccatores

474 3923 733 3987 salvaret,
766 3933 1015 3977 mortuos
1049 3924 1362 3989 suscitaret,
1390 3932 1445 3979 et
1464 3940 1493 3980 a
1519 3936 1695 3982 morte
1722 3928 2048 3986 vulneratos

472 4013 796 4079 viviﬁcaret,
824 4023 881 4069 et
905 4030 1001 4069 eos
1024 4016 1118 4086 qui
1145 4016 1199 4070 in
1228 4017 1469 4072 tenebris
1489 4028 1666 4085 erant,
1687 4020 2042 4077 illuminaret.

472 4105 616 4162 Vere
672 4107 820 4163 enim
871 4108 1137 4163 Dominus
1180 4108 1503 4175 adveniens,
1553 4112 1772 4166 vocavit
1835 4128 1935 4168 nos
1988 4114 2044 4168 in

474 4200 826 4270 adoptionem
867 4199 1130 4267 ﬁliorum,
1163 4201 1229 4255 ad
1261 4212 1507 4258 sanctam
1537 4212 1593 4258 et
1634 4205 1786 4274 pacis
1835 4206 2046 4261 studio-

475 4304 590 4345 sam
641 4290 943 4356 civitatem,
991 4291 1059 4346 ad
1104 4290 1272 4346 vitam
1300 4309 1579 4363 nunquam
1615 4294 1941 4363 perituram,
1975 4296 2043 4350 ad

475 4381 703 4450 gloriam
728 4381 1427 4452 incorruptibilem;modo
1467 4398 1569 4438 nos
1629 4384 1902 4455 principio
1948 4386 2046 4441 bo-

475 4489 609 4527 num
648 4473 812 4528 ﬁnem
852 4482 1321 4544 superstruamus,
1351 4486 1768 4545 perseverantes
1812 4478 1867 4532 in
1903 4495 2041 4549 pau-

2162 3285 2277 3324 σου.
2331 3270 2551 3342 Ἐπειδὴ
2597 3270 2700 3343 γὰρ
2736 3272 3072 3343 παρεισῆλθε
3104 3274 3193 3328 διὰ
3221 3274 3320 3345 τῆς
3362 3279 3728 3348 παραϐάσεως

2155 3360 2189 3431 ἡ
2223 3360 2425 3428 κακία,
2468 3361 2654 3415 λοιπὸν
2683 3362 2805 3417 καθ’
2846 3364 3082 3435 ἑκάστην
3120 3364 3268 3435 ὥραν
3310 3367 3624 3437 διαλέγεται
3664 3374 3726 3443 τῇ

2155 3448 2299 3521 ψυχῇ
2353 3450 2430 3514 ὡς
2474 3449 2761 3522 ἄνθρωπος
2816 3452 2954 3522 μετὰ
2994 3452 3303 3525 ἀνθρώπου.
3372 3457 3729 3529 ’Δποκρίθητι

2155 3540 2304 3612 αὐτῷ
2336 3542 2429 3596 καὶ
2462 3543 2525 3596 σὺ
2548 3582 2563 3605 ,
2614 3542 2696 3595 ὅτι
2729 3544 2848 3611 ἔχω
2884 3543 2991 3610 τὰς
3025 3546 3358 3614 μαρτυρίας
3390 3547 3488 3601 τοῦ
3524 3550 3726 3621 Κυρίου

2154 3631 2480 3702 ἐγγράφως,
2514 3630 2612 3685 καὶ
2641 3631 2729 3685 ὅτι
2758 3634 2831 3687 οὐ
2854 3634 3156 3703 ,βούλομαι
3189 3636 3297 3690 τὸν
3325 3636 3593 3693 θάνατον
3624 3640 3725 3695 τοῦ

2155 3722 2528 3794 ἁμαρτωλοί),
2558 3722 2638 3789 ὡς
2670 3721 2784 3791 τὴν
2807 3725 3154 3793 μετάνοιαν,
3188 3727 3285 3781 καί
3321 3726 3387 3781 τὸ
3426 3729 3726 3799 ἀποστρα-

2154 3817 2341 3887 φῆναι
2371 3815 2558 3871 αὐτὸν
2588 3814 2707 3870 ἀπὸ
2732 3815 2839 3885 τῆς
2864 3816 3009 3873 ὁδοῦ
3033 3817 3144 3886 τῆς
3168 3819 3459 3887 πονηρᾶς,
3496 3823 3595 3876 καὶ
3626 3823 3725 3891 ζῇν

2154 3912 2360 3968 αὐτόν.
2400 3911 2499 3965 Διά
2546 3913 2703 3965 τοίτο
2748 3913 2857 3984 γάρ
2906 3913 3175 3984 κατῆλθεν
3211 3914 3405 3979 αὐτὸς,
3462 3916 3551 3969 ἵνα
3605 3918 3722 3981 τοὺς

2153 4002 2511 4075 ἁμαρτωλοὺς
2541 4002 2711 4077 σώσῃ,
2752 4004 2875 4067 τοὺς
2905 4008 3131 4075 νεκροὺς
3165 4008 3444 4081 ἀνεγείρῃ,
3479 4012 3608 4074 τοὺς
3640 4029 3722 4063 τε·

2154 4092 2566 4163 θανατωμένους
2614 4096 2961 4167 ζωοποιήσῃ,
3004 4098 3130 4160 τοὺς
3180 4099 3239 4152 ὲν
3274 4100 3347 4169 τῷ
3388 4102 3573 4155 σκότει
3613 4121 3722 4170 φω-

2151 4186 2297 4260 τίσῃ.
2338 4185 2579 4258 Ἀληθῶς
2612 4188 2718 4260 γὰρ
2769 4188 2937 4241 ἐλθὼν
2971 4190 3049 4253 εἰς
3089 4191 3362 4245 υἱοθεσίαν
3408 4194 3558 4263 ἡμᾶς
3597 4198 3723 4249 ἐκά-

2152 4279 2328 4346 λεσεν,
2361 4281 2439 4343 εἰς
2468 4279 2621 4332 πόλιν
2653 4280 2836 4347 ἁγίαν,
2866 4281 3310 4352 εἰρηνευομένην,
3343 4285 3422 4347 είς
3455 4285 3601 4355 ζωὴν
3624 4288 3721 4357 τὴν

2156 4371 2422 4442 μηδέποτε
2446 4370 2915 4443 ἀποθνήσκουσαν,
2943 4374 3022 4436 είς
3042 4372 3201 4437 δόξαν
3225 4373 3523 4445 ἄφθαρτον.
3549 4380 3722 4433 Μόνον

2152 4465 2314 4534 ἡμεῖς
2350 4466 2416 4535 τῇ
2457 4464 2598 4534 ἀρχῇ
2645 4464 2802 4534 ἡμῶν
2831 4464 3012 4534 δῶμεν
3058 4464 3209 4529 τέλος
3251 4466 3497 4534 ἀγαθόν’
3526 4471 3721 4542 ὲμμεξο

473 4574 707 4636 perlate,
756 4567 1219 4637 peregrinatione,
1264 4567 1557 4623 aﬁlictione
1589 4576 1643 4623 et
1676 4570 2044 4638 postulatione

2162 4574 2331 4627 awpev
2380 4558 2445 4627 τῇ
2482 4554 2747 4627 πτωχείᾳ,
2797 4557 2862 4625 τῇ
2896 4555 3166 4626 ξενητείᾳο
3208 4558 3274 4627 τῇ
3315 4538 3616 4632 κακουχειιξ
3654 4566 3718 4633 τῇ

472 4674 603 4727 erga
633 4658 829 4725 Deum,
864 4659 1071 4728 absque
1102 4660 1214 4713 ullo
1246 4660 1457 4729 pudore
1486 4661 1771 4731 pulsantes
1796 4662 2042 4732 ianuam.

472 4749 945 4817 Quemadmodum
1030 4750 1179 4805 enim
1255 4766 1456 4820 corpus
1532 4752 1903 4822 propinquum
1962 4762 2045 4808 est

472 4842 689 4906 animm,
743 4841 817 4895 ita
869 4841 1095 4912 propior
1125 4850 1211 4897 est
1238 4841 1505 4897 Dominus
1533 4841 1599 4897 ad
1632 4842 1963 4897 veniendum
1990 4853 2046 4897 ct

471 4928 836 4999 aperiendum
856 4928 1105 4983 occlusas
1126 4928 1273 4983 fores
1298 4928 1502 4994 cordis,
1529 4937 1587 4983 et
1609 4928 1677 4983 ad
1702 4928 2043 5000 largiendum

471 5022 632 5076 nobis
669 5020 891 5076 divitias
917 5021 1191 5076 caelestes.
1219 5022 1404 5075 Bonus
1447 5020 1718 5091 siquidem
1754 5031 1838 5077 est
1865 5033 1921 5078 et
1944 5024 2034 5077 Ιιο-

472 5114 683 5168 minum
710 5128 933 5178 amans;
968 5122 1025 5167 et
1053 5112 1293 5167 falsitate
1326 5113 1445 5183 eius
1500 5113 1894 5183 promissiones
1949 5132 2041 5170 ca-

474 5213 616 5269 rent,
652 5204 816 5259 modo
844 5219 947 5259 nos
988 5218 1406 5274 perseveremus
1446 5203 1515 5257 ad
1562 5203 1723 5257 ﬁnem
1772 5220 1943 5274 usque
1990 5206 2043 5259 in

472 5296 657 5351 studio
685 5311 810 5351 eum
832 5294 1138 5365 quaerendi.
1163 5294 1346 5351 Gloria
1370 5294 1820 5351 miserationibus
1842 5297 2041 5363 Patris,

473 5396 530 5443 et
557 5389 703 5455 Filii,
728 5398 783 5444 et
820 5388 1060 5459 Spiritus
1084 5388 1260 5444 sancti
1293 5386 1348 5443 in
1377 5388 1595 5443 saecula.
1630 5387 1822 5443 Amen.

2149 4650 2362 4721 αἰτήσει
2390 4652 2455 4720 τῇ
2489 4649 2623 4719 πρὸς
2664 4649 2756 4702 τὸν
2783 4648 2936 4714 Θεὸν,
2966 4650 3104 4720 μετὰ
3131 4650 3407 4715 ἀναιδείας
3433 4654 3721 4723 κρούοντες

2146 4738 2244 4809 τὴν
2298 4738 2487 4809 θύραν.
2541 4739 2752 4809 ’Ὠσπερ
2809 4736 2918 4807 γὰρ
2952 4739 3120 4805 ἐγγύς
3170 4741 3285 4793 ἐστι
3319 4742 3379 4794 τὸ
3430 4744 3593 4814 σῶμα
3624 4746 3721 4814 τῆς

2146 4830 2345 4899 ψυχῆς,
2396 4829 2566 4892 οὕτως
2608 4827 2905 4899 ὲγγύτερος
2951 4831 2979 4882 ὁ
3023 4830 3226 4899 Κύριος
3270 4831 3366 4885 τοῦ
3409 4834 3585 4889 ἐλθεῖν
3629 4838 3721 4888 καὶ

2148 4923 2356 4989 ἀνοῖξαι
2392 4922 2487 4985 τὰς
2525 4920 2922 4990 κεκλεισμένας
2970 4920 3139 4992 θύρας
3191 4924 3291 4993 τῆς
3336 4927 3598 4996 καρδίας,
3630 4930 3723 4982 καὶ

2151 5012 2499 5084 δωρήσασθαι
2533 5014 2666 5083 ἡμῖν
2695 5013 2787 5067 τὸν
2830 5011 3061 5065 πλοῦτον
3104 5014 3195 5067 τὸν
3234 5016 3506 5085 ούράνιον.
3558 5019 3720 5087 Ἀγα-

2151 5104 2241 5168 θὸς
2287 5106 2392 5176 γάρ
2422 5107 2537 5157 ἐστι
2574 5108 2666 5157 καὶ
2715 5103 3093 5175 φιλάνθρωπος
3115 5146 3129 5170 ,
3165 5107 3257 5159 καὶ
3303 5108 3554 5177 ἀψευδεῖς
3585 5113 3722 5164 εἰσιν

2150 5197 2317 5250 αὐτοῦ
2366 5198 2421 5250 αἱ
2452 5195 2815 5264 ἐπαγγελίαι,
2848 5196 3012 5266 μόνον
3049 5198 3145 5250 ἐὰν
3188 5198 3576 5269 ὑπομείνωμεν
3619 5202 3721 5263 ἓως

2148 5290 2334 5352 τέλους
2360 5288 2742 5359 ἐπιζητοῦντες
2772 5288 2952 5341 αὐτόν.
2981 5288 3117 5354 Δόξα
3147 5291 3260 5353 τοῖς
3284 5291 3587 5362 οἱκτιρμοῖς
3614 5295 3722 5347 Πα-

2148 5381 2296 5451 τρδς,
2336 5381 2432 5435 καὶ
2462 5378 2617 5446 Υἱοῦ,
2652 5379 2743 5433 καὶ
2772 5378 2929 5447 ἁγίου
2972 5378 3308 5451 Πνεύματος,
3335 5383 3414 5447 είς
3446 5385 3570 5449 τοὺς
3594 5382 3722 5438 αἰῶ-

2150 5493 2264 5538 νας.
2316 5474 2508 5545 Ἀμήν.
