3948 6540
188 324 287 388 557

779 441 1024 495 ΟΜΙΛΙΔ
1059 439 1159 494 lB‘.

188 527 324 603 Περζ
353 527 463 603 τῆς
491 529 762 603 στάσεως
788 532 894 603 τοῦ
927 532 1106 603 Ἀδᾲμ
1135 533 1250 602 πρὸ
1284 533 1389 588 τοῦ
1416 536 1755 603 παραϐηναι

257 599 444 673 αὐτόν
493 599 606 673 τὴν
643 599 904 673 ἐντολὴν
956 599 1076 673 (οὗ
1103 599 1284 673 Θεοῦ·
1345 603 1444 657 καὶ
1485 599 1648 673 μετὰ
1689 606 1754 659 τὸ

257 669 772 742 αὐτὸνμὼτολέσαι
795 671 892 742 καὶ
933 671 1048 739 τὴν
1086 671 1244 727 ιδίαν
1267 674 1474 727 εἰκόνα
1489 669 1605 728 ’καὶ
1642 675 1757 742 τὴν

255 737 635 814 ἐπορρὰνςον.
662 741 932 814 *Συνέχει
985 737 1084 796 καὶ
1123 744 1162 812 ἡ
1223 744 1428 814 ὁμιλία
1474 737 1756 813 ζητήσεις

255 808 424 874 τινὰς
453 809 617 864 πάνυ
642 808 999 880 ὠφελίμους.

251 918 332 975 A'.
381 921 443 973 '0
509 921 678 992 ’Δδάμ
718 923 816 993 τὴν
867 924 1088 996 ἐντολὴν
1139 925 1428 998 παραὸἀς,
1469 929 1611 982 κατὰ
1661 927 1756 982 δύο

182 1009 420 1080 τρόπους
465 1011 713 1066 ἀπώλετο
737 1028 750 1043 ⁶
790 1013 887 1067 ἕνα
922 1016 1041 1085 μὲν,
1086 1015 1168 1069 ὅτι
1191 1015 1439 1069 ἀπώλεσε
1469 1017 1534 1070 τὸ
1569 1019 1754 1088 κτῆμα

180 1100 242 1154 τὸ
277 1102 520 1172 καθαρὸν
549 1103 648 1172 τῆς
694 1103 908 1172 φύσεως
947 1105 1132 1174 αὐτοῦ,
1179 1106 1240 1159 τὸ
1272 1106 1496 1178 ὡραῖον,
1527 1109 1586 1160 τὺ
1631 1109 1752 1162 κατ’

180 1192 369 1246 εἰκόνα
403 1194 496 1246 καὶ
529 1193 787 1264 ὁμοίωσιν
826 1195 960 1248 Θεοῦ
982 1212 995 1227 ·
1027 1195 1212 1266 ἕτερον
1239 1197 1318 1261 δὲ,
1354 1199 1436 1251 ὅτι
1474 1198 1754 1252 ἀπώλεσεν

179 1283 352 1354 αὐτὴν
381 1283 479 1355 τὴν
525 1284 728 1350 εἰκόνα,
760 1287 818 1339 ἐν
937 1287 1194 1340 ἀπέκειτο
1224 1288 1374 1360 αὐτῷ
1419 1290 1541 1342 κατ’
1579 1291 1754 1360 ἐπαγ-

179 1375 366 1442 γελίαν
401 1377 435 1447 ἡ
475 1377 795 1446 ἐπουράνιος
828 1381 978 1432 πᾶσα
1019 1379 1373 1450 κληρονομία.
1418 1381 1630 1452 Ὥσπερ
1659 1385 1754 1438 ἐὰν

176 1463 213 1537 ᾗ
241 1467 503 1538 νόμισμα,
541 1469 639 1538 τὴν
666 1471 848 1523 εἰκόνα
875 1471 970 1524 τοῦ
1001 1470 1264 1542 βασιλέως
1293 1472 1435 1542 ἔχον,
1467 1474 1562 1527 καὶ
1595 1475 1753 1528 τοῦτο

179 1562 572 1630 παραχαραγῇ,
613 1561 641 1612 ὁ
689 1563 888 1632 χρυσός
925 1580 982 1615 τε
1014 1562 1282 1628 ἀπώλετο,
1319 1566 1412 1618 καὶ
1441 1568 1474 1636 ἡ
1502 1566 1665 1620 εἰκὼν
1692 1567 1751 1620 οὐ

175 1653 529 1721 χρησιμεύει,
554 1655 796 1708 τοιοῦτον
829 1655 998 1710 ἔπαθε
1021 1659 1115 1710 καὶ
1140 1659 1169 1711 ὁ
1209 1659 1380 1730 Ἀδάμ
1400 1677 1413 1691 ο
1443 1664 1616 1732 μέγας
1644 1665 1754 1735 γὰρ

1380 329 1569 390 ΗΘΜ]
1579 327 1748 396 LIB.
1771 353 1840 365 -·

1863 328 2050 390 ΗΟΜ.
2091 327 2230 388 ΧΠ.
3323 323 3426 386 558

2439 439 2723 496 llOMlLlA
2758 439 2870 493 XII.

1857 533 1934 588 De
1960 539 2104 587 statu
2125 531 2254 588 Atla:
2297 541 2584 602 antequam
2635 529 3094 602 transgrederetur
3118 529 3426 602 "laudatum

1920 603 2060 658 Dei:
2089 613 2138 657 et
2181 599 2461 673 postquam
2501 603 2678 656 amisit
2725 599 2998 673 propriam
3060 616 3122 652 ac
3163 599 3427 673 calestem

1925 669 2232 744 imaginem,
2255 669 2496 744 continet
2540 687 2742 743 quoque
2760 669 2977 726 humilia
3003 669 3260 740 quasdam
3285 685 3429 740 qua:-

1919 741 2113 798 stiones
2145 743 2297 797 valde
2329 741 2504 798 utiles.

1789 445 1835 501 Δ

1926 920 1966 976 l.
2001 920 2174 976 Adam
2221 929 2593 993 transgressus
2623 920 2958 983 mandatum,
2998 916 3217 971 duobus
3251 913 3427 968 modis

1856 1013 2023 1081 periit
2057 1029 2072 1066 :
2110 1029 2221 1068 uno
2243 1013 2490 1083 quidem,
2522 1011 2671 1082 quod
2720 1011 2962 1082 perdidit
3023 1007 3424 1078 possessionem

1855 1119 2050 1170 puram
2079 1114 2290 1159 natum
2331 1119 2466 1169 suae,
2492 1104 2819 1172 speciosam,
2852 1110 2908 1158 et
2951 1099 3257 1156 secundum
3286 1098 3424 1151 ima-

1855 1197 2036 1267 ginem
2059 1211 2123 1250 ac
2143 1193 2564 1250 similitudinem
2586 1193 2683 1248 Dei
2705 1193 2982 1248 conditam
3013 1211 3024 1246 :
3069 1193 3242 1247 altero
3268 1206 3421 1252 vero,

1854 1285 2002 1356 quod
2034 1283 2276 1355 perdidit
2314 1285 2487 1353 ipsam
2524 1283 2839 1352 imaginem,
2879 1281 2933 1335 in
2963 1297 3070 1351 qua
3101 1280 3339 1349 reposita
3372 1278 3422 1331 ei

1853 1376 2147 1446 cratjuxta
2175 1373 2616 1443 promissionem,
2656 1381 2770 1426 tota
2826 1371 3116 1426 lnereditas
3159 1371 3418 1426 cmlestis.

1853 1465 2090 1521 Perinde
2115 1480 2180 1518 ac
2210 1463 2256 1518 si
2287 1463 2358 1518 sit
2387 1471 2628 1526 moneta,
2667 1461 2902 1530 imagine
2944 1461 3090 1531 regis
3137 1461 3418 1529 insignita,

1854 1573 1975 1628 qua:
2008 1557 2054 1612 si
2083 1556 2448 1621 adulteretur,
2473 1562 2530 1609 et
2570 1569 2765 1607 aurum
2796 1553 2963 1622 perit,
2999 1561 3055 1607 ct
3103 1552 3279 1623 imago
3313 1552 3422 1623 46,

1853 1651 2061 1706 nullius
2095 1658 2179 1706 est
2206 1649 2368 1720 pretii
2412 1665 2426 1702 :
2467 1647 2570 1702 tale
2601 1646 2882 1716 quippiam
2915 1644 3102 1699 evenit
3129 1643 3290 1707 Adae;
3330 1643 3416 1696 in-

172 1748 410 1840 πλοῦτος
439 1751 532 1804 καὶ
548 1751 773 1840 ᾲμεγάλη
805 1753 838 1822 ἠ
869 1751 1204 1825 κληρονομία
1233 1757 1555 1828 εὐτρέπιστο
1578 1759 1741 1832 αὐτῷ.

1853 1753 2046 1813 gentes
2071 1741 2357 1810 siquidem
2406 1739 2636 1804 divitiae,
2685 1746 2740 1793 et
2789 1747 2982 1808 magna
3031 1736 3323 1791 haereditas
3369 1737 3418 1789 ci

173 1838 392 1910 Ὠσπερ
417 1841 513 1894 ὲάν
603 1843 800 1914 χωρίον
827 1845 992 1915 μέγα,
1027 1847 1121 1899 καὶ
1148 1847 1306 1901 τοῦτο
1332 1847 1430 1921 ἔχῃ
1453 1852 1746 1921 προσόδους

168 1931 400 1998 πολλὰς,
433 1934 550 1986 ἐκεῖ
585 1933 827 2005 ἄμπελος
861 1937 1180 2005 εὐθῦνουσα,
1226 1941 1343 1994 ἐκεῖ
1367 1942 1542 2014 χῶραι
1583 1945 1745 2014 εὐφο-

169 2022 388 2092 ροῦσαι,
417 2025 531 2078 ἐκεῖ
554 2025 765 2092 ἀγέλαι,
794 2027 914 2080 ἐκεῖ
931 2028 1130 2098 χρυσὸς
1155 2031 1247 2083 καὶ
1275 2030 1514 2104 ἄργυρος
1532 2051 1547 2066 ο
1571 2033 1746 2102 οὕτως

163 2108 240 2184 ἦν
287 2114 468 2186 τίμιον
512 2115 574 2170 τὸ
606 2119 806 2189 χωρίον
845 2119 954 2189 πρὸ
999 2121 1099 2190 τῆς
1147 2124 1465 2192 παρακοῆς,
1514 2125 1648 2178 αὐτὸ
1685 2127 1745 2180 τὸ

165 2204 367 2270 σκεῦος
395 2207 490 2260 τοῦ
531 2208 718 2278 Ἀδάμ,
770 2209 910 2263 Ἀλλ’
939 2211 1124 2282 ἐπειδὴ
1170 2213 1316 2267 κακά
1355 2213 1479 2285 ἔσχε
1531 2216 1744 2288 διανοή-

162 2311 324 2363 ματα
355 2295 450 2350 καὶ
479 2296 793 2368 λογισμοὺς,
831 2299 1080 2354 ἀπώλετο
1110 2301 1216 2354 ἀπὸ
1244 2303 1336 2356 τοῦ
1361 2303 1518 2360 Θεοῦ.

238 2471 316 2527 B’.
350 2473 427 2526 Οὗ
459 2473 690 2546 λέγομεν
710 2475 766 2530 δὲ
801 2478 881 2531 ὅτι
911 2478 1158 2534 ἀπώλετο
1185 2482 1244 2536 τὸ
1272 2483 1390 2537 ὅλον
1422 2485 1515 2539 καὶ
1542 2488 1739 2558 ἠφανί-

155 2563 293 2634 σθη,
327 2568 421 2620 καὶ
442 2568 709 2624 ἀπέθανεν
727 2586 743 2601 ο
770 2570 879 2624 ἀπὸ
899 2571 994 2625 τοῦ
1011 2572 1146 2627 Θεοῦ
1177 2575 1440 2644 ἀπέθανε,
1463 2582 1527 2650 τῇ
1553 2580 1607 2632 δὲ
1635 2582 1740 2654 ἰδίᾳ

153 2655 330 2721 ςσῦσει
356 2657 445 2728 ζῇ.
502 2659 630 2713 Ἰδοὺ
661 2662 771 2732 γὰρ
799 2662 919 2726 δλος
948 2665 976 2716 ό
1016 2665 1219 2736 κόσμος
1254 2673 1548 2738 περιπατεί
1579 2673 1638 2724 ὲν
1669 2676 1736 2746 τῇ

151 2747 270 2817 γῇ,
306 2747 405 2802 καὶ
457 2752 940 2820 πραγματεύεται·
993 2755 1110 2808 ἀλλ’
1139 2757 1415 2830 ὀφθαλμὸς
1460 2760 1553 2814 τοῦ
1601 2764 1737 2818 Θεοῦ

153 2837 361 2900 βλέπει
401 2839 562 2893 αὐτὸν
588 2841 678 2893 τὸν
709 2842 856 2905 νοῦν,
894 2845 989 2898 καὶ
1017 2846 1117 2910 τάς
1151 2848 1498 2922 ἐνθυμήσεις,
1533 2855 1628 2907 καὶ
1661 2855 1738 2920 ὡς

153 2929 513 2998 περιϐλέπει,
543 2933 636 2986 καὶ
671 2936 1046 3006 παραϐλέπει,
1082 2938 1177 2992 καὶ
1209 2941 1270 2992 οὐ
1301 2944 1445 2995 ποιεῖ
1472 2945 1530 2996 ὲν
1554 2946 1737 3010 αὐτοῖς

150 3020 454 3074 κοινωνίαν
477 3064 492 3086 ,
533 3023 722 3095 ἐπειδὴ
745 3026 896 3080 οὐδὲν
923 3029 1220 3099 εὐάρεστον
1244 3031 1322 3102 τῷ
1349 3032 1468 3105 Θεῷ
1496 3035 1738 3105 λογίζον-

1851 1839 2154 1904 pmparata
2183 1839 2320 1886 erat.
2346 1830 2582 1886 Perinde
2609 1845 2672 1884 ac
2695 1829 2738 1884 si
2765 1829 2835 1882 sit
2864 1829 3127 1898 praedium
3153 1827 3415 1896 amplum,

1848 1925 2093 1994 illudque
2122 1925 2326 1980 multos
2356 1923 2557 1978 habeat
2609 1924 2842 1986 reditus,
2876 1922 2932 1975 in
2979 1937 3090 1992 quo
3128 1921 3200 1974 sit
3258 1921 3415 1974 vinea

1845 2017 2154 2082 fructuosa;
2190 2015 2412 2086 illicque
2443 2016 2553 2069 sint
2594 2015 2803 2070 fertiles
2851 2014 2988 2084 agri,
3030 2013 3142 2066 illic
3199 2028 3413 2081 greges,

1846 2109 2067 2180 illicque
2099 2124 2297 2163 aurum
2327 2117 2383 2163 et
2407 2114 2692 2177 argentum
2730 2123 2742 2159 :
2780 2104 2854 2157 ita
2883 2120 2977 2157 vas
3001 2103 3130 2156 Adae
3169 2111 3294 2155 ante
3326 2103 3411 2155 in-

1843 2199 2216 2256 obedientiam
2242 2206 2360 2254 erat
2391 2205 2649 2267 tanquam
2678 2195 2943 2266 praedium
2968 2192 3243 2263 quoddam
3287 2207 3412 2262 pre-

1845 2292 2068 2347 tiosum.
2095 2291 2297 2346 Verum
2329 2289 2422 2344 ubi
2455 2288 2639 2359 pravis
2672 2286 2998 2342 commentis
3021 2292 3078 2340 et
3121 2283 3410 2355 cogitatio-

1842 2382 2008 2439 nibus
2031 2397 2088 2438 se
2117 2379 2367 2445 involvit,
2397 2379 2563 2450 periit
2591 2395 2622 2433 a
2647 2378 2780 2434 Deo.

1913 2470 1978 2524 ll.
2018 2469 2138 2525 Non
2181 2479 2358 2525 tamen
2388 2469 2645 2534 dicimus,
2681 2468 2828 2538 quod
2861 2477 3008 2524 totus
3061 2467 3312 2538 perierit,
3359 2476 3414 2522 et

1839 2562 2143 2617 exstinctus
2167 2577 2232 2617 ac
2255 2570 2506 2615 mortuus
2531 2560 2603 2615 sit
2637 2577 2650 2613 :
2683 2575 2714 2614 a
2743 2568 3040 2630 conspectu
3065 2559 3160 2615 Dei
3189 2559 3410 2629 quidem

1841 2663 2092 2711 mortuus
2129 2666 2235 2724 est,
2267 2673 2364 2712 sua
2412 2665 2597 2711 autem
2652 2665 2848 2711 natura
2883 2656 3036 2711 vivit.
3074 2657 3215 2712 Ecce
3263 2655 3411 2711 enim

1842 2749 2136 2804 universus
2166 2749 2406 2804 mundus
2451 2748 2696 2804 ambulat
2750 2748 2803 2802 in
2864 2758 3032 2813 terra,
3081 2757 3136 2803 et
3192 2750 3410 2817 negotia

1839 2843 2052 2914 peragit
2085 2858 2099 2896 :
2134 2851 2189 2896 at
2214 2843 2410 2897 oculus
2437 2843 2529 2896 Dei
2562 2841 2711 2896 videt
2745 2841 2916 2910 ipsam
2957 2849 3196 2894 mentem
3224 2855 3287 2894 ac
3316 2856 3410 2895 co—

1839 2935 2152 3006 gitationes,
2185 2942 2240 2989 et
2267 2934 2425 3004 quasi
2459 2934 2684 3003 respicit
2721 2942 2777 2988 et
2825 2933 3079 3004 despicit,
3132 2949 3234 2988 nec
3285 2949 3408 2988 cum

1839 3022 1921 3079 eis
1945 3024 2112 3078 ullam
2144 3023 2462 3078 societatem
2491 3024 2626 3089 init;
2662 3023 2791 3093 quia
2841 3024 2979 3078 nihil
3015 3023 3162 3093 quod
3196 3033 3409 3094 gratum

148 3127 272 3165 ται,
307 3111 525 3185 Ὠσπερ
569 3115 663 3169 ἐὰν
703 3111 807 3172 ὦσι
849 3120 1175 3190 πανδοχεῖα,
1228 3124 1321 3178 καὶ
1352 3129 1610 3198 πορνεῖα,
1644 3133 1739 3185 καὶ

1851 3116 1914 3171 sit
1953 3115 2066 3171 Deo
2099 3115 2525 3186 cogitationibus
2570 3115 2893 3169 moliuntur.
2948 3115 3184 3171 Perinde
3242 3132 3305 3172 ac
3363 3117 3409 3172 si

147 3203 318 3256 τόποι
349 3206 484 3259 ὅπου
521 3207 736 3273 ἀταξῐαι
769 3211 1011 3279 γίνονται
1047 3215 1142 3268 καὶ
1172 3214 1402 3272 ἀσωτίαι
1422 3233 1438 3250 ο
1471 3220 1658 3277 λοιπὸν
1689 3227 1737 3278 οἱ

151 3297 444 3363 Θεοσεεεῖς
484 3303 884 3374 παρερχόμενοι
927 3307 987 3359 οὔ
1028 3306 1444 3379 βδελύσσονται,
1477 3315 1572 3370 καὶ
1616 3315 1737 3387 βλέ-

150 3407 366 3453 ποντες
409 3393 470 3444 οὐ
517 3391 836 3464 βλέπουσιν;
873 3398 948 3463 ὡς
978 3401 1147 3470 νεκρά
1179 3401 1289 3473 γάρ
1327 3405 1513 3468 αὐτοῖς
1554 3407 1736 3460 ἐστιν’

148 3481 309 3536 οὕτω
337 3482 434 3537 καὶ
469 3484 498 3536 ό
539 3485 671 3551 Θεδς
712 3489 806 3541 ἐπὶ
830 3491 956 3553 τοὺς
1000 3493 1488 3567 ἀποστατήσαντας
1521 3498 1612 3553 διὰ
1643 3502 1736 3556 τοῦ

145 3573 325 3642 λόγου
352 3574 553 3644 αὑτοῦ,
583 3577 682 3630 καὶ
728 3579 836 3633 ἀπὸ
874 3581 974 3649 τῆς
1017 3584 1258 3655 ἐντολῆς,
1294 3588 1577 3643 ὲπιὸλέπει
1614 3593 1734 3662 μὲν,

143 3665 302 3718 ἀλλὰ
335 3667 683 3737 παραδλέπει
724 3672 924 3736 αὐτοὺς
944 3714 958 3737 ,
989 3676 1082 3728 καὶ
1121 3677 1182 3730 εὖ
1215 3680 1361 3731 ποιεῖ
1386 3681 1504 3733 ἐκεῖ
1544 3699 1736 3738 κοινω-

142 3757 282 3810 νίαν
303 3797 320 3821 ,
353 3757 478 3812 οὔτε
513 3760 924 3818 ἐπαναπαύεται
958 3765 1039 3830 εἰς
1081 3765 1207 3833 τοὺς
1236 3766 1530 3842 λογισμοὺς
1558 3774 1737 3832 αὐτῶν

136 3850 175 3901 ὁ
221 3849 457 3922 Κύριος.

227 3942 308 3997 Ρ.
362 3943 707 4012 Ἐρώτησις.
735 3947 870 4015 Πῶς
897 3965 988 4016 τις
1025 3949 1273 4008 δύναται
1311 3949 1463 4010 εἷναι
1501 3957 1738 4027 πτωχὸς

135 4033 236 4100 τῷ
267 4037 588 4105 πνεύματι,
611 4037 882 4108 μάλιστα
912 4039 1012 4094 ὅτε
1036 4043 1297 4115 αισθηθῇ
1323 4045 1392 4101 ἐν
1410 4047 1620 4115 ἐαυτῷ,
1649 4050 1738 4105 ὅτι

121 4125 443 4195 μετετέθη
486 4128 586 4182 καὶ
617 4130 917 4201 προέκοψε
935 4135 1070 4207 ,ἶκαὶ
1093 4139 1179 4202 εἰς
1206 4139 1432 4206 γνῶσιν
1463 4142 1564 4197 και
1586 4145 1737 4198 σύν-

121 4231 295 4274 εσιν
319 4212 532 4288 ἦλθεν,
565 4217 645 4286 ἢν
673 4221 738 4274 τὸ
768 4223 1059 4292 πρότερον
1085 4227 1197 4279 οὐκ
1225 4221 1392 4295 εἶχεν
1406 4243 1426 4293 ;

229 4309 602 4378 Ἀπόκρισις.
637 4311 782 4376 Ἕως
813 4307 874 4368 οὗ
901 4315 1075 4370 ταῦτά
1103 4333 1188 4380 τις
1216 4318 1409 4371 κτᾶται
1433 4360 1447 4383 ,
1483 4320 1576 4373 καὶ
1605 4337 1737 4392 προ-

121 4400 389 4467 κόπτει,
430 4402 530 4455 οὐκ
568 4402 684 4455 ἐστι
721 4406 938 4474 πτωχὸς
976 4405 1053 4476 τῷ
1092 4406 1385 4476 πνεύματι,
1419 4408 1534 4462 ἀλλ’
1563 4409 1734 4464 οῐεται

117 4493 283 4561 περὶ
315 4493 514 4546 ἑαυτοῦ
537 4510 550 4524 ⁸
590 4494 720 4548 ὅταν
749 4495 807 4550 δὲ
833 4495 959 4568 ἔλθῃ
1007 4499 1086 4560 εἰς
1113 4498 1316 4569 ταύτην
1352 4501 1452 4570 τὴν
1518 4501 1733 4556 σύνεσιν

112 4584 237 4636 καὶ
310 4582 414 4652 τὴν
463 4585 786 4654 προκοπὴν,
837 4585 978 4655 αῦτη
1027 4587 1252 4656 ήχάριε
1293 4587 1532 4642 διδάσκει
1568 4591 1731 4644 αὐτὸν

108 4667 297 4726 εἶναι
331 4673 548 4742 πτωχὸν
573 4673 651 4744 τῷ
673 4673 962 4744 πνεύματι,
990 4675 1082 4730 τὸν
1106 4676 1235 4730 ὄντα
1253 4678 1375 4732 τινὰ
1400 4679 1608 4734 δίκαιον
1638 4682 1731 4734 καὶ

105 4763 418 4817 ἐκλεκτὸν
461 4763 632 4828 Θεοῦ,
668 4765 743 4836 μὴ
786 4765 1036 4834 ἡγεῖσθαί
1081 4783 1134 4819 τι
1168 4767 1361 4820 ἑαυτὸν
1407 4765 1579 4837 εἶναι,
1611 4771 1730 4824 ἀλλ’

103 4857 218 4928 ξχε
232 4873 298 4908 ιν
328 4855 430 4925 τὴν
469 4854 645 4925 ψυχὴν
675 4854 841 4910 αὑτοῦ
872 4856 1065 4926 ἄτιμον
1104 4857 1197 4910 καὶ
1256 4857 1726 4930 ὲξουδενουμένην,

97 4951 198 5007 ὡς
237 4946 431 5016 μηδὲν
462 4945 636 4999 εἰδότα
667 4945 700 5016 ἦ
736 4945 950 5017 ἔχοντα,
981 4946 1159 5001 καίτοι
1186 4948 1361 5002 εἰδότα
1391 4950 1486 5004 καὶ
1513 4951 1724 5020 ἔχοντα.

94 5040 325 5095 Τοῦτο
348 5038 422 5090 δὲ
448 5038 523 5101 ὡς
550 5039 776 5107 φυσικὸν
813 5039 909 5093 καὶ
939 5039 1154 5110 πηκτὸν.
1179 5041 1388 5109 γίνεται
1414 5041 1508 5094 ἐπὶ
1534 5043 1612 5114 τῷ
1646 5043 1728 5096 νοῒ

88 5133 236 5186 τῶν
265 5129 605 5201 ἀνθρώπων.
630 5131 742 5200 Οὐχ
765 5132 895 5202 ὁρᾷς
914 5132 944 5184 ό
966 5133 1262 5204 προπάτωρ
1282 5135 1441 5204 ήμῶν
1477 5135 1726 5207 Ἀϐραὰμ

85 5225 189 5278 ὣν
241 5221 546 5287 ἐκλεκτὸς,
577 5222 681 5291 γῆν
710 5223 900 5277 ἑαυτὸν
921 5229 1014 5277 καὶ
1043 5225 1236 5278 σποδὸν
1264 5225 1546 5296 ὡνόμαζε;
1579 5229 1669 5280 καὶ
1697 5230 1726 5282 ὁ

83 5316 339 5378 Δαὸιδ,
361 5313 608 5395 χρισθεὶς
640 5315 719 5377 εἰς
746 5315 994 5385 βασιλέα,
1018 5317 1152 5370 Θεὸν
1182 5312 1296 5388 εἶχε
1334 5318 1450 5388 μεθ’
1487 5319 1680 5374 ἑαυτοῦ
1709 5335 1724 5352 ⁶

81 5414 208 5466 καὶ
242 5408 318 5462 τι
343 5408 493 5476 λέγει
515 5405 800 5475 ςΣκώληξ
822 5409 938 5478 εἰμὶ
968 5409 1066 5463 καὶ
1089 5411 1199 5464 οὐκ
1227 5411 1554 5478 ἄνθρωπος,
1585 5410 1730 5467 ὄνει-

74 5505 217 5570 δος
258 5497 632 5567 ἀνθρώπων,
671 5499 771 5554 καὶ
793 5499 1172 5570 ἐξουδένωμα
1201 5502 1386 5556 λαῶν.

169 5599 273 5648 Δ’.
327 5593 395 5644 οι
423 5586 521 5644 οῦν
555 5590 796 5657 θέλοντες
827 5591 1033 5647 τούτων
1063 5589 1201 5647 εἶναι
1250 5595 1684 5664 συγκληρονόμοι
1707 5634 1723 5661 ,

1765 4453 1810 4508 D

1841 3206 1951 3261 sint
1975 3206 2278 3261 diversoria
2319 3221 2383 3260 ae
2426 3207 2731 3278 lupanaria,
2784 3215 2838 3261 et
2891 3207 3031 3272 loca,
3085 3209 3174 3263 ubi
3228 3208 3412 3266 omnia

1841 3297 2220 3368 incompositis
2252 3297 2500 3352 moribus
2532 3312 2596 3352 ac
2625 3298 3057 3366 intemperanter
3088 3310 3354 3369 geruntur
3395 3319 3408 3352 :

1839 3399 2028 3460 postea
2059 3388 2104 3443 si
2136 3389 2376 3460 religiosi
2408 3389 2660 3443 homines
2691 3398 2991 3452 transeant,
3035 3407 3216 3445 nonne
3257 3409 3413 3446 exsc-

1839 3483 2108 3538 crantur?
2146 3490 2203 3538 et
2233 3482 2484 3537 videntes
2508 3497 2617 3536 non
2642 3480 2833 3535 vident
2865 3499 2878 3534 :
2913 3482 3064 3552 (sunt
3103 3483 3249 3539 enim
3305 3483 3412 3536 illis

1838 3574 1995 3646 quasi
2025 3585 2244 3630 mortua
2272 3576 2326 3644 :)
2363 3573 2445 3630 sic
2474 3575 2622 3628 Deus
2651 3589 2876 3628 aversos
2906 3590 2937 3627 a
2967 3574 3137 3627 verbo
3164 3590 3228 3628 ac
3266 3590 3414 3627 man-

1839 3667 1969 3724 dato
1997 3683 2100 3723 suo
2149 3667 2376 3738 respicit
2404 3666 2673 3736 (quidem;
2711 3674 2953 3721 attamen
3005 3666 3240 3736 despicit
3291 3683 3408 3728 eos.

1838 3777 1942 3818 nec
1969 3776 2094 3817 cum
2119 3760 2200 3816 eis
2228 3760 2401 3815 ullum
2437 3759 2831 3814 commercium
2881 3759 3033 3824 colit,
3074 3775 3175 3815 nec
3229 3760 3412 3830 requie

1837 3853 1978 3909 escit
2003 3853 2058 3906 in
2085 3850 2514 3923 cogitationibus
2543 3850 2766 3904 illorum
2795 3851 3080 3913 Dominus.~

1907 3943 1999 3998 lll.
2037 3942 2413 4012 Interrogatio.
2457 3940 2728 4006 Quomodo
2771 3943 2886 4013 quis
2931 3951 3097 4013 potest
3141 3959 3248 3996 esse
3277 3960 3384 4013 pan

1837 4029 1931 4106 per
1957 4035 2168 4104 spiritu,
2197 4035 2424 4087 maxime
2450 4050 2567 4087 cum
2595 4034 2817 4087 senserit
2856 4035 2998 4104 apud
3021 4051 3094 4099 se,
3129 4052 3184 4088 se
3228 4045 3408 4089 trans-

1838 4125 2007 4179 latum
2034 4141 2143 4180 esse
2165 4142 2228 4179 ac
2252 4125 2551 4195 profecisse,
2581 4133 2631 4177 et
2658 4126 3007 4195 cognitionem
3059 4135 3218 4197 atque
3248 4127 3408 4180 intel-

1839 4213 2112 4287 ligentiam
2156 4221 2488 4269 consecutum
2528 4232 2658 4281 esse,
2689 4233 2796 4288 qua
2825 4225 2982 4272 antea
3011 4218 3222 4271 carebat
3245 4219 3270 4270 7

1907 4303 2485 4375 Responsio.Quandiu
2516 4306 2632 4360 haec
2659 4307 2783 4376 quis
2809 4307 3052 4376 possidet
3081 4315 3136 4362 et
3168 4308 3406 4377 prolicit.

1839 4411 1950 4450 non
1975 4404 2062 4450 est
2091 4410 2302 4466 pauper
2323 4396 2543 4467 spiritu,
2571 4397 2666 4452 sed
2690 4397 2758 4452 de
2781 4414 2840 4453 se
2870 4397 2988 4467 ipso
3007 4399 3086 4454 sic
3115 4402 3403 4469 opinatur:

1837 4489 2060 4560 quando
2098 4505 2229 4545 vero
2259 4492 2574 4567 pervenerit
2607 4491 2675 4546 ad
2705 4493 2869 4547 talem
2905 4493 3324 4564 intelligentiam
3348 4504 3407 4550 et

1837 4581 2170 4650 profectum,
2199 4581 2318 4650 ipsa
2341 4582 2514 4652 gratia
2537 4581 2700 4636 docet
2728 4597 2879 4649 eum,
2909 4583 3004 4653 qui
3034 4601 3092 4640 re
3119 4601 3246 4640 vera
3279 4587 3404 4655 qui-

1837 4671 1963 4728 dem
1991 4673 2173 4744 jnstus
2201 4680 2257 4726 et
2285 4673 2496 4728 electus
2526 4673 2626 4728 Dei
2657 4682 2764 4738 est,
2795 4689 2862 4728 ne
2888 4684 3049 4744 putet
3081 4691 3140 4730 se
3197 4677 3405 4747 aliquid

1835 4779 1974 4828 esse,
2005 4764 2101 4818 sed
2134 4763 2318 4818 animo
2359 4763 2458 4818 vili
2507 4773 2564 4818 et
2612 4764 2826 4834 abjecto
2854 4780 2913 4819 se
2943 4774 3113 4836 gerat,
3148 4774 3404 4836 tanquam

1833 4856 1973 4911 nihil
2001 4857 2183 4912 sciens
2211 4865 2305 4911 aut
2331 4855 2564 4921 habens,
2593 4855 2845 4925 quamvis
2887 4857 3025 4911 sciat
3073 4867 3132 4912 et
3181 4859 3401 4914 habeat.

1835 4947 1952 5002 Hoc
1985 4962 2116 5002 vero
2155 4956 2412 5017 tanquam
2441 4947 2689 5001 naturale
2731 4956 2786 5002 et
2833 4947 3058 5001 inﬁxum
3108 4949 3166 5002 in
3221 4960 3404 5005 mente

1835 5040 2125 5094 hominum
2171 5050 2275 5094 est.
2305 5039 2497 5093 Nonne
2539 5039 2714 5103 vides,
2750 5039 2991 5110 primum
3046 5048 3260 5109 patrem
3303 5057 3404 5096 no-

1833 5140 2008 5187 strum
2064 5130 2339 5185 Abraham
2375 5131 2437 5196 η,
2486 5145 2609 5184 cum
2654 5137 2799 5183 esset
2833 5129 3062 5194 electus,
3097 5139 3298 5184 terram
3346 5141 3401 5186 et

1831 5223 2076 5278 cinerem
2106 5238 2164 5277 se
2199 5223 2375 5292 ipsum
2406 5221 2762 5276 nominasse?
2808 5222 2876 5276 Et
2913 5221 3082 5275 David
3114 5231 3311 5276 unctus
3342 5223 3398 5275 in

1833 5331 2037 5388 regem,
2068 5316 2241 5370 Deum
2295 5315 2532 5370 habebat
2563 5331 2751 5370 secum
2774 5315 2837 5380 ‘9,
2869 5323 2924 5370 ct
2953 5331 3083 5370 sane
3113 5316 3244 5385 quid
3279 5317 3354 5370 ait
3377 5319 3400 5367 ἰ

1832 5409 2030 5464 Vermis
2057 5425 2193 5472 sum,
2225 5415 2273 5462 et
2313 5425 2416 5462 non
2454 5410 2628 5476 homo,
2658 5408 2996 5480 opprobrium
3021 5409 3312 5474 hominum,
3349 5417 3397 5461 et

1829 5503 2050 5574 abjectio
2073 5501 2232 5574 plebis
2255 5503 2324 5556 '°.

1901 5595 1989 5650 IV.
2029 5593 2133 5662 Qui
2170 5595 2364 5651 volunt
2395 5593 2563 5665 igitur
2591 5602 2712 5652 esSc
2749 5593 2946 5649 horum
2975 5590 3310 5656 cohaeredes,
3339 5595 3396 5644 et
3483 5615 3503 5632 ο

172 5750 232 5783 ⁸³
265 5747 429 5804 Gen.
463 5763 612 5815 xvnt,
642 5748 732 5802 27.
811 5747 892 5802 ⁸³1
923 5748 1070 5803 Sam.
1103 5765 1213 5816 xvi,
1248 5751 1310 5806 l5
1407 5752 1451 5782 ²⁰
1485 5749 1625 5805 Psal.
1653 5765 1780 5813 χχιι,
1805 5750 1858 5806 7.
