  <div class='ocr_page' id='page_1' title='image "/cluster/home/n/w/nwhite01/storage/ocr_20150623/34/hvd.32044019207760/291.png"; bbox 0 0 3948 6570; ppageno 0'>
   <div class='ocr_carea' id='block_1_1' title="bbox 504 314 609 379">
    <p class='ocr_par' dir='ltr' id='par_1_1' title="bbox 504 314 609 379">
     <span class='ocr_line' id='line_1_1' title="bbox 504 314 609 379; baseline -0.048 0"><span class='ocrx_word' id='word_1_1' title='bbox 504 314 609 379; x_wconf 75' lang='lat'><strong>55‘)</strong></span> 
     </span>
    </p>
   </div>
   <div class='ocr_carea' id='block_1_2' title="bbox 1739 317 2515 391">
    <p class='ocr_par' dir='ltr' id='par_1_2' title="bbox 1739 317 2515 391">
     <span class='ocr_line' id='line_1_2' title="bbox 1739 317 2515 391; baseline -0.003 -11"><span class='ocrx_word' id='word_1_2' title='bbox 1739 320 1797 380; x_wconf 89' lang='lat' dir='ltr'><strong>S.</strong></span> <span class='ocrx_word' id='word_1_3' title='bbox 1836 319 2155 391; x_wconf 73' lang='lat' dir='ltr'><strong>MACARII</strong></span> <span class='ocrx_word' id='word_1_4' title='bbox 2198 317 2515 383; x_wconf 74' lang='lat' dir='ltr'><strong>IEGYPTII</strong></span> 
     </span>
    </p>
   </div>
   <div class='ocr_carea' id='block_1_3' title="bbox 3638 322 3734 387">
    <p class='ocr_par' dir='ltr' id='par_1_3' title="bbox 3638 322 3734 387">
     <span class='ocr_line' id='line_1_3' title="bbox 3638 322 3734 387; baseline 0 0"><span class='ocrx_word' id='word_1_5' title='bbox 3638 322 3734 387; x_wconf 80' lang='lat'><strong>560</strong></span> 
     </span>
    </p>
   </div>
   <div class='ocr_carea' id='block_1_4' title="bbox 506 429 2096 506">
    <p class='ocr_par' dir='ltr' id='par_1_4' title="bbox 506 430 2082 506">
     <span class='ocr_line' id='line_1_4' title="bbox 506 430 2082 506; baseline 0.002 -20"><span class='ocrx_word' id='word_1_6' title='bbox 506 433 654 486; x_wconf 76' lang='lat' dir='ltr'><strong>cives</strong></span> <span class='ocrx_word' id='word_1_7' title='bbox 690 430 931 497; x_wconf 74' lang='lat' dir='ltr'><strong>civitatis</strong></span> <span class='ocrx_word' id='word_1_8' title='bbox 960 430 1223 503; x_wconf 65' lang='lat' dir='ltr'><strong>coztcstis,</strong></span> <span class='ocrx_word' id='word_1_9' title='bbox 1264 442 1321 499; x_wconf 72' lang='lat' dir='ltr'><strong>et.</strong></span> <span class='ocrx_word' id='word_1_10' title='bbox 1368 448 1494 491; x_wconf 78' lang='lat' dir='ltr'><strong>cum</strong></span> <span class='ocrx_word' id='word_1_11' title='bbox 1526 434 1610 492; x_wconf 78' lang='lat' dir='ltr'><strong>eis</strong></span> <span class='ocrx_word' id='word_1_12' title='bbox 1632 434 1953 506; x_wconf 74' lang='lat' dir='ltr'><strong>gloriﬁcari,</strong></span> <span class='ocrx_word' id='word_1_13' title='bbox 1985 433 2082 489; x_wconf 42' lang='lat' dir='ltr'><strong>de,</strong></span> 
     </span>
    </p>
   </div>
   <div class='ocr_carea' id='block_1_5' title="bbox 2202 429 3737 506">
    <p class='ocr_par' dir='ltr' id='par_1_5' title="bbox 2202 429 3737 504">
     <span class='ocr_line' id='line_1_5' title="bbox 2202 429 3737 504; baseline 0.001 -16"><span class='ocrx_word' id='word_1_14' title='bbox 2202 434 2275 488; x_wconf 74' lang='lat' dir='ltr'><strong>ea&quot;.</strong></span> <span class='ocrx_word' id='word_1_15' title='bbox 2302 433 2631 504; x_wconf 83' lang='grc' dir='ltr'>συμπολίται</span> <span class='ocrx_word' id='word_1_16' title='bbox 2652 432 2752 503; x_wconf 82' lang='grc' dir='ltr'>τῆς</span> <span class='ocrx_word' id='word_1_17' title='bbox 2778 430 2985 496; x_wconf 78' lang='grc' dir='ltr'>πόλεως</span> <span class='ocrx_word' id='word_1_18' title='bbox 3015 429 3112 502; x_wconf 82' lang='grc' dir='ltr'>τῆς</span> <span class='ocrx_word' id='word_1_19' title='bbox 3145 431 3487 503; x_wconf 77' lang='grc' dir='ltr'>ἐπουρανίου,</span> <span class='ocrx_word' id='word_1_20' title='bbox 3516 436 3601 487; x_wconf 71' lang='grc' dir='ltr'><strong>καὶ</strong></span> <span class='ocrx_word' id='word_1_21' title='bbox 3626 453 3737 489; x_wconf 73' lang='grc' dir='ltr'>συν·</span> 
     </span>
    </p>
   </div>
   <div class='ocr_carea' id='block_1_6' title="bbox 506 524 2083 593">
    <p class='ocr_par' dir='ltr' id='par_1_6' title="bbox 506 524 2083 593">
     <span class='ocr_line' id='line_1_6' title="bbox 506 524 2083 593; baseline -0.001 -12"><span class='ocrx_word' id='word_1_22' title='bbox 506 525 640 581; x_wconf 84' lang='lat' dir='ltr'><strong>bcnt</strong></span> <span class='ocrx_word' id='word_1_23' title='bbox 671 524 772 580; x_wconf 90' lang='lat' dir='ltr'><strong>hac</strong></span> <span class='ocrx_word' id='word_1_24' title='bbox 801 525 1117 581; x_wconf 86' lang='lat' dir='ltr'><strong>humilitate</strong></span> <span class='ocrx_word' id='word_1_25' title='bbox 1148 526 1317 582; x_wconf 90' lang='lat' dir='ltr'><strong>animi</strong></span> <span class='ocrx_word' id='word_1_26' title='bbox 1344 542 1465 584; x_wconf 87' lang='lat' dir='ltr'><strong>esse</strong></span> <span class='ocrx_word' id='word_1_27' title='bbox 1493 528 1698 593; x_wconf 85' lang='lat' dir='ltr'><strong>ornati,</strong></span> <span class='ocrx_word' id='word_1_28' title='bbox 1739 536 1795 585; x_wconf 90' lang='lat' dir='ltr'><strong>et</strong></span> <span class='ocrx_word' id='word_1_29' title='bbox 1819 542 1931 583; x_wconf 91' lang='lat' dir='ltr'><strong>non</strong></span> <span class='ocrx_word' id='word_1_30' title='bbox 1962 526 2083 582; x_wconf 80' lang='lat' dir='ltr'><strong>exi-</strong></span> 
     </span>
    </p>
   </div>
   <div class='ocr_carea' id='block_1_7' title="bbox 508 615 2087 689">
    <p class='ocr_par' dir='ltr' id='par_1_7' title="bbox 508 615 2087 689">
     <span class='ocr_line' id='line_1_7' title="bbox 508 615 2087 689; baseline 0.001 -20"><span class='ocrx_word' id='word_1_31' title='bbox 508 617 733 677; x_wconf 65' lang='lat' dir='ltr'><strong>stimare</strong></span> <span class='ocrx_word' id='word_1_32' title='bbox 783 615 990 689; x_wconf 83' lang='lat' dir='ltr'><strong>aliquid</strong></span> <span class='ocrx_word' id='word_1_33' title='bbox 1016 616 1071 670; x_wconf 91' lang='lat' dir='ltr'><strong>in</strong></span> <span class='ocrx_word' id='word_1_34' title='bbox 1103 632 1161 671; x_wconf 86' lang='lat' dir='ltr'><strong>se</strong></span> <span class='ocrx_word' id='word_1_35' title='bbox 1184 632 1326 682; x_wconf 88' lang='lat' dir='ltr'><strong>esse,</strong></span> <span class='ocrx_word' id='word_1_36' title='bbox 1355 617 1451 673; x_wconf 90' lang='lat' dir='ltr'><strong>sed</strong></span> <span class='ocrx_word' id='word_1_37' title='bbox 1480 633 1577 673; x_wconf 91' lang='lat' dir='ltr'><strong>cor</strong></span> <span class='ocrx_word' id='word_1_38' title='bbox 1596 619 1896 672; x_wconf 70' lang='lat' dir='ltr'><strong>contritum</strong></span> <span class='ocrx_word' id='word_1_39' title='bbox 1925 616 2087 670; x_wconf 88' lang='lat' dir='ltr'><strong>habe-</strong></span> 
     </span>
    </p>
   </div>
   <div class='ocr_carea' id='block_1_8' title="bbox 509 708 2084 780">
    <p class='ocr_par' dir='ltr' id='par_1_8' title="bbox 509 708 2084 780">
     <span class='ocr_line' id='line_1_8' title="bbox 509 708 2084 780; baseline 0 -17"><span class='ocrx_word' id='word_1_40' title='bbox 509 727 589 764; x_wconf 87' lang='lat' dir='ltr'><strong>re.</strong></span> <span class='ocrx_word' id='word_1_41' title='bbox 618 708 879 776; x_wconf 79' lang='lat' dir='ltr'><strong>Quamvis</strong></span> <span class='ocrx_word' id='word_1_42' title='bbox 904 708 1049 763; x_wconf 88' lang='lat' dir='ltr'><strong>enim</strong></span> <span class='ocrx_word' id='word_1_43' title='bbox 1084 710 1257 779; x_wconf 73' lang='lat' dir='ltr'><strong>gratia</strong></span> <span class='ocrx_word' id='word_1_44' title='bbox 1293 709 1346 762; x_wconf 90' lang='lat' dir='ltr'><strong>in</strong></span> <span class='ocrx_word' id='word_1_45' title='bbox 1374 710 1607 780; x_wconf 80' lang='lat' dir='ltr'><strong>singulis</strong></span> <span class='ocrx_word' id='word_1_46' title='bbox 1630 709 1966 765; x_wconf 74' lang='lat' dir='ltr'><strong>Christianis</strong></span> <span class='ocrx_word' id='word_1_47' title='bbox 1995 708 2084 763; x_wconf 85' lang='lat' dir='ltr'><strong>di-</strong></span> 
     </span>
    </p>
   </div>
   <div class='ocr_carea' id='block_1_9' title="bbox 510 800 2082 871">
    <p class='ocr_par' dir='ltr' id='par_1_9' title="bbox 510 800 2082 871">
     <span class='ocr_line' id='line_1_9' title="bbox 510 800 2082 871; baseline 0.001 -18"><span class='ocrx_word' id='word_1_48' title='bbox 510 800 823 856; x_wconf 89' lang='lat' dir='ltr'><strong>versimode</strong></span> <span class='ocrx_word' id='word_1_49' title='bbox 872 810 1154 871; x_wconf 84' lang='lat' dir='ltr'><strong>Operetur,</strong></span> <span class='ocrx_word' id='word_1_50' title='bbox 1185 810 1240 855; x_wconf 90' lang='lat' dir='ltr'><strong>et</strong></span> <span class='ocrx_word' id='word_1_51' title='bbox 1284 800 1501 855; x_wconf 87' lang='lat' dir='ltr'><strong>diversa</strong></span> <span class='ocrx_word' id='word_1_52' title='bbox 1555 801 1801 855; x_wconf 77' lang='lat' dir='ltr'><strong>membra</strong></span> <span class='ocrx_word' id='word_1_53' title='bbox 1855 801 2082 867; x_wconf 88' lang='lat' dir='ltr'><strong>habeat,</strong></span> 
     </span>
    </p>
   </div>
   <div class='ocr_carea' id='block_1_10' title="bbox 508 892 2088 963">
    <p class='ocr_par' dir='ltr' id='par_1_10' title="bbox 508 892 2088 963">
     <span class='ocr_line' id='line_1_10' title="bbox 508 892 2088 963; baseline 0.001 -17"><span class='ocrx_word' id='word_1_54' title='bbox 508 910 701 949; x_wconf 89' lang='lat' dir='ltr'><strong>omnes</strong></span> <span class='ocrx_word' id='word_1_55' title='bbox 758 903 937 948; x_wconf 90' lang='lat' dir='ltr'><strong>tamen</strong></span> <span class='ocrx_word' id='word_1_56' title='bbox 993 902 1123 949; x_wconf 92' lang='lat' dir='ltr'><strong>sunt</strong></span> <span class='ocrx_word' id='word_1_57' title='bbox 1178 893 1427 963; x_wconf 88' lang='lat' dir='ltr'><strong>ejusdem</strong></span> <span class='ocrx_word' id='word_1_58' title='bbox 1479 892 1757 958; x_wconf 79' lang='lat' dir='ltr'><strong>civitatis,</strong></span> <span class='ocrx_word' id='word_1_59' title='bbox 1805 893 1976 948; x_wconf 89' lang='lat' dir='ltr'><strong>animi</strong></span> <span class='ocrx_word' id='word_1_60' title='bbox 2031 901 2088 949; x_wconf 91' lang='lat' dir='ltr'><strong>et</strong></span> 
     </span>
    </p>
   </div>
   <div class='ocr_carea' id='block_1_11' title="bbox 511 982 2087 1055">
    <p class='ocr_par' dir='ltr' id='par_1_11' title="bbox 511 982 2087 1055">
     <span class='ocr_line' id='line_1_11' title="bbox 511 982 2087 1055; baseline 0 -18"><span class='ocrx_word' id='word_1_61' title='bbox 511 985 734 1055; x_wconf 66' lang='lat' dir='ltr'><strong>liugum,</strong></span> <span class='ocrx_word' id='word_1_62' title='bbox 771 999 829 1038; x_wconf 91' lang='lat' dir='ltr'><strong>se</strong></span> <span class='ocrx_word' id='word_1_63' title='bbox 861 993 1053 1037; x_wconf 90' lang='lat' dir='ltr'><strong>mutuo</strong></span> <span class='ocrx_word' id='word_1_64' title='bbox 1084 991 1502 1054; x_wconf 81' lang='lat' dir='ltr'><strong>cognoscentes.</strong></span> <span class='ocrx_word' id='word_1_65' title='bbox 1535 982 1690 1037; x_wconf 87' lang='lat' dir='ltr'><strong>Sicut</strong></span> <span class='ocrx_word' id='word_1_66' title='bbox 1744 982 1799 1036; x_wconf 91' lang='lat' dir='ltr'><strong>in</strong></span> <span class='ocrx_word' id='word_1_67' title='bbox 1854 997 2087 1052; x_wconf 91' lang='lat' dir='ltr'><strong>corpore</strong></span> 
     </span>
    </p>
   </div>
   <div class='ocr_carea' id='block_1_12' title="bbox 513 1075 2088 1141">
    <p class='ocr_par' dir='ltr' id='par_1_12' title="bbox 513 1075 2088 1141">
     <span class='ocr_line' id='line_1_12' title="bbox 513 1075 2088 1141; baseline -0.001 -11"><span class='ocrx_word' id='word_1_68' title='bbox 513 1077 757 1131; x_wconf 82' lang='lat' dir='ltr'><strong>membra</strong></span> <span class='ocrx_word' id='word_1_69' title='bbox 792 1084 918 1132; x_wconf 89' lang='lat' dir='ltr'><strong>sunt</strong></span> <span class='ocrx_word' id='word_1_70' title='bbox 949 1077 1141 1141; x_wconf 88' lang='lat' dir='ltr'><strong>multa,</strong></span> <span class='ocrx_word' id='word_1_71' title='bbox 1175 1092 1283 1131; x_wconf 92' lang='lat' dir='ltr'><strong>una</strong></span> <span class='ocrx_word' id='word_1_72' title='bbox 1314 1085 1498 1131; x_wconf 89' lang='lat' dir='ltr'><strong>autem</strong></span> <span class='ocrx_word' id='word_1_73' title='bbox 1525 1076 1581 1131; x_wconf 91' lang='lat' dir='ltr'><strong>in</strong></span> <span class='ocrx_word' id='word_1_74' title='bbox 1614 1076 1873 1131; x_wconf 91' lang='lat' dir='ltr'><strong>omnibus</strong></span> <span class='ocrx_word' id='word_1_75' title='bbox 1901 1075 2088 1130; x_wconf 87' lang='lat' dir='ltr'><strong>anima</strong></span> 
     </span>
    </p>
   </div>
   <div class='ocr_carea' id='block_1_13' title="bbox 513 1168 2090 1240">
    <p class='ocr_par' dir='ltr' id='par_1_13' title="bbox 513 1168 2090 1240">
     <span class='ocr_line' id='line_1_13' title="bbox 513 1168 2090 1240; baseline -0.002 -16"><span class='ocrx_word' id='word_1_76' title='bbox 513 1170 614 1225; x_wconf 87' lang='lat' dir='ltr'><strong>ista</strong></span> <span class='ocrx_word' id='word_1_77' title='bbox 646 1186 873 1224; x_wconf 88' lang='lat' dir='ltr'><strong>movens</strong></span> <span class='ocrx_word' id='word_1_78' title='bbox 906 1187 919 1224; x_wconf 92' lang='lat'><strong>:</strong></span> <span class='ocrx_word' id='word_1_79' title='bbox 961 1170 1035 1224; x_wconf 87' lang='lat' dir='ltr'><strong>ita</strong></span> <span class='ocrx_word' id='word_1_80' title='bbox 1073 1169 1317 1240; x_wconf 85' lang='lat' dir='ltr'><strong>Spiritus</strong></span> <span class='ocrx_word' id='word_1_81' title='bbox 1351 1185 1495 1226; x_wconf 91' lang='lat' dir='ltr'><strong>unus</strong></span> <span class='ocrx_word' id='word_1_82' title='bbox 1522 1178 1784 1239; x_wconf 82' lang='lat' dir='ltr'><strong>operatur</strong></span> <span class='ocrx_word' id='word_1_83' title='bbox 1815 1169 1869 1222; x_wconf 90' lang='lat' dir='ltr'><strong>in</strong></span> <span class='ocrx_word' id='word_1_84' title='bbox 1910 1168 2090 1222; x_wconf 90' lang='lat' dir='ltr'><strong>omni-</strong></span> 
     </span>
    </p>
   </div>
   <div class='ocr_carea' id='block_1_14' title="bbox 513 1258 2085 1331">
    <p class='ocr_par' dir='ltr' id='par_1_14' title="bbox 513 1258 2085 1331">
     <span class='ocr_line' id='line_1_14' title="bbox 513 1258 2085 1331; baseline 0 -18"><span class='ocrx_word' id='word_1_85' title='bbox 513 1260 617 1314; x_wconf 93' lang='lat' dir='ltr'><strong>bus</strong></span> <span class='ocrx_word' id='word_1_86' title='bbox 669 1259 1063 1324; x_wconf 87' lang='lat' dir='ltr'><strong>diversimode,</strong></span> <span class='ocrx_word' id='word_1_87' title='bbox 1103 1259 1350 1331; x_wconf 81' lang='lat' dir='ltr'><strong>ejusdem</strong></span> <span class='ocrx_word' id='word_1_88' title='bbox 1418 1269 1602 1314; x_wconf 83' lang='lat' dir='ltr'><strong>tamen</strong></span> <span class='ocrx_word' id='word_1_89' title='bbox 1657 1267 1783 1314; x_wconf 87' lang='lat' dir='ltr'><strong>sunt</strong></span> <span class='ocrx_word' id='word_1_90' title='bbox 1827 1258 2085 1323; x_wconf 81' lang='lat' dir='ltr'><strong>civitatis,</strong></span> 
     </span>
    </p>
   </div>
   <div class='ocr_carea' id='block_1_15' title="bbox 512 1335 2089 1422">
    <p class='ocr_par' dir='ltr' id='par_1_15' title="bbox 512 1335 2089 1422">
     <span class='ocr_line' id='line_1_15' title="bbox 512 1335 2089 1422; baseline 0 -17"><span class='ocrx_word' id='word_1_91' title='bbox 512 1351 761 1422; x_wconf 81' lang='lat' dir='ltr'><strong>ejusdem</strong></span> <span class='ocrx_word' id='word_1_92' title='bbox 793 1350 1073 1407; x_wconf 70' lang='lat' dir='ltr'><strong>vimJusti</strong></span> <span class='ocrx_word' id='word_1_93' title='bbox 1099 1352 1246 1406; x_wconf 89' lang='lat' dir='ltr'><strong>enim</strong></span> <span class='ocrx_word' id='word_1_94' title='bbox 1272 1335 1465 1406; x_wconf 87' lang='lat' dir='ltr'><strong>omnes</strong></span> <span class='ocrx_word' id='word_1_95' title='bbox 1487 1358 1773 1422; x_wconf 80' lang='lat' dir='ltr'><strong>angustam</strong></span> <span class='ocrx_word' id='word_1_96' title='bbox 1803 1360 1859 1405; x_wconf 92' lang='lat' dir='ltr'><strong>et</strong></span> <span class='ocrx_word' id='word_1_97' title='bbox 1881 1358 2089 1405; x_wconf 81' lang='lat' dir='ltr'><strong>arctam</strong></span> 
     </span>
    </p>
   </div>
   <div class='ocr_carea' id='block_1_16' title="bbox 512 1442 2088 1513">
    <p class='ocr_par' dir='ltr' id='par_1_16' title="bbox 512 1442 2088 1513">
     <span class='ocr_line' id='line_1_16' title="bbox 512 1442 2088 1513; baseline -0.001 -16"><span class='ocrx_word' id='word_1_98' title='bbox 512 1443 658 1497; x_wconf 83' lang='lat' dir='ltr'><strong>viam</strong></span> <span class='ocrx_word' id='word_1_99' title='bbox 730 1443 1131 1508; x_wconf 87' lang='lat' dir='ltr'><strong>ambularunt,</strong></span> <span class='ocrx_word' id='word_1_100' title='bbox 1202 1443 1541 1498; x_wconf 84' lang='lat' dir='ltr'><strong>sustinentes</strong></span> <span class='ocrx_word' id='word_1_101' title='bbox 1620 1442 2088 1513; x_wconf 83' lang='lat' dir='ltr'><strong>persecutionem,</strong></span> 
     </span>
    </p>
   </div>
   <div class='ocr_carea' id='block_1_17' title="bbox 514 1531 2088 1604">
    <p class='ocr_par' dir='ltr' id='par_1_17' title="bbox 514 1531 2088 1604">
     <span class='ocr_line' id='line_1_17' title="bbox 514 1531 2088 1604; baseline 0 -18"><span class='ocrx_word' id='word_1_102' title='bbox 514 1534 865 1604; x_wconf 80' lang='lat' dir='ltr'><strong>aﬂlictionem,</strong></span> <span class='ocrx_word' id='word_1_103' title='bbox 915 1543 963 1587; x_wconf 84' lang='lat' dir='ltr'><strong>et</strong></span> <span class='ocrx_word' id='word_1_104' title='bbox 1005 1533 1372 1597; x_wconf 80' lang='lat' dir='ltr'><strong>contumelias,</strong></span> <span class='ocrx_word' id='word_1_105' title='bbox 1419 1550 1480 1586; x_wconf 90' lang='lat' dir='ltr'><strong>ac</strong></span> <span class='ocrx_word' id='word_1_106' title='bbox 1509 1533 1731 1587; x_wconf 75' lang='lat' dir='ltr'><strong>viventes</strong></span> <span class='ocrx_word' id='word_1_107' title='bbox 1762 1533 1817 1585; x_wconf 89' lang='lat' dir='ltr'><strong>in</strong></span> <span class='ocrx_word' id='word_1_108' title='bbox 1865 1531 2088 1602; x_wconf 77' lang='lat' dir='ltr'><strong>pellibus</strong></span> 
     </span>
    </p>
   </div>
   <div class='ocr_carea' id='block_1_18' title="bbox 514 1623 2090 1695">
    <p class='ocr_par' dir='ltr' id='par_1_18' title="bbox 514 1623 2090 1695">
     <span class='ocr_line' id='line_1_18' title="bbox 514 1623 2090 1695; baseline 0.001 -17"><span class='ocrx_word' id='word_1_109' title='bbox 514 1626 765 1695; x_wconf 80' lang='lat' dir='ltr'><strong>caprinis,</strong></span> <span class='ocrx_word' id='word_1_110' title='bbox 802 1626 857 1679; x_wconf 87' lang='lat' dir='ltr'><strong>in</strong></span> <span class='ocrx_word' id='word_1_111' title='bbox 880 1625 1139 1695; x_wconf 79' lang='lat' dir='ltr'><strong>speluncis</strong></span> <span class='ocrx_word' id='word_1_112' title='bbox 1166 1634 1215 1679; x_wconf 87' lang='lat' dir='ltr'><strong>et</strong></span> <span class='ocrx_word' id='word_1_113' title='bbox 1249 1626 1487 1679; x_wconf 81' lang='lat' dir='ltr'><strong>cavernis</strong></span> <span class='ocrx_word' id='word_1_114' title='bbox 1544 1636 1699 1679; x_wconf 72' lang='lat' dir='ltr'><strong>terra:</strong></span> <span class='ocrx_word' id='word_1_115' title='bbox 1724 1625 1789 1677; x_wconf 80' lang='lat'><strong>“.</strong></span> <span class='ocrx_word' id='word_1_116' title='bbox 1824 1623 2090 1680; x_wconf 82' lang='lat' dir='ltr'><strong>Similiter</strong></span> 
     </span>
    </p>
   </div>
   <div class='ocr_carea' id='block_1_19' title="bbox 513 1716 2092 1787">
    <p class='ocr_par' dir='ltr' id='par_1_19' title="bbox 513 1716 2092 1787">
     <span class='ocr_line' id='line_1_19' title="bbox 513 1716 2092 1787; baseline 0 -16"><span class='ocrx_word' id='word_1_117' title='bbox 513 1726 570 1771; x_wconf 85' lang='lat' dir='ltr'><strong>et</strong></span> <span class='ocrx_word' id='word_1_118' title='bbox 598 1718 827 1787; x_wconf 87' lang='lat' dir='ltr'><strong>apostoli</strong></span> <span class='ocrx_word' id='word_1_119' title='bbox 856 1717 923 1771; x_wconf 86' lang='lat' dir='ltr'><strong>ad</strong></span> <span class='ocrx_word' id='word_1_120' title='bbox 948 1717 1088 1771; x_wconf 86' lang='lat' dir='ltr'><strong>hanc</strong></span> <span class='ocrx_word' id='word_1_121' title='bbox 1124 1732 1298 1786; x_wconf 88' lang='lat' dir='ltr'><strong>usque</strong></span> <span class='ocrx_word' id='word_1_122' title='bbox 1331 1716 1522 1771; x_wconf 89' lang='lat' dir='ltr'><strong>horam</strong></span> <span class='ocrx_word' id='word_1_123' title='bbox 1550 1717 1744 1772; x_wconf 90' lang='lat' dir='ltr'><strong>dicunt</strong></span> <span class='ocrx_word' id='word_1_124' title='bbox 1775 1733 1788 1770; x_wconf 92' lang='lat'>:</span> <span class='ocrx_word' id='word_1_125' title='bbox 1818 1716 1888 1772; x_wconf 88' lang='lat' dir='ltr'><strong>Et</strong></span> <span class='ocrx_word' id='word_1_126' title='bbox 1923 1718 2092 1771; x_wconf 86' lang='lat' dir='ltr'><strong>esuri-</strong></span> 
     </span>
    </p>
   </div>
   <div class='ocr_carea' id='block_1_20' title="bbox 2185 521 3737 598">
    <p class='ocr_par' dir='ltr' id='par_1_20' title="bbox 2185 521 3737 598">
     <span class='ocr_line' id='line_1_20' title="bbox 2185 521 3737 598; baseline -0.001 -17"><span class='ocrx_word' id='word_1_127' title='bbox 2185 526 2509 598; x_wconf 77' lang='grc' dir='ltr'>δοξασθῆναι</span> <span class='ocrx_word' id='word_1_128' title='bbox 2551 525 2763 590; x_wconf 73' lang='grc' dir='ltr'>αὐτοῖς,</span> <span class='ocrx_word' id='word_1_129' title='bbox 2811 522 3015 596; x_wconf 80' lang='grc' dir='ltr'>ταύτην</span> <span class='ocrx_word' id='word_1_130' title='bbox 3060 521 3337 593; x_wconf 69' lang='grc' dir='ltr'>ὀφείλουσι</span> <span class='ocrx_word' id='word_1_131' title='bbox 3381 524 3479 593; x_wconf 72' lang='grc' dir='ltr'><strong>τὴν</strong></span> <span class='ocrx_word' id='word_1_132' title='bbox 3506 542 3737 581; x_wconf 76' lang='grc' dir='ltr'>ταπεινο-</span> 
     </span>
    </p>
   </div>
   <div class='ocr_carea' id='block_1_21' title="bbox 2188 608 3738 688">
    <p class='ocr_par' dir='ltr' id='par_1_21' title="bbox 2188 608 3738 688">
     <span class='ocr_line' id='line_1_21' title="bbox 2188 608 3738 688; baseline -0.003 -16"><span class='ocrx_word' id='word_1_133' title='bbox 2188 617 2462 688; x_wconf 80' lang='grc' dir='ltr'>φροσύνην</span> <span class='ocrx_word' id='word_1_134' title='bbox 2492 615 2657 686; x_wconf 74' lang='grc' dir='ltr'>ἔχειν,</span> <span class='ocrx_word' id='word_1_135' title='bbox 2691 616 2786 668; x_wconf 76' lang='grc' dir='ltr'>καὶ</span> <span class='ocrx_word' id='word_1_136' title='bbox 2828 613 2902 685; x_wconf 89' lang='grc' dir='ltr'>μὴ</span> <span class='ocrx_word' id='word_1_137' title='bbox 2935 613 3145 667; x_wconf 65' lang='grc' dir='ltr'>οἴεσθαι</span> <span class='ocrx_word' id='word_1_138' title='bbox 3184 614 3240 665; x_wconf 76' lang='grc' dir='ltr'>ἐν</span> <span class='ocrx_word' id='word_1_139' title='bbox 3271 614 3486 675; x_wconf 75' lang='grc' dir='ltr'><strong>ἑαυτοῖς</strong></span> <span class='ocrx_word' id='word_1_140' title='bbox 3519 608 3647 667; x_wconf 82' lang='grc' dir='ltr'><strong>εἷναί</strong></span> <span class='ocrx_word' id='word_1_141' title='bbox 3674 634 3738 682; x_wconf 79' lang='grc' dir='ltr'><strong>τι,</strong></span> 
     </span>
    </p>
   </div>
   <div class='ocr_carea' id='block_1_22' title="bbox 2189 704 3743 779">
    <p class='ocr_par' dir='ltr' id='par_1_22' title="bbox 2189 704 3743 779">
     <span class='ocr_line' id='line_1_22' title="bbox 2189 704 3743 779; baseline -0.003 -15"><span class='ocrx_word' id='word_1_142' title='bbox 2189 711 2303 765; x_wconf 85' lang='grc' dir='ltr'>ἀλλ’</span> <span class='ocrx_word' id='word_1_143' title='bbox 2336 709 2479 779; x_wconf 76' lang='grc' dir='ltr'>ἔχειν</span> <span class='ocrx_word' id='word_1_144' title='bbox 2522 708 2990 778; x_wconf 77' lang='grc' dir='ltr'><strong>συντετριμμένην</strong></span> <span class='ocrx_word' id='word_1_145' title='bbox 3020 704 3118 776; x_wconf 77' lang='grc' dir='ltr'><strong>τὴν</strong></span> <span class='ocrx_word' id='word_1_146' title='bbox 3150 704 3399 777; x_wconf 75' lang='grc' dir='ltr'><strong>καρδίαν.</strong></span> <span class='ocrx_word' id='word_1_147' title='bbox 3433 704 3494 757; x_wconf 80' lang='grc' dir='ltr'><strong>Εἰ</strong></span> <span class='ocrx_word' id='word_1_148' title='bbox 3530 706 3631 777; x_wconf 69' lang='grc' dir='ltr'><strong>γὰρ</strong></span> <span class='ocrx_word' id='word_1_149' title='bbox 3662 712 3743 762; x_wconf 77' lang='grc' dir='ltr'><strong>καὶ</strong></span> 
     </span>
    </p>
   </div>
   <div class='ocr_carea' id='block_1_23' title="bbox 2187 797 3742 872">
    <p class='ocr_par' dir='ltr' id='par_1_23' title="bbox 2187 797 3742 872">
     <span class='ocr_line' id='line_1_23' title="bbox 2187 797 3742 872; baseline -0.002 -18"><span class='ocrx_word' id='word_1_150' title='bbox 2187 801 2460 872; x_wconf 76' lang='grc' dir='ltr'><strong>διαφόρως</strong></span> <span class='ocrx_word' id='word_1_151' title='bbox 2515 801 2595 863; x_wconf 85' lang='grc' dir='ltr'><strong>είς</strong></span> <span class='ocrx_word' id='word_1_152' title='bbox 2637 798 2868 852; x_wconf 76' lang='grc' dir='ltr'>ἕκαστον</span> <span class='ocrx_word' id='word_1_153' title='bbox 2918 798 3026 850; x_wconf 81' lang='grc' dir='ltr'><strong>τῶν</strong></span> <span class='ocrx_word' id='word_1_154' title='bbox 3078 797 3423 868; x_wconf 71' lang='grc' dir='ltr'>Χριστιανῶν</span> <span class='ocrx_word' id='word_1_155' title='bbox 3470 797 3671 867; x_wconf 72' lang='grc' dir='ltr'>ἐνεργεῖ</span> <span class='ocrx_word' id='word_1_156' title='bbox 3711 802 3742 869; x_wconf 76' lang='grc' dir='ltr'><strong>ἡ</strong></span> 
     </span>
    </p>
   </div>
   <div class='ocr_carea' id='block_1_24' title="bbox 2190 889 3746 965">
    <p class='ocr_par' dir='ltr' id='par_1_24' title="bbox 2190 889 3746 965">
     <span class='ocr_line' id='line_1_24' title="bbox 2190 889 3746 965; baseline 0 -18"><span class='ocrx_word' id='word_1_157' title='bbox 2190 893 2349 965; x_wconf 82' lang='grc' dir='ltr'>χάρις</span> <span class='ocrx_word' id='word_1_158' title='bbox 2392 894 2487 947; x_wconf 80' lang='grc' dir='ltr'>καὶ</span> <span class='ocrx_word' id='word_1_159' title='bbox 2517 891 2751 962; x_wconf 83' lang='grc' dir='ltr'>διάφορα</span> <span class='ocrx_word' id='word_1_160' title='bbox 2793 889 2905 960; x_wconf 82' lang='grc' dir='ltr'>ἔχει</span> <span class='ocrx_word' id='word_1_161' title='bbox 2949 889 3119 961; x_wconf 79' lang='grc' dir='ltr'>μέλη·</span> <span class='ocrx_word' id='word_1_162' title='bbox 3182 891 3335 958; x_wconf 85' lang='grc' dir='ltr'>ὅμως</span> <span class='ocrx_word' id='word_1_163' title='bbox 3373 889 3431 943; x_wconf 75' lang='grc' dir='ltr'>δὲ</span> <span class='ocrx_word' id='word_1_164' title='bbox 3485 891 3607 960; x_wconf 80' lang='grc' dir='ltr'>μιᾶς</span> <span class='ocrx_word' id='word_1_165' title='bbox 3651 894 3746 947; x_wconf 73' lang='grc' dir='ltr'>εἰσι</span> 
     </span>
    </p>
   </div>
   <div class='ocr_carea' id='block_1_25' title="bbox 2190 980 3747 1051">
    <p class='ocr_par' dir='ltr' id='par_1_25' title="bbox 2190 980 3747 1051">
     <span class='ocr_line' id='line_1_25' title="bbox 2190 980 3747 1051; baseline -0.002 -13"><span class='ocrx_word' id='word_1_166' title='bbox 2190 984 2401 1047; x_wconf 86' lang='grc' dir='ltr'>πόλεως</span> <span class='ocrx_word' id='word_1_167' title='bbox 2438 983 2488 1035; x_wconf 76' lang='grc' dir='ltr'>οἱ</span> <span class='ocrx_word' id='word_1_168' title='bbox 2525 982 2746 1047; x_wconf 73' lang='grc' dir='ltr'>πάντες,</span> <span class='ocrx_word' id='word_1_169' title='bbox 2782 981 3070 1051; x_wconf 73' lang='grc' dir='ltr'>ὀμόψυχοι,</span> <span class='ocrx_word' id='word_1_170' title='bbox 3101 980 3464 1050; x_wconf 85' lang='grc' dir='ltr'>ὁμόγλωττοι,</span> <span class='ocrx_word' id='word_1_171' title='bbox 3514 983 3747 1050; x_wconf 72' lang='grc' dir='ltr'>ἐπιγινώ-</span> 
     </span>
    </p>
   </div>
   <div class='ocr_carea' id='block_1_26' title="bbox 2192 1073 3747 1147">
    <p class='ocr_par' dir='ltr' id='par_1_26' title="bbox 2192 1073 3747 1147">
     <span class='ocr_line' id='line_1_26' title="bbox 2192 1073 3747 1147; baseline 0 -18"><span class='ocrx_word' id='word_1_172' title='bbox 2192 1093 2414 1139; x_wconf 85' lang='grc' dir='ltr'>σκοντες</span> <span class='ocrx_word' id='word_1_173' title='bbox 2444 1073 2726 1147; x_wconf 82' lang='grc' dir='ltr'>ἀλλήλους.</span> <span class='ocrx_word' id='word_1_174' title='bbox 2758 1075 2966 1147; x_wconf 81' lang='grc' dir='ltr'>Ὠσπερ</span> <span class='ocrx_word' id='word_1_175' title='bbox 3011 1074 3147 1144; x_wconf 81' lang='grc' dir='ltr'>μέλη</span> <span class='ocrx_word' id='word_1_176' title='bbox 3189 1073 3363 1126; x_wconf 82' lang='grc' dir='ltr'>πολλὰ</span> <span class='ocrx_word' id='word_1_177' title='bbox 3393 1076 3539 1127; x_wconf 74' lang='grc' dir='ltr'>ἐστιν</span> <span class='ocrx_word' id='word_1_178' title='bbox 3570 1076 3623 1127; x_wconf 79' lang='grc' dir='ltr'>ἐν</span> <span class='ocrx_word' id='word_1_179' title='bbox 3651 1076 3747 1129; x_wconf 77' lang='grc' dir='ltr'>σῶ-</span> 
     </span>
    </p>
   </div>
   <div class='ocr_carea' id='block_1_27' title="bbox 2194 1166 3749 1238">
    <p class='ocr_par' dir='ltr' id='par_1_27' title="bbox 2194 1166 3749 1238">
     <span class='ocr_line' id='line_1_27' title="bbox 2194 1166 3749 1238; baseline 0 -17"><span class='ocrx_word' id='word_1_180' title='bbox 2194 1184 2343 1238; x_wconf 83' lang='grc' dir='ltr'>ματι,</span> <span class='ocrx_word' id='word_1_181' title='bbox 2378 1167 2475 1237; x_wconf 85' lang='grc' dir='ltr'><strong>μία</strong></span> <span class='ocrx_word' id='word_1_182' title='bbox 2502 1167 2558 1221; x_wconf 83' lang='grc' dir='ltr'><strong>δὲ</strong></span> <span class='ocrx_word' id='word_1_183' title='bbox 2580 1166 2727 1237; x_wconf 78' lang='grc' dir='ltr'><strong>ψυχὴ</strong></span> <span class='ocrx_word' id='word_1_184' title='bbox 2757 1168 2814 1219; x_wconf 79' lang='grc' dir='ltr'>ὲν</span> <span class='ocrx_word' id='word_1_185' title='bbox 2842 1168 3007 1221; x_wconf 80' lang='grc' dir='ltr'>πᾶσιν</span> <span class='ocrx_word' id='word_1_186' title='bbox 3040 1167 3073 1238; x_wconf 82' lang='grc' dir='ltr'><strong>ἡ</strong></span> <span class='ocrx_word' id='word_1_187' title='bbox 3097 1166 3325 1221; x_wconf 76' lang='grc' dir='ltr'>κινοῦσα</span> <span class='ocrx_word' id='word_1_188' title='bbox 3357 1168 3531 1220; x_wconf 80' lang='grc' dir='ltr'>ταῦτα</span> <span class='ocrx_word' id='word_1_189' title='bbox 3549 1184 3563 1199; x_wconf 79' lang='grc' dir='ltr'><strong>ο</strong></span> <span class='ocrx_word' id='word_1_190' title='bbox 3593 1166 3749 1231; x_wconf 72' lang='grc' dir='ltr'>οὓτως</span> 
     </span>
    </p>
   </div>
   <div class='ocr_carea' id='block_1_28' title="bbox 2191 1256 3749 1330">
    <p class='ocr_par' dir='ltr' id='par_1_28' title="bbox 2191 1256 3749 1330">
     <span class='ocr_line' id='line_1_28' title="bbox 2191 1256 3749 1330; baseline -0.003 -17"><span class='ocrx_word' id='word_1_191' title='bbox 2191 1261 2249 1313; x_wconf 85' lang='grc' dir='ltr'>ἓν</span> <span class='ocrx_word' id='word_1_192' title='bbox 2302 1259 2519 1330; x_wconf 82' lang='grc' dir='ltr'>πνεῦμα</span> <span class='ocrx_word' id='word_1_193' title='bbox 2558 1260 2773 1329; x_wconf 78' lang='grc' dir='ltr'>ἐνεργεῖ</span> <span class='ocrx_word' id='word_1_194' title='bbox 2803 1260 2861 1311; x_wconf 83' lang='grc' dir='ltr'><strong>ἐν</strong></span> <span class='ocrx_word' id='word_1_195' title='bbox 2900 1260 3034 1312; x_wconf 76' lang='grc' dir='ltr'>πᾶσι</span> <span class='ocrx_word' id='word_1_196' title='bbox 3079 1257 3377 1328; x_wconf 83' lang='grc' dir='ltr'>διαφόρως,</span> <span class='ocrx_word' id='word_1_197' title='bbox 3417 1258 3548 1327; x_wconf 75' lang='grc' dir='ltr'>μιᾶς</span> <span class='ocrx_word' id='word_1_198' title='bbox 3576 1256 3629 1309; x_wconf 71' lang='grc' dir='ltr'>δέ</span> <span class='ocrx_word' id='word_1_199' title='bbox 3656 1259 3749 1310; x_wconf 73' lang='lat' dir='ltr'><strong>sin</strong></span> 
     </span>
    </p>
   </div>
   <div class='ocr_carea' id='block_1_29' title="bbox 2192 1348 3751 1422">
    <p class='ocr_par' dir='ltr' id='par_1_29' title="bbox 2192 1348 3751 1422">
     <span class='ocr_line' id='line_1_29' title="bbox 2192 1348 3751 1422; baseline -0.003 -16"><span class='ocrx_word' id='word_1_200' title='bbox 2192 1352 2419 1415; x_wconf 86' lang='grc' dir='ltr'>πόλεως,</span> <span class='ocrx_word' id='word_1_201' title='bbox 2464 1352 2594 1422; x_wconf 81' lang='grc' dir='ltr'>μιᾶς</span> <span class='ocrx_word' id='word_1_202' title='bbox 2629 1351 2750 1403; x_wconf 75' lang='grc' dir='ltr'>ὀδοῦ</span> <span class='ocrx_word' id='word_1_203' title='bbox 2776 1366 2789 1381; x_wconf 89' lang='grc'><strong>·</strong></span> <span class='ocrx_word' id='word_1_204' title='bbox 2824 1350 3025 1412; x_wconf 85' lang='grc' dir='ltr'>πάντες</span> <span class='ocrx_word' id='word_1_205' title='bbox 3056 1349 3164 1419; x_wconf 76' lang='grc' dir='ltr'>γὰρ</span> <span class='ocrx_word' id='word_1_206' title='bbox 3196 1350 3245 1403; x_wconf 85' lang='grc' dir='ltr'>οἱ</span> <span class='ocrx_word' id='word_1_207' title='bbox 3278 1349 3483 1402; x_wconf 77' lang='grc' dir='ltr'>δίκαιοι</span> <span class='ocrx_word' id='word_1_208' title='bbox 3522 1348 3616 1416; x_wconf 75' lang='grc' dir='ltr'>τὴν</span> <span class='ocrx_word' id='word_1_209' title='bbox 3646 1366 3751 1401; x_wconf 81' lang='grc' dir='ltr'>στε-</span> 
     </span>
    </p>
   </div>
   <div class='ocr_carea' id='block_1_30' title="bbox 2191 1440 3750 1515">
    <p class='ocr_par' dir='ltr' id='par_1_30' title="bbox 2191 1440 3750 1515">
     <span class='ocr_line' id='line_1_30' title="bbox 2191 1440 3750 1515; baseline -0.005 -16"><span class='ocrx_word' id='word_1_210' title='bbox 2191 1445 2290 1515; x_wconf 85' lang='grc' dir='ltr'>νὴν</span> <span class='ocrx_word' id='word_1_211' title='bbox 2337 1443 2432 1498; x_wconf 71' lang='grc' dir='ltr'><strong>καὶ</strong></span> <span class='ocrx_word' id='word_1_212' title='bbox 2474 1441 2842 1513; x_wconf 81' lang='grc' dir='ltr'>τεθλιμμένην</span> <span class='ocrx_word' id='word_1_213' title='bbox 2889 1441 3006 1496; x_wconf 79' lang='grc' dir='ltr'>ὁδὸν</span> <span class='ocrx_word' id='word_1_214' title='bbox 3053 1440 3372 1507; x_wconf 83' lang='grc' dir='ltr'><strong>διώδευσαν,</strong></span> <span class='ocrx_word' id='word_1_215' title='bbox 3423 1440 3750 1509; x_wconf 77' lang='grc' dir='ltr'><strong>διωκόμενοι,</strong></span> 
     </span>
    </p>
   </div>
   <div class='ocr_carea' id='block_1_31' title="bbox 2191 1532 3753 1605">
    <p class='ocr_par' dir='ltr' id='par_1_31' title="bbox 2191 1532 3753 1605">
     <span class='ocr_line' id='line_1_31' title="bbox 2191 1532 3753 1605; baseline -0.005 -14"><span class='ocrx_word' id='word_1_216' title='bbox 2191 1536 2668 1605; x_wconf 62' lang='grc' dir='ltr'>κακουχούμενοι</span> <span class='ocrx_word' id='word_1_217' title='bbox 2691 1576 2705 1599; x_wconf 96' lang='grc'><strong>,</strong></span> <span class='ocrx_word' id='word_1_218' title='bbox 2762 1533 3177 1603; x_wconf 79' lang='grc' dir='ltr'>ὀνειδιζόμενοι</span> <span class='ocrx_word' id='word_1_219' title='bbox 3201 1574 3217 1597; x_wconf 91' lang='grc'><strong>,</strong></span> <span class='ocrx_word' id='word_1_220' title='bbox 3258 1534 3327 1586; x_wconf 85' lang='grc' dir='ltr'>ἐν</span> <span class='ocrx_word' id='word_1_221' title='bbox 3360 1532 3597 1602; x_wconf 75' lang='grc' dir='ltr'><strong>αἰγείοις</strong></span> <span class='ocrx_word' id='word_1_222' title='bbox 3632 1532 3753 1601; x_wconf 82' lang='grc' dir='ltr'>δέρ-</span> 
     </span>
    </p>
   </div>
   <div class='ocr_carea' id='block_1_32' title="bbox 2186 1624 3751 1701">
    <p class='ocr_par' dir='ltr' id='par_1_32' title="bbox 2186 1624 3751 1701">
     <span class='ocr_line' id='line_1_32' title="bbox 2186 1624 3751 1701; baseline -0.005 -17"><span class='ocrx_word' id='word_1_223' title='bbox 2186 1644 2338 1701; x_wconf 82' lang='grc' dir='ltr'>μασι</span> <span class='ocrx_word' id='word_1_224' title='bbox 2385 1628 2627 1693; x_wconf 82' lang='grc' dir='ltr'>ζῶντες,</span> <span class='ocrx_word' id='word_1_225' title='bbox 2679 1627 2748 1681; x_wconf 83' lang='grc' dir='ltr'>ἐν</span> <span class='ocrx_word' id='word_1_226' title='bbox 2790 1627 3144 1693; x_wconf 80' lang='grc' dir='ltr'><strong>σπηλαίοις,</strong></span> <span class='ocrx_word' id='word_1_227' title='bbox 3181 1626 3251 1679; x_wconf 83' lang='grc' dir='ltr'>ἐν</span> <span class='ocrx_word' id='word_1_228' title='bbox 3282 1625 3411 1691; x_wconf 84' lang='grc' dir='ltr'>ταῖς</span> <span class='ocrx_word' id='word_1_229' title='bbox 3447 1625 3620 1690; x_wconf 75' lang='grc' dir='ltr'>ὀπαῖς</span> <span class='ocrx_word' id='word_1_230' title='bbox 3656 1624 3751 1692; x_wconf 81' lang='grc' dir='ltr'>τῆς</span> 
     </span>
    </p>
   </div>
   <div class='ocr_carea' id='block_1_33' title="bbox 2192 1717 3753 1794">
    <p class='ocr_par' dir='ltr' id='par_1_33' title="bbox 2192 1717 3753 1794">
     <span class='ocr_line' id='line_1_33' title="bbox 2192 1717 3753 1794; baseline -0.006 -16"><span class='ocrx_word' id='word_1_231' title='bbox 2192 1723 2326 1794; x_wconf 72' lang='grc' dir='ltr'>γῆς.</span> <span class='ocrx_word' id='word_1_232' title='bbox 2370 1721 2603 1791; x_wconf 77' lang='grc' dir='ltr'>Ὁμοίως</span> <span class='ocrx_word' id='word_1_233' title='bbox 2630 1720 2726 1773; x_wconf 71' lang='grc' dir='ltr'><strong>καὶ</strong></span> <span class='ocrx_word' id='word_1_234' title='bbox 2758 1720 2808 1772; x_wconf 89' lang='grc' dir='ltr'><strong>οί</strong></span> <span class='ocrx_word' id='word_1_235' title='bbox 2843 1718 3152 1782; x_wconf 75' lang='grc' dir='ltr'>ἀπόστολοι,</span> <span class='ocrx_word' id='word_1_236' title='bbox 3183 1718 3290 1782; x_wconf 79' lang='grc' dir='ltr'>ἓως</span> <span class='ocrx_word' id='word_1_237' title='bbox 3314 1717 3414 1785; x_wconf 79' lang='grc' dir='ltr'><strong>τῆς</strong></span> <span class='ocrx_word' id='word_1_238' title='bbox 3456 1717 3581 1789; x_wconf 75' lang='grc' dir='ltr'>ἄρτι</span> <span class='ocrx_word' id='word_1_239' title='bbox 3620 1717 3753 1787; x_wconf 73' lang='grc' dir='ltr'>ῶρας</span> 
     </span>
    </p>
   </div>
   <div class='ocr_carea' id='block_1_34' title="bbox 515 1790 2096 1887">
    <p class='ocr_par' dir='ltr' id='par_1_34' title="bbox 515 1808 2085 1880">
     <span class='ocr_line' id='line_1_34' title="bbox 515 1808 2085 1880; baseline 0.001 -19"><span class='ocrx_word' id='word_1_240' title='bbox 515 1828 630 1863; x_wconf 85' lang='lat' dir='ltr'><strong>mus</strong></span> <span class='ocrx_word' id='word_1_241' title='bbox 655 1819 705 1864; x_wconf 82' lang='lat' dir='ltr'><strong>et</strong></span> <span class='ocrx_word' id='word_1_242' title='bbox 722 1810 1144 1878; x_wconf 62' lang='lat' dir='ltr'><strong>sitimus,et,nudi</strong></span> <span class='ocrx_word' id='word_1_243' title='bbox 1170 1818 1433 1874; x_wconf 83' lang='lat' dir='ltr'><strong>sumus,et</strong></span> <span class='ocrx_word' id='word_1_244' title='bbox 1452 1808 1779 1863; x_wconf 81' lang='lat' dir='ltr'><strong>contumeliis</strong></span> <span class='ocrx_word' id='word_1_245' title='bbox 1808 1810 2085 1880; x_wconf 71' lang='lat' dir='ltr'><strong>afﬁciatur,</strong></span> 
     </span>
    </p>
   </div>
   <div class='ocr_carea' id='block_1_35' title="bbox 2202 1790 3755 1887">
    <p class='ocr_par' dir='ltr' id='par_1_35' title="bbox 2202 1790 3755 1887">
     <span class='ocr_line' id='line_1_35' title="bbox 2202 1790 3755 1887; baseline 0.005 0"><span class='ocrx_word' id='word_1_246' title='bbox 2202 1790 2350 1887; x_wconf 52' lang='lat' dir='ltr'><strong>iliaci,</strong></span> <span class='ocrx_word' id='word_1_247' title='bbox 2384 1790 2491 1870; x_wconf 78' lang='grc' dir='ltr'><strong>Καὶ</strong></span> <span class='ocrx_word' id='word_1_248' title='bbox 2539 1812 2856 1882; x_wconf 62' lang='grc' dir='ltr'>πεινῶμεν,</span> <span class='ocrx_word' id='word_1_249' title='bbox 2908 1813 3007 1866; x_wconf 65' lang='grc' dir='ltr'><strong>καὶ</strong></span> <span class='ocrx_word' id='word_1_250' title='bbox 3052 1812 3345 1882; x_wconf 61' lang='grc' dir='ltr'><strong>διψῶμεν,</strong></span> <span class='ocrx_word' id='word_1_251' title='bbox 3396 1813 3497 1865; x_wconf 65' lang='grc' dir='ltr'><strong>καλ</strong></span> <span class='ocrx_word' id='word_1_252' title='bbox 3546 1830 3755 1882; x_wconf 57' lang='grc' dir='ltr'><strong>Τυμντν</strong></span> 
     </span>
    </p>
   </div>
   <div class='ocr_carea' id='block_1_36' title="bbox 513 1898 2089 1966">
    <p class='ocr_par' dir='ltr' id='par_1_36' title="bbox 513 1898 2089 1966">
     <span class='ocr_line' id='line_1_36' title="bbox 513 1898 2089 1966; baseline -0.001 -12"><span class='ocrx_word' id='word_1_253' title='bbox 513 1909 562 1954; x_wconf 88' lang='lat' dir='ltr'><strong>ct</strong></span> <span class='ocrx_word' id='word_1_254' title='bbox 586 1900 854 1954; x_wconf 83' lang='lat' dir='ltr'><strong>instabiles</strong></span> <span class='ocrx_word' id='word_1_255' title='bbox 880 1900 992 1955; x_wconf 81' lang='lat' dir='ltr'><strong>sine</strong></span> <span class='ocrx_word' id='word_1_256' title='bbox 1014 1901 1134 1954; x_wconf 85' lang='lat' dir='ltr'><strong>sede</strong></span> <span class='ocrx_word' id='word_1_257' title='bbox 1155 1902 1394 1956; x_wconf 83' lang='lat' dir='ltr'><strong>vivimus.</strong></span> <span class='ocrx_word' id='word_1_258' title='bbox 1417 1898 1665 1966; x_wconf 85' lang='lat' dir='ltr'><strong>Quorum</strong></span> <span class='ocrx_word' id='word_1_259' title='bbox 1684 1899 1933 1954; x_wconf 89' lang='lat' dir='ltr'><strong>nonnulli</strong></span> <span class='ocrx_word' id='word_1_260' title='bbox 1960 1909 2089 1954; x_wconf 85' lang='lat' dir='ltr'><strong>sunt</strong></span> 
     </span>
    </p>
   </div>
   <div class='ocr_carea' id='block_1_37' title="bbox 513 1990 2087 2062">
    <p class='ocr_par' dir='ltr' id='par_1_37' title="bbox 513 1990 2087 2062">
     <span class='ocr_line' id='line_1_37' title="bbox 513 1990 2087 2062; baseline 0 -17"><span class='ocrx_word' id='word_1_261' title='bbox 513 1993 710 2060; x_wconf 88' lang='lat' dir='ltr'><strong>capitis</strong></span> <span class='ocrx_word' id='word_1_262' title='bbox 761 1992 1033 2062; x_wconf 88' lang='lat' dir='ltr'><strong>supplicio</strong></span> <span class='ocrx_word' id='word_1_263' title='bbox 1079 1991 1286 2057; x_wconf 69' lang='lat' dir='ltr'><strong>allecti,</strong></span> <span class='ocrx_word' id='word_1_264' title='bbox 1322 1991 1545 2062; x_wconf 87' lang='lat' dir='ltr'><strong>quidam</strong></span> <span class='ocrx_word' id='word_1_265' title='bbox 1579 2006 1710 2046; x_wconf 87' lang='lat' dir='ltr'><strong>vero</strong></span> <span class='ocrx_word' id='word_1_266' title='bbox 1734 1992 1886 2046; x_wconf 90' lang='lat' dir='ltr'><strong>cruci</strong></span> <span class='ocrx_word' id='word_1_267' title='bbox 1920 1990 2087 2059; x_wconf 79' lang='lat' dir='ltr'><strong>atlixi,</strong></span> 
     </span>
    </p>
   </div>
   <div class='ocr_carea' id='block_1_38' title="bbox 513 2082 2090 2155">
    <p class='ocr_par' dir='ltr' id='par_1_38' title="bbox 513 2082 2090 2155">
     <span class='ocr_line' id='line_1_38' title="bbox 513 2082 2090 2155; baseline 0.002 -18"><span class='ocrx_word' id='word_1_268' title='bbox 513 2083 621 2155; x_wconf 63' lang='grc'>45</span> <span class='ocrx_word' id='word_1_269' title='bbox 657 2084 749 2138; x_wconf 88' lang='lat' dir='ltr'><strong>alii</strong></span> <span class='ocrx_word' id='word_1_270' title='bbox 783 2100 913 2139; x_wconf 83' lang='lat' dir='ltr'><strong>vero</strong></span> <span class='ocrx_word' id='word_1_271' title='bbox 965 2084 1134 2139; x_wconf 91' lang='lat' dir='ltr'><strong>variis</strong></span> <span class='ocrx_word' id='word_1_272' title='bbox 1201 2083 1382 2138; x_wconf 90' lang='lat' dir='ltr'><strong>modis</strong></span> <span class='ocrx_word' id='word_1_273' title='bbox 1432 2082 1638 2139; x_wconf 88' lang='lat' dir='ltr'><strong>alllicti.</strong></span> <span class='ocrx_word' id='word_1_274' title='bbox 1686 2083 1917 2153; x_wconf 87' lang='lat' dir='ltr'><strong>Insuper</strong></span> <span class='ocrx_word' id='word_1_275' title='bbox 1972 2084 2090 2153; x_wconf 85' lang='lat' dir='ltr'><strong>ipse</strong></span> 
     </span>
    </p>
   </div>
   <div class='ocr_carea' id='block_1_39' title="bbox 515 2175 2092 2247">
    <p class='ocr_par' dir='ltr' id='par_1_39' title="bbox 515 2175 2092 2247">
     <span class='ocr_line' id='line_1_39' title="bbox 515 2175 2092 2247; baseline -0.001 -16"><span class='ocrx_word' id='word_1_276' title='bbox 515 2178 784 2232; x_wconf 90' lang='lat' dir='ltr'><strong>Dominus</strong></span> <span class='ocrx_word' id='word_1_277' title='bbox 847 2177 1245 2247; x_wconf 87' lang='lat' dir='ltr'><strong>prophetarum</strong></span> <span class='ocrx_word' id='word_1_278' title='bbox 1296 2186 1353 2232; x_wconf 92' lang='lat' dir='ltr'><strong>et</strong></span> <span class='ocrx_word' id='word_1_279' title='bbox 1406 2176 1818 2246; x_wconf 87' lang='lat' dir='ltr'><strong>apostolorum,</strong></span> <span class='ocrx_word' id='word_1_280' title='bbox 1885 2175 2092 2230; x_wconf 85' lang='lat' dir='ltr'><strong>oblitus</strong></span> 
     </span>
    </p>
   </div>
   <div class='ocr_carea' id='block_1_40' title="bbox 514 2267 2091 2343">
    <p class='ocr_par' dir='ltr' id='par_1_40' title="bbox 514 2267 2091 2343">
     <span class='ocr_line' id='line_1_40' title="bbox 514 2267 2091 2343; baseline 0 -20"><span class='ocrx_word' id='word_1_281' title='bbox 514 2269 673 2339; x_wconf 90' lang='lat' dir='ltr'><strong>quasi</strong></span> <span class='ocrx_word' id='word_1_282' title='bbox 695 2268 896 2343; x_wconf 74' lang='lat' dir='ltr'><strong>divinae</strong></span> <span class='ocrx_word' id='word_1_283' title='bbox 919 2268 1127 2339; x_wconf 76' lang='lat' dir='ltr'><strong>gloriae,</strong></span> <span class='ocrx_word' id='word_1_284' title='bbox 1151 2268 1429 2340; x_wconf 88' lang='lat' dir='ltr'><strong>quomodo</strong></span> <span class='ocrx_word' id='word_1_285' title='bbox 1459 2277 1818 2324; x_wconf 86' lang='lat' dir='ltr'><strong>conversatus</strong></span> <span class='ocrx_word' id='word_1_286' title='bbox 1848 2267 1970 2322; x_wconf 90' lang='lat' dir='ltr'><strong>est?</strong></span> <span class='ocrx_word' id='word_1_287' title='bbox 2000 2267 2091 2323; x_wconf 86' lang='lat' dir='ltr'><strong>ille</strong></span> 
     </span>
    </p>
   </div>
   <div class='ocr_carea' id='block_1_41' title="bbox 516 2360 2089 2431">
    <p class='ocr_par' dir='ltr' id='par_1_41' title="bbox 516 2360 2089 2431">
     <span class='ocr_line' id='line_1_41' title="bbox 516 2360 2089 2431; baseline -0.001 -16"><span class='ocrx_word' id='word_1_288' title='bbox 516 2360 680 2415; x_wconf 92' lang='lat' dir='ltr'><strong>nobis</strong></span> <span class='ocrx_word' id='word_1_289' title='bbox 716 2361 775 2414; x_wconf 90' lang='lat' dir='ltr'><strong>in</strong></span> <span class='ocrx_word' id='word_1_290' title='bbox 802 2360 1116 2431; x_wconf 78' lang='lat' dir='ltr'><strong>exemplum</strong></span> <span class='ocrx_word' id='word_1_291' title='bbox 1150 2360 1419 2425; x_wconf 80' lang='lat' dir='ltr'><strong>factus“,</strong></span> <span class='ocrx_word' id='word_1_292' title='bbox 1452 2373 1667 2414; x_wconf 88' lang='lat' dir='ltr'><strong>summa</strong></span> <span class='ocrx_word' id='word_1_293' title='bbox 1711 2375 1838 2415; x_wconf 92' lang='lat' dir='ltr'><strong>cum</strong></span> <span class='ocrx_word' id='word_1_294' title='bbox 1891 2366 2089 2414; x_wconf 81' lang='lat' dir='ltr'><strong>contu-</strong></span> 
     </span>
    </p>
   </div>
   <div class='ocr_carea' id='block_1_42' title="bbox 518 2449 2089 2525">
    <p class='ocr_par' dir='ltr' id='par_1_42' title="bbox 518 2449 2089 2525">
     <span class='ocr_line' id='line_1_42' title="bbox 518 2449 2089 2525; baseline -0.001 -20"><span class='ocrx_word' id='word_1_295' title='bbox 518 2452 681 2506; x_wconf 88' lang='lat' dir='ltr'><strong>melia</strong></span> <span class='ocrx_word' id='word_1_296' title='bbox 723 2466 986 2507; x_wconf 88' lang='lat' dir='ltr'><strong>coronam</strong></span> <span class='ocrx_word' id='word_1_297' title='bbox 1043 2452 1289 2525; x_wconf 89' lang='lat' dir='ltr'><strong>spineam</strong></span> <span class='ocrx_word' id='word_1_298' title='bbox 1340 2450 1395 2506; x_wconf 91' lang='lat' dir='ltr'><strong>in</strong></span> <span class='ocrx_word' id='word_1_299' title='bbox 1421 2451 1601 2521; x_wconf 90' lang='lat' dir='ltr'><strong>capite</strong></span> <span class='ocrx_word' id='word_1_300' title='bbox 1624 2449 1877 2521; x_wconf 78' lang='lat' dir='ltr'><strong>gestavit,</strong></span> <span class='ocrx_word' id='word_1_301' title='bbox 1909 2458 2089 2519; x_wconf 85' lang='lat' dir='ltr'><strong>sputa,</strong></span> 
     </span>
    </p>
   </div>
   <div class='ocr_carea' id='block_1_43' title="bbox 516 2543 1434 2613">
    <p class='ocr_par' dir='ltr' id='par_1_43' title="bbox 516 2543 1434 2613">
     <span class='ocr_line' id='line_1_43' title="bbox 516 2543 1434 2613; baseline -0.001 -15"><span class='ocrx_word' id='word_1_302' title='bbox 516 2544 780 2613; x_wconf 83' lang='lat' dir='ltr'><strong>colaphos</strong></span> <span class='ocrx_word' id='word_1_303' title='bbox 806 2553 863 2599; x_wconf 92' lang='lat' dir='ltr'><strong>et</strong></span> <span class='ocrx_word' id='word_1_304' title='bbox 888 2558 1112 2601; x_wconf 86' lang='lat' dir='ltr'><strong>crucem</strong></span> <span class='ocrx_word' id='word_1_305' title='bbox 1148 2543 1434 2599; x_wconf 88' lang='lat' dir='ltr'><strong>sustinuit.</strong></span> 
     </span>
    </p>
   </div>
   <div class='ocr_carea' id='block_1_44' title="bbox 585 2635 2091 2702">
    <p class='ocr_par' dir='ltr' id='par_1_44' title="bbox 585 2635 2091 2702">
     <span class='ocr_line' id='line_1_44' title="bbox 585 2635 2091 2702; baseline -0.001 -11"><span class='ocrx_word' id='word_1_306' title='bbox 585 2638 649 2691; x_wconf 83' lang='lat' dir='ltr'><strong>V.</strong></span> <span class='ocrx_word' id='word_1_307' title='bbox 694 2636 750 2691; x_wconf 90' lang='lat' dir='ltr'><strong>Si</strong></span> <span class='ocrx_word' id='word_1_308' title='bbox 779 2638 926 2691; x_wconf 87' lang='lat' dir='ltr'><strong>Deus</strong></span> <span class='ocrx_word' id='word_1_309' title='bbox 966 2637 1020 2692; x_wconf 93' lang='lat' dir='ltr'><strong>in</strong></span> <span class='ocrx_word' id='word_1_310' title='bbox 1069 2638 1234 2692; x_wconf 88' lang='lat' dir='ltr'><strong>terris</strong></span> <span class='ocrx_word' id='word_1_311' title='bbox 1261 2637 1341 2693; x_wconf 89' lang='lat' dir='ltr'><strong>sic</strong></span> <span class='ocrx_word' id='word_1_312' title='bbox 1364 2645 1617 2692; x_wconf 87' lang='lat' dir='ltr'><strong>versatus</strong></span> <span class='ocrx_word' id='word_1_313' title='bbox 1650 2646 1753 2702; x_wconf 89' lang='lat' dir='ltr'><strong>est,</strong></span> <span class='ocrx_word' id='word_1_314' title='bbox 1782 2646 1937 2690; x_wconf 88' lang='lat' dir='ltr'><strong>tuum</strong></span> <span class='ocrx_word' id='word_1_315' title='bbox 1964 2635 2091 2701; x_wconf 89' lang='lat' dir='ltr'><strong>erit,</strong></span> 
     </span>
    </p>
   </div>
   <div class='ocr_carea' id='block_1_45' title="bbox 519 2727 2096 2799">
    <p class='ocr_par' dir='ltr' id='par_1_45' title="bbox 519 2727 2096 2799">
     <span class='ocr_line' id='line_1_45' title="bbox 519 2727 2096 2799; baseline 0.001 -17"><span class='ocrx_word' id='word_1_316' title='bbox 519 2736 581 2782; x_wconf 89' lang='lat' dir='ltr'><strong>ut</strong></span> <span class='ocrx_word' id='word_1_317' title='bbox 610 2743 737 2783; x_wconf 91' lang='lat' dir='ltr'><strong>eum</strong></span> <span class='ocrx_word' id='word_1_318' title='bbox 782 2727 1063 2791; x_wconf 74' lang='lat' dir='ltr'><strong>imiteris;</strong></span> <span class='ocrx_word' id='word_1_319' title='bbox 1089 2737 1145 2782; x_wconf 91' lang='lat' dir='ltr'><strong>et</strong></span> <span class='ocrx_word' id='word_1_320' title='bbox 1188 2728 1235 2782; x_wconf 91' lang='lat' dir='ltr'><strong>si</strong></span> <span class='ocrx_word' id='word_1_321' title='bbox 1285 2728 1519 2799; x_wconf 88' lang='lat' dir='ltr'><strong>apostoli</strong></span> <span class='ocrx_word' id='word_1_322' title='bbox 1574 2743 1639 2785; x_wconf 88' lang='lat' dir='ltr'><strong>ac</strong></span> <span class='ocrx_word' id='word_1_323' title='bbox 1685 2728 1969 2797; x_wconf 75' lang='lat' dir='ltr'><strong>prapheun</strong></span> <span class='ocrx_word' id='word_1_324' title='bbox 2014 2729 2096 2784; x_wconf 90' lang='lat' dir='ltr'><strong>sic</strong></span> 
     </span>
    </p>
   </div>
   <div class='ocr_carea' id='block_1_46' title="bbox 446 2818 2096 2889">
    <p class='ocr_par' dir='ltr' id='par_1_46' title="bbox 446 2818 2096 2889">
     <span class='ocr_line' id='line_1_46' title="bbox 446 2818 2096 2889; baseline 0 -14"><span class='ocrx_word' id='word_1_325' title='bbox 446 2884 447 2887; x_wconf 25' lang='grc' dir='ltr'><strong>η</strong></span> <span class='ocrx_word' id='word_1_326' title='bbox 518 2819 830 2875; x_wconf 88' lang='lat' dir='ltr'><strong>conversati</strong></span> <span class='ocrx_word' id='word_1_327' title='bbox 874 2827 1045 2886; x_wconf 87' lang='lat' dir='ltr'><strong>sunt,</strong></span> <span class='ocrx_word' id='word_1_328' title='bbox 1087 2835 1189 2875; x_wconf 89' lang='lat' dir='ltr'><strong>nos</strong></span> <span class='ocrx_word' id='word_1_329' title='bbox 1228 2833 1487 2889; x_wconf 86' lang='lat' dir='ltr'><strong>quoque,</strong></span> <span class='ocrx_word' id='word_1_330' title='bbox 1542 2819 1587 2874; x_wconf 88' lang='lat' dir='ltr'><strong>si</strong></span> <span class='ocrx_word' id='word_1_331' title='bbox 1642 2818 1807 2875; x_wconf 89' lang='lat' dir='ltr'><strong>modo</strong></span> <span class='ocrx_word' id='word_1_332' title='bbox 1861 2818 2096 2875; x_wconf 84' lang='lat' dir='ltr'><strong>velimus</strong></span> 
     </span>
    </p>
   </div>
   <div class='ocr_carea' id='block_1_47' title="bbox 519 2908 2091 2979">
    <p class='ocr_par' dir='ltr' id='par_1_47' title="bbox 519 2908 2091 2979">
     <span class='ocr_line' id='line_1_47' title="bbox 519 2908 2091 2979; baseline 0 -15"><span class='ocrx_word' id='word_1_333' title='bbox 519 2909 883 2964; x_wconf 76' lang='lat' dir='ltr'><strong>fundamento</strong></span> <span class='ocrx_word' id='word_1_334' title='bbox 912 2909 1131 2965; x_wconf 91' lang='lat' dir='ltr'><strong>Domini</strong></span> <span class='ocrx_word' id='word_1_335' title='bbox 1160 2917 1216 2963; x_wconf 90' lang='lat' dir='ltr'><strong>et</strong></span> <span class='ocrx_word' id='word_1_336' title='bbox 1234 2909 1611 2979; x_wconf 87' lang='lat' dir='ltr'><strong>apostolorum</strong></span> <span class='ocrx_word' id='word_1_337' title='bbox 1634 2908 2091 2979; x_wconf 76' lang='lat' dir='ltr'><strong>superaedilicari,</strong></span> 
     </span>
    </p>
   </div>
   <div class='ocr_carea' id='block_1_48' title="bbox 519 3000 2096 3071">
    <p class='ocr_par' dir='ltr' id='par_1_48' title="bbox 519 3000 2096 3071">
     <span class='ocr_line' id='line_1_48' title="bbox 519 3000 2096 3071; baseline -0.001 -15"><span class='ocrx_word' id='word_1_338' title='bbox 519 3018 616 3057; x_wconf 82' lang='lat' dir='ltr'><strong>eos</strong></span> <span class='ocrx_word' id='word_1_339' title='bbox 647 3001 849 3056; x_wconf 89' lang='lat' dir='ltr'><strong>imitari</strong></span> <span class='ocrx_word' id='word_1_340' title='bbox 889 3000 1177 3056; x_wconf 89' lang='lat' dir='ltr'><strong>debemus.</strong></span> <span class='ocrx_word' id='word_1_341' title='bbox 1228 3001 1412 3071; x_wconf 90' lang='lat' dir='ltr'><strong>lnquit</strong></span> <span class='ocrx_word' id='word_1_342' title='bbox 1461 3001 1611 3057; x_wconf 91' lang='lat' dir='ltr'><strong>enim</strong></span> <span class='ocrx_word' id='word_1_343' title='bbox 1660 3001 1957 3071; x_wconf 86' lang='lat' dir='ltr'><strong>Apostolus</strong></span> <span class='ocrx_word' id='word_1_344' title='bbox 1997 3016 2096 3071; x_wconf 88' lang='lat' dir='ltr'><strong>per</strong></span> 
     </span>
    </p>
   </div>
   <div class='ocr_carea' id='block_1_49' title="bbox 522 3093 2095 3164">
    <p class='ocr_par' dir='ltr' id='par_1_49' title="bbox 522 3093 2095 3164">
     <span class='ocr_line' id='line_1_49' title="bbox 522 3093 2095 3164; baseline -0.003 -13"><span class='ocrx_word' id='word_1_345' title='bbox 522 3094 791 3164; x_wconf 83' lang='lat' dir='ltr'><strong>Spiritum</strong></span> <span class='ocrx_word' id='word_1_346' title='bbox 820 3104 1070 3150; x_wconf 86' lang='lat' dir='ltr'><strong>sanctum</strong></span> <span class='ocrx_word' id='word_1_347' title='bbox 1110 3111 1125 3149; x_wconf 88' lang='lat'><strong>:</strong></span> <span class='ocrx_word' id='word_1_348' title='bbox 1156 3093 1463 3151; x_wconf 85' lang='lat' dir='ltr'><strong>Imitatores</strong></span> <span class='ocrx_word' id='word_1_349' title='bbox 1513 3101 1674 3147; x_wconf 83' lang='lat' dir='ltr'><strong>estote</strong></span> <span class='ocrx_word' id='word_1_350' title='bbox 1720 3094 1842 3158; x_wconf 88' lang='lat' dir='ltr'><strong>mei,</strong></span> <span class='ocrx_word' id='word_1_351' title='bbox 1872 3094 2007 3147; x_wconf 82' lang='lat' dir='ltr'><strong>sicut</strong></span> <span class='ocrx_word' id='word_1_352' title='bbox 2046 3101 2095 3147; x_wconf 90' lang='lat' dir='ltr'><strong>et</strong></span> 
     </span>
    </p>
   </div>
   <div class='ocr_carea' id='block_1_50' title="bbox 524 3184 2094 3258">
    <p class='ocr_par' dir='ltr' id='par_1_50' title="bbox 524 3184 2094 3258">
     <span class='ocr_line' id='line_1_50' title="bbox 524 3184 2094 3258; baseline -0.001 -17"><span class='ocrx_word' id='word_1_353' title='bbox 524 3202 617 3258; x_wconf 86' lang='lat' dir='ltr'><strong>ego</strong></span> <span class='ocrx_word' id='word_1_354' title='bbox 656 3185 851 3242; x_wconf 83' lang='lat' dir='ltr'><strong>Christi</strong></span> <span class='ocrx_word' id='word_1_355' title='bbox 873 3186 939 3242; x_wconf 83' lang='lat'><strong>“.</strong></span> <span class='ocrx_word' id='word_1_356' title='bbox 969 3184 1123 3252; x_wconf 88' lang='lat' dir='ltr'><strong>Quod</strong></span> <span class='ocrx_word' id='word_1_357' title='bbox 1167 3184 1214 3240; x_wconf 92' lang='lat' dir='ltr'><strong>si</strong></span> <span class='ocrx_word' id='word_1_358' title='bbox 1259 3185 1489 3256; x_wconf 82' lang='lat' dir='ltr'><strong>gloriam</strong></span> <span class='ocrx_word' id='word_1_359' title='bbox 1535 3185 1821 3239; x_wconf 89' lang='lat' dir='ltr'><strong>hominum</strong></span> <span class='ocrx_word' id='word_1_360' title='bbox 1862 3184 2094 3255; x_wconf 76' lang='lat' dir='ltr'><strong>expetis,</strong></span> 
     </span>
    </p>
   </div>
   <div class='ocr_carea' id='block_1_51' title="bbox 522 3275 2103 3348">
    <p class='ocr_par' dir='ltr' id='par_1_51' title="bbox 522 3275 2103 3348">
     <span class='ocr_line' id='line_1_51' title="bbox 522 3275 2103 3348; baseline 0 -17"><span class='ocrx_word' id='word_1_361' title='bbox 522 3285 579 3332; x_wconf 88' lang='lat' dir='ltr'><strong>et</strong></span> <span class='ocrx_word' id='word_1_362' title='bbox 613 3276 835 3332; x_wconf 90' lang='lat' dir='ltr'><strong>adorari</strong></span> <span class='ocrx_word' id='word_1_363' title='bbox 875 3277 1050 3333; x_wconf 92' lang='lat' dir='ltr'><strong>colive</strong></span> <span class='ocrx_word' id='word_1_364' title='bbox 1081 3276 1384 3342; x_wconf 85' lang='lat' dir='ltr'><strong>desideras,</strong></span> <span class='ocrx_word' id='word_1_365' title='bbox 1435 3286 1601 3348; x_wconf 89' lang='lat' dir='ltr'><strong>atque</strong></span> <span class='ocrx_word' id='word_1_366' title='bbox 1649 3275 1819 3331; x_wconf 89' lang='lat' dir='ltr'><strong>vitam</strong></span> <span class='ocrx_word' id='word_1_367' title='bbox 1852 3276 2103 3348; x_wconf 85' lang='lat' dir='ltr'><strong>volupta-</strong></span> 
     </span>
    </p>
   </div>
   <div class='ocr_carea' id='block_1_52' title="bbox 524 3368 2101 3440">
    <p class='ocr_par' dir='ltr' id='par_1_52' title="bbox 524 3368 2101 3440">
     <span class='ocr_line' id='line_1_52' title="bbox 524 3368 2101 3440; baseline -0.001 -15"><span class='ocrx_word' id='word_1_368' title='bbox 524 3371 667 3426; x_wconf 91' lang='lat' dir='ltr'><strong>riam</strong></span> <span class='ocrx_word' id='word_1_369' title='bbox 698 3369 922 3440; x_wconf 72' lang='lat' dir='ltr'><strong>quteris,</strong></span> <span class='ocrx_word' id='word_1_370' title='bbox 950 3369 1018 3425; x_wconf 90' lang='lat' dir='ltr'><strong>de</strong></span> <span class='ocrx_word' id='word_1_371' title='bbox 1062 3370 1151 3425; x_wconf 89' lang='lat' dir='ltr'><strong>via</strong></span> <span class='ocrx_word' id='word_1_372' title='bbox 1197 3369 1509 3425; x_wconf 89' lang='lat' dir='ltr'><strong>declinasti.</strong></span> <span class='ocrx_word' id='word_1_373' title='bbox 1560 3368 1797 3439; x_wconf 87' lang='lat' dir='ltr'><strong>Oportet</strong></span> <span class='ocrx_word' id='word_1_374' title='bbox 1837 3368 1987 3424; x_wconf 88' lang='lat' dir='ltr'><strong>enim</strong></span> <span class='ocrx_word' id='word_1_375' title='bbox 2046 3376 2101 3424; x_wconf 87' lang='lat' dir='ltr'><strong>te</strong></span> 
     </span>
    </p>
   </div>
   <div class='ocr_carea' id='block_1_53' title="bbox 528 3460 2104 3534">
    <p class='ocr_par' dir='ltr' id='par_1_53' title="bbox 528 3460 2104 3534">
     <span class='ocr_line' id='line_1_53' title="bbox 528 3460 2104 3534; baseline -0.002 -15"><span class='ocrx_word' id='word_1_376' title='bbox 528 3463 697 3519; x_wconf 88' lang='lat' dir='ltr'><strong>simul</strong></span> <span class='ocrx_word' id='word_1_377' title='bbox 724 3461 971 3534; x_wconf 76' lang='lat' dir='ltr'><strong>cruciﬁgi</strong></span> <span class='ocrx_word' id='word_1_378' title='bbox 999 3478 1125 3518; x_wconf 90' lang='lat' dir='ltr'><strong>cum</strong></span> <span class='ocrx_word' id='word_1_379' title='bbox 1149 3461 1412 3517; x_wconf 75' lang='lat' dir='ltr'><strong>cruciﬁxo</strong></span> <span class='ocrx_word' id='word_1_380' title='bbox 1434 3461 1501 3527; x_wconf 72' lang='grc'>³⁸,</span> <span class='ocrx_word' id='word_1_381' title='bbox 1527 3461 1691 3516; x_wconf 89' lang='lat' dir='ltr'><strong>simul</strong></span> <span class='ocrx_word' id='word_1_382' title='bbox 1736 3460 1849 3532; x_wconf 88' lang='lat' dir='ltr'><strong>pati</strong></span> <span class='ocrx_word' id='word_1_383' title='bbox 1881 3476 2006 3516; x_wconf 91' lang='lat' dir='ltr'><strong>cum</strong></span> <span class='ocrx_word' id='word_1_384' title='bbox 2034 3475 2104 3516; x_wconf 91' lang='lat' dir='ltr'><strong>eo</strong></span> 
     </span>
    </p>
   </div>
   <div class='ocr_carea' id='block_1_54' title="bbox 528 3552 2104 3625">
    <p class='ocr_par' dir='ltr' id='par_1_54' title="bbox 528 3552 2104 3625">
     <span class='ocr_line' id='line_1_54' title="bbox 528 3552 2104 3625; baseline -0.001 -17"><span class='ocrx_word' id='word_1_385' title='bbox 528 3554 623 3625; x_wconf 84' lang='lat' dir='ltr'><strong>qui</strong></span> <span class='ocrx_word' id='word_1_386' title='bbox 650 3569 844 3624; x_wconf 90' lang='lat' dir='ltr'><strong>passus</strong></span> <span class='ocrx_word' id='word_1_387' title='bbox 884 3562 997 3617; x_wconf 88' lang='lat' dir='ltr'><strong>est,</strong></span> <span class='ocrx_word' id='word_1_388' title='bbox 1047 3562 1110 3609; x_wconf 94' lang='lat' dir='ltr'><strong>ut</strong></span> <span class='ocrx_word' id='word_1_389' title='bbox 1142 3554 1216 3609; x_wconf 87' lang='lat' dir='ltr'><strong>ita</strong></span> <span class='ocrx_word' id='word_1_390' title='bbox 1244 3553 1406 3611; x_wconf 88' lang='lat' dir='ltr'><strong>simul</strong></span> <span class='ocrx_word' id='word_1_391' title='bbox 1440 3552 1763 3624; x_wconf 83' lang='lat' dir='ltr'><strong>gloriﬁceris</strong></span> <span class='ocrx_word' id='word_1_392' title='bbox 1811 3568 1935 3609; x_wconf 90' lang='lat' dir='ltr'><strong>cum</strong></span> <span class='ocrx_word' id='word_1_393' title='bbox 1983 3553 2104 3624; x_wconf 77' lang='lat' dir='ltr'><strong>glo-</strong></span> 
     </span>
    </p>
   </div>
   <div class='ocr_carea' id='block_1_55' title="bbox 530 3644 2104 3715">
    <p class='ocr_par' dir='ltr' id='par_1_55' title="bbox 530 3644 2104 3715">
     <span class='ocr_line' id='line_1_55' title="bbox 530 3644 2104 3715; baseline -0.001 -15"><span class='ocrx_word' id='word_1_394' title='bbox 530 3647 765 3703; x_wconf 80' lang='lat' dir='ltr'><strong>riﬁcato.</strong></span> <span class='ocrx_word' id='word_1_395' title='bbox 812 3644 1050 3702; x_wconf 86' lang='lat' dir='ltr'><strong>Necesse</strong></span> <span class='ocrx_word' id='word_1_396' title='bbox 1101 3644 1251 3705; x_wconf 86' lang='lat' dir='ltr'><strong>enim</strong></span> <span class='ocrx_word' id='word_1_397' title='bbox 1314 3654 1441 3711; x_wconf 91' lang='lat' dir='ltr'><strong>est,</strong></span> <span class='ocrx_word' id='word_1_398' title='bbox 1492 3660 1748 3714; x_wconf 90' lang='lat' dir='ltr'><strong>sponsam</strong></span> <span class='ocrx_word' id='word_1_399' title='bbox 1807 3644 1917 3715; x_wconf 88' lang='lat' dir='ltr'><strong>pati</strong></span> <span class='ocrx_word' id='word_1_400' title='bbox 1979 3660 2104 3699; x_wconf 90' lang='lat' dir='ltr'><strong>cum</strong></span> 
     </span>
    </p>
   </div>
   <div class='ocr_carea' id='block_1_56' title="bbox 528 3736 2103 3808">
    <p class='ocr_par' dir='ltr' id='par_1_56' title="bbox 528 3736 2103 3808">
     <span class='ocr_line' id='line_1_56' title="bbox 528 3736 2103 3808; baseline -0.001 -16"><span class='ocrx_word' id='word_1_401' title='bbox 528 3752 756 3808; x_wconf 90' lang='lat' dir='ltr'><strong>sponso,</strong></span> <span class='ocrx_word' id='word_1_402' title='bbox 789 3753 853 3794; x_wconf 89' lang='lat' dir='ltr'><strong>ac</strong></span> <span class='ocrx_word' id='word_1_403' title='bbox 887 3738 967 3793; x_wconf 88' lang='lat' dir='ltr'><strong>sic</strong></span> <span class='ocrx_word' id='word_1_404' title='bbox 1002 3738 1207 3794; x_wconf 89' lang='lat' dir='ltr'><strong>sociam</strong></span> <span class='ocrx_word' id='word_1_405' title='bbox 1236 3753 1299 3794; x_wconf 90' lang='lat' dir='ltr'><strong>ac</strong></span> <span class='ocrx_word' id='word_1_406' title='bbox 1326 3737 1668 3794; x_wconf 73' lang='lat' dir='ltr'><strong>cobzeredem</strong></span> <span class='ocrx_word' id='word_1_407' title='bbox 1700 3737 1905 3793; x_wconf 88' lang='lat' dir='ltr'><strong>Christi</strong></span> <span class='ocrx_word' id='word_1_408' title='bbox 1960 3736 2103 3801; x_wconf 75' lang='lat' dir='ltr'><strong>fieri.</strong></span> 
     </span>
    </p>
   </div>
   <div class='ocr_carea' id='block_1_57' title="bbox 528 3830 2107 3902">
    <p class='ocr_par' dir='ltr' id='par_1_57' title="bbox 528 3830 2107 3902">
     <span class='ocr_line' id='line_1_57' title="bbox 528 3830 2107 3902; baseline 0 -17"><span class='ocrx_word' id='word_1_409' title='bbox 528 3830 649 3886; x_wconf 87' lang='lat' dir='ltr'><strong>Non</strong></span> <span class='ocrx_word' id='word_1_410' title='bbox 699 3830 849 3886; x_wconf 89' lang='lat' dir='ltr'><strong>enim</strong></span> <span class='ocrx_word' id='word_1_411' title='bbox 900 3830 1246 3897; x_wconf 82' lang='lat' dir='ltr'><strong>conceditur,</strong></span> <span class='ocrx_word' id='word_1_412' title='bbox 1294 3830 1401 3886; x_wconf 90' lang='lat' dir='ltr'><strong>nisi</strong></span> <span class='ocrx_word' id='word_1_413' title='bbox 1456 3846 1553 3902; x_wconf 88' lang='lat' dir='ltr'><strong>per</strong></span> <span class='ocrx_word' id='word_1_414' title='bbox 1605 3830 1955 3894; x_wconf 79' lang='lat' dir='ltr'><strong>aﬂlictioncs,</strong></span> <span class='ocrx_word' id='word_1_415' title='bbox 2009 3845 2107 3901; x_wconf 85' lang='lat' dir='ltr'><strong>per</strong></span> 
     </span>
    </p>
   </div>
   <div class='ocr_carea' id='block_1_58' title="bbox 527 3920 2105 3993">
    <p class='ocr_par' dir='ltr' id='par_1_58' title="bbox 527 3920 2105 3993">
     <span class='ocr_line' id='line_1_58' title="bbox 527 3920 2105 3993; baseline -0.001 -17"><span class='ocrx_word' id='word_1_416' title='bbox 527 3936 805 3993; x_wconf 87' lang='lat' dir='ltr'><strong>asperam,</strong></span> <span class='ocrx_word' id='word_1_417' title='bbox 848 3932 1155 3993; x_wconf 75' lang='lat' dir='ltr'><strong>angustant,</strong></span> <span class='ocrx_word' id='word_1_418' title='bbox 1186 3930 1508 3992; x_wconf 70' lang='lat' dir='ltr'><strong>arcumque</strong></span> <span class='ocrx_word' id='word_1_419' title='bbox 1536 3921 1680 3976; x_wconf 85' lang='lat' dir='ltr'><strong>viam</strong></span> <span class='ocrx_word' id='word_1_420' title='bbox 1727 3921 1939 3992; x_wconf 82' lang='lat' dir='ltr'><strong>ingredi</strong></span> <span class='ocrx_word' id='word_1_421' title='bbox 1967 3920 2105 3977; x_wconf 84' lang='lat' dir='ltr'><strong>civi-</strong></span> 
     </span>
    </p>
   </div>
   <div class='ocr_carea' id='block_1_59' title="bbox 530 4015 2107 4086">
    <p class='ocr_par' dir='ltr' id='par_1_59' title="bbox 530 4015 2107 4086">
     <span class='ocr_line' id='line_1_59' title="bbox 530 4015 2107 4086; baseline 0.002 -19"><span class='ocrx_word' id='word_1_422' title='bbox 530 4021 699 4068; x_wconf 89' lang='lat' dir='ltr'><strong>tatem</strong></span> <span class='ocrx_word' id='word_1_423' title='bbox 735 4023 1075 4079; x_wconf 88' lang='lat' dir='ltr'><strong>sanctorum,</strong></span> <span class='ocrx_word' id='word_1_424' title='bbox 1107 4022 1164 4069; x_wconf 87' lang='lat' dir='ltr'><strong>et</strong></span> <span class='ocrx_word' id='word_1_425' title='bbox 1206 4015 1554 4086; x_wconf 80' lang='lat' dir='ltr'><strong>requiescere</strong></span> <span class='ocrx_word' id='word_1_426' title='bbox 1606 4029 1671 4073; x_wconf 80' lang='lat' dir='ltr'><strong>ac</strong></span> <span class='ocrx_word' id='word_1_427' title='bbox 1718 4029 1949 4085; x_wconf 83' lang='lat' dir='ltr'><strong>regnare</strong></span> <span class='ocrx_word' id='word_1_428' title='bbox 1979 4028 2107 4070; x_wconf 89' lang='lat' dir='ltr'><strong>cum</strong></span> 
     </span>
    </p>
   </div>
   <div class='ocr_carea' id='block_1_60' title="bbox 532 4106 1231 4179">
    <p class='ocr_par' dir='ltr' id='par_1_60' title="bbox 532 4106 1231 4179">
     <span class='ocr_line' id='line_1_60' title="bbox 532 4106 1231 4179; baseline 0.001 -18"><span class='ocrx_word' id='word_1_429' title='bbox 532 4123 660 4179; x_wconf 80' lang='lat' dir='ltr'><strong>rege</strong></span> <span class='ocrx_word' id='word_1_430' title='bbox 687 4108 745 4162; x_wconf 76' lang='lat' dir='ltr'><strong>in</strong></span> <span class='ocrx_word' id='word_1_431' title='bbox 775 4106 989 4163; x_wconf 83' lang='lat' dir='ltr'><strong>inﬁnita</strong></span> <span class='ocrx_word' id='word_1_432' title='bbox 1016 4108 1231 4162; x_wconf 66' lang='lat' dir='ltr'><strong>saecula.</strong></span> 
     </span>
    </p>
   </div>
   <div class='ocr_carea' id='block_1_61' title="bbox 598 4287 2107 4360">
    <p class='ocr_par' dir='ltr' id='par_1_61' title="bbox 598 4287 2107 4360">
     <span class='ocr_line' id='line_1_61' title="bbox 598 4287 2107 4360; baseline -0.001 -16"><span class='ocrx_word' id='word_1_433' title='bbox 598 4288 689 4344; x_wconf 85' lang='lat' dir='ltr'><strong>Vl.</strong></span> <span class='ocrx_word' id='word_1_434' title='bbox 726 4288 1096 4357; x_wconf 82' lang='lat' dir='ltr'><strong>Interrogatio.</strong></span> <span class='ocrx_word' id='word_1_435' title='bbox 1126 4287 1389 4354; x_wconf 86' lang='lat' dir='ltr'><strong>Quoniam</strong></span> <span class='ocrx_word' id='word_1_436' title='bbox 1428 4292 1701 4360; x_wconf 80' lang='lat' dir='ltr'><strong>propriam</strong></span> <span class='ocrx_word' id='word_1_437' title='bbox 1742 4306 1804 4343; x_wconf 89' lang='lat' dir='ltr'><strong>ac</strong></span> <span class='ocrx_word' id='word_1_438' title='bbox 1850 4289 2107 4344; x_wconf 78' lang='lat' dir='ltr'><strong>cazlestem</strong></span> 
     </span>
    </p>
   </div>
   <div class='ocr_carea' id='block_1_62' title="bbox 528 4378 2106 4450">
    <p class='ocr_par' dir='ltr' id='par_1_62' title="bbox 528 4378 2106 4450">
     <span class='ocr_line' id='line_1_62' title="bbox 528 4378 2106 4450; baseline 0.001 -17"><span class='ocrx_word' id='word_1_439' title='bbox 528 4380 816 4447; x_wconf 82' lang='lat' dir='ltr'><strong>imaginem</strong></span> <span class='ocrx_word' id='word_1_440' title='bbox 836 4379 1059 4450; x_wconf 85' lang='lat' dir='ltr'><strong>perdidit</strong></span> <span class='ocrx_word' id='word_1_441' title='bbox 1082 4378 1275 4442; x_wconf 80' lang='lat' dir='ltr'><strong>Adam,</strong></span> <span class='ocrx_word' id='word_1_442' title='bbox 1310 4380 1493 4448; x_wconf 80' lang='lat' dir='ltr'><strong>igitur,</strong></span> <span class='ocrx_word' id='word_1_443' title='bbox 1515 4380 1559 4433; x_wconf 88' lang='lat' dir='ltr'><strong>si</strong></span> <span class='ocrx_word' id='word_1_444' title='bbox 1580 4381 1841 4450; x_wconf 79' lang='lat' dir='ltr'><strong>particeps</strong></span> <span class='ocrx_word' id='word_1_445' title='bbox 1872 4379 1970 4450; x_wconf 74' lang='lat' dir='ltr'><strong>fuit</strong></span> <span class='ocrx_word' id='word_1_446' title='bbox 2002 4395 2106 4435; x_wconf 76' lang='lat' dir='ltr'><strong>ca:-</strong></span> 
     </span>
    </p>
   </div>
   <div class='ocr_carea' id='block_1_63' title="bbox 532 4468 1953 4542">
    <p class='ocr_par' dir='ltr' id='par_1_63' title="bbox 532 4468 1953 4542">
     <span class='ocr_line' id='line_1_63' title="bbox 532 4468 1953 4542; baseline 0.001 -18"><span class='ocrx_word' id='word_1_447' title='bbox 532 4470 677 4526; x_wconf 75' lang='lat' dir='ltr'><strong>lcstis</strong></span> <span class='ocrx_word' id='word_1_448' title='bbox 705 4471 974 4542; x_wconf 82' lang='lat' dir='ltr'><strong>imaginis,</strong></span> <span class='ocrx_word' id='word_1_449' title='bbox 1007 4471 1187 4525; x_wconf 83' lang='lat' dir='ltr'><strong>habuit</strong></span> <span class='ocrx_word' id='word_1_450' title='bbox 1217 4468 1473 4541; x_wconf 86' lang='lat' dir='ltr'><strong>Spiritum</strong></span> <span class='ocrx_word' id='word_1_451' title='bbox 1491 4479 1733 4526; x_wconf 80' lang='lat' dir='ltr'><strong>sanctum</strong></span> <span class='ocrx_word' id='word_1_452' title='bbox 1757 4472 1781 4526; x_wconf 74' lang='grc' dir='ltr'><strong>Σ)</strong></span> <span class='ocrx_word' id='word_1_453' title='bbox 1946 4470 1953 4475; x_wconf 87' lang='grc'><em>’</em></span> 
     </span>
    </p>
   </div>
   <div class='ocr_carea' id='block_1_64' title="bbox 601 4655 2105 4731">
    <p class='ocr_par' dir='ltr' id='par_1_64' title="bbox 601 4655 2105 4731">
     <span class='ocr_line' id='line_1_64' title="bbox 601 4655 2105 4731; baseline -0.002 -15"><span class='ocrx_word' id='word_1_454' title='bbox 601 4660 910 4731; x_wconf 81' lang='lat' dir='ltr'><strong>Responsio.</strong></span> <span class='ocrx_word' id='word_1_455' title='bbox 950 4658 1206 4726; x_wconf 85' lang='lat' dir='ltr'><strong>Quandiu</strong></span> <span class='ocrx_word' id='word_1_456' title='bbox 1236 4655 1478 4713; x_wconf 80' lang='lat' dir='ltr'><strong>Verbum</strong></span> <span class='ocrx_word' id='word_1_457' title='bbox 1510 4658 1609 4714; x_wconf 90' lang='lat' dir='ltr'><strong>Dei</strong></span> <span class='ocrx_word' id='word_1_458' title='bbox 1640 4668 1760 4714; x_wconf 89' lang='lat' dir='ltr'><strong>erat</strong></span> <span class='ocrx_word' id='word_1_459' title='bbox 1814 4674 1940 4715; x_wconf 89' lang='lat' dir='ltr'><strong>cum</strong></span> <span class='ocrx_word' id='word_1_460' title='bbox 1990 4659 2105 4724; x_wconf 90' lang='lat' dir='ltr'><strong>illo,</strong></span> 
     </span>
    </p>
   </div>
   <div class='ocr_carea' id='block_1_65' title="bbox 532 4748 2110 4820">
    <p class='ocr_par' dir='ltr' id='par_1_65' title="bbox 532 4748 2110 4820">
     <span class='ocr_line' id='line_1_65' title="bbox 532 4748 2110 4820; baseline -0.003 -13"><span class='ocrx_word' id='word_1_461' title='bbox 532 4751 776 4807; x_wconf 86' lang='lat' dir='ltr'><strong>habebat</strong></span> <span class='ocrx_word' id='word_1_462' title='bbox 799 4749 1003 4805; x_wconf 91' lang='lat' dir='ltr'><strong>omnia.</strong></span> <span class='ocrx_word' id='word_1_463' title='bbox 1031 4748 1216 4820; x_wconf 90' lang='lat' dir='ltr'><strong>Ipsum</strong></span> <span class='ocrx_word' id='word_1_464' title='bbox 1255 4748 1403 4803; x_wconf 90' lang='lat' dir='ltr'><strong>enim</strong></span> <span class='ocrx_word' id='word_1_465' title='bbox 1432 4748 1675 4804; x_wconf 86' lang='lat' dir='ltr'><strong>Verbum</strong></span> <span class='ocrx_word' id='word_1_466' title='bbox 1703 4758 1824 4804; x_wconf 89' lang='lat' dir='ltr'><strong>erat</strong></span> <span class='ocrx_word' id='word_1_467' title='bbox 1857 4749 1908 4804; x_wconf 90' lang='lat' dir='ltr'><strong>ei</strong></span> <span class='ocrx_word' id='word_1_468' title='bbox 1936 4748 2110 4803; x_wconf 66' lang='grc' dir='ltr'>ἱκετε-</span> 
     </span>
    </p>
   </div>
   <div class='ocr_carea' id='block_1_66' title="bbox 532 4839 2108 4911">
    <p class='ocr_par' dir='ltr' id='par_1_66' title="bbox 532 4839 2108 4911">
     <span class='ocr_line' id='line_1_66' title="bbox 532 4839 2108 4911; baseline -0.003 -14"><span class='ocrx_word' id='word_1_469' title='bbox 532 4843 696 4906; x_wconf 88' lang='lat' dir='ltr'><strong>ditas,</strong></span> <span class='ocrx_word' id='word_1_470' title='bbox 725 4851 845 4896; x_wconf 91' lang='lat' dir='ltr'><strong>erat</strong></span> <span class='ocrx_word' id='word_1_471' title='bbox 872 4840 1277 4904; x_wconf 87' lang='lat' dir='ltr'><strong>indumentum,</strong></span> <span class='ocrx_word' id='word_1_472' title='bbox 1321 4848 1379 4895; x_wconf 90' lang='lat' dir='ltr'><strong>et</strong></span> <span class='ocrx_word' id='word_1_473' title='bbox 1420 4839 1597 4911; x_wconf 79' lang='lat' dir='ltr'><strong>gloria</strong></span> <span class='ocrx_word' id='word_1_474' title='bbox 1645 4854 1771 4894; x_wconf 91' lang='lat' dir='ltr'><strong>eum</strong></span> <span class='ocrx_word' id='word_1_475' title='bbox 1827 4840 2108 4910; x_wconf 76' lang='lat' dir='ltr'><strong>operiens,</strong></span> 
     </span>
    </p>
   </div>
   <div class='ocr_carea' id='block_1_67' title="bbox 532 4932 2112 5005">
    <p class='ocr_par' dir='ltr' id='par_1_67' title="bbox 532 4932 2112 5005">
     <span class='ocr_line' id='line_1_67' title="bbox 532 4932 2112 5005; baseline 0 -16"><span class='ocrx_word' id='word_1_476' title='bbox 532 4936 715 5005; x_wconf 88' lang='lat' dir='ltr'><strong>ipsum</strong></span> <span class='ocrx_word' id='word_1_477' title='bbox 752 4943 871 4987; x_wconf 88' lang='lat' dir='ltr'><strong>erat</strong></span> <span class='ocrx_word' id='word_1_478' title='bbox 920 4932 1197 4987; x_wconf 87' lang='lat' dir='ltr'><strong>doctrina.</strong></span> <span class='ocrx_word' id='word_1_479' title='bbox 1244 4932 1380 4986; x_wconf 87' lang='lat' dir='ltr'><strong>Data</strong></span> <span class='ocrx_word' id='word_1_480' title='bbox 1411 4932 1559 4987; x_wconf 91' lang='lat' dir='ltr'><strong>enim</strong></span> <span class='ocrx_word' id='word_1_481' title='bbox 1592 4933 1645 4988; x_wconf 88' lang='lat' dir='ltr'><strong>ei</strong></span> <span class='ocrx_word' id='word_1_482' title='bbox 1684 4940 1807 4988; x_wconf 87' lang='lat' dir='ltr'><strong>erat</strong></span> <span class='ocrx_word' id='word_1_483' title='bbox 1866 4942 2112 5003; x_wconf 86' lang='lat' dir='ltr'><strong>potestas</strong></span> 
     </span>
    </p>
   </div>
   <div class='ocr_carea' id='block_1_68' title="bbox 533 5023 2115 5091">
    <p class='ocr_par' dir='ltr' id='par_1_68' title="bbox 533 5023 2115 5091">
     <span class='ocr_line' id='line_1_68' title="bbox 533 5023 2115 5091; baseline 0.001 -13"><span class='ocrx_word' id='word_1_484' title='bbox 533 5023 857 5079; x_wconf 82' lang='lat' dir='ltr'><strong>nmninandi</strong></span> <span class='ocrx_word' id='word_1_485' title='bbox 890 5023 1073 5078; x_wconf 89' lang='lat' dir='ltr'><strong>omnia</strong></span> <span class='ocrx_word' id='word_1_486' title='bbox 1102 5044 1113 5078; x_wconf 92' lang='lat'>:</span> <span class='ocrx_word' id='word_1_487' title='bbox 1139 5023 1243 5077; x_wconf 90' lang='lat' dir='ltr'><strong>hoc</strong></span> <span class='ocrx_word' id='word_1_488' title='bbox 1268 5023 1588 5078; x_wconf 88' lang='lat' dir='ltr'><strong>nominabat</strong></span> <span class='ocrx_word' id='word_1_489' title='bbox 1608 5023 1997 5091; x_wconf 66' lang='lat' dir='ltr'><strong>caelum,illud</strong></span> <span class='ocrx_word' id='word_1_490' title='bbox 2026 5039 2115 5079; x_wconf 85' lang='lat' dir='ltr'><strong>so-</strong></span> 
     </span>
    </p>
   </div>
   <div class='ocr_carea' id='block_1_69' title="bbox 533 5113 2112 5182">
    <p class='ocr_par' dir='ltr' id='par_1_69' title="bbox 533 5113 2112 5182">
     <span class='ocr_line' id='line_1_69' title="bbox 533 5113 2112 5182; baseline 0.002 -13"><span class='ocrx_word' id='word_1_491' title='bbox 533 5117 683 5180; x_wconf 86' lang='lat' dir='ltr'><strong>lem;</strong></span> <span class='ocrx_word' id='word_1_492' title='bbox 720 5116 825 5170; x_wconf 79' lang='lat' dir='ltr'><strong>ltoc</strong></span> <span class='ocrx_word' id='word_1_493' title='bbox 854 5116 1061 5178; x_wconf 90' lang='lat' dir='ltr'><strong>lunam,</strong></span> <span class='ocrx_word' id='word_1_494' title='bbox 1089 5113 1223 5175; x_wconf 89' lang='lat' dir='ltr'><strong>illud</strong></span> <span class='ocrx_word' id='word_1_495' title='bbox 1244 5122 1478 5181; x_wconf 88' lang='lat' dir='ltr'><strong>terram;</strong></span> <span class='ocrx_word' id='word_1_496' title='bbox 1515 5114 1941 5182; x_wconf 87' lang='lat' dir='ltr'><strong>hocvolucrem,</strong></span> <span class='ocrx_word' id='word_1_497' title='bbox 1976 5116 2112 5172; x_wconf 89' lang='lat' dir='ltr'><strong>illud</strong></span> 
     </span>
    </p>
   </div>
   <div class='ocr_carea' id='block_1_70' title="bbox 534 5206 2112 5280">
    <p class='ocr_par' dir='ltr' id='par_1_70' title="bbox 534 5206 2112 5280">
     <span class='ocr_line' id='line_1_70' title="bbox 534 5206 2112 5280; baseline 0.003 -19"><span class='ocrx_word' id='word_1_498' title='bbox 534 5207 797 5274; x_wconf 86' lang='lat' dir='ltr'><strong>belluam,</strong></span> <span class='ocrx_word' id='word_1_499' title='bbox 832 5206 967 5261; x_wconf 88' lang='lat' dir='ltr'><strong>illud</strong></span> <span class='ocrx_word' id='word_1_500' title='bbox 993 5206 1279 5272; x_wconf 88' lang='lat' dir='ltr'><strong>arborem;</strong></span> <span class='ocrx_word' id='word_1_501' title='bbox 1311 5214 1372 5262; x_wconf 89' lang='lat' dir='ltr'><strong>ut</strong></span> <span class='ocrx_word' id='word_1_502' title='bbox 1402 5206 1761 5275; x_wconf 89' lang='lat' dir='ltr'><strong>edocebatur,</strong></span> <span class='ocrx_word' id='word_1_503' title='bbox 1786 5207 1863 5265; x_wconf 86' lang='lat' dir='ltr'><strong>ita</strong></span> <span class='ocrx_word' id='word_1_504' title='bbox 1888 5223 2112 5280; x_wconf 86' lang='lat' dir='ltr'><strong>quoque</strong></span> 
     </span>
    </p>
   </div>
   <div class='ocr_carea' id='block_1_71' title="bbox 534 5300 1100 5357">
    <p class='ocr_par' dir='ltr' id='par_1_71' title="bbox 534 5300 1100 5357">
     <span class='ocr_line' id='line_1_71' title="bbox 534 5300 1100 5357; baseline -0.004 0"><span class='ocrx_word' id='word_1_505' title='bbox 534 5301 758 5357; x_wconf 81' lang='lat' dir='ltr'><strong>nomina</strong></span> <span class='ocrx_word' id='word_1_506' title='bbox 804 5300 1100 5356; x_wconf 89' lang='lat' dir='ltr'><strong>indiderat.</strong></span> 
     </span>
    </p>
   </div>
   <div class='ocr_carea' id='block_1_72' title="bbox 605 5397 2114 5469">
    <p class='ocr_par' dir='ltr' id='par_1_72' title="bbox 605 5397 2114 5469">
     <span class='ocr_line' id='line_1_72' title="bbox 605 5397 2114 5469; baseline -0.001 -16"><span class='ocrx_word' id='word_1_507' title='bbox 605 5398 719 5453; x_wconf 90' lang='lat' dir='ltr'><strong>VlI.</strong></span> <span class='ocrx_word' id='word_1_508' title='bbox 756 5397 1133 5469; x_wconf 83' lang='lat' dir='ltr'><strong>Interrogatio.</strong></span> <span class='ocrx_word' id='word_1_509' title='bbox 1185 5398 1490 5453; x_wconf 84' lang='lat' dir='ltr'><strong>Habebatne</strong></span> <span class='ocrx_word' id='word_1_510' title='bbox 1517 5415 1753 5465; x_wconf 86' lang='lat' dir='ltr'><strong>sensum,</strong></span> <span class='ocrx_word' id='word_1_511' title='bbox 1798 5408 1847 5453; x_wconf 86' lang='lat' dir='ltr'><strong>et</strong></span> <span class='ocrx_word' id='word_1_512' title='bbox 1896 5397 2114 5469; x_wconf 60' lang='lat' dir='ltr'><strong>partici-</strong></span> 
     </span>
    </p>
   </div>
   <div class='ocr_carea' id='block_1_73' title="bbox 532 5487 1301 5559">
    <p class='ocr_par' dir='ltr' id='par_1_73' title="bbox 532 5487 1301 5559">
     <span class='ocr_line' id='line_1_73' title="bbox 532 5487 1301 5559; baseline 0 -16"><span class='ocrx_word' id='word_1_513' title='bbox 532 5490 678 5557; x_wconf 69' lang='lat' dir='ltr'><strong>patio</strong></span> <span class='ocrx_word' id='word_1_514' title='bbox 691 5506 808 5542; x_wconf 89' lang='lat' dir='ltr'><strong>nem</strong></span> <span class='ocrx_word' id='word_1_515' title='bbox 831 5487 1061 5559; x_wconf 86' lang='lat' dir='ltr'><strong>Spiritus</strong></span> <span class='ocrx_word' id='word_1_516' title='bbox 1084 5490 1256 5549; x_wconf 82' lang='lat' dir='ltr'><strong>sancti</strong></span> <span class='ocrx_word' id='word_1_517' title='bbox 1278 5489 1301 5543; x_wconf 84' lang='lat'><strong><em>?</em></strong></span> 
     </span>
    </p>
   </div>
   <div class='ocr_carea' id='block_1_74' title="bbox 612 5583 2108 5655">
    <p class='ocr_par' dir='ltr' id='par_1_74' title="bbox 612 5583 2108 5655">
     <span class='ocr_line' id='line_1_74' title="bbox 612 5583 2108 5655; baseline 0.002 -19"><span class='ocrx_word' id='word_1_518' title='bbox 612 5583 916 5653; x_wconf 72' lang='lat' dir='ltr'><strong>Responsio.</strong></span> <span class='ocrx_word' id='word_1_519' title='bbox 956 5584 1200 5640; x_wconf 87' lang='lat' dir='ltr'><strong>Verbum</strong></span> <span class='ocrx_word' id='word_1_520' title='bbox 1250 5584 1431 5655; x_wconf 77' lang='lat' dir='ltr'><strong>ipsum</strong></span> <span class='ocrx_word' id='word_1_521' title='bbox 1470 5584 1523 5641; x_wconf 90' lang='lat' dir='ltr'><strong>ei</strong></span> <span class='ocrx_word' id='word_1_522' title='bbox 1555 5583 1877 5652; x_wconf 64' lang='lat' dir='ltr'><strong>adhaerens,</strong></span> <span class='ocrx_word' id='word_1_523' title='bbox 1908 5595 2029 5640; x_wconf 90' lang='lat' dir='ltr'><strong>erat</strong></span> <span class='ocrx_word' id='word_1_524' title='bbox 2056 5584 2108 5640; x_wconf 90' lang='lat' dir='ltr'><strong>ei</strong></span> 
     </span>
    </p>
   </div>
   <div class='ocr_carea' id='block_1_75' title="bbox 615 5762 2637 5833">
    <p class='ocr_par' dir='ltr' id='par_1_75' title="bbox 615 5762 2637 5833">
     <span class='ocr_line' id='line_1_75' title="bbox 615 5762 2637 5833; baseline 0.001 -19"><span class='ocrx_word' id='word_1_525' title='bbox 615 5766 655 5805; x_wconf 76' lang='grc' dir='ltr'><strong>ο·</strong></span> <span class='ocrx_word' id='word_1_526' title='bbox 686 5763 831 5824; x_wconf 84' lang='lat' dir='ltr'><strong>llebr</strong></span> <span class='ocrx_word' id='word_1_527' title='bbox 872 5763 1051 5829; x_wconf 79' lang='lat' dir='ltr'><strong>xt,57,</strong></span> <span class='ocrx_word' id='word_1_528' title='bbox 1086 5763 1175 5818; x_wconf 83' lang='lat'><strong>58.</strong></span> <span class='ocrx_word' id='word_1_529' title='bbox 1251 5762 1506 5819; x_wconf 80' lang='lat' dir='ltr'><strong>“Matth.</strong></span> <span class='ocrx_word' id='word_1_530' title='bbox 1535 5765 1784 5833; x_wconf 72' lang='lat' dir='ltr'><strong>xxvu,28</strong></span> <span class='ocrx_word' id='word_1_531' title='bbox 1807 5765 1894 5820; x_wconf 68' lang='grc' dir='ltr'><strong>ΞΟ.</strong></span> <span class='ocrx_word' id='word_1_532' title='bbox 1973 5764 2050 5820; x_wconf 84' lang='grc' dir='ltr'>²³ί</span> <span class='ocrx_word' id='word_1_533' title='bbox 2083 5762 2209 5821; x_wconf 86' lang='lat' dir='ltr'><strong>Cor.</strong></span> <span class='ocrx_word' id='word_1_534' title='bbox 2241 5781 2311 5832; x_wconf 83' lang='lat' dir='ltr'><strong>tv,</strong></span> <span class='ocrx_word' id='word_1_535' title='bbox 2342 5765 2439 5833; x_wconf 75' lang='lat' dir='ltr'><strong>ll;</strong></span> <span class='ocrx_word' id='word_1_536' title='bbox 2481 5781 2551 5819; x_wconf 64' lang='grc' dir='ltr'><strong>λι.</strong></span> <span class='ocrx_word' id='word_1_537' title='bbox 2592 5764 2637 5823; x_wconf 86' lang='lat' dir='ltr'><strong>l.</strong></span> 
     </span>
    </p>
   </div>
   <div class='ocr_carea' id='block_1_76' title="bbox 2187 1900 3757 1974">
    <p class='ocr_par' dir='ltr' id='par_1_76' title="bbox 2187 1900 3757 1974">
     <span class='ocr_line' id='line_1_76' title="bbox 2187 1900 3757 1974; baseline -0.004 -14"><span class='ocrx_word' id='word_1_538' title='bbox 2187 1906 2459 1974; x_wconf 83' lang='grc' dir='ltr'>τεύομεν,</span> <span class='ocrx_word' id='word_1_539' title='bbox 2502 1902 2599 1957; x_wconf 81' lang='grc' dir='ltr'>καὶ</span> <span class='ocrx_word' id='word_1_540' title='bbox 2632 1900 3053 1970; x_wconf 78' lang='grc' dir='ltr'>ὀνειδιζόμεθα,</span> <span class='ocrx_word' id='word_1_541' title='bbox 3085 1902 3185 1954; x_wconf 77' lang='grc' dir='ltr'><strong>καί</strong></span> <span class='ocrx_word' id='word_1_542' title='bbox 3235 1900 3636 1971; x_wconf 82' lang='grc' dir='ltr'>ἀστατοῦμεν.</span> <span class='ocrx_word' id='word_1_543' title='bbox 3667 1900 3757 1963; x_wconf 66' lang='grc' dir='ltr'><strong>’ω</strong></span> 
     </span>
    </p>
   </div>
   <div class='ocr_carea' id='block_1_77' title="bbox 2189 1990 3755 2066">
    <p class='ocr_par' dir='ltr' id='par_1_77' title="bbox 2189 1990 3755 2066">
     <span class='ocr_line' id='line_1_77' title="bbox 2189 1990 3755 2066; baseline -0.005 -16"><span class='ocrx_word' id='word_1_544' title='bbox 2189 1997 2240 2050; x_wconf 90' lang='grc' dir='ltr'>οἱ</span> <span class='ocrx_word' id='word_1_545' title='bbox 2293 1996 2394 2066; x_wconf 80' lang='grc' dir='ltr'><strong>μὲν</strong></span> <span class='ocrx_word' id='word_1_546' title='bbox 2446 1990 3002 2063; x_wconf 83' lang='grc' dir='ltr'>ἀπεκεφαλίοθησαν,</span> <span class='ocrx_word' id='word_1_547' title='bbox 3052 1993 3101 2045; x_wconf 79' lang='lat' dir='ltr'><strong>o!</strong></span> <span class='ocrx_word' id='word_1_548' title='bbox 3154 1991 3214 2044; x_wconf 80' lang='grc' dir='ltr'>δὲ</span> <span class='ocrx_word' id='word_1_549' title='bbox 3271 1990 3755 2061; x_wconf 70' lang='grc' dir='ltr'>ὲστραυρώθησαν,</span> 
     </span>
    </p>
   </div>
   <div class='ocr_carea' id='block_1_78' title="bbox 2190 2083 3759 2157">
    <p class='ocr_par' dir='ltr' id='par_1_78' title="bbox 2190 2083 3759 2157">
     <span class='ocr_line' id='line_1_78' title="bbox 2190 2083 3759 2157; baseline -0.006 -14"><span class='ocrx_word' id='word_1_550' title='bbox 2190 2088 2337 2143; x_wconf 82' lang='grc' dir='ltr'>ἄλλοι</span> <span class='ocrx_word' id='word_1_551' title='bbox 2369 2088 2427 2141; x_wconf 83' lang='grc' dir='ltr'>δὲ</span> <span class='ocrx_word' id='word_1_552' title='bbox 2470 2085 2745 2157; x_wconf 86' lang='grc' dir='ltr'>διαφόρως</span> <span class='ocrx_word' id='word_1_553' title='bbox 2785 2083 3109 2154; x_wconf 80' lang='grc' dir='ltr'>ὲθ).ί6ησσ.ν’</span> <span class='ocrx_word' id='word_1_554' title='bbox 3144 2084 3307 2147; x_wconf 70' lang='grc' dir='ltr'>αὐτὸς</span> <span class='ocrx_word' id='word_1_555' title='bbox 3347 2083 3404 2137; x_wconf 79' lang='grc' dir='ltr'><strong>δὲ</strong></span> <span class='ocrx_word' id='word_1_556' title='bbox 3433 2085 3463 2136; x_wconf 82' lang='grc' dir='ltr'>ὁ</span> <span class='ocrx_word' id='word_1_557' title='bbox 3496 2084 3759 2153; x_wconf 73' lang='grc' dir='ltr'><strong>Δεσπότης</strong></span> 
     </span>
    </p>
   </div>
   <div class='ocr_carea' id='block_1_79' title="bbox 2190 2176 3759 2254">
    <p class='ocr_par' dir='ltr' id='par_1_79' title="bbox 2190 2176 3759 2254">
     <span class='ocr_line' id='line_1_79' title="bbox 2190 2176 3759 2254; baseline -0.004 -19"><span class='ocrx_word' id='word_1_558' title='bbox 2190 2179 2487 2254; x_wconf 80' lang='grc' dir='ltr'>προφητῶν</span> <span class='ocrx_word' id='word_1_559' title='bbox 2518 2196 2579 2231; x_wconf 83' lang='grc' dir='ltr'><strong>τε</strong></span> <span class='ocrx_word' id='word_1_560' title='bbox 2623 2178 2720 2231; x_wconf 76' lang='grc' dir='ltr'>καὶ</span> <span class='ocrx_word' id='word_1_561' title='bbox 2770 2176 3118 2241; x_wconf 80' lang='grc' dir='ltr'>ἀποστόλων,</span> <span class='ocrx_word' id='word_1_562' title='bbox 3160 2176 3351 2248; x_wconf 84' lang='grc' dir='ltr'>ὥσπερ</span> <span class='ocrx_word' id='word_1_563' title='bbox 3384 2176 3759 2246; x_wconf 66' lang='grc' dir='ltr'>ἐπιλαθόμενος</span> 
     </span>
    </p>
   </div>
   <div class='ocr_carea' id='block_1_80' title="bbox 2191 2266 3759 2344">
    <p class='ocr_par' dir='ltr' id='par_1_80' title="bbox 2191 2266 3759 2344">
     <span class='ocr_line' id='line_1_80' title="bbox 2191 2266 3759 2344; baseline -0.003 -18"><span class='ocrx_word' id='word_1_564' title='bbox 2191 2273 2288 2344; x_wconf 81' lang='grc' dir='ltr'>τῆς</span> <span class='ocrx_word' id='word_1_565' title='bbox 2318 2271 2501 2341; x_wconf 85' lang='grc' dir='ltr'>θεῖκῆς</span> <span class='ocrx_word' id='word_1_566' title='bbox 2525 2269 2704 2339; x_wconf 76' lang='grc' dir='ltr'>δόξης,</span> <span class='ocrx_word' id='word_1_567' title='bbox 2734 2268 2852 2332; x_wconf 87' lang='grc' dir='ltr'><strong>πῶς</strong></span> <span class='ocrx_word' id='word_1_568' title='bbox 2880 2266 3175 2334; x_wconf 75' lang='grc' dir='ltr'>διώδευσες</span> <span class='ocrx_word' id='word_1_569' title='bbox 3209 2267 3377 2329; x_wconf 76' lang='grc' dir='ltr'>τύπος</span> <span class='ocrx_word' id='word_1_570' title='bbox 3416 2269 3553 2339; x_wconf 79' lang='grc' dir='ltr'>ἡμῖν</span> <span class='ocrx_word' id='word_1_571' title='bbox 3591 2267 3759 2335; x_wconf 75' lang='grc' dir='ltr'>γιγνό·</span> 
     </span>
    </p>
   </div>
   <div class='ocr_carea' id='block_1_81' title="bbox 2196 2356 3762 2434">
    <p class='ocr_par' dir='ltr' id='par_1_81' title="bbox 2196 2356 3762 2434">
     <span class='ocr_line' id='line_1_81' title="bbox 2196 2356 3762 2434; baseline -0.006 -17"><span class='ocrx_word' id='word_1_572' title='bbox 2196 2378 2376 2434; x_wconf 84' lang='grc' dir='ltr'>μενος,</span> <span class='ocrx_word' id='word_1_573' title='bbox 2405 2358 2491 2413; x_wconf 84' lang='grc' dir='ltr'>διὰ</span> <span class='ocrx_word' id='word_1_574' title='bbox 2519 2356 2730 2429; x_wconf 82' lang='grc' dir='ltr'>’ύὸρεων</span> <span class='ocrx_word' id='word_1_575' title='bbox 2758 2358 3023 2427; x_wconf 79' lang='grc' dir='ltr'>στέφανον</span> <span class='ocrx_word' id='word_1_576' title='bbox 3045 2358 3337 2413; x_wconf 73' lang='grc' dir='ltr'>ἀκάνθινον</span> <span class='ocrx_word' id='word_1_577' title='bbox 3364 2359 3457 2412; x_wconf 70' lang='grc' dir='ltr'><strong>ἐπὶ</strong></span> <span class='ocrx_word' id='word_1_578' title='bbox 3483 2358 3585 2428; x_wconf 75' lang='grc' dir='ltr'><strong>τῆς</strong></span> <span class='ocrx_word' id='word_1_579' title='bbox 3608 2375 3762 2425; x_wconf 68' lang='grc' dir='ltr'>κεφα-</span> 
     </span>
    </p>
   </div>
   <div class='ocr_carea' id='block_1_82' title="bbox 2192 2449 3762 2524">
    <p class='ocr_par' dir='ltr' id='par_1_82' title="bbox 2192 2449 3762 2524">
     <span class='ocr_line' id='line_1_82' title="bbox 2192 2449 3762 2524; baseline -0.003 -19"><span class='ocrx_word' id='word_1_580' title='bbox 2192 2453 2291 2524; x_wconf 80' lang='grc' dir='ltr'>λῆς</span> <span class='ocrx_word' id='word_1_581' title='bbox 2350 2451 2647 2522; x_wconf 79' lang='grc' dir='ltr'>ἐφόρεσεν,</span> <span class='ocrx_word' id='word_1_582' title='bbox 2705 2449 3077 2522; x_wconf 72' lang='grc' dir='ltr'>ὲμπτύσματα</span> <span class='ocrx_word' id='word_1_583' title='bbox 3127 2450 3371 2522; x_wconf 74' lang='grc' dir='ltr'>ὑπέστη,</span> <span class='ocrx_word' id='word_1_584' title='bbox 3419 2450 3762 2521; x_wconf 53' lang='grc' dir='ltr'>ῥαπίσματα,</span> 
     </span>
    </p>
   </div>
   <div class='ocr_carea' id='block_1_83' title="bbox 2197 2545 2454 2617">
    <p class='ocr_par' dir='ltr' id='par_1_83' title="bbox 2197 2545 2454 2617">
     <span class='ocr_line' id='line_1_83' title="bbox 2197 2545 2454 2617; baseline -0.004 -18"><span class='ocrx_word' id='word_1_585' title='bbox 2197 2545 2454 2617; x_wconf 87' lang='grc' dir='ltr'>σταυρόν.</span> 
     </span>
    </p>
   </div>
   <div class='ocr_carea' id='block_1_84' title="bbox 2266 2632 3763 2703">
    <p class='ocr_par' dir='ltr' id='par_1_84' title="bbox 2266 2632 3763 2703">
     <span class='ocr_line' id='line_1_84' title="bbox 2266 2632 3763 2703; baseline -0.006 -12"><span class='ocrx_word' id='word_1_586' title='bbox 2266 2635 2342 2693; x_wconf 87' lang='lat' dir='ltr'><strong>E&#39;.</strong></span> <span class='ocrx_word' id='word_1_587' title='bbox 2377 2638 2440 2691; x_wconf 86' lang='grc' dir='ltr'>Εί</span> <span class='ocrx_word' id='word_1_588' title='bbox 2468 2639 2495 2691; x_wconf 85' lang='grc' dir='ltr'>ὁ</span> <span class='ocrx_word' id='word_1_589' title='bbox 2527 2636 2659 2700; x_wconf 72' lang='grc' dir='ltr'>Θεὸς</span> <span class='ocrx_word' id='word_1_590' title='bbox 2691 2636 2865 2700; x_wconf 73' lang='grc' dir='ltr'>οὕτως</span> <span class='ocrx_word' id='word_1_591' title='bbox 2894 2635 3183 2691; x_wconf 84' lang='grc' dir='ltr'>διώδευσεν</span> <span class='ocrx_word' id='word_1_592' title='bbox 3213 2634 3307 2686; x_wconf 68' lang='grc' dir='ltr'><strong>ἐπὶ</strong></span> <span class='ocrx_word' id='word_1_593' title='bbox 3340 2635 3444 2703; x_wconf 79' lang='grc' dir='ltr'>τῆς</span> <span class='ocrx_word' id='word_1_594' title='bbox 3478 2632 3605 2703; x_wconf 79' lang='grc' dir='ltr'>γῆς,</span> <span class='ocrx_word' id='word_1_595' title='bbox 3629 2632 3763 2700; x_wconf 66' lang='lat' dir='ltr'><strong>695l-</strong></span> 
     </span>
    </p>
   </div>
   <div class='ocr_carea' id='block_1_85' title="bbox 2196 2723 3764 2800">
    <p class='ocr_par' dir='ltr' id='par_1_85' title="bbox 2196 2723 3764 2800">
     <span class='ocr_line' id='line_1_85' title="bbox 2196 2723 3764 2800; baseline -0.005 -19"><span class='ocrx_word' id='word_1_596' title='bbox 2196 2728 2310 2793; x_wconf 87' lang='grc' dir='ltr'>λεις</span> <span class='ocrx_word' id='word_1_597' title='bbox 2342 2729 2437 2783; x_wconf 72' lang='grc' dir='ltr'>καὶ</span> <span class='ocrx_word' id='word_1_598' title='bbox 2486 2731 2551 2782; x_wconf 81' lang='grc' dir='ltr'><strong>σὺ</strong></span> <span class='ocrx_word' id='word_1_599' title='bbox 2589 2727 2834 2800; x_wconf 82' lang='grc' dir='ltr'>μιμητὴς</span> <span class='ocrx_word' id='word_1_600' title='bbox 2869 2725 3034 2781; x_wconf 77' lang='grc' dir='ltr'>αὐτοῦ</span> <span class='ocrx_word' id='word_1_601' title='bbox 3082 2723 3372 2793; x_wconf 76' lang='grc' dir='ltr'><strong>γενέσθαι⁸</strong></span> <span class='ocrx_word' id='word_1_602' title='bbox 3420 2723 3517 2777; x_wconf 72' lang='grc' dir='ltr'>καὶ</span> <span class='ocrx_word' id='word_1_603' title='bbox 3556 2724 3604 2775; x_wconf 85' lang='lat' dir='ltr'><strong>ol</strong></span> <span class='ocrx_word' id='word_1_604' title='bbox 3641 2723 3764 2774; x_wconf 75' lang='grc' dir='ltr'>ἀπό-</span> 
     </span>
    </p>
   </div>
   <div class='ocr_carea' id='block_1_86' title="bbox 2198 2816 3764 2895">
    <p class='ocr_par' dir='ltr' id='par_1_86' title="bbox 2198 2816 3764 2895">
     <span class='ocr_line' id='line_1_86' title="bbox 2198 2816 3764 2895; baseline -0.006 -16"><span class='ocrx_word' id='word_1_605' title='bbox 2198 2827 2375 2881; x_wconf 86' lang='grc' dir='ltr'>στολοι</span> <span class='ocrx_word' id='word_1_606' title='bbox 2404 2828 2501 2881; x_wconf 71' lang='grc' dir='ltr'><strong>καὶ</strong></span> <span class='ocrx_word' id='word_1_607' title='bbox 2546 2828 2595 2879; x_wconf 92' lang='grc' dir='ltr'>οἱ</span> <span class='ocrx_word' id='word_1_608' title='bbox 2622 2824 2900 2895; x_wconf 79' lang='grc' dir='ltr'>προφῆται</span> <span class='ocrx_word' id='word_1_609' title='bbox 2929 2821 3102 2883; x_wconf 78' lang='grc' dir='ltr'>οὕτως</span> <span class='ocrx_word' id='word_1_610' title='bbox 3120 2820 3416 2874; x_wconf 85' lang='grc' dir='ltr'>διώδευσαν</span> <span class='ocrx_word' id='word_1_611' title='bbox 3434 2834 3449 2848; x_wconf 91' lang='grc'><strong>·</strong></span> <span class='ocrx_word' id='word_1_612' title='bbox 3478 2816 3575 2870; x_wconf 78' lang='grc' dir='ltr'><strong>καὶ</strong></span> <span class='ocrx_word' id='word_1_613' title='bbox 3598 2816 3764 2886; x_wconf 54' lang='lat' dir='ltr'><strong>nrtsic,</strong></span> 
     </span>
    </p>
   </div>
   <div class='ocr_carea' id='block_1_87' title="bbox 2196 2907 3768 2989">
    <p class='ocr_par' dir='ltr' id='par_1_87' title="bbox 2196 2907 3768 2989">
     <span class='ocr_line' id='line_1_87' title="bbox 2196 2907 3768 2989; baseline -0.008 -16"><span class='ocrx_word' id='word_1_614' title='bbox 2196 2922 2245 2973; x_wconf 88' lang='grc' dir='ltr'><strong>εί</strong></span> <span class='ocrx_word' id='word_1_615' title='bbox 2289 2919 2513 2989; x_wconf 77' lang='grc' dir='ltr'>θέλομεν</span> <span class='ocrx_word' id='word_1_616' title='bbox 2545 2916 2623 2987; x_wconf 83' lang='grc' dir='ltr'>τῷ</span> <span class='ocrx_word' id='word_1_617' title='bbox 2655 2914 2888 2986; x_wconf 80' lang='grc' dir='ltr'>θεμελίῳ</span> <span class='ocrx_word' id='word_1_618' title='bbox 2914 2911 3009 2967; x_wconf 78' lang='grc' dir='ltr'>τοῦ</span> <span class='ocrx_word' id='word_1_619' title='bbox 3044 2912 3250 2983; x_wconf 81' lang='grc' dir='ltr'>Κυρίου</span> <span class='ocrx_word' id='word_1_620' title='bbox 3283 2911 3381 2963; x_wconf 69' lang='grc' dir='ltr'>καὶ</span> <span class='ocrx_word' id='word_1_621' title='bbox 3414 2909 3527 2963; x_wconf 85' lang='grc' dir='ltr'><strong>τῶν</strong></span> <span class='ocrx_word' id='word_1_622' title='bbox 3556 2907 3768 2962; x_wconf 69' lang='grc' dir='ltr'>ἀποστό-</span> 
     </span>
    </p>
   </div>
   <div class='ocr_carea' id='block_1_88' title="bbox 2196 2997 3767 3076">
    <p class='ocr_par' dir='ltr' id='par_1_88' title="bbox 2196 2997 3767 3076">
     <span class='ocr_line' id='line_1_88' title="bbox 2196 2997 3767 3076; baseline -0.008 -14"><span class='ocrx_word' id='word_1_623' title='bbox 2196 3009 2304 3063; x_wconf 86' lang='grc' dir='ltr'>λων</span> <span class='ocrx_word' id='word_1_624' title='bbox 2369 3006 2895 3076; x_wconf 79' lang='grc' dir='ltr'>ὲποικοδομηθῆναι,</span> <span class='ocrx_word' id='word_1_625' title='bbox 2958 3003 3247 3072; x_wconf 76' lang='grc' dir='ltr'>ὀφείλομεν</span> <span class='ocrx_word' id='word_1_626' title='bbox 3317 2999 3558 3069; x_wconf 73' lang='grc' dir='ltr'>μιμηταὶ</span> <span class='ocrx_word' id='word_1_627' title='bbox 3604 2997 3767 3052; x_wconf 71' lang='grc' dir='ltr'>αὐτῶν</span> 
     </span>
    </p>
   </div>
   <div class='ocr_carea' id='block_1_89' title="bbox 2122 3089 3765 3199">
    <p class='ocr_par' dir='ltr' id='par_1_89' title="bbox 2122 3089 3765 3199">
     <span class='ocr_line' id='line_1_89' title="bbox 2122 3089 3765 3199; baseline -0.007 -44"><span class='ocrx_word' id='word_1_628' title='bbox 2122 3142 2165 3199; x_wconf 71' lang='lat' dir='ltr'><strong>G</strong></span> <span class='ocrx_word' id='word_1_629' title='bbox 2198 3101 2473 3171; x_wconf 82' lang='grc' dir='ltr'>γενέσθαι.</span> <span class='ocrx_word' id='word_1_630' title='bbox 2506 3100 2670 3167; x_wconf 80' lang='grc' dir='ltr'>Λέγει</span> <span class='ocrx_word' id='word_1_631' title='bbox 2696 3097 2805 3168; x_wconf 80' lang='grc' dir='ltr'>γὰρ</span> <span class='ocrx_word' id='word_1_632' title='bbox 2830 3098 2857 3150; x_wconf 90' lang='grc' dir='ltr'>ὁ</span> <span class='ocrx_word' id='word_1_633' title='bbox 2879 3096 3202 3199; x_wconf 76' lang='grc' dir='ltr'>Ἀπόστολος</span> <span class='ocrx_word' id='word_1_634' title='bbox 3231 3095 3289 3147; x_wconf 75' lang='grc' dir='ltr'>ὲν</span> <span class='ocrx_word' id='word_1_635' title='bbox 3318 3093 3602 3199; x_wconf 49' lang='grc' dir='ltr'>ξΙνῖὂματι</span> 
     </span>
    </p>
   </div>
   <div class='ocr_carea' id='block_1_90' title="bbox 2200 3180 3768 3264">
    <p class='ocr_par' dir='ltr' id='par_1_90' title="bbox 2200 3180 3768 3264">
     <span class='ocr_line' id='line_1_90' title="bbox 2200 3180 3768 3264; baseline -0.009 -16"><span class='ocrx_word' id='word_1_636' title='bbox 2200 3193 2464 3264; x_wconf 78' lang='grc' dir='ltr'>Μιμηταί</span> <span class='ocrx_word' id='word_1_637' title='bbox 2487 3209 2607 3261; x_wconf 84' lang='grc' dir='ltr'><strong>μου</strong></span> <span class='ocrx_word' id='word_1_638' title='bbox 2655 3191 2917 3261; x_wconf 77' lang='grc' dir='ltr'>γίνεσθε,</span> <span class='ocrx_word' id='word_1_639' title='bbox 2962 3185 3156 3253; x_wconf 84' lang='grc' dir='ltr'>καθὼς</span> <span class='ocrx_word' id='word_1_640' title='bbox 3192 3183 3353 3255; x_wconf 69' lang='grc' dir='ltr'>κάγὼ</span> <span class='ocrx_word' id='word_1_641' title='bbox 3392 3182 3675 3253; x_wconf 82' lang='grc' dir='ltr'>Χριστοῦ.</span> <span class='ocrx_word' id='word_1_642' title='bbox 3714 3180 3768 3236; x_wconf 75' lang='lat' dir='ltr'><strong>El</strong></span> 
     </span>
    </p>
   </div>
   <div class='ocr_carea' id='block_1_91' title="bbox 2201 3273 3769 3355">
    <p class='ocr_par' dir='ltr' id='par_1_91' title="bbox 2201 3273 3769 3355">
     <span class='ocr_line' id='line_1_91' title="bbox 2201 3273 3769 3355; baseline -0.009 -15"><span class='ocrx_word' id='word_1_643' title='bbox 2201 3286 2259 3341; x_wconf 77' lang='grc' dir='ltr'><strong>δὲ</strong></span> <span class='ocrx_word' id='word_1_644' title='bbox 2322 3284 2542 3355; x_wconf 80' lang='grc' dir='ltr'>ἀγαπᾷς</span> <span class='ocrx_word' id='word_1_645' title='bbox 2603 3281 2763 3349; x_wconf 75' lang='grc' dir='ltr'>δόξας</span> <span class='ocrx_word' id='word_1_646' title='bbox 2816 3280 3155 3349; x_wconf 82' lang='grc' dir='ltr'>ἀνθρώπων,</span> <span class='ocrx_word' id='word_1_647' title='bbox 3210 3277 3305 3331; x_wconf 74' lang='grc' dir='ltr'><strong>καὶ</strong></span> <span class='ocrx_word' id='word_1_648' title='bbox 3354 3273 3769 3347; x_wconf 73' lang='grc' dir='ltr'>προσκυνεῖσθαι</span> 
     </span>
    </p>
   </div>
   <div class='ocr_carea' id='block_1_92' title="bbox 2204 3364 3768 3443">
    <p class='ocr_par' dir='ltr' id='par_1_92' title="bbox 2204 3364 3768 3443">
     <span class='ocr_line' id='line_1_92' title="bbox 2204 3364 3768 3443; baseline -0.007 -11"><span class='ocrx_word' id='word_1_649' title='bbox 2204 3378 2379 3442; x_wconf 82' lang='grc' dir='ltr'>θέλεις</span> <span class='ocrx_word' id='word_1_650' title='bbox 2397 3417 2411 3443; x_wconf 92' lang='grc'><strong>,</strong></span> <span class='ocrx_word' id='word_1_651' title='bbox 2462 3376 2555 3430; x_wconf 67' lang='grc' dir='ltr'><strong>καὶΙ</strong></span> <span class='ocrx_word' id='word_1_652' title='bbox 2582 3374 2891 3429; x_wconf 82' lang='grc' dir='ltr'>ἀνάπαυσιν</span> <span class='ocrx_word' id='word_1_653' title='bbox 2921 3371 3105 3443; x_wconf 78' lang='grc' dir='ltr'>ζητεῖς</span> <span class='ocrx_word' id='word_1_654' title='bbox 3123 3411 3139 3434; x_wconf 91' lang='grc'><strong>,</strong></span> <span class='ocrx_word' id='word_1_655' title='bbox 3177 3370 3488 3441; x_wconf 78' lang='grc' dir='ltr'>ἐξετράπης</span> <span class='ocrx_word' id='word_1_656' title='bbox 3514 3368 3616 3438; x_wconf 76' lang='grc' dir='ltr'>τῆς</span> <span class='ocrx_word' id='word_1_657' title='bbox 3640 3364 3768 3421; x_wconf 74' lang='grc' dir='ltr'>ὀδοῦ.</span> 
     </span>
    </p>
   </div>
   <div class='ocr_carea' id='block_1_93' title="bbox 2203 3460 3771 3541">
    <p class='ocr_par' dir='ltr' id='par_1_93' title="bbox 2203 3460 3771 3541">
     <span class='ocr_line' id='line_1_93' title="bbox 2203 3460 3771 3541; baseline -0.009 -16"><span class='ocrx_word' id='word_1_658' title='bbox 2203 3469 2326 3541; x_wconf 81' lang='grc' dir='ltr'>Χρὴ</span> <span class='ocrx_word' id='word_1_659' title='bbox 2355 3469 2463 3539; x_wconf 87' lang='grc' dir='ltr'>γάρ</span> <span class='ocrx_word' id='word_1_660' title='bbox 2497 3484 2557 3520; x_wconf 90' lang='grc' dir='ltr'><strong>σε</strong></span> <span class='ocrx_word' id='word_1_661' title='bbox 2599 3463 3050 3535; x_wconf 81' lang='grc' dir='ltr'>συσταυρωθῆναι</span> <span class='ocrx_word' id='word_1_662' title='bbox 3095 3462 3174 3532; x_wconf 80' lang='grc' dir='ltr'>τῷ</span> <span class='ocrx_word' id='word_1_663' title='bbox 3215 3460 3610 3532; x_wconf 82' lang='grc' dir='ltr'>σταυρωθέντι,</span> <span class='ocrx_word' id='word_1_664' title='bbox 3648 3475 3771 3528; x_wconf 77' lang='grc' dir='ltr'>συμ-</span> 
     </span>
    </p>
   </div>
   <div class='ocr_carea' id='block_1_94' title="bbox 2205 3550 3771 3631">
    <p class='ocr_par' dir='ltr' id='par_1_94' title="bbox 2205 3550 3771 3631">
     <span class='ocr_line' id='line_1_94' title="bbox 2205 3550 3771 3631; baseline -0.008 -15"><span class='ocrx_word' id='word_1_665' title='bbox 2205 3561 2398 3617; x_wconf 77' lang='grc' dir='ltr'>παθεῖν</span> <span class='ocrx_word' id='word_1_666' title='bbox 2423 3558 2502 3631; x_wconf 84' lang='grc' dir='ltr'>τῷ</span> <span class='ocrx_word' id='word_1_667' title='bbox 2528 3558 2774 3625; x_wconf 85' lang='grc' dir='ltr'>παθόντι,</span> <span class='ocrx_word' id='word_1_668' title='bbox 2808 3558 2897 3611; x_wconf 84' lang='grc' dir='ltr'><strong>ἵνα</strong></span> <span class='ocrx_word' id='word_1_669' title='bbox 2925 3554 3100 3619; x_wconf 75' lang='grc' dir='ltr'>οὕτως</span> <span class='ocrx_word' id='word_1_670' title='bbox 3137 3552 3506 3624; x_wconf 78' lang='grc' dir='ltr'>συνδοξασθῇς</span> <span class='ocrx_word' id='word_1_671' title='bbox 3529 3553 3608 3623; x_wconf 79' lang='grc' dir='ltr'>τῷ</span> <span class='ocrx_word' id='word_1_672' title='bbox 3630 3550 3771 3616; x_wconf 78' lang='grc' dir='ltr'>δοξα-</span> 
     </span>
    </p>
   </div>
   <div class='ocr_carea' id='block_1_95' title="bbox 2207 3644 3773 3737">
    <p class='ocr_par' dir='ltr' id='par_1_95' title="bbox 2207 3644 3773 3737">
     <span class='ocr_line' id='line_1_95' title="bbox 2207 3644 3773 3737; baseline -0.008 -27"><span class='ocrx_word' id='word_1_673' title='bbox 2207 3655 2411 3709; x_wconf 81' lang='grc' dir='ltr'>σθέντι.</span> <span class='ocrx_word' id='word_1_674' title='bbox 2466 3652 2706 3723; x_wconf 86' lang='grc' dir='ltr'>Ἀνάγκη</span> <span class='ocrx_word' id='word_1_675' title='bbox 2762 3650 2872 3721; x_wconf 82' lang='grc' dir='ltr'><strong>γὰρ</strong></span> <span class='ocrx_word' id='word_1_676' title='bbox 2932 3650 3053 3720; x_wconf 79' lang='grc' dir='ltr'><strong>τὴν</strong></span> <span class='ocrx_word' id='word_1_677' title='bbox 3084 3647 3306 3737; x_wconf 75' lang='grc' dir='ltr'>νύμφην</span> <span class='ocrx_word' id='word_1_678' title='bbox 3358 3645 3667 3716; x_wconf 82' lang='grc' dir='ltr'>συμπαθεῖν</span> <span class='ocrx_word' id='word_1_679' title='bbox 3707 3644 3773 3713; x_wconf 80' lang='grc' dir='ltr'>τῷ</span> 
     </span>
    </p>
   </div>
   <div class='ocr_carea' id='block_1_96' title="bbox 2206 3738 3773 3818">
    <p class='ocr_par' dir='ltr' id='par_1_96' title="bbox 2206 3738 3773 3818">
     <span class='ocr_line' id='line_1_96' title="bbox 2206 3738 3773 3818; baseline -0.007 -17"><span class='ocrx_word' id='word_1_680' title='bbox 2206 3745 2446 3818; x_wconf 84' lang='grc' dir='ltr'>νυμφίῳ,</span> <span class='ocrx_word' id='word_1_681' title='bbox 2481 3746 2576 3799; x_wconf 69' lang='lat' dir='ltr'><strong>nat</strong></span> <span class='ocrx_word' id='word_1_682' title='bbox 2613 3744 2757 3798; x_wconf 67' lang='grc' dir='ltr'>οὕτω</span> <span class='ocrx_word' id='word_1_683' title='bbox 2788 3741 3045 3813; x_wconf 80' lang='grc' dir='ltr'>γενέσθαι</span> <span class='ocrx_word' id='word_1_684' title='bbox 3072 3740 3329 3795; x_wconf 83' lang='grc' dir='ltr'>κοινωνὸν</span> <span class='ocrx_word' id='word_1_685' title='bbox 3362 3740 3461 3793; x_wconf 81' lang='grc' dir='ltr'>καὶ</span> <span class='ocrx_word' id='word_1_686' title='bbox 3488 3738 3773 3808; x_wconf 75' lang='grc' dir='ltr'>συγκληρο-</span> 
     </span>
    </p>
   </div>
   <div class='ocr_carea' id='block_1_97' title="bbox 2206 3830 3769 3910">
    <p class='ocr_par' dir='ltr' id='par_1_97' title="bbox 2206 3830 3769 3910">
     <span class='ocr_line' id='line_1_97' title="bbox 2206 3830 3769 3910; baseline -0.006 -16"><span class='ocrx_word' id='word_1_687' title='bbox 2206 3840 2373 3910; x_wconf 86' lang='grc' dir='ltr'>νόμον</span> <span class='ocrx_word' id='word_1_688' title='bbox 2401 3835 2664 3910; x_wconf 81' lang='grc' dir='ltr'>Χριστοῦ.</span> <span class='ocrx_word' id='word_1_689' title='bbox 2701 3836 2816 3890; x_wconf 84' lang='grc' dir='ltr'><strong>Οὐκ</strong></span> <span class='ocrx_word' id='word_1_690' title='bbox 2858 3835 3094 3904; x_wconf 81' lang='grc' dir='ltr'>ἐγχωρεί</span> <span class='ocrx_word' id='word_1_691' title='bbox 3127 3833 3238 3905; x_wconf 78' lang='grc' dir='ltr'>γὰρ</span> <span class='ocrx_word' id='word_1_692' title='bbox 3263 3832 3393 3888; x_wconf 78' lang='grc' dir='ltr'>ἄνευ</span> <span class='ocrx_word' id='word_1_693' title='bbox 3426 3830 3769 3901; x_wconf 80' lang='grc' dir='ltr'>παθημάτων.</span> 
     </span>
    </p>
   </div>
   <div class='ocr_carea' id='block_1_98' title="bbox 2208 3919 3769 4000">
    <p class='ocr_par' dir='ltr' id='par_1_98' title="bbox 2208 3919 3769 4000">
     <span class='ocr_line' id='line_1_98' title="bbox 2208 3919 3769 4000; baseline -0.008 -14"><span class='ocrx_word' id='word_1_694' title='bbox 2208 3932 2303 3987; x_wconf 74' lang='grc' dir='ltr'>καὶ</span> <span class='ocrx_word' id='word_1_695' title='bbox 2336 3932 2435 4000; x_wconf 84' lang='grc' dir='ltr'>τῆς</span> <span class='ocrx_word' id='word_1_696' title='bbox 2479 3928 2739 4000; x_wconf 84' lang='grc' dir='ltr'>τραχείας</span> <span class='ocrx_word' id='word_1_697' title='bbox 2769 3926 2864 3981; x_wconf 70' lang='grc' dir='ltr'><strong>καὶ</strong></span> <span class='ocrx_word' id='word_1_698' title='bbox 2902 3924 3105 3995; x_wconf 76' lang='grc' dir='ltr'>στενῆς</span> <span class='ocrx_word' id='word_1_699' title='bbox 3138 3925 3233 3979; x_wconf 75' lang='grc' dir='ltr'><strong>καὶ</strong></span> <span class='ocrx_word' id='word_1_700' title='bbox 3261 3924 3634 3995; x_wconf 82' lang='grc' dir='ltr'>τεθλιμμένης</span> <span class='ocrx_word' id='word_1_701' title='bbox 3668 3919 3769 3975; x_wconf 80' lang='grc' dir='ltr'>6δοῦ</span> 
     </span>
    </p>
   </div>
   <div class='ocr_carea' id='block_1_99' title="bbox 2208 4014 3769 4089">
    <p class='ocr_par' dir='ltr' id='par_1_99' title="bbox 2208 4014 3769 4089">
     <span class='ocr_line' id='line_1_99' title="bbox 2208 4014 3769 4089; baseline -0.007 -12"><span class='ocrx_word' id='word_1_702' title='bbox 2208 4022 2472 4085; x_wconf 83' lang='grc' dir='ltr'>εἰσελθεῖν</span> <span class='ocrx_word' id='word_1_703' title='bbox 2505 4038 2628 4073; x_wconf 88' lang='grc' dir='ltr'>τινα</span> <span class='ocrx_word' id='word_1_704' title='bbox 2676 4020 2755 4082; x_wconf 80' lang='grc' dir='ltr'>εἰς</span> <span class='ocrx_word' id='word_1_705' title='bbox 2795 4018 2896 4089; x_wconf 83' lang='grc' dir='ltr'>τὴν</span> <span class='ocrx_word' id='word_1_706' title='bbox 2942 4016 3096 4070; x_wconf 87' lang='grc' dir='ltr'>πόλιν</span> <span class='ocrx_word' id='word_1_707' title='bbox 3126 4018 3238 4069; x_wconf 86' lang='grc' dir='ltr'><strong>τῶν</strong></span> <span class='ocrx_word' id='word_1_708' title='bbox 3282 4015 3475 4083; x_wconf 84' lang='grc' dir='ltr'>ἁγίων,</span> <span class='ocrx_word' id='word_1_709' title='bbox 3512 4014 3610 4068; x_wconf 71' lang='grc' dir='ltr'>καὶ</span> <span class='ocrx_word' id='word_1_710' title='bbox 3654 4015 3769 4067; x_wconf 74' lang='grc' dir='ltr'>ἀνα-ι</span> 
     </span>
    </p>
   </div>
   <div class='ocr_carea' id='block_1_100' title="bbox 2208 4106 3772 4186">
    <p class='ocr_par' dir='ltr' id='par_1_100' title="bbox 2208 4106 3772 4186">
     <span class='ocr_line' id='line_1_100' title="bbox 2208 4106 3772 4186; baseline -0.008 -18"><span class='ocrx_word' id='word_1_711' title='bbox 2208 4118 2435 4186; x_wconf 74' lang='grc' dir='ltr'>παῆναι,</span> <span class='ocrx_word' id='word_1_712' title='bbox 2468 4115 2563 4166; x_wconf 72' lang='grc' dir='ltr'><strong>καὶ</strong></span> <span class='ocrx_word' id='word_1_713' title='bbox 2589 4109 3030 4180; x_wconf 75' lang='grc' dir='ltr'>συμϐασιλεῦσαι</span> <span class='ocrx_word' id='word_1_714' title='bbox 3056 4108 3135 4180; x_wconf 81' lang='grc' dir='ltr'>τῷ</span> <span class='ocrx_word' id='word_1_715' title='bbox 3160 4107 3367 4179; x_wconf 81' lang='grc' dir='ltr'>βασιλεί</span> <span class='ocrx_word' id='word_1_716' title='bbox 3394 4108 3474 4172; x_wconf 84' lang='grc' dir='ltr'><strong>είς</strong></span> <span class='ocrx_word' id='word_1_717' title='bbox 3504 4107 3631 4170; x_wconf 75' lang='grc' dir='ltr'>τοὺς</span> <span class='ocrx_word' id='word_1_718' title='bbox 3657 4106 3772 4158; x_wconf 75' lang='grc' dir='ltr'>ἁπι-</span> 
     </span>
    </p>
   </div>
   <div class='ocr_carea' id='block_1_101' title="bbox 2213 4204 2691 4280">
    <p class='ocr_par' dir='ltr' id='par_1_101' title="bbox 2213 4204 2691 4280">
     <span class='ocr_line' id='line_1_101' title="bbox 2213 4204 2691 4280; baseline -0.01 -18"><span class='ocrx_word' id='word_1_719' title='bbox 2213 4209 2435 4280; x_wconf 79' lang='grc' dir='ltr'>ράντους</span> <span class='ocrx_word' id='word_1_720' title='bbox 2470 4204 2691 4267; x_wconf 84' lang='grc' dir='ltr'>αἰῶνας.</span> 
     </span>
    </p>
   </div>
   <div class='ocr_carea' id='block_1_102' title="bbox 2281 4288 3771 4364">
    <p class='ocr_par' dir='ltr' id='par_1_102' title="bbox 2281 4288 3771 4364">
     <span class='ocr_line' id='line_1_102' title="bbox 2281 4288 3771 4364; baseline -0.009 -11"><span class='ocrx_word' id='word_1_721' title='bbox 2281 4302 2373 4364; x_wconf 74' lang='grc' dir='ltr'><strong>ς’.</strong></span> <span class='ocrx_word' id='word_1_722' title='bbox 2447 4295 2794 4364; x_wconf 83' lang='grc' dir='ltr'>Ἐρώτησις.</span> <span class='ocrx_word' id='word_1_723' title='bbox 2861 4292 3102 4359; x_wconf 78' lang='grc' dir='ltr'>Ἐπειδὴ</span> <span class='ocrx_word' id='word_1_724' title='bbox 3168 4291 3255 4345; x_wconf 85' lang='grc' dir='ltr'>ὅτι</span> <span class='ocrx_word' id='word_1_725' title='bbox 3315 4290 3415 4344; x_wconf 73' lang='grc' dir='ltr'><strong>καί</strong></span> <span class='ocrx_word' id='word_1_726' title='bbox 3469 4290 3588 4357; x_wconf 84' lang='grc' dir='ltr'>τὴν</span> <span class='ocrx_word' id='word_1_727' title='bbox 3635 4288 3771 4343; x_wconf 80' lang='grc' dir='ltr'>Ζδίαν</span> 
     </span>
    </p>
   </div>
   <div class='ocr_carea' id='block_1_103' title="bbox 2209 4378 3767 4455">
    <p class='ocr_par' dir='ltr' id='par_1_103' title="bbox 2209 4378 3767 4455">
     <span class='ocr_line' id='line_1_103' title="bbox 2209 4378 3767 4455; baseline -0.008 -12"><span class='ocrx_word' id='word_1_728' title='bbox 2209 4390 2415 4443; x_wconf 80' lang='grc' dir='ltr'>εἰκόνα</span> <span class='ocrx_word' id='word_1_729' title='bbox 2462 4385 2563 4439; x_wconf 78' lang='grc' dir='ltr'><strong>καί</strong></span> <span class='ocrx_word' id='word_1_730' title='bbox 2603 4384 2718 4455; x_wconf 84' lang='grc' dir='ltr'>τὴν</span> <span class='ocrx_word' id='word_1_731' title='bbox 2750 4382 3115 4451; x_wconf 81' lang='grc' dir='ltr'>ἐπουράνιον</span> <span class='ocrx_word' id='word_1_732' title='bbox 3157 4380 3478 4435; x_wconf 72' lang='grc' dir='ltr'>ἀπώλεσεν</span> <span class='ocrx_word' id='word_1_733' title='bbox 3514 4382 3549 4433; x_wconf 85' lang='grc' dir='ltr'><strong>ό</strong></span> <span class='ocrx_word' id='word_1_734' title='bbox 3590 4378 3767 4445; x_wconf 76' lang='grc' dir='ltr'>Ἀδὰμ,</span> 
     </span>
    </p>
   </div>
   <div class='ocr_carea' id='block_1_104' title="bbox 2139 4470 3770 4544">
    <p class='ocr_par' dir='ltr' id='par_1_104' title="bbox 2139 4470 3770 4544">
     <span class='ocr_line' id='line_1_104' title="bbox 2139 4470 3770 4544; baseline -0.004 -10"><span class='ocrx_word' id='word_1_735' title='bbox 2139 4488 2182 4542; x_wconf 86' lang='lat' dir='ltr'><strong>D</strong></span> <span class='ocrx_word' id='word_1_736' title='bbox 2206 4477 2433 4535; x_wconf 82' lang='grc' dir='ltr'>οὐκοῦν</span> <span class='ocrx_word' id='word_1_737' title='bbox 2477 4479 2531 4532; x_wconf 88' lang='grc' dir='ltr'><strong>εί</strong></span> <span class='ocrx_word' id='word_1_738' title='bbox 2562 4475 2926 4544; x_wconf 81' lang='grc' dir='ltr'>ἐκοινώνησε</span> <span class='ocrx_word' id='word_1_739' title='bbox 2960 4473 3034 4542; x_wconf 77' lang='grc' dir='ltr'>τῇ</span> <span class='ocrx_word' id='word_1_740' title='bbox 3066 4474 3257 4528; x_wconf 75' lang='grc' dir='ltr'>εικόνι</span> <span class='ocrx_word' id='word_1_741' title='bbox 3300 4471 3377 4541; x_wconf 80' lang='grc' dir='ltr'>τῇ</span> <span class='ocrx_word' id='word_1_742' title='bbox 3409 4470 3770 4540; x_wconf 78' lang='grc' dir='ltr'>ἐπουρανίῳ,</span> 
     </span>
    </p>
   </div>
   <div class='ocr_carea' id='block_1_105' title="bbox 2207 4569 2839 4643">
    <p class='ocr_par' dir='ltr' id='par_1_105' title="bbox 2207 4569 2839 4643">
     <span class='ocr_line' id='line_1_105' title="bbox 2207 4569 2839 4643; baseline -0.008 -15"><span class='ocrx_word' id='word_1_743' title='bbox 2207 4570 2332 4643; x_wconf 77' lang='grc' dir='ltr'>εἶχε</span> <span class='ocrx_word' id='word_1_744' title='bbox 2360 4571 2605 4635; x_wconf 80' lang='grc' dir='ltr'>Πνεῦμα</span> <span class='ocrx_word' id='word_1_745' title='bbox 2632 4569 2839 4639; x_wconf 82' lang='grc' dir='ltr'>ἄγιον;</span> 
     </span>
    </p>
   </div>
   <div class='ocr_carea' id='block_1_106' title="bbox 2294 4654 3773 4734">
    <p class='ocr_par' dir='ltr' id='par_1_106' title="bbox 2294 4654 3773 4734">
     <span class='ocr_line' id='line_1_106' title="bbox 2294 4654 3773 4734; baseline -0.011 -15"><span class='ocrx_word' id='word_1_746' title='bbox 2294 4665 2659 4734; x_wconf 82' lang='grc' dir='ltr'>Ἀπόκρισις.</span> <span class='ocrx_word' id='word_1_747' title='bbox 2692 4662 2838 4724; x_wconf 86' lang='grc' dir='ltr'>Ἕως</span> <span class='ocrx_word' id='word_1_748' title='bbox 2889 4660 2977 4713; x_wconf 83' lang='grc' dir='ltr'>ὅτε</span> <span class='ocrx_word' id='word_1_749' title='bbox 3025 4659 3055 4712; x_wconf 86' lang='grc' dir='ltr'>ὁ</span> <span class='ocrx_word' id='word_1_750' title='bbox 3099 4656 3273 4725; x_wconf 80' lang='grc' dir='ltr'>Λόγος</span> <span class='ocrx_word' id='word_1_751' title='bbox 3302 4654 3399 4711; x_wconf 80' lang='grc' dir='ltr'>τοῦ</span> <span class='ocrx_word' id='word_1_752' title='bbox 3438 4654 3580 4709; x_wconf 78' lang='grc' dir='ltr'>Θεοῦ</span> <span class='ocrx_word' id='word_1_753' title='bbox 3631 4655 3773 4722; x_wconf 70' lang='grc' dir='ltr'>συνῆν</span> 
     </span>
    </p>
   </div>
   <div class='ocr_carea' id='block_1_107' title="bbox 2210 4745 3774 4827">
    <p class='ocr_par' dir='ltr' id='par_1_107' title="bbox 2210 4745 3774 4827">
     <span class='ocr_line' id='line_1_107' title="bbox 2210 4745 3774 4827; baseline 0.011 -20"><span class='ocrx_word' id='word_1_754' title='bbox 2210 4756 2383 4827; x_wconf 81' lang='grc' dir='ltr'>αὐτῷ,</span> <span class='ocrx_word' id='word_1_755' title='bbox 2414 4756 2507 4808; x_wconf 73' lang='grc' dir='ltr'><strong>καὶ</strong></span> <span class='ocrx_word' id='word_1_756' title='bbox 2535 4756 2568 4825; x_wconf 76' lang='grc' dir='ltr'><strong>ἡ</strong></span> <span class='ocrx_word' id='word_1_757' title='bbox 2605 4752 2815 4820; x_wconf 77' lang='grc' dir='ltr'>ἐντολὴ,</span> <span class='ocrx_word' id='word_1_758' title='bbox 2844 4747 2955 4823; x_wconf 76' lang='grc' dir='ltr'>εἶχε</span> <span class='ocrx_word' id='word_1_759' title='bbox 2985 4749 3195 4804; x_wconf 81' lang='grc' dir='ltr'>πάντα·</span> <span class='ocrx_word' id='word_1_760' title='bbox 3229 4748 3396 4810; x_wconf 77' lang='grc' dir='ltr'>αὐτὸς</span> <span class='ocrx_word' id='word_1_761' title='bbox 3424 4747 3536 4817; x_wconf 77' lang='grc' dir='ltr'><strong>γὰρ</strong></span> <span class='ocrx_word' id='word_1_762' title='bbox 3572 4748 3601 4800; x_wconf 70' lang='grc' dir='ltr'><strong><em>δ</em></strong></span> <span class='ocrx_word' id='word_1_763' title='bbox 3624 4745 3774 4812; x_wconf 65' lang='grc' dir='ltr'><strong>Αότοῖ</strong></span> 
     </span>
    </p>
   </div>
   <div class='ocr_carea' id='block_1_108' title="bbox 2210 4836 3770 4920">
    <p class='ocr_par' dir='ltr' id='par_1_108' title="bbox 2210 4836 3770 4920">
     <span class='ocr_line' id='line_1_108' title="bbox 2210 4836 3770 4920; baseline -0.006 -21"><span class='ocrx_word' id='word_1_764' title='bbox 2210 4842 2280 4920; x_wconf 77' lang='grc' dir='ltr'>ἦν</span> <span class='ocrx_word' id='word_1_765' title='bbox 2317 4846 2468 4917; x_wconf 85' lang='grc' dir='ltr'>αὐτῷ</span> <span class='ocrx_word' id='word_1_766' title='bbox 2508 4844 2874 4917; x_wconf 87' lang='grc' dir='ltr'>κληρονομία,</span> <span class='ocrx_word' id='word_1_767' title='bbox 2905 4843 3069 4906; x_wconf 80' lang='grc' dir='ltr'>αὐτὸς</span> <span class='ocrx_word' id='word_1_768' title='bbox 3113 4841 3323 4911; x_wconf 75' lang='grc' dir='ltr'>ἔνδυμα</span> <span class='ocrx_word' id='word_1_769' title='bbox 3356 4840 3452 4895; x_wconf 68' lang='grc' dir='ltr'>καὶ</span> <span class='ocrx_word' id='word_1_770' title='bbox 3495 4838 3627 4904; x_wconf 78' lang='grc' dir='ltr'>δόξα</span> <span class='ocrx_word' id='word_1_771' title='bbox 3663 4836 3770 4891; x_wconf 74' lang='grc' dir='ltr'><strong>σκέο</strong></span> 
     </span>
    </p>
   </div>
   <div class='ocr_carea' id='block_1_109' title="bbox 2221 4927 3774 5006">
    <p class='ocr_par' dir='ltr' id='par_1_109' title="bbox 2221 4927 3774 5006">
     <span class='ocr_line' id='line_1_109' title="bbox 2221 4927 3774 5006; baseline -0.011 -9"><span class='ocrx_word' id='word_1_772' title='bbox 2221 4960 2398 4997; x_wconf 85' lang='grc' dir='ltr'>πουσα</span> <span class='ocrx_word' id='word_1_773' title='bbox 2413 4940 2596 5006; x_wconf 77' lang='grc' dir='ltr'>αὑτὸν,</span> <span class='ocrx_word' id='word_1_774' title='bbox 2622 4939 2784 5003; x_wconf 70' lang='grc' dir='ltr'>αΰτὸς</span> <span class='ocrx_word' id='word_1_775' title='bbox 2802 4936 3139 4995; x_wconf 85' lang='grc' dir='ltr'>διδασκαλία.</span> <span class='ocrx_word' id='word_1_776' title='bbox 3174 4934 3497 4989; x_wconf 83' lang='grc' dir='ltr'>Ὺπετὶθετο</span> <span class='ocrx_word' id='word_1_777' title='bbox 3516 4934 3627 5003; x_wconf 83' lang='grc' dir='ltr'>γὰρ</span> <span class='ocrx_word' id='word_1_778' title='bbox 3646 4927 3774 4999; x_wconf 79' lang='grc' dir='ltr'><strong>αὑτῷ</strong></span> 
     </span>
    </p>
   </div>
   <div class='ocr_carea' id='block_1_110' title="bbox 2221 5023 3771 5098">
    <p class='ocr_par' dir='ltr' id='par_1_110' title="bbox 2221 5023 3771 5098">
     <span class='ocr_line' id='line_1_110' title="bbox 2221 5023 3771 5098; baseline -0.01 -10"><span class='ocrx_word' id='word_1_779' title='bbox 2221 5034 2446 5088; x_wconf 75' lang='grc' dir='ltr'>καλέσαι</span> <span class='ocrx_word' id='word_1_780' title='bbox 2489 5033 2687 5096; x_wconf 84' lang='grc' dir='ltr'>πάντα,</span> <span class='ocrx_word' id='word_1_781' title='bbox 2738 5030 2897 5083; x_wconf 81' lang='grc' dir='ltr'>τοῦτο</span> <span class='ocrx_word' id='word_1_782' title='bbox 2933 5024 3056 5083; x_wconf 76' lang='grc' dir='ltr'>εἷπε</span> <span class='ocrx_word' id='word_1_783' title='bbox 3102 5027 3353 5098; x_wconf 78' lang='grc' dir='ltr'>οὐρανὸν,</span> <span class='ocrx_word' id='word_1_784' title='bbox 3406 5024 3570 5079; x_wconf 78' lang='grc' dir='ltr'>τοῦτο</span> <span class='ocrx_word' id='word_1_785' title='bbox 3619 5023 3771 5094; x_wconf 70' lang='grc' dir='ltr'>ἥλιον,</span> 
     </span>
    </p>
   </div>
   <div class='ocr_carea' id='block_1_111' title="bbox 2217 5113 3770 5194">
    <p class='ocr_par' dir='ltr' id='par_1_111' title="bbox 2217 5113 3770 5194">
     <span class='ocr_line' id='line_1_111' title="bbox 2217 5113 3770 5194; baseline -0.009 -15"><span class='ocrx_word' id='word_1_786' title='bbox 2217 5124 2378 5181; x_wconf 80' lang='grc' dir='ltr'>τοῦτο</span> <span class='ocrx_word' id='word_1_787' title='bbox 2414 5124 2667 5194; x_wconf 87' lang='grc' dir='ltr'>σελήνην,</span> <span class='ocrx_word' id='word_1_788' title='bbox 2699 5121 2857 5177; x_wconf 83' lang='grc' dir='ltr'>τοῦτο</span> <span class='ocrx_word' id='word_1_789' title='bbox 2885 5121 3009 5191; x_wconf 80' lang='grc' dir='ltr'>γῆν,</span> <span class='ocrx_word' id='word_1_790' title='bbox 3046 5119 3205 5173; x_wconf 81' lang='grc' dir='ltr'>τοῦτο</span> <span class='ocrx_word' id='word_1_791' title='bbox 3236 5118 3463 5188; x_wconf 77' lang='grc' dir='ltr'>πτηνὸν,</span> <span class='ocrx_word' id='word_1_792' title='bbox 3505 5116 3663 5169; x_wconf 78' lang='grc' dir='ltr'>τοῦτο</span> <span class='ocrx_word' id='word_1_793' title='bbox 3688 5113 3770 5180; x_wconf 82' lang='grc' dir='ltr'>θη-</span> 
     </span>
    </p>
   </div>
   <div class='ocr_carea' id='block_1_112' title="bbox 2221 5204 3772 5288">
    <p class='ocr_par' dir='ltr' id='par_1_112' title="bbox 2221 5204 3772 5288">
     <span class='ocr_line' id='line_1_112' title="bbox 2221 5204 3772 5288; baseline -0.008 -20"><span class='ocrx_word' id='word_1_794' title='bbox 2221 5215 2356 5288; x_wconf 89' lang='grc' dir='ltr'>ρίον,</span> <span class='ocrx_word' id='word_1_795' title='bbox 2408 5215 2567 5268; x_wconf 83' lang='grc' dir='ltr'>τοῦτο</span> <span class='ocrx_word' id='word_1_796' title='bbox 2609 5213 2846 5285; x_wconf 84' lang='grc' dir='ltr'>δένδρον,</span> <span class='ocrx_word' id='word_1_797' title='bbox 2887 5209 3071 5275; x_wconf 86' lang='grc' dir='ltr'>καθὼς</span> <span class='ocrx_word' id='word_1_798' title='bbox 3102 5209 3436 5275; x_wconf 81' lang='grc' dir='ltr'>ἐδιδάσκετο,</span> <span class='ocrx_word' id='word_1_799' title='bbox 3483 5206 3655 5270; x_wconf 69' lang='grc' dir='ltr'>οὕτως</span> <span class='ocrx_word' id='word_1_800' title='bbox 3693 5204 3772 5257; x_wconf 78' lang='grc' dir='ltr'><strong>καὶ</strong></span> 
     </span>
    </p>
   </div>
   <div class='ocr_carea' id='block_1_113' title="bbox 2215 5307 2422 5374">
    <p class='ocr_par' dir='ltr' id='par_1_113' title="bbox 2215 5307 2422 5374">
     <span class='ocr_line' id='line_1_113' title="bbox 2215 5307 2422 5374; baseline 0.005 -14"><span class='ocrx_word' id='word_1_801' title='bbox 2215 5307 2422 5374; x_wconf 79' lang='grc' dir='ltr'>ἔλεγεν.</span> 
     </span>
    </p>
   </div>
   <div class='ocr_carea' id='block_1_114' title="bbox 2287 5389 3770 5466">
    <p class='ocr_par' dir='ltr' id='par_1_114' title="bbox 2287 5389 3770 5466">
     <span class='ocr_line' id='line_1_114' title="bbox 2287 5389 3770 5466; baseline -0.009 -13"><span class='ocrx_word' id='word_1_802' title='bbox 2287 5399 2359 5457; x_wconf 92' lang='lat' dir='ltr'><strong>Z&#39;.</strong></span> <span class='ocrx_word' id='word_1_803' title='bbox 2416 5397 2757 5466; x_wconf 85' lang='grc' dir='ltr'>Ἐρώτησις.</span> <span class='ocrx_word' id='word_1_804' title='bbox 2810 5396 3112 5464; x_wconf 82' lang='grc' dir='ltr'>Αἵσθησιν</span> <span class='ocrx_word' id='word_1_805' title='bbox 3154 5389 3279 5462; x_wconf 78' lang='grc' dir='ltr'>εἶχε</span> <span class='ocrx_word' id='word_1_806' title='bbox 3328 5392 3428 5451; x_wconf 72' lang='grc' dir='ltr'><strong>καί</strong></span> <span class='ocrx_word' id='word_1_807' title='bbox 3476 5389 3770 5445; x_wconf 77' lang='grc' dir='ltr'>κοινωνίαν</span> 
     </span>
    </p>
   </div>
   <div class='ocr_carea' id='block_1_115' title="bbox 2216 5490 2737 5560">
    <p class='ocr_par' dir='ltr' id='par_1_115' title="bbox 2216 5490 2737 5560">
     <span class='ocr_line' id='line_1_115' title="bbox 2216 5490 2737 5560; baseline -0.002 -16"><span class='ocrx_word' id='word_1_808' title='bbox 2216 5491 2323 5547; x_wconf 82' lang='grc' dir='ltr'>τοῦ</span> <span class='ocrx_word' id='word_1_809' title='bbox 2357 5490 2737 5560; x_wconf 80' lang='grc' dir='ltr'>Πνεύματος;</span> 
     </span>
    </p>
   </div>
   <div class='ocr_carea' id='block_1_116' title="bbox 2298 5568 3767 5653">
    <p class='ocr_par' dir='ltr' id='par_1_116' title="bbox 2298 5568 3767 5653">
     <span class='ocr_line' id='line_1_116' title="bbox 2298 5568 3767 5653; baseline -0.007 -15"><span class='ocrx_word' id='word_1_810' title='bbox 2298 5582 2655 5653; x_wconf 74' lang='grc' dir='ltr'>Ἀπόκρισις.</span> <span class='ocrx_word' id='word_1_811' title='bbox 2706 5582 2879 5647; x_wconf 77' lang='grc' dir='ltr'>Αὐτὸς</span> <span class='ocrx_word' id='word_1_812' title='bbox 2931 5582 2960 5635; x_wconf 85' lang='grc' dir='ltr'>ὁ</span> <span class='ocrx_word' id='word_1_813' title='bbox 3012 5581 3183 5650; x_wconf 71' lang='grc' dir='ltr'>Λόγος</span> <span class='ocrx_word' id='word_1_814' title='bbox 3237 5578 3446 5645; x_wconf 86' lang='grc' dir='ltr'>συνὼν,</span> <span class='ocrx_word' id='word_1_815' title='bbox 3509 5578 3678 5633; x_wconf 73' lang='grc' dir='ltr'>πάντα</span> <span class='ocrx_word' id='word_1_816' title='bbox 3712 5568 3767 5644; x_wconf 75' lang='grc' dir='ltr'>ἦν</span> 
     </span>
    </p>
   </div>
   <div class='ocr_carea' id='block_1_117' title="bbox 2716 5763 3183 5828">
    <p class='ocr_par' dir='ltr' id='par_1_117' title="bbox 2716 5763 3183 5828">
     <span class='ocr_line' id='line_1_117' title="bbox 2716 5763 3183 5828; baseline -0.011 -8"><span class='ocrx_word' id='word_1_817' title='bbox 2716 5764 2935 5821; x_wconf 67' lang='lat' dir='ltr'><strong>&quot;Rom.</strong></span> <span class='ocrx_word' id='word_1_818' title='bbox 2955 5779 3068 5828; x_wconf 80' lang='lat' dir='ltr'><strong>vni,</strong></span> <span class='ocrx_word' id='word_1_819' title='bbox 3106 5763 3183 5816; x_wconf 79' lang='grc' dir='ltr'>Π.</span> 
     </span>
    </p>
   </div>
  </div>
