3948 6530
186 322 286 388 561

1398 329 1765 391 llOMILI/E.
1792 332 2065 396 -—HOM.
2108 337 2245 397 XII.

3214 298 3422 395 "sca

187 436 357 507 αὐτῷ,
381 436 487 489 εἴτε
516 436 735 505 γνῶσις,
758 438 867 493 εἴτε
902 439 1257 511 κληρονομία,
1285 441 1393 495 εἴτε
1414 440 1746 496 διδασκαλία.

1854 444 2057 511 omnia,
2083 453 2138 500 et
2162 452 2424 516 cognitio,
2449 452 2505 498 ct
2531 456 2745 507 sensus,
2770 451 2825 496 et
2851 440 3234 505 bereditas,et
3255 442 3423 497 disci-

186 528 296 581 Καὶ
345 528 595 599 Ἰωάννης
639 528 693 581 τί
720 529 868 598 λέγει
904 532 1153 601 περὶτοῦ
1193 530 1403 600 Λόγου;
1449 533 1551 586 Ἐν
1592 530 1749 600 ἀρχῇ

185 616 262 687 ἦν
290 624 322 675 ὀ
345 623 534 690 Λόγος
554 639 569 655 ⁸
596 623 726 694 ὁρᾷς
754 624 836 676 ὃτι
879 626 906 676 6
938 625 1109 693 Λόγος
1148 626 1324 679 πάντα
1356 622 1442 697 ἦν.
1474 625 1533 678 Ei
1570 625 1625 678 δὲ
1656 628 1750 679 καὶ

182 710 381 774 ἔξωθεν
417 712 584 781 συνῆν
637 714 786 782 αὐτῷ
819 713 974 778 δόξα,
1020 716 1081 768 ού
1130 715 1612 787 σκανδαλιζώμεθα
1657 718 1748 769 ἐπὶ

180 800 377 870 τούτῳ,
435 804 525 854 καὶ
558 803 665 873 γὰρ
712 804 860 871 λέγει
912 806 992 858 ὅτι
1030 807 1239 875 γυμνοὶ
1292 806 1471 874 ἦσαν,
1512 809 1604 862 καὶ
1651 808 1749 861 οὐκ

179 893 407 949 ἔϐλεπον
438 896 719 965 ἀλλήλους,
755 898 847 950 καὶ
881 898 1021 965 μετὰ
1049 898 1111 951 τὸ
1150 898 1465 968 παραϐῆσαι
1512 899 1609 969 τὴν
1660 901 1748 953 ὲν-

178 984 371 1055 τολὴν,
399 987 517 1039 τότε
548 982 685 1040 εἶδον
713 988 909 1051 αὐτοὺς
952 990 1222 1059 γυμνοὺς,
1256 990 1347 1043 καὶ
1379 989 1745 1061 ᾐσχύνθησαν.

249 1166 334 1216 ll'.
382 1163 717 1233 Ἐρώτησις.
755 1166 990 1221 Οὐκοῦν
1018 1166 1132 1235 πρὸ
1161 1167 1379 1221 τούτου
1419 1164 1583 1238 ἦσαν
1614 1168 1748 1223 ἀντὶ

176 1258 561 1325 περιϐολαίου
588 1258 969 1327 ἐνδεδυμένοι
1000 1260 1189 1325 δόξαν
1216 1260 1402 1326 Θεοῦ;

262 1347 621 1417 Ἀπόκρισις.
690 1350 776 1414 Ὠς
831 1352 925 1405 ἐπὶ
961 1353 1068 1405 τῶν
1106 1353 1399 1422 προφητῶν
1433 1353 1654 1423 ἐνήργει
1691 1354 1751 1408 τὸ

178 1439 403 1509 Πνεῦμα
434 1442 525 1494 καὶ
554 1441 828 1496 ἐδίδασκεν
851 1445 1068 1507 αὐτοὺς,
1098 1446 1195 1497 καὶ
1222 1444 1425 1499 ἔσωθεν
1454 1445 1633 1498 αὐτῶν
1659 1441 1747 1515 ἦν,

176 1530 276 1582 καὶ
328 1531 525 1595 ἔξωθεν
561 1532 742 1595 αὐτοῖς
791 1534 1190 1606 παρεφαίνετο*
1236 1534 1379 1588 οὕτω
1420 1536 1514 1589 καὶ
1557 1538 1635 1599 εἰς
1660 1538 1751 1589 τὸν

187 1620 361 1689 Ἀδὰμ
401 1623 487 1674 ὅτε
536 1622 692 1693 ἤθελε
722 1623 783 1676 τὸ
815 1624 1039 1695 Πνεῦμα
1073 1626 1169 1678 σὺν
1200 1624 1348 1695 αύτῷ
1380 1621 1469 1695 ἦν,
1517 1627 1612 1680 καὶ
1642 1626 1751 1679 ὲδί-

171 1709 343 1763 δασκε
377 1713 468 1765 καὶ
514 1714 816 1778 ὑπετίθετο,
848 1716 1045 1782 Οὕτως
1072 1716 1201 1771 εἰπὲ
1231 1718 1328 1771 καὶ
1366 1716 1524 1786 λέγε.
1564 1718 1750 1772 Πάντα

172 1803 290 1872 γὰρ
345 1798 412 1875 ἦν
462 1805 489 1856 6
526 1806 697 1873 Λόγος
737 1806 915 1877 αὐτῷ,
977 1808 1072 1860 καὶ
1126 1807 1231 1873 ἕως
1273 1810 1359 1861 ὅτε
1414 1808 1634 1877 ἐνέμενε
1678 1811 1743 1880 τῇ

172 1894 398 1965 ἐντολῇ,
452 1896 602 1963 φίλος
639 1893 706 1966 ἦν
754 1898 909 1952 Θεοῦ.
952 1900 1063 1951 Καὶ⁸
1116 1899 1167 1952 τί
1218 1899 1564 1968 θαυμαστὸν,
1610 1902 1657 1953 εί
1688 1902 1746 1954 ὲν

171 1986 390 2048 τούτοις
396 1987 517 2053 ,ibv,
551 1988 763 2060 παρέϐη
799 1990 895 2059 τὴν
946 1991 1196 2062 ἐντολήν;
1246 1991 1407 2043 ὁπότε
1441 1993 1533 2045 καὶ
1563 1992 1611 2045 οἱ
1651 2010 1748 2045 πε-

170 2076 523 2146 πληρωμένοι
564 2078 880 2150 Πνεύματος
911 2080 1092 2147 ἁγίου,
1127 2082 1309 2151 ἔχουσι
1333 2083 1457 2144 τοὺς
1484 2085 1746 2151 φυσικοὺς

170 2168 507 2239 λογισμοὺς,
556 2172 649 2223 καὶ
694 2170 874 2240 ἔχουσι
931 2172 1142 2242 Θέλημα
1193 2171 1288 2225 τοῦ
1338 2175 1740 2243 συμφωνῆσαις

171 2262 367 2319 Οὕτως
399 2263 490 2316 καὶ
530 2264 691 2326 αὐτὸς
731 2263 905 2317 συνὼν
938 2264 1017 2333 τῷ
1044 2264 1161 2334 Θεῷ
1198 2267 1256 2318 ἐν
1288 2265 1622 2337 παραδείσῳ.
1649 2266 1741 2335 ἀφ’

169 2353 370 2405 ἑαυτοῦ
419 2354 533 2423 ἰδίῳ
561 2354 823 2425 θελήματι
870 2356 1117 2425 παρέϐη.
1148 2356 1241 2408 καὶ
1277 2357 1555 2426 ὑπήκουσε
1588 2358 1742 2427 μέρει

170 2445 401 2517 πονηρῷ
421 2462 433 2476 ’
462 2446 600 2517 πλὴν
630 2446 725 2500 καὶ
751 2447 890 2518 μετὰ
910 2448 1005 2517 τὴν
1032 2449 1343 2520 παράϐασιν
1370 2448 1497 2520 ἔσχε
1519 2449 1738 2519 γνῶσιν.

240 2634 327 2689 9'.
373 2635 710 2705 Ἐρώτησις.
754 2636 1037 2702 ὐποιάνς

251 2726 627 2795 Ἀπόκρισις.
680 2729 891 2801 Ὠσπερ
939 2732 1070 2785 ὅταν
1118 2731 1393 2804 συλληφθῇ
1428 2735 1633 2808 λῃστὴς
1663 2738 1742 2803 είς

164 2816 549 2888 δικαστήριον,
596 2822 689 2873 καὶ
723 2820 952 2891 ἄρχεται
998 2822 1303 2893 κρίνεσθαι.
1340 2826 1486 2893 λέγει
1520 2827 1669 2899 αὐτῷ
1715 2831 1744 2883 6

163 2908 380 2979 ἄρχων,
420 2909 549 2965 Ὅτε
569 2911 790 2978 ἐποίεις
816 2914 890 2967 τὰ
916 2915 1088 2976 κακὰ,
1119 2916 1229 2969 οὐκ
1255 2915 1441 2984 ᾕδεις,
1475 2917 1565 2971 ὅτι
1591 2922 1744 2973 συλ-

160 3000 480 3070 ληφθῆναι
514 3004 674 3073 ἔχεις
708 3006 806 3059 καὶ
832 3006 1197 3072 ἀποθανεῖν;
1230 3007 1467 3073 Ἐκεῖνος
1489 3010 1550 3063 οὐ
1569 3013 1745 3083 τολμᾷ

1850 532 2020 601 plina.
2053 534 2321 600 Quidnam
2361 534 2507 588 enim
2557 532 2797 588 Joannes
2849 530 3029 599 inquit
3071 530 3139 585 dc
3189 530 3372 586 Verbo
3406 550 3420 587 :

1848 623 1913 678 In
1947 628 2202 697 principio
2256 636 2371 680 crat
2407 625 2627 679 Verbum
2650 625 2715 678 ⁸⁸.
2748 623 2934 687 Vides,
2988 624 3133 693 quod
3179 624 3417 678 Verbum

1850 717 2031 771 omnia
2061 727 2198 772 erat.
2232 718 2390 785 Quod
2430 718 2475 773 si
2504 716 2851 772 extrinsecus
2879 716 2928 770 ei
2958 715 3271 769 adluercbat
3305 715 3422 784 gloo

1852 806 1952 867 ria.
2008 823 2077 862 ne
2126 808 2471 862 oﬂ‘eudamur
2514 818 2825 878 propterea,
2878 807 3008 877 quia
3054 806 3232 861 dicit:
3272 806 3419 871 Quod

1852 898 1978 950 nudi
2019 899 2213 968 fuerint
2249 899 2328 963 “,
2364 915 2465 954 nec
2520 915 2577 954 se
2626 907 2819 953 mutuo
2871 898 3151 963 Videbant,
3201 907 3256 952 at
3298 907 3421 968 post

1853 991 2347 1060 transgressionem
2396 990 2661 1051 mandati,
2690 1001 2820 1045 tunc
2859 1006 2916 1045 se
2970 990 3149 1044 nudos
3195 1004 3421 1060 perspe-

1852 1092 2068 1145 xerunt,
2095 1098 2157 1136 ac
2179 1082 2385 1151 pudore
2413 1082 2603 1137 suffusi
2625 1092 2774 1137 sunt.

1922 1172 2057 1227 Vill.
2100 1173 2470 1243 Interrogatio.
2506 1172 2645 1243 Ergo
2695 1180 2855 1227 antea
2907 1181 3060 1226 erant
3113 1171 3222 1226 loco
3266 1171 3419 1226 indu-

1852 1264 2011 1317 menti
2032 1263 2205 1316 induti
2228 1262 2401 1333 gloria
2443 1262 2537 1316 Dei
2560 1264 2585 1316 .’

1922 1353 2227 1425 Responsio.
2281 1354 2753 1420 Quemadmodum
2801 1354 2857 1408 in
2907 1354 3193 1424 prophetis
3225 1369 3417 1424 opera-

1851 1448 2017 1504 batur
2046 1450 2303 1519 Spiritus,
2330 1459 2385 1504 et
2410 1450 2643 1504 docebat
2675 1465 2791 1505 eos.
2824 1459 2881 1503 et
2910 1448 3049 1501 intra
3079 1464 3175 1501 eos
3197 1459 3334 1511 erat,
3362 1460 3418 1502 et

1850 1551 2007 1595 extra
2036 1556 2133 1595 eos
2168 1542 2466 1610 apparebat
2498 1582 2511 1604 ,
2542 1540 2620 1594 sic
2645 1556 2864 1609 quoque
2897 1540 2948 1593 in
2975 1539 3167 1602 Adam,
3200 1538 3418 1609 quando

1851 1633 2069 1686 volebat
2098 1632 2358 1701 Spiritus,
2397 1648 2520 1687 eum
2546 1648 2613 1686 eo
2639 1642 2777 1695 erat,
2809 1640 2863 1685 et
2892 1631 3127 1687 docebat
3168 1646 3230 1684 ac
3280 1647 3419 1700 pne-

1853 1723 2091 1792 cipiebat
2116 1742 2129 1777 :
2157 1723 2243 1778 Sic
2272 1726 2487 1777 nomina
2506 1764 2519 1787 ,
2548 1726 2621 1777 sic
2648 1724 2883 1794 appella.
2926 1723 3165 1777 Verbum
3206 1724 3253 1776 ei
3301 1730 3422 1777 erat

1849 1817 2054 1873 omnia.
2080 1825 2136 1871 et
2163 1817 2304 1870 intra
2339 1816 2655 1871 mandatum
2680 1816 3040 1879 subsistebat,
3084 1824 3271 1885 gratus
3301 1822 3421 1868 erat

1849 1906 1979 1959 Deo.
2004 1906 2073 1960 Et
2100 1921 2231 1960 sane
2261 1906 2395 1974 quid
2424 1907 2645 1969 mirum,
2675 1905 2822 1975 quod
2865 1906 2972 1959 hoc
3023 1904 3077 1958 in
3126 1913 3269 1958 statu
3319 1903 3417 1955 de-

1848 2013 2000 2068 gens,
2026 2006 2402 2068 transgressus
2440 1996 2552 2068 46
2592 1998 2664 2051 sit
2706 1997 3044 2057 mandatum,
3087 2009 3212 2049 cum
3259 2003 3314 2048 ct
3357 1992 3416 2054 ii,

1847 2087 1941 2156 qui
1973 2087 2167 2156 repleti
2200 2096 2329 2141 sunt
2367 2086 2577 2157 Spiritu
2608 2097 2801 2143 sancto
2823 2126 2836 2149 ,
2887 2083 3230 2139 naturalibus
3265 2082 3417 2152 cogi-

1851 2178 2150 2233 tationibus
2185 2178 2436 2247 occupati
2482 2177 2614 2243 sint,
2659 2178 3007 2244 habeantque
3050 2174 3413 2237 voluntatem,

1845 2287 1967 2341 quae
1998 2271 2106 2325 illis
2132 2270 2439 2324 consentiat
2468 2286 2482 2322 :
2521 2270 2595 2323 ita
2635 2284 2857 2337 quoque
2891 2266 3007 2335 ipse
3040 2264 3233 2325 Adam,
3269 2278 3393 2316 cum

1843 2375 1988 2417 esset
2012 2378 2135 2416 cum
2170 2362 2278 2415 Deo
2309 2362 2361 2414 in
2390 2360 2662 2429 paradiso,
2698 2359 2813 2427 ipse
2856 2374 2956 2412 sua
3008 2366 3204 2427 sponte
3237 2364 3418 2409 trans-

1845 2473 2066 2529 gressus
2108 2466 2212 2521 est,
2264 2466 2321 2511 et
2372 2456 2771 2525 obtemperavit
2824 2454 2961 2523 parti
3013 2452 3275 2507 deteriori
3315 2459 3419 2507 :at

1845 2559 1967 2620 post
1994 2547 2452 2617 trangressionem
2482 2546 2673 2600 habuit
2702 2545 3094 2616 cognitionem.

1920 2639 2011 2693 IX.
2052 2639 2430 2709 Interrogatio.
2470 2637 2738 2704 Qualem?

1914 2731 2212 2802 Responsio.
2256 2730 2491 2787 Perinde
2538 2745 2602 2785 ac
2657 2730 2702 2784 si
2750 2727 2971 2799 quando
3020 2728 3163 2782 latro
3209 2725 3408 2796 depre-

1845 2821 2054 2877 hensus
2077 2822 2145 2877 ad
2180 2821 2510 2891 supplicium
2555 2821 2791 2891 rapitur,
2821 2828 2877 2875 et
2900 2819 3147 2873 accusari
3198 2817 3415 2887 incipit,

1840 2913 2010 2985 judex
2053 2913 2105 2968 ei
2158 2912 2341 2968 dicit:
2381 2911 2512 2968 Cum
2550 2912 2901 2965 committeres
2951 2908 3122 2978 mala,
3164 2906 3419 2975 numquid

1844 3006 2059 3068 sciebas,
2084 3006 2221 3076 quod
2238 3006 2638 3074 comprehensus
2663 3004 2849 3073 capitis
2874 3018 3026 3072 pana
3058 3001 3192 3069 afﬁci
3218 2998 3419 3069 possis?

164 3096 353 3149 εἰπεῖν
382 3097 463 3149 ὅτι
494 3098 607 3150 Ούκ
640 3098 786 3169 ᾔδειν
814 3114 827 3129 ⁸
864 3093 972 3151 οἶδε
1008 3099 1137 3168 γὰρ,
1192 3101 1285 3153 καὶ
1310 3101 1739 3173 τιμωρούμενος,

1853 3099 1938 3154 llle
1971 3117 2080 3154 non
2112 3100 2280 3154 audet
2303 3099 2489 3153 dicere
2525 3116 2538 3151 :
2570 3099 2688 3153 Non
2710 3097 2971 3151 sciebam.
3002 3094 3223 3150 Sciebat
3244 3093 3416 3158 enim,

163 3188 357 3242 πάντα
409 3190 760 3260 μνημονεύων
790 3189 1211 3261 ὲξομολογεϊται.
1262 3194 1369 3245 Καὶ
1414 3195 1442 3247 6
1469 3196 1743 3263 πορνεύων

160 3285 272 3334 οὐκ
309 3275 449 3334 οἶδεν
477 3282 559 3336 ὅτι
592 3281 778 3337 κακῶς
802 3286 974 3343 ποιεῖς
1007 3284 1097 3337 καὶ
1127 3285 1154 3336 6
1183 3283 1451 3349 κλέπτων,
1478 3285 1577 3338 οὐκ
1605 3281 1745 3339 οἶδεν

161 3375 252 3427 ὅτι
306 3374 652 3443 ἁμαρτάνεις
686 3373 859 3439 οὕτως
888 3376 981 3428 καὶ
1016 3376 1142 3430 ἄνευ
1176 3376 1431 3446 Γραφῶν,
1461 3378 1508 3429 οἱ
1538 3377 1745 3447 ἄνθρω-

164 3484 265 3519 ποι
300 3466 412 3519 ἀπὸ
433 3465 526 3519 τοῦ
552 3466 780 3535 φυσικοῦ
804 3467 1089 3538 λογισμοῦ,
1120 3469 1220 3521 οὐκ
1252 3468 1459 3522 οἴδασιν
1506 3470 1588 3523 ὅτι
1612 3469 1745 3533 Θεός

164 3561 365 3625 iactv;
402 3559 462 3611 ού
498 3558 750 3612 δύνανται
784 3561 842 3613 ἐν
864 3562 928 3629 τῇ
958 3560 1139 3630 ἡμέρα
1175 3560 1359 3631 ἐκείνῃ
1389 3563 1584 3627 εἰπεῖν,
1624 3564 1745 3617 Οὐκ

164 3648 426 3717 ᾔδειμεν
460 3649 547 3701 ὅτι
575 3650 719 3715 tiqu
751 3645 826 3705 εἴ.
867 3650 1031 3717 Λέγει
1066 3652 1175 3721 γὰρ
1204 3653 1387 3715 αὐτοῖς
1423 3652 1522 3715 τὰς
1561 3670 1744 3722 γιγνο-

158 3738 348 3805 μένας
377 3738 442 3789 ὲκ
490 3737 584 3791 τοῖ’)
620 3738 849 3808 ούρανοῦ
896 3738 1143 3810 βροντὰς,
1184 3742 1278 3795 καὶ
1308 3742 1616 3812 ἀστραπὰς,
1647 3746 1746 3799 οὐκ

154 3830 356 3883 οἴδατε
404 3830 484 3881 ὅτι
538 3830 654 3882 ἐστὶ
702 3830 834 3894 Θεὸς
884 3831 1101 3884 διοικῶν
1154 3833 1248 3902 τὴν
1281 3833 1497 3899 κτίσιν;
1536 3835 1602 3887 Τί
1654 3835 1747 3890 οὖν

157 3920 411 3990 ἔκραζον
459 3921 510 3973 oi
555 3920 804 3990 δαίμονες
833 3936 847 3952 ⁸
888 3921 971 3976 Σὺ
1003 3919 1060 3976 εἷ
1085 3926 1116 3977 ό
1150 3923 1287 3989 Υἱὸς
1326 3925 1495 3987 Θεοῦ,
1534 3926 1592 3979 τί
1633 3928 1748 3994 πρὸ

153 4010 388 4079 καιροῦ
442 4007 625 4081 ἦλθες
668 4013 1008 4077 βασανίσαι
1043 4012 1200 4085 ἡμᾶς
1220 4031 1240 4080 ;
1295 4017 1406 4070 Καὶ
1436 4017 1516 4071 ἔτι
1553 4019 1610 4071 ὲν
1637 4022 1748 4082 τοῖς

156 4102 503 4174 μαρτυρίοις
562 4102 819 4171 λέγουσι,
860 4106 1059 4173 ΚαΙεις
1099 4124 1208 4177 με,
1258 4108 1448 4174 renisu;
1488 4126 1583 4177 με.
1634 4110 1750 4163 Οὐκ

149 4197 401 4267 ᾔδεισαν
438 4190 532 4249 οὖν
572 4196 633 4248 τὸ
665 4196 820 4260 ξύλον
863 4199 963 4269 τῆς
1007 4198 1263 4267 γνώσεως
1306 4198 1403 4254 τοῦ
1433 4200 1601 4253 καλοῦ
1653 4202 1749 4255 καὶ

150 4286 370 4348 κακοῦ,
401 4287 435 4359 ή
468 4286 782 4357 παράϐασις
810 4288 903 4342 τοῦ
955 4290 1126 4360 Ἀδὰμ
1159 4289 1258 4361 τὴν
1297 4290 1496 4359 γνῶσιν
1523 4290 1746 4348 ἔδωκεν.

1845 3200 1901 3246 et
1930 3192 2201 3262 supplicio
2226 3191 2357 3246 dum
2384 3189 2641 3254 adicitur,
2673 3188 2859 3244 omnia
2890 3188 2947 3242 in
2976 3185 3297 3242 memoriam
3328 3200 3418 3240 re-

1844 3299 2045 3339 vocans
2105 3284 2422 3339 conlitetur.
2473 3282 2611 3337 item
2656 3281 2748 3350 qui
2799 3289 3055 3349 stuprum
3101 3276 3416 3336 committit,

1845 3390 2027 3429 nonne
2053 3375 2156 3430 scit
2183 3389 2241 3429 se
2275 3374 2416 3428 male
2457 3372 2660 3443 agere?
2693 3381 2751 3426 et
2806 3370 2900 3440 qui
2948 3371 3178 3434 furtum,
3239 3383 3419 3423 nonne

1846 3466 1949 3521 scit
1994 3481 2053 3519 se
2098 3464 2364 3534 peccare?
2396 3463 2488 3518 Sic
2527 3463 2691 3517 etiam
2745 3462 2952 3531 absque
2987 3460 3284 3529 Scripturis
3317 3459 3420 3512 lio-

1846 3556 2023 3611 mines
2039 3556 2275 3610 naturali
2299 3555 2510 3609 ratione
2529 3554 2666 3618 sola,
2690 3569 2872 3608 nonne
2890 3559 3228 3622 cognoscunt
3249 3551 3419 3605 Deum

1845 3649 2003 3704 esse?
2030 3648 2151 3703 Non
2199 3656 2429 3718 possunt
2461 3647 2647 3716 itaque
2683 3646 2738 3700 in
2786 3646 2877 3700 illa
2926 3645 3014 3698 die
3057 3642 3419 3698 dicerezNon

1846 3743 2089 3798 scivimus
2127 3740 2291 3794 Deum
2316 3742 2500 3810 fuisse.
2548 3741 2782 3794 Enarrat
2802 3739 2950 3793 enim
2983 3737 3092 3791 illis
3121 3736 3318 3818 emissa
3350 3735 3419 3790 de

1846 3833 1987 3887 caelo
2021 3831 2260 3886 tonitrua
2293 3838 2348 3886 et
2377 3830 2611 3884 fulmina
2638 3868 2653 3890 .
2684 3828 2914 3883 nescitis
2942 3842 3064 3882 esse
3100 3829 3292 3890 Deum,
3322 3827 3419 3896 qui

1848 3922 1989 3993 regit
2020 3924 2372 3977 creaturam?
2400 3922 2541 3988 Quid
2577 3921 2745 3990 igitur
2765 3920 3077 3975 clamabant
3101 3919 3378 3973 daemones
3405 3934 3418 3970 :

1848 4016 1923 4071 Tu
1957 4031 2008 4069 es
2040 4014 2204 4069 Filius
2239 4015 2368 4069 Dei:
2404 4031 2569 4084 quare
2602 4015 2789 4069 venisti
2829 4014 2897 4067 ad
2935 4013 3281 4067 cruciandum
3326 4028 3419 4064 nos

1849 4115 1972 4160 ante
1996 4114 2196 4177 tempus
2215 4107 2285 4159 ‘7?
2305 4106 2535 4175 Insuper
2555 4106 2610 4159 in
2630 4105 2925 4159 tormentis
2945 4118 3163 4173 quoque
3183 4101 3376 4156 dicunt
3402 4119 3416 4155 :

1854 4199 1972 4255 Uris
2020 4214 2121 4263 me,
2154 4199 2269 4252 uris
2308 4214 2389 4252 me
2422 4198 2491 4251 ’⁸.
2525 4198 2647 4252 Non
2698 4204 2964 4251 noverant
3009 4195 3176 4265 igitur
3211 4194 3417 4262 lignum

1849 4290 2061 4345 notitia:
2092 4288 2222 4345 boni
2249 4296 2308 4343 et
2329 4288 2478 4353 mali,
2506 4287 2869 4358 transgressio
2891 4286 3022 4341 Adae
3051 4286 3420 4355 cognitionem

1853 4380 2027 4437 dedit.

229 4470 297 4523 l'.
335 4468 607 4530 Ἕκαστος
622 4467 731 4538 γὰρ
758 4468 985 4540 ἄρχεται
1013 4470 1312 4541 ἐπερωτᾷν,
1333 4470 1410 4534 ὡς
1431 4470 1501 4524 ἐν
1526 4471 1642 4525 τινι
1666 4467 1746 4542 ἦν

1922 4472 1991 4527 Χ.
2035 4471 2281 4539 Quilibet
2303 4471 2449 4526 enim
2474 4468 2667 4540 incipit
2699 4470 3075 4537 interrogare:
3102 4466 3167 4520 In
3191 4481 3292 4536 quo
3315 4473 3427 4519 sta-

143 4563 187 4617 δ
244 4558 455 4629 Ἀδὰμ,
492 4560 591 4614 καὶ
615 4560 670 4613 τι
696 4560 995 4629 ἕπραξεν;
1027 4561 1199 4625 Αύτδς
1246 4563 1354 4634 γὰρ
1387 4564 1416 4616 6
1449 4564 1618 4635 ’Δδὰμ
1648 4563 1745 4636 τὴν

140 4652 378 4721 γνῶσιν
401 4651 620 4717 ἐδέξατο
641 4650 807 4705 καλοῦ
834 4669 894 4705 τε
915 4652 1011 4706 καὶ
1034 4652 1227 4708 κακοῦ.
1251 4654 1452 4708 Λοιπὸν
1475 4653 1746 4725 ἀκούομεν

137 4748 221 4801 ἐκ
245 4742 372 4797 τῶν
399 4743 655 4813 Γραφῶν,
685 4745 767 4799 ὅτι
794 4744 853 4798 ὲν
882 4748 1015 4816 τιμῇ
1074 4747 1169 4800 καὶ
1197 4747 1254 4799 ὲν
1282 4746 1612 4817 καθαρότητι
1639 4741 1708 4818 ἦν
1727 4763 1743 4779 ο

138 4835 258 4890 καὶ
295 4834 559 4904 παραϐὰς
585 4835 683 4904 τὴν
714 4835 933 4907 ἐντολὴν
968 4836 1231 4907 ἐξεϐλήθη
1261 4835 1354 4890 τοῦ
1389 4838 1742 4907 παραδείσου,

140 4927 260 4981 καὶ
298 4926 549 4997 ὠργίσθη
593 4926 739 4997 αὺτῷ
776 4929 804 4980 6
829 4928 978 4991 Θεός.
1009 4928 1211 4981 Λοιπὸν
1247 4930 1342 4981 καὶ
1380 4929 1450 4982 τὰ
1478 4930 1619 4984 καλά
1650 4932 1748 4983 αύ-

136 5018 260 5073 τοῦ
328 5017 627 5087 μανθάνει,
680 5020 775 5072 καὶ
822 5020 890 5072 τὰ
948 5022 1094 5072 κακὰ
1154 5019 1339 5087 μαθὼν
1388 5021 1748 5090 ἀσφαλίξεται

134 5109 402 5173 ἑαυτὸν,
455 5109 541 5162 ἵνα
578 5111 776 5179 μηκέτι
826 5111 1154 5181 ἁμαρτήσας
1211 5111 1428 5183 ἐμπέσῃ
1460 5111 1539 5176 είς
1574 5116 1748 5183 κρῖμα

133 5199 433 5253 θανάτου.
467 5198 812 5269 Γινώςκομεν
838 5200 916 5266 δὲ,
944 5201 1026 5254 ὄπι
1055 5202 1204 5255 πᾶσα
1227 5202 1259 5272 ή
1292 5201 1468 5265 κτίσις
1495 5202 1589 5256 τοῦ
1613 5203 1749 5258 Θεοῦ

128 5290 217 5345 δι’
256 5288 441 5342 αὑτοῦ
467 5291 853 5358 οἰκονομεῖται.
877 5291 1048 5353 Αὐτὸς
1076 5290 1184 5361 γὰρ
1216 5290 1473 5363 ἐποίησεν
1498 5294 1747 5362 οὐρανὸν,

126 5381 298 5448 γῆν,
342 5376 475 5441 ζῶα,
509 5380 714 5448 ἑρπετὰ
737 5420 751 5443 ,
785 5380 968 5450 θηρία,
999 5380 1035 5435 ἃ
1071 5381 1360 5451 βλέπομεν,
1399 5380 1491 5435 τὸν
1538 5382 1595 5435 δὲ
1628 5383 1749 5452 ἀρι-

128 5468 311 5541 θμὸν
365 5467 688 5538 ἀγνοοῦμεν.
740 5470 835 5533 Τίς
874 5472 981 5541 γὰρ
1032 5470 1334 5541 ἀνθρώπων
1366 5465 1529 5534 οἶδεν,
1588 5470 1745 5541 εἰμὴ

129 5561 341 5632 μὸνον
366 5560 395 5612 6
423 5559 553 5623 Θεὸς
583 5562 610 5614 6
639 5558 712 5614 ὢν
740 5562 796 5614 ἐν
826 5562 980 5628 πᾶσι,
1011 5562 1236 5626 καὶτοῖς
1264 5561 1523 5635 ἐμϐρύοις
1549 5560 1605 5615 δὲ
1634 5562 1745 5617 τῶν

1850 4575 1907 4619 tu
1949 4573 2064 4620 erat
2090 4565 2286 4631 Adam,
2340 4564 2566 4635 quidque
2601 4561 2829 4633 agebat?
2876 4561 2997 4630 Ipse
3044 4559 3192 4615 enim
3252 4558 3423 4611 Adam

1851 4657 2102 4712 notitiam
2130 4665 2419 4726 acceperat
2446 4654 2577 4709 boni
2611 4662 2667 4709 et
2699 4653 2850 4707 mali.
2889 4652 3136 4707 Alterum
3169 4651 3426 4705 audimus

1851 4763 1916 4803 ex
1940 4747 2263 4817 Scripturis,
2291 4745 2439 4815 quod
2475 4744 2531 4799 in
2562 4744 2775 4798 honore
2817 4752 2873 4797 et
2899 4742 2953 4797 in
2982 4741 3224 4811 puritate
3268 4747 3422 4803 erat;

1852 4848 1907 4893 at
1950 4853 2073 4893 cum
2100 4845 2473 4907 transgressus
2505 4841 2653 4888 esset
2698 4832 3034 4894 mandatum,
3084 4830 3293 4898 ejectus
3341 4834 3427 4881 est

1851 4928 2125 4999 paradiso,
2183 4936 2239 4981 et
2267 4924 2583 4981 succensuit
2636 4923 2688 4977 ei
2725 4923 2892 4977 Deus.
2922 4920 3167 4974 Tandem
3200 4916 3334 4987 quid
3368 4916 3423 4969 in

1854 5035 1913 5074 se
1944 5020 2147 5074 bonum
2196 5032 2260 5072 ac
2301 5016 2619 5086 praeclarum
2664 5021 2831 5077 esset,
2884 5011 3070 5073 discit,
3099 5026 3162 5064 ac
3195 5006 3423 5065 calami-

1856 5118 2023 5166 tatem
2068 5124 2224 5164 suam
2253 5108 2484 5162 edoctus
2516 5113 2677 5161 cavet
2717 5104 2844 5165 sibi.
2889 5118 2959 5157 ne
3010 5102 3242 5157 ulterius
3280 5090 3425 5170 pce-

1857 5201 2035 5257 cando
2096 5199 2305 5254 incidat
2336 5198 2393 5253 in
2447 5198 2715 5269 iudicium
2750 5194 2967 5253 mortis.
3030 5191 3427 5261 Coguoseimus

1853 5292 2020 5363 igitur
2046 5305 2265 5345 omnem
2298 5298 2607 5344 creaturam
2660 5285 2756 5340 Dei
2804 5301 2901 5352 per
2950 5300 3074 5338 eum
3136 5282 3270 5351 regi.
3304 5282 3426 5350 lpse

1851 5381 2000 5437 enim
2049 5379 2179 5434 fecit
2231 5380 2431 5434 caelum
2463 5386 2519 5433 et
2570 5388 2797 5440 terram,
2844 5374 3124 5436 animalia,
3188 5371 3424 5440 reptilia,

1854 5468 2088 5533 belluas,
2110 5484 2247 5539 quas
2278 5468 2550 5533 videmus,
2576 5481 2870 5522 numerum
2913 5481 3043 5520 vero
3088 5464 3423 5533 ignoramus.

1850 5561 1984 5630 Quis
2021 5560 2168 5615 enim
2224 5559 2513 5616 hominum
2535 5559 2706 5627 novit,
2731 5566 2965 5630 excepto
3015 5557 3132 5613 solo
3163 5556 3297 5622 Deo,
3330 5552 3425 5624 qui

182 5744 246 5776 ”
296 5740 463 5799 Joau.
499 5758 535 5805 ι,
582 5742 599 5795 ι
703 5744 747 5775 ³⁵
779 5743 915 5799 Gen.
954 5759 1035 5810 ιιι,
1063 5743 1149 5798 25.
1234 5745 1277 5775 ³⁷
1304 5742 1493 5802 Μαιιιι.
1527 5758 1585 5810 ιι,
1638 5744 1724 5798 ll.

1883 5741 2197 5809 Mattb.vnt,
2229 5741 2319 5798 ‘29.
