3948 6536
529 330 631 392 [~63

1750 327 1810 387 S.
1854 323 2170 385 MACARII
2212 322 2534 383 lEGYPTll
3646 328 3727 388 εδδ

523 450 608 493 est
642 437 696 493 in
725 438 1000 503 omnibus,
1027 440 1191 497 etiam
1223 441 1276 495 in
1308 440 1513 496 fetibus
1534 441 1855 495 animalium
1886 441 2090 509 imper-

2215 438 2386 507 ζὼωνς
2435 439 2571 509 Οὑχὶ
2611 438 2771 503 αὑτὸς
2809 438 3100 494 ἐπίσταται
3128 440 3198 493 τὰ
3229 439 3359 495 ὄντα
3386 439 3631 493 ὑποκάτω
3655 443 3732 512 τῆς

524 525 721 581 rectis?
746 530 937 585 Nonne
972 531 1088 601 ipse
1129 532 1253 597 scit,
1290 547 1411 601 quae
1438 540 1567 586 sunt
1596 531 1699 586 sub
1728 539 1873 585 terra
1904 540 1960 586 et
1994 545 2090 585 su-

523 634 621 686 per
642 620 852 676 emlos?

595 710 694 764 XI.
748 712 979 768 Relictis
1026 714 1195 783 igitur
1226 713 1333 777 his,
1369 712 1556 783 potius
1584 727 1918 782 quaeramus,
1945 714 2097 768 velut

526 802 657 857 boni
722 804 1115 875 negotiatores,
1168 804 1541 859 hazreditatem
1597 805 1876 859 cmlestem
1916 806 2097 875 possi-

525 894 682 959 dere,
703 903 760 949 et
789 910 875 956 ea,
918 911 1038 964 qum
1071 895 1388 949 conducunt
1430 896 1623 949 anima:
1651 904 1871 950 nostrze.
1914 898 2097 951 Disca-

528 1000 651 1038 mus
671 984 951 1053 possidere
977 985 1293 1054 bona,qua:
1333 995 1461 1039 sunt
1511 986 1798 1039 nobiscum
1847 1002 2100 1055 perman-

529 1092 677 1129 sura.
714 1076 869 1142 Quod
899 1077 942 1130 si
974 1078 1119 1131 enim
1149 1078 1315 1131 homo
1336 1079 1565 1147 emperil
1588 1078 1844 1147 indagare
1876 1093 2096 1131 sensum

531 1168 645 1229 Dei,
672 1184 735 1221 ac
756 1168 939 1223 dicere
971 1186 983 1221 :
1013 1169 1197 1222 Inveni
1227 1171 1478 1239 quiddam
1502 1188 1563 1223 ac
1585 1170 1951 1239 comprehendi
1972 1212 1984 1233 ,
2009 1170 2100 1223 de-

529 1258 899 1326 prehendetur
940 1274 1096 1312 mens
1163 1260 1401 1312 humana
1443 1260 1832 1313 transcendere
1880 1276 2099 1313 sensum

532 1349 649 1402 Dei.
678 1350 879 1402 Verum
909 1350 961 1402 in
1014 1350 1116 1403 hoc
1151 1350 1309 1419 longe
1346 1351 1585 1412 aberrat,
1636 1360 1690 1402 et
1714 1362 1919 1418 quanto
1980 1351 2102 1418 plus

529 1440 773 1494 volueris
818 1456 915 1508 per
962 1441 1327 1510 cognitionem
1382 1441 1612 1494 serutari
1665 1457 1727 1495 ac
1781 1450 2099 1509 penetrare,

536 1539 686 1587 tanto
708 1533 1035 1602 profundius
1062 1532 1370 1594 descendis,
1400 1549 1501 1586 nec
1526 1533 1821 1601 quidquam
1847 1533 2099 1603 percipis.

532 1626 669 1694 Ipsa:
717 1626 864 1679 enim
914 1626 1406 1689 considerationes,
1454 1640 1575 1694 qum
1633 1625 1729 1679 tibi
1780 1634 2100 1691 occurrunt,

532 1716 665 1787 quid
699 1717 927 1787 singulis
955 1718 1151 1771 diebus
1184 1718 1240 1771 in
1276 1727 1326 1771 te
1353 1725 1665 1786 peragatur,
1707 1726 1763 1770 et
1803 1715 2101 1785 quomodo,

2192 534 2317 603 γῆς,
2348 532 2442 586 καὶ
2473 532 2659 587 ὲπάνω
2688 533 2796 587 τῶν
2822 534 3067 604 οὐρανῶν
3089 549 3105 565 ·

2268 712 2371 766 ιλιι.
2407 712 2808 782 Παραλιπόντες
2836 710 2929 768 οῦν
2956 712 3150 780 ταῦτα,
3190 713 3392 786 μᾶλλον
3421 711 3740 784 ζητήσωμεν,

2196 804 2273 869 ὡς
2321 805 2477 859 καλοὶ
2508 805 2761 877 ἔμποροι,
2799 806 3166 877 κληρονομίαν
3197 804 3505 876 κτήσασθαι
3538 806 3744 877 ἐπουρὰ-

2196 912 2329 959 νιον,
2362 895 2459 949 καὶ
2480 896 2548 949 τά
2573 896 2920 968 συμφέροντα
2940 900 3059 962 ταῖς
3080 898 3277 967 ψυχαῖς
3292 896 3452 968 ἡμῶν
3468 913 3482 924 ⁸
3513 895 3747 966 μάθωμεν

2199 984 2501 1054 κτήσασθαι
2535 987 2793 1056 κτήματα
2829 988 2970 1059 άπερ
2997 988 3418 1059 συμπαραμένει
3446 988 3599 1057 ἡμῖν.
3642 988 3750 1040 ἐἆν

2200 1077 2308 1145 γὰρ
2344 1076 2479 1148 ἄρξῃ
2516 1077 2802 1149 ἄνθρωπος
2854 1079 2929 1131 ῶν
2986 1080 3212 1150 ὲρευνᾷν
3261 1080 3353 1133 τὸν
3382 1078 3641 1148 λογισμὸν
3670 1080 3752 1131 τοῦ

2200 1170 2365 1232 Θεοῦ,
2409 1170 2502 1221 καὶ
2538 1170 2747 1237 λέγειν,
2780 1167 2961 1238 εὗρόν
3004 1190 3056 1225 τι
3102 1172 3202 1226 καὶ
3235 1172 3589 1236 κατέλαϐον,
3617 1172 3753 1241 εὑρε-

2207 1262 2429 1331 θήσεται
2468 1265 2495 1314 ὁ
2523 1261 2861 1333 ἀνθρώπινος
2891 1262 3012 1327 νοῦς
3041 1264 3383 1335 ὑπερϐαίνων
3404 1264 3496 1316 τδν
3517 1264 3756 1331 λογισμὸν

2202 1353 2295 1404 τοῦ
2328 1352 2482 1404 Θεοῦ.
2526 1354 2614 1404 Ἐν
2640 1353 2815 1423 τούτῳ
2844 1353 2897 1405 δὲ
2926 1354 3057 1405 πολὺ
3091 1354 3267 1424 πλανᾷ
3293 1371 3307 1385 ’
3338 1354 3433 1407 καὶ
3456 1354 3580 1406 ὅσον
3605 1353 3758 1415 θέλεις

2202 1443 2289 1496 διὰ
2340 1443 2593 1511 γνώσεως
2654 1445 2945 1514 ἐρευνῆσαι
2980 1444 3074 1497 καὶ
3113 1444 3408 1507 εἰσελθεῖν,
3452 1446 3646 1514 χωρεῖς
3692 1446 3759 1505 εἰς

2206 1535 2399 1605 βάθος,
2452 1536 2547 1588 καὶ
2593 1536 2744 1588 οὐδὲν
2793 1536 3263 1606 καταλαμϐάνειςο
3316 1536 3488 1598 αὑτὰς
3536 1535 3643 1604 γὰρ
3675 1537 3760 1596 τὶς

2204 1626 2524 1695 ἐπισκέψεις
2575 1627 2673 1689 τὰς
2704 1628 3033 1696 γιγνομένας
3081 1645 3185 1691 σοι,
3231 1628 3285 1680 τί
3324 1626 3620 1697 ἐργάζεται
3654 1627 3761 1677 καθ’

2205 1718 2419 1788 ἡμέραν
2449 1720 2505 1770 ὲν
2550 1718 2652 1782 σοὶ,
2684 1719 2777 1770 καὶ
2810 1718 2944 1781 πῶς,
2996 1718 3208 1790 ἄρρητά
3238 1720 3376 1781 ἐστι,
3430 1719 3524 1771 καὶ
3573 1718 3763 1770 ἀκατά-

532 1823 745 1862 arcanaa
774 1817 904 1863 sunt
936 1818 991 1863 et
1024 1809 1636 1878 incomprehensibiles,
1660 1807 1768 1861 nisi
1800 1807 1947 1876 quod
1978 1817 2096 1860 tan-

2215 1811 2423 1875 ληπτα,
2478 1809 2510 1879 ἢ
2574 1810 2733 1878 μόνον
2785 1808 3036 1873 δέξασθαι
3100 1808 3236 1879 μετὰ
3289 1808 3643 1880 εὐχαριστίας
3685 1809 3765 1860 καὶ

534 1907 649 1952 tum
682 1899 792 1954 sint
824 1914 949 1953 cum
988 1900 1286 1969 gratiarum
1322 1900 1539 1954 actione
1584 1898 1973 1967 suscipiendae,
2014 1906 2103 1953 at-

533 2003 641 2057 que
662 1988 996 2043 credendum
1024 1990 1117 2043 sit.
1146 1988 1397 2043 Animam
1443 1989 1588 2043 enim
1655 1997 1823 2051 tuam,
1870 2005 1938 2043 ex
1994 2003 2104 2057 quo

535 2088 697 2135 natus
727 2096 788 2135 es
812 2080 878 2135 ad
925 2082 1071 2135 hunc
1105 2096 1279 2151 usque
1310 2081 1479 2145 diem,
1530 2083 1831 2149 potuistinc
1898 2097 2102 2151 cogno-

535 2172 729 2225 scere?
750 2188 974 2226 recense
1004 2187 1133 2242 ergo
1164 2172 1299 2226 mihi
1329 2188 1358 2226 a
1390 2187 1551 2226 mane
1594 2172 1662 2226 ad
1693 2188 1976 2241 vesperam
2012 2190 2106 2227 us-

536 2278 643 2330 que
670 2263 1034 2317 scaturieutes
1059 2264 1111 2316 in
1148 2274 1201 2318 te
1240 2263 1623 2333 cogitationes.
1658 2264 1753 2317 Dic
1794 2264 1926 2316 mihi
1960 2266 2109 2334 cogi-

540 2351 777 2405 tationes
828 2352 991 2405 trium
1038 2352 1290 2419 dierum;
1350 2361 1405 2405 at
1463 2368 1571 2405 non
1623 2360 1798 2421 potes.
1842 2352 1897 2407 Si
1944 2354 2108 2423 igitur

536 2444 895 2513 engitatioucs
923 2444 1119 2498 anima:
1153 2452 1257 2499 tute
1280 2442 1747 2513 comprehendere
1788 2460 1895 2497 non
1923 2447 2107 2513 potui-

538 2538 628 2595 sti,
662 2538 1029 2606 cogitationes
1080 2538 1176 2592 Dei
1214 2548 1379 2607 atque
1423 2545 1665 2590 mentem
1705 2535 1801 2590 Dei
1832 2539 2107 2606 quomodo

540 2639 694 2698 putes
717 2630 947 2682 scrutari
973 2630 997 2681 ?

604 2721 711 2791 47
747 2721 860 2774 XII.
891 2721 1088 2774 Verum
1118 2728 1173 2774 tu
1204 2732 1467 2790 quantum
1497 2724 1731 2788 invenis,
1764 2724 1864 2779 ede
1888 2741 2106 2795 panem,

536 2831 600 2867 a':
630 2816 938 2868 universam
971 2826 1169 2868 terram
1195 2815 1413 2869 dimitte
1441 2832 1455 2877 ;
1492 2824 1549 2870 et
1573 2817 1662 2871 abi
1696 2817 1762 2871 ad
1800 2818 1971 2886 ripam
2005 2818 2109 2871 ilu-

538 2906 722 2969 minis,
768 2921 831 2960 ac
872 2905 999 2960 bibe
1038 2915 1301 2975 quantum
1350 2906 1602 2976 indiges;
1657 2924 1782 2961 mox
1827 2909 1964 2974 redi,
2009 2925 2111 2964 nec

538 2998 776 3066 inquire,
838 2997 984 3052 unde
1045 3008 1361 3068 permanet,
1433 3009 1529 3053 aut
1605 3001 1882 3069 quomodo
1956 3003 2107 3056 ﬂuat.

536 3090 682 3144 Nava
704 3104 949 3159 operam,
971 3100 1029 3144 ut
1053 3100 1279 3144 sanetur
1303 3106 1397 3159 pes
1419 3101 1565 3154 tuus,
1596 3100 1688 3145 aut
1712 3094 1938 3146 morbus
1962 3093 2105 3147 oeuli

540 3180 641 3241 tui,
676 3180 990 3247 utaspicias
1037 3180 1222 3234 lumen
1259 3180 1412 3242 solis,
1459 3190 1562 3235 nec
1594 3183 1811 3236 curiose
1864 3182 2105 3253 indages,

541 3284 809 3341 quantum
837 3274 1063 3327 luminis
1094 3274 1373 3327 contineat
1393 3274 1496 3337 sol,
1521 3285 1617 3327 aut
1642 3276 1694 3327 in
1725 3284 1893 3343 quoto
1915 3290 2109 3329 exsur-

538 3374 628 3435 gat
665 3364 838 3434 signo.
872 3364 1023 3429 Quod
1064 3364 1210 3419 cedit
1255 3366 1306 3417 in
1338 3366 1687 3419 commodum
1724 3375 1874 3419 tuum
1901 3368 2107 3435 accipe.

541 3458 609 3511 Et
652 3458 783 3526 quid
824 3457 1077 3511 ascendis
1117 3468 1351 3520 montes,
1400 3466 1456 3512 ct
1492 3458 1805 3527 investigas,
1835 3470 1968 3528 quot
2006 3461 2114 3515 illic

541 3557 836 3619 pascantur
874 3549 1063 3617 onagri
1120 3558 1216 3603 aut
1263 3548 1485 3602 bestite?
1536 3558 1591 3603 et
1624 3550 1838 3618 puellus
1895 3552 2113 3619 quando

540 3640 758 3695 accedit
798 3641 867 3695 ad
904 3640 1073 3694 ubera
1113 3640 1326 3703 matris,
1363 3641 1596 3694 laetatur
1625 3649 1681 3695 et
1716 3642 2013 3696 euutritur.
2046 3644 2115 3697 At

540 3733 717 3789 nescit
746 3733 984 3789 scrutari
1025 3732 1263 3795 radicem
1308 3740 1403 3786 aut
1451 3734 1859 3804 seaturiginem,
1893 3735 2003 3789 und
2037 3736 2115 3791 sic

538 3826 731 3881 adluit.
762 3825 919 3896 Sugit
936 3826 1084 3879 enim
1122 3826 1204 3879 lac
1230 3834 1286 3878 et
1305 3825 1582 3895 regionem
1610 3841 1826 3880 onmem
1849 3827 2116 3880 mamilla-

541 3935 662 3973 rum
723 3918 1009 3974 exhaurit:
1067 3927 1124 3972 et
1151 3918 1335 3973 denuo
1380 3918 1484 3972 alia
1537 3918 1670 3973 hora
1710 3920 1952 3989 repletur
1998 3936 2113 3973 ma-

540 4011 710 4075 milla,
750 4010 856 4065 hoc
885 4026 1063 4080 neque
1106 4010 1321 4080 puellus
1350 4010 1523 4073 novit,
1571 4026 1750 4079 neque
1774 4018 1947 4075 mater
1975 4012 2115 4081 ejus,

540 4104 793 4173 quamvis
846 4118 1039 4157 revera
1082 4102 1151 4156 ab
1197 4102 1458 4155 omnibus
1510 4102 1773 4156 membris
1830 4103 2119 4171 proveniat

538 4196 645 4251 lae.
684 4195 739 4250 Si
769 4194 968 4264 qumris
1004 4210 1134 4264 ergo
1167 4194 1454 4248 Dominum
1489 4193 1544 4247 in
1576 4194 1869 4262 profundo,
1899 4194 2009 4248 illic
2033 4194 2117 4247 in-

541 4288 699 4343 venis
726 4303 851 4342 cum
886 4287 1041 4357 signa
1077 4287 1385 4341 facientem.
1442 4286 1497 4340 Si
1547 4288 1747 4355 quzeris
1778 4303 1903 4340 eum
1949 4286 2001 4339 in
2036 4286 2119 4339 fo—

542 4395 663 4439 vea.
698 4380 806 4433 illic
863 4378 1076 4433 invenis
1118 4394 1245 4432 eum
1295 4380 1348 4432 in
1388 4378 1570 4432 medio
1608 4379 1843 4433 duorum
1898 4380 2117 4432 leonum

2208 1900 2508 1955 πιστεύειν.
2546 1902 2657 1971 Τὴν
2697 1903 2807 1972 γὰρ
2836 1902 2934 1972 σὴν
2963 1901 3135 1971 ψυχὴν
3166 1901 3225 1966 ἐξ
3253 1894 3313 1954 οὗ
3349 1898 3648 1970 ἐγεννήθης
3684 1905 3767 1951 καὶ

2206 1996 2310 2057 ἓως
2346 1995 2492 2065 ἄρτι,
2525 1994 2798 2064 ἠδυνήθης
2844 1995 3141 2064 γνωρίσαι;
3180 1994 3305 2047 ἐπεὶ
3332 1992 3658 2061 ἐπάγγειλόν
3690 2008 3767 2059 μοι

2207 2086 2315 2137 ἀπὸ
2365 2085 2508 2153 πρωῒ
2543 2085 2639 2137 καὶ
2684 2085 2788 2147 ἕως
2817 2084 2913 2153 ὀψὲ
2947 2087 3074 2147 τοὺς
3114 2084 3379 2153 βρύοντας
3427 2086 3486 2135 ὲν
3518 2084 3601 2135 σοὶ
3642 2083 3769 2147 λογι-

2208 2174 2395 2244 σμούς.
2426 2174 2558 2226 Είπέ
2592 2191 2682 2243 μοι
2714 2174 2812 2237 τὰς
2840 2173 3166 2243 ἐνθυμήσεις
3191 2173 3359 2239 τριῶν
3384 2169 3635 2241 ἡμερῶνο
3668 2169 3769 2221 ἀλλ’

2208 2266 2267 2319 οὑ
2300 2265 2541 2319 δύνασαι.
2598 2265 2661 2317 Εἰ
2693 2261 2786 2317 οὑν
2819 2264 2945 2326 τοὺς
2988 2264 3282 2332 λογισμοὺς
3314 2263 3412 2332 τῆς
3458 2262 3640 2332 ψυχῆς
3688 2278 3768 2313 σου

2209 2357 2537 2411 καταλαϐεῖν
2575 2357 2674 2409 οὑκ
2702 2356 2995 2426 ἠδυνήθης,
3035 2357 3161 2418 τοὺς
3194 2356 3488 2426 λογισμοὺς
3525 2352 3621 2407 τοῦ
3650 2353 3769 2405 Θεοί

2210 2450 2303 2503 καὶ
2334 2449 2424 2503 τὸν
2448 2447 2572 2503 νοῦν
2600 2448 2717 2513 πῶς
2746 2448 2970 2502 δύνασαι
2998 2448 3177 2518 εὑρεῖν
3202 2464 3217 2512 ς

2279 2724 2379 2777 lB'.
2426 2722 2586 2777 Ἀλλὰ
2609 2727 2675 2776 συ
2706 2720 2828 2774 ὅσον
2851 2718 3125 2789 εὑρίσκεις
3146 2718 3308 2787 ἄρτον
3329 2718 3498 2786 φάγε,
3525 2717 3620 2769 καὶ
3644 2718 3763 2785 ἄφες

2208 2820 2337 2888 ὃλην
2365 2817 2464 2885 τὴν
2487 2815 2592 2883 γῆν
2620 2816 2713 2866 καὶ
2738 2812 2938 2866 ἄπελθε
2968 2813 3047 2874 είς
3082 2809 3143 2863 τὸ
3165 2811 3342 2879 χεῖλος
3367 2808 3463 2862 τοῦ
3518 2806 3770 2876 ποταμοῦ,

2210 2912 2305 2964 καὶ
2336 2908 2426 2961 πίε
2456 2909 2579 2961 ὅσον
2595 2905 2783 2977 χρείαν
2798 2904 2958 2975 ἔχεις,
2993 2904 3087 2958 καὶ
3112 2901 3370 2972 πάρελθε,
3399 2902 3492 2953 καὶ
3522 2904 3599 2970 μὴ
3625 2901 3769 2969 ζητῆ-

2213 3020 2310 3071 σῃς
2343 3000 2505 3053 πάθεν
2528 2997 2821 3067 ἔρχεται,ῆ
2855 2995 2972 3059 πῶς
3001 2995 3135 3065 ῥέει.
3166 2994 3476 3046 Σπούδασον
3518 2993 3775 3060 θεραπενο

2212 3095 2368 3164 θῆναι
2383 3096 2473 3145 τὸν
2498 3091 2651 3153 πόδα,
2668 3089 2701 3159 ἢ
2716 3090 2807 3141 τὸν
2828 3090 2988 3143 πόνον
3003 3088 3097 3140 τοῦ
3120 3086 3399 3156 ὀφθαλμοῦ
3426 3103 3542 3144 σου.
3565 3086 3652 3137 ἵνα
3676 3085 3777 3154 ίδῃς

2211 3186 2271 3239 τὸ
2299 3184 2413 3254 φῶς
2441 3183 2534 3237 τοῦ
2556 3183 2727 3252 ἡλίου.
2760 3182 2849 3251 Μὴ
2884 3181 3128 3251 ζητήσῃς
3162 3181 3219 3233 δὲ
3259 3180 3425 3231 πόσον
3460 3179 3573 3247 ἔχει
3619 3178 3723 3245 φῶς
3750 3178 3776 3227 ὁ

2208 3277 2360 3347 ἥλιος
2442 3276 2606 3328 πόσον
2666 3271 2947 3327 ἀνατέλλει
3007 3270 3165 3335 ζῶον.
3255 3273 3319 3322 Ὃ
3353 3270 3666 3338 προσχωρεῖ
3706 3282 3778 3318 σοι

2212 3367 2518 3438 εῐςχρῆσιν,
2541 3366 2691 3419 λάϐε.
2711 3366 2814 3419 Καὶ
2836 3364 2889 3417 τί
2912 3363 3126 3435 ἀπέρχῃ
3140 3364 3218 3425 είς
3237 3362 3359 3432 ὅρη.
3383 3362 3479 3413 καὶ
3504 3360 3681 3429 ζητεῖς
3694 3358 3778 3410 7:6-

2216 3477 2297 3512 σοι
2320 3461 2436 3511 ἐκεῖ
2457 3459 2708 3527 νέμονται
2736 3456 3005 3527 δναγροιῆ
3026 3455 3220 3526 θηρία;
3243 3457 3336 3507 καὶ
3374 3453 3433 3506 τὸ
3472 3452 3682 3504 παιδίον
3700 3452 3779 3503 ὅτε

2214 3552 2573 3623 προσέρχεται
2605 3549 2683 3620 τῷ
2716 3549 2871 3619 μαζῷ
2900 3549 3000 3619 τῆς
3040 3547 3262 3616 μητρὸς,
3293 3545 3781 3615 λαμϐάνειτδγάλα

2213 3642 2308 3694 καὶ
2338 3642 2617 3710 τρέφεται.
2653 3637 2766 3691 Οὐκ
2798 3633 2938 3691 οἶδεν
2960 3637 3015 3689 δὲ
3045 3636 3269 3705 ὲρευνᾷν
3298 3634 3398 3702 τὴν
3430 3634 3592 3704 ῥίζαν
3624 3634 3655 3702 ἦ
3687 3636 3778 3698 τὴν

2218 3731 2402 3801 πηγὴν
2430 3729 2591 3782 πόθεν
2617 3726 2789 3789 οὕτως
2845 3727 3113 3798 ἐπιρρέει-
3146 3725 3369 3794 θηλάζει
3397 3724 3507 3791 γὰρ
3532 3723 3593 3775 τὸ
3631 3722 3780 3790 γάλα,

2216 3824 2309 3877 καὶ
2330 3822 2421 3877 τὸν
2452 3823 2577 3893 ὀρὺν
2606 3821 2725 3875 ὅλον
2762 3822 3038 3874 ἀποκενοῖ·
3093 3818 3187 3872 καὶ
3234 3819 3393 3871 πάλιν
3430 3818 3600 3885 ἄλλην
3644 3815 3784 3884 ὤραν

2220 3914 2509 3987 μεστοῦται
2536 3916 2564 3967 ὁ
2596 3912 2782 3985 μαζός’
2814 3911 2973 3966 τοῦτο
3001 3909 3125 3965 οὔτε
3154 3910 3215 3964 τὺ
3255 3909 3473 3963 παιδίον
3500 3904 3660 3971 οἶδεν,
3701 3907 3784 3960 οὑ-

2216 4026 2275 4061 τε
2300 4009 2333 4077 ἡ
2371 4008 2553 4077 μήτηρ
2578 4004 2764 4070 αὑτοῦ,
2801 4007 2847 4058 εί
2872 4004 2965 4057 καὶ
2990 4004 3058 4057 τὰ
3107 4002 3340 4072 μάλιστα
3374 4001 3483 4055 ἀπὸ
3515 4000 3650 4053 ὅλων
3686 3999 3786 4051 τῶν

2222 4096 2398 4167 μελῶν
2434 4096 2534 4165 τῆς
2569 4093 2775 4165 μητρὸς
2800 4092 3081 4162 ἐξέρχεται
3111 4090 3170 4143 τὸ
3192 4089 3350 4156 γάλα.
3390 4088 3454 4141 Ei.
3492 4087 3673 4158 ζητεῖς
3702 4083 3785 4139 οἷς

2218 4188 2310 4241 τὸν
2344 4186 2545 4252 Κύριον
2580 4186 2658 4248 είς
2689 4183 2871 4253 βάθος,
2890 4184 3007 4235 ἐκεῖ
3032 4181 3303 4253 εὑρίσκεις
3343 4181 3508 4234 αὑτὸν
3543 4178 3787 4231 ποιοῦντα

2222 4279 2443 4349 σημεῖα.
2486 4278 2544 4329 Ei
2595 4276 2776 4343 ζητεῖς
2827 4272 2989 4326 αὑτὸν
3022 4274 3079 4324 ἐν
3128 4271 3336 4341 λάκκῳ,
3371 4271 3490 4322 ἐκεῖ
3523 4270 3789 4339 εὑρίσκεις

2221 4371 2382 4425 αὑτὸν
2414 4371 2470 4421 ἐν
2504 4368 2654 4438 μέσῳ
2686 4366 2779 4419 δύο
2827 4365 3056 4417 λεόντων
3100 4363 3440 4430 φυλάσσοντα
3472 4362 3565 4414 τὸν
3594 4362 3791 4413 δίκαιον

544 4472 589 4501 ⁸³
617 4510 631 4530 .
659 4479 1075 4525 conservantem
1104 4450 1638 4541 justum'Danielem.
1665 4472 1721 4526 Si
1758 4472 1960 4540 quaeris
1988 4487 2109 4525 eum

2222 4462 2441 4531 Δανιὴλ.
2481 4458 2745 4527 Εἱζητεῖς
2782 4456 2941 4508 αὑτὸν
2974 4455 3054 4517 είς
3078 4453 3207 4522 πῦρ,
3242 4454 3356 4505 ἐκεῖ
3396 4452 3673 4520 εὑρίσκεις
3702 4452 3789 4502 ai-

544 4564 600 4617 in
633 4563 765 4633 igni,
800 4564 911 4617 illic
944 4564 1156 4617 invenis
1184 4578 1310 4617 eum
1345 4562 1607 4615 auxilium
1640 4562 1905 4617 ferentem
1962 4562 2116 4616 mini-

534 4655 674 4709 stris
696 4654 811 4709 suis
828 4656 893 4709 ³ο.
914 4656 971 4709 Si
990 4656 1191 4722 quaeris
1207 4670 1330 4709 eum
1350 4656 1405 4707 in
1421 4662 1624 4718 monte,
1644 4654 1754 4708 illic
1774 4655 1982 4723 reperis
1994 4670 2119 4709 cum

544 4762 671 4802 cum
690 4747 805 4801 Elia
825 4755 880 4801 et
905 4746 1067 4801 Mose.
1088 4746 1128 4777 "
1155 4745 1365 4814 Ubique
1380 4745 1545 4815 igitur
1568 4755 1672 4810 est,
1706 4754 1813 4819 tam
1829 4746 1930 4800 sub
1954 4755 2122 4810 terra,

544 4856 708 4910 quam
769 4856 936 4909 super
991 4840 1164 4902 caaiis,
1201 4839 1364 4892 etiam
1415 4838 1559 4908 apud
1616 4854 1735 4903 nos,
1786 4839 1991 4908 ubique
2021 4850 2124 4894 est.

546 4931 639 4986 Sic
670 4946 889 5000 quoque
947 4929 1127 4982 anima
1176 4944 1345 4999 prope
1389 4936 1441 4982 te
1474 4937 1577 4991 est,
1641 4928 1782 4981 intra
1822 4937 1872 4983 tc
1925 4939 2028 4992 est,
2066 4937 2121 4984 et

546 5029 699 5075 extra
726 5030 776 5075 te
804 5032 907 5075 est.
937 5019 1040 5075 Ubi
1071 5022 1221 5074 enim
1252 5018 1514 5079 volueris,
1542 5019 1595 5072 in
1626 5019 1849 5073 remotis
1874 5019 2117 5088 regioni-

546 5112 671 5176 bus,
752 5111 863 5165 illic
932 5116 1019 5165 est
1056 5124 1212 5164 mens
1246 5116 1360 5175 tua,
1396 5108 1512 5162 sive
1566 5107 1621 5161 in
1658 5106 1969 5172 occidente,
2003 5106 2119 5162 sive

548 5203 602 5257 in
648 5203 883 5266 oriente,
919 5201 1033 5255 sive
1070 5201 1122 5253 in
1148 5200 1301 5255 cmlis
1339 5198 1448 5253 illic
1475 5198 1777 5252 invenitur.

619 5372 758 5427 Xlll.
792 5372 1119 5429 Studeamus
1169 5374 1335 5445 igitur
1374 5374 1429 5429 in
1462 5374 1654 5445 primis
1708 5374 2011 5429 cauterium
2072 5384 2128 5430 et

548 5462 788 5532 sigillum
829 5464 1041 5519 Domini
1079 5467 1131 5519 in
1167 5466 1327 5520 nobis
1357 5467 1557 5522 habere
1582 5506 1596 5531 ,
1632 5466 1762 5535 quia
1793 5466 1848 5521 in
1873 5466 2128 5537 diejudi-

552 5556 647 5623 cii,
684 5555 826 5613 facta
871 5559 1246 5629 segregatione
1299 5559 1395 5614 illa
1434 5574 1465 5614 a
1498 5560 1631 5624 Deo,
1680 5566 1738 5615 et
1783 5559 2127 5631 congregatis

627 5736 671 5765 "
709 5738 841 5791 Dan.
877 5752 949 5800 vx,
991 5736 1069 5791 l7.

2215 4554 2305 4609 τὸν
2338 4548 2636 4622 βοηθοῦντα
2665 4550 2777 4610 τοῖς
2804 4544 3011 4605 δούλοις
3044 4543 3227 4596 αὑτοῦ.
3255 4543 3316 4594 Et
3351 4540 3537 4610 ζητεῖς
3561 4541 3723 4592 αὑτὸν
3743 4540 3793 4590 ἐν

2218 4649 2357 4718 ὄρει,
2391 4644 2507 4697 ἐκεῖ
2554 4640 2829 4709 εὑρίσκεις
2866 4636 3027 4690 αὑτὸν
3059 4634 3195 4704 μετὰ
3223 4634 3315 4686 τοῦ
3360 4632 3517 4685 Ἠλία
3543 4634 3639 4684 καὶ
3673 4632 3793 4685 Mui-

2225 4738 2383 4800 σέως.
2434 4730 2717 4801 Πανταχοῦ
2772 4730 2864 4783 οῦν
2913 4729 3051 4791 ἐστι,
3084 4727 3180 4779 καὶ
3222 4725 3482 4779 ὑποκάτω
3525 4727 3626 4794 τῆς
3674 4723 3793 4790 γῆς,

2229 4830 2322 4883 καὶ
2355 4826 2609 4897 ὑπεράνω
2655 4822 2763 4875 τῶν
2792 4820 3057 4891 οὐρανῶν,
3098 4820 3209 4871 εἴτε
3238 4819 3298 4869 ὲν
3327 4818 3485 4887 ἡμῖν,
3522 4814 3794 4883 πανταχνῦ

2229 4923 2397 4974 ἐστιν.
2430 4918 2615 4979 Οὕτως
2648 4914 2742 4969 καὶ
2768 4916 2799 4983 ἡ
2829 4914 2976 4981 ψυχὴ
3007 4909 3173 4979 ἐγγύς
3228 4909 3321 4961 σού
3360 4910 3503 4969 ἐστι,
3535 4906 3633 4960 καὶ
3668 4906 3796 4957 ἔσω-

2226 5013 2316 5065 θέν
2348 5012 2441 5063 σού
2465 5009 2606 5067 ἐστι.
2638 5006 2734 5060 καὶ
2767 5004 2967 5069 ἔξωθέν
3008 5004 3102 5055 σοὺ
3160 5004 3328 5055 ἐστιν,
3366 5002 3544 5053 Ὅπου
3576 5000 3691 5069 γάρ
3713 4999 3794 5050 θέ-

2224 5103 2357 5166 λεις,
2400 5104 2480 5165 εἰς
2514 5099 2731 5170 μακρὰς
2762 5098 3051 5167 πατρίδας,
3092 5097 3234 5162 ὲκεῖδ
3261 5096 3411 5147 ἐστιν
3441 5095 3471 5146 ὁ
3510 5092 3637 5153 νοῦς
3688 5108 3795 5151 σου,

2227 5195 2336 5247 εἴτε
2369 5193 2462 5247 ἐπὶ
2500 5191 2730 5262 δυσμὰς,
2759 5191 2867 5243 εἴτε
2899 5190 2991 5242 ἐπὶ
3028 5186 3290 5250 ἀνατολὰς
3316 5228 3331 5252 ,
3377 5186 3489 5238 εἴτε
3545 5188 3629 5248 είς
3679 5184 3796 5243 τοὺς

2226 5286 2485 5355 οὐρανοὺς
2511 5286 2627 5337 ἐκεῖ
2654 5283 2986 5353 εὑρίσκεται.

2300 5377 2396 5428 ll".
2427 5376 2764 5445 Ζητὴσωμεν
2815 5369 2907 5428 οὑν
2958 5372 3382 5444 προηγουμένως
3427 5369 3523 5422 τὸν
3553 5367 3799 5436 καυτῆρα

2224 5465 2317 5519 τοῦ
2342 5464 2547 5535 Κυρίου
2576 5466 2666 5518 καὶ
2688 5466 2787 5535 τὴν
2818 5464 3086 5536 σφραγίδα
3116 5464 3175 5515 ἐν
3204 5463 3419 5524 ἑαυτοῖς
3444 5461 3612 5531 ἔχειν·
3649 5460 3731 5511 ὅτι
3750 5458 3800 5507 ἑν

2222 5558 2300 5630 τῷ
2331 5556 2507 5630 καιρῷ
2534 5557 2629 5629 τῆς
2659 5559 2914 5629 κρίσεως,
2943 5555 3231 5627 γινομένης
3261 5554 3361 5624 τῆς
3388 5552 3696 5622 άποτομίας
3715 5548 3799 5601 τοῦ

1149 5740 1188 5769 ³ο
1221 5741 1355 5793 Dan.
1395 5754 1473 5802 tn,
1510 5738 1597 5793 28.
1677 5738 1717 5768 ³¹
1762 5736 1951 5792 Matth.
1989 5751 2117 5799 xm,
2162 5737 2211 5789 '5.
