3948 6518
575 335 672 399 567

1802 342 1863 401 S.
1906 340 2223 401 MACARII
2260 339 2584 399 zEGYPTlI

3706 339 3789 401 {68

636 446 774 503 XVI.
843 446 1216 518 Interrogatio.
1248 448 1390 516 Quid
1418 458 1522 515 est,
1551 450 1699 520 quod
1737 450 1945 506 Martha
1989 450 2142 505 dixe-

2316 448 2436 515 ις’.
2456 447 2789 516 Ἐρώτησις.
2824 445 2888 499 Τί
2919 446 3067 499 ἐστιν
3096 444 3182 517 δή
3220 445 3419 515 Μάρθα
3456 441 3575 500 εἶπε
3609 448 3678 517 τῷ
3701 451 3793 502 Κυο

573 551 651 597 rat
683 542 916 597 Domino
946 540 1014 595 de
1048 542 1248 597 Maria:
1298 542 1411 613 Ego
1443 544 1507 597 de
1538 544 1716 599 multis
1744 544 1970 598 sollicita
2005 560 2145 610 sum,

572 641 619 685 et
654 634 762 685 Itatc
792 632 986 685 assidet
1018 631 1157 685 tibi?

639 722 945 793 Responsio.
984 722 1136 787 Quod
1172 721 1409 776 debebat
1458 720 1643 777 dicere
1691 722 1857 776 Maria
1899 722 2147 790 Marllue,

570 814 627 868 id
655 815 918 869 Dominus
961 828 1369 883 praeoccupans,
1413 814 1591 869 eidem
1638 815 1795 880 dixit,
1850 816 1996 885 quod
2033 815 2146 881 illa,

568 907 826 961 omnibus
859 906 1085 970 relictis,
1121 906 1341 960 sederet
1377 906 1444 960 ad
1485 907 1651 976 pedes
1679 908 1919 971 Domini,
1947 924 2009 962 ac
2039 908 2150 962 Deo

571 998 923 1051 benedicerct
965 1006 1076 1051 tota
1107 998 1215 1051 die.
1245 997 1407 1052 Vides
1462 999 1743 1054 assidcndi
1795 999 2147 1065 beneﬁcium,

570 1103 671 1155 pro
714 1086 1010 1141 dilectione
1051 1086 1261 1141 datum.
1312 1088 1380 1144 Ut
1428 1098 1610 1142 autem
1641 1090 1846 1144 clarius
1888 1100 2152 1159 appareat

570 1179 799 1232 verbum
857 1178 974 1239 Dei,
1028 1178 1179 1232 audi.
1233 1179 1289 1234 Si
1342 1180 1465 1250 quis
1502 1180 1678 1250 diligit
1728 1180 1935 1245 Jesum,
1988 1182 2151 1250 eique

570 1270 803 1325 attendit
838 1270 1060 1325 assidue
1100 1286 1249 1335 vero,
1273 1282 1330 1327 et
1366 1287 1475 1326 non
1514 1272 1743 1327 remisse
1774 1273 2028 1335 attendit,
2054 1273 2148 1327 sed

570 1372 891 1429 perseverat
924 1377 1143 1430 quoque
1175 1362 1228 1415 in
1265 1362 1561 1416 dilectione
1617 1362 1727 1432 jam
1771 1362 1917 1417 Deus
1949 1364 2152 1434 cogitat

573 1468 671 1522 pro
704 1452 1001 1507 dilectione
1035 1452 1125 1506 illa
1157 1452 1288 1507 dare
1320 1452 1526 1522 aliquid
1559 1453 1635 1507 illi
1661 1454 1873 1518 anima},
1900 1455 2151 1523 quamvis

573 1542 738 1597 homo
772 1543 999 1609 nesciat,
1020 1543 1149 1613 quid
1176 1554 1503 1615 accepturus
1529 1545 1619 1610 sit,
1647 1555 1743 1599 aut
1767 1547 1984 1615 qualem
2020 1564 2149 1617 por-

573 1635 782 1688 tionem
823 1635 967 1689 Deus
994 1635 1292 1705 largiturus
1331 1636 1399 1691 sit
1436 1637 1650 1692 animaz.
1681 1638 1747 1691 Et
1777 1653 1907 1693 sane
1933 1639 2147 1705 Mariae,

573 1743 692 1796 qua:
713 1726 974 1795 diligebat
1013 1742 1159 1790 eum,
1188 1736 1242 1781 et
1278 1729 1555 1783 assidebat
1586 1729 1823 1800 pedibus
1866 1732 2006 1802 ejus,
2035 1748 2145 1786 non

2258 538 2358 611 ρίῳ
2390 540 2517 610 περὶ
2559 540 2657 608 τῆς
2700 537 2940 608 Μαρίας,
2968 537 3047 591 ὅτι
3077 536 3221 607 Ἐγὼ
3253 538 3458 608 κάμνω
3479 541 3565 605 είς
3604 543 3793 609 πολλὰ,

2252 628 2350 682 καί
2379 629 2531 696 αὕτη
2559 626 3019 697 παρακαθέζεταί
3048 642 3147 682 σοι
3171 645 3192 695 ;

2332 722 2691 788 Ἀπόκρισις.
2706 721 2770 773 Ὀ
2795 719 3027 788 ὤφειλεν
3057 720 3228 772 εἰπεῖν
3250 720 3283 790 ἡ
3306 720 3495 789 Μαρία
3518 723 3583 791 τῇ
3605 722 3794 792 Μάρθα,

2248 811 2277 865 ὁ
2324 812 2531 881 Κύριος
2570 811 2857 883 προλαόὼν
2897 805 3051 863 εἶπεν
3092 810 3249 880 αὐτῇ,
3281 812 3362 863 ὅτι
3404 811 3579 863 πάντα
3616 814 3799 880 deﬁxa:

2250 904 2465 976 ἐκείνη,
2503 905 2595 957 καὶ
2626 903 2777 974 παρά
2819 905 2945 968 τοὺς
2989 904 3154 966 πόδας
3191 904 3426 973 ἐκάθητο
3467 903 3560 956 τοῦ
3592 906 3798 975 Κυρίου,

2250 998 2345 1052 καὶ
2370 998 2463 1050 τὸν
2485 997 2616 1050 Θεὸν
2648 997 2856 1064 εὐλόγει
2887 996 3014 1067 ὃλην
3042 996 3141 1067 τὴν
3175 996 3408 1065 ἡμέραν.
3447 995 3608 1067 Ὁρᾷς
3630 1014 3802 1067 προσε-

2254 1088 2439 1160 δρείαν
2465 1090 2603 1159 ὑπὲρ
2632 1088 2871 1157 ἀγάπης.
2894 1088 3009 1140 Ἵνα
3033 1087 3089 1141 δὲ
3122 1089 3454 1159 σαφέστερον
3487 1088 3516 1139 ό
3556 1088 3703 1153 λόγος
3726 1088 3802 1141 τοῦ

2249 1181 2382 1235 Θεοῦ
2409 1180 2673 1251 φωτισοῇ,
2694 1180 2945 1233 ἄκουσον.
2974 1179 3041 1231 Et
3060 1196 3144 1241 τις
3161 1179 3350 1248 ἀγαπᾷ
3371 1178 3463 1231 τὸν
3486 1178 3707 1245 Ἰησοῦν,
3728 1179 3807 1230 καὶ

2251 1273 2504 1343 προσέχει
2540 1270 2688 1341 αὑτῷ
2716 1270 2891 1341 ὀρθῶς
2924 1269 3019 1323 καὶ
3044 1269 3140 1339 οὐχ
3170 1269 3357 1331 ἁπλῶς
3388 1268 3663 1338 προσέχει,

2249 1362 2342 1414 καὶ
2372 1361 2680 1431 παραμένει
2712 1361 2771 1412 ὲν
2805 1362 2870 1429 τῇ
2901 1358 3114 1429 ἀγάπῃ,
3146 1360 3247 1429 ήδη
3280 1360 3375 1411 καὶ
3402 1360 3431 1412 ό
3459 1358 3588 1421 Θεὸς
3617 1360 3807 1426 λογίζει

2248 1468 2336 1503 ται
2385 1452 2505 1503 ἀντὶ
2543 1451 2641 1519 τῆς
2682 1450 2904 1519 ἀγάπης
2958 1448 3176 1518 ἐκείνης
3214 1448 3397 1503 δοῦναί
3446 1466 3497 1502 τι
3540 1450 3717 1518 ἐκείνῃ
3752 1452 3807 1519 τῇ

2247 1541 2417 1612 ψυχῇ,
2451 1543 2498 1593 εί
2533 1542 2624 1594 καὶ
2656 1541 2682 1592 ό
2714 1539 2999 1611 ἄνθρωπος
3031 1539 3132 1591 οὐκ
3165 1534 3273 1591 οἶδε
3315 1538 3367 1591 τί
3407 1538 3587 1607 μέλλει
3616 1538 3810 1609 λαμϐά-

2247 1650 2381 1697 νειν,
2423 1633 2455 1702 ἢ
2489 1618 2653 1685 ποῖον
2686 1632 2849 1702 μέρος
2887 1629 3068 1701 μέλλει
3099 1632 3128 1683 ό
3162 1630 3292 1694 Θεὸς
3337 1631 3537 1683 διδόναι
3561 1634 3627 1699 τῇ
3658 1630 3809 1700 ψυχῇ.

2249 1725 2362 1777 Καὶ
2391 1726 2457 1794 τῇ
2498 1724 2687 1795 Μαρίᾳ
2730 1722 2841 1794 γὰρ
2868 1721 3140 1793 ἀγαπώσῃ
3165 1722 3350 1789 αὑτὸν,
3382 1722 3479 1775 καὶ
3506 1724 3811 1790 παρακαθε-

571 1816 894 1887 simpliciter
922 1832 981 1872 se
1010 1817 1294 1887 adiunxit;
1330 1819 1423 1872 sed
1449 1820 1708 1875 virtutem
1733 1820 1808 1874 illi
1850 1820 2140 1891 quamdam

2254 1816 2452 1887 ζομένῃ
2484 1815 2633 1886 παρά
2663 1815 2790 1876 τοὺς
2836 1814 3002 1877 πόδας
3042 1812 3207 1867 αὑτοῦ
3232 1856 3246 1878 ,
3291 1814 3389 1884 οὐχ
3422 1814 3611 1875 ἁπλῶς
3662 1831 3814 1883 1:903-

571 1909 841 1963 oecultam
865 1925 933 1964 ex
956 1924 1052 1963 sua
1075 1910 1379 1966 substantia
1409 1913 1661 1967 contulit.
1685 1914 1980 1969 Sermones
1998 1915 2146 1969 enim

573 2001 775 2068 quibus
814 2001 1201 2071 alloquebatur
1230 2004 1374 2058 Deus
1402 2004 1456 2057 in
1508 2005 1696 2073 quiete
1745 2005 1990 2070 Mariam,
2042 2006 2151 2076 spi-

575 2093 715 2146 ritus
738 2101 893 2146 erant
917 2093 1161 2147 etvirtus
1180 2095 1443 2163 quaedam.
1471 2095 1647 2165 Hique
1680 2112 1963 2152 sermones
1984 2114 2149 2167 pene-

576 2184 793 2236 trabant
822 2198 937 2247 cor,
999 2192 1054 2236 et
1111 2185 1290 2238 anima
1319 2186 1577 2250 animam,
1612 2186 1842 2256 spiritus
1870 2188 2148 2257 spiritum,

577 2285 632 2328 et
696 2275 872 2329 virtus
913 2275 1099 2331 divina
1155 2276 1627 2345 multiplicabatur
1682 2278 1735 2332 in
1783 2279 1946 2333 corde
2009 2281 2148 2350 ejus.

574 2366 892 2420 Necessario
923 2366 1069 2421 enim
1122 2367 1297 2421 virtus
1332 2366 1442 2429 illa,
1473 2384 1807 2439 quocunque
1843 2371 2147 2434 diverterit,

577 2455 690 2510 illic
719 2466 1056 2525 perseverat,
1091 2457 1243 2511 velut
1286 2458 1579 2527 possessio,
1627 2475 1747 2529 qua
1800 2461 1999 2515 auferri
2052 2477 2150 2515 nc-

579 2546 720 2615 quit.
766 2545 950 2611 Quare
1018 2547 1283 2601 Dominus
1332 2547 1437 2602 sibi
1476 2549 1752 2614 conscius,
1799 2550 1927 2619 quid
1973 2551 2153 2606 Maria:

574 2635 920 2698 contulisset,
946 2638 1022 2691 ait
1055 2654 1068 2691 :
1100 2637 1274 2691 Maria
1333 2639 1589 2703 optimam
1623 2648 1829 2708 partem
1872 2641 2025 2711 elegit
2082 2642 2147 2695 ".

575 2730 693 2783 Non
720 2730 792 2783 ita
816 2730 975 2798 longe
1005 2739 1216 2799 postea,
1241 2745 1364 2798 quze
1414 2729 1682 2785 benevole
1735 2741 1918 2801 egerat
1944 2732 2150 2786 Martha

572 2824 719 2877 circa
769 2822 1163 2886 ministerium,
1217 2831 1612 2891 promoverunt
1669 2837 1789 2877 eam
1831 2824 1898 2877 ad
1945 2824 2150 2879 donum

575 2912 710 2967 illud
743 2913 950 2983 gratiae.
985 2913 1078 2967 Illa
1119 2912 1269 2967 enim
1292 2920 1590 2966 consecuta
1611 2920 1695 2967 est
1721 2913 1982 2967 virtutem
2013 2912 2153 2967 divi-

573 3017 700 3055 nam
732 3002 785 3055 in
808 3003 1009 3056 anima.

645 3093 807 3148 XVII.
844 3095 910 3148 Et
947 3108 1079 3147 sane
1102 3091 1234 3162 quid
1260 3092 1485 3156 mirum,
1516 3093 1563 3147 si
1619 3093 1713 3162 qui
1759 3094 2029 3149 accedunt
2081 3093 2146 3147 ad

575 3184 888 3247 Dominum,
950 3184 1112 3253 eique
1138 3184 1502 3253 corporaliter
1532 3185 1962 3255 coniunguntur,
1996 3201 2149 3240 rece-

578 3284 776 3345 perunt
800 3274 1090 3340 virtutem,
1141 3290 1289 3341 eum,
1344 3277 1609 3346 apostolis
1642 3277 1993 3346 loquentibus
2026 3292 2149 3331 ver-

576 3368 707 3420 bum
740 3367 858 3432 Dei,
890 3367 1154 3423 ceciderit
1204 3382 1371 3437 super
1404 3368 1695 3424 crcdentes
1720 3368 1993 3438 Spiritus?
2016 3370 2148 3425 Cor-

577 3458 756 3511 nelius
787 3473 854 3513 ex
900 3457 1069 3512 verbo
1101 3458 1218 3518 Dei,
1250 3457 1399 3528 quod
1438 3459 1671 3522 audivit,
1730 3460 1941 3529 accepit
1969 3460 2147 3513 virtu-

579 3557 723 3603 tem:
755 3561 963 3618 quanto
991 3549 1184 3619 magis,
1212 3564 1337 3603 cum
1374 3550 1639 3604 Dominus
1673 3551 1997 3619 loqueretur
2025 3566 2149 3606 cum

581 3642 765 3704 Maria,
797 3650 892 3695 aut
919 3640 1201 3705 Zaccbaeo,
1228 3649 1321 3695 aut
1349 3643 1676 3711 peccatrice,
1702 3659 1823 3712 qua:
1848 3642 1958 3714 49
1980 3645 2153 3713 passis

576 3733 788 3802 capillis
838 3732 1186 3801 abstergebat
1237 3732 1404 3801 pedes
1456 3732 1706 3798 Domini,
1745 3742 1841 3787 aut
1900 3750 2025 3788 eum
2057 3735 2156 3789 Sa-

577 3822 865 3879 maritana.
917 3828 1011 3875 aut
1050 3821 1283 3885 latrone,
1340 3836 1558 3892 egressa
1588 3831 1674 3878 est
1729 3824 1927 3889 virtus,
1953 3835 2009 3879 et
2038 3842 2157 3895 pcr-

578 3910 775 3963 mistns
810 3918 893 3965 cst
922 3924 1046 3962 cum
1075 3923 1265 3963 eorum
1305 3909 1486 3964 anima
1518 3909 1781 3980 Spiritus
1812 3922 2037 3968 sanctus
2066 3914 2110 3945 "
2136 3915 2150 3969 ί

575 4001 733 4056 Nunc
766 4016 985 4070 quoque
1036 3999 1131 4069 qui
1191 4001 1363 4055 Deum
1395 4015 1582 4055 amore
1614 4013 2049 4072 prosequuntur,
2075 4012 2153 4069 et,

578 4093 786 4147 relictis
818 4091 1103 4156 omnibus,
1132 4092 1187 4145 in
1206 4093 1456 4147 oratione
1481 4103 1856 4163 perseverant,
1886 4094 2157 4150 docentur

580 4194 811 4245 secreto,
861 4198 982 4252 qua)
1025 4199 1134 4237 non
1208 4192 1498 4240 noverant.
1573 4184 1697 4255 Ipsa
1747 4185 1894 4241 enim
1951 4187 2157 4243 veritas

581 4274 886 4329 secundum
917 4274 1134 4329 illorum
1167 4275 1509 4344 propositum
1540 4284 1767 4345 apparet
1814 4277 1947 4344 illis,
1969 4287 2024 4333 et
2054 4278 2154 4333 ἀοι

582 4375 669 4419 eet
704 4382 821 4420 eos.
861 4366 974 4436 Ego
1001 4382 1118 4419 sum
1159 4368 1359 4419 verita:
1374 4367 1441 4421 “.
1478 4367 1549 4423 Et
1602 4368 1704 4437 ipsi
1739 4385 1966 4440 quoque
2021 4386 2157 4442 apo-

2252 1907 2409 1975 ετέοη
2431 1948 2443 1971 ,
2476 1906 2610 1959 ἀλλὰ
2645 1905 2878 1974 δύναμίν
2904 1922 3026 1957 τινα
3054 1905 3399 1974 κρυφιμαίαν
3431 1907 3494 1956 ἐκ
3534 1905 3635 1969 τῆς
3669 1906 3816 1957 αὑτοῦ

2249 1998 2437 2061 οὐσίας
2471 1997 2669 2050 ἔδωκεν
2704 1998 2864 2067 αὐτῇ.
2902 1995 3067 2049 Αὐτοὶ
3104 1996 3214 2067 γὰρ
3244 1996 3294 2048 οί
3324 1995 3494 2063 λόγοι,
3528 1994 3622 2055 οὓς
3658 1995 3821 2048 ὲλὰὶει

2250 2090 2279 2142 ό
2307 2089 2438 2152 Θεὸς
2470 2090 2605 2158 μετὰ
2628 2088 2850 2158 είρήνης
2893 2089 2959 2156 τῇ
2991 2086 3204 2158 Μαρίᾳ,
3260 2086 3550 2156 πνεύματα
3576 2082 3715 2155 ἦσαν
3740 2087 3820 2137 καὶ

2250 2180 2477 2249 δύναμίς
2506 2196 2610 2242 τις
2644 2178 2740 2231 καὶ
2774 2172 2917 2232 οὗτοι
2945 2179 2991 2230 ot
3030 2177 3178 2246 λόγοι
3206 2176 3585 2246 εἰσερχόμενοι
3631 2178 3706 2237 εἰς
3734 2177 3819 2243 fry

2252 2274 2481 2344 καρδίαν
2502 2315 2515 2337 ,
2547 2273 2693 2343 ψυχὴ
2724 2274 2804 2336 είς
2833 2272 3011 2343 ψυχὴν
3032 2313 3048 2337 ,
3097 2274 3191 2326 καὶ
3222 2272 3441 2342 πνεῦμα
3474 2274 3558 2336 είς
3594 2271 3817 2341 πνεῦμα,

2254 2365 2347 2419 καὶ
2385 2364 2617 2435 δύναμις
2670 2364 2827 2435 Θεῖκὴ
2876 2364 3179 2434 ἐπληροῦτο
3213 2365 3292 2428 είς
3326 2365 3427 2434 τὴν
3465 2364 3701 2434 καρδίαν
3733 2367 3816 2417 αὖ·

2252 2458 2375 2528 τῆς.
2419 2455 2507 2521 Ἐξ
2537 2456 2783 2527 ἀνάγκης
2811 2456 2919 2525 γάρ
2947 2455 3132 2526 ἐκείνη
3158 2458 3191 2526 ἡ
3218 2455 3466 2525 δύναμις,
3502 2457 3638 2508 ὅπου
3667 2474 3817 2508 κατα-

2252 2546 2405 2599 λύσει
2444 2548 2757 2617 παράμονος
2787 2545 3056 2615 γίγνεται,
3101 2546 3176 2609 ὡς
3221 2547 3408 2616 κτῆμα
3446 2547 3818 2617 ἀναφαξρετον.

2254 2639 2352 2692 Διά
2378 2639 2534 2692 τοῦτο
2558 2640 2586 2693 ό
2613 2638 2817 2709 Κύριος
2869 2637 3025 2701 εἰδὼς
3050 2638 3102 2691 τί
3136 2638 3335 2691 ἔδωκεν
3355 2640 3517 2707 αὐτῇ,
3544 2633 3689 2701 εἴη,
3712 2640 3822 2689 lla-

2248 2732 2351 2799 ριά
2381 2731 2495 2795 τὴν
2526 2728 2724 2797 καλὴν
2753 2729 2967 2798 μερίδα
2992 2729 3333 2793 ἐξελέξατο.
3365 2728 3525 2782 Μετά
3553 2728 3611 2780 δὲ
3644 2727 3818 2797 amp/5v

2255 2826 2437 2878 ὲκείνα
2480 2823 2515 2876 ἂ
2567 2822 2741 2875 ὲποίει
2805 2821 3102 2893 προθύμως
3152 2823 3281 2892 περὶ
3324 2823 3425 2893 τὴν
3473 2821 3747 2874 διακονίαν
3788 2823 3818 2891 ἡ

2253 2914 2485 2985 Μάρθα,
2517 2914 2747 2985 ἧνεγκεν
2797 2913 2969 2984 αὐτὴν
3013 2915 3093 2976 εἰς
3120 2913 3181 2965 τὸ
3214 2913 3460 2983 χάρισμα
3495 2914 3693 2966 ἐκεῖνο.
3721 2913 3818 2967 Καὶ

2260 3007 2399 3077 αὐτὴ
2431 3008 2538 3075 γὰρ
2581 3006 2797 3069 ἐδέξατο
2818 3004 3044 3074 δύναμιν
3078 3004 3261 3075 Θεῖκὴν
3284 3008 3349 3075 τῇ
3384 3004 3535 3075 ψυχῇ
3567 3006 3753 3074 αὐτῆς.

2327 3100 2427 3152 ΙΖ’.
2478 3096 2589 3151 Καὶ
2635 3097 2688 3149 τί
2717 3095 3067 3167 θαυμαστὸν,
3098 3097 3145 3148 εί
3182 3097 3233 3149 οἱ
3275 3095 3710 3167 προσερχόμενοι
3749 3097 3817 3166 τῷ

2252 3189 2477 3259 Κυρίῳ,
2515 3188 2611 3241 καὶ
2648 3186 3119 3259 προσκολλώμενοι
3155 3187 3484 3257 σωματικῶς
3530 3186 3817 3255 ἐλάμϐανον

2246 3281 2498 3349 δύναμιν,
2535 3280 2698 3333 ὁπότε
2727 3281 2775 3332 οἱ
2802 3279 3089 3333 ἀποστόλοι
3120 3280 3344 3333 ἐλάλουν
3367 3279 3549 3347 λόγον,
3585 3280 3679 3332 καὶ
3709 3279 3816 3330 επι-

2246 3389 2379 3425 πτεν
2418 3370 2512 3423 ἐπὶ
2556 3370 2683 3435 τοὺς
2731 3370 3083 3432 πιστεύοντας
3124 3370 3185 3423 τὸ
3225 3369 3453 3440 Πνεῦμα
3492 3371 3554 3423 τὸ
3582 3371 3765 3436 ἆγιονς
3791 3370 3816 3420 ὁ

2248 3464 2549 3534 Κορνήλιος
2584 3464 2649 3516 ὲκ
2690 3462 2784 3515 τοῦ
2817 3463 2974 3530 λόγου
3008 3458 3067 3517 οὗ
3096 3463 3327 3533 ἤκουσεν
3356 3462 3552 3515 ἔλαϐεν
3582 3462 3813 3530 δύναμιν⁹

2253 3557 2406 3626 πόσῳ
2434 3556 2632 3625 μᾶλλον
2661 3556 2689 3607 ὁ
2720 3555 2923 3626 Κύριος
2952 3556 3040 3607 ὅτε
3072 3555 3251 3608 ἐλάλει
3280 3555 3438 3624 λόγον
3466 3558 3535 3626 τῇ
3562 3552 3813 3625 Μαρίαλ

2250 3647 2331 3719 τῷ
2354 3646 2628 3717 Ζακχαίῳ,
2651 3644 2685 3715 ἢ
2708 3648 2772 3716 τῇ
2795 3646 3123 3715 ἁμαρτωλῷ,
3151 3648 3273 3717 ἥτις
3296 3647 3572 3701 λιπάνασα
3591 3646 3688 3709 τὰς
3713 3646 3815 3716 τρί-

2251 3757 2375 3810 χας,
2404 3740 2693 3808 ἀπέμασσε
2721 3739 2846 3802 τοὺς
2880 3739 3048 3802 πόδας
3074 3739 3169 3793 τοῦ
3200 3740 3410 3809 Κυρίου
3434 3756 3448 3770 ·
3480 3741 3515 3810 ἢ
3548 3742 3611 3809 ἠ
3645 3740 3813 3808 Σαμα-

2254 3830 2438 3905 ρίτιδι,
2470 3830 2502 3903 ἢ
2548 3828 2627 3899 τῷ
2654 3829 2861 3901 λῃστῇ,
2898 3828 3147 3897 ἐγίγνετο
3187 3830 3452 3901 δύναμις,
3485 3832 3580 3884 καὶ
3610 3847 3812 3882 συνεκε-

2258 3921 2431 3992 ράσθη
2476 3922 2597 3984 ταῖς
2626 3920 2827 3991 ψυχαῖς
2862 3919 3044 3973 αὐτῶν
3073 3920 3134 3973 τὸ
3165 3920 3394 3990 Πνεῦμα
3422 3920 3483 3974 τὸ
3512 3921 3683 3989 ἅγιον.
3719 3920 3813 3972 Καὶ

2255 4011 2349 4065 νῦν
2394 4012 2446 4065 oi
2486 4012 2811 4079 ἀγαπῶντες
2841 4012 2931 4065 τὸν
2978 4011 3109 4064 Θεὸν
3133 4054 3148 4076 ,
3192 4013 3287 4065 καὶ
3327 4012 3811 4081 καταλιμπάνοντες

2258 4102 2456 4165 πάντα,
2491 4102 2585 4153 καὶ⁵
2618 4103 2685 4169 τῇ
2717 4101 2847 4171 εὐχῇ
2886 4101 3452 4172 προσκαρτεροῦντες,
3488 4102 3808 4155 διδάσκονται

2257 4191 2316 4243 ὲν
2340 4190 2599 4263 κρυπτῷ,
2626 4190 2662 4244 ἃ
2690 4191 2789 4242 οὐκ
2814 4190 3039 4243 οἴδασιν
3075 4190 3213 4262 αὐτὴ
3240 4190 3347 4260 γὰρ
3372 4192 3407 4261 ἡ
3437 4190 3665 4260 ἀλήθεια
3690 4188 3808 4243 κατὰ

2256 4283 2356 4353 τὴν
2383 4282 2705 4354 προαίρεσιν
2747 4282 2927 4335 αὐτῶν
2976 4276 3305 4351 φανεροῦται
3332 4286 3541 4345 αὐτοῖς,
3566 4286 3654 4335 καὶ
3678 4284 3804 4335 διδέ-

2262 4390 2378 4427 σκει
2398 4374 2613 4438 αὐτοὺς,
2642 4375 2723 4427 ὅτι
2744 4373 2887 4442 Ἐγώ
2906 4375 3021 4441 ειμι
3044 4375 3082 4441 ἠ
3105 4374 3375 4439 ἀλήθεια.
3402 4375 3516 4427 Kal.
3550 4377 3696 4428 αὐτοὶ
3714 4375 3807 4443 γὰρ

584 4455 707 4508 stoli
735 4464 861 4510 ante
890 4456 1199 4525 passionem
1230 4456 1374 4526 apud
1406 4458 1694 4513 Dominum
1723 4471 2152 4529 perseverantes,

2260 4467 2310 4518 οἱ
2330 4464 2624 4545 ἀπόστολοι
2655 4465 2761 4535 πρὸ
2786 4463 2881 4517 τοῦ
2914 4464 3149 4532 σταυροῦ
3177 4465 3589 4535 παραμένοντες
3612 4467 3683 4535 τῷ
3709 4460 3806 4518 Κν-

587 4546 843 4601 viderunt
876 4548 1121 4617 prodigia
1145 4548 1585 4617 magna,seilieet
1610 4565 1719 4619 quo
1742 4559 1905 4620 pacto
1946 4552 2152 4622 leprosi

2262 4554 2385 4625 ρίῳ,
2414 4553 2638 4606 ἔϐλεπον
2665 4555 2863 4623 σημεῖα
2893 4553 3123 4623 μεγάλα,
3156 4553 3303 4616 ὅπως
3335 4571 3395 4607 τε
3422 4554 3613 4624 λεπροὶ
3637 4554 3807 4607 £2281-

587 4638 984 4693 mundareutnr
1039 4647 1094 4692 et
1148 4638 1349 4693 mortui
1409 4641 1869 4696 resuscitarentur
1924 4643 1992 4697 ".
2044 4642 2160 4701 Nec

587 4738 768 4793 tamen
807 4736 1184 4798 cognoverunt
1230 4729 1507 4797 quomodo
1532 4738 1955 4786 convcrsaretur
1985 4730 2160 4787 virtus

586 4818 793 4875 divina.
824 4828 919 4872 aut
959 4818 1301 4872 ministraret
1351 4819 1405 4873 in
1456 4820 1655 4889 corde;
1692 4831 1748 4877 et
1794 4822 1941 4893 quod
1998 4822 2162 4892 spiri-

582 4911 809 4967 tualitcr
839 4911 1049 4965 renasci
1074 4920 1131 4965 et
1155 4912 1449 4981 temperari
1475 4928 1599 4967 eum
1628 4915 1807 4971 anima
1828 4916 2037 4972 caalesti
2065 4930 2160 4972 eos

586 5009 860 5068 oporteat,
919 5017 983 5055 ac
1066 5002 1183 5058 tieri
1248 5020 1444 5059 novam
1523 5016 1854 5064 creaturam.
1929 5010 2164 5082 Propter

588 5095 741 5161 signa
793 5111 969 5157 vero,
1030 5112 1151 5165 quae
1203 5096 1459 5164 faciebat,
1494 5099 1793 5171 diligebant
1844 5104 2157 5162 Dominum.

588 5184 830 5238 Tandem
858 5187 1123 5242 Dominus
1146 5188 1284 5243 dixit
1309 5189 1423 5244 eis:
1455 5190 1590 5256 Quia
1617 5194 1959 5249 admiramim’
1984 5198 2160 5267 signa,

590 5280 948 5333 Irarreditatem
976 5299 1225 5353 magnam
1257 5284 1322 5338 do
1351 5286 1510 5349 vobis,
1546 5303 1707 5354 quam
1733 5304 1837 5341 non
1867 5290 2017 5344 habet
2046 5291 2167 5345 uni-

592 5387 769 5425 versus
804 5373 1049 5426 mundus.

661 5462 1085 5517 XVIII.Tandiu
1136 5479 1269 5519 vero
1338 5464 1454 5522 haec
1494 5468 1660 5523 verba
1718 5468 1825 5525 illis
1880 5470 2167 5541 peregrina

591 5546 835 5610 fuerunt,
864 5548 1040 5604 donec
1069 5553 1312 5608 surrexit
1345 5569 1377 5608 a
1403 5556 1656 5622 mortuis,
1697 5569 1754 5613 et
1776 5558 1975 5614 extulit
2032 5575 2159 5615 cor-

2214 4704 2226 4717 .
2264 4642 2493 4714 ρίζοντο,
2529 4643 2626 4697 καὶ
2649 4644 2833 4715 νεκροὶ
2870 4642 3167 4713 ἠγείροντο.
3201 4644 3308 4696 Καὶ
3342 4644 3444 4697 οὐκ
3469 4644 3678 4713 ᾔδεισαν
3702 4643 3804 4703 πῶς

2259 4734 2658 4806 ἀναστρέφεται
2698 4731 2819 4787 θεία
2859 4731 3092 4802 δύναμις
3130 4732 3224 4784 καὶ
3257 4732 3499 4785 διακονεῖ
3528 4734 3584 4787 ὲν
3609 4732 3805 4801 καρδίᾳ,

2261 4827 2355 4880 καὶ
2408 4827 2491 4879 ὅτι
2534 4825 2767 4897 ἤμελλον
2820 4822 3207 4892 πνευματικῶς
3261 4823 3684 4892 ἀναγεννᾶσθαι,
3721 4824 3806 4873 καὶ

2263 4918 2654 4988 συγκιρνᾶσθαι
2704 4919 2770 4988 τῇ
2823 4915 3127 4986 ἐπουρανίῳ
3175 4914 3355 4987 ψυχῇ,
3416 4919 3511 4971 καὶ
3555 4916 3807 4985 γίγνεσθαι

2261 5009 2422 5078 καινὴ
2462 5009 2660 5075 κτίσις,
2694 5008 2783 5061 διὰ
2814 5007 2885 5060 τά
2914 5009 3115 5078 σημεῖα
3161 5005 3196 5060 ἀ
3236 5007 3435 5071 ἐποίει,
3487 5009 3697 5078 ἠγάπων
3720 5008 3807 5059 τὸν

2262 5099 2487 5171 Κύριον.
2527 5100 2727 5153 Λοιπὸν
2757 5100 2785 5152 ὁ
2814 5098 3019 5170 Κύριος
3051 5099 3235 5166 ἔλεγεν
3277 5100 3483 5163 αὐτοῖς,
3526 5100 3583 5153 Tt'
3611 5098 3808 5166 θαι-μά-

2262 5189 2384 5252 ζετε
2421 5190 2492 5245 τὰ
2538 5191 2791 5261 σημεῖα,
2857 5191 3265 5258 κληρονομίαν
3306 5189 3580 5259 μεγάλην
3622 5189 3803 5256 δίδωμι

2260 5280 2423 5351 ὑμῖν,
2455 5278 2535 5350 ’ἣν
2563 5283 2677 5336 οὐκ
2705 5282 2827 5349 ἕχει
2855 5282 2887 5334 ό
2926 5281 3149 5349 κόσμος
3180 5279 3342 5345 ὅλος.

2334 5468 2442 5528 ιη’.
2479 5468 2679 5524 Λοιπὸν
2712 5467 2865 5521 αὐτοὶ
2905 5467 3202 5534 ὲξενίζοντο
3233 5466 3314 5526 είς
3347 5466 3477 5530 τοὺς
3504 5465 3674 5533 λόγους
3702 5461 3804 5512 al-

2262 5560 2379 5627 τοῦ,
2412 5561 2518 5625 ἕως
2554 5562 2679 5614 ὅτου
2720 5558 2917 5630 ἀνέστη
2951 5562 3015 5612 ὲκ
3052 5558 3280 5631 νεκρῶν,
3332 5560 3429 5610 καὶ
3467 5559 3703 5627 ἀνήνεγκε
3746 5552 3805 5601 τὸ

668 5702 718 5785 ³ξ
767 5701 897 5754 Luc.
926 5717 978 5764 κ,
1165 5707 1227 5785 _‘_~"
1252 5706 1372 5785 ᾼρι.
1396 5724 1452 5785 _x,
1496 5711 1591 5774 il;
1620 5711 1765 5785 μισ.
1796 5731 1849 5778 x,
1886 5713 1987 5781 .ιε.ι;
2050 5716 2152 5773 Luc

2254 5733 2351 5784 tu,
2392 5718 2460 5775 9:
2497 5717 2630 5773 Luc.
2678 5734 2772 5782 vn,
2803 5717 2905 5785 48;
2949 5716 3105 5774 Joan.
3146 5732 3217 5782 tv,
3254 5715 3347 5783 £4;
3393 5714 3525 5770 Luc.
3555 5728 3679 5776 mu,
3710 5710 3803 5769 «15.

601 5771 641 5805 ⁸³
694 5772 981 5839 Joan.xn‘,
1034 5776 1085 5829 6.
1164 5776 1208 5807 ³⁷
1263 5778 1453 5832 Matth.
1498 5771 1667 5845 “,5.
