3948 6518
644 343 739 407 571

1869 348 1931 407 S.
1972 341 2293 407 MACARII
2334 342 2653 407 [EGYPTII
3747 359 3829 422 57?.

641 457 809 512 nibus
857 466 913 513 et
988 456 1491 521 ooseerationibus,
1545 465 1867 526 exspectans
1926 455 2187 510 Dominum

2289 499 2292 509 .
2322 454 2508 524 εὐχαῖς
2535 456 2631 509 καὶ
2657 456 2893 527 δεήσεσι,
2925 458 3349 529 προσδεχόμενος
3375 460 3466 514 τὸν
3496 462 3700 534 Κύριον,
3729 470 3828 522 ratu

644 548 867 617 quando
890 549 1119 603 veniens
1176 547 1487 601 manifestet
1541 545 1593 600 ei
1615 560 1673 600 se
1697 546 1897 615 ipsum,
1929 552 1987 598 et
2016 558 2212 598 emun-

643 642 736 697 det
766 656 891 695 eum
926 648 1149 711 peccato
1179 640 1228 694 ei
1261 641 1581 694 inhaerente.

714 733 917 789 ll.Nec
961 748 1111 803 spem
1162 732 1329 785 habet
1390 732 1445 785 in
1497 729 1782 785 laboribus
1804 728 1941 787 suis.
1996 738 2053 782 et
2086 726 2211 781 vitae

642 826 877 890 ratione,
916 826 1092 879 donec
1118 832 1489 893 consequatur
1530 838 1651 892 qua:
1676 830 1882 892 sperat.
1905 820 2084 890 quoad
2119 835 2211 873 ve-

640 917 798 972 niens
824 916 1080 971 Dominus
1100 916 1305 970 habitet
1334 915 1386 969 in
1408 930 1474 969 eo
1499 915 1553 968 in
1576 915 1721 968 omni
1749 929 1909 968 sensu
1936 922 1989 968 et
2012 927 2207 982 Opera-

642 1011 787 1064 tione
814 1010 1072 1079 Spiritus.
1103 1008 1349 1077 Cumque
1394 1008 1692 1079 gustaverit
1739 1006 2040 1061 bonitatem
2100 1006 2205 1059 Do-

639 1104 797 1167 mini,
846 1110 903 1158 et
958 1102 1230 1158 fructibus
1276 1102 1505 1172 spiritus
1550 1101 1855 1156 delectatus
1904 1099 2091 1161 fuerit,
2143 1112 2206 1151 ac

636 1194 913 1249 sublatum
995 1195 1067 1250 sit
1118 1196 1367 1250 velamen
1450 1194 1823 1257 tenebrarum,
1908 1192 2204 1257 lumenque

634 1286 835 1341 Christi
865 1287 1229 1357 splendescat,
1250 1297 1305 1343 et
1336 1295 1596 1358 operetur
1618 1286 1671 1340 in
1692 1285 1878 1339 laetitia
1906 1281 2201 1336 ineﬂ'abili:

636 1389 766 1434 tunc
798 1382 958 1449 plene
990 1380 1427 1443 conﬁrmabitur,
1457 1380 1666 1432 hahens
1697 1393 1882 1432 secum
1911 1377 2200 1430 Dominum

634 1474 688 1527 iu
726 1474 895 1526 multa
956 1472 1271 1535 dilectione,
1293 1472 1521 1541 perinde
1548 1487 1612 1525 ac.
1646 1471 1717 1523 ihi
1754 1477 2042 1527 mercator.
2071 1469 2199 1522 dum

633 1567 849 1621 lucrum
911 1566 1039 1623 facit
1100 1566 1313 1619 laetatur
1363 1582 1375 1616 :
1440 1564 1637 1616 multas
1687 1572 1866 1616 tamen
1923 1561 2200 1616 molestias

631 1664 887 1720 sustinet,
924 1666 977 1709 et
1018 1655 1212 1710 metuit
1240 1671 1270 1708 a
1324 1654 1629 1708 latronibus
1657 1662 1713 1706 et
1761 1651 2050 1721 spiritibus
2098 1668 2197 1706 nc-

630 1753 837 1821 quitim,
880 1766 949 1805 ne
982 1748 1264 1805 remissior
1306 1747 1483 1801 factus
1518 1747 1711 1817 perdat
1744 1761 1987 1815 operam.
2022 1745 2198 1799 donec

629 1848 999 1909 consequatur
1043 1853 1272 1910 regnum
1327 1839 1611 1901 cmlorum,
1644 1852 1935 1907 supernam
1973 1836 2195 1892 Jerusa-

627 1934 754 1987 lem.

698 2025 782 2078 Ill.
838 2023 1207 2077 Obsecremus
1258 2020 1423 2091 igitur
1472 2035 1575 2074 nos
1609 2035 1828 2089 quoque
1881 2020 2073 2085 Deum,
2135 2030 2194 2074 ut

623 2124 820 2172 exutos
847 2130 950 2171 nos
974 2114 1146 2170 veteri
1198 2112 1443 2177 homine,
1494 2112 1685 2167 induat
1721 2113 1930 2167 caelesti
1974 2112 2195 2169 Christo

626 2225 693 2264 ex
732 2208 837 2262 hoc
909 2216 1177 2277 tempore,
1225 2218 1287 2261 ut
1358 2206 1412 2260 in
1466 2206 1827 2261 exsultatione
1887 2206 2192 2273 constituti,

626 2300 814 2369 sicque
851 2298 919 2352 ab
950 2313 1017 2353 eo
1044 2297 1191 2351 ducti
1225 2297 1278 2351 in
1320 2312 1530 2351 summa
1578 2295 1970 2366 tranquillitate
2000 2296 2193 2352 simus.

625 2392 808 2461 lnquit
855 2390 1003 2444 enim
1067 2389 1354 2449 Dominus,
1402 2389 1615 2458 replere
1686 2404 1788 2443 nos
1850 2405 1973 2443 cum
2030 2389 2194 2443 vellet

623 2491 785 2553 gustu
829 2480 980 2551 regni
1017 2479 1186 2535 :Sine
1220 2497 1299 2533 me
1351 2480 1481 2533 nihil
1529 2481 1738 2549 potestis
1796 2480 1963 2549 facere
2008 2482 2072 2534 ”.
2127 2479 2193 2535 Et

622 2572 843 2643 quidem
867 2571 1240 2641 apostolorum
1272 2586 1375 2640 ope
1406 2571 1609 2624 multos
1642 2571 1795 2624 novit
1843 2572 2186 2625 illuminare:

619 2672 887 2720 creatura:
933 2663 1080 2717 enim
1116 2678 1239 2716 cum
1270 2672 1453 2716 essent
1497 2662 1597 2727 illi,
1649 2676 1945 2715 conservos
1990 2662 2193 2716 educa-

618 2756 753 2809 bant
789 2772 801 2808 :
832 2762 889 2809 et
927 2753 1148 2809 fratrem
1195 2768 1258 2807 ac
1303 2752 1472 2805 filium
1507 2751 1710 2807 Christi
1752 2753 1893 2814 fieri,
1926 2761 2190 2821 praestan-

621 2848 731 2901 tius
766 2845 901 2915 quid
928 2861 1093 2915 quam
1120 2844 1301 2899 caeteri
1343 2843 1611 2907 homines,
1665 2842 1881 2898 efficere
1908 2860 1923 2910 ;
1952 2844 2056 2897 hoc
2083 2853 2188 2909 est,

619 2940 797 3009 ipsum
848 2954 944 2993 cor
996 2945 1053 2992 et
1102 2944 1342 2991 mentem
1391 2936 1830 2999 sanctificabant,
1902 2936 2091 2992 itidem
2134 2945 2191 2991 et

617 3032 1002 3103 cogitationes,
1041 3039 1103 3085 ut
1158 3029 1223 3084 ad
1280 3030 1449 3084 Deum
1503 3045 1599 3084 eas
1637 3030 1972 3101 dirigerent;
2002 3039 2060 3084 et
2109 3028 2189 3084 sic

618 3126 764 3178 Deus
808 3123 1040 3193 largitur
1068 3121 1283 3177 occulte
1314 3122 1483 3175 vitam
1534 3128 1591 3175 et
1631 3136 1789 3191 Opem
1833 3121 2009 3185 cordi,
2033 3137 2096 3176 ac
2128 3136 2186 3175 se
2218 3136 2260 3192 ο

617 3214 796 3285 ipsum
825 3216 877 3271 ei
923 3218 1234 3273 committit.
1289 3216 1426 3271 Cum
1484 3215 1632 3268 enim
1665 3223 1899 3276 secreta,
1941 3212 2045 3267 hoc
2077 3221 2181 3277 est,

620 3318 861 3361 mentem
895 3318 951 3361 et
998 3310 1363 3379 cogitationes
1402 3308 1527 3378 quis
1577 3307 1687 3361 Deo
1730 3304 1971 3368 dedicat,
2033 3304 2183 3357 nulla

617 3398 723 3452 alia
749 3415 807 3453 re
834 3408 929 3454 aut
962 3402 1295 3470 cogitatione
1324 3407 1622 3469 occupatus
1656 3414 1718 3451 ac
1751 3397 2055 3457 districtus,
2088 3394 2181 3448 scd

616 3510 676 3549 se
715 3494 892 3565 ipsum
923 3495 975 3551 vi
1001 3496 1233 3566 quadam
1262 3495 1525 3550 cohibens
1546 3536 1560 3559 ,
1606 3503 1735 3548 tunc
1764 3492 2029 3546 Dominus
2068 3509 2184 3564 my-

616 3588 914 3644 steriorum
940 3589 1263 3659 participem
1312 3588 1441 3643 facit
1474 3604 1624 3650 eum,
1649 3586 1703 3641 in
1730 3585 2090 3640 sanctimonia
2119 3600 2183 3639 ac

613 3681 854 3751 puritate
900 3683 1093 3745 multa,
1170 3690 1226 3736 et
1274 3680 1456 3735 cibum
1531 3678 1809 3734 caelestem
1875 3676 2098 3731 exhibet
2121 3690 2181 3730 se

613 3785 816 3840 ipsum,
866 3786 930 3825 ac
964 3781 1153 3841 potum
1191 3770 1553 3841 spiritualem.

682 3862 772 3918 IV.
801 3862 1033 3918 Perinde
1063 3879 1126 3918 ac
1162 3864 1307 3934 quis,
1340 3864 1433 3933 qui
1477 3864 1644 3918 multa
1698 3863 1864 3927 bona,
1890 3878 2086 3917 servos
2114 3876 2180 3916 ac

612 3952 756 4007 filios
781 3953 1045 4024 possidet,
1095 3956 1262 4008 alium
1307 3954 1488 4009 cibmn
1537 3954 1743 4024 pnebet
1792 3953 1986 4013 servis,
2011 3952 2177 4006 alium

613 4046 740 4100 filiis
769 4062 836 4101 ex
860 4045 1072 4103 semine
1117 4062 1218 4101 suo
1243 4046 1582 4117 procreatis:
1616 4045 1744 4116 quia
1787 4044 1881 4099 filii
1914 4052 2043 4099 sunt
2070 4044 2180 4098 ha:-

612 4138 774 4192 redes
825 4138 1020 4208 patris,
1048 4147 1105 4194 et
1132 4154 1256 4193 cum
1288 4154 1354 4194 eo
1378 4138 1696 4201 comedunt,
1731 4136 1940 4192 similes
1969 4135 2178 4190 scilicet

612 4226 754 4294 patri
782 4241 920 4280 suo:
964 4226 1043 4281 sic
1092 4226 1346 4281 Christus
1374 4242 1538 4281 verus
1564 4226 1654 4279 ille
1698 4226 1963 4285 Dominus
1993 4224 2175 4279 omnia

612 4314 839 4379 creavit,
885 4322 941 4369 et
994 4314 1172 4369 nutrit
1230 4314 1513 4383 improbos
1559 4329 1622 4368 ac
1680 4314 1974 4384 ingratos:
2033 4311 2175 4365 filios

610 4414 742 4453 vero
770 4416 906 4468 quos
946 4400 1136 4470 genuit
1179 4414 1247 4453 ex
1298 4400 1505 4454 semine
1555 4415 1675 4463 suo,
1713 4415 1963 4469 quosque
2005 4400 2175 4469 parti-

2314 545 2488 598 ὲλθὼν
2517 549 2802 617 ὲμφανίσει
2835 550 2987 620 αύτῷ
3032 552 3254 617 ἑαυτὸν,
3286 555 3377 606 καὶ
3408 554 3679 627 καθαρίσει
3702 562 3829 614 αὐτὸν

2312 638 2376 690 ὲκ
2409 640 2508 709 τῆς
2539 640 2852 711 ἐνοικούσης
2886 641 3035 712 αὐτῷ
3067 644 3361 713 ἁμαρτίας.

2384 728 2458 783 B'.
2482 730 2597 784 Ούκ
2616 730 2893 795 ὲπελπίζει
2921 732 2979 786 δὲ
3006 733 3100 787 ἐπὶ
3128 738 3245 799 τοῖς
3267 735 3536 805 καμάτοις
3564 738 3729 803 αὐτοῦ,
3753 746 3831 795 καὶ

2313 823 2375 893 τῇ
2411 822 2674 896 πολιτείᾳ,
2703 825 2808 889 ἓως
2852 820 2913 880 οὗ
2943 827 3082 899 τύχῃ
3111 829 3221 881 τῶν
3246 829 3613 900 ἐλπιζομένων
3632 873 3646 897 ,
3678 834 3765 897 ἕως
3784 833 3832 891 οὗ

2310 911 2479 966 ἐλθὼν
2508 913 2535 965 6
2576 914 2777 983 Κύριος
2806 916 3003 987 οἰκήσῃ
3032 918 3090 969 ὲν
3142 917 3313 987 αύτῷ,
3351 920 3412 970 ὲν
3447 919 3590 987 πάσῃ
3622 920 3830 989 αἰσθήσει

2309 1006 2404 1058 καὶ
2459 1006 2711 1078 ἐνεργείᾳ
2755 1008 3094 1077 Πνεύματος.
3144 1010 3255 1062 Καὶ
3300 1011 3429 1063 ὅταν
3475 1011 3720 1081 γεύσηται
3753 1014 3833 1082 τῆς

2308 1095 2675 1165 χρηστότητος
2700 1095 2793 1149 τοῦ
2824 1098 2907 1150 Κυ
2917 1094 3051 1164 ρίου,
3077 1097 3169 1150 καὶ
3192 1101 3308 1161 τοῖς
3331 1102 3562 1169 καρποῖς
3586 1100 3674 1154 τοῦ
3702 1104 3832 1155 πνεύ-

2309 1204 2479 1256 ματος
2515 1189 2827 1260 ἐντρυφήσῃ
2854 1228 2870 1252 ,
2911 1191 3006 1243 καὶ
3038 1192 3361 1262 περιαιρεθῇ
3397 1191 3459 1244 τδ
3485 1191 3729 1263 κάλυμμα
3759 1196 3834 1249 τοῦ

2308 1279 2551 1345 σκότους,
2586 1280 2679 1333 καὶ
2709 1282 2769 1333 τὸ
2792 1282 2907 1350 φῶς
2935 1280 3028 1334 τοῦ
3056 1282 3292 1352 Χριστοῦ
3322 1282 3569 1356 ἐλλάμψη
3596 1286 3681 1336 καὶ
3708 1286 3833 1355 Evt;-

2304 1370 2450 1442 γήσῃ
2472 1371 2527 1421 ὲν
2550 1372 2691 1441 χαρᾷ
2722 1371 3070 1444 ἀνεκλαλήτῳ
3088 1414 3101 1438 ,
3132 1375 3253 1425 τότε
3291 1373 3701 1443 πληροφορεῖται
3724 1377 3833 1445 ἔχων

2307 1460 2428 1529 μεθ’
2480 1461 2674 1514 ἑαυτοῦ
2726 1464 2817 1515 τὸν
2865 1463 3069 1533 Κύριον
3112 1467 3169 1517 ὲν
3202 1466 3368 1535 πολλῇ
3412 1472 3607 1535 στοργῇ
3634 1484 3647 1497 ’
3680 1468 3832 1537 ὥσπερ

2302 1552 2421 1604 ἐκεῖ
2451 1554 2478 1605 6
2508 1554 2745 1623 ἔμπορος
2777 1556 3051 1625 κερδήσας
3071 1557 3274 1626 χαίρει.
3318 1558 3532 1625 Ἀγιίνα
3559 1558 3613 1610 δὲ
3637 1560 3739 1627 ἔχει
3760 1567 3832 1616 καὶ

2302 1644 2464 1712 φόϐον
2492 1645 2598 1698 τῶν
2634 1647 2739 1700 ἀπὸ
2766 1647 2875 1699 τῶν
2918 1649 3128 1719 λῃστῶν
3155 1650 3248 1702 καὶ
3281 1650 3388 1702 τῶν
3419 1653 3731 1721 πνευμάτων
3754 1658 3830 1725 τῆς

2302 1736 2583 1807 πονηρίας,
2618 1738 2689 1808 μή
2734 1756 2819 1791 πω
2856 1740 3154 1809 χαυνωθεὶς
3185 1742 3427 1814 ἀπολέσῃ
3472 1743 3561 1795 τὸν
3600 1745 3829 1814 κάματον,

2230 1790 2273 1845 Β
2299 1826 2404 1891 ἕως
2426 1790 2492 1880 65
2524 1790 2833 1903 καταξιωθῇ
2857 1790 2916 1885 ἓν
2936 1834 3003 1904 τῇ
3031 1790 3277 1907 βασίλείᾳ
3298 1790 3762 1905 τῶύιούρανῶνῗὲν
3781 1790 3830 1910 ti;

2296 1920 2407 1974 ἄνω
2446 1919 2509 1972 Ὶε
2518 1921 2750 1992 ρουσαλή
2760 1940 2817 1991 μ.

2368 2010 2442 2066 Γ’.
2479 2012 2957 2086 Παρακαλέσωμεν
2988 2013 3083 2071 οὖν
3120 2018 3215 2071 καὶ
3256 2022 3417 2090 ἡμεῖς
3461 2022 3553 2075 τὸν
3590 2023 3731 2089 Θεὸν,
3765 2027 3833 2078 in

2294 2103 2537 2175 ἀποδύσῃ
2559 2108 2708 2176 ἡμᾶς
2729 2107 2818 2161 τὸν
2842 2108 3074 2163 παλαιὸν
3100 2110 3405 2181 ἄνθρωπον,
3433 2116 3525 2166 καὶ
3554 2115 3735 2187 ἐνδύσῃ
3760 2119 3829 2168 τὶν

2294 2196 2617 2267 ἐπουράνιον
2643 2199 2878 2269 Χριστὸν
2902 2201 3010 2255 ἀπὸ
3030 2201 3124 2255 τοῦ
3153 2202 3268 2266 νῦν,
3298 2205 3447 2268 ὅπως
3468 2207 3527 2259 ὲν
3553 2208 3832 2275 ἀγαλλιάσει

2294 2288 2601 2357 γενόμενοι,
2633 2290 2727 2343 καὶ
2745 2289 2913 2355 οὕτως
2940 2292 3033 2345 ὑπ’
3060 2292 3223 2347 αὑτοῦ
3243 2295 3601 2367 ὁδηγούμενοι
3625 2300 3677 2349 ἐν
3697 2300 3829 2369 πολὶῇ

2294 2378 2502 2450 γαλήνῃ
2528 2379 2784 2449 ἐσόμεθα.
2807 2383 2945 2450 Φησὶ
2970 2384 3076 2455 γάρ
3107 2386 3135 2437 ὁ
3157 2386 3380 2456 Κύριος,
3411 2389 3693 2459 πληρῶσαι
3715 2392 3832 2462 inti;

2292 2472 2391 2539 τῆς
2415 2472 2655 2541 γεύσεως
2689 2474 2788 2544 τῆς
2817 2475 3091 2545 βασιλείας
3135 2478 3479 2550 βουλόμενος,
3510 2485 3692 2550 Χωρὶς
3718 2486 3833 2553 ἐμοῦ

2293 2565 2364 2616 οὐ
2378 2564 2643 2619 δύνασθε
2659 2566 2853 2620 ποιεῖν
2872 2566 3073 2622 οὐδέν.
3103 2571 3292 2624 Καίτοι
3316 2590 3378 2639 γε
3399 2573 3486 2626 διὰ
3510 2575 3617 2625 τῶν
3646 2577 3831 2627 ἀποπτέ-

2292 2655 2397 2708 λων
2420 2647 2647 2720 πολλοὺς
2673 2655 2781 2711 οἶδε
2810 2662 3088 2728 φωτίζειν·
3119 2664 3389 2733 κτίσματα
3412 2664 3520 2734 γὰρ
3548 2666 3713 2728 ὄντες,
3734 2671 3832 2729 τοὶς

2290 2748 2614 2818 ὁμοδούλους
2641 2750 2950 2823 ὲξὲτρεφον·
2980 2756 3072 2807 καὶ
3103 2738 3329 2824 ἀδελφὸν
3351 2757 3446 2808 καὶ
3483 2758 3600 2809 υίὺν
3628 2758 3829 2829 Χριττεῦ

2291 2839 2566 2907 γενέσθαι,
2603 2844 2863 2909 περισσόν
2893 2862 2945 2898 τι
2974 2847 3123 2916 παρά
3148 2846 3273 2910 τοὺς
3295 2846 3518 2911 λοιποὺς
3547 2849 3833 2918 ἀνθρώπους

2293 2934 2487 2994 ποιεῖν,
2518 2934 2792 2987 τουτέστιν
2823 2935 2992 3007 αὐτὴν
3022 2936 3119 3009 τὴν
3147 2939 3374 3009 καρδίαν
3392 2980 3407 3005 ,
3438 2940 3602 2993 αὐτὸν
3627 2942 3709 2994 τὸν
3731 2942 3831 2993 νοῦν

2291 3022 2551 3092 ἀφιεροῦν
2576 3063 2592 3088 ,
2641 3026 2735 3077 καὶ
2772 3026 2898 3089 τοὺς
2930 3026 3225 3098 λογισμοὺς
3274 3031 3551 3083 ἀνασείειν
3599 3032 3725 3104 πρὸς
3762 3035 3833 3085 τὸν

2292 3112 2443 3166 Θεόν.
2482 3116 2591 3169 Καὶ
2636 3116 2811 3181 οὕτως
2852 3120 2880 3171 6
2921 3119 3052 3183 Θεὸς
3081 3121 3263 3175 δίδωσι
3294 3122 3555 3193 κρυπτῶς
3600 3124 3735 3195 ζωὴν
3759 3126 3833 3179 ui

2292 3203 2545 3275 βοήθειαν
2591 3207 2672 3269 είς
2720 3208 2825 3277 τὴν
2870 3208 3120 3279 καρδίαν,
3176 3210 3267 3263 καὶ
3314 3212 3506 3263 ἑαυτὸν
3546 3211 3833 3279 ὲμπιττεύει

2291 3296 2449 3368 αὐτῇ.
2488 3298 2613 3351 Ὂτε
2645 3297 2752 3371 γάρ
2788 3301 2853 3353 τὰ
2898 3301 3115 3372 κρυπτὰ
3140 3343 3153 3367 ,
3187 3304 3431 3356 τουτέστι
3481 3303 3573 3357 τὸν
3607 3306 3724 3359 νοῦν
3760 3309 3833 3357 καὶ

2289 3389 2415 3452 τοὺς
2453 3390 2767 3460 λογισμοὺς,
2794 3391 2978 3447 δίδωσι
3010 3394 3086 3463 τῷ
3126 3396 3278 3465 Θεῷ,
3316 3397 3392 3466 μὴ
3432 3398 3831 3466 ἀσχολούμενος,

2292 3482 2429 3551 μήτε
2465 3483 2802 3553 ῥεμϐόμενος
2837 3485 3102 3557 ἀλλαχοῦ,
3131 3488 3245 3540 ἀλλ’
3277 3490 3470 3541 ἑαυτὸν
3512 3490 3830 3559 βιαζόμενος,

2288 3575 2407 3627 τότε
2443 3578 2471 3628 ὁ
2521 3576 2723 3647 Κύριος
2756 3580 3072 3650 μυστηρίων
3106 3580 3247 3645 ἀξιοῖ
3279 3582 3469 3636 τοῦτον
3509 3586 3567 3637 ἐν
3614 3586 3831 3652 ἁγιότητι

2289 3668 2383 3721 καὶ
2412 3668 2743 3739 καθαρότητι
2776 3670 3015 3735 πλείονι,
3054 3675 3145 3727 καὶ
3188 3676 3395 3745 τροφὴν
3429 3677 3743 3747 ἐπουράνιον
3769 3678 3832 3727 δίο

2284 3759 2448 3813 δωσιν
2481 3759 2663 3826 αὑτὸν,
2703 3763 2796 3814 καὶ
2820 3763 2969 3833 πόμα
2994 3766 3384 3835 πνευματικόν.

2356 3854 2431 3905 Δ’.
2473 3854 2681 3924 Ὠσπερ
2714 3854 2810 3908 ἐὰν
2842 3849 2873 3930 ᾗ
2908 3873 2990 3920 τις
3031 3858 3364 3928 κεκτημένος
3400 3859 3602 3931 πολλὴν
3646 3878 3832 3931 περιου-

2285 3941 2405 3996 σίαν
2423 3982 2438 4005 ,
2466 3946 2561 3997 καὶ⁵
2588 3943 2838 4012 δούλους,
2868 3948 2962 4001 καὶ
3007 3947 3172 4003 τέκνα
3198 3988 3213 4012 .
3246 3951 3414 4021 ἀλλην
3438 3953 3646 4022 τροφὴν
3676 3953 3830 4005 δίδωτι

2283 4036 2395 4098 τοῖς
2422 4034 2650 4099 δούλοις,
2675 4038 2770 4091 καὶ
2791 4037 2957 4107 ἀλλην
2985 4040 3098 4104 τοῖς
3122 4040 3271 4104 ίδίοις
3297 4042 3510 4106 τέκνοις
3535 4047 3649 4105 τοῖς
3679 4046 3737 4095 ὲκ
3755 4043 3829 4095 τοῦ

2285 4126 2600 4198 σπέρματος
2629 4131 3018 4201 γεγενημένοις
3038 4147 3052 4161 ·
3089 4132 3279 4201 ἐπειδὴ
3306 4134 3376 4185 τὰ
3405 4135 3576 4188 τέκνα
3598 4136 3829 4205 at).qu

2285 4218 2447 4288 μοῦσι
2490 4221 2580 4274 τὸν
2610 4222 2858 4293 πατέρα,
2896 4224 2988 4277 καὶ
3025 4225 3145 4295 μετ’
3182 4225 3348 4279 αὑτοῦ
3387 4226 3684 4289 ἐσθίουσιν,
3715 4229 3829 4292 ἀτω-

2285 4310 2565 4380 μοιωμένα
2594 4311 2671 4382 τῷ
2714 4313 2884 4385 πατρὶ
2921 4314 3135 4368 αὐτῶν
3172 4315 3315 4369 οὕτω
3355 4318 3449 4369 καὶ
3487 4319 3517 4370 6
3564 4318 3827 4388 Χριστὸςό

2282 4401 2533 4468 ἀληθινὸς
2564 4404 2861 4475 Δεσπότης,
2898 4406 3074 4461 πάντα
3106 4408 3267 4471 αὐτὸς
3307 4407 3512 4469 ἔκτισε.
3540 4411 3636 4461 καὶ
3669 4410 3827 4477 τρέφει

600 4491 761 4560 ,eipes
819 4490 946 4545 fecit
996 4486 1183 4561 gratiae
1227 4506 1358 4555 suae,
1420 4493 1474 4545 in
1522 4493 1724 4562 quibus
1772 4491 2038 4547 formatus
2092 4500 2177 4545 est

2289 4492 2405 4556 τοὺς
2436 4495 2707 4565 πονηροὺς
2734 4496 2829 4549 καὶ
2858 4498 3203 4567 ἀχαρίστους·
3238 4499 3308 4552 τά
3336 4500 3392 4552 δὲ
3426 4502 3613 4559 τέκνα,
3640 4502 3673 4554 ἃ
3702 4502 3827 4567 ἐγέν-

609 4580 892 4645 Dominus,
953 4582 1217 4650 peculiari
1275 4582 1596 4645 refectione,
1641 4584 1921 4645 alimento,
1967 4581 2091 4636 cibo
2118 4591 2175 4635 et

604 4680 764 4741 potu,
790 4680 983 4741 praeter
1006 4682 1234 4726 caeteros
1264 4672 1516 4727 homines
1540 4674 1767 4736 enutrit,
1801 4688 1863 4727 ac
1891 4673 2090 4742 pra:th
2115 4688 2173 4727 se

606 4762 784 4833 ipsum
848 4764 956 4818 illis
1019 4765 1477 4819 conversantibus
1519 4780 1645 4819 eum
1681 4774 1833 4835 patre
1878 4781 1999 4827 suo,
2030 4765 2173 4818 sicut

602 4854 679 4909 ait
740 4855 1046 4908 Dominus:
1100 4854 1200 4919 Qui
1246 4856 1347 4908 edit
1399 4873 1571 4909 meam
1646 4872 1880 4920 carnem,
1933 4864 1981 4908 et
2048 4855 2170 4908 bibit

605 4958 777 4996 meum
833 4945 1167 5013 sanguinem,
1224 4945 1277 4997 in
1309 4960 1389 4997 me
1423 4951 1620 5007 manet,
1678 4952 1726 4997 et
1761 4960 1853 5013 ego
1878 4944 1929 4996 in
1974 4942 2085 5007 illo,
2121 4952 2169 4996 et

602 5042 823 5088 mortem
853 5052 955 5088 non
1013 5036 1201 5090 uidebit
1224 5035 1288 5090 “.
1338 5036 1440 5104 Qui
1474 5036 1620 5090 enim
1657 5036 1941 5107 possident
1983 5051 2165 5089 verant

601 5120 998 5189 hzereditatem,
1047 5133 1304 5193 tanquam
1350 5123 1444 5178 filii
1482 5133 1612 5178 sunt
1656 5139 1725 5178 ex
1758 5124 1916 5177 Patre
1956 5122 2166 5177 cmlesti

601 5215 893 5284 progeniti,
948 5224 1004 5270 et
1058 5216 1112 5270 in
1162 5216 1325 5270 domo
1376 5215 1551 5286 patris
1611 5216 1695 5269 sui
1728 5215 1953 5286 degunt,
1993 5225 2053 5269 ut
2092 5214 2169 5267 ait

602 5299 903 5356 Dominus:
950 5301 1137 5357 Servus
1194 5320 1297 5357 non
1326 5312 1501 5357 manet
1535 5303 1588 5355 in
1639 5304 1813 5368 domo,
1860 5301 2003 5370 [ilius
2048 5317 2166 5355 vero

598 5402 772 5445 manet
807 5394 859 5446 in
887 5402 1138 5447 a’ternum
1166 5395 1227 5448 δ’.

673 5760 714 5792 ³’
742 5761 783 5815 ll
819 5760 946 5817 Cor.
976 5780 1047 5829 ix,
1084 5765 1167 5817 i0.
1248 5766 1292 5797 ‘°
1326 5766 1483 5821 Joan.
1514 5785 1601 5832 xv,
1641 5770 1693 5825 5.

2280 4601 2440 4653 νησευ
2473 4586 2537 4638 ὲκ
2557 4585 2647 4639 τοῦ
2674 4587 2986 4657 σπέρματος
3015 4590 3201 4655 αὐτοῦ,
3226 4593 3317 4643 καὶ
3343 4588 3424 4653 οἷς
3458 4593 3755 4660 μετέδωκεν
3779 4594 3827 4642 ἐκ

2277 4674 2379 4742 τῆς
2407 4676 2628 4745 χαρετος
2655 4677 2840 4741 αὑτοῦ,
2869 4680 2924 4732 ὲν
2951 4675 3032 4744 οἷς
3060 4680 3357 4751 ἐμορφὼθη
3396 4680 3426 4732 6
3457 4682 3684 4751 Κύριος,
3717 4681 3825 4734 ἰδίαν

2277 4766 2585 4820 ἀνάπαυσιν
2606 4770 2701 4821 καὶ
2728 4770 2953 4841 τροφὴν,
2983 4773 3079 4824 καὶ
3112 4772 3333 4841 βρῶσιν,
3366 4774 3461 4825 καλ⁸
3484 4776 3667 4837 πόσιν,
3700 4776 3825 4840 παρὰ

2278 4854 2404 4916 τοὺς
2444 4854 2666 4921 λοιποὺς
2692 4857 3013 4928 ἀνθρώπους
3053 4863 3331 4932 ἐκτρέφει,
3362 4866 3457 4915 καὶ
3484 4864 3700 4916 δίδωσιν
3727 4866 3826 4915 ἑαν-

2277 4943 2367 4997 τὸν
2396 4946 2579 5010 αὐτοῖς
2612 4949 3107 5022 ἀναστρεφομένοις
3135 4954 3272 5023 μετὰ
3292 4954 3388 5007 τοῦ
3419 4956 3629 5024 mrpb;
3651 4955 3822 5012 αὐτῶν.

2277 5034 2351 5099 ὣς
2373 5054 2537 5108 φησιν
2564 5040 2592 5092 6
2615 5040 2838 5109 Κύριος,
2883 5044 2936 5095 '0
2965 5043 3198 5114 τρώγων
3212 5062 3332 5113 μου
3360 5046 3476 5113 τὴν
3502 5048 3721 5117 σάρκα,
3745 5048 3823 5099 καὶ

2277 5130 2467 5183 πίνων
2492 5148 2612 5199 μου
2646 5133 2710 5186 τὸ
2733 5131 2896 5204 αἷμα,
2926 5135 2995 5188 ἐν
3022 5136 3149 5206 ἐμοὶ
3171 5139 3359 5206 μένει,
3381 5140 3547 5209 κάγὼ
3570 5143 3645 5194 ὲν
3665 5140 3821 5204 αὐτῷ.

2276 5222 2376 5275 καί
2415 5222 2674 5279 θάνατον
2710 5228 2782 5280 οὐ
2806 5227 2893 5297 μὴ
2921 5230 3225 5298 θεωρήσει.
3255 5233 3320 5285 Οί
3352 5234 3461 5304 γάρ
3504 5235 3720 5305 ἔχοντες
3743 5236 3823 5301 τὴν

2274 5312 2533 5383 ἀληθινὴν
2560 5314 2943 5388 κληρονομίαν,
2966 5320 3041 5384 ὡς
3062 5322 3169 5375 υἱοὶ
3196 5324 3259 5376 ἑκ
3281 5326 3496 5393 [ἰατρὸς
3522 5327 3821 5398 ἐπουρανίω

2272 5406 2629 5475 γεγενημένοι
2656 5409 2784 5473 εἰσὶ,
2806 5411 2898 5463 καὶ
2928 5414 3007 5476 εἰς
3036 5415 3124 5467 τὸν
3146 5409 3294 5468 οἶκον
3313 5416 3409 5469 τοῦ
3438 5420 3645 5489 πατρὸς
3669 5419 3821 5472 αὐτῶν

2272 5496 2572 5563 διάγουσιν,
2592 5497 2664 5563 ὥς
2692 5518 2856 5570 φησιν
2884 5506 2910 5555 ὁ
2933 5504 3156 5573 Κύριος,
3172 5505 3226 5559 '0
3246 5507 3469 5573 δοῦλος
3490 5512 3566 5563 οὐ
3582 5511 3743 5580 μένει
3765 5510 3821 5563 ἐν

2274 5586 2346 5654 τῇ
2376 5588 2551 5653 οἰκίᾳ,
2582 5592 2613 5643 ό
2631 5589 2697 5642 δὲ
2722 5593 2849 5658 υίὸς
2869 5596 3035 5663 μένει
3056 5599 3138 5665 εις
3164 5597 3270 5653 τύν
3299 5598 3503 5653 αἰῶνα.

1769 5770 1809 5801 ’δ’
1842 5770 1998 5827 101m-
2031 5789 2103 5838 γι,
2134 5772 2218 5827 54.
2297 5778 2343 5811 ⁸⁸
2374 5780 2526 5835 Joan.
2563 5794 2677 5843 vtu,
2708 5776 2795 5833 35.
