3948 6580
182 385 267 447 573

1376 377 1741 438 IIOMlLI/E.
1775 402 1843 412 ·-
1872 378 2062 442 ΗΟΜ.
2102 382 2254 443 XIV.

3304 380 3406 443 5ῗ4

240 492 305 547 E'.
340 493 509 563 Εἴπερ
535 490 626 544 οῦν
659 489 751 544 καὶ
772 488 934 561 ἡμεῖς
967 485 1269 558 βουλόμεθα
1294 487 1359 541 ἐκ
1388 486 1482 540 τοῦ
1512 486 1724 557 Πατρός

1898 490 1999 561 51
2041 491 2104 547 V.
2139 491 2198 547 Si
2244 491 2408 562 igitur
2441 505 2543 546 nos
2586 506 2806 562 quoque
2860 491 3091 547 velimus
3132 508 3196 546 ex
3246 494 3406 549 Patro

185 585 260 639 τοῦ
294 583 613 655 ἐπουρανίου
651 580 1012 651 γεννηθῆναι“,
1045 580 1302 650 περισσόν
1332 596 1384 631 τι
1416 578 1567 648 παρά
1609 577 1735 640 τοὺς

184 677 386 740 λοιποὺς
448 673 767 743 ἀνθρώπους
829 672 1118 743 ὀφείλομεν
1184 673 1400 739 ποιεῖν,
1468 670 1737 741 σπουδήν,

180 769 373 838 ἀγῶνα,
407 768 588 838 ζῆλον,
617 767 859 835 ἀγάπην,
898 765 1172 820 πολιτείαν
1203 764 1436 834 ἀγαθὴν,
1467 764 1524 816 ὲν
1555 763 1737 818 πίστει

178 862 261 914 καὶ
298 861 445 931 φόϐῳ
487 856 648 923 εἶναι,
687 860 761 923 ὡς
799 859 1111 930 βουλόμενοι
1156 856 1488 930 τηλικούτων
1518 855 1739 926 ἀγαθῶν

176 955 370 1021 τυχεῖν,
414 951 508 1004 καὶ
546 951 677 1003 Θεὸν
709 950 1137 1021 κληρονομῆσαι.
1171 949 1385 1016 Κύριος
1430 946 1539 1018 γὰρ
1569 945 1739 1016 μερίς

175 1042 278 1110 τῆς
304 1041 707 1110 κληρονομίας
724 1059 865 1110 μου,
892 1041 988 1097 καί
1017 1041 1122 1095 τοῦ
1147 1041 1433 1108 ποτηρίου
1455 1057 1599 1108 μου.
1628 1037 1740 1090 Καὶ

185 1131 343 1194 λῦτως
377 1130 587 1201 βλέπων
617 1130 645 1181 ό
672 1129 876 1201 Κύριος
911 1131 1011 1201 τὴν
1053 1129 1265 1199 ἀγαθὴν
1297 1128 1616 1200 προαίρεσιν
1647 1128 1741 1181 καὶ

187 1223 267 1291 τὴν
296 1219 571 1291 ὑπομονὴν
590 1260 606 1286 ,
642 1222 784 1273 ποιεῖ
810 1220 871 1273 τὸ
904 1220 1049 1283 ἕλεος
1078 1219 1265 1284 αὐτοῦ,
1312 1220 1409 1272 καὶ
1440 1218 1740 1289 καθαρίσας

186 1315 320 1382 ﬁgi;
347 1313 425 1383 τῷ
466 1312 608 1383 λόγῳ
641 1310 719 1382 τῷ
761 1311 1019 1382 οὐρανίῳ,
1054 1310 1148 1364 καὶ
1192 1312 1438 1380 νοήματα
1476 1327 1740 1381 νενεκρω-

182 1403 336 1465 ,ιένα,
366 1402 457 1456 καὶ
488 1401 857 1471 διεφθαρμένα
876 1443 890 1466 ,
921 1400 1007 1453 διὰ
1054 1400 1155 1469 τῆς
1184 1399 1355 1467 καλῆς
1390 1398 1567 1451 αὐτῶν
1607 1399 1739 1451 ἀνα-

178 1492 414 1562 στροφῆς
444 1492 537 1544 καὶ
568 1488 935 1554 διδασκαλίας,
974 1490 1376 1555 ἀναζωοποιῶν,
1413 1489 1507 1541 καὶ
1530 1490 1740 1557 ἀνεγείο

179 1602 321 1645 ,ρων⁹
350 1584 552 1653 κτίσμα
590 1583 698 1652 γάρ
731 1583 918 1653 ἕτερον
953 1582 1155 1651 κτίσμα
1186 1581 1440 1652 ἐκτρέφει
1487 1582 1579 1634 καὶ
1607 1580 1742 1644 ζωο-

176 1678 340 1729 ποιεῖ.
367 1675 577 1746 Ὠσπερ
602 1674 668 1727 τὰ
702 1673 995 1743 σπέρματα
1021 1671 1113 1725 τοῦ
1145 1672 1316 1735 σίτου,
1343 1672 1376 1741 ἢ
1406 1671 1514 1724 τῶν
1543 1672 1743 1743 κριθῶν

174 1770 240 1821 τὰ
264 1770 425 1837 νέφη,
454 1767 727 1836 κτίσματα
749 1765 877 1818 ὄντα
901 1782 913 1795 ·
941 1768 967 1819 ὁ
997 1765 1149 1827 ῦετός
1176 1782 1233 1817 τε
1266 1765 1359 1817 καὶ
1389 1766 1415 1817 ὁ
1435 1765 1583 1833 ἥλιος
1613 1764 1744 1828 ζωο-

174 1859 390 1911 πιποῦσι
420 1858 770 1927 κελευόμενα.
799 1858 1010 1927 Ὥσπερ
1046 1856 1101 1909 δέ
1132 1857 1247 1909 ἐστι
1279 1858 1393 1925 φῶς
1420 1857 1506 1911 διὰ
1534 1856 1743 1927 θυρίδος

173 1950 577 2020 εἰσερχόμενον,
606 1952 634 2004 ὁ
658 1949 716 2003 δὲ
743 1947 896 2018 ἥλιος
926 1948 1022 2020 ὅλῃ
1050 1950 1116 2018 τῇ
1142 1947 1438 2020 οἰκουμένῃ
1466 1946 1565 2010 τάς
1594 1948 1747 2001 ἀκτῖ-

172 2060 273 2106 νας
293 2042 611 2114 ιταφίησιν,
639 2042 809 2106 οὕτως
836 2038 976 2113 ἦσαν
1004 2044 1051 2095 oi
1082 2043 1357 2112 προφῆται
1384 2042 1480 2096 τοῦ
1512 2043 1645 2096 ίδίου
1670 2044 1747 2097 ol-

172 2152 276 2187 κου
313 2134 474 2205 μόνον
510 2134 793 2205 φωστῆρες
835 2134 929 2188 τοῦ
990 2133 1225 2203 Ἰσραήλο
1266 2135 1314 2186 oi
1358 2133 1415 2187 δὲ
1459 2134 1746 2190 ἀπόστολοι

171 2223 319 2293 ἧλιοι
346 2217 487 2279 ἦσαν
513 2221 884 2292 ὲκλάμποντες
903 2221 1001 2285 τὰς
1032 2222 1257 2283 ἀκτῖνας
1285 2220 1364 2283 είς
1393 2220 1489 2273 ὅλα
1511 2219 1578 2273 τὰ
1605 2219 1747 2291 μέρη

171 2312 274 2366 τοῦ
305 2313 534 2383 κόσμου.

248 2404 343 2471 ς’.
400 2404 564 2456 Εστιν
601 2396 693 2456 οῦν
724 2403 793 2471 γῆ
831 2403 888 2454 ὲν
986 2400 1300 2455 κατοικοῦσι
1331 2399 1401 2455 τὰ
1425 2399 1747 2470 τετράποδα·

168 2498 275 2549 καὶ
307 2494 424 2548 ἐστι
455 2494 526 2563 γῆ
567 2494 624 2547 ὲν
652 2491 728 2562 τῷ
769 2493 912 2562 ἀέρι,
940 2494 998 2545 ὲν
1098 2492 1466 2564 περιπατοῦσι
1496 2491 1590 2545 καὶ
1618 2492 1751 2556 ζῶσι

166 2587 242 2639 τὰ
279 2587 465 2656 ὅρντα.
497 2583 606 2638 Καὶ
633 2583 803 2636 ταῦτα
834 2582 927 2635 ὲάν
957 2582 1256 2652 θελήσωσιν
1278 2584 1337 2636 ὲν
1359 2585 1427 2654 τῇ
1454 2584 1526 2653 γῇ
1559 2582 1750 2651 στῆναι

168 2680 205 2748 ἦ
255 2675 669 2748 περιπατῆσαι,
712 2673 896 2743 ἔχουσι
934 2672 1205 2744 θηρευτὰς
1244 2674 1374 2737 τοὺς
1418 2673 1753 2744 κρατοῦντας

168 2769 341 2822 αὐτὰ.
383 2768 493 2824 Καὶ
526 2766 640 2819 ἔστι
671 2764 740 2834 γῆ
768 2764 878 2817 τῶν
910 2763 1134 2833 ἰχθύων,
1166 2766 1228 2817 τὸ
1258 2763 1403 2835 ὕδωρ
1431 2765 1529 2833 τῆς
1558 2764 1754 2817 θαλάσ-

172 2874 305 2925 σης,
339 2856 436 2909 καὶ
468 2856 692 2908 ἕκαστον
734 2854 790 2904 ὲν
820 2845 862 2920 ᾧ
892 2853 1043 2921 τόπῳ
1077 2852 1363 2922 ἐγεννήθη,
1411 2851 1506 2905 καὶ
1550 2854 1622 2922 γῇ
1659 2851 1753 2904 καὶ

169 2950 327 3018 ἀέρι,
365 2948 474 3018 ἔχει
524 2948 638 2998 εκεῖ
674 2943 772 3015 τὴν
816 2943 1092 3013 διαγωγὴν
1122 2942 1219 2995 καί⁸
1256 2941 1463 3014 τροφήν
1492 2942 1586 2995 καὶ
1627 2940 1757 2994 ἀνά-

172 3056 414 3096 παυσιν.
442 3038 623 3098 Οὕτως
652 3035 766 3089 ἔστι
796 3036 869 3105 γῆ
893 3034 987 3089 καὶ
1017 3035 1215 3105 πατρὶς
1249 3033 1534 3104 σατανικὴ,
1563 3025 1625 3086 οῦ
1646 3032 1758 3087 διὰ-

1838 583 2047 638 οωιεειὶ
2076 583 2347 653 pronasci,
2376 584 2725 654 praestantius
2746 582 2877 653 quid
2911 600 3074 652 quam
3103 586 3285 639 caeteri
3310 584 3408 637 ho-

1838 675 2016 730 mines
2041 690 2201 745 agere
2228 675 2515 741 debemus,
2550 675 2775 730 studere
2800 689 3017 743 nempe,
3042 675 3399 739 contendere,

1837 766 2105 832 aemulari,
2158 766 2387 837 diligere
2424 806 2439 831 ,
2502 766 2641 821 bene
2688 766 3020 831 conversari,
3073 766 3126 820 in
3186 765 3291 819 fide
3346 780 3409 819 ac

1838 865 1988 911 metu
2012 857 2382 923 vivere,velut
2403 857 2750 913 consecuturi
2786 866 2933 912 tanta
2964 857 3128 923 bona,
3159 868 3214 911 et
3238 858 3407 912 Deum

1839 947 2187 1003 haereditario
2231 950 2356 1018 jure
2406 950 2712 1019 possessuri
2750 948 3051 1005 :Dominus
3101 949 3239 1001 enim
3282 966 3409 1019 pars

1839 1041 2165 1094 hwreditatis
2192 1056 2322 1095 mea:
2347 1050 2394 1093 et
2420 1041 2596 1094 calicis
2628 1041 2730 1094 mei
2754 1040 2822 1094 “.
2855 1038 2924 1094 Et
2953 1040 3027 1093 ita
3057 1039 3275 1094 intuens
3301 1040 3409 1094 Do-

1839 1130 2023 1184 minus
2050 1130 2390 1199 propositum
2418 1130 2552 1183 illud
2580 1130 2802 1196 bonum,
2823 1145 2887 1184 ac
2917 1129 3280 1195 tolerantiam,
3304 1130 3410 1183 mi-

1840 1219 2195 1277 sericordiam
2231 1235 2383 1274 suam
2416 1220 2621 1274 exserit
2650 1237 2662 1272 :
2696 1236 2760 1275 ac
2780 1219 3076 1289 puriﬁcans
3110 1236 3214 1274 nos
3241 1220 3412 1273 verbo

1841 1311 2071 1376 cmlesti,
2121 1320 2333 1365 mentes
2360 1319 2600 1365 mortuas
2620 1326 2683 1364 ac
2715 1310 3051 1379 deperditus,
3086 1327 3184 1380 per
3212 1312 3410 1365 bonam

1843 1402 2086 1472 ipsormn
2115 1402 2485 1472 apostolorum
2514 1401 2986 1456 conversationem
3012 1402 3409 1467 etdoctrinam,

1845 1494 2082 1549 vivificat
2111 1495 2334 1551 alteram
2353 1504 2680 1549 creaturam.
2714 1493 2946 1548 Perinde
2979 1509 3043 1547 ac
3064 1496 3269 1549 semina
3294 1495 3414 1548 fru-

1843 1584 2010 1639 menti
2042 1593 2137 1638 aut
2159 1584 2352 1639 hordei
2377 1584 2561 1639 fovent
2582 1587 2777 1648 nubes,
2821 1601 2942 1654 quae
2970 1594 3235 1640 creatura:
3263 1594 3410 1639 sunt.

1843 1680 2030 1734 Pluvia
2053 1694 2273 1750 quoque
2310 1689 2366 1734 et
2402 1679 2481 1733 sol
2521 1677 2800 1733 vivificant
2827 1695 2911 1742 ea,
2959 1693 3083 1733 cum
3118 1678 3409 1747 jubentur.

1844 1771 2314 1838 Quemadmodum
2346 1779 2531 1825 autem
2571 1785 2629 1825 se
2668 1770 2832 1824 habet
2881 1770 3090 1833 lumen,
3126 1768 3272 1838 quod
3320 1784 3416 1837 per

1845 1864 2143 1918 fenestram
2192 1861 2519 1933 ingreditur,
2569 1877 2632 1916 ac
2666 1862 2768 1925 sol,
2809 1861 2902 1930 qui
2954 1877 3053 1930 per
3101 1859 3414 1913 universam

1846 1965 2044 2011 terram
2092 1954 2274 2009 radios
2320 1968 2451 2008 suos
2482 1952 2773 2016 extendit,
2819 1954 2898 2007 sic
2944 1960 3103 2006 erant
3136 1950 3417 2021 prephete

1844 2045 2133 2101 luminaria
2178 2044 2473 2115 peculiaris
2516 2043 2714 2098 domus
2768 2042 2959 2099 Israel.
2999 2042 3245 2111 Apostoli
3283 2057 3418 2095 vero

1846 2146 2003 2192 erant
2031 2137 2195 2204 soles,
2238 2135 2555 2191 emittentes
2582 2134 2769 2190 radios
2802 2133 2857 2187 in
2882 2134 3195 2188 universam
3228 2130 3417 2185 mundi

1849 2238 2079 2300 partem.

1920 2404 2009 2461 VI.
2050 2405 2144 2459 Est
2184 2404 2348 2475 igitur
2385 2412 2548 2469 terra,
2602 2404 2656 2457 in
2702 2418 2807 2473 qua
2837 2408 3209 2479 quadrupedis
3262 2406 3414 2461 habi-

1850 2503 1969 2551 tant
1999 2515 2011 2550 :
2043 2505 2127 2551 est
2152 2510 2371 2565 quoque
2401 2503 2547 2549 terra
2590 2495 2644 2547 in
2674 2510 2836 2563 aere,
2885 2502 2941 2553 in
2990 2516 3095 2568 qua
3141 2499 3423 2553 ambulant

1851 2603 1916 2643 ac
1946 2587 2137 2641 vivunt
2164 2586 2439 2640 volucres.
2469 2583 2601 2651 Quae
2635 2584 2677 2637 si
2720 2590 2887 2643 velint
2916 2589 3222 2643 consistere
3253 2602 3423 2655 super

1854 2686 2054 2731 terram
2094 2684 2149 2731 et
2192 2674 2567 2739 deambulare,
2616 2674 2819 2734 habent
2862 2689 3169 2744 venatores,
3209 2678 3300 2747 qui
3334 2691 3426 2730 cas

1854 2768 2091 2838 capiant.
2142 2767 2237 2822 Est
2270 2781 2488 2837 quoque
2526 2773 2669 2824 lcrra
2714 2770 2966 2840 piscium,
3015 2786 3155 2840 aqua
3209 2766 3421 2824 scilicet

1855 2860 2060 2926 maris;
2091 2868 2146 2914 at
2172 2858 2621 2932 unumquodque,
2654 2862 2710 2915 in
2733 2877 2843 2931 quo
2869 2862 2990 2916 loco
3012 2861 3177 2916 fuerit
3209 2867 3423 2923 natum,

1858 2951 1971 3006 sive
2001 2951 2057 3005 in
2106 2961 2250 3006 terra
2287 2950 2401 3004 sive
2435 2948 2489 3006 ln
2526 2967 2673 3017 acre,
2716 2952 2827 3005 illic
2871 2951 3042 3021 degit,
3076 2950 3320 3003 nutritur
3360 2964 3424 3003 ac

1857 3042 2110 3113 quiescit.
2140 3040 2229 3097 Sic
2252 3056 2470 3113 quoque
2498 3052 2641 3097 terra
2663 3050 2746 3096 est
2775 3041 2945 3112 patria
2979 3040 3212 3105 Satantc,
3237 3038 3292 3093 in
3321 3054 3429 3109 qua

168 3148 345 3199 γουσι
393 3130 488 3183 καὶ
537 3124 975 3199 ἐμπεριπατοῦσι
1003 3165 1019 3190 ,
1070 3126 1166 3179 καὶ
1206 3124 1648 3179 ὲπαναπαύονται
1700 3125 1749 3177 αι

1860 3134 2085 3204 degunt,
2117 3141 2173 3189 et
2203 3131 2715 3197 eireumambulant,
2747 3146 2811 3186 ac
2845 3131 2899 3185 in
2933 3146 3040 3201 qua
3078 3130 3431 3199 requiescunt

168 3223 452 3292 δυνάμεις
489 3219 580 3273 τοῦ
616 3219 876 3285 σκότους,
910 3217 1004 3271 καὶ
1040 3216 1112 3270 τά
1140 3217 1428 3287 πνεύματα
1465 3217 1566 3287 τῆς
1591 3233 1759 3286 πονη-

172 3315 338 3388 ρίας⁶
383 3314 479 3368 καὶ
514 3311 628 3366 ἔστι
653 3312 725 3384 γῇ
748 3307 985 3381 φωτεινή
1028 3308 1127 3378 τῆς
1167 3306 1465 3380 θεότητος,
1490 3309 1621 3361 ὅπου
1656 3308 1759 3380 ty.-

170 3401 557 3475 περιπατοῦσι
584 3401 679 3454 καὶ
714 3397 1158 3454 ὲπαναπαύονται
1188 3396 1245 3452 αί
1288 3396 1627 3468 παρεμϐολαὶ
1653 3398 1761 3452 τῶν

170 3496 445 3566 ἀγγέλων
494 3494 587 3547 καὶ
632 3492 742 3547 τῶν
794 3491 962 3560 ἀγίων
1013 3491 1360 3559 πνευμάτων.
1423 3490 1531 3543 Καὶ
1568 3487 1688 3541 οὔτε
1727 3492 1761 3559 ή

172 3586 452 3658 σκοτεινὴ
486 3587 557 3656 γῆ
587 3586 700 3647 τοῖς
732 3582 1030 3653 ὀφθαλμοῖς
1067 3580 1260 3634 τούτου
1292 3579 1542 3650 σώματος
1573 3581 1766 3653 ὁραθῆ-

169 3698 306 3745 ναι,
331 3679 365 3748 ἢ
394 3676 782 3748 ψηλαφηθῆναι
808 3673 1052 3729 δύναταιο
1077 3672 1201 3726 οῦτε
1231 3673 1265 3743 ή
1296 3672 1367 3742 γῆ
1389 3670 1488 3742 τῆς
1514 3671 1763 3742 θεότητος

168 3770 210 3838 ἡ
280 3765 527 3837 φωτεινὴ
570 3764 921 3835 ψηλαφᾶται,
976 3762 1009 3833 ἢ
1062 3764 1256 3832 ὁρᾶται
1310 3765 1423 3825 τοῖς
1484 3764 1765 3835 σαρκικοῖς

1859 3233 2154 3296 potestates
2200 3225 2548 3280 tenebrarum
2602 3232 2659 3279 et
2718 3223 2947 3293 spiritus
2994 3222 3274 3292 nequitiae.
3324 3221 3423 3275 Est

1859 3334 2079 3391 quoque
2120 3328 2263 3373 terra
2290 3317 2469 3371 lucida
2510 3316 2838 3380 divinitatis,
2877 3315 2934 3369 in
2961 3330 3068 3385 qua
3098 3314 3433 3370 circumam-

1860 3414 2054 3468 bulant
2079 3427 2142 3466 ac
2170 3410 2541 3480 requiescunt,
2568 3416 2745 3462 castra
2777 3414 2834 3461 et
2859 3406 3006 3461 acies
3033 3406 3350 3477 angelorum
3379 3410 3436 3458 et

1861 3516 2174 3559 sanctorum
2224 3501 2537 3571 spirituum.
2573 3498 2750 3568 Atque
2799 3513 2902 3551 nec
2951 3505 3093 3552 terra
3136 3497 3429 3551 tenebrosa

1862 3596 2036 3651 oculis
2064 3594 2228 3665 hujus
2271 3590 2518 3661 corporis
2568 3588 2814 3658 conspici
2857 3596 2950 3641 aut
2979 3586 3312 3642 contrectari
3339 3602 3437 3656 po-

1863 3690 2005 3747 test;
2058 3696 2162 3735 nec
2196 3688 2341 3733 terra
2367 3675 2673 3732 divinitatis
2714 3674 2894 3730 lucida
2938 3681 3315 3728 contrectatur
3340 3684 3437 3729 aut

1863 3774 2081 3830 videtur
2129 3772 2303 3826 oculis
2354 3769 2570 3825 carneis
2608 3785 2622 3822 :
2664 3766 3045 3836 spiritualibus
3086 3782 3218 3820 vero
3263 3774 3433 3836 patet,

160 3858 517 3928 ὀφθαλμοῖς
538 3859 649 3920 τοῖς
664 3856 722 3909 δὲ
742 3857 1128 3924 πνευματικοῖς
1150 3853 1482 3923 φαίνεταιτῷ
1503 3853 1749 3925 ὀφθαλμιῖ

1866 3863 2025 3918 oculo
2052 3875 2247 3929 nempe
2272 3858 2476 3922 cordis,
2512 3865 2627 3910 tum
2662 3870 2782 3924 qua:
2810 3863 2893 3909 est
2926 3854 3144 3909 Satana:
3183 3870 3245 3909 ac
3282 3864 3434 3909 tene-

160 3948 292 4018 τῆς
325 3946 588 4017 καρδίας,
626 3945 719 3998 καὶ
759 3945 794 4016 ή
841 3942 1112 4014 Σατανική
1151 3939 1245 3995 τοῦ
1280 3945 1538 4008 σκότους,
1592 3946 1684 3998 καὶ
1732 3945 1749 3994 i

1866 3953 2110 4017 brarum,
2142 3960 2257 4007 tum
2290 3950 2453 4004 etiam
2479 3962 2601 4018 quae
2630 3958 2714 4001 est
2740 3946 2918 4000 lucida
2946 3961 3009 3999 ac
3033 3946 3218 4000 divina

156 4037 438 4110 φωτεινὴ
465 4037 563 4107 τῆς
588 4035 863 4106 θεότητος.

254 4132 343 4185 Ζ⁶.
393 4129 483 4192 Ὠς
526 4128 583 4181 δὲ
618 4130 647 4181 ὀ
699 4127 856 4196 λόγος
894 4126 1001 4180 τῶν
1035 4125 1233 4191 ἔξωθεν
1263 4127 1429 4195 λέγει,
1467 4114 1613 4181 ἔστιν
1664 4127 1749 4198 ὅρτ

1938 4126 2051 4183 VII.
2088 4126 2312 4188 Verum,
2360 4132 2419 4178 ut
2472 4122 2734 4193 profanus
2763 4133 2945 4176 sermo
2992 4120 3270 4189 perhibet,
3309 4130 3440 4176 sunt

154 4224 429 4295 πύριναι
458 4222 538 4274 δτι
567 4220 684 4273 ἐκεῖ
720 4219 830 4289 πῦρ
866 4221 1002 4282 ἐστιν
1038 4221 1133 4274 καὶ
1158 4219 1306 4273 ἔστιν
1334 4222 1449 4273 ἐκεῖ
1473 4219 1585 4284 ζῶα
1609 4222 1749 4289 ὅμοια

1869 4218 2093 4289 quidam
2136 4227 2351 4271 montes
2395 4215 2560 4286 ignei,
2616 4214 2741 4283 quia
2787 4212 2898 4266 illic
2943 4211 3084 4282 ignis
3132 4223 3437 4282 permanet,

146 4317 305 4378 τοῖς
350 4313 663 4382 προϐάτοις.
706 4313 906 4366 Λοιπὸν
939 4313 987 4366 οί
1015 4312 1334 4384 θηρεύοντες
1364 4314 1505 4367 αὺτά
1552 4313 1746 4367 ποιοῦσ

1872 4319 2108 4378 suntque
2142 4308 2253 4361 illic
2292 4306 2546 4360 animalia
2573 4305 2772 4359 similia
2797 4306 3011 4360 ovibus.
3043 4303 3310 4358 C:etcrum
3343 4318 3442 4357 ve-

147 4404 460 4476 σιδηροῦς
487 4405 735 4476 τροχοὺς,
766 4406 860 4459 καὶ
883 4404 1166 4475 βάλλουσιν
1191 4405 1484 4477 ἄγκιστρα,
1508 4408 1602 4459 καὶ
1627 4407 1749 4475 πέμ-

1872 4409 2093 4456 natores
2143 4399 2211 4453 ad
2258 4413 2321 4452 ea
2366 4396 2629 4466 capienda
2669 4396 2967 4451 coniiciunt
3014 4395 3222 4449 ferreas
3271 4402 3439 4456 rotas,

143 4517 295 4551 που
307 4514 395 4550 σιν
432 4498 511 4560 εἰς
539 4497 601 4551 τὸ
624 4495 757 4567 πῦρ,
785 4498 971 4569 ἐπειδὴ
1001 4499 1183 4551 ἐκεῖνα
1212 4500 1279 4552 τὰ
1300 4498 1415 4562 ζῶα
1441 4498 1501 4551 τὸ
1525 4497 1635 4570 πῦρ
1658 4498 1747 4568 ἔχε

1873 4502 1928 4549 et
1952 4493 2225 4564 proiectos
2264 4491 2453 4545 hamos
2487 4490 2712 4543 mittunt
2754 4489 2809 4541 in
2851 4488 3052 4557 ignem,
3092 4486 3443 4556 quandoqui-

140 4590 437 4661 βρῶσιν,
489 4589 551 4641 τὸ
579 4587 692 4657 πῦρ
725 4588 848 4658 ζέχει
885 4590 1041 4643 πόσιν
1062 4629 1076 4651 ,
1121 4590 1429 4643 ἀνάπαυσιν
1451 4632 1465 4655 ,
1502 4588 1728 4661 αὔξησιν

1875 4584 2000 4639 dem
2028 4584 2119 4637 illa
2145 4581 2399 4636 animalia
2431 4580 2608 4649 ignem
2637 4577 2842 4632 habent
2877 4578 3001 4631 loco
3042 4576 3172 4641 cibi,
3208 4574 3440 4644 requiei,

141 4681 369 4752 ζωὴν,
424 4681 546 4733 ἀντὶ
588 4680 811 4734 πάντων
854 4680 915 4734 τὸ
957 4681 1067 4751 πῦρ
1119 4682 1296 4745 αὐτοῖς
1341 4682 1475 4734 ἐστι.
1527 4682 1633 4733 Καὶ
1676 4681 1773 4735 ἐὰν

138 4773 498 4841 ἐξενέγκης
529 4771 670 4825 αὺτά
700 4775 779 4835 είς
807 4772 965 4826 ἄλλον
994 4773 1131 4842 ἀέρα
1149 4812 1165 4836 ,
1197 4771 1546 4838 ἀπόλλυνται,
1586 4776 1677 4826 καὶ
1704 4776 1773 4828 τά

131 4864 477 4934 ἐνδύματα
505 4863 684 4917 αὐτῶν
711 4864 840 4917 ὅταν
881 4864 1126 4935 ρυπωθῇ,
1155 4866 1234 4929 είς
1270 4865 1330 4918 τὸ
1364 4863 1506 4937 ὕδωρ
1536 4866 1595 4918 οὐ
1636 4864 1775 4920 πλύ-

129 4973 405 5020 νονται,
438 4954 572 5007 ἀλλά
615 4956 696 5017 είς
739 4956 801 5007 τὸ
829 4955 962 5027 πῦρ,
994 4958 1089 5009 καὶ
1125 4956 1364 5024 γίνονται
1395 4955 1776 5027 ’καθαρώτερα

124 5050 287 5105 καὶ
323 5046 644 5116 λευκότερα.
679 5043 869 5109 Οῦτως
904 5048 1000 5099 καὶ
1027 5047 1078 5099 oi
1102 5048 1418 5118 Χριστιανοὶ
1445 5047 1504 5100 τὸ
1544 5047 1778 5119 ὲπουρά·

117 5156 309 5194 νιον
348 5134 465 5205 πῦρ
495 5137 672 5190 ἐκεῖνο
702 5134 885 5205 ἔχουσι
913 5135 1135 5207 βρῶσιν.
1180 5138 1383 5193 Ἐκεῖνο
1420 5138 1601 5200 αὐτοῖς
1631 5138 1777 5190 ἐστιν

109 5230 531 5290 ἀνάπαυσις·
558 5227 737 5279 ἐκεῖνο
770 5226 1079 5297 καθαρίζει,
1109 5228 1205 5281 καὶ
1244 5227 1455 5291 πλύνει,
1495 5228 1589 5281 καὶ
1618 5226 1778 5295 ἀγιά-

106 5324 255 5387 ζει
302 5316 496 5371 αὐτῶν
524 5315 623 5388 τὴν
652 5316 882 5387 καρδίαν
906 5330 920 5346 ο
949 5317 1126 5369 ἐκεῖνο
1151 5316 1309 5386 φέρει
1338 5314 1533 5378 αὐτοὺς
1572 5316 1651 5377 εἰς
1676 5313 1775 5367 αῠ-

106 5415 393 5482 ξ-ησιεν
427 5408 606 5460 ἐκεῖνο
647 5406 827 5469 αὐτοῖς
879 5404 1029 5459 ἐστιν
1070 5404 1198 5477 ἀήρ,
1249 5400 1343 5459 καῖ
1391 5407 1526 5475 ζωή.
1574 5406 1672 5458 Ἂν
1718 5405 1776 5458 δὲ

96 5499 415 5559 ἐκεῖθεν
468 5498 792 5563 ἐξέλθωσιν,
844 5496 1165 5552 ἀπόλλυνται
1221 5498 1326 5550 ὑτιὸ
1376 5496 1481 5551 τῶν
1527 5497 1778 5568 πονηρῶν

98 5590 555 5655 πνευμάτων,
587 5589 777 5659 ὥσπερ
807 5589 923 5641 ἐκεῖ
959 5589 1026 5642 τὰ
1049 5589 1163 5653 ζῶα
1190 5588 1511 5660 ἐξερχόμενοι
1544 5588 1651 5643 ἀπὸ
1687 5586 1777 5641 τοῦ

1877 4675 2221 4739 incrementi,
2249 4674 2390 4737 vitm,
2426 4672 2671 4726 omnium
2702 4668 2939 4738 denique
2983 4667 3105 4721 loco
3146 4665 3288 4735 ignis
3338 4666 3445 4720 illis

1876 4776 1977 4823 est.
2004 4767 2083 4821 Ac
2107 4766 2154 4820 si
2180 4762 2475 4819 transferas
2496 4776 2558 4815 ea
2584 4760 2750 4815 alium
2772 4758 2827 4812 in
2852 4773 3058 4823 aerem,
3091 4765 3328 4825 pereunt
3352 4772 3365 4809 :
3388 4764 3445 4809 et

1880 4858 2199 4913 indumenta
2227 4855 2467 4918 illorum,
2518 4852 2565 4908 si
2607 4850 2812 4906 fuerint
2850 4848 3108 4903 sordibus
3138 4845 3441 4916 inquinata,

1877 4967 2018 5021 aqua
2057 4964 2165 5004 non
2202 4948 2483 5010 eluuntur,
2520 4945 2616 4999 sed
2659 4942 2791 5013 igni,
2843 4941 3088 5009 fiuntque
3130 4939 3348 5008 puriora
3383 4952 3447 4991 ac

1875 5039 2193 5095 candidiora
2222 5054 2235 5090 :
2280 5035 2360 5090 sic
2385 5049 2602 5103 quoque
2628 5031 2923 5087 Christiani
2962 5046 3045 5085 ea:
3065 5031 3258 5084 lestem
3292 5029 3447 5083 illum

1876 5131 2055 5199 ignem
2082 5126 2288 5181 habent
2320 5124 2439 5178 vice
2474 5121 2740 5186 alimenti,
2788 5121 2877 5174 ille
2917 5119 3050 5189 ipsis
3087 5127 3171 5173 est
3208 5118 3446 5188 requies,

1877 5222 1969 5276 ille
1999 5226 2287 5289 expurgat,
2313 5216 2480 5281 lavat,
2508 5224 2564 5269 et
2593 5213 2897 5267 sanctificat
2937 5228 3033 5266 cor
3058 5212 3273 5265 illorum
3306 5228 3319 5263 :
3358 5211 3449 5265 ille

1882 5311 2089 5382 praebet
2120 5309 2202 5365 eis
2227 5314 2638 5379 argumentum:
2674 5304 2764 5359 ille
2797 5303 2880 5358 eis
2907 5315 2988 5358 est
3022 5319 3117 5357 aer
3142 5314 3197 5357 et
3233 5301 3360 5357 vita.
3391 5301 3448 5356 Si

1886 5418 2019 5457 vero
2044 5400 2167 5455 inde
2196 5398 2568 5470 egrediantur,
2596 5394 3002 5451 interﬁciuntur
3023 5411 3052 5448 a
3076 5395 3260 5464 pravis
3283 5393 3451 5463 spiri-

1887 5495 2056 5558 tibus,
2080 5492 2227 5547 velut
2256 5491 2330 5545 ibi
2353 5489 2607 5545 animalia
2630 5488 2740 5559 igni
2762 5488 3101 5559 egredientia
3118 5486 3450 5550 moriuntur,

1887 5586 2036 5642 velut
2089 5584 2264 5655 pisces
2300 5598 2438 5654 aqua
2481 5581 2849 5654 egredientes,
2890 5580 3037 5635 velut
3080 5577 3454 5648 quadrupedia

214 5767 307 5801 ⁸³
350 5762 503 5819 Psal.
534 5779 644 5829 xvr,
677 5764 730 5819 5.
