3966 6530
188 461 371 534 ρανίου
412 458 698 530 βασιλέως.
740 460 850 513 Καὶ
891 446 1076 511 iam
1115 454 1205 509 ἐπ’
1251 452 1436 525 ἐκείνῃ
1479 453 1548 523 τῇ
1588 450 1759 520 ψυχῇ,

184 554 327 625 λύπη
352 555 448 607 καὶ
470 538 651 623 ὀδύνη,
679 553 772 606 καὶ
803 551 1085 622 κλαυθμὸς
1113 550 1280 603 πᾶσιν
1304 548 1484 616 ἁγίοις
1510 544 1606 599 καὶ
1637 560 1761 596 νοε-

186 649 298 715 ροῖς
326 643 604 715 πνεύμασι
623 644 854 713 γίνεταιο
877 642 1120 712 ἄγγελοι,
1141 640 1423 710 δυνάμεις,
1443 636 1759 700 ἀπόστολοι,

183 739 478 810 προφῆται.
517 739 794 809 μάρτυρες
817 735 1094 789 κλαίουσιν
1121 733 1211 787 ἐπ’
1242 732 1402 802 αὐτῇ.

258 833 333 884 Γ’.
373 831 588 901 Ὠσπερ
630 829 739 899 γὰρ
767 826 921 896 χαρὰ
951 827 1215 897 γίγνεται
1244 825 1314 877 ἐν
1336 819 1592 890 οὐρανῷ,
1627 819 1703 883 ὡς
1730 819 1760 873 ὁ

182 924 225 977 Κ
236 923 265 976 ῦ
274 940 388 993 ριος
401 919 573 987 εἶπεν,
590 922 687 976 ἐπὶ
705 922 794 975 ἐνὶ
817 917 1144 989 ἁμαρτωλῷ
1155 915 1570 987 μετανοοῦντιο
1588 908 1759 976 οὕτως

182 1014 326 1086 λύπη
354 1016 523 1085 πολλὴ
545 1018 641 1068 καὶ
667 1013 942 1083 κλαυθμὸς
974 1015 1032 1066 ὲν
1052 1012 1130 1081 τῷ
1158 1008 1371 1081 cupavo.)
1403 1008 1637 1076 γίνεται,
1664 1004 1761 1058 ἐπὶ

185 1109 285 1179 μιᾷ
301 1108 445 1178 dum
473 1104 857 1178 ἁποπιπτούσῃ
873 1104 972 1172 τῆς
994 1100 1212 1156 αίωνίου
1249 1100 1413 1171 ζωῆς.
1441 1099 1549 1152 Καὶ
1568 1096 1760 1167 ῶσπερ

181 1202 274 1254 ἐπὶ
302 1200 402 1271 τῆς
435 1201 540 1269 γῆς
575 1199 715 1251 ἐπάν
744 1214 828 1258 τις
856 1194 1111 1256 πλούσιος
1139 1192 1388 1264 ἀποθάνῃ
1422 1188 1585 1261 ἀνὴρ,
1618 1186 1759 1260 μετὰ

184 1289 482 1360 μελῳδιῶν,
508 1288 603 1340 καὶ
636 1286 856 1357 θρήνου,
881 1285 979 1338 καὶ
1017 1282 1251 1338 κοπετοῦ
1281 1280 1633 1351 ὲκκομίζεται
1660 1276 1758 1333 τοῦ

181 1381 300 1451 βίου
351 1378 458 1432 ὑπὸ
490 1378 600 1432 τῶν
644 1376 788 1430 ἰδίων
827 1373 1104 1443 ἀδελφῶν,
1138 1373 1231 1427 καὶ
1273 1371 1412 1440 πρὸς
1444 1369 1756 1438 συγγενῶν,

178 1472 274 1524 καὶ
304 1470 496 1547 φίλων,
541 1469 637 1523 καὶ
684 1467 1019 1537 γνωρίμων
1058 1462 1231 1529 οὕτως
1270 1467 1364 1519 καὶ
1391 1465 1483 1517 ἐπὶ
1517 1466 1584 1535 τῇ
1610 1462 1757 1533 ψυχῇ

176 1562 370 1635 ἐκείνῃ
400 1563 599 1624 πάντες
631 1561 682 1613 οἱ
727 1561 873 1627 ἅγιοι
924 1556 1180 1612 πενθοῦσι
1226 1557 1367 1628 μετὰ
1406 1555 1623 1627 θρήνων
1665 1554 1762 1608 καὶ

180 1654 487 1726 μελῳδιῶν.
520 1651 632 1707 Καὶ
656 1653 766 1724 γὰρ
796 1651 1029 1723 ἀλλαχοῦ
1054 1649 1209 1704 τοῦτο
1239 1652 1274 1721 ἡ
1298 1648 1491 1720 Γραφὴ
1522 1649 1761 1701 αἰνίττε-

176 1762 268 1799 ται
300 1744 555 1814 λέγουσα,
613 1742 886 1797 πέπτωκε
940 1742 1149 1807 πίτυς,
1195 1739 1484 1804 iraa-0371's,
1516 1736 1714 1805 κέδροι
1740 1750 1756 1765 °

178 1838 374 1908 ῶσπερ
396 1837 507 1907 γὰρ
549 1837 578 1888 ὁ
616 1833 832 1906 Ἰσραὴλ
861 1836 948 1888 ὅτε
982 1834 1156 1887 ἐδόκει
1187 1833 1503 1902 εὐαρεστεῖν
1540 1830 1620 1902 τῷ
1660 1831 1761 1881 Δε-

182 1931 380 2001 σπότῃ,
424 1930 474 1981 εί
516 1928 613 1981 καὶ
656 1927 922 1997 μηδέποτε
957 1925 1016 1978 ὃν
1057 1925 1138 1979 δεῖ
1163 1924 1365 1996 τρόπον
1400 1923 1761 1994 εὑηρέστησε,

182 2020 381 2073 στύλον
396 2019 628 2089 νεφέλης
650 2013 794 2087 εἶχεν
818 2018 1232 2082 ὲπισκιὰζοντα,
1252 2015 1350 2069 καὶ
1373 2014 1568 2068 στύλον
1589 2030 1663 2067 πυ
1673 2013 1764 2084 ρῦς

183 2111 619 2180 καταυγαζοντα,
638 2109 912 2163 Θάλασσαν
937 2107 1087 2180 ἐώρα
1104 2106 1433 2179 σχιζομένην
1452 2104 1764 2177 ἔμπροσθεν

185 2203 376 2265 αὐτοῦ,
400 2202 540 2273 ῦδωρ
578 2203 643 2254 ἐκ
677 2202 884 2273 πέτρας
930 2200 1154 2268 διαυγὲς
1191 2198 1551 2269 ὲξερχόμενον
1585 2214 1601 2229 '
1638 2198 1762 2251 ἐπεὶ

183 2293 244 2349 δὲ
269 2296 561 2365 ἐστρέφετο
585 2294 614 2347 ὁ
643 2292 769 2356 νοῦς
799 2292 1004 2356 αὐτῶν,
1029 2294 1123 2345 καὶ
1142 2292 1176 2361 ἡ
1200 2292 1519 2362 προαίρεσις
1539 2290 1645 2343 ἀπὸ
1665 2288 1761 2341 τοῦ

179 2389 344 2447 Θεοῦ.
374 2389 493 2441 τότε
523 2387 681 2458 ὄφεσι
726 2383 1095 2456 παρεδίδοντο,
1131 2384 1232 2437 καὶ
1258 2386 1374 2447 τοῖς
1416 2383 1632 2455 ἐχθροῖς
1660 2381 1761 2435 αὒ-

174 2479 314 2543 τῶν,
350 2481 410 2532 ἐν
437 2478 833 2549 αἰχμαλωσίαις
862 2478 1059 2540 δειναῖς
1090 2475 1455 2547 ἀπαγόμενοι,
1505 2475 1601 2528 καὶ
1636 2474 1762 2527 δου-

176 2571 355 2634 λείαις
388 2572 613 2641 πικραῖς
653 2568 1035 2638 ἐξεταζόμενοι
1061 2584 1076 2600 ·
1121 2568 1184 2622 τὸ
1226 2567 1361 2621 αὐτὸ
1404 2569 1623 2630 πάντως
1667 2566 1762 2619 καὶ

175 2662 277 2715 ἐπὶ
320 2660 431 2714 τῶν
460 2660 647 2730 ψυχῶν
692 2658 849 2727 ἡμῶν
880 2659 1109 2726 γίνεται.
1150 2656 1322 2712 Τοῦτο
1355 2656 1412 2710 δὲ
1453 2658 1547 2710 καὶ
1591 2657 1649 2709 ὲν
1678 2654 1762 2726 τῷ

174 2752 442 2823 προφήτῃ
491 2749 759 2822 Ἰεζεκιὴλ
801 2749 1080 2820 μυστικῶς
1125 2750 1388 2820 ἐμφαῖνον
1430 2747 1493 2800 τὸ
1537 2746 1763 2816 Πνεῦμα

173 2842 313 2912 περὶ
344 2844 441 2911 τῆς
469 2838 722 2911 τοιαύτης
763 2838 962 2910 ψυχῆς,
998 2838 1188 2909 ὥσπερ
1234 2837 1610 2910 Ἰερουσαλὴμ,
1644 2837 1761 2890 ἔλε-

172 2950 276 3001 γεν
304 2948 319 2962 ⁸
347 2930 543 3001 Εὖρόν
573 2948 668 2995 σε,
704 2933 898 3005 φησὶν,
928 2932 998 2985 ἐν
1024 2930 1101 3000 τῇ
1131 2930 1328 3001 ἐρήμῳ
1352 2929 1593 2999 γυμνὴν
1616 2966 1633 2991 ,
1661 2928 1761 2983 καὶ

176 3026 422 3080 ἑλουσιὶ
464 3043 539 3079 σε
570 3025 639 3078 ἐκ
672 3025 780 3078 τοῦ
809 3024 1029 3090 ὕδατος
1062 3022 1172 3092 τῆς
1200 3022 1576 3091 ἀκαθαρσίας
1609 3036 1760 3085 σου,

169 3117 279 3169 καὶ
307 3116 569 3170 ἑνέδυσά
593 3133 667 3171 σε
687 3116 941 3184 ἔνδυμα,
966 3117 1066 3168 καὶ
1090 3114 1322 3184 ψέλλια
1344 3112 1667 3182 περιέθηκα
1692 3113 1763 3166 ἐν·

166 3209 311 3273 ταῖς
341 3209 518 3278 χερσί
548 3226 689 3275 σου,
719 3210 815 3263 καὶ
850 3208 1138 3278 puricium
1164 3206 1299 3275 περὶ
1325 3206 1433 3261 τὸν
1456 3204 1763 3275 τράχηλόν

166 3318 299 3356 σου
318 3342 337 3364 ,
364 3302 705 3380 καλὲ-νώτια
730 3302 801 3355 ἐν
831 3302 955 3367 τοῖς
983 3301 1095 3354 ὼσί
1118 3316 1239 3356 σου
1261 3342 1277 3368 ,
1296 3300 1394 3354 καὶ
1414 3300 1629 3369 ἐγένου
1657 3317 1762 3371 μοι

169 3393 489 3462 ὀνομαστή
531 3394 600 3446 ἑν
633 3392 784 3448 πᾶσι
830 3392 954 3459 τοῖς
986 3393 1191 3447 ἔθνεσι
1214 3409 1228 3422 ·
1280 3393 1630 3462 σεμίδαλιν,
1660 3392 1761 3447 καὶ

173 3487 410 3552 ἔλαιον,
441 3486 541 3540 καὶ
566 3485 707 3555 μέλι
736 3486 986 3557 ἔφαγες,
1015 3488 1113 3541 καὶ
1142 3490 1230 3555 εἰς
1255 3488 1515 3556 ὕστερον
1542 3487 1762 3542 ἐπελὰο

175 3581 299 3631 ϐου
329 3577 440 3631 τῶν
469 3577 830 3647 εὐεργεσιῶν
858 3597 980 3648 μου
1000 3619 1015 3643 ,
1059 3581 1160 3635 καί
1209 3580 1539 3648 ἐπορεύθης
1567 3580 1761 3634 ὀπίσω

169 3666 305 3722 τῶν
322 3670 591 3738 ἐραστῶν
618 3687 757 3734 σου,
786 3672 885 3724 καὶ
914 3671 1292 3740 ἐπόρνευσας
1310 3672 1381 3724 ἐν
1399 3671 1687 3739 αἰσχύνῃ.

248 3763 336 3817 Δ’.
384 3760 572 3826 υῦτως
605 3762 703 3816 καὶ
721 3762 867 3835 ψυχῇ
892 3765 959 3834 τῇ
986 3763 1072 3817 διὰ
1108 3765 1209 3834 τῆς
1236 3764 1460 3834 χάριτος
1498 3765 1760 3831 ἐπιγινω-

154 3854 390 3928 σκοὺσῃ
416 3854 506 3908 τὸν
529 3855 682 3919 Θεὸν,
706 3855 767 3909 τὸ
801 3855 1027 3925 Πνεῦμα
1056 3860 1346 3928 παραινεῖ,
1371 3858 1495 3928 ἥτις
1524 3856 1759 3927 καθαρι-

148 3949 373 4004 σθεῖσα
391 3951 498 4004 ἀπὸ
516 3950 628 4003 τῶν
644 3949 928 4021 προτέρων
946 3950 1230 4019 ἁμαρτιῶν
1252 3951 1347 4004 καὶ
1366 3952 1480 4015 τοῖς
1493 3950 1586 4003 τοῦ
1602 3950 1760 4019 ἁγίου

143 4041 501 4112 Πνεῦματος
549 4042 799 4112 κοσμίοις
836 4042 1218 4113 κοσμηθεῖσα,
1249 4042 1345 4095 καὶ
1383 4040 1762 4111 μεταλαϐοῦσα

140 4134 331 4198 θείας
381 4135 479 4188 καὶ
524 4134 851 4206 ἐπουρανίου
896 4135 1144 4205 τροφῆς,
1198 4133 1273 4205 μὴ
1321 4132 1551 4196 δεόντως
1592 4132 1648 4184 δὲ
1704 4134 1764 4185 ὲν

133 4227 351 4297 πολλῇ
385 4226 588 4295 γνώσει
631 4226 1087 4300 ἀναστρεφομένη
1114 4267 1129 4291 ,
1162 4224 1259 4279 καὶ
1290 4224 1645 4297 ἁρμοζόντως
1685 4222 1762 4296 μὴ

127 4324 420 4395 τηροῦσα
478 4324 579 4393 τὴν
627 4324 984 4395 ὀφειλομένην
1044 4320 1125 4391 τῷ
1172 4321 1482 4394 ἐπουρανίῳ
1544 4322 1762 4393 νυμφίῳ

122 4414 404 4488 Χριστῷ
430 4413 646 4469 εὔνοιαν
674 4417 770 4469 καὶ
814 4416 1059 4488 ἀγάπην,
1092 4415 1498 4487 ἀπορῤίπτεται
1530 4416 1625 4468 καὶ
1664 4416 1756 4468 ἐκέ

1423 326 2097 403 nouans.'-HOM.
2132 322 2259 402 xv.‘

3330 337 3435 400 578

1787 451 1835 508 Α
1864 448 2012 505 illam
2044 453 2281 507 animam
2316 451 2563 515 tristitia,
2594 449 2755 506 dolor
2786 464 2851 504 ac
2874 448 3059 503 luctus
3088 460 3281 501 omnes
3310 459 3435 500 san-

1859 553 1981 599 ctos
2007 552 2065 599 et
2096 543 2496 599 intellectuales
2543 542 2773 613 spiritus
2808 539 3019 595 invadit
3048 556 3063 592 :
3104 537 3305 609 angeli,
3332 552 3435 607 po-

1861 644 2109 703 testates,
2156 636 2416 708 apostoli,
2454 635 2758 707 prophetae,
2802 642 3075 704 martyres
3100 630 3290 701 lugent
3315 629 3437 701 ejus

1859 727 2058 783 vicem.

1931 820 2021 876 Ill.
2063 819 2534 888 Quemadmodum
2584 819 2731 875 enim
2768 818 3022 890 gaudium
3070 823 3145 870 est
3186 816 3240 869 in
3284 813 3433 879 aeto,

1860 920 1924 967 ut
1952 911 2090 967 dixit
2120 912 2407 975 Dominus,
2437 924 2596 983 super
2622 926 2728 964 uno
2774 917 3048 981 peccatore
3076 906 3435 979 paenitentiam

1860 1012 2047 1074 agente
2074 1003 2141 1065 “,
2162 1003 2238 1058 ita
2262 1003 2481 1058 tristitia
2502 1004 2673 1058 multa
2687 1012 2772 1058 est
2799 1012 2857 1056 et
2875 1001 3058 1056 luctus
3085 1000 3138 1053 iu
3173 998 3312 1054 caelo
3345 1012 3438 1051 su-

1861 1110 1960 1164 per
1991 1110 2098 1150 una
2126 1097 2329 1163 anima,
2358 1112 2482 1167 quae
2513 1095 2851 1151 exciditvita
2875 1101 3100 1148 aeterna.
3138 1093 3207 1147 Et
3247 1106 3439 1161 quem-

1860 1186 2155 1241 admodum
2199 1190 2255 1242 in
2289 1187 2473 1251 terris,
2523 1185 2569 1241 si
2614 1186 2740 1255 quis
2781 1185 3027 1253 locuples
3068 1184 3156 1237 vir
3186 1193 3437 1237 mortuus

1859 1280 2048 1343 fuerit,
2096 1295 2221 1335 cum
2265 1289 2430 1335 cantu
2474 1278 2717 1350 lugubri,
2767 1276 3161 1331 lamentatione
3191 1290 3254 1329 ac
3284 1275 3440 1344 plan-

1860 1383 1952 1430 ctu
1994 1373 2273 1428 efferture
2293 1373 2401 1428 vita
2430 1388 2530 1443 per
2562 1387 2693 1426 suos
2723 1371 2941 1433 fratres,
2973 1368 3433 1438 consanguineos,

1860 1465 2068 1520 amicos
2088 1481 2154 1520 ac
2175 1464 2472 1521 familiares
2500 1480 2515 1519 :
2552 1464 2633 1519 sic
2659 1478 2881 1534 quoque
2914 1470 3143 1531 propter
3163 1474 3283 1515 eam
3314 1458 3436 1513 ani-

1859 1572 2003 1611 mam
2034 1573 2228 1613 omnes
2249 1558 2426 1614 sancti
2452 1557 2643 1627 lugent
2668 1553 3062 1610 lamentatione
3093 1566 3159 1605 ac
3194 1565 3331 1605 voce
3355 1550 3441 1604 lu-

1859 1650 2043 1722 gubri.
2072 1650 2214 1706 Alibi
2242 1651 2390 1705 enim
2415 1649 2699 1720 Scriptura
2730 1649 2796 1703 ad
2822 1647 2928 1702 hoc
2962 1646 3201 1702 obscure
3220 1642 3435 1707 alludit,

1862 1743 2122 1813 inquiens
2169 1762 2182 1798 :
2221 1744 2415 1800 Cecidit
2451 1740 2626 1815 pinus.
2670 1742 2861 1813 lugete,
2893 1740 3035 1794 cedri
3071 1738 3139 1792 ⁸⁸.
3166 1735 3439 1804 Quemad-

1862 1837 2087 1892 modum
2113 1837 2260 1893 cnim
2286 1839 2522 1908 populus
2548 1836 2737 1898 lsrael,
2759 1849 2884 1890 cum
2912 1834 3195 1889 videretur
3220 1831 3438 1901 placere

1862 1927 2118 1991 Domino,
2148 1930 2402 1998 quamvis
2432 1929 2584 1983 nullo
2611 1926 2795 1989 modo,
2840 1940 2951 1995 quo
2987 1924 3203 1988 debuit,
3234 1921 3284 1976 ci
3318 1921 3436 1991 pla-

1862 2021 2063 2087 cuerit,
2117 2023 2430 2077 columnam
2481 2021 2647 2076 nubis
2704 2019 2943 2074 habebat
2988 2016 3436 2077 obumbrantem,

1863 2113 1969 2184 53
1986 2114 2365 2169 etrolumnam
2384 2113 2525 2183 ignis
2546 2113 2935 2171 illustrantem,
2953 2124 3102 2163 mare
3119 2105 3439 2161 videbardi-

1861 2204 1974 2260 vidi
2002 2220 2185 2260 coram
2214 2205 2366 2276 ipsis,
2396 2219 2461 2259 ac
2485 2204 2767 2274 limpidam
2791 2216 2987 2272 aquam
3013 2217 3043 2255 e
3074 2208 3225 2269 petra
3252 2213 3433 2253 crum-

1863 2313 1995 2369 pere
2014 2299 2093 2352 “z
2127 2308 2417 2368 postquam
2446 2312 2578 2351 vero
2604 2311 2795 2351 aversa
2816 2303 2904 2349 est
2924 2308 3080 2347 mens
3103 2303 3160 2347 et
3186 2292 3437 2345 voluntas

1862 2406 2056 2446 eorum
2089 2404 2118 2444 a
2149 2391 2260 2445 Deo
2289 2432 2304 2456 ,
2338 2399 2452 2445 tum
2484 2390 2837 2461 serpentibus
2864 2388 3049 2443 traditi
3093 2395 3149 2442 ct
3187 2386 3440 2440 hostibus

1864 2485 2000 2549 suis,
2028 2500 2091 2541 ac
2120 2486 2175 2539 in
2207 2484 2584 2554 captivitatem
2610 2482 2975 2537 miserrimam
3004 2479 3249 2543 abducti,
3274 2486 3438 2548 atque

1862 2576 2225 2631 servitutibus
2254 2577 2414 2631 duris
2445 2575 2641 2630 tentati
2679 2584 2842 2629 sunt:
2879 2573 3023 2627 idem
3053 2588 3281 2642 prorsus
3303 2586 3440 2641 quo-

1862 2684 1969 2740 que
2020 2669 2221 2724 animis
2248 2670 2453 2723 nostris
2478 2669 2767 2739 contingit.
2795 2666 2950 2732 Quod
2994 2666 3173 2735 ipsum
3218 2678 3439 2736 quoque

1861 2777 1963 2832 per
1996 2766 2323 2833 prophetam
2351 2760 2695 2816 Ezechielem
2728 2760 2959 2830 mystice
3001 2765 3440 2812 commonstrans

1862 2853 2104 2924 Spiritus
2130 2855 2199 2907 de
2230 2852 2551 2924 hujusmodi
2586 2851 2794 2913 anima,
2829 2851 2982 2905 velut
3010 2851 3078 2904 de
3107 2849 3439 2913 Jerusalem,

1861 2942 2195 3014 loquebatur
2222 2963 2236 3000 :
2273 2942 2455 2999 Inveni
2484 2951 2551 3008 te,
2581 2942 2784 3013 inquit,
2812 2941 2869 2996 in
2896 2942 3097 2995 deserto
3130 2941 3348 3005 nudam,
3391 2948 3440 2995 et

1864 3035 2010 3090 ablui
2065 3041 2114 3090 te
2145 3050 2288 3106 aqua
2332 3037 2396 3089 ab
2426 3033 2737 3106 impuritate
2762 3045 2876 3099 tua,
2917 3040 2967 3088 et
3000 3034 3151 3087 indui
3187 3042 3237 3087 te
3280 3035 3441 3089 vesti-

1787 3145 1833 3208 ο
1865 3138 2075 3193 mento,
2114 3136 2164 3181 et
2211 3128 2456 3182 armillas
2509 3128 2864 3199 circumposui
2910 3122 3154 3181 manibus
3196 3127 3340 3192 tuis,
3386 3134 3435 3180 et

1863 3228 2075 3290 torques
2104 3221 2243 3274 circa
2268 3219 2461 3275 collum
2491 3227 2663 3285 tuum,
2689 3232 2739 3274 et
2758 3224 2972 3277 inaures
2989 3222 3046 3277 in
3077 3221 3294 3277 auribus
3318 3221 3440 3288 tuis,

1862 3319 1913 3365 et
1943 3312 2088 3381 facta
2127 3326 2180 3364 es
2211 3312 2338 3366 mihi
2371 3313 2648 3367 nominata
2687 3314 2825 3367 inter
2853 3327 3033 3369 omnes
3057 3324 3252 3385 gentes.
3286 3312 3446 3369 Simi-

1863 3403 1974 3457 tam
2012 3410 2063 3456 et
2113 3401 2288 3456 oleum
2332 3416 2394 3456 ac
2425 3401 2530 3457 mel
2567 3405 2855 3469 comedisti,
2908 3414 2956 3458 et
2996 3406 3066 3458 ad
3114 3406 3362 3460 ultimum
3393 3422 3444 3461 es

1862 3495 2026 3550 oblita
2056 3495 2305 3565 beneficia
2347 3512 2487 3550 mea.
2532 3496 2721 3552 Abiisti
2763 3508 2879 3553 post
2923 3508 3187 3553 amatores
3228 3509 3366 3566 tuos,
3397 3508 3445 3553 et

1863 3604 1979 3641 cum
2014 3586 2213 3658 pudore
2243 3589 2509 3659 fornicata
2533 3604 2585 3643 es
2608 3590 2674 3644 ⁸⁷.

1932 3780 2023 3838 IV.
2066 3780 2159 3837 Sic
2188 3796 2408 3852 quoque
2438 3781 2703 3843 animam,
2733 3796 2855 3852 qua:
2886 3797 2986 3852 per
3016 3781 3246 3851 gratiam
3270 3778 3444 3836 Deum

1862 3875 2166 3946 cognoscit.
2204 3874 2443 3944 Spiritus
2490 3873 2751 3928 admonet
2795 3890 2810 3927 :
2847 3889 2970 3943 qua:
3004 3872 3292 3942 puriﬁcata
3318 3873 3444 3943 qui-

1863 3963 1987 4018 dem
2019 3978 2048 4017 a
2079 3962 2329 4033 pristinis
2376 3961 2634 4031 peccatis.
2668 3970 2725 4015 et
2773 3960 3014 4029 Spiritus
3062 3960 3241 4014 sancti
3285 3976 3447 4015 orna-

1862 4055 2067 4110 mentis
2089 4055 2367 4118 decorata,
2395 4068 2459 4107 ac
2488 4052 2765 4122 particeps
2781 4052 2921 4106 facta
2937 4050 3108 4105 divini
3131 4066 3193 4106 ac
3206 4051 3448 4106 cmlestis

1863 4146 1997 4209 cibi,
2048 4145 2233 4201 minus
2257 4156 2391 4198 vero
2417 4142 2679 4198 decenter
2707 4142 2762 4196 in
2787 4142 2959 4196 multa
2980 4139 3294 4211 cognitione
3322 4154 3447 4222 ver-

1864 4252 1981 4297 sata
2010 4282 2025 4306 ,
2070 4255 2174 4296 nec
2228 4239 2629 4295 convenienter
2691 4234 2935 4290 debitam
2984 4235 3196 4291 cmlcsti
3242 4249 3447 4306 sponso

1861 4331 2081 4389 Christo
2126 4330 2565 4387 benevolentiam
2609 4336 2664 4383 et
2687 4327 3040 4384 dilectionem
3084 4344 3441 4392 conservans,

1869 4426 2159 4496 projicitur
2188 4434 2245 4479 et
2270 4422 2585 4478 detruditur
2613 4437 2642 4476 a
2674 4422 2808 4487 vita,
2835 4421 2991 4492 cujus
3020 4430 3139 4477 erat
3168 4421 3444 4491 particeps

118 4509 434 4565 θαλλεται
458 4508 558 4579 τῆς
582 4508 728 4579 ζωῆς
754 4502 823 4579 ἧς
855 4524 989 4562 ποτε
1023 4509 1251 4578 μέτοχος
1277 4505 1492 4575 γέγονε.
1526 4505 1758 4559 Δύναται

1869 4488 2035 4571 iacta.
2070 4512 2227 4570 Valet
2261 4527 2500 4584 namque
2536 4511 2766 4569 Salanas
2798 4513 2884 4568 vel
2902 4488 3184 4569 adversus
3200 4529 3318 4575 eos.
3348 4488 3443 4586 qui

110 4606 266 4674 γὰρ
310 4602 345 4654 ὀ
386 4601 633 4665 Σατανᾶς
672 4602 769 4654 καὶ
808 4600 947 4671 μετὰ
992 4600 1101 4654 τῶν
1139 4600 1371 4670 ἑχόντων
1400 4597 1628 4652 τοιαῦτα
1662 4598 1760 4668 μὲ-

105 4712 257 4766 τρα
331 4691 658 4762 ἐπαίρεσθαι
709 4690 807 4746 καὶ
856 4690 1164 4762 ὑψοῦσθαι,
1198 4691 1292 4743 καὶ
1322 4688 1465 4742 κατὰ.
1520 4688 1631 4741 τῶν
1669 4689 1761 4741 τὸν

101 4788 299 4842 Θεὸν
352 4787 413 4837 ἐν
458 4784 644 4855 χάριτι
677 4784 774 4838 καὶ
807 4784 1035 4854 δυνάμει
1082 4783 1441 4852 ὲπιγνόντων,
1491 4782 1676 4853 ἀκμὴν
1725 4781 1760 4853 ἠ

101 4879 343 4933 κακία
376 4878 687 4947 ἐπαίρεται,
720 4878 817 4930 καὶ
849 4875 1177 4944 ἀγωνίζεται
1210 4875 1541 4944 καταράξαι.
1582 4878 1757 4944 ’Λγωο

92 4968 389 5025 νιστὲον
422 4968 605 5020 τοίνυν
656 4968 750 5020 καὶ
785 4966 1242 5038 παραφυλακτέον
1287 4968 1381 5020 καὶ
1419 4967 1569 5037 ἡμᾶς
1614 4969 1764 5039 πάσῃ

94 5062 397 5117 συνέσει
423 5058 574 5127 μετὰ
599 5060 788 5128 φόϐου
811 5060 927 5129 τὴν
947 5057 1177 5113 ἑαυτῶν
1216 5059 1522 5127 σωτηρίαν
1558 5076 1765 5128 κατερ-

87 5154 488 5227 γάζεσθαι,
516 5150 702 5215 καθὼς
746 5152 1080 5223 γέγραπται.
1119 5151 1276 5206 Ὅσοι
1296 5147 1392 5208 οὖν
1420 5150 1636 5224 μέτοχοι
1667 5152 1763 5205 τοῦ

89 5243 302 5303 Πνεύ
317 5260 501 5313 ματος
537 5242 777 5314 Χριστοῦ
804 5243 1099 5313 γεγόνατε,
1132 5245 1190 5296 ὲν
1219 5244 1411 5318 μηδενὶ
1448 5246 1762 5317 πράγματι,

86 5342 305 5413 μήτε
358 5337 422 5387 ἐν
472 5334 653 5406 μικρῷ
701 5336 842 5407 μήτε
871 5337 932 5390 ὲν
976 5336 1235 5409 μεγάλῳ,
1271 5340 1764 5411 καταφρονητικῶς

76 5428 463 5498 διατεθῆτε
484 5469 499 5494 ,
527 5429 622 5481 καὶ
648 5428 748 5500 τὴν
779 5429 941 5500 χάριν
968 5428 1065 5482 τοῦ
1096 5429 1413 5501 Πνεύματος
1443 5430 1519 5502 μὴ
1549 5430 1766 5502 ἐνυϐρί-

76 5541 323 5599 σητε,
369 5519 461 5574 ἵνα
494 5519 569 5591 μὴ
610 5520 708 5591 τῆς
749 5519 900 5591 ζωῆς
939 5520 1097 5584 ἐκτὸς
1137 5521 1405 5592 γένησθε,
1439 5516 1509 5594 ἦς
1544 5522 1766 5593 μέτοχοι

68 5622 226 5697 ἤδη
280 5614 602 5685 γεγόνατε.

176 5802 255 5836 ιδ
304 5797 472 5854 Luc.
498 5814 586 5857 xv,
618 5798 671 5851 7.
748 5796 982 5853 “Zach.
1022 5815 1097 5861 si,
1128 5800 1183 5853 2.
1262 5800 1307 5832 ⁸³
1346 5799 1629 5855 Exod.xm
1672 5800 1779 5867 2|;

504 5888 773 5948 Parum“
817 5892 933 5951 Gn.
966 5893 1013 5950 Χ
1030 5892 1255 5951 XXIV.

1869 4610 1934 4664 ad
1957 4610 2059 4664 hos
2087 4608 2289 4680 gradus
2317 4616 2710 4681 pervenemnt,
2732 4608 3016 4678 insurgere
3040 4606 3314 4663 etelevari
3341 4624 3356 4660 :
3388 4615 3445 4661 et

1869 4704 2133 4759 adversus
2154 4719 2270 4765 eos.
2299 4704 2393 4773 qui
2426 4701 2599 4759 Deum
2629 4702 2684 4756 in
2715 4701 2888 4772 gratia
2918 4710 2976 4755 et
3007 4700 3212 4755 virtute
3243 4715 3445 4771 cogno-

1866 4802 2086 4858 verunt,
2118 4793 2299 4847 adhuc
2321 4792 2569 4862 nequitia
2599 4790 2856 4862 insurgit,
2889 4805 2954 4845 ac
2981 4798 3214 4846 conatur
3228 4804 3326 4844 eos
3346 4790 3443 4844 de—

1866 4885 2112 4940 turbare.
2142 4883 2597 4940 Contendendum
2622 4882 2789 4951 igitur
2817 4897 2880 4936 ac
2908 4881 3213 4951 prudenter
3243 4895 3444 4934 caven-

1867 4977 1996 5032 dum
2020 4991 2240 5047 quoque
2270 4975 2431 5029 nobis
2463 4983 2568 5041 est,
2596 4984 2652 5027 ut
2676 4991 2792 5028 cum
2820 4976 3007 5028 timore
3039 4979 3280 5026 nostram
3304 4973 3445 5042 ipso-

1866 5082 1987 5124 rum
2013 5067 2240 5123 salutem
2274 5078 2551 5138 operemur
2570 5064 2637 5129 δθ,
2672 5075 2731 5120 ut
2763 5064 3028 5135 scriptum
3059 5073 3163 5119 est.
3195 5062 3444 5130 Quicun-

1866 5174 1974 5232 que
2005 5160 2171 5232 igitur
2202 5158 2501 5230 participes
2533 5157 2773 5227 Spiritus
2801 5156 3006 5211 Christi
3035 5156 3163 5210 facti
3197 5155 3352 5219 estis,
3389 5155 3445 5209 in

1867 5254 2016 5308 nulla
2051 5267 2132 5315 re,
2168 5252 2283 5307 sive
2332 5264 2499 5321 parva
2540 5250 2656 5305 sive
2687 5263 2917 5319 magna,
2954 5247 3315 5318 contemptim
3369 5247 3446 5301 ita

1864 5347 1986 5403 sitis
2013 5346 2197 5404 animo
2230 5346 2519 5418 dispositi,
2553 5354 2615 5401 ut
2646 5346 2763 5401 haec
2806 5347 3176 5401 contemnatis
3199 5388 3215 5411 ,
3265 5360 3446 5416 neque

1865 5438 2095 5510 gratiam
2156 5437 2398 5511 Spiritus
2462 5441 2798 5497 contumelia
2857 5440 3143 5506 aﬂiciatis,
3206 5456 3277 5497 ne
3333 5442 3443 5495 vita

1864 5530 2177 5602 privemini,
2211 5532 2370 5603 cujus
2392 5531 2690 5603 participes
2716 5531 2848 5588 facti
2879 5532 3068 5587 eratis.

1812 5815 1923 5867 xlv,
1955 5800 2043 5857 l9.
2123 5800 2166 5834 ἰτ
2188 5799 2520 5857 Ezech.xv1.
2560 5802 2595 5857 6
2615 5814 2731 5873 seq.
2807 5803 2853 5836 ⁸³
2890 5801 3130 5876 Philipp.
3159 5819 3219 5870 ιι,
3248 5802 3338 5859 ιε.

2885 5897 2962 5956 19
