3966 6516
572 338 678 405 579

1814 332 1874 394 S.
1915 330 2236 393 MACARII
2274 328 2597 390 IEGYPTII
3702 328 3784 391 580

646 450 711 506 ν.
734 448 847 505 lloc
873 449 1053 519 ipsum
1072 447 1255 505 denuo
1277 446 1331 501 in
1355 445 1461 501 alia
1481 459 1715 517 persona
1730 443 1930 499 dicam.
1950 441 2143 509 Quem-

2324 442 2386 496 E.
2415 440 2528 495 Καὶ
2543 439 2704 494 πάλιν
2730 438 2905 510 ἑτέρῳ
2932 436 3212 511 προσώπῳ
3228 436 3387 503 λέξω.
3407 437 3615 508 Ὠσπερ
3639 440 3788 506 δοῦλος

581 541 878 600 admodum
924 556 1117 597 servus
1163 540 1426 611 palatium
1473 537 1694 607 aliquod
1740 536 2038 606 ingressus,
2084 544 2147 589 ut

578 640 780 689 tractet
813 648 941 688 vasa
961 631 1278 695 ministerii,
1307 646 1374 685 ex
1397 630 1541 699 regis
1568 627 1728 682 bonis
1749 627 1939 693 sumit,
1963 626 2147 681 nudus

576 745 701 784 cum
748 728 863 796 ipse
893 726 1127 787 venerit,
1160 736 1325 793 atque
1365 725 1419 778 in
1456 722 1590 792 ipsis
1608 720 1831 775 vasibus
1867 736 1990 790 quae
2018 727 2147 775 sunt

577 818 744 888 regis,
776 817 1049 871 ministrat
1075 817 1221 886 regi:
1244 823 1500 869 caeterum
1522 813 1613 868 hic
1636 828 1829 884 magna
1853 812 2146 883 prudentia

576 925 641 965 ac
661 909 869 981 judicio
902 924 1039 977 opus
1063 917 1167 969 est,
1198 922 1265 961 ne
1291 916 1489 977 praeter
1518 906 1785 962 decorum
1814 904 1948 975 quid
1976 903 2146 958 mini-

574 1011 731 1063 stret,
766 1002 869 1055 alia
899 1016 997 1071 pro
1030 1000 1155 1054 aliis
1179 1000 1458 1054 esculenta
1488 1014 1771 1070 apponens
1803 998 1966 1069 regia:
1986 1012 2145 1051 men-

574 1110 669 1157 sae,
698 1094 793 1148 sed
828 1104 886 1147 ut
927 1092 1121 1147 ordine
1168 1100 1406 1158 servato,
1450 1092 1627 1162 prima
1671 1102 1833 1161 atque
1864 1100 2143 1161 postrema

574 1196 810 1256 apponat
838 1185 1078 1251 cibaria;
1110 1184 1197 1239 sin
1230 1201 1363 1239 vero
1393 1201 1459 1239 ex
1505 1186 1809 1256 ignorantia
1855 1201 1921 1240 ac
1950 1183 2143 1254 judicii

574 1280 789 1335 defectu
822 1294 932 1333 non
962 1280 1112 1349 juxta
1149 1277 1400 1332 ordinem
1428 1278 1540 1348 regi
1571 1276 1865 1336 ministret.
1895 1276 2145 1347 periculo

573 1370 847 1440 mortique
887 1370 1157 1424 obnoxius
1199 1368 1291 1422 ﬁt:
1321 1369 1401 1423 sic
1428 1378 1483 1424 ct
1504 1369 1705 1433 anima,
1731 1385 1853 1438 qua:
1887 1369 1941 1423 in
1970 1368 2145 1438 gratia

573 1475 630 1519 et
660 1464 867 1533 Spiritu
918 1462 1285 1517 ministerium
1325 1462 1439 1516 Deo
1477 1460 1722 1523 exhibet,
1772 1469 2030 1515 accurato
2057 1461 2146 1531 ju-

575 1555 723 1610 dicio
750 1563 806 1608 et
838 1555 1149 1624 cognitione
1183 1554 1409 1623 indiget,
1446 1569 1516 1607 ne
1549 1552 1681 1623 quid
1717 1553 1937 1608 aberret
1963 1553 2017 1606 in
2044 1568 2143 1607 va-

575 1646 730 1701 sibns
768 1645 989 1712 divinis,
1034 1655 1130 1699 aut
1160 1645 1468 1699 ministerio
1512 1644 1782 1714 spirituali
1814 1687 1829 1711 ,
1864 1644 2142 1715 propriam

574 1739 934 1801 voluntatem,
966 1752 1073 1791 non
1107 1746 1497 1805 congruentem
1533 1737 1740 1808 gratiae,
1779 1737 2011 1792 habens.
2046 1736 2144 1791 Li-

2246 531 2342 585 ὲάν
2380 530 2599 602 εἰσέλθῃ
2630 532 2689 583 ἐν
2713 530 2993 600 παλατίῳ,
3025 528 3373 599 ὑπηρετῆσαι
3413 528 3483 583 τά
3527 531 3683 600 σκεύη
3708 534 3787 601 τῆς

2248 622 2554 694 ὑπηρεσίας
2576 661 2591 684 .
2624 624 2688 676 ὲκ
2728 620 2838 675 τῶν
2868 620 2962 674 τοῦ
3008 620 3274 691 βασιλέως
3299 621 3649 691 ὑπαρχόντων
3673 622 3789 692 λαμ-

2247 714 2401 767 ϐάνει
2420 754 2435 780 ,
2465 714 2629 777 αὐτὸς
2667 714 2725 767 δὲ
2754 712 2960 784 γυμνὸς
2990 713 3327 783 εἰσέρχεται,
3357 712 3454 766 καὶ
3481 714 3539 763 ὲν
3570 716 3676 775 τοῖς
3713 716 3787 768 τοῦ

2246 808 2513 881 βασιλέως
2543 807 2792 861 σκεύεσιν
2835 810 3103 879 ὑπηρετεῖ
3130 807 3207 878 τῷ
3234 807 3477 877 βασιλεῖ·
3508 808 3683 860 λοιπὸν
3704 802 3786 863 ὧδε

2246 900 2449 971 πολλῆς
2492 901 2759 963 συνέσεως
2809 901 2905 954 καὶ
2945 901 3270 971 διακρίσεως
3302 900 3461 971 χρεία
3487 940 3503 963 ,
3564 901 3648 953 ἵνα
3681 906 3788 971 μήτι

2247 995 2400 1065 παρά
2433 993 2494 1047 τὸ
2513 993 2630 1046 δέον
2658 993 2951 1065 διακονήσῃ
2974 1033 2990 1057 ,
3021 994 3156 1047 ἄλλα
3183 996 3304 1047 ἀντὶ
3342 993 3519 1069 ἄλλων
3549 995 3790 1063 ἐδέσματα

2246 1081 2558 1151 εἰσαγαγὼν
2596 1086 2663 1154 τῇ
2714 1083 2810 1137 τοῦ
2852 1084 3115 1153 βασιλέως
3160 1084 3441 1156 τραπέζῃ,
3491 1085 3627 1138 ἀλλά
3675 1088 3791 1140 κατὰ

2246 1177 2569 1231 ἀκολουθίαν
2598 1178 2666 1231 τά
2694 1178 2888 1247 πρῶτα
2908 1179 3002 1232 καὶ
3040 1180 3110 1233 τὰ
3139 1179 3340 1249 ἔσχατα
3369 1179 3591 1250 παραϐῇ
3621 1182 3753 1234 σιτία
3775 1199 3787 1211 ·

2247 1270 2295 1321 εί
2339 1268 2394 1320 δὲ
2437 1270 2577 1323 κατὰ
2614 1271 2839 1337 ἄγνοιαν
2883 1273 2976 1324 καὶ
3017 1270 3365 1342 άδιακρισίαν
3414 1272 3489 1342 μὴ
3524 1273 3791 1344 ὃιακονήσῃ

2246 1359 2323 1427 τῷ
2375 1358 2586 1429 βασιλεί
2629 1361 2896 1432 καθεξῆς,
2932 1363 3177 1417 κινδύνου
3227 1366 3323 1417 καὶ
3366 1365 3597 1419 θανάτου
3642 1366 3793 1435 ἔνοχος

2245 1453 2505 1528 τυγχάνει
2532 1468 2545 1481 ⁸
2570 1452 2742 1517 οὕτως
2762 1454 3019 1524 καὶψυχὴ
3041 1457 3099 1507 ὲν
3124 1459 3190 1527 τῇ
3222 1457 3407 1528 χάριτι
3428 1458 3521 1509 καὶ
3552 1457 3632 1525 τῷ
3652 1458 3795 1509 Ilva}.

2250 1560 2383 1613 ματι
2428 1524 2759 1599 διακονοῦσα
2802 1546 2881 1616 τῷ
2931 1547 3052 1617 Θεῷ
3074 1530 3323 1618 ,’πολλῆς
3373 1550 3693 1615 διακρίσεως
3720 1553 3795 1603 καὶ

2245 1634 2501 1705 γνώσεως
2532 1636 2724 1708 χρῄζει
2750 1677 2766 1701 ,
2798 1639 2946 1702 ὅπως
2975 1641 3105 1710 μήτι
3135 1642 3311 1712 σφαλῇ
3343 1645 3399 1695 ὲν
3423 1646 3536 1705 τοῖς
3567 1643 3658 1695 τοῦ
3685 1644 3796 1697 Θεοῦ

2248 1728 2522 1797 σκεύεσιν,
2563 1732 2733 1801 ῆγουν
2776 1734 2843 1802 τῇ
2888 1731 2984 1785 τοῦ
3025 1732 3345 1803 Πνεύματος
3392 1736 3676 1805 διακονίᾳ,
3717 1738 3799 1807 τὴν

574 1840 662 1885 cet
692 1829 861 1893 enim,
909 1838 970 1883 ut
1015 1828 1206 1897 utique
1238 1828 1293 1881 in
1328 1797 1634 1882 ministerio
1664 1826 1959 1897 spirituali,
1994 1826 2143 1895 quod

2252 1822 2389 1875 ἰδίαν
2414 1797 2734 1894 προαίρεσιν
2762 1797 2842 1895 μῆ
2868 1797 3267 1896 συμφωνοῦσαν
3295 1832 3364 1898 τῇ
3389 1830 3576 1899 χάριτι

572 1924 713 1977 clam
769 1936 868 1991 per
912 1921 1231 1976 interiorem
1284 1921 1559 1974 hominem
1615 1920 1917 1991 peragitur,
1978 1927 2035 1975 et
2088 1919 2143 1973 in

572 2014 815 2086 propriis
852 2014 1095 2076 vasibus,
1132 2014 1237 2067 hoc
1285 2021 1387 2077 est,
1436 2012 1634 2083 spiritu
1684 2013 1931 2083 proprio,
1964 2011 2147 2067 anima

574 2106 806 2161 Domino
849 2106 1148 2160 ministret.
1194 2105 1417 2175 Absque
1464 2121 1597 2161 vero
1630 2106 1728 2161 Dei
1762 2106 2006 2170 vasibus,
2040 2106 2146 2160 hoc

572 2205 680 2261 est,
712 2197 918 2266 absque
959 2197 1154 2267 gratia,
1201 2197 1538 2267 impossibile
1568 2206 1653 2253 est
1679 2198 1992 2268 quempiam
2032 2197 2146 2252 Deo

573 2288 805 2356 servire,
838 2289 943 2345 hoc
969 2296 1055 2344 est
1093 2289 1313 2359 placere
1359 2288 1415 2343 in
1457 2303 1787 2359 quacunque
1813 2288 1911 2344 Dei
1949 2289 2146 2345 volun-

573 2390 707 2439 tate.

646 2543 737 2599 VI.
776 2542 847 2599 At
881 2542 975 2599 ubi
1003 2542 1277 2613 acceperit
1309 2534 1557 2613 gratiam,
1604 2551 1719 2598 tum
1766 2557 1979 2597 summa
2008 2558 2149 2613 pru-

576 2633 764 2689 dentia
794 2640 956 2702 atque
980 2631 1189 2703 judicio
1221 2647 1361 2703 opus
1384 2641 1486 2696 est,
1514 2648 1636 2703 quae
1659 2632 1827 2688 etiam
1864 2632 1981 2703 ipsa
2009 2646 2147 2687 eon-

574 2727 722 2782 cedit
755 2727 901 2781 Deus
924 2726 1119 2781 anima:
1145 2742 1176 2780 a
1200 2742 1258 2783 se
1286 2727 1609 2797 postulanti,
1646 2735 1708 2781 ut
1737 2726 2064 2797 gravissima
2092 2725 2144 2781 ei

571 2819 744 2889 possit
771 2818 1034 2873 exhibere
1056 2818 1278 2873 servitia
1304 2817 1359 2873 in
1380 2818 1613 2888 Spiritu,
1641 2833 1807 2888 quem
1831 2817 2061 2888 accipit;
2089 2825 2147 2873 et

572 2911 629 2967 in
660 2912 813 2967 nullo
835 2912 1088 2966 vincatur
1108 2927 1140 2966 a
1163 2910 1370 2965 malitia
1393 2920 1557 2981 atque
1588 2910 1836 2976 fallatur,
1864 2925 1963 2981 per
1989 2910 2146 2981 igno-

573 3007 829 3068 rantiam,
860 3003 1225 3059 temeritatem
1255 3018 1320 3058 ac
1342 3003 1730 3075 negligentiam
1761 3020 1974 3068 aversa,
2003 3016 2147 3074 pra:-

575 3108 769 3167 terque
821 3095 1082 3151 decorum
1123 3095 1415 3151 Dominicaa
1444 3095 1743 3151 voluntatis
1794 3097 1975 3151 omnia
2018 3112 2145 3167 per-

573 3205 741 3261 agens
766 3206 779 3242 :
803 3188 929 3259 quia
960 3187 1312 3258 supplicium,
1346 3202 1501 3242 mors
1535 3197 1590 3243 et
1613 3188 1798 3243 luctus
1828 3187 2139 3260 hujusmodi

578 3280 688 3351 54,
716 3279 953 3334 animam
989 3286 1193 3332 manet.
1238 3278 1394 3344 Quod
1425 3277 1592 3335 etiam
1636 3278 1796 3334 divus
1847 3278 2143 3348 Apostolus

573 3373 713 3428 dixit
746 3390 758 3426 :
790 3372 867 3427 Ne
899 3372 1034 3442 forte
1056 3388 1175 3425 cum
1203 3370 1323 3425 aliis
1354 3372 1768 3442 pradicaverim,
1818 3372 1928 3441 ipse
1960 3388 2143 3442 repro-

573 3464 668 3518 bus
698 3465 891 3534 efﬁciar
926 3464 992 3516 δ’.
1024 3462 1189 3518 Vides
1216 3478 1339 3517 cum
1376 3462 1472 3517 Dei
1518 3463 1797 3533 apostolus
1828 3471 1995 3528 esset,
2033 3478 2144 3534 quo

571 3556 737 3610 fuerit
764 3556 995 3611 timore?
1022 3553 1389 3610 Obsecremus
1415 3554 1580 3625 igitur
1603 3555 1914 3621 Dominum,
1947 3563 2006 3610 ut
2028 3571 2145 3612 ser-

568 3645 766 3699 vitium
795 3644 1033 3714 Spiritus
1053 3645 1353 3700 secundum
1370 3646 1709 3701 voluntatem
1732 3647 1854 3717 ejus
1875 3646 1931 3701 in
1951 3648 2145 3716 primis

568 3737 947 3801 exhibeamus,
1006 3737 1323 3808 quicunque
1369 3736 1553 3808 gratia:
1605 3736 1806 3792 divinae
1850 3736 2144 3807 participes

568 3829 698 3885 facti
744 3845 955 3895 sumus,
987 3845 1168 3900 neque
1213 3838 1396 3885 mente
1427 3828 1495 3883 ad
1539 3837 1919 3899 contemptum
1951 3827 2141 3899 dispo-

568 3926 674 3977 sita
707 3924 1085 3987 convivamus,
1118 3932 1177 3976 ut
1205 3921 1311 3977 hoc
1344 3920 1507 3976 modo
1534 3922 1843 3993 gratissima
1868 3922 1981 3976 Deo
2009 3936 2142 3975 con-

566 4018 879 4073 versatione
923 4023 1164 4079 utentes,
1212 4030 1277 4070 ac
1323 4013 1598 4085 spirituali
1642 4014 1794 4068 cultu
1836 4013 2141 4069 secundum

564 4110 903 4165 voluntatem
943 4110 1062 4181 ejus
1091 4109 1168 4163 illi
1205 4110 1601 4175 ministrantes,
1627 4118 1847 4165 (eterna:
1875 4108 2001 4163 vitae
2028 4107 2141 4162 ha:-

566 4202 857 4258 reditatem
889 4217 1200 4258 cernamus.

635 4294 749 4350 VII.
780 4289 978 4350 Morbo
1018 4296 1064 4350 si
1113 4295 1238 4364 quis
1284 4296 1517 4359 laborat,
1558 4304 1737 4350 tamen
1770 4294 1888 4350 ﬁeri
1937 4302 2139 4366 potest,

567 4395 629 4442 ut
658 4387 705 4441 is
734 4388 977 4441 membra
1004 4387 1255 4456 quaedam
1290 4388 1455 4442 illtesa
1482 4401 1547 4442 ac
1577 4402 1707 4442 sana
1737 4387 1957 4452 habeat,
2001 4401 2139 4442 ocu-

2253 1916 2409 1969 Ἔστι
2446 1915 2556 1988 γὰρ
2600 1918 2659 1969 ὲν
2684 1919 2750 1988 τῇ
2784 1917 2880 1971 τοῦ
2926 1918 3244 1989 Πνεύματος
3288 1922 3537 1993 διακονίᾳ
3567 1924 3799 1993 κρυπτῶς

2249 2007 2354 2062 ὑπὸ
2386 2009 2481 2061 τοῦ
2525 2009 2634 2063 ἔσω
2675 2010 2961 2082 ἀνθρώπου
3005 2014 3400 2085 ἐπιτελουμένη
3424 2056 3439 2080 ,
3488 2017 3589 2070 καὶ
3629 2018 3685 2068 ὲν
3710 2019 3800 2079 τοὶς

2251 2097 2404 2161 ἰδίοις
2438 2098 2660 2153 σκεύεσι
2687 2140 2702 2165 ,
2735 2101 2984 2159 τουτέστι
3024 2101 3104 2173 τῷ
3144 2104 3421 2174 πνεύματι
3445 2104 3618 2157 αὑτοῦ
3645 2104 3799 2158 διακο-

2248 2189 2457 2244 νεῖσθαι
2486 2190 2578 2245 τὸν
2621 2190 2828 2265 Κύριον
2872 2192 2980 2247 ὑπὸ
3020 2193 3118 2264 τῆς
3156 2193 3360 2265 ψυχῆς.
3415 2196 3581 2248 Ἄνευ
3620 2195 3676 2247 δὲ
3713 2197 3802 2249 τῶν

2247 2284 2417 2340 αὑτοῦ
2446 2286 2682 2351 σκευῶν,
2711 2288 2962 2343 τουτέστι
2988 2289 3089 2357 τῆς
3130 2289 3354 2360 χάριτος
3372 2331 3387 2355 ,
3416 2291 3683 2344 ἀδύνατόν
3703 2308 3801 2343 τινα

2245 2379 2326 2450 τῷ
2349 2379 2469 2450 Θεῷ
2492 2380 2831 2451 διακονῆσαι,
2851 2382 3153 2449 τουτέστιν,
3170 2384 3535 2455 εὐαρεστῆσαι
3555 2387 3636 2447 είς
3650 2386 3800 2439 πάντα

2246 2472 2317 2525 τὰ
2348 2471 2444 2525 τοῦ
2477 2472 2611 2526 Θεοῦ
2646 2472 2952 2544 θελήματα.

2319 2566 2412 2632 ς’.
2454 2565 2566 2618 Καὶ
2592 2566 2721 2618 ὅταν
2758 2566 2898 2637 λάϐῃ
2949 2566 3049 2639 τὴν
3097 2567 3281 2639 χάριν,
3331 2570 3428 2623 καὶ
3469 2570 3597 2623 τότε
3631 2569 3801 2640 πολλῆς

2248 2655 2521 2720 συνέσεως
2575 2657 2671 2712 καὶ
2702 2656 3024 2729 διακρίσεως
3067 2659 3261 2730 χρεία,
3328 2660 3475 2731 άπερ
3524 2662 3623 2714 καὶ
3656 2662 3803 2715 ταῦτα

2246 2747 2410 2811 αὑτὸς
2438 2748 2652 2802 δίδωσιν
2684 2750 2822 2821 αὐτῇ
2869 2750 3105 2822 ζητούσῃ
3145 2754 3297 2821 παρὰ
3325 2751 3461 2805 Θεοῦ
3482 2792 3497 2814 ,
3558 2754 3701 2815 ὅπως
3727 2755 3797 2805 εὑο

2247 2840 2493 2911 αρέστως
2514 2841 2661 2912 αύτῷ
2685 2842 2981 2915 διακονήσῃ
3004 2845 3061 2897 ὲν
3078 2844 3156 2915 τῷ
3179 2845 3457 2916 Πνεύματι
3484 2846 3518 2899 ὃ
3539 2845 3800 2915 λαμδάνει,

2246 2935 2342 2988 καὶ
2372 2934 2430 2987 ὲν
2470 2936 2661 3005 μηδενὶ
2699 2939 2877 3009 κρατῇ
2929 2938 3037 2991 ὑπὸ
3066 2939 3166 3009 τῆς
3216 2940 3414 3002 κακίας
3474 2941 3572 2992 καὶ
3624 2940 3798 3008 σφαλῇ,

2247 3026 2354 3080 ὑπὸ
2390 3028 2615 3096 ἀγνοίας
2662 3031 2756 3083 καὶ
2794 3030 3028 3100 ἀφοόίας
3073 3034 3167 3086 καὶ
3214 3034 3479 3104 ἀμελείας
3539 3053 3800 3105 παρατραο

2170 3141 2212 3199 C
2247 3121 2444 3184 πεῖσα,
2476 3121 2571 3174 καὶ
2600 3120 2753 3192 παρὰ
2784 3123 2845 3175 τὸ
2875 3122 2994 3179 δέον
3024 3124 3120 3178 τοῦ
3154 3127 3483 3179 Δεσποτικοῦ
3521 3127 3799 3196 διαπραξσο

2248 3214 2383 3285 μένη
2424 3213 2764 3285 θελήματος.
2811 3216 2937 3271 ἐπεὶ
2976 3220 3247 3291 τιμωρία,
3283 3222 3378 3274 καὶ⁸
3426 3221 3692 3284 θάνατος,
3724 3222 3803 3273 καὶ

2244 3304 2441 3368 πένθος
2466 3310 2533 3378 τῇ
2561 3310 2787 3385 τοιαύτῃ
2818 3308 2968 3365 ἔσται
2995 3310 3139 3381 ψυχῇ
3169 3329 3182 3341 ·
3218 3311 3246 3362 ὅ
3276 3312 3371 3364 καὶ
3408 3312 3439 3364 δ
3468 3311 3617 3373 θεῖός
3661 3328 3801 3379 φησιν

2257 3397 2598 3465 ’Λπόστολοςο
2616 3403 2712 3472 Μή
2738 3419 2863 3470 πως
2886 3404 3099 3470 ἄλλοις
3120 3404 3385 3473 κηρύξας
3407 3405 3596 3470 αὐτὸς
3624 3404 3803 3457 ἀδόκι-

2239 3505 2355 3559 μσς
2382 3489 2637 3561 γένωμαι
2660 3509 2674 3523 ⁸
2704 3495 2837 3567 δρᾷς
2856 3535 2871 3559 ,
2911 3495 3208 3559 ἀπόστολος
3262 3495 3337 3548 ὢν
3365 3496 3461 3549 τοῦ
3503 3496 3641 3550 Θεοῦ
3661 3536 3676 3557 ,
3707 3491 3802 3548 οἷον

2244 3575 2358 3651 εἶχε
2398 3582 2587 3649 φόϐονς
2620 3586 3101 3657 Παρακαλέσωμεν
3144 3588 3324 3641 τοίνυν
3344 3588 3435 3641 τὸν
3470 3587 3630 3652 Θεὸν,
3666 3589 3802 3648 ὅπως

2242 3671 2345 3741 τὴν
2376 3673 2651 3729 διακονίαν
2682 3674 2777 3728 τοῦ
2808 3676 3122 3746 Πνεύματος
3152 3677 3291 3730 κατά
3322 3678 3383 3729 τὸ
3412 3678 3581 3730 αὑτοῦ
3609 3678 3800 3745 θέλημα

2243 3762 2656 3837 διακονήσωμεν
2686 3767 2999 3839 ἐξαιρέτως,
3035 3770 3148 3822 ὅσοι
3175 3772 3273 3839 τῆς
3304 3770 3529 3839 χάριτος
3564 3770 3657 3823 τοῦ
3680 3768 3801 3822 Θεοῦ

2243 3854 2531 3927 ἐτύχομεν,
2552 3858 2647 3913 καὶ
2675 3859 2751 3930 μὴ
2772 3863 2840 3931 τῇ
2861 3864 3308 3931 καταφρονητικῇ
3338 3861 3596 3932 συζῶμεν
3621 3863 3799 3931 Emis,

2242 3947 2332 4001 ῐνα
2386 3946 2562 4013 οὕτως
2606 3950 2915 4022 εὐαρέστως
2965 3951 3115 4022 αύτῷ
3166 3954 3623 4022 πολιτευσάμενοι
3648 3996 3663 4019 ,
3725 3956 3803 4007 καὶ

2242 4045 2593 4114 πνευματικῇ
2623 4042 2848 4117 λατρεία
2876 4048 3017 4100 κατὰ
3047 4047 3107 4100 τὸ
3140 4046 3352 4116 θέλημα
3387 4048 3555 4101 αὑτοῦ
3590 4049 3803 4118 λατρεύο

2244 4146 2437 4196 σαντες
2467 4132 2651 4204 αὐτῷ,
2688 4134 2788 4206 τὴν
2821 4134 3039 4189 αἰώνιον
3074 4134 3223 4207 ζωὴν
3252 4138 3773 4210 κληρονομήσωμεν.

2314 4314 2388 4368 Z'.
2438 4313 2750 4369 ’Acaevetav
2778 4314 3086 4386 περίκειται
3114 4332 3231 4380 τις,
3266 4332 3363 4369 κα.
3388 4314 3677 4386 συμϐαίνει
3697 4314 3803 4367 τινὰ

2246 4405 2383 4476 μέλη
2418 4405 2565 4477 ἔχειν
2596 4407 2758 4460 αὑτὸν
2789 4406 2955 4475 ὑγιᾶ,
2984 4406 3262 4476 ὀφθαλμὸν
3296 4408 3429 4470 ἴσως
3466 4406 3665 4476 ὅψεως,
3702 4408 3734 4475 ἦ
3760 4422 3804 4456 τι

566 4479 684 4533 lum
713 4477 973 4534 videlicet
1000 4478 1251 4543 visionis,
1282 4488 1377 4533 aut
1419 4478 1566 4533 aliud
1599 4478 1910 4534 membrum
1946 4496 1961 4533 ε
2007 4478 2139 4533 reli-

2246 4498 2454 4571 ἒτερον,
2486 4498 2624 4553 ἀλλὰ
2656 4500 2728 4553 τὰ
2764 4499 2928 4553 λοιπὰ
2958 4500 3098 4570 μέλη
3129 4500 3460 4569 ἠφάνισται·
3505 4499 3677 4561 οὕτως
3701 4497 3804 4550 ἐστὶ

566 4590 674 4643 qua
703 4590 834 4630 vero
868 4574 1109 4629 membra
1133 4574 1448 4629 aﬂiciuntur
1479 4593 1493 4629 :
1524 4573 1604 4630 sic
1633 4590 1851 4644 quoque
1886 4575 2051 4629 habet
2081 4590 2141 4631 se

566 4683 657 4722 res
687 4667 742 4722 in
767 4666 1164 4737 spiritualibus.
1187 4665 1476 4721 Probabile
1496 4676 1600 4731 est,
1632 4669 1944 4737 quempiam
1968 4682 2143 4721 mem-

566 4758 664 4814 bra
711 4759 941 4830 spiritus
980 4760 1084 4814 tria
1129 4760 1335 4815 habere
1384 4775 1535 4827 sana,
1572 4760 1668 4816 sed
1700 4776 1809 4814 non
1852 4771 2140 4831 propterea

565 4851 845 4924 perfectus
868 4861 971 4906 cst.
1003 4850 1171 4907 Vides
1198 4860 1333 4922 quot
1356 4852 1559 4924 gradus
1585 4863 1643 4908 et
1668 4852 1815 4907 modi
1846 4852 1959 4908 sint
1980 4853 2142 4923 spiri-

566 4956 655 4999 tus
686 4962 701 4997 :
733 4944 1009 5013 quomodo
1055 4958 1154 5014 per
1198 4952 1382 5015 partes
1429 4944 1727 5000 defmcetur
1765 4959 1830 4999 ac
1858 4945 2141 4999 minuatur

562 5034 794 5100 malitia,
820 5044 877 5089 et
905 5050 1015 5089 non
1041 5051 1150 5089 uno
1186 5048 1487 5091 momento.
1520 5035 1809 5109 Universa,
1837 5052 1960 5107 quae
1987 5044 2137 5099 sunt,

563 5122 911 5193 providentia
933 5139 999 5177 ac
1019 5122 1428 5193 dispensatione
1450 5124 1638 5179 divina
1666 5124 1826 5187 ﬁunt,
1853 5134 1968 5179 tum
1990 5124 2138 5194 quod

562 5200 776 5269 oriatur
826 5216 931 5279 sol,
976 5224 1091 5270 tum
1122 5217 1269 5287 quod
1295 5232 1487 5272 omnes
1512 5225 1778 5272 creatura":
1804 5226 2029 5287 propter
2054 5233 2142 5272 re-

562 5325 756 5379 gnum,
782 5308 928 5378 quod
947 5308 1301 5364 hzercditario
1322 5312 1444 5381 jure
1464 5326 1715 5381 possessu
1726 5310 1769 5364 ri
1804 5320 1933 5365 sunt
1954 5311 2138 5375 electi,

561 5398 719 5453 factze
745 5399 877 5466 sint,
906 5407 965 5453 ut
982 5400 1269 5472 paciﬁcum
1297 5416 1361 5455 ac
1387 5417 1455 5457 ex
1483 5402 1777 5457 concordia
1798 5404 2138 5459 constituant

563 5506 814 5560 regnum.

630 5584 766 5637 \‘lll.
804 5583 1017 5638 Debent
1043 5585 1211 5656 igitur
1240 5584 1537 5644 Christiani
1563 5604 1662 5661 per
1692 5604 1871 5645 omnia
1909 5601 2137 5648 conten-

637 5769 682 5802 “
720 5769 743 5825 1
770 5768 899 5827 Cor.
929 5787 1003 5838 rx,
1034 5771 1125 5827 ‘27.

2242 4592 2340 4646 καὶ
2368 4593 2450 4656 είς
2480 4594 2544 4646 τὸ
2574 4594 2966 4664 πνευματικόν.
2996 4594 3158 4657 Είκὸς
3190 4612 3314 4647 τινα
3337 4594 3484 4663 ἔχειν
3514 4595 3645 4661 ὑγιᾶ
3682 4592 3802 4662 μέλη

2240 4683 2335 4737 τοῦ
2364 4686 2676 4753 πνεύματος
2711 4685 2875 4754 τρία,
2927 4685 3043 4738 ἀλλ’
3090 4686 3150 4737 οὑ
3204 4686 3357 4755 παρά
3412 4686 3568 4739 τοῦτο
3615 4686 3803 4743 τέλειός

2243 4778 2410 4831 ἐστιν.
2459 4776 2622 4848 Ὁρᾷς
2654 4777 2811 4831 πόσοι
2839 4778 3037 4849 βαθμοί
3060 4780 3166 4832 είσι
3198 4781 3292 4833 καὶ
3323 4780 3498 4850 μέτρα
3522 4778 3618 4832 τοῦ
3655 4778 3805 4829 πνεύ-

2245 4882 2433 4936 ματοςο
2467 4866 2584 4930 πῶς
2619 4865 2760 4920 κατά
2805 4868 2971 4937 μέρος
3006 4868 3303 4933 διὺλίζεται
3355 4871 3450 4923 καὶ
3492 4868 3803 4923 λεπτύνεται

2242 4958 2303 5010 τὸ
2332 4957 2524 5021 κακὸν,
2547 4960 2642 5012 καὶ⁵
2672 4960 2774 5031 οὑχ
2804 4960 2972 5025 ἅπαξ.
3000 4962 3136 5033 Ὄλη
3158 4964 3191 5032 ὴ
3228 4964 3454 5033 πρόνοια
3485 4965 3575 5016 καὶ
3609 4965 3805 5016 οἰκον»-

2246 5049 2344 5118 μία
2374 5047 2470 5102 τοῦ
2504 5049 2746 5122 Κυρίου,
2778 5052 2874 5106 καὶ
2917 5053 2981 5106 τδ
3014 5054 3330 5109 ἀνατέλλειν
3377 5056 3467 5109 τὸν
3497 5057 3672 5126 ἥλιον,
3719 5056 3804 5106 καὶ

2242 5141 2421 5195 πάντα
2471 5142 2540 5195 τά
2573 5142 3078 5215 δημιουργήματα,
3113 5146 3202 5200 διὰ
3250 5148 3351 5218 τῆν
3404 5148 3705 5217 βασιλείαν,
3745 5149 3806 5214 ἢν

2245 5233 2500 5302 μέλλουσι
2530 5233 2888 5306 κληρονομεῖν
2925 5237 2975 5290 οξ
3009 5237 3257 5291 ἐκλεκτοὶ⁸
3277 5279 3294 5303 ,
3317 5240 3570 5307 γεγόνασι
3589 5282 3607 5305 ,
3637 5240 3724 5291 διά
3750 5239 3804 5288 τὸ

2239 5326 2339 5395 τὴν
2368 5326 2651 5397 εἰρηνικὴν
2678 5328 2773 5381 καὶ
2804 5328 2924 5381 καθ’
2948 5330 3203 5399 ὁμόνοιαν
3228 5332 3486 5401 συστῆναι
3509 5331 3802 5401 βασιλείαν.

2315 5594 2397 5651 H'.
2451 5594 2787 5664 Ὀφείλουσιν
2814 5593 2909 5652 οῦν
2946 5598 2994 5651 οἱ
3018 5596 3337 5667 λριστιανοὶ
3358 5600 3438 5661 εἰς
3462 5595 3638 5649 πάντα
3662 5594 3803 5663 ἀγω-
