3966 6556
209 336 304 405 581

1436 332 1804 398 ΗΟΜΙΙᾸᾸΞ.

1830 358 1899 369 --
1923 333 2109 395 ΗΘΜ.
2151 335 2274 396 XV.
3351 329 3455 395 582

208 452 467 521 νίζεσθαι,
519 451 614 509 καὶ
644 453 780 525 μήτε
815 452 1022 524 κρίνειν
1063 449 1200 513 ὅλως
1247 446 1406 515 τινὰ,
1454 448 1532 519 μὴ
1576 439 1782 519 πόρνην

1901 438 2040 509 lere,
2091 458 2269 518 neque
2318 447 2544 503 omnino
2564 446 2817 518 judicare
2855 447 3187 516 quempiam,
3226 462 3295 502 ne
3329 448 3455 517 qui-

208 548 584 620 προεστῶσαν,
618 547 691 617 μὴ
719 545 1098 618 ἁμαρτωλοὺς,
1124 540 1156 615 ἢ
1181 534 1468 612 ἀτάκτους,
1496 538 1608 595 ἀλλ*
1635 541 1778 611 ἀπλῇ

207 641 523 713 προαιρέσει
571 641 666 693 καὶ
709 637 935 709 καθαρῷ
967 635 1231 707 ὀφθαλμῷ
1276 634 1483 696 πάντας
1523 634 1677 704 δρᾷν,
1714 620 1781 685 iv‘

206 735 425 806 ὑπάρχῃ
452 732 612 786 τοῦτό
642 750 749 785 τινι
788 730 862 794 ὠς
908 729 1138 797 φυσικὸν
1166 728 1260 781 καὶ
1306 725 1535 798 πηκτὸν,
1577 724 1781 794 μηδένα

206 825 521 891 ὲξουδενεῖν,
560 825 698 894 μήτε
723 820 1059 891 ἀνακρίνειν,
1080 819 1113 891 ἢ
1137 817 1542 890 βδελύσσεσθαι,
1576 816 1609 887 ἦ
1639 815 1784 885 ἔχειν

206 916 399 978 αὐτοὺς
426 915 484 967 ὲν
515 911 803 983 διακρίσει.
834 909 1229 979 Μονόφθαλμον
1251 908 1347 961 ἐὰν
1382 907 1496 978 ἴδῃς
1520 947 1536 970 ,
1564 907 1641 977 μὴ
1670 906 1786 959 δια-

206 1007 402 1079 κριθῇς
440 1006 499 1058 ἐν
538 1007 603 1074 τῇ
651 1003 848 1074 καρδίᾳ
878 1019 973 1055 σου
995 1043 1010 1064 ,
1044 1001 1159 1054 ἀλλ’
1188 1000 1263 1063 ὡς
1291 1001 1433 1067 ύγιεί
1467 998 1616 1070 αὐτῷ
1648 996 1783 1068 πρόι

209 1116 354 1169 σχες·
385 1096 476 1151 τὸν
523 1097 713 1166 ἔχοντα
744 1096 945 1166 κυλλὴν
991 1094 1090 1163 τὴν
1129 1094 1315 1164 χεῖρα,
1354 1091 1429 1155 ὼς
1480 1093 1555 1163 μὴ
1592 1094 1786 1147 κεκυλ-

203 1189 461 1260 λωμὲνην
498 1188 573 1241 ἴδε
594 1230 609 1253 ,
644 1188 736 1240 τὸν
764 1187 936 1258 χωλὸν
966 1184 1041 1248 ὡς
1078 1184 1259 1255 ὀρθὸν,
1291 1183 1383 1237 τὸν
1416 1185 1787 1257 παραλυτικὸν

205 1281 283 1344 ὡς
310 1281 641 1349 ὑγιαίνοντα·
668 1278 804 1349 αὕτη
830 1278 937 1347 γάρ
957 1279 1104 1329 ἐστιν
1125 1278 1157 1344 ἡ
1188 1276 1499 1346 καθαρότης
1526 1278 1623 1349 τῆς
1650 1296 1788 1347 καρο

205 1374 326 1437 δίας
349 1413 365 1437 ,
401 1372 489 1426 ἵνα
519 1371 641 1425 ἰδὼν
664 1372 791 1434 τοὺς
824 1369 1186 1440 ἁμαρτωλοὺς
1218 1369 1250 1440 ἦ
1285 1368 1533 1433 ἀσθενεῖς
1562 1384 1786 1441 συμπα-

208 1465 384 1539 θὴσῃς
403 1508 418 1530 ,
448 1465 543 1518 καὶ
575 1463 946 1533 εὔσπλαγχνος
975 1461 1059 1515 ἐπ’
1102 1462 1286 1526 αὐτοῖς
1314 1465 1467 1533 γενῇ·
1501 1462 1787 1533 συμϐαίνει

206 1557 317 1626 γὰρ
345 1556 438 1610 καὶ
467 1555 653 1625 ἀγίους
699 1553 908 1627 Κυρίου
961 1552 1283 1618 καθέζεσθαι
1315 1555 1397 1617 εἰς
1441 1553 1643 1624 θέατρα
1695 1554 1791 1607 καὶ

208 1649 432 1721 βλέπειν
460 1650 558 1716 τὴν
595 1645 809 1719 ἀπάτην
845 1646 937 1700 τοῦ
968 1648 1175 1717 κόσμου
1196 1663 1211 1676 ·
1244 1646 1399 1701 αὐτοὶ
1438 1643 1493 1699 δὲ
1526 1646 1667 1700 κατά
1696 1646 1789 1700 τὸν

208 1739 322 1794 [σω
348 1740 636 1811 ἄνθρωπον
664 1739 885 1794 λαλοῦσι
919 1740 1055 1811 μετὰ
1083 1739 1175 1793 τοῦ
1201 1737 1337 1792 Θεοῦ
1358 1779 1373 1802 ,
1406 1739 1502 1793 καὶ
1530 1738 1671 1793 κατά
1694 1738 1789 1791 τὸν

211 1832 321 1901 ἔξω
342 1833 627 1905 ἄνθρωπον
653 1833 938 1903 φαίνονται
958 1834 1069 1895 τοῖς
1094 1832 1389 1903 ὀφθαλμοῖς
1419 1831 1495 1897 ὼς
1526 1831 1789 1903 θεωροῦν-

212 1940 305 1988 τες
333 1921 403 1976 τὰ
440 1925 498 1976 ὲν
526 1920 604 1992 τῷ
633 1922 826 1993 κόσμῳ
853 1921 1136 1992 γινόμενα.

288 2105 367 2159 Θ¹.
406 2102 607 2173 Ἀλλην
639 2096 732 2155 οῦν
758 2100 973 2171 ἔχουσιν
997 2100 1049 2154 οἱ
1078 2100 1332 2171 κοσμικοὶ
1361 2099 1641 2169 ἐνέργειαν
1686 2099 1792 2154 ὑπὸ

221 2199 319 2252 τοῦ
340 2195 643 2267 πνεύματος
671 2194 769 2265 τῆς
797 2190 1004 2265 πλάνης
1038 2191 1131 2247 τοῦ
1159 2196 1374 2264 φρονεῖν
1406 2194 1476 2248 τά
1507 2196 1691 2266 γήϊνα.
1725 2194 1791 2247 0t

222 2289 283 2344 δὲ
311 2286 625 2360 Χριστιανοὶ
653 2286 821 2356 ἀλλην
852 2286 1033 2355 έχουσι
1065 2283 1410 2356 προαίρεσιν,
1460 2286 1617 2340 ἄλλον
1642 2284 1791 2351 νοῦν,

219 2380 383 2434 ἄλλου
402 2378 593 2441 αἰῶνός
624 2374 781 2439 εἰσιν,
814 2375 981 2447 ἄλλης
1004 2374 1235 2438 πόλεως.
1273 2374 1497 2445 Πνεῦμα
1521 2376 1629 2447 γὰρ
1656 2374 1794 2428 Θεοῦ

217 2472 470 2524 κοινωνεῖ
497 2468 617 2533 ταῖς
643 2466 842 2539 ψυχαῖς
881 2467 1082 2526 αὐτῶν,
1119 2463 1217 2519 καὶ
1246 2466 1622 2521 καταπατοῦσι
1646 2467 1797 2520 ἀντι-

216 2566 495 2635 κείμενον.
521 2563 838 2631 Γέγραπται
855 2560 963 2632 γάρ
983 2578 997 2591 ·
1017 2557 1320 2629 Ἔσχατος
1341 2559 1553 2629 ἐχθρὸς
1582 2575 1798 2627 καταρ-

216 2656 409 2726 γεῖται
455 2656 488 2709 ὁ
532 2653 805 2718 θάνατος.
861 2652 925 2705 0t
971 2650 1081 2722 γάρ
1112 2649 1389 2714 θεοσεϐεῖς
1429 2650 1648 2704 πάντων
1692 2650 1801 2704 εἰσὶ

214 2747 502 2799 δεσπόται.
540 2743 709 2798 Πάλιν
742 2741 797 2795 δὲ
835 2742 885 2795 oi
919 2740 1109 2813 χαῦνοι
1137 2744 1206 2812 τῇ
1234 2741 1457 2806 πίστει,
1492 2741 1588 2797 καὶ⁸
1617 2743 1801 2816 ἀμαρ-

214 2836 421 2902 τωλοὶ,
453 2835 589 2898 ὅλως
626 2834 734 2887 etot
768 2833 975 2898 δοῦλοι,
1011 2832 1243 2905 καὶπῦρ
1270 2832 1466 2897 αὐτοὺς
1504 2824 1672 2901 καίει,
1706 2837 1803 2889 καὶ

214 2926 370 2991 λίθος
395 2925 490 2979 καὶ
514 2924 664 2993 ξίφος
690 2925 1002 2978 ἀποκτείνει
1027 2939 1042 2955 ·
1091 2926 1187 2981 καὶ
1217 2926 1523 2980 τελευταῖον
1551 2926 1803 2998 δαίμονες

215 3016 407 3071 αὐτῶν
439 3012 989 3084 κατακυριεύσουσιν.

292 3107 354 3162 1'.
388 3104 729 3173 Ἐρώτησις.
762 3105 833 3158 El
866 3103 937 3158 ἐν
965 3104 1041 3174 τῇ
1063 3105 1400 3161 ἀναστάσει
1417 3103 1532 3161 6.1a
1564 3108 1633 3162 τὰ
1646 3107 1803 3178 μέλη

215 3200 581 3254 ἀνίστανται
608 3214 629 3264 ;

310 3291 674 3358 Ἀπόκρισις.
714 3290 806 3363 Τῷ
834 3289 955 3362 Θεῷ
986 3289 1163 3344 πάντα
1200 3284 1399 3344 εὔκολά
1424 3293 1559 3356 ἐστι,
1594 3293 1688 3347 καὶ
1715 3292 1806 3345 οῦ-

221 3398 337 3445 τως
364 3380 731 3452 ἐπηγγείλατο
760 3396 777 3412 ·
809 3381 1127 3455 ἀνθρωπίνῃ
1160 3381 1217 3435 δὲ
1244 3382 1499 3455 ἀσθενείᾳ
1527 3386 1621 3438 καὶ
1662 3384 1809 3452 λογι-

230 3474 355 3544 σμῷ
392 3474 582 3544 ὥσπερ
618 3471 881 3528 ἀδύνατον
925 3472 1086 3528 τοῦτο
1132 3475 1551 3545 καταφαίνεται.
1593 3475 1807 3547 Ὠσπερ

234 3566 344 3636 γὰρ
388 3566 492 3619 ἀπὸ
537 3564 632 3619 τοῦ
670 3565 793 3636 χοὸς
825 3568 918 3620 καὶ
956 3564 1058 3638 τῆς
1086 3565 1192 3640 γῆς
1237 3569 1419 3624 λαϐὼν
1468 3570 1497 3623 ὁ
1527 3568 1658 3635 Θεὸς
1680 3609 1698 3635 ,
1730 3570 1808 3633 ὡς

231 3656 399 3726 ἄλλην
429 3657 549 3710 τινὰ
579 3658 742 3726 φύσιν
771 3657 1144 3712 κατεσκεύασε
1174 3661 1271 3731 τὴν
1300 3660 1395 3714 τοῦ
1428 3661 1682 3731 σώματος
1729 3662 1806 3732 μὴ

221 3753 473 3805 ἐοικυῖαν
492 3754 559 3822 τῇ
590 3754 660 3823 γῇ
682 3792 697 3815 ,
727 3753 821 3805 καὶ
843 3752 977 3823 γένη
1019 3753 1192 3807 πολλά
1231 3755 1507 3825 ἐποίησεν,
1550 3750 1662 3809 οἷον
1688 3755 1807 3827 τρί-

213 3860 363 3917 χας.
397 3845 495 3898 καὶ
523 3844 728 3916 δέρμα,
762 3847 857 3899 καὶ
881 3844 1045 3898 ὀστέα
1065 3886 1080 3909 ,
1112 3847 1207 3900 καὶ¹
1226 3846 1393 3918 νεῦρα
1424 3864 1437 3877 ·
1469 3844 1563 3900 καὶ
1594 3844 1653 3900 ὅν
1684 3845 1806 3917 τρό-

212 3951 335 3990 πον
364 3936 664 4008 βαλλομένη
700 3937 865 4010 ῥαφὶς
900 3936 980 4001 είς
1013 3932 1124 4010 πῦρ
1147 3978 1163 4001 ,
1197 3937 1457 3992 ἀλλάσσει
1486 3939 1586 4009 τὴν
1618 3936 1806 4009 χρόαν,

206 4028 327 4083 καὶ
360 4027 755 4100 μεταϐάλλεται
800 4029 880 4093 είς
932 4031 1065 4099 πῦρ·
1127 4028 1377 4098 μέντοιγε
1422 4031 1455 4100 ἡ
1506 4029 1668 4099 φύσις
1712 4027 1809 4082 τοῦ

208 4120 460 4192 σιδήρου
477 4120 577 4174 οὐκ
600 4120 864 4194 ἀνῃρέθη,
891 4118 1026 4175 ἀλλά
1058 4120 1411 4191 συνέστηκεν·
1436 4120 1608 4185 οὕτως
1638 4122 1733 4175 καὶ
1755 4124 1811 4174 ἐν

203 4216 298 4285 τῇ
338 4211 633 4267 ἀναστάσει
663 4214 762 4267 ὅλα
788 4212 857 4266 τά
890 4211 1026 4283 μέλη
1050 4210 1390 4278 ἀνίστανται,
1420 4213 1518 4267 καί
1548 4211 1677 4285 θρίξ
1700 4216 1811 4268 οὐκ

193 4304 574 4363 ἀπόλλυται
602 4347 617 4371 ,
648 4305 832 4369 καθὼς
878 4305 1187 4376 γέγραπται
1217 4346 1231 4369 ,
1263 4307 1356 4359 καὶ
1398 4306 1496 4359 ὅλα
1537 4306 1812 4375 γίγνονται

189 4397 537 4467 φωτοειδῆ,
573 4395 668 4449 ὅλα
701 4398 781 4459 εἰς
816 4395 930 4465 φῶς
960 4396 1055 4449 καὶ
1090 4395 1201 4465 πῦρ
1233 4392 1550 4467 βάπτονται,
1580 4398 1674 4449 καὶ
1710 4413 1809 4467 με·

184 4487 587 4543 ταϐάλλονται
610 4530 624 4552 ,
659 4487 771 4542 ἀλλ’
798 4488 895 4557 οὐχ
916 4530 931 4553 ,
958 4486 1031 4551 ὥς
1060 4503 1206 4552 τινες
1224 4484 1492 4557 λέγουσιν,
1518 4488 1811 4542 ἀναλύεται

181 4581 325 4634 καὶ
380 4580 589 4646 γίνεται
629 4578 738 4647 πῦρ
765 4617 779 4641 ,
824 4580 920 4631 καὶ
961 4580 1148 4632 οὐκέτι
1187 4577 1496 4649 ὑφέστηκεν
1541 4578 1574 4649 ἡ
1624 4579 1805 4650 φύσις.

180 4673 437 4740 Πέτρος
467 4670 573 4741 γὰρ
608 4672 813 4741 Πέτρος
861 4672 977 4725 ἐστὶ
1001 4712 1016 4735 ,
1058 4673 1150 4724 καὶ
1181 4672 1391 4735 Παῦλος
1429 4672 1639 4735 Παῦλος
1664 4716 1679 4738 ,
1715 4676 1810 4727 καὶ

170 4764 497 4827 Φίλιππος
540 4763 844 4826 Φίλιππος·
893 4764 1125 4827 ἕκαστος
1169 4766 1227 4817 ὲν
1272 4766 1337 4834 τῇ
1381 4765 1485 4836 ἰδίᾳ
1529 4768 1685 4833 φύσει
1716 4768 1810 4818 καὶ

170 4856 531 4912 ὑποστάσει
573 4857 723 4925 μένει
766 4856 1199 4926 πεπληρωμένος
1239 4856 1335 4909 τοῦ
1366 4857 1706 4926 Πνεῦματος.
1742 4858 1805 4911 Et

161 4953 259 5007 δὲ
336 4948 539 5015 λέγεις,
569 4948 652 5000 ὅτι
691 4947 926 5018 ἀνελύθη
957 4950 991 5017 ἠ
1029 4948 1212 5017 φύσις,
1246 4950 1429 5002 οὐκέτι
1486 4951 1687 5021 Πέτρος
1710 4989 1725 5013 ,
1773 4949 1806 5019 ἣ

164 5040 470 5102 Παῦλος,
503 5039 639 5092 ἀλλά
668 5041 846 5107 πάντη
881 5040 978 5092 καὶ
1020 5040 1297 5110 πανταχοῦ
1330 5042 1358 5094 ὅ
1384 5042 1536 5105 Θεὸς,
1573 5044 1665 5095 καὶ
1689 5040 1811 5095 οὔτε

153 5137 235 5191 οὶ
324 5133 415 5194 εἰς
462 5133 686 5199 γέενναν
729 5134 1094 5203 ἀπερχόμενοι
1133 5132 1477 5186 αἰσθάνονται
1506 5134 1605 5205 τῆς
1651 5128 1812 5187 κολά-

154 5240 376 5285 σεως
400 5264 415 5285 ,
450 5222 575 5275 οὔτε
604 5225 651 5276 οἱ
678 5224 757 5287 είς
792 5224 1091 5294 βασιλείαν,
1127 5225 1225 5292 τῆς
1257 5224 1600 5295 εὐεργεσίας.

272 5314 522 5371 ιΑηΒκ
568 5316 779 5388 Ὥσπερ
829 5312 982 5391 ῖναῇ
1024 5318 1350 5388 παράδεισος
1396 5317 1536 5388 ἔχων
1584 5319 1813 5371 παντοῖα

142 5410 425 5480 δένδρα
463 5409 808 5480 καρποφόρα,
856 5411 951 5463 καὶ
974 5405 1042 5480 ἦν
1077 5411 1190 5463 ἐκεῖ
1213 5397 1391 5474 δι’πιος,
1423 5409 1457 5482 ἢ
1497 5410 1687 5481 μῆλον,
1720 5410 1813 5464 καὶ

139 5501 481 5578 ἄμπελος
526 5502 724 5572 ἔχουσα
751 5503 842 5555 τὸν
880 5502 1115 5572 καρπὸν,
1150 5502 1247 5555 καὶ
1274 5502 1346 5555 τά
1396 5502 1590 5571 φύλλα·
1627 5503 1809 5574 συμϐῇ

134 5600 235 5654 δὲ
290 5592 412 5648 τὸν
458 5594 785 5664 παράδεισον
814 5593 911 5647 καὶ
935 5594 1035 5648 ὅλα
1071 5592 1142 5647 τά
1168 5593 1382 5665 δένδρα,
1416 5595 1511 5647 καὶ
1537 5593 1606 5647 τά
1631 5593 1809 5664 φύλλα

263 5770 356 5807 ⁸⁸
400 5769 420 5823 1
470 5767 594 5825 Cor.
630 5786 719 5835 xv,
743 5770 833 5826 9.6.
912 5771 953 5801 δ’
997 5770 1130 5826 Luc.
1161 5785 1270 5836 ut,
1303 5770 1400 5824 18:
1432 5770 1594 5824 Marc.
1627 5787 1700 5835 ις,
1726 5770 1813 5826 49.

1889 539 2015 593 dem
2046 539 2400 594 meretricem
2438 540 2813 609 prostitutam,
2842 552 2947 592 nec
2978 540 3311 608 peccatores,
3353 544 3456 593 nec

1883 629 2163 694 lurcones,
2216 629 2311 683 sed
2360 627 2595 697 simplici
2640 627 2949 681 intentione
2994 642 3058 681 ac
3110 641 3252 695 puro
3296 626 3458 679 nullo

1884 737 2076 776 omnes
2099 724 2381 791 aspicere;
2406 728 2465 773 ut
2488 720 2559 774 sit
2584 719 2692 773 hoc
2717 718 2932 773 cuidam
2956 718 3110 788 quasi
3137 718 3385 771 naturale
3403 726 3459 772 ct

1887 814 2136 881 inﬁxum,
2189 830 2258 870 ne
2314 828 2645 884 quemquam
2700 810 3034 875 contemnat,
3086 825 3188 865 nec
3225 800 3457 881 iudicet,

1885 916 1981 962 aut
2007 906 2375 972 abominetur,
2410 913 2504 959 aut
2543 904 2690 973 ipsos
2721 903 2922 959 habeat
2956 904 3011 957 in
3045 893 3359 957 dicrimine.
3400 892 3455 956 Si

1887 999 2239 1054 monoculum
2273 998 2572 1068 aspexeris,
2618 1013 2688 1052 ne
2717 995 2987 1068 dijudices
3038 996 3093 1049 in
3145 995 3311 1049 corde
3341 996 3457 1058 tuo,

1886 1091 1983 1147 sed
2014 1107 2140 1146 eum
2170 1090 2401 1160 perinde
2430 1107 2494 1145 ac
2537 1091 2582 1146 si
2614 1104 2779 1146 sanus
2807 1092 2952 1145 esset
2999 1089 3253 1153 intuere;
3305 1103 3462 1142 man—

1886 1200 2012 1239 cum
2036 1183 2272 1253 aliquem
2293 1197 2455 1237 manu
2484 1181 2711 1237 minime
2730 1182 2898 1236 veluti
2922 1183 3232 1237 mutilatum
3256 1181 3461 1251 aspice.

1888 1273 2145 1330 claudum
2175 1275 2325 1329 velut
2354 1279 2542 1329 erecto
2569 1288 2798 1343 corpore
2829 1262 3198 1337 incedentem,
3248 1266 3462 1343 paraly—

1889 1364 2058 1419 ticum
2093 1360 2243 1418 velut
2284 1375 2498 1417 sanum.
2547 1361 2674 1415 llaec
2720 1354 2867 1415 enim
2905 1370 2990 1417 est
3018 1358 3231 1432 puritas
3255 1360 3460 1422 cordis,

1891 1464 1952 1511 ut
1977 1457 2110 1512 visis
2140 1453 2525 1527 peccatoribus
2558 1465 2653 1510 aut
2697 1454 2950 1521 infirmis,
2984 1454 3357 1524 compatiaris,
3398 1464 3462 1507 ac

1891 1548 2206 1602 misericors
2231 1563 2357 1619 erga
2389 1564 2485 1603 eos
2514 1547 2610 1602 sis.
2654 1537 2938 1617 Contingit
2980 1546 3150 1609 enim,
3197 1551 3257 1599 ut
3288 1542 3462 1598 sancti

1890 1646 2110 1708 quoque
2144 1637 2384 1704 Domini,
2417 1640 2567 1695 velut
2597 1639 2651 1694 in
2683 1637 2907 1708 specula
2937 1632 3214 1700 sedentes,
3247 1634 3463 1705 prospi-

1892 1730 2039 1785 ciant
2086 1730 2441 1801 deceptlones
2489 1730 2727 1797 mundi;
2779 1729 2983 1801 quippe
3028 1728 3122 1799 qui
3158 1727 3462 1783 secundum

1894 1824 2212 1879 interiorem
2240 1824 2522 1879 hominem
2546 1839 2672 1879 cum
2695 1824 2809 1878 Deo
2827 1823 3240 1892 colloquuntur.
3267 1826 3465 1875 secun-

1891 1915 2023 1971 dum
2075 1929 2207 1970 vero
2255 1916 2586 1971 exteriorem
2641 1914 2923 1969 hominem
2970 1919 3235 1983 apparent
3290 1911 3465 1968 oculis

1891 2009 2048 2081 quasi
2087 2018 2337 2079 spectare
2365 2023 2451 2073 ea,
2479 2023 2602 2079 quae
2636 2008 2768 2062 ﬁant
2796 2007 2851 2062 in
2874 2007 3102 2061 mundo.

1964 2097 2058 2157 IX.
2086 2099 2265 2158 Aliam
2314 2097 2480 2175 igitur
2523 2102 2727 2157 habent
2773 2102 3064 2157 steculares
3116 2100 3380 2155 virtutem
3435 2112 3465 2152 a

1895 2195 2094 2266 spiritu
2137 2195 2367 2260 erroris,
2398 2202 2459 2250 ut
2490 2192 2705 2266 sapiant
2735 2184 2994 2247 videlicet
3021 2203 3257 2248 terrena.
3303 2188 3465 2245 Chri‘

1894 2286 2059 2347 stiani
2094 2304 2227 2344 vero
2260 2289 2420 2343 aliam
2467 2280 2672 2343 habent
2718 2287 3100 2350 intentionem,
3147 2285 3313 2338 alium
3348 2283 3468 2337 'ani—

1896 2392 2081 2445 mum,
2115 2378 2254 2433 alius
2287 2384 2417 2434 sunt
2467 2373 2678 2443 saculi,
2727 2377 2869 2431 alius
2915 2374 3172 2430 civitatis.
3232 2372 3469 2443 Spiritus

1897 2470 2044 2526 enim
2096 2472 2194 2525 Dei
2242 2470 2559 2525 societatem
2608 2469 2710 2524 init
2751 2484 2874 2523 cum
2908 2467 3124 2521 illorum
3162 2465 3382 2528 animis,
3415 2464 3471 2518 et

1898 2565 2227 2619 conculcant
2252 2564 2650 2619 adversarium.
2698 2560 2976 2632 Scriptum
3023 2560 3169 2615 enim
3199 2569 3324 2613 est:
3358 2550 3470 2612 No-

1898 2657 2137 2710 vissimus
2169 2657 2327 2709 hostis
2358 2655 2596 2710 aboletur
2619 2671 2758 2709 mors
2782 2655 2848 2706 ⁵ο.
2886 2654 3055 2708 Deum
3088 2653 3232 2707 enim
3256 2652 3349 2722 qui
3380 2659 3471 2705 ve-

1900 2756 2186 2813 nerantur,
2215 2749 2458 2803 omnium
2499 2759 2630 2803 sunt
2661 2738 2890 2802 domini.
2922 2746 2964 2802 Ε
2996 2746 3273 2802 contrario
3307 2759 3472 2805 vero.

1902 2842 1994 2913 qui
2017 2840 2151 2897 lenti
2174 2852 2301 2897 sunt
2326 2840 2431 2896 ﬁde
2456 2858 2520 2898 ac
2543 2850 2877 2913 peccatores,
2908 2842 3126 2911 penitus
3148 2837 3275 2893 sunt
3299 2840 3465 2901 servi,

1905 2935 2046 3005 ignis
2077 2950 2173 2989 eos
2200 2935 2333 2996 urit.
2366 2935 2613 3004 lapisque
2635 2942 2691 2988 et
2713 2933 2927 3004 gladius
2948 2947 3045 2988 eos
3073 2931 3369 2997 interﬁcit;
3407 2944 3473 2985 ac

1906 3023 2126 3081 tandem
2154 3023 2430 3080 daemones
2457 3026 2889 3081 dominabuntur
2916 3025 2970 3079 in
2996 3041 3114 3080 eos.
3358 3030 3359 3033 ‘

1830 3134 1874 3194 α
1979 3114 2045 3173 Χ.
2098 3114 2474 3187 Interrogatio.
2531 3107 2719 3173 Utrum
2767 3120 2822 3172 in
2861 3118 3238 3172 resurrectione
3293 3110 3473 3170 omnia

1910 3211 2147 3265 membra
2174 3219 2473 3281 resurgant.

1978 3294 2283 3373 Responsio.
2333 3296 2447 3357 Deo
2472 3302 2656 3356 omnia
2686 3292 2864 3356 facilia
2895 3304 3040 3359 sunt.
3082 3308 3136 3355 et
3169 3310 3247 3356 sit:
3274 3302 3479 3371 promi-‘-

1906 3395 1977 3450 sit
2003 3412 2017 3449 :
2060 3395 2311 3449 humana:
2336 3410 2469 3449 vero
2499 3384 2861 3448 imbecillitati
2890 3402 2946 3447 et
2974 3393 3289 3471 cogitationi
3328 3393 3481 3447 velut

1908 3486 2245 3561 impossibile
2267 3482 2371 3545 hoc
2394 3479 2632 3544 videtur.
2669 3476 3137 3554 Quemadmodum
3160 3487 3306 3541 enim
3334 3488 3479 3542 Deus

1907 3595 1939 3637 e
1964 3580 2188 3652 pulvere
2218 3589 2275 3636 et
2319 3584 2466 3635 terra
2511 3594 2755 3644 sumens,
2789 3579 2941 3633 velut
2988 3568 3157 3633 aliam
3186 3579 3479 3649 quamdam

1909 3678 2161 3727 naturam
2218 3672 2505 3734 condidit,
2571 3675 2824 3725 naturam
2888 3658 3150 3724 nimirum
3207 3671 3477 3740 corporis,

1908 3772 2071 3818 teme
2120 3757 2303 3819 minus
2348 3758 2605 3826 similem,
2666 3772 2724 3818 et
2770 3776 2969 3833 genera
3025 3762 3193 3816 multa
3248 3762 3475 3827 creavit,

1909 3856 2059 3911 velut
2086 3852 2247 3926 pilos,
2277 3848 2496 3926 pellem,
2527 3868 2650 3910 ossa
2675 3860 2731 3909 et
2759 3858 2957 3909 neritos
2983 3870 2998 3906 :
3034 3853 3092 3908 et
3123 3853 3484 3923 qtiemadmo-v

1909 3949 2040 4004 dum
2088 3951 2328 4018 projecta
2373 3938 2477 4017 55
2512 3948 2564 4001 in
2602 3948 2780 4017 ignem
2820 3962 2973 4012 acus,
3017 3946 3247 4001 alterato
3292 3947 3479 4004 colore

1911 4033 2145 4093 vertitur
2176 4039 2229 4091 in
2262 4039 2441 4108 ignem
2478 4057 2490 4092 :
2524 4052 2837 4108 quanquam
2864 4047 3064 4093 natura
3090 4030 3313 4108 quidem
3345 4032 3480 4093 ferri

1912 4148 2023 4186 non
2054 4131 2272 4201 penitus
2319 4126 2547 4194 tollitur,
2580 4121 2675 4186 sed
2704 4131 2957 4185 subsistit
2991 4140 3003 4185 :
3042 4131 3114 4185 ita
3145 4130 3199 4185 in
3226 4145 3478 4185 resurre-i

1911 4222 2094 4277 ctione
2144 4221 2326 4275 omnia
2376 4214 2618 4275 membra
2655 4224 2963 4290 resurgent,
2999 4236 3091 4273 nec
3130 4210 3263 4290 perit
3310 4212 3479 4289 capil-

1914 4311 1993 4367 lus
2016 4311 2083 4377 ⁸¹,
2102 4322 2162 4366 ιιι
2187 4313 2451 4381 scriptum
2483 4321 2588 4377 est,
2619 4300 2911 4380 omniaque
2940 4311 3121 4365 lucida
3147 4310 3481 4375 redduntur,

1913 4416 2078 4475 atque
2124 4401 2305 4458 omnia
2336 4403 2540 4459 lumine
2580 4415 2635 4458 et
2692 4403 2801 4473 igni
2832 4404 3000 4458 tincta
3040 4411 3323 4458 mutantur
3355 4403 3481 4473 qui-

1843 4470 1886 4526 D
1915 4470 2061 4558 dein,
2098 4495 2192 4549 sed
2224 4510 2355 4558 non,
2385 4501 2445 4549 ut
2466 4470 2921 4561 nonnulli‘aiunt,
2945 4495 3315 4561 resolvuntur,
3341 4470 3397 4550 et
3426 4494 3485 4549 in

1912 4588 2091 4658 ignem
2110 4586 2374 4650 evadunt,
2395 4587 2533 4643 adeo
2548 4594 2608 4640 ut
2629 4602 2738 4641 non
2754 4586 2989 4656 amplius
3004 4587 3269 4642 subsistat
3287 4602 3480 4641 eorum

1912 4689 2126 4734 natura.
2160 4680 2354 4734 Petrus
2388 4680 2535 4733 enim
2570 4680 2764 4734 Petrus
2788 4689 2894 4742 est,
2926 4688 2980 4732 et
3015 4679 3215 4733 Paulus
3246 4680 3484 4742 Paulus.

1911 4780 1968 4827 et
2030 4770 2319 4841 Philippus
2376 4769 2685 4841 Philippus.
2735 4766 2978 4837 Quilibet
3029 4770 3085 4824 in
3147 4786 3242 4825 sua
3312 4772 3487 4840 ipsius

1913 4874 2109 4918 natura
2160 4867 2216 4918 et
2264 4863 2574 4918 subStantia
2629 4871 2914 4933 permanet
2962 4863 3205 4931 repletus
3255 4863 3483 4932 Spiritu.

1913 4952 2069 5023 Quod
2111 4958 2153 5012 si
2187 4957 2360 5019 dicas,
2392 4956 2687 5011 resolutam
2728 4967 2850 5009 esse
2891 4964 3161 5019 naturam,
3208 4972 3316 5009 non
3367 4970 3487 5008 am-

1911 5050 2057 5118 plius
2086 5058 2169 5103 est
2195 5045 2392 5102 Petrus
2423 5056 2518 5100 aut
2549 5037 2772 5109 Paulus,
2801 5044 2893 5099 sed
2931 5056 3158 5115 prorsus
3187 5054 3244 5098 et
3282 5043 3487 5113 ubique

1914 5134 2112 5194 Deus:
2157 5154 2261 5193 nec.
2308 5138 2401 5208 qui
2459 5138 2513 5192 in
2570 5137 2874 5209 gehennam
2927 5137 3178 5197 abeunt,
3240 5135 3491 5191 sentiunt

1914 5229 2243 5299 supplicium
2270 5270 2285 5294 ,
2340 5245 2443 5283 nec
2480 5228 2572 5298 qui
2609 5229 2663 5282 in
2695 5243 2923 5298 regnum
2953 5269 2967 5292 ,
2994 5225 3347 5283 beneﬁcium.

1988 5312 2381 5380 Xl-XllNeluti
2396 5320 2439 5376 si
2461 5312 2531 5374 sit
2545 5320 2740 5375 hortus
2755 5320 3002 5375 consitus
3014 5317 3182 5373 variis
3196 5308 3491 5373 arboribus

1916 5411 2239 5477 fructiferis,
2269 5428 2333 5467 ac
2361 5413 2432 5467 sit
2460 5406 2573 5467 illic
2598 5427 2789 5484 pyrus,
2820 5420 3016 5482 pomus
3044 5420 3101 5466 et
3125 5410 3254 5465 vitis
3282 5403 3491 5464 habens

1914 5504 2156 5560 fructum
2188 5513 2243 5559 et
2276 5503 2402 5558 folia
2431 5516 2443 5557 ι
2489 5504 2690 5561 accidit
2722 5513 2908 5559 autem
2942 5504 3159 5559 hortum
3190 5514 3489 5572 omnesque

1916 5598 2144 5654 arbores
2173 5614 2236 5652 ac
2264 5597 2393 5653 folia
2433 5592 2655 5663 mutari,
2687 5609 2743 5654 et
2776 5599 3023 5654 cunvcrti
3052 5599 3106 5653 iu
3142 5598 3303 5654 aliam
3327 5606 3489 5653 name

1820 1791 1863 1846 Β
