3966 6514
558 361 662 427 58⁸3

1785 360 1843 422 s.
1883 358 2200 421 MACARII
2236 340 2562 421 acrem
3665 360 3747 422 sat

559 498 699 546 ram,
734 477 961 550 iierique
994 479 1173 550 priora
1218 478 1306 533 illa
1340 476 1663 533 lucida:sie
1699 493 1916 547 quoque
1948 476 2117 531 homi-

2236 474 2642 547 μεταϐληθῆναι
2663 514 2678 539 ,
2708 474 2803 526 καί
2840 470 3141 541 ἀλλαγῆναι
3175 473 3256 535 εἰς
3298 471 3459 543 ἀλλην
3486 473 3650 542 φύσιν,
3676 481 3749 532 καὶ

556 590 655 630 nes
704 581 987 627 mutantur
1039 571 1095 625 in
1136 570 1559 636 resurrectione,
1609 577 1666 624 et
1688 568 1837 622 {iunt
1874 567 2125 623 membra

556 675 748 715 eorum
783 670 971 713 saneta
1016 668 1071 713 et
1100 658 1301 713 lucida.
1342 656 1708 723 Quamobrem
1738 655 1909 710 divini
1942 656 2125 711 homi-

555 767 655 806 nes
678 750 883 805 debcnt
922 766 980 806 sc
1024 765 1335 821 przeparare
1364 748 1431 803 ad
1462 755 1739 803 certamen
1777 756 1833 802 ct
1859 764 2122 818 pugnam.

554 844 789 900 Perinde
824 855 1029 906 autem,
1053 853 1112 898 ut
1137 844 1355 913 juvenis
1389 855 1691 914 generosus
1734 841 1912 896 illatas
1940 842 2123 911 plagas

554 954 615 991 ac
644 938 843 991 luctam
873 938 1109 991 sustinet
1134 951 1197 989 ac
1224 935 1447 990 referit:
1476 936 1555 989 sic
1583 950 1803 1004 quoque
1822 934 2121 989 Christiani

555 1029 796 1099 perferre
821 1028 1023 1081 debent
1054 1027 1399 1092 aillictiones,
1432 1037 1547 1082 tum
1573 1035 1848 1091 externas,
1884 1036 1999 1080 tum
2033 1026 2121 1080 in-

553 1121 755 1175 teriora
788 1120 949 1183 bella,
994 1128 1055 1173 ut
1081 1117 1326 1190 percussi
1353 1136 1451 1190 per
1485 1119 1831 1175 tolerantiam
1868 1118 2122 1189 superio-

553 1228 640 1267 res
664 1210 918 1266 evadant.
954 1211 1052 1267 Via
1096 1211 1244 1265 enim
1276 1210 1602 1266 Christiana:
1647 1211 1931 1281 religionis
1957 1211 2035 1265 sic
2061 1227 2120 1265 se

551 1302 738 1357 habet.
795 1303 898 1358 Uhi
936 1304 1166 1373 spiritus
1205 1312 1449 1364 sanctus.
1506 1302 1617 1357 illic
1665 1304 1933 1373 sequitur,
1972 1304 2121 1358 velut

550 1398 765 1460 umbra,
799 1396 1111 1465 persecutio
1140 1406 1194 1449 et
1222 1412 1419 1465 pugna.
1444 1396 1609 1450 Vides
1633 1395 1947 1465 prophetas,
1980 1411 2119 1464 quo—

552 1487 715 1541 modo
742 1488 1124 1555 persecutione
1159 1487 1342 1541 alllicti
1386 1486 1589 1541 fuerint
1616 1486 1684 1540 ab
1717 1485 1971 1540 omnibus
1989 1502 2120 1539 con-

552 1580 849 1634 tribulihus
898 1580 1032 1645 suis,
1068 1580 1121 1633 in
1155 1579 1357 1648 quibus
1391 1578 1749 1632 nihilominus
1787 1577 2121 1647 operabatur

550 1672 806 1744 Spiritus.
855 1672 1018 1728 Vides
1047 1672 1321 1741 quomodo
1372 1672 1655 1725 Dominus.
1712 1672 1803 1741 qui
1834 1680 1918 1725 est
1951 1673 2033 1725 via
2069 1679 2118 1724 et

550 1769 743 1820 veritas
771 1766 839 1827 ⁸¹,
875 1780 983 1818 non
1020 1763 1087 1817 ab
1130 1764 1237 1818 alio
1271 1765 1474 1834 populo
1520 1764 1958 1834 persecutionem
1996 1779 2115 1833 pas.

2224 566 2478 635 γενέσθαι
2505 566 2573 619 τὰ
2612 566 2807 637 πρῶτα
2841 564 3106 635 φωτοειδῆ
3127 581 3143 596 ο
3174 563 3346 628 οὕτως
3367 565 3458 618 καὶ
3493 566 3539 618 οί
3576 568 3752 640 ἄνθρω.

2224 675 2317 711 ποι
2343 656 2706 711 ἁλλάσσονται
2748 660 2805 711 ἐν
2845 659 2911 727 τῇ
2949 656 3271 721 ἀναστάσει,
3306 657 3394 707 καὶ
3424 658 3675 725 γίγνονται
3700 667 3753 714 τὶ

2226 750 2362 820 μέλη
2408 749 2588 803 αὐτῶν
2628 750 2761 817 am
2820 749 2916 803 καὶ
2958 748 3248 818 φωτωιδῆ.
3295 750 3357 801 Οἱ
3384 747 3473 801 οῦν
3518 749 3605 802 τοῦ
3640 754 3751 805 Θεοῦ

2222 842 2500 914 ἄνθρωποι
2540 842 2843 911 ὀφείλουσιν
2877 841 3198 913 εὐτρεπίσαι
3229 842 3451 904 ἑαυτοὺς
3489 843 3563 906 είς
3601 845 3755 911 ἀγῶνα

2222 932 2317 985 καὶ
2362 932 2610 1004 ἄθλησιν.
2660 933 2875 1003 Ὠσπερ
2907 933 2964 986 δὲ
3008 933 3223 996 νεανίας
3268 935 3509 1001 γενναῖος
3536 936 3625 997 τὰς
3655 936 3753 988 ἐπι-

2222 1022 2528 1093 φερομένας
2562 1022 2777 1093 πληγάς
2796 1064 2809 1087 ,
2844 1023 2939 1077 καὶ
2962 1023 3061 1095 τὴν
3086 1024 3261 1094 πάλην
3294 1024 3547 1094 βαστάζει
3574 1028 3657 1079 καὶ
3679 1028 3756 1078 ἁν-

2220 1112 2495 1177 τιτύπτει,
2522 1112 2663 1167 οὕτω
2702 1115 2795 1167 καὶ
2829 1115 2879 1167 oi
2927 1115 3245 1186 Χριστιανοὶ
3290 1114 3559 1184 ὀφείλουσι
3600 1118 3757 1187 φέρειν

2220 1204 2318 1268 τὰς
2346 1203 2551 1272 θλίψεις
2571 1246 2585 1268 ,
2612 1204 2711 1267 τάς
2735 1222 2793 1257 τε
2826 1205 3045 1270 ἔξωθεν,
3094 1207 3186 1259 καὶ
3217 1205 3346 1271 τοὺς
3375 1205 3599 1269 ἔνδοθεν,
3627 1200 3758 1261 πολί⁸

2224 1310 2378 1364 μους,
2413 1296 2499 1347 ἵνα
2533 1296 2622 1348 διὰ
2663 1296 2762 1366 τῆς
2792 1297 3072 1367 ὑπομονῆς
3111 1298 3440 1367 τυπτόμενοι
3473 1300 3756 1367 νικήσωσιν.

2232 1385 2294 1439 Ἦ
2326 1387 2434 1458 γὰρ
2463 1388 2579 1450 ὁδὸς
2607 1387 2699 1441 τοῦ
2742 1388 3173 1459 Χριστιανισμοῦ
3204 1388 3378 1451 οὕτως
3415 1390 3577 1442 ἐστίν.
3613 1391 3758 1443 Ὅπου

2218 1479 2327 1550 γάρ
2354 1481 2549 1550 ἐστιξτὸ
2584 1479 2802 1551 Πνεῦμα
2830 1480 2891 1533 τὸ
2922 1481 3097 1548 ἅγιον,
3128 1482 3241 1533 ἐκεῖ
3269 1479 3635 1546 ἐπακολουθεῖ,
3666 1478 3758 1535 οἷον

2220 1572 2367 1636 σκιὰ,
2416 1572 2443 1623 6
2472 1571 2709 1641 διωγμὸς
2741 1571 2835 1624 καὶ
2864 1573 2897 1642 ὴ
2925 1571 3089 1639 πάλη.
3139 1571 3302 1641 Ὁρᾷς
3330 1572 3455 1633 τοὺς
3484 1574 3758 1641 προφήτας,

2218 1663 2333 1726 πῶς
2380 1661 2657 1715 ἐδιώκοντο
2702 1664 2804 1716 ὑπὸ
2831 1663 2938 1714 τῶν
2966 1661 3255 1732 ὁμοφύλων
3280 1662 3348 1714 δι’
3381 1663 3535 1725 ὅλου,
3580 1663 3653 1724 εἰς
3687 1663 3763 1726 οῦς

2219 1756 2365 1825 ὅμως
2391 1756 2608 1825 ἐνήργει
2626 1755 2685 1807 τὸ
2710 1755 2954 1825 Πνεῦμα.
2990 1755 3173 1826 Ὁρᾷς,
3200 1754 3316 1817 πῶς
3344 1756 3371 1806 6
3397 1754 3613 1824 Κύριος,
3639 1754 3760 1818 ὅστις

550 1876 644 1915 sus
692 1868 795 1921 est,
841 1857 936 1911 sed
970 1874 999 1911 a
1032 1857 1166 1920 suis,
1203 1872 1234 1910 a
1283 1857 1505 1926 prepria
1537 1856 1747 1910 scilicet
1784 1855 1927 1909 tribu
1956 1856 2115 1910 lsrael

2222 1845 2366 1897 ἐστὶν
2390 1844 2531 1910 ὁδὸς
2555 1845 2653 1897 καὶ
2677 1845 2946 1913 ἀλήθεια,
2983 1843 3079 1914 οὐχ
3110 1843 3213 1897 ὑπὸ
3241 1843 3403 1896 ἄλλου
3432 1843 3611 1905 ἔθνους
3637 1844 3761 1896 ἐδιώ-

549 1950 935 2021 persecutione
991 1949 1241 2012 affectus,
1274 1965 1337 2003 ac
1374 1950 1526 2003 cruci
1562 1949 1754 2003 aﬂixus
1780 1957 1895 2003 est:
1929 1948 2119 2003 itidem

551 2050 607 2095 et
634 2041 886 2111 apostoli.
918 2038 996 2094 Ex
1024 2056 1091 2093 eo
1121 2038 1267 2093 enim
1298 2048 1563 2108 tempore,
1600 2055 1709 2109 quo
1737 2039 1889 2094 cruci
1926 2038 2118 2093 aﬁixus

552 2141 660 2195 est,
725 2131 944 2185 transiit
992 2129 1230 2199 Spiritus
1280 2130 1610 2200 paracletus.
1665 2139 1721 2184 et
1769 2129 2023 2201 migravit
2061 2129 2118 2183 in

551 2224 923 2279 Christianos.
975 2221 1244 2278 Caeterum
1299 2222 1484 2276 nullus
1520 2221 1836 2276 Judzeorum
1862 2238 2120 2293 persecu-

551 2316 754 2369 tionem
790 2312 1033 2383 pertulit,
1068 2314 1163 2368 sed
1194 2313 1487 2369 Christiani
1518 2315 1692 2367 solum
1742 2314 2002 2385 martyrio
2036 2312 2119 2367 af-

551 2405 680 2460 fecti
707 2416 857 2460 sunt.
910 2405 1090 2471 Quare
1142 2422 1250 2459 non
1286 2415 1387 2471 est,
1412 2406 1558 2475 quod
1600 2405 1897 2461 Christiani
1925 2406 1981 2461 in
2006 2414 2122 2460 stu-

550 2511 739 2565 porem
771 2494 1135 2562 adducantur,
1162 2512 1352 2551 verum
1376 2504 1595 2566 oportet
1622 2496 1905 2552 veritatem
1936 2512 2120 2567 perse-

548 2588 828 2643 cutionem
868 2588 999 2657 pati.

624 2679 764 2734 Xlll.
800 2679 1178 2750 Interrogatio.
1232 2678 1462 2744 Quidam
1503 2680 1652 2733 aiunt
1681 2682 1909 2734 exterius
1935 2682 2119 2735 vitium

547 2772 777 2842 ingredi,
828 2779 878 2823 et
933 2772 978 2825 si
1033 2770 1156 2826 velit
1209 2772 1383 2835 homo,
1427 2788 1531 2824 non
1571 2773 1772 2841 recipit,
1822 2772 1913 2825 sed
1950 2773 2117 2843 rejicit

544 2861 702 2915 illud.

615 2954 923 3025 Responsio.
960 2952 1429 3019 Quemadmodum
1468 2970 1695 3025 serpens
1743 2954 1960 3011 loeutus
1991 2970 2117 3011 cum

547 3047 659 3102 Eva
689 3048 755 3111 ⁸³,
816 3063 941 3101 cum
994 3046 1246 3101 ohedirct
1298 3047 1434 3116 ipsa,
1480 3048 1851 3119 introgressus
1880 3059 1996 3103 est:
2038 3048 2119 3104 sic

548 3154 766 3208 quoque
813 3154 959 3192 nunc
1007 3139 1077 3191 ob
1126 3138 1492 3192 obedientiam
1542 3138 1779 3193 hominis
1814 3140 2118 3210 ingreditur

548 3241 855 3301 peccatum,
909 3230 1055 3300 quod
1106 3240 1259 3285 extra
1306 3240 1408 3284 est.
1454 3230 1627 3285 llahet
1664 3232 1809 3287 enim
1835 3242 2116 3302 peccatum

548 3321 767 3390 plenam
800 3329 1130 3390 potestatem
1164 3330 1219 3376 et
1250 3322 1564 3377 libertatem
1596 3322 1651 3377 in
1689 3338 1786 3378 cor
1808 3324 2119 3395 ingredien-

548 3414 625 3468 di.
671 3415 859 3483 Nequc
887 3415 1033 3469 enim
1073 3415 1433 3483 cogitationes
1471 3426 1625 3467 extra
1649 3423 1795 3480 sunt,
1825 3415 1919 3469 sed
1948 3416 2115 3482 intus,

548 3521 614 3560 ex
666 3506 831 3560 corde
890 3505 1323 3575 proﬁciscentes.
1360 3505 1542 3574 lnquit
1597 3506 1742 3559 enim
1785 3506 2114 3575 Apostolus:

550 3597 673 3653 Volo
692 3600 827 3651 viros
848 3614 1003 3651 orare
1030 3600 1142 3651 sine
1163 3599 1242 3651 ira
1262 3608 1307 3650 et
1326 3598 1719 3669 cogitationibus
1739 3600 1914 3669 pravis
1931 3597 1995 3652 3‘.
2017 3597 2116 3653 Co-

548 3692 825 3760 gitationes
851 3690 998 3744 enim
1032 3690 1095 3742 de
1122 3691 1276 3743 corde
1304 3698 1492 3742 exeunt
1521 3691 1587 3753 ⁵⁸,
1609 3690 1906 3744 secundum
1938 3691 2116 3744 Evan-

547 3783 771 3851 gelium.
807 3782 1019 3836 Accede
1058 3782 1241 3851 itaque
1294 3782 1362 3836 ad
1407 3782 1733 3847 orationem,
1767 3792 1822 3837 et
1867 3782 2117 3838 examina

556 3887 651 3925 cor
701 3880 855 3925 tuum
910 3881 967 3925 et
1027 3872 1293 3936 animum,
1339 3881 1500 3942 atque
1525 3872 1777 3927 desidera
1813 3874 2116 3929 orationem

550 3972 696 4018 tuam
723 3965 832 4019 Deo
862 3964 1203 4019 committere
1234 3979 1446 4034 puram,
1478 3973 1640 4035 atque
1660 3966 2017 4036 circumspice
2040 3966 2115 4020 ibi

550 4057 918 4126 potissimum,
954 4056 1222 4126 numquid
1272 4072 1381 4112 non
1412 4058 1481 4111 sit
1514 4058 1734 4127 aliquod
1763 4058 2116 4129 impedimen-

549 4160 697 4203 tum:
733 4165 861 4202 num
889 4149 1064 4203 oratio
1090 4150 1161 4202 sit
1188 4164 1355 4218 pura;
1389 4165 1518 4203 num
1551 4150 1794 4204 intentus
1810 4151 1879 4204 sit
1900 4151 2116 4206 animus

546 4251 674 4291 tuus
708 4238 963 4301 Domino,
1004 4238 1231 4308 perinde
1265 4254 1327 4293 ac
1354 4238 1569 4292 animus
1594 4238 1843 4308 agricola:
1872 4241 2112 4310 agricul-

546 4339 705 4395 turae,
730 4331 944 4386 animus
966 4332 1067 4385 viri
1095 4332 1273 4396 uxori,
1297 4341 1352 4387 et
1380 4333 1698 4387 mercatoris
1718 4334 2072 4403 ncgotiationi
2096 4352 2109 4400 ;

547 4437 679 4475 num
734 4422 922 4476 ﬂectas
974 4438 1151 4493 genua
1189 4432 1283 4477 tua
1321 4424 1389 4479 ad
1418 4424 1709 4491 orandum,
1738 4439 1841 4479 nec
1876 4434 1996 4481 tuas
2017 4441 2111 4481 co-

546 4511 836 4583 gitationes
864 4513 957 4567 alii
984 4513 1308 4569 distrahant.

2220 1937 2345 2008 χθη,
2374 1938 2488 1991 ἀλλ’
2536 1938 2641 1990 ὑπὸ
2684 1938 2791 1990 τῶν
2845 1938 3014 2001 ἰδίων,
3053 1937 3155 1989 ὑπὸ
3184 1937 3282 2007 τῆς
3314 1936 3453 1999 ἰδίας
3500 1937 3662 2005 φυλῆς
3686 1937 3762 1989 τοῦ

2231 2028 2450 2101 Ἰσραὴλ
2494 2028 2724 2098 ἐδιώχθη
2785 2029 2879 2081 καὶ
2927 2028 3245 2098 ἐσταυρώθη
3301 2044 3316 2058 ·
3368 2029 3571 2099 ὁμοίως
3608 2030 3691 2080 καὶ
3724 2030 3763 2080 οἱ

2218 2120 2530 2176 ἀπόστολοι.
2566 2120 2656 2186 Ἐξ
2674 2116 2733 2174 οῦ
2757 2121 2865 2192 γὰρ
2887 2122 2914 2174 6
2942 2120 3196 2192 σταυρὸς,
3229 2120 3466 2190 μετῆλθε
3490 2120 3547 2172 τὸ
3569 2119 3761 2187 Πνεῦμα

2218 2212 2279 2266 τὸ
2308 2214 2676 2284 παράκλητον,
2708 2214 2804 2266 καὶ
2842 2213 3121 2284 ἐχώρησεν
3151 2216 3230 2276 εἰς
3257 2215 3382 2275 τοὺς
3413 2210 3760 2282 Χριστιανούς.

2217 2304 2418 2358 Λοιπὸν
2460 2304 2633 2367 οὐδεὶς
2687 2304 2954 2357 Ἰουδαίων
2988 2303 3251 2375 ἐδιώχθη,
3294 2303 3430 2357 ἀλλά
3462 2303 3617 2373 μόνον
3653 2302 3761 2373 Χρι-

2222 2394 2429 2447 στιανοὶ
2453 2395 2862 2467 ἐμαρτύρησαν.
2892 2395 2982 2448 Διὸ
3018 2395 3117 2449 οὐκ
3148 2394 3422 2464 ὀφεᾶουσι
3456 2392 3762 2460 ξενίζεσθαι,

2219 2484 2356 2539 ἀλλά
2389 2488 2601 2559 ἀνάγκη
2631 2487 2920 2542 διώκεσθαι
2943 2489 3039 2560 τὴν
3068 2490 3351 2561 ἀλήθειαν.

2293 2670 2392 2727 ΙΓ’.
2426 2672 2759 2741 Ἐρώτησις.
2795 2674 2960 2741 Τινὲς
2986 2674 3279 2746 λέγουσιν
3309 2675 3398 2729 ὅτι
3444 2676 3660 2739 ἔξωθεν
3681 2676 3762 2727 ἐπ-

2217 2763 2552 2833 εισέρχεται
2594 2765 2661 2819 τὸ
2692 2766 2902 2832 κακὸν,
2937 2767 3035 2820 καὶ
3064 2768 3173 2820 ἐὰν
3195 2766 3341 2839 θέλῃ
3383 2770 3420 2822 ὁ
3462 2767 3759 2836 ἅνθρωπος,

2219 2863 2290 2917 οὺ
2318 2861 2568 2930 δέχεται,
2595 2863 2733 2917 ἀλλ’
2766 2864 3177 2935 ἀποπέμπεται
3208 2868 3378 2923 αὑτό.

2301 2950 2665 3018 Ἀπόκρισις.
2707 2954 2917 3024 Ὥσπερ
2942 2955 2970 3007 ὁ
3007 2954 3130 3023 ὄφις
3160 2956 3403 3025 λαλήσας
3439 2959 3508 3027 τῇ
3535 2954 3641 3009 Εῦα
3660 2998 3672 3019 ,
3692 2953 3762 3007 διὰ

2217 3039 2315 3111 τὴν
2358 3041 2605 3112 ὑπακοὴν
2646 3040 2859 3096 ἔνδοθεν
2894 3044 3235 3114 ἐπεισῆλθεν,
3281 3049 3429 3099 οῦτω
3470 3048 3565 3101 καὶ
3590 3045 3673 3098 νῦν
3694 3047 3763 3098 διὰ

2221 3134 2319 3201 τῆς
2356 3133 2602 3204 ὑπακοῆς
2625 3135 2719 3189 τοῦ
2748 3135 3036 3206 ἀνθρώπου
3074 3140 3459 3209 ἐπεισέρχεται
3491 3142 3525 3211 η
3554 3140 3763 3210 ἁμαρτία

2220 3224 2325 3288 ἔξω
2358 3221 2512 3279 οὖσα.
2545 3228 2697 3298 Ἔχει
2726 3228 2835 3299 γὰρ
2863 3228 3114 3293 ἐξουσίαν
3137 3232 3229 3283 καὶ
3264 3234 3589 3303 παρρησίαν
3616 3233 3763 3301 εἰσέρ-

2229 3317 2417 3387 χεσθαι
2459 3319 2763 3392 ήάμαρτία
2786 3324 2865 3386 εἰς
2904 3323 3003 3393 τὴν
3040 3324 3286 3394 καρδίαν·
3322 3328 3370 3378 oi
3404 3327 3518 3394 γὰρ
3548 3324 3763 3393 λογισμοὶ

2220 3405 2317 3459 οῦκ
2341 3409 2476 3461 εἰσιν
2506 3407 2724 3473 ἔξωθεν,
2756 3410 2870 3463 ἀλλ’
2899 3410 3110 3465 ἔνδοθεν
3135 3414 3198 3464 ἐκ
3224 3413 3322 3483 τῆς
3352 3413 3609 3484 καρδίας.
3630 3415 3763 3477 Λέγει

2218 3500 2324 3569 γὰρ
2352 3500 2379 3551 6
2411 3499 2670 3553 ’Λπόστολ
2688 3519 2765 3565 ος·
2798 3505 3100 3573 Βούλομαι
3120 3505 3261 3571 τοὺς
3289 3505 3523 3572 ἄνδρας
3543 3505 3762 3574 προσεύ-

2219 3594 2429 3659 χεσθαι
2454 3594 2625 3661 χωρὶς
2678 3593 2861 3663 ὀργῆς
2892 3596 2989 3648 καί
3030 3596 3442 3666 διαλογισμῶν
3493 3596 3760 3665 πονηρῶν.

2217 3681 2353 3735 Εἰσί
2385 3683 2493 3752 γὰρ
2520 3686 2795 3753 λογισμοὶ
2840 3686 3221 3755 ἐξερχόμενοι
3254 3690 3321 3742 ἐκ
3372 3688 3490 3756 τῆς
3528 3690 3760 3758 καρδίας,

2218 3774 2358 3827 κατά
2408 3775 2469 3825 τὸ
2522 3775 2872 3843 Εὑαγγέλιον.
2929 3779 3163 3831 ’Δπελθε
3194 3775 3286 3831 οῦν
3332 3782 3415 3842 εἰς
3463 3781 3643 3850 εὐχὴν,
3689 3780 3762 3831 καὶ

2217 3867 2507 3935 ἐπίσκεψαί
2539 3884 2633 3921 σου
2658 3870 2758 3938 τὴν
2789 3870 3019 3941 καρδίαν
3042 3872 3135 3924 καὶ
3160 3874 3249 3924 τὸν
3278 3873 3427 3937 νοῦν,
3453 3876 3549 3926 καὶ
3573 3875 3761 3942 θέλησον

2214 3958 2314 4029 τὴν
2363 3959 2527 4030 εὐχήν
2567 3978 2661 4013 σου
2708 3961 2955 4034 καθαρὰν
3003 3964 3323 4033 ἀναπέμψαι
3374 3965 3461 4035 τῷ
3503 3966 3647 4036 Θεῷ,
3691 3969 3762 4017 καὶ

2218 4051 2409 4121 βλέψον
2438 4052 2728 4123 ἐξαιρέτως
2756 4055 2903 4121 ἐκεῖ,
2935 4056 2983 4108 εί
3021 4056 3174 4109 οὐδέν
3214 4060 3326 4110 ἐστι
3371 4059 3438 4111 τὸ
3480 4059 3759 4129 ἐμποδίζον,

2217 4144 2265 4195 εἰ
2311 4142 2520 4210 γίνεται
2569 4143 2701 4214 εὐχὴ
2746 4145 2984 4217 καθαρὰ.
3032 4149 3079 4199 εί
3106 4148 3406 4217 ὴσχόληταί
3459 4166 3554 4201 σου
3603 4152 3628 4201 6
3664 4148 3762 4208 νοῦς

2214 4237 2343 4306 περὶ
2394 4235 2484 4289 τὸν
2554 4237 2775 4307 Κύριον,
2837 4239 2895 4291 ὃν
2944 4240 3145 4309 τρόπον
3209 4238 3301 4291 τοῦ
3355 4242 3607 4311 γεωργοῦ
3659 4246 3760 4308 περὶ

2213 4328 2311 4399 τὴν
2358 4328 2654 4399 γεωργίαν,
2705 4329 2798 4383 τοῦ
2844 4330 3037 4401 ἀνδρὸς
3081 4332 3209 4401 περὶ
3235 4333 3333 4399 τὴν
3370 4336 3610 4401 γυναῖκα
3635 4375 3647 4397 ,
3686 4332 3760 4384 τοῦ

2214 4416 2462 4486 ἐμπόρου
2505 4421 2633 4490 περὶ
2675 4420 2773 4491 τὴν
2811 4420 3082 4491 ἐμπορίαν
3109 4460 3123 4484 ,
3162 4423 3209 4474 εί
3245 4423 3454 4488 κλίνεις
3483 4427 3551 4478 τὰ
3594 4424 3762 4493 γόνατέ

2139 4516 2191 4575 ι)
2218 4522 2312 4558 σου
2338 4509 2416 4571 είς
2439 4509 2626 4582 εὐχὴν,
2655 4511 2749 4565 καὶ
2772 4513 2897 4576 τοὺς
2923 4512 3217 4583 λογισμούς
3240 4531 3331 4568 σου
3355 4516 3513 4571 ἄλλοι
3545 4520 3616 4589 μὴ
3640 4518 3763 4584 διαρ-

2220 4597 2485 4661 πάζουσιν

616 4710 725 4782 56
741 4708 1004 4765 XIV-XV.
1030 4710 1100 4764 At
1122 4709 1323 4781 inquis,
1342 4710 1643 4779 Dominum,
1670 4723 1955 4787 postquam
1973 4718 2121 4772 venit

545 4812 643 4865 per
659 4810 901 4860 crucem,
919 4796 1290 4849 condemnasse
1309 4806 1577 4866 peccatum
1592 4800 1659 4864 ⁸⁸,
1681 4818 1779 4855 nec
1794 4803 2027 4871 amplius
2045 4805 2123 4857 in-

546 4899 635 4940 tus
660 4886 892 4941 literere.
924 4886 1133 4941 *Verum
1168 4888 1421 4957 perinde,
1448 4906 1511 4943 ac
1545 4890 1589 4944 si
1629 4892 1808 4957 miles,
1834 4895 1926 4962 qui
1952 4894 2122 4963 depo-

2294 4709 2523 4766 lA'.-lE'.
2568 4712 2727 4768 Ἀλλὰ
2760 4714 2959 4783 λέγεις,
2989 4718 3072 4772 ὅτι
3096 4723 3129 4773 ὁ
3152 4722 3362 4788 Κύριος
3392 4721 3569 4775 ἐλθὼν
3592 4722 3673 4776 διὰ
3689 4721 3763 4773 τοῦ

2218 4804 2453 4875 σταυροῦ
2478 4805 2786 4875 κατέκρινε
2825 4809 2940 4877 τὴν
2975 4811 3289 4880 ἁμαρτίαν,
3317 4817 3411 4867 καὶ
3438 4817 3621 4870 οὐκέτι
3642 4818 3763 4869 ἐστὶν

2216 4898 2345 4952 ἔσω.
2385 4898 2523 4952 Ἀλλ’
2567 4899 2756 4970 ὥσπερ
2796 4903 2891 4955 ἐὰν
3003 4906 3341 4975 στρατιώτης
3382 4911 3483 4961 καὶ
3528 4910 3763 4977 ἀποθῆται

544 4984 638 5029 nat
682 4989 906 5029 currum
952 4991 1113 5029 suum
1154 4977 1207 5031 in
1264 4977 1426 5033 domo
1466 4980 1718 5051 alicujus,
1745 4982 1964 5051 quando
1998 4985 2114 5053 pla-

542 5066 719 5120 cuerit
746 5065 819 5129 ei,
853 5066 1163 5120 facultatem
1185 5067 1352 5121 habet
1379 5068 1721 5139 ingrediendi
1750 5084 1806 5126 et
1829 5074 2117 5143 egredien-

542 5155 595 5208 di
627 5154 849 5209 domum
875 5156 1023 5212 illam
1051 5174 1064 5209 :
1097 5157 1176 5211 sic
1196 5172 1415 5228 quoque
1444 5171 1727 5228 peccatum
1762 5161 1928 5217 habet
1965 5174 2117 5233 pote-

540 5258 735 5304 statem
754 5250 1155 5320 disputationes
1166 5253 1383 5307 serendi
1399 5252 1455 5306 in
1473 5254 1656 5308 corde.
1682 5253 1954 5325 Scriptum
1969 5257 2116 5312 enim

538 5349 623 5395 est
649 5359 662 5394 :
694 5341 905 5396 Introiit
943 5341 1177 5398 Satanas
1201 5343 1255 5396 in
1289 5360 1377 5397 cor
1397 5344 1551 5400 Iuda:
1580 5346 1644 5399 ".
1683 5344 1739 5400 Si
1768 5364 1898 5403 vero
1923 5349 2112 5416 instes,

541 5449 639 5501 per
659 5435 957 5490 adventum
984 5437 1188 5493 Christi
1212 5440 1631 5496 condemnatum
1658 5459 1778 5499 esse
1804 5456 2110 5513 peccatum,

541 5540 646 5579 nec
677 5539 799 5597 post
856 5530 1193 5600 baptismum
1227 5533 1487 5602 pabulum
1533 5535 1736 5591 habere
1764 5538 1963 5592 malum
1994 5539 2109 5593 dis-

543 5617 771 5685 putandi
816 5620 873 5674 in
922 5622 1128 5689 corde;
1178 5622 1399 5693 ignoras
1430 5626 1577 5694 quod
1620 5626 1689 5681 ab
1736 5628 1969 5685 adventu
2001 5631 2109 5685 Do-

2215 4992 2278 5043 τὸ
2307 4991 2460 5062 ἅρμα
2493 4992 2657 5046 αὑτοῦ
2693 4996 2773 5057 είς
2802 4996 2980 5050 οἰκίαν
3009 4998 3176 5062 τινὸς,
3213 5000 3304 5052 ὅτε
3338 5002 3486 5054 θέλει
3506 5040 3520 5064 ,
3548 5001 3761 5066 ἐξουσίαν

2218 5082 2330 5153 ἔχει
2370 5084 2597 5138 εἰσιέναι
2631 5086 2726 5138 καὶ
2755 5088 2958 5151 ἐξιέναι
2996 5090 3054 5142 ἐν
3092 5093 3155 5161 τῇ
3194 5093 3342 5162 οἰκία
3384 5092 3596 5163 ἐκείνῃ·
3620 5091 3762 5151 οὕτως

2218 5176 2361 5246 καὶὴ
2386 5176 2629 5248 ἁμαρτία
2653 5177 2766 5247 ἔχει
2793 5178 3037 5243 ἐξουσίαν
3062 5181 3461 5250 διαλογίζεσθαι
3486 5188 3545 5238 ἐν
3566 5187 3628 5254 τῇ
3655 5198 3763 5251 καρ-

2215 5266 2326 5336 δίᾳ.
2356 5268 2672 5337 Γέγραπται
2696 5274 2804 5340 γὰρ
2824 5288 2837 5301 ⁸
2870 5271 3173 5340 Εἰσῆλθεν
3199 5278 3231 5329 ὀ
3266 5275 3539 5340 Σατανᾶς
3566 5279 3647 5337 εὶς
3673 5271 3765 5338 τὴν

2218 5359 2468 5427 καρδίαν
2505 5362 2713 5416 Ἰούδα.
2746 5364 2808 5415 El
2834 5363 2890 5416 δὲ
2924 5364 3124 5434 λέγεις,
3154 5368 3235 5420 ὅτι
3269 5367 3358 5421 διὰ
3400 5368 3504 5437 τῆς
3531 5368 3763 5424 ἐλεύσεως

2217 5450 2310 5504 τοῦ
2342 5451 2580 5523 Χριστοῦ
2616 5454 2914 5527 κατεκρίθη
2946 5456 2979 5527 ἡ
3014 5457 3280 5528 ἁμαρτία,
3314 5460 3405 5512 καὶ
3436 5459 3578 5529 μετά
3605 5454 3762 5525 163d-

2217 5563 2427 5617 πτισμα
2446 5548 2628 5601 οὐκέτι
2652 5549 2764 5620 ἔχει
2794 5550 2965 5622 νομὴν
2986 5552 3045 5605 τὸ
3073 5552 3240 5606 κακὸν
3264 5553 3359 5607 τοῦ
3386 5549 3760 5618 διαλογίζεσθαι

2217 5637 2276 5693 ἐν
2303 5640 2371 5709 τῇ
2396 5639 2622 5711 καρδίᾳ,
2654 5641 2866 5711 ἀγνοεῖς
2895 5645 2978 5697 ὅτι
3016 5646 3080 5698 ἐκ
3106 5645 3206 5715 τῆς
3231 5645 3534 5717 παρουσίας
3557 5644 3643 5697 τοῦ
3667 5641 3757 5695 Ku-

618 5754 663 5784 ⁵¹
695 5756 850 5812 Joan.
904 5773 1012 5827 αισι,
1038 5760 1093 5816 6.
1152 5761 1200 5793 ⁵³
1225 5760 1361 5818 Gen.
1390 5780 1470 5832 Ill,
1503 5765 1555 5821 5.
1591 5767 1644 5821 6.
1719 5768 1805 5822 “l
1841 5768 1980 5825 Tim.
2014 5788 2071 5839 ιι,
2107 5776 2117 5829 l

2236 5776 2282 5809 ⁸⁸
2306 5776 2495 5833 Matth.
2526 5795 2615 5849 xv,
2642 5781 2725 5838 l9.
2781 5783 2826 5817 "
2864 5784 3020 5841 Rom.
3050 5801 3163 5855 vni,
3204 5785 3257 5843 3.
3324 5787 3368 5821 ⁸⁷
3395 5785 3536 5843 Luc.
3564 5800 3683 5849 χιιι,
3709 5780 3752 5834 5-
