3966 6536
193 358 296 422 585

1426 356 1795 421 HOMILUE.
1825 382 1897 391 —
1922 356 2110 423 HOM.
2138 359 2257 424 XV.

3352 355 3461 424 586

196 471 311 540 ρίου
342 469 503 541 μέχρι
536 469 632 523 τοῦ
664 469 782 538 νῦν,
816 470 930 524 ὅσοι
961 469 1391 538 ἐσαπτίσθησαν,
1424 470 1517 525 καὶ
1559 468 1772 540 πονηρὰ

1898 470 2013 526 nini
2046 471 2114 527 ad
2142 473 2293 529 hunc
2315 487 2490 544 usque
2511 471 2657 527 diem
2687 477 2819 541 quot
2847 469 3012 526 modo
3034 468 3451 541 haptizati‘sint,

192 564 327 615 ποτὲ
370 563 764 633 ἑλογίσθησανς
809 563 844 633 ἢ
879 564 983 617 οὐκ
1016 565 1096 627 είς
1128 562 1436 629 κενοδοξίαν
1485 563 1629 625 τινὲς
1671 562 1770 615 αὑ-

191 657 322 719 τῶν,
352 656 387 726 ἢ
421 655 698 725 πορνείαν,
726 655 759 725 ἢ
791 656 1238 727 γαστριμαργίαν
1262 655 1611 726 ἐτράπησανς
1637 654 1772 709 ἀλλὰ

194 748 307 800 ὅλοι
330 750 379 801 οἱ
403 747 786 810 κατοικοῦντες
821 749 877 802 ἐν
906 750 972 819 τῇ
1009 748 1303 818 Ἐκκλησία
1321 749 1596 817 κοσμικοὶ,
1617 748 1773 817 ἀμω-

197 858 301 910 μον
352 842 447 893 καὶ
484 839 732 909 καθαρὰν
784 838 968 910 ἔχουσι
1012 841 1108 911 τὴν
1153 838 1474 911 καρδίανςῆ
1516 838 1774 910 εὑρίσκο-

196 954 320 1007 μεν,
347 937 427 990 ὃτι
452 936 589 1007 μετά
616 936 677 990 τὸ
710 935 991 1006 βάπτισμα
1026 935 1217 988 πολλαὶ
1257 931 1526 1003 ἁμαρτίαι
1560 930 1774 1000 γίγνονο

191 1048 319 1095 ται,
350 1031 442 1084 καὶ
479 1030 664 1083 πολλοὶ
688 1030 1131 1100 ἀμαρτάνουσιν;
1167 1028 1319 1097 Ἔχει
1348 1022 1441 1081 οὖν
1468 1026 1641 1097 νομὴν
1680 1023 1775 1077 καὶ

197 1121 340 1192 μετὰ
362 1121 421 1174 τὸ
454 1121 735 1191 βάπτισμα
768 1120 1029 1174 εἰσελθεῖν
1067 1121 1096 1173 6
1134 1118 1358 1191 λῃστὴς,
1391 1120 1484 1173 καὶ
1515 1117 1775 1189 πράττειν

194 1217 231 1267 ὃ.
264 1215 431 1268 θέλει.
468 1214 779 1283 Γέγραπται
823 1214 931 1283 γάρ
963 1229 977 1243 '
1021 1212 1375 1281 Ἀγαπήσεις
1414 1212 1635 1279 Κύριον
1667 1210 1777 1265 τὸν

197 1308 351 1361 eist
386 1323 504 1361 σου
553 1306 622 1370 ἐξ
666 1306 819 1374 ὅλης
862 1305 973 1371 τῆς
1016 1305 1268 1372 καρδίας
1311 1320 1450 1360 σου.
1494 1303 1656 1357 Ἀλλά
1684 1302 1774 1356 λέ-

196 1415 318 1466 γεις
346 1439 361 1463 ,
392 1398 474 1450 ὅτι
505 1394 730 1466 Ἀγαπῶ
750 1438 765 1461 ,
799 1394 899 1448 καὶ
934 1395 1052 1465 ἔχω
1081 1394 1322 1465 Πνεῦμα
1355 1394 1552 1464 ἅγιον.
1588 1394 1777 1463 Ἔχεις

194 1492 299 1563 τὴν
337 1492 578 1561 μνήμην,
628 1488 838 1543 καὶτὸν
881 1488 1081 1559 ἔρωτα,
1108 1490 1204 1543 καὶ
1262 1487 1359 1560 τὴν
1404 1488 1599 1542 καῦσιν
1638 1487 1777 1559 πρὸς

193 1586 291 1638 τὸν
319 1584 554 1655 Κύριον;
575 1582 768 1647 νυκτὸς
791 1585 884 1636 καὶ
906 1584 1118 1654 ἡμέρας
1142 1584 1260 1636 ἐκεῖ
1289 1581 1610 1636 άποδέδεσαι
1638 1597 1654 1646 ;
1680 1578 1779 1634 καὶ

196 1682 250 1733 εἰ
285 1680 383 1749 μὲν
412 1678 554 1748 ἔχεις
574 1676 833 1747 τοιαύτην
862 1668 1105 1745 ἀγάπην,
1132 1674 1374 1745 καθαρὸς
1402 1668 1469 1729 εἴ.
1507 1672 1568 1725 Εἰ
1596 1671 1651 1725 δὲ
1678 1670 1780 1723 οὐκ

198 1774 386 1843 ἔχεις,
436 1770 673 1842 ζήτησον
717 1769 799 1822 ἔτι
847 1770 974 1823 ὃταν
1012 1767 1237 1821 ἔλθωσιν
1278 1766 1389 1820 ἀπὸ
1425 1765 1535 1819 τῶν
1574 1764 1780 1833 γηΐνων

197 1866 570 1937 πραγμάτων,
618 1863 711 1917 καὶ
738 1862 845 1915 ἀπὸ
872 1862 981 1915 τῶν
1019 1858 1262 1931 αίσχρῶν
1297 1860 1392 1911 καὶ
1418 1855 1671 1927 πονηρῶν
1697 1854 1785 1907 λο-

198 1958 442 2028 γισμῶν,
473 1957 522 2009 εἰ
572 1956 646 2025 μὴ
688 1954 822 2024 πρὸς
846 1952 1023 2007 ταῦτα
1052 1950 1339 2021 ὑποκλίνῃ,
1375 1947 1511 2002 ἀλλά
1550 1946 1785 2000 πάντοτε

202 2053 286 2115 είς
320 2050 539 2117 ἀγάπην
568 2049 663 2100 καὶ
698 2046 862 2099 πόθον
900 2043 1036 2097 Θεοῦ
1070 2042 1287 2096 ἓλκεταί
1336 2058 1429 2095 σου
1456 2042 1488 2110 ἡ
1519 2039 1687 2109 ψυχή.
1721 2036 1785 2091 Οἱ

204 2147 319 2214 γὰρ
342 2142 590 2210 λογισμοὶ
614 2138 707 2191 τοῦ
740 2137 945 2207 κόσμου
971 2135 1297 2191 κατασπῶσι
1322 2132 1414 2187 τὸν
1443 2132 1568 2185 νοῦν
1595 2133 1671 2197 εἰς
1714 2132 1789 2185 τὰ

209 2242 426 2308 ἐπίγεια
464 2239 557 2291 καλ⁸
592 2236 807 2305 φθαρτά
827 2275 842 2298 ,
871 2234 966 2287 καὶ
993 2232 1093 2287 οὐκ
1133 2230 1297 2283 ὲῶσιν
1320 2228 1607 2298 ἀγαπῆσαι
1630 2230 1787 2295 Θεὸν,

206 2338 242 2406 ἧ
273 2333 642 2405 μνημονεῦσαι
666 2331 759 2384 τοῦ
785 2328 1014 2400 Κυρίου.
1052 2328 1164 2381 Καὶ
1195 2326 1458 2390 πολλάκις
1486 2325 1788 2397 ἀπέρχεται

202 2431 289 2489 είς
322 2426 629 2498 προσευχὴν
657 2426 684 2476 6
713 2421 946 2491 ἰδιώτης,
978 2421 1071 2473 καὶ
1101 2420 1269 2473 κλίνει
1296 2419 1449 2486 γόνυ,
1482 2417 1579 2472 καὶ
1610 2417 1787 2488 εἰσέρ-

200 2532 366 2586 χεται
403 2518 430 2567 6
454 2514 573 2577 νοῦς
602 2512 769 2566 αὐτοῦ
800 2513 878 2575 είς
903 2511 1242 2573 ἀνάπαυσιν,
1275 2512 1368 2562 καὶ
1398 2510 1521 2563 ὅσον
1556 2510 1789 2563 σκάπτει

201 2605 305 2656 καὶ
352 2603 570 2674 βαθύνει
592 2643 606 2667 ,
640 2601 899 2673 ρύσσεται
932 2600 993 2655 τὸ
1036 2603 1214 2671 τεῖχος
1241 2600 1339 2671 τῆς
1368 2599 1565 2662 κακίας
1596 2599 1656 2652 τὸ
1688 2601 1786 2652 ἀν-

201 2696 554 2765 θιστάμενον,
586 2695 681 2748 καὶ
723 2693 1030 2763 εἰσέρχεται
1081 2696 1161 2756 είς
1208 2692 1398 2764 ὅρασιν
1430 2692 1525 2745 καὶ
1571 2693 1787 2761 σοφίαν,

198 2792 343 2842 ὅπου
382 2788 443 2840 οὐ
476 2788 739 2857 φθάνουσι
775 2786 1033 2839 δυνάσται
1064 2784 1097 2856 ἢ
1140 2785 1316 2853 σοφοὶ,
1346 2784 1379 2856 ἢ
1416 2786 1646 2858 ῥήτορες
1685 2802 1787 2839 κα-

200 2880 473 2933 ταλαϐεῖν
524 2880 557 2950 ἢ
601 2879 804 2948 γνῶναι
856 2879 956 2948 τὴν
984 2878 1290 2948 λεπτότητα
1321 2876 1414 2930 τοῦ
1449 2878 1568 2940 νοὸς
1597 2877 1785 2931 αὐτοῦ’

198 2971 400 3041 ἐπειδὴ
458 2971 767 3043 ἀσχολεῖται
836 2971 916 3033 εἰς
984 2969 1103 3023 θεῖα
1156 2972 1450 3042 μυστήρια.
1510 2970 1623 3023 Καὶ
1679 2972 1790 3041 γὰρ

200 3065 440 3135 ἄπειρος
461 3064 553 3118 τοῦ
584 3062 900 3133 δοκιμάζειν
949 3064 1321 3133 μαργαρίτας,
1358 3063 1459 3115 οὐκ
1484 3058 1591 3115 οἶδε
1618 3063 1791 3115 διατι-

1874 571 1931 620 et
1963 565 2259 636 aliquando
2292 575 2473 621 tamen
2500 563 2863 619 nihilominus
2890 564 3032 617 mala
3060 563 3458 633 cogitaverim?

1873 659 1984 715 Aut
2010 675 2195 716 nonne
2221 659 2443 730 quidam
2473 673 2664 712 eorum
2691 656 2757 711 ad
2791 673 2987 711 vanam
3024 656 3213 728 gloriae
3243 657 3459 726 cupidi-

1875 752 2154 817 ditatem,
2201 751 2269 807 ad
2323 760 2573 822 stuprum
2625 760 2720 805 aut
2774 749 3167 804 helluationem
3204 749 3457 805 conversi

1875 846 2036 898 sunt?
2070 844 2243 899 Porro
2274 885 2289 910 ,
2335 859 2403 899 an
2442 859 2639 899 omnes
2684 842 2778 913 qui
2828 842 3079 897 habitant
3127 841 3182 895 in
3211 841 3458 899 Ecclesia

1876 935 2130 990 homines
2174 935 2459 998 mundani,
2500 952 2639 1006 puro
2670 944 2725 989 et
2762 935 3081 1005 inculpabili
3118 934 3285 989 corde
3319 950 3457 1005 prte-

1876 1027 1977 1082 diti
2010 1027 2176 1082 sunt?
2209 1036 2304 1082 aut
2360 1044 2543 1082 nonne
2595 1028 2902 1098 reperimus
2953 1038 3077 1098 post
3117 1028 3456 1097 baptismum

1876 1120 2046 1175 multa
2092 1119 2399 1189 perpetrari
2431 1128 2677 1190 peccata,
2707 1136 2772 1176 ac
2801 1122 3007 1175 multos
3030 1122 3258 1176 errare?
3280 1120 3457 1175 Habet

1876 1212 2046 1284 igitur
2069 1212 2331 1281 pabulum
2360 1219 2417 1265 et
2460 1210 2739 1266 licentiam
2785 1213 2948 1276 latro,
2995 1214 3161 1267 etiam
3207 1222 3331 1284 post
3363 1214 3458 1268 ba-

1876 1306 2159 1377 ptismum,
2188 1304 2529 1375 ingrediendi
2553 1314 2718 1374 atque
2740 1304 2938 1374 agendi
2961 1321 3063 1375 pro
3084 1307 3288 1361 lubitu.
3309 1306 3459 1361 Scri-

1878 1404 2032 1467 ptum
2087 1395 2237 1450 enim
2286 1405 2405 1451 est:
2454 1394 2654 1466 Diliges
2686 1394 2977 1449 Dominum
3008 1395 3174 1450 Deum
3216 1408 3365 1451 tuum
3394 1412 3457 1451 ea:

1879 1495 1987 1541 toto
2022 1488 2178 1541 corde
2218 1497 2307 1540 tuo
2332 1487 2400 1541 ⁵⁸.
2448 1486 2647 1541 Verum
2697 1486 2880 1541 dicis:
2925 1486 3120 1557 Diligo,
3179 1496 3229 1541 et
3286 1488 3452 1543 habeo

1879 1578 2139 1650 Spiritum
2166 1587 2430 1633 sanctum.
2470 1578 2723 1633 Habesne
2752 1578 3075 1633 memoriam
3103 1588 3159 1633 et
3184 1595 3453 1645 amorem,

1881 1687 1945 1726 ac
1992 1672 2229 1741 ﬂagrans
2282 1672 2620 1727 desiderium
2660 1671 2935 1727 directum
2965 1688 3092 1744 erga
3123 1674 3456 1728 Dominum?

1884 1778 2015 1817 esne
2053 1771 2222 1816 noctu
2253 1760 2457 1831 diuque
2490 1762 2602 1816 illic
2620 1761 2951 1818 devinctus?
2979 1772 3035 1817 et
3064 1764 3336 1834 siquidem
3357 1764 3460 1819 hac

1888 1853 2181 1909 dilectione
2232 1853 2497 1924 praeditus
2519 1869 2600 1921 es,
2630 1870 2802 1923 purus
2834 1871 2913 1910 es.
2944 1855 3038 1910 Sin
3069 1872 3131 1911 ea
3171 1857 3353 1911 minus
3387 1857 3463 1912 sis

1887 1947 2174 2018 praeditus,
2205 1948 2347 2002 ultra
2373 1946 2609 2015 inquire,
2646 1947 2739 2002 ubi
2789 1964 2848 2003 se
2893 1948 3197 2003 obtulerint
3244 1950 3463 2021 negotia

1890 2048 2129 2103 terrena,
2161 2047 2255 2093 aut
2295 2040 2660 2110 cogitationes
2699 2050 2891 2111 turpes
2938 2049 2994 2095 et
3039 2055 3244 2110 pravae,
3278 2056 3464 2095 annon

1888 2132 1953 2187 ad
1980 2134 2094 2187 hzec
2119 2132 2505 2200 declinaveris,
2550 2150 2619 2187 an
2643 2149 2776 2188 vero
2810 2142 3076 2202 perpetuo
3113 2132 3181 2186 ad
3217 2148 3464 2187 amorem

1888 2240 1950 2279 ac
1972 2224 2306 2279 desiderium
2332 2224 2427 2280 Dei
2459 2226 2708 2279 trahatur
2735 2226 2917 2279 anima
2946 2224 3079 2278 tua?
3104 2225 3468 2294 cogitationes

1888 2317 2034 2371 enim
2084 2318 2373 2373 mundana:
2406 2317 2725 2372 distrahunt
2770 2326 3009 2372 mentem
3056 2317 3122 2371 ad
3161 2327 3381 2374 terrena
3413 2324 3470 2372 et

1888 2410 2295 2479 corruptibilia,
2348 2424 2451 2464 nec
2491 2408 2823 2479 permittunt
2869 2409 3099 2481 diligere
3132 2411 3329 2474 Deum,
3374 2418 3467 2465 aut

1889 2503 2104 2557 Domini
2129 2518 2427 2557 memorem
2457 2518 2597 2557 esse.
2635 2503 2705 2556 At
2748 2517 3128 2573 srepenumero
3163 2502 3378 2558 accedit
3400 2502 3467 2556 ad

1890 2596 2156 2649 orandum
2212 2595 2380 2650 idiota
2437 2596 2577 2650 ﬂexo
2609 2596 2835 2665 peplite,
2870 2594 3285 2665 ingredituque
3314 2610 3470 2651 mens

1890 2687 2011 2755 ejus
2034 2686 2088 2739 in
2138 2686 2404 2756 requiem,
2429 2695 2485 2740 et
2517 2685 2761 2756 quandiu
2809 2684 2951 2738 fodit
2978 2701 3042 2738 ac
3080 2684 3188 2737 ima
3213 2684 3468 2747 rimatur,

1890 2779 2199 2848 perrumpit
2219 2779 2495 2849 objectum
2528 2778 2792 2847 parietem
2822 2778 3067 2841 malitiat,
3100 2793 3164 2831 ac
3187 2778 3384 2832 transit
3414 2776 3471 2830 in

1891 2871 2162 2925 visionem
2204 2880 2259 2925 ct
2319 2870 2668 2940 sapientiam,
2697 2886 2807 2940 quo
2854 2886 2962 2923 non
3012 2869 3343 2939 perveniunt
3374 2884 3473 2938 po-

1893 2970 2093 3028 tentes,
2123 2968 2219 3014 aut
2252 2960 2550 3029 sapientes,
2587 2969 2684 3013 aut
2715 2960 2986 3025 rhetores,
3016 2968 3074 3013 ut
3109 2960 3473 3029 comprehcn-

1893 3053 2025 3108 dant
2055 3061 2150 3107 aut
2208 3063 2542 3123 cognoscant
2576 3052 2939 3106 subtilitatem
2977 3052 3180 3105 mentis
3206 3052 3361 3121 ejus:
3395 3052 3473 3105 si-

206 3156 497 3227 μήσασθαι
527 3157 772 3219 τούτους,
807 3154 896 3208 διὰ
924 3155 985 3208 τὸ
1023 3154 1251 3225 ἄπειρον
1288 3155 1450 3209 αὑτὸν
1475 3155 1785 3225 τυγχάνειν,

1898 3146 2113 3216 quidem
2141 3154 2386 3201 attentus
2423 3153 2508 3199 est
2547 3144 2613 3198 ad
2653 3143 2840 3197 divina
2872 3144 3149 3215 mysteria.
3191 3142 3295 3209 Qui
3325 3142 3472 3197 enim

202 3252 275 3302 Oi
307 3245 403 3303 οὖν
438 3248 753 3319 Χριστιανοὶ
785 3248 854 3301 τὰ
885 3248 1070 3313 ἔνδοξα
1111 3250 1210 3320 τῆς
1249 3250 1353 3319 γῆς
1386 3249 1787 3321 βδελύσσονται,

204 3343 309 3395 καὶ
341 3340 600 3413 ἡγοῦνται
637 3342 809 3394 ταῦτα
851 3342 927 3405 ὡς
976 3342 1208 3413 κοπρίαν
1242 3343 1381 3414 πρὸς
1433 3343 1658 3397 ἐκείνων
1694 3343 1792 3414 τὴν

208 3432 506 3502 σύγκρισιν
558 3432 659 3503 τῆς
718 3430 1139 3503 μεγαλειότητος
1190 3432 1289 3504 τῆς
1352 3432 1684 3504 ἐνεργούσης
1736 3432 1794 3484 ὲν

213 3524 418 3588 αὐτοῖς.

284 3785 399 3853 tq'.
454 3785 795 3855 Ἐρώτησις.
831 3788 899 3842 Et
946 3788 1195 3843 δύναται
1231 3788 1445 3843 πεσεῖν
1488 3789 1797 3859 ἄνθρωπος

201 3882 374 3947 ἔχων
407 3879 669 3951 χάρισμα
686 3897 707 3945 ;
978 3900 993 3913 ·
1328 3878 1329 3881 “

302 3972 667 4041 Ἀπόκρισις.
716 3974 844 4027 Ἐὰν
885 3974 1169 4045 άμελήσῃ,
1214 3974 1425 4028 πίπτει·
1465 3975 1514 4026 οἱ
1562 3975 1671 4045 γὰρ
1703 3992 1799 4027 πο-

202 4066 400 4135 λέμιοι
427 4066 682 4119 οὐδέποτε
712 4067 962 4138 ἀργοῦσι,
995 4066 1120 4119 οὔτε
1161 4066 1378 4119 ὀκνοῦσι
1414 4066 1795 4136 πολεμοῦντες·

203 4160 374 4228 πόσῳ
410 4159 612 4229 μᾶλλον
661 4160 726 4213 σὺ
754 4161 854 4213 οὐκ
899 4161 1136 4229 ὀφείλεις
1183 4160 1495 4214 παύσασθαι
1539 4160 1648 4212 ἀπὸ
1702 4162 1801 4230 τῆς

200 4247 500 4318 ζητήσεως
549 4250 648 4318 τῆς
696 4251 835 4320 πρὸς
889 4250 1062 4317 Θεόνς
1109 4250 1279 4320 πολλὴ
1335 4251 1443 4320 γάρ
1495 4267 1577 4302 σοι
1624 4248 1801 4319 ζημία

198 4338 467 4406 γίγνεται
505 4340 828 4409 ἀμελοῦντι,
878 4344 925 4393 εί
964 4342 1058 4393 καὶ
1104 4344 1167 4394 ὲν
1200 4341 1348 4412 αὑτῷ
1387 4340 1469 4412 τῷ
1516 4341 1802 4413 μυστηρίῳ

194 4435 319 4502 τῆς
344 4432 561 4503 χάριτος
591 4434 766 4496 δοκεῖς
803 4433 1171 4498 ἐξετάζεσθαι.

1893 3239 2215 3309 margaritas
2260 3238 2498 3309 probare
2532 3236 2677 3291 haud
2734 3236 2909 3297 novit,
2964 3236 3053 3291 ille
3085 3251 3189 3291 nec
3212 3252 3306 3291 eas
3330 3238 3475 3291 (esti-

1892 3350 2040 3387 mare
2072 3332 2240 3397 novit,
2272 3348 2338 3386 eo
2365 3330 2511 3401 quod
2557 3331 2849 3400 imperitus
2883 3329 2954 3383 sit
2984 3330 3103 3399 ejus
3129 3330 3232 3383 rei.
3265 3327 3473 3394 Quatu-

1892 3424 2082 3478 obrem
2149 3422 2448 3478 Christiani
2494 3422 2552 3476 in
2606 3432 2753 3476 terra
2784 3463 2799 3487 ,
2835 3436 2957 3490 qua:
3002 3420 3261 3490 praeclara
3318 3430 3470 3487 sunt,

1893 3523 2269 3579 exsecrantur,
2322 3530 2387 3568 ac
2437 3530 2536 3584 pro
2572 3523 2814 3567 stercore
2870 3520 3133 3581 reputant
3189 3528 3275 3578 ea,
3307 3511 3478 3565 colla-

1898 3610 2045 3664 tione
2074 3624 2201 3664 cum
2250 3608 2556 3679 majestate,
2594 3621 2717 3677 qua:
2770 3613 3035 3675 operatur
3074 3603 3131 3658 in
3158 3604 3287 3671 illis,
3317 3604 3477 3660 insti-

1898 3710 2040 3757 tuta.

1967 3793 2106 3849 XVI.
2146 3794 2523 3865 Interrogatio.
2561 3791 2749 3848 Utrum
2799 3790 2905 3845 tabi
2952 3797 3122 3860 potest
3182 3791 3357 3855 homo,
3391 3790 3481 3857 qui

1897 3890 2093 3942 donum
2132 3890 2318 3959 gratia:
2352 3887 2549 3942 habet?

1974 3980 2276 4053 Responsio.
2333 3981 2388 4036 Si
2438 3982 2701 4053 negligat,
2757 3980 2951 4051 utique
3000 3978 3227 4034 labitur.
3268 3976 3482 4031 Inimici

1899 4072 2046 4127 enim
2098 4087 2379 4141 nunquam
2430 4071 2745 4140 quiescunt,
2778 4086 2881 4125 nec
2942 4070 3146 4125 bellum
3177 4068 3335 4123 ciere-
3359 4085 3476 4138 gra-

1899 4168 2141 4215 vantur:
2183 4172 2389 4231 quanto
2423 4162 2596 4231 magis
2628 4170 2684 4214 tu
2722 4161 2894 4215 Deum
2927 4175 3174 4229 qnmrcre
3217 4158 3485 4213 desistere

1902 4268 2013 4307 non
2066 4252 2268 4307 debesl
2326 4270 2435 4307 non
2466 4253 2615 4307 enim
2658 4256 2916 4322 exiguum
2944 4251 3335 4305 detrimentum
3368 4266 3485 4303 ma-

1902 4354 1997 4398 net
2029 4352 2102 4409 te,
2131 4343 2177 4398 si
2210 4345 2473 4415 negligas,
2500 4344 2752 4415 quamvis
2779 4344 2833 4398 in
2862 4343 2985 4415 ipso
3012 4342 3275 4415 mysterio
3292 4342 3480 4415 gratia:

1905 4434 2124 4490 videare
2161 4436 2443 4505 probatus.

292 4500 391 4580 12".
420 4500 777 4594 ⁷Ἐρώτησις.
809 4530 875 4580 Et
908 4527 1231 4597 παραμένει
1263 4528 1301 4598 ἡ
1332 4527 1505 4598 χάρις
1541 4530 1693 4599 μετὰ
1732 4531 1788 4587 τε

1974 4527 2136 4585 XVII.
2159 4500 2536 4599 interrogatio.
2576 4538 2764 4585 utrum
2803 4534 3078 4599 permanet
3137 4536 3315 4598 gratia
3372 4534 3486 4599 post

194 4615 438 4671 πεσεῖν
463 4618 809 4686 ἅνθρωπον;

304 4708 673 4776 Ἀπόκρισις.
755 4708 814 4762 Ὀ
864 4710 997 4774 Θεὸς
1055 4709 1197 4764 θέλει
1243 4711 1335 4765 τὸν
1386 4712 1671 4783 ἄνθρωπον
1721 4715 1802 4778 εἰς

192 4801 367 4871 ζωὴν
400 4801 561 4854 πάλιν
595 4802 847 4869 ἀγαγεῖν,
877 4804 971 4857 καὶ
1004 4804 1377 4874 προτρέπεται
1411 4807 1504 4859 ἐπὶ
1533 4808 1595 4860 τὸ
1639 4806 1806 4861 πάλιν

194 4891 605 4960 προσκλαῦσαι
633 4893 728 4945 καὶ
763 4896 1094 4965 μετανοῆσαι
1120 4896 1210 4948 τὸν
1244 4896 1547 4967 ἄνθρωπον.
1596 4899 1719 4952 Ἐὰν
1749 4899 1807 4953 δὲ

188 4984 316 5038 καὶ
351 4985 702 5057 παραμείνῃ,
740 4986 831 5039 ἐπὶ
864 4986 925 5039 τὸ
955 4988 1114 5041 πάλιν
1167 4990 1544 5059 προσκλαῦσαι
1574 4992 1667 5045 καὶ
1699 5009 1799 5062 με·

182 5074 488 5144 τανοῆσαι
517 5076 609 5129 τὸν
641 5076 948 5147 ἄνθρωπον,
984 5079 1347 5148 μετανοοῦντα
1370 5079 1438 5132 τά
1467 5080 1551 5149 ἐφ’
1586 5077 1666 5144 οἷς
1696 5080 1801 5134 πά-

180 5171 309 5222 λαι
336 5169 779 5239 ἐπλημμέλησεν.

292 5259 403 5315 ΙΗ’.
466 5261 807 5330 Ἐρώτησις.
842 5266 908 5317 Et
930 5263 1053 5330 τοῖς
1077 5266 1325 5331 τελείοις
1346 5266 1633 5318 ἐπίκειται
1672 5266 1802 5319 θλί-

182 5357 349 5424 ψις,
374 5353 413 5421 ἦ
443 5355 727 5422 πόλεμος,
750 5356 788 5422 ἣ
830 5355 897 5410 τὸ
924 5356 1074 5409 ὅλον
1098 5356 1571 5425 ἁμεριμνοῦσινί

303 5443 665 5512 Ἀπόκρισις.
728 5447 789 5498 '0
837 5446 1099 5515 πολέμιος
1147 5450 1267 5502 κατ’
1298 5449 1512 5513 οὐδενὸς
1570 5469 1803 5505 παυεται

183 5533 498 5603 πολεμῶν,
535 5536 563 5586 6
589 5537 833 5601 Σατανᾶς
864 5538 920 5589 δὲ
951 5538 1294 5609 ἄσπλαγχνός
1320 5543 1435 5594 ἐστι
1492 5545 1583 5595 καὶ
1611 5545 1797 5614 μισάν-

184 5625 445 5695 Θρωπος
464 5640 478 5652 ο
507 5624 586 5677 διὸ
618 5626 709 5677 καὶ
735 5628 896 5681 παντὶ
928 5628 1203 5703 ἀνθρώπῳ
1231 5631 1484 5703 πολεμεῖν
1508 5634 1606 5687 οὐκ
1634 5637 1800 5691 ὀκνεῖ.

290 5808 342 5841 ⁸⁸
367 5808 529 5867 Deut.
561 5827 632 5877 vi,
656 5811 708 5865 5.

1816 4660 1823 4663 -
1902 4620 2108 4692 lapsum
2162 4622 2429 4675 hominis?

1972 4712 2277 4784 Responsio.
2318 4713 2464 4768 Deus
2518 4712 2573 4766 in
2604 4712 2748 4767 votis
2787 4712 2955 4767 habet
2988 4711 3270 4766 hominem
3323 4727 3356 4764 n
3401 4726 3486 4763 vt—

1904 4812 2014 4858 tam
2041 4804 2223 4857 denuo
2254 4804 2542 4869 reducere,
2574 4814 2738 4875 atque
2774 4804 3101 4857 adhortatur
3130 4817 3257 4855 eum
3286 4802 3488 4856 iterum

1905 4893 1973 4947 ad
2016 4894 2225 4949 luctum
2259 4904 2315 4949 et
2361 4895 2819 4965 resipiscentiam.
2856 4896 2952 4950 Sin
2990 4912 3121 4949 vero
3148 4905 3486 4964 perseveret,

1908 4985 1975 5041 ad
2008 4988 2217 5041 luctum
2263 4995 2320 5041 et
2374 4989 2757 5057 pwnitcntiam
2796 4987 2996 5042 iterum
3032 4988 3283 5041 hortatur
3312 4988 3489 5045 homi-

1907 5095 2056 5144 nem,
2089 5086 2150 5133 ut
2202 5080 2493 5149 resipiscat
2553 5090 2778 5151 propter
2835 5096 2921 5145 ea,
2974 5096 3096 5150 quae
3153 5081 3286 5134 olim
3342 5081 3484 5135 deli-

1907 5174 2048 5245 quit.

1990 5267 2095 5336 57
2122 5266 2307 5320 XVIII.
2332 5266 2710 5336 Interrogatio.
2760 5264 2947 5320 Utrum
2969 5266 3211 5336 perfectis
3248 5267 3486 5320 imminet

1909 5358 2127 5427 afﬂictio
2158 5369 2249 5410 aut
2289 5357 2614 5421 bellum,aut
2643 5360 2847 5428 penitus
2873 5376 3052 5412 secure
3074 5360 3292 5413 vivunt?

1979 5450 2283 5522 Responsio.
2323 5451 2505 5505 Hostis
2528 5452 2734 5505 nemini
2770 5452 2973 5506 bellum
3010 5452 3216 5511 inferre
3246 5452 3488 5507 desinit:

1912 5543 2139 5599 Satanas
2178 5560 2310 5599 vero
2358 5545 2754 5600 innniscricors
2797 5553 2901 5609 est,
2943 5555 2998 5599 ct
3040 5546 3158 5599 odit
3208 5546 3489 5612 homines;

1911 5646 2249 5715 quapropter
2305 5638 2470 5695 etiam
2519 5638 2777 5695 omnibus
2828 5638 3149 5695 hominibus
3178 5637 3384 5695 bellum
3412 5638 3483 5697 in-
