  <div class='ocr_page' id='page_1' title='image "/cluster/home/n/w/nwhite01/storage/ocr_20150623/34/hvd.32044019207760/305.png"; bbox 0 0 3966 6564; ppageno 0'>
   <div class='ocr_carea' id='block_1_1' title="bbox 431 410 532 478">
    <p class='ocr_par' dir='ltr' id='par_1_1' title="bbox 431 410 532 478">
     <span class='ocr_line' id='line_1_1' title="bbox 431 410 532 478; baseline -0.01 0"><span class='ocrx_word' id='word_1_1' title='bbox 431 410 532 478; x_wconf 75' lang='lat'><strong>587</strong></span> 
     </span>
    </p>
   </div>
   <div class='ocr_carea' id='block_1_2' title="bbox 1666 417 2453 487">
    <p class='ocr_par' dir='ltr' id='par_1_2' title="bbox 1666 417 2453 487">
     <span class='ocr_line' id='line_1_2' title="bbox 1666 417 2453 487; baseline -0.004 -7"><span class='ocrx_word' id='word_1_2' title='bbox 1666 421 1730 482; x_wconf 91' lang='lat' dir='ltr'><strong>S.</strong></span> <span class='ocrx_word' id='word_1_3' title='bbox 1770 419 2096 487; x_wconf 80' lang='lat' dir='ltr'><strong>MACARII</strong></span> <span class='ocrx_word' id='word_1_4' title='bbox 2131 417 2453 479; x_wconf 73' lang='lat' dir='ltr'><strong>IEGYPTII</strong></span> 
     </span>
    </p>
   </div>
   <div class='ocr_carea' id='block_1_3' title="bbox 3588 416 3682 481">
    <p class='ocr_par' dir='ltr' id='par_1_3' title="bbox 3588 416 3682 481">
     <span class='ocr_line' id='line_1_3' title="bbox 3588 416 3682 481; baseline 0 0"><span class='ocrx_word' id='word_1_5' title='bbox 3588 416 3682 481; x_wconf 79' lang='lat'><strong>588</strong></span> 
     </span>
    </p>
   </div>
   <div class='ocr_carea' id='block_1_4' title="bbox 431 530 2035 607">
    <p class='ocr_par' dir='ltr' id='par_1_4' title="bbox 431 530 2035 603">
     <span class='ocr_line' id='line_1_4' title="bbox 431 530 2035 603; baseline 0.003 -18"><span class='ocrx_word' id='word_1_6' title='bbox 431 534 574 585; x_wconf 85' lang='lat' dir='ltr'><strong>l’errc</strong></span> <span class='ocrx_word' id='word_1_7' title='bbox 602 544 711 585; x_wconf 89' lang='lat' dir='ltr'><strong>non</strong></span> <span class='ocrx_word' id='word_1_8' title='bbox 738 530 1019 603; x_wconf 76' lang='lat' dir='ltr'><strong>pigrescit.</strong></span> <span class='ocrx_word' id='word_1_9' title='bbox 1050 534 1249 589; x_wconf 83' lang='lat' dir='ltr'><strong>Verum</strong></span> <span class='ocrx_word' id='word_1_10' title='bbox 1278 550 1388 590; x_wconf 90' lang='lat' dir='ltr'><strong>non</strong></span> <span class='ocrx_word' id='word_1_11' title='bbox 1416 534 1611 597; x_wconf 83' lang='lat' dir='ltr'><strong>iisdem</strong></span> <span class='ocrx_word' id='word_1_12' title='bbox 1643 536 1821 595; x_wconf 91' lang='lat' dir='ltr'><strong>modis</strong></span> <span class='ocrx_word' id='word_1_13' title='bbox 1849 536 2005 590; x_wconf 77' lang='lat' dir='ltr'><strong>vide-</strong></span> <span class='ocrx_word' id='word_1_14' title='bbox 2030 583 2035 597; x_wconf 81' lang='grc'>,</span> 
     </span>
    </p>
   </div>
   <div class='ocr_carea' id='block_1_5' title="bbox 2142 530 3681 607">
    <p class='ocr_par' dir='ltr' id='par_1_5' title="bbox 2142 530 3681 607">
     <span class='ocr_line' id='line_1_5' title="bbox 2142 530 3681 607; baseline -0.001 -18"><span class='ocrx_word' id='word_1_15' title='bbox 2142 536 2258 589; x_wconf 56' lang='lat' dir='ltr'><strong>AD)</strong></span> <span class='ocrx_word' id='word_1_16' title='bbox 2290 536 2351 591; x_wconf 87' lang='grc' dir='ltr'><strong>ού</strong></span> <span class='ocrx_word' id='word_1_17' title='bbox 2379 538 2474 590; x_wconf 75' lang='grc' dir='ltr'>τοῖι</span> <span class='ocrx_word' id='word_1_18' title='bbox 2514 535 2697 599; x_wconf 82' lang='grc' dir='ltr'>αὐτοῖς</span> <span class='ocrx_word' id='word_1_19' title='bbox 2732 534 2955 607; x_wconf 79' lang='grc' dir='ltr'><strong>μέτροις</strong></span> <span class='ocrx_word' id='word_1_20' title='bbox 2989 533 3243 603; x_wconf 80' lang='grc' dir='ltr'>φαίνεται</span> <span class='ocrx_word' id='word_1_21' title='bbox 3270 532 3455 587; x_wconf 77' lang='grc' dir='ltr'>πᾶσαν</span> <span class='ocrx_word' id='word_1_22' title='bbox 3486 530 3681 587; x_wconf 80' lang='grc' dir='ltr'>ἐπιών·</span> 
     </span>
    </p>
   </div>
   <div class='ocr_carea' id='block_1_6' title="bbox 432 623 2008 687">
    <p class='ocr_par' dir='ltr' id='par_1_6' title="bbox 432 623 2008 687">
     <span class='ocr_line' id='line_1_6' title="bbox 432 623 2008 687; baseline 0.005 -12"><span class='ocrx_word' id='word_1_23' title='bbox 432 631 522 675; x_wconf 93' lang='lat' dir='ltr'><strong>tur</strong></span> <span class='ocrx_word' id='word_1_24' title='bbox 571 637 763 678; x_wconf 85' lang='lat' dir='ltr'><strong>omnes</strong></span> <span class='ocrx_word' id='word_1_25' title='bbox 813 623 1042 687; x_wconf 78' lang='lat' dir='ltr'><strong>adoriri.</strong></span> <span class='ocrx_word' id='word_1_26' title='bbox 1076 626 1325 681; x_wconf 75' lang='lat' dir='ltr'><strong>Praefecti</strong></span> <span class='ocrx_word' id='word_1_27' title='bbox 1365 627 1511 683; x_wconf 88' lang='lat' dir='ltr'><strong>enim</strong></span> <span class='ocrx_word' id='word_1_28' title='bbox 1553 643 1617 685; x_wconf 91' lang='lat' dir='ltr'><strong>ac</strong></span> <span class='ocrx_word' id='word_1_29' title='bbox 1642 630 1873 683; x_wconf 92' lang='lat' dir='ltr'><strong>comites</strong></span> <span class='ocrx_word' id='word_1_30' title='bbox 1902 629 2008 683; x_wconf 91' lang='lat' dir='ltr'><strong>tri-</strong></span> 
     </span>
    </p>
   </div>
   <div class='ocr_carea' id='block_1_7' title="bbox 435 714 2009 787">
    <p class='ocr_par' dir='ltr' id='par_1_7' title="bbox 435 714 2009 787">
     <span class='ocr_line' id='line_1_7' title="bbox 435 714 2009 787; baseline 0.004 -20"><span class='ocrx_word' id='word_1_31' title='bbox 435 714 567 775; x_wconf 87' lang='lat' dir='ltr'><strong>buta</strong></span> <span class='ocrx_word' id='word_1_32' title='bbox 600 714 849 784; x_wconf 85' lang='lat' dir='ltr'><strong>pendunt</strong></span> <span class='ocrx_word' id='word_1_33' title='bbox 869 715 1008 787; x_wconf 81' lang='lat' dir='ltr'><strong>regi;</strong></span> <span class='ocrx_word' id='word_1_34' title='bbox 1036 732 1227 771; x_wconf 87' lang='lat' dir='ltr'><strong>verum</strong></span> <span class='ocrx_word' id='word_1_35' title='bbox 1251 716 1341 771; x_wconf 89' lang='lat' dir='ltr'><strong>hic</strong></span> <span class='ocrx_word' id='word_1_36' title='bbox 1359 718 1599 771; x_wconf 86' lang='lat' dir='ltr'><strong>conlisus</strong></span> <span class='ocrx_word' id='word_1_37' title='bbox 1627 717 1837 772; x_wconf 76' lang='lat' dir='ltr'><strong>divitiis</strong></span> <span class='ocrx_word' id='word_1_38' title='bbox 1868 717 2009 782; x_wconf 90' lang='lat' dir='ltr'><strong>suis,</strong></span> 
     </span>
    </p>
   </div>
   <div class='ocr_carea' id='block_1_8' title="bbox 434 808 2007 878">
    <p class='ocr_par' dir='ltr' id='par_1_8' title="bbox 434 808 2007 878">
     <span class='ocr_line' id='line_1_8' title="bbox 434 808 2007 878; baseline 0.003 -19"><span class='ocrx_word' id='word_1_39' title='bbox 434 820 571 868; x_wconf 76' lang='lat' dir='ltr'><strong>auro</strong></span> <span class='ocrx_word' id='word_1_40' title='bbox 617 816 782 876; x_wconf 83' lang='lat' dir='ltr'><strong>atque</strong></span> <span class='ocrx_word' id='word_1_41' title='bbox 823 817 1072 876; x_wconf 86' lang='lat' dir='ltr'><strong>argento,</strong></span> <span class='ocrx_word' id='word_1_42' title='bbox 1100 817 1355 878; x_wconf 75' lang='lat' dir='ltr'><strong>tanquam</strong></span> <span class='ocrx_word' id='word_1_43' title='bbox 1382 822 1448 861; x_wconf 78' lang='lat' dir='ltr'><strong>ex</strong></span> <span class='ocrx_word' id='word_1_44' title='bbox 1474 822 1542 862; x_wconf 91' lang='lat' dir='ltr'><strong>eo</strong></span> <span class='ocrx_word' id='word_1_45' title='bbox 1564 808 1712 878; x_wconf 91' lang='lat' dir='ltr'><strong>quod</strong></span> <span class='ocrx_word' id='word_1_46' title='bbox 1741 808 2007 874; x_wconf 89' lang='lat' dir='ltr'><strong>abundat,</strong></span> 
     </span>
    </p>
   </div>
   <div class='ocr_carea' id='block_1_9' title="bbox 434 898 2015 969">
    <p class='ocr_par' dir='ltr' id='par_1_9' title="bbox 434 898 2015 969">
     <span class='ocr_line' id='line_1_9' title="bbox 434 898 2015 969; baseline 0.003 -19"><span class='ocrx_word' id='word_1_47' title='bbox 434 912 533 951; x_wconf 85' lang='lat' dir='ltr'><strong>sua</strong></span> <span class='ocrx_word' id='word_1_48' title='bbox 554 899 756 953; x_wconf 89' lang='lat' dir='ltr'><strong>tributa</strong></span> <span class='ocrx_word' id='word_1_49' title='bbox 774 899 999 969; x_wconf 81' lang='lat' dir='ltr'><strong>colligit,</strong></span> <span class='ocrx_word' id='word_1_50' title='bbox 1023 898 1208 952; x_wconf 88' lang='lat' dir='ltr'><strong>damni</strong></span> <span class='ocrx_word' id='word_1_51' title='bbox 1233 899 1443 954; x_wconf 82' lang='lat' dir='ltr'><strong>ratione</strong></span> <span class='ocrx_word' id='word_1_52' title='bbox 1460 916 1568 954; x_wconf 92' lang='lat' dir='ltr'><strong>non</strong></span> <span class='ocrx_word' id='word_1_53' title='bbox 1587 900 1793 955; x_wconf 90' lang='lat' dir='ltr'><strong>habita.</strong></span> <span class='ocrx_word' id='word_1_54' title='bbox 1813 901 2015 967; x_wconf 85' lang='lat' dir='ltr'><strong>Quem-</strong></span> 
     </span>
    </p>
   </div>
   <div class='ocr_carea' id='block_1_10' title="bbox 435 989 2015 1071">
    <p class='ocr_par' dir='ltr' id='par_1_10' title="bbox 435 989 2015 1071">
     <span class='ocr_line' id='line_1_10' title="bbox 435 989 2015 1071; baseline 0.003 -28"><span class='ocrx_word' id='word_1_55' title='bbox 435 989 729 1052; x_wconf 78' lang='lat' dir='ltr'><strong>admodum</strong></span> <span class='ocrx_word' id='word_1_56' title='bbox 785 990 954 1054; x_wconf 89' lang='lat' dir='ltr'><strong>enim,</strong></span> <span class='ocrx_word' id='word_1_57' title='bbox 1006 989 1100 1071; x_wconf 86' lang='lat' dir='ltr'><strong>qui</strong></span> <span class='ocrx_word' id='word_1_58' title='bbox 1155 991 1556 1063; x_wconf 87' lang='lat' dir='ltr'><strong>eleemosynam</strong></span> <span class='ocrx_word' id='word_1_59' title='bbox 1592 992 1819 1061; x_wconf 68' lang='lat' dir='ltr'><strong>prmbet,</strong></span> <span class='ocrx_word' id='word_1_60' title='bbox 1862 995 2015 1047; x_wconf 92' lang='lat' dir='ltr'><strong>nullo</strong></span> 
     </span>
    </p>
   </div>
   <div class='ocr_carea' id='block_1_11' title="bbox 440 1082 2016 1155">
    <p class='ocr_par' dir='ltr' id='par_1_11' title="bbox 440 1082 2016 1155">
     <span class='ocr_line' id='line_1_11' title="bbox 440 1082 2016 1155; baseline 0.002 -20"><span class='ocrx_word' id='word_1_61' title='bbox 440 1083 605 1136; x_wconf 87' lang='lat' dir='ltr'><strong>modo</strong></span> <span class='ocrx_word' id='word_1_62' title='bbox 641 1082 911 1151; x_wconf 85' lang='lat' dir='ltr'><strong>jacturam</strong></span> <span class='ocrx_word' id='word_1_63' title='bbox 960 1092 1212 1152; x_wconf 83' lang='lat' dir='ltr'><strong>reputat:</strong></span> <span class='ocrx_word' id='word_1_64' title='bbox 1245 1084 1324 1139; x_wconf 90' lang='lat' dir='ltr'><strong>sic</strong></span> <span class='ocrx_word' id='word_1_65' title='bbox 1374 1100 1595 1155; x_wconf 89' lang='lat' dir='ltr'><strong>quoque</strong></span> <span class='ocrx_word' id='word_1_66' title='bbox 1647 1085 1877 1141; x_wconf 84' lang='lat' dir='ltr'><strong>Satanas</strong></span> <span class='ocrx_word' id='word_1_67' title='bbox 1914 1088 2016 1140; x_wconf 89' lang='lat' dir='ltr'><strong>ista</strong></span> 
     </span>
    </p>
   </div>
   <div class='ocr_carea' id='block_1_12' title="bbox 437 1176 2018 1251">
    <p class='ocr_par' dir='ltr' id='par_1_12' title="bbox 437 1176 2018 1251">
     <span class='ocr_line' id='line_1_12' title="bbox 437 1176 2018 1251; baseline 0.002 -22"><span class='ocrx_word' id='word_1_68' title='bbox 437 1184 696 1251; x_wconf 80' lang='lat' dir='ltr'><strong>tanquam</strong></span> <span class='ocrx_word' id='word_1_69' title='bbox 724 1176 828 1229; x_wconf 85' lang='lat' dir='ltr'><strong>sibi</strong></span> <span class='ocrx_word' id='word_1_70' title='bbox 862 1176 1141 1246; x_wconf 82' lang='lat' dir='ltr'><strong>superﬂua</strong></span> <span class='ocrx_word' id='word_1_71' title='bbox 1178 1177 1456 1247; x_wconf 78' lang='lat' dir='ltr'><strong>proponit.</strong></span> <span class='ocrx_word' id='word_1_72' title='bbox 1485 1178 1758 1233; x_wconf 72' lang='lat' dir='ltr'><strong>Caeterum</strong></span> <span class='ocrx_word' id='word_1_73' title='bbox 1784 1188 1869 1233; x_wconf 90' lang='lat' dir='ltr'><strong>est</strong></span> <span class='ocrx_word' id='word_1_74' title='bbox 1892 1179 2018 1248; x_wconf 89' lang='lat' dir='ltr'><strong>qui-</strong></span> 
     </span>
    </p>
   </div>
   <div class='ocr_carea' id='block_1_13' title="bbox 441 1267 2017 1348">
    <p class='ocr_par' dir='ltr' id='par_1_13' title="bbox 441 1267 2017 1348">
     <span class='ocr_line' id='line_1_13' title="bbox 441 1267 2017 1348; baseline 0.001 -26"><span class='ocrx_word' id='word_1_75' title='bbox 441 1267 565 1325; x_wconf 88' lang='lat' dir='ltr'><strong>dam</strong></span> <span class='ocrx_word' id='word_1_76' title='bbox 594 1283 821 1348; x_wconf 84' lang='lat' dir='ltr'><strong>pauper,</strong></span> <span class='ocrx_word' id='word_1_77' title='bbox 856 1269 1155 1331; x_wconf 86' lang='lat' dir='ltr'><strong>destitutus</strong></span> <span class='ocrx_word' id='word_1_78' title='bbox 1205 1268 1331 1324; x_wconf 88' lang='lat' dir='ltr'><strong>cibo</strong></span> <span class='ocrx_word' id='word_1_79' title='bbox 1361 1269 1706 1339; x_wconf 88' lang='lat' dir='ltr'><strong>quotidiano.</strong></span> <span class='ocrx_word' id='word_1_80' title='bbox 1738 1269 1837 1324; x_wconf 87' lang='lat' dir='ltr'><strong>llic</strong></span> <span class='ocrx_word' id='word_1_81' title='bbox 1877 1271 2017 1323; x_wconf 83' lang='lat' dir='ltr'><strong>allii-</strong></span> 
     </span>
    </p>
   </div>
   <div class='ocr_carea' id='block_1_14' title="bbox 442 1361 2013 1442">
    <p class='ocr_par' dir='ltr' id='par_1_14' title="bbox 442 1361 2013 1442">
     <span class='ocr_line' id='line_1_14' title="bbox 442 1361 2013 1442; baseline 0.003 -29"><span class='ocrx_word' id='word_1_82' title='bbox 442 1361 587 1429; x_wconf 87' lang='lat' dir='ltr'><strong>gitnr</strong></span> <span class='ocrx_word' id='word_1_83' title='bbox 613 1369 668 1415; x_wconf 90' lang='lat' dir='ltr'><strong>et</strong></span> <span class='ocrx_word' id='word_1_84' title='bbox 700 1370 1008 1431; x_wconf 88' lang='lat' dir='ltr'><strong>torquetur,</strong></span> <span class='ocrx_word' id='word_1_85' title='bbox 1033 1378 1137 1422; x_wconf 88' lang='lat' dir='ltr'><strong>nec</strong></span> <span class='ocrx_word' id='word_1_86' title='bbox 1166 1372 1343 1442; x_wconf 81' lang='lat' dir='ltr'><strong>potest</strong></span> <span class='ocrx_word' id='word_1_87' title='bbox 1367 1378 1506 1434; x_wconf 92' lang='lat' dir='ltr'><strong>opus</strong></span> <span class='ocrx_word' id='word_1_88' title='bbox 1529 1363 1665 1418; x_wconf 90' lang='lat' dir='ltr'><strong>illud</strong></span> <span class='ocrx_word' id='word_1_89' title='bbox 1692 1363 2013 1433; x_wconf 85' lang='lat' dir='ltr'><strong>adimplere.</strong></span> 
     </span>
    </p>
   </div>
   <div class='ocr_carea' id='block_1_15' title="bbox 445 1451 2016 1526">
    <p class='ocr_par' dir='ltr' id='par_1_15' title="bbox 445 1451 2016 1526">
     <span class='ocr_line' id='line_1_15' title="bbox 445 1451 2016 1526; baseline 0.002 -21"><span class='ocrx_word' id='word_1_90' title='bbox 445 1451 539 1506; x_wconf 85' lang='lat' dir='ltr'><strong>Est</strong></span> <span class='ocrx_word' id='word_1_91' title='bbox 590 1468 831 1523; x_wconf 90' lang='lat' dir='ltr'><strong>quoque,</strong></span> <span class='ocrx_word' id='word_1_92' title='bbox 886 1453 983 1526; x_wconf 91' lang='lat' dir='ltr'><strong>qui</strong></span> <span class='ocrx_word' id='word_1_93' title='bbox 1033 1455 1293 1515; x_wconf 86' lang='lat' dir='ltr'><strong>atteritur</strong></span> <span class='ocrx_word' id='word_1_94' title='bbox 1323 1455 1591 1526; x_wconf 86' lang='lat' dir='ltr'><strong>angustiis</strong></span> <span class='ocrx_word' id='word_1_95' title='bbox 1620 1464 1674 1510; x_wconf 92' lang='lat' dir='ltr'><strong>ct</strong></span> <span class='ocrx_word' id='word_1_96' title='bbox 1706 1465 2016 1525; x_wconf 88' lang='lat' dir='ltr'><strong>torquetur,</strong></span> 
     </span>
    </p>
   </div>
   <div class='ocr_carea' id='block_1_16' title="bbox 446 1530 2020 1617">
    <p class='ocr_par' dir='ltr' id='par_1_16' title="bbox 446 1530 2020 1617">
     <span class='ocr_line' id='line_1_16' title="bbox 446 1530 2020 1617; baseline 0.003 -20"><span class='ocrx_word' id='word_1_97' title='bbox 446 1558 549 1599; x_wconf 90' lang='lat' dir='ltr'><strong>nec</strong></span> <span class='ocrx_word' id='word_1_98' title='bbox 578 1530 759 1599; x_wconf 86' lang='lat' dir='ltr'><strong>tamen</strong></span> <span class='ocrx_word' id='word_1_99' title='bbox 809 1546 1065 1602; x_wconf 88' lang='lat' dir='ltr'><strong>moritur.</strong></span> <span class='ocrx_word' id='word_1_100' title='bbox 1098 1546 1195 1601; x_wconf 86' lang='lat' dir='ltr'><strong>Est</strong></span> <span class='ocrx_word' id='word_1_101' title='bbox 1224 1562 1443 1617; x_wconf 90' lang='lat' dir='ltr'><strong>quoque</strong></span> <span class='ocrx_word' id='word_1_102' title='bbox 1474 1547 1635 1613; x_wconf 86' lang='lat' dir='ltr'><strong>alius,</strong></span> <span class='ocrx_word' id='word_1_103' title='bbox 1664 1547 1759 1617; x_wconf 90' lang='lat' dir='ltr'><strong>qui</strong></span> <span class='ocrx_word' id='word_1_104' title='bbox 1790 1555 2020 1617; x_wconf 90' lang='lat' dir='ltr'><strong>propter</strong></span> 
     </span>
    </p>
   </div>
   <div class='ocr_carea' id='block_1_17' title="bbox 445 1636 2024 1718">
    <p class='ocr_par' dir='ltr' id='par_1_17' title="bbox 445 1636 2024 1718">
     <span class='ocr_line' id='line_1_17' title="bbox 445 1636 2024 1718; baseline 0 -26"><span class='ocrx_word' id='word_1_105' title='bbox 445 1636 677 1699; x_wconf 77' lang='lat' dir='ltr'><strong>verbum</strong></span> <span class='ocrx_word' id='word_1_106' title='bbox 722 1638 946 1693; x_wconf 90' lang='lat' dir='ltr'><strong>unicum</strong></span> <span class='ocrx_word' id='word_1_107' title='bbox 980 1638 1178 1718; x_wconf 84' lang='lat' dir='ltr'><strong>capitis</strong></span> <span class='ocrx_word' id='word_1_108' title='bbox 1217 1639 1489 1707; x_wconf 89' lang='lat' dir='ltr'><strong>supplicio</strong></span> <span class='ocrx_word' id='word_1_109' title='bbox 1524 1638 1933 1709; x_wconf 87' lang='lat' dir='ltr'><strong>allicijubetur,</strong></span> <span class='ocrx_word' id='word_1_110' title='bbox 1965 1646 2024 1693; x_wconf 91' lang='lat' dir='ltr'><strong>et</strong></span> 
     </span>
    </p>
   </div>
   <div class='ocr_carea' id='block_1_18' title="bbox 447 1730 2024 1803">
    <p class='ocr_par' dir='ltr' id='par_1_18' title="bbox 447 1730 2024 1803">
     <span class='ocr_line' id='line_1_18' title="bbox 447 1730 2024 1803; baseline 0 -16"><span class='ocrx_word' id='word_1_111' title='bbox 447 1731 613 1803; x_wconf 88' lang='lat' dir='ltr'><strong>perit.</strong></span> <span class='ocrx_word' id='word_1_112' title='bbox 647 1730 739 1796; x_wconf 78' lang='lat' dir='ltr'><strong>Sic</strong></span> <span class='ocrx_word' id='word_1_113' title='bbox 771 1745 991 1802; x_wconf 89' lang='lat' dir='ltr'><strong>quoque</strong></span> <span class='ocrx_word' id='word_1_114' title='bbox 1025 1731 1169 1785; x_wconf 88' lang='lat' dir='ltr'><strong>inter</strong></span> <span class='ocrx_word' id='word_1_115' title='bbox 1191 1731 1534 1793; x_wconf 86' lang='lat' dir='ltr'><strong>Christianos</strong></span> <span class='ocrx_word' id='word_1_116' title='bbox 1559 1741 1709 1797; x_wconf 89' lang='lat' dir='ltr'><strong>sunt,</strong></span> <span class='ocrx_word' id='word_1_117' title='bbox 1735 1731 1830 1802; x_wconf 87' lang='lat' dir='ltr'><strong>qui</strong></span> <span class='ocrx_word' id='word_1_118' title='bbox 1858 1732 2024 1787; x_wconf 78' lang='lat' dir='ltr'><strong>vehe-</strong></span> 
     </span>
    </p>
   </div>
   <div class='ocr_carea' id='block_1_19' title="bbox 447 1823 2023 1894">
    <p class='ocr_par' dir='ltr' id='par_1_19' title="bbox 447 1823 2023 1894">
     <span class='ocr_line' id='line_1_19' title="bbox 447 1823 2023 1894; baseline -0.001 -14"><span class='ocrx_word' id='word_1_119' title='bbox 447 1830 665 1880; x_wconf 84' lang='lat' dir='ltr'><strong>menter</strong></span> <span class='ocrx_word' id='word_1_120' title='bbox 705 1823 1098 1893; x_wconf 72' lang='lat' dir='ltr'><strong>impugnantur</strong></span> <span class='ocrx_word' id='word_1_121' title='bbox 1126 1839 1191 1878; x_wconf 89' lang='lat' dir='ltr'><strong>ac</strong></span> <span class='ocrx_word' id='word_1_122' title='bbox 1218 1824 1547 1885; x_wconf 88' lang='lat' dir='ltr'><strong>vellicantur</strong></span> <span class='ocrx_word' id='word_1_123' title='bbox 1574 1839 1605 1878; x_wconf 90' lang='lat' dir='ltr'><strong>a</strong></span> <span class='ocrx_word' id='word_1_124' title='bbox 1649 1832 1909 1894; x_wconf 86' lang='lat' dir='ltr'><strong>peccato:</strong></span> <span class='ocrx_word' id='word_1_125' title='bbox 1938 1833 2023 1882; x_wconf 86' lang='lat' dir='ltr'><strong>at-</strong></span> 
     </span>
    </p>
   </div>
   <div class='ocr_carea' id='block_1_20' title="bbox 448 1919 2025 1991">
    <p class='ocr_par' dir='ltr' id='par_1_20' title="bbox 448 1919 2025 1991">
     <span class='ocr_line' id='line_1_20' title="bbox 448 1919 2025 1991; baseline 0.002 -19"><span class='ocrx_word' id='word_1_126' title='bbox 448 1935 556 1989; x_wconf 91' lang='lat' dir='ltr'><strong>que</strong></span> <span class='ocrx_word' id='word_1_127' title='bbox 593 1919 818 1989; x_wconf 88' lang='lat' dir='ltr'><strong>insuper</strong></span> <span class='ocrx_word' id='word_1_128' title='bbox 842 1919 1024 1974; x_wconf 89' lang='lat' dir='ltr'><strong>adhuc</strong></span> <span class='ocrx_word' id='word_1_129' title='bbox 1049 1921 1103 1974; x_wconf 92' lang='lat' dir='ltr'><strong>in</strong></span> <span class='ocrx_word' id='word_1_130' title='bbox 1134 1920 1278 1977; x_wconf 85' lang='lat' dir='ltr'><strong>bello</strong></span> <span class='ocrx_word' id='word_1_131' title='bbox 1307 1930 1362 1975; x_wconf 90' lang='lat' dir='ltr'><strong>et</strong></span> <span class='ocrx_word' id='word_1_132' title='bbox 1396 1921 1564 1976; x_wconf 90' lang='lat' dir='ltr'><strong>robur</strong></span> <span class='ocrx_word' id='word_1_133' title='bbox 1589 1930 1645 1975; x_wconf 90' lang='lat' dir='ltr'><strong>et</strong></span> <span class='ocrx_word' id='word_1_134' title='bbox 1674 1920 2025 1991; x_wconf 87' lang='lat' dir='ltr'><strong>prudentiam</strong></span> 
     </span>
    </p>
   </div>
   <div class='ocr_carea' id='block_1_21' title="bbox 451 1996 2027 2082">
    <p class='ocr_par' dir='ltr' id='par_1_21' title="bbox 451 1996 2027 2082">
     <span class='ocr_line' id='line_1_21' title="bbox 451 1996 2027 2082; baseline 0.002 -15"><span class='ocrx_word' id='word_1_135' title='bbox 451 1996 557 2067; x_wconf 89' lang='lat' dir='ltr'><strong>sibi</strong></span> <span class='ocrx_word' id='word_1_136' title='bbox 594 2011 911 2076; x_wconf 88' lang='lat' dir='ltr'><strong>conciliant,</strong></span> <span class='ocrx_word' id='word_1_137' title='bbox 952 2013 1156 2082; x_wconf 86' lang='lat' dir='ltr'><strong>spretis</strong></span> <span class='ocrx_word' id='word_1_138' title='bbox 1205 2012 1651 2075; x_wconf 82' lang='lat' dir='ltr'><strong>adversariorum</strong></span> <span class='ocrx_word' id='word_1_139' title='bbox 1693 2012 1943 2067; x_wconf 90' lang='lat' dir='ltr'><strong>viribus:</strong></span> <span class='ocrx_word' id='word_1_140' title='bbox 1970 2020 2027 2071; x_wconf 84' lang='lat' dir='ltr'><strong>ct</strong></span> 
     </span>
    </p>
   </div>
   <div class='ocr_carea' id='block_1_22' title="bbox 449 2103 2027 2181">
    <p class='ocr_par' dir='ltr' id='par_1_22' title="bbox 449 2103 2027 2181">
     <span class='ocr_line' id='line_1_22' title="bbox 449 2103 2027 2181; baseline 0 -24"><span class='ocrx_word' id='word_1_141' title='bbox 449 2114 705 2174; x_wconf 84' lang='lat' dir='ltr'><strong>expertes</strong></span> <span class='ocrx_word' id='word_1_142' title='bbox 732 2104 837 2159; x_wconf 87' lang='lat' dir='ltr'><strong>hac</strong></span> <span class='ocrx_word' id='word_1_143' title='bbox 869 2104 927 2157; x_wconf 90' lang='lat' dir='ltr'><strong>in</strong></span> <span class='ocrx_word' id='word_1_144' title='bbox 973 2112 1130 2179; x_wconf 88' lang='lat' dir='ltr'><strong>parte</strong></span> <span class='ocrx_word' id='word_1_145' title='bbox 1176 2112 1306 2159; x_wconf 91' lang='lat' dir='ltr'><strong>sunt</strong></span> <span class='ocrx_word' id='word_1_146' title='bbox 1336 2103 1588 2181; x_wconf 89' lang='lat' dir='ltr'><strong>periculi,</strong></span> <span class='ocrx_word' id='word_1_147' title='bbox 1635 2103 1762 2173; x_wconf 90' lang='lat' dir='ltr'><strong>quia</strong></span> <span class='ocrx_word' id='word_1_148' title='bbox 1796 2103 1931 2158; x_wconf 88' lang='lat' dir='ltr'><strong>certi</strong></span> <span class='ocrx_word' id='word_1_149' title='bbox 1962 2119 2027 2163; x_wconf 88' lang='lat' dir='ltr'><strong>ac</strong></span> 
     </span>
    </p>
   </div>
   <div class='ocr_carea' id='block_1_23' title="bbox 452 2190 2027 2261">
    <p class='ocr_par' dir='ltr' id='par_1_23' title="bbox 452 2190 2027 2261">
     <span class='ocr_line' id='line_1_23' title="bbox 452 2190 2027 2261; baseline -0.001 -16"><span class='ocrx_word' id='word_1_150' title='bbox 452 2191 595 2246; x_wconf 85' lang='lat' dir='ltr'><strong>llrmi</strong></span> <span class='ocrx_word' id='word_1_151' title='bbox 631 2200 761 2246; x_wconf 80' lang='lat' dir='ltr'><strong>sunt</strong></span> <span class='ocrx_word' id='word_1_152' title='bbox 804 2191 873 2247; x_wconf 89' lang='lat' dir='ltr'><strong>de</strong></span> <span class='ocrx_word' id='word_1_153' title='bbox 923 2191 1100 2249; x_wconf 88' lang='lat' dir='ltr'><strong>salute</strong></span> <span class='ocrx_word' id='word_1_154' title='bbox 1132 2206 1252 2255; x_wconf 85' lang='lat' dir='ltr'><strong>sua,</strong></span> <span class='ocrx_word' id='word_1_155' title='bbox 1292 2207 1357 2247; x_wconf 91' lang='lat' dir='ltr'><strong>eo</strong></span> <span class='ocrx_word' id='word_1_156' title='bbox 1377 2192 1523 2261; x_wconf 92' lang='lat' dir='ltr'><strong>quod</strong></span> <span class='ocrx_word' id='word_1_157' title='bbox 1554 2190 1710 2245; x_wconf 87' lang='lat' dir='ltr'><strong>valde</strong></span> <span class='ocrx_word' id='word_1_158' title='bbox 1741 2191 2027 2253; x_wconf 73' lang='lat' dir='ltr'><strong>exercitati</strong></span> 
     </span>
    </p>
   </div>
   <div class='ocr_carea' id='block_1_24' title="bbox 451 2284 2025 2363">
    <p class='ocr_par' dir='ltr' id='par_1_24' title="bbox 451 2284 2025 2363">
     <span class='ocr_line' id='line_1_24' title="bbox 451 2284 2025 2363; baseline -0.001 -23"><span class='ocrx_word' id='word_1_159' title='bbox 451 2294 582 2340; x_wconf 87' lang='lat' dir='ltr'><strong>sunt</strong></span> <span class='ocrx_word' id='word_1_160' title='bbox 608 2284 663 2340; x_wconf 92' lang='lat' dir='ltr'><strong>in</strong></span> <span class='ocrx_word' id='word_1_161' title='bbox 703 2286 849 2342; x_wconf 88' lang='lat' dir='ltr'><strong>bello</strong></span> <span class='ocrx_word' id='word_1_162' title='bbox 876 2286 1142 2340; x_wconf 88' lang='lat' dir='ltr'><strong>adversus</strong></span> <span class='ocrx_word' id='word_1_163' title='bbox 1171 2286 1325 2351; x_wconf 88' lang='lat' dir='ltr'><strong>vitia,</strong></span> <span class='ocrx_word' id='word_1_164' title='bbox 1354 2296 1411 2351; x_wconf 85' lang='lat' dir='ltr'><strong>et</strong></span> <span class='ocrx_word' id='word_1_165' title='bbox 1436 2285 1774 2363; x_wconf 78' lang='lat' dir='ltr'><strong>experientia</strong></span> <span class='ocrx_word' id='word_1_166' title='bbox 1821 2284 2025 2345; x_wconf 80' lang='lat' dir='ltr'><strong>edocti.</strong></span> 
     </span>
    </p>
   </div>
   <div class='ocr_carea' id='block_1_25' title="bbox 452 2377 2030 2453">
    <p class='ocr_par' dir='ltr' id='par_1_25' title="bbox 452 2377 2030 2453">
     <span class='ocr_line' id='line_1_25' title="bbox 452 2377 2030 2453; baseline 0.001 -21"><span class='ocrx_word' id='word_1_167' title='bbox 452 2378 731 2434; x_wconf 83' lang='lat' dir='ltr'><strong>Habentes</strong></span> <span class='ocrx_word' id='word_1_168' title='bbox 774 2379 962 2449; x_wconf 83' lang='lat' dir='ltr'><strong>itaque</strong></span> <span class='ocrx_word' id='word_1_169' title='bbox 1005 2379 1178 2434; x_wconf 87' lang='lat' dir='ltr'><strong>Deum</strong></span> <span class='ocrx_word' id='word_1_170' title='bbox 1227 2378 1375 2449; x_wconf 88' lang='lat' dir='ltr'><strong>apud</strong></span> <span class='ocrx_word' id='word_1_171' title='bbox 1418 2393 1559 2442; x_wconf 79' lang='lat' dir='ltr'><strong>sese,</strong></span> <span class='ocrx_word' id='word_1_172' title='bbox 1619 2377 1935 2453; x_wconf 84' lang='lat' dir='ltr'><strong>diriguntur</strong></span> <span class='ocrx_word' id='word_1_173' title='bbox 1964 2392 2030 2433; x_wconf 90' lang='lat' dir='ltr'><strong>ac</strong></span> 
     </span>
    </p>
   </div>
   <div class='ocr_carea' id='block_1_26' title="bbox 452 2473 828 2542">
    <p class='ocr_par' dir='ltr' id='par_1_26' title="bbox 452 2473 828 2542">
     <span class='ocr_line' id='line_1_26' title="bbox 452 2473 828 2542; baseline -0.005 -13"><span class='ocrx_word' id='word_1_174' title='bbox 452 2473 828 2542; x_wconf 74' lang='lat' dir='ltr'><strong>requiescunt.</strong></span> 
     </span>
    </p>
   </div>
   <div class='ocr_carea' id='block_1_27' title="bbox 524 2562 2031 2635">
    <p class='ocr_par' dir='ltr' id='par_1_27' title="bbox 524 2562 2031 2635">
     <span class='ocr_line' id='line_1_27' title="bbox 524 2562 2031 2635; baseline -0.001 -16"><span class='ocrx_word' id='word_1_175' title='bbox 524 2564 670 2631; x_wconf 73' lang='lat' dir='ltr'><strong>XIX.</strong></span> <span class='ocrx_word' id='word_1_176' title='bbox 703 2565 811 2621; x_wconf 86' lang='lat' dir='ltr'><strong>Alii</strong></span> <span class='ocrx_word' id='word_1_177' title='bbox 857 2580 991 2621; x_wconf 90' lang='lat' dir='ltr'><strong>vero</strong></span> <span class='ocrx_word' id='word_1_178' title='bbox 1042 2580 1321 2635; x_wconf 88' lang='lat' dir='ltr'><strong>nunquam</strong></span> <span class='ocrx_word' id='word_1_179' title='bbox 1355 2564 1666 2631; x_wconf 80' lang='lat' dir='ltr'><strong>exercitati,</strong></span> <span class='ocrx_word' id='word_1_180' title='bbox 1693 2564 1739 2619; x_wconf 91' lang='lat' dir='ltr'><strong>si</strong></span> <span class='ocrx_word' id='word_1_181' title='bbox 1772 2562 1827 2623; x_wconf 88' lang='lat' dir='ltr'><strong>iu</strong></span> <span class='ocrx_word' id='word_1_182' title='bbox 1859 2580 2031 2635; x_wconf 46' lang='lat' dir='ltr'><strong>angue</strong></span> 
     </span>
    </p>
   </div>
   <div class='ocr_carea' id='block_1_28' title="bbox 452 2654 2027 2734">
    <p class='ocr_par' dir='ltr' id='par_1_28' title="bbox 452 2654 2027 2734">
     <span class='ocr_line' id='line_1_28' title="bbox 452 2654 2027 2734; baseline -0.003 -23"><span class='ocrx_word' id='word_1_183' title='bbox 452 2656 613 2719; x_wconf 78' lang='lat' dir='ltr'><strong>stiam</strong></span> <span class='ocrx_word' id='word_1_184' title='bbox 672 2656 912 2734; x_wconf 79' lang='lat' dir='ltr'><strong>aliquam</strong></span> <span class='ocrx_word' id='word_1_185' title='bbox 978 2654 1292 2722; x_wconf 87' lang='lat' dir='ltr'><strong>inciderint,</strong></span> <span class='ocrx_word' id='word_1_186' title='bbox 1338 2663 1434 2709; x_wconf 89' lang='lat' dir='ltr'><strong>aut</strong></span> <span class='ocrx_word' id='word_1_187' title='bbox 1486 2662 1773 2709; x_wconf 89' lang='lat' dir='ltr'><strong>moveatur</strong></span> <span class='ocrx_word' id='word_1_188' title='bbox 1799 2655 2027 2717; x_wconf 90' lang='lat' dir='ltr'><strong>bellum,</strong></span> 
     </span>
    </p>
   </div>
   <div class='ocr_carea' id='block_1_29' title="bbox 454 2746 2027 2821">
    <p class='ocr_par' dir='ltr' id='par_1_29' title="bbox 454 2746 2027 2821">
     <span class='ocr_line' id='line_1_29' title="bbox 454 2746 2027 2821; baseline -0.001 -19"><span class='ocrx_word' id='word_1_189' title='bbox 454 2748 720 2813; x_wconf 81' lang='lat' dir='ltr'><strong>continuo</strong></span> <span class='ocrx_word' id='word_1_190' title='bbox 762 2748 819 2805; x_wconf 91' lang='lat' dir='ltr'><strong>in</strong></span> <span class='ocrx_word' id='word_1_191' title='bbox 867 2748 1172 2821; x_wconf 90' lang='lat' dir='ltr'><strong>perniciem</strong></span> <span class='ocrx_word' id='word_1_192' title='bbox 1213 2755 1309 2802; x_wconf 92' lang='lat' dir='ltr'><strong>aut</strong></span> <span class='ocrx_word' id='word_1_193' title='bbox 1342 2747 1628 2801; x_wconf 90' lang='lat' dir='ltr'><strong>interitum</strong></span> <span class='ocrx_word' id='word_1_194' title='bbox 1672 2746 2027 2802; x_wconf 90' lang='lat' dir='ltr'><strong>delabuntur.</strong></span> 
     </span>
    </p>
   </div>
   <div class='ocr_carea' id='block_1_30' title="bbox 456 2839 2033 2921">
    <p class='ocr_par' dir='ltr' id='par_1_30' title="bbox 456 2839 2033 2921">
     <span class='ocr_line' id='line_1_30' title="bbox 456 2839 2033 2921; baseline -0.002 -25"><span class='ocrx_word' id='word_1_195' title='bbox 456 2841 692 2896; x_wconf 82' lang='lat' dir='ltr'><strong>Perinde</strong></span> <span class='ocrx_word' id='word_1_196' title='bbox 738 2856 801 2903; x_wconf 80' lang='lat' dir='ltr'><strong>ac</strong></span> <span class='ocrx_word' id='word_1_197' title='bbox 826 2840 921 2921; x_wconf 87' lang='lat' dir='ltr'><strong>qui</strong></span> <span class='ocrx_word' id='word_1_198' title='bbox 958 2840 1381 2910; x_wconf 78' lang='lat' dir='ltr'><strong>proﬁciscuntur</strong></span> <span class='ocrx_word' id='word_1_199' title='bbox 1409 2839 1463 2893; x_wconf 92' lang='lat' dir='ltr'><strong>in</strong></span> <span class='ocrx_word' id='word_1_200' title='bbox 1489 2840 1790 2903; x_wconf 89' lang='lat' dir='ltr'><strong>civitatem,</strong></span> <span class='ocrx_word' id='word_1_201' title='bbox 1823 2839 2033 2893; x_wconf 89' lang='lat' dir='ltr'><strong>amicos</strong></span> 
     </span>
    </p>
   </div>
   <div class='ocr_carea' id='block_1_31' title="bbox 455 2928 2035 2998">
    <p class='ocr_par' dir='ltr' id='par_1_31' title="bbox 455 2928 2035 2998">
     <span class='ocr_line' id='line_1_31' title="bbox 455 2928 2035 2998; baseline -0.003 -13"><span class='ocrx_word' id='word_1_202' title='bbox 455 2930 689 2990; x_wconf 87' lang='lat' dir='ltr'><strong>invisuri</strong></span> <span class='ocrx_word' id='word_1_203' title='bbox 719 2940 775 2984; x_wconf 89' lang='lat' dir='ltr'><strong>et</strong></span> <span class='ocrx_word' id='word_1_204' title='bbox 800 2928 1097 2993; x_wconf 82' lang='lat' dir='ltr'><strong>familiares</strong></span> <span class='ocrx_word' id='word_1_205' title='bbox 1119 2943 1270 2992; x_wconf 89' lang='lat' dir='ltr'><strong>suos,</strong></span> <span class='ocrx_word' id='word_1_206' title='bbox 1304 2928 1557 2998; x_wconf 84' lang='lat' dir='ltr'><strong>quamvis</strong></span> <span class='ocrx_word' id='word_1_207' title='bbox 1587 2929 1779 2983; x_wconf 91' lang='lat' dir='ltr'><strong>multis</strong></span> <span class='ocrx_word' id='word_1_208' title='bbox 1809 2929 1864 2982; x_wconf 89' lang='lat' dir='ltr'><strong>in</strong></span> <span class='ocrx_word' id='word_1_209' title='bbox 1891 2945 2035 2982; x_wconf 87' lang='lat' dir='ltr'><strong>nun-</strong></span> 
     </span>
    </p>
   </div>
   <div class='ocr_carea' id='block_1_32' title="bbox 456 3020 2029 3091">
    <p class='ocr_par' dir='ltr' id='par_1_32' title="bbox 456 3020 2029 3091">
     <span class='ocr_line' id='line_1_32' title="bbox 456 3020 2029 3091; baseline -0.002 -14"><span class='ocrx_word' id='word_1_210' title='bbox 456 3021 604 3086; x_wconf 84' lang='lat' dir='ltr'><strong>dinis</strong></span> <span class='ocrx_word' id='word_1_211' title='bbox 636 3033 954 3085; x_wconf 89' lang='lat' dir='ltr'><strong>occurrant,</strong></span> <span class='ocrx_word' id='word_1_212' title='bbox 1006 3036 1115 3075; x_wconf 92' lang='lat' dir='ltr'><strong>non</strong></span> <span class='ocrx_word' id='word_1_213' title='bbox 1166 3029 1349 3075; x_wconf 91' lang='lat' dir='ltr'><strong>tamen</strong></span> <span class='ocrx_word' id='word_1_214' title='bbox 1398 3020 1467 3075; x_wconf 91' lang='lat' dir='ltr'><strong>ab</strong></span> <span class='ocrx_word' id='word_1_215' title='bbox 1503 3020 1571 3076; x_wconf 88' lang='lat' dir='ltr'><strong>iis</strong></span> <span class='ocrx_word' id='word_1_216' title='bbox 1618 3020 2029 3091; x_wconf 89' lang='lat' dir='ltr'><strong>impediuntur;</strong></span> 
     </span>
    </p>
   </div>
   <div class='ocr_carea' id='block_1_33' title="bbox 457 3114 2035 3193">
    <p class='ocr_par' dir='ltr' id='par_1_33' title="bbox 457 3114 2035 3193">
     <span class='ocr_line' id='line_1_33' title="bbox 457 3114 2035 3193; baseline -0.003 -23"><span class='ocrx_word' id='word_1_217' title='bbox 457 3131 657 3193; x_wconf 78' lang='lat' dir='ltr'><strong>scapus</strong></span> <span class='ocrx_word' id='word_1_218' title='bbox 687 3114 833 3178; x_wconf 85' lang='lat' dir='ltr'><strong>enim</strong></span> <span class='ocrx_word' id='word_1_219' title='bbox 865 3114 1086 3168; x_wconf 90' lang='lat' dir='ltr'><strong>illorum</strong></span> <span class='ocrx_word' id='word_1_220' title='bbox 1124 3122 1228 3178; x_wconf 87' lang='lat' dir='ltr'><strong>est,</strong></span> <span class='ocrx_word' id='word_1_221' title='bbox 1269 3122 1330 3167; x_wconf 92' lang='lat' dir='ltr'><strong>ut</strong></span> <span class='ocrx_word' id='word_1_222' title='bbox 1359 3114 1567 3172; x_wconf 69' lang='lat' dir='ltr'><strong>aulicos</strong></span> <span class='ocrx_word' id='word_1_223' title='bbox 1588 3114 1952 3168; x_wconf 88' lang='lat' dir='ltr'><strong>conveniant:</strong></span> <span class='ocrx_word' id='word_1_224' title='bbox 1977 3122 2035 3167; x_wconf 93' lang='lat' dir='ltr'><strong>et</strong></span> 
     </span>
    </p>
   </div>
   <div class='ocr_carea' id='block_1_34' title="bbox 2114 623 3687 700">
    <p class='ocr_par' dir='ltr' id='par_1_34' title="bbox 2114 623 3687 700">
     <span class='ocr_line' id='line_1_34' title="bbox 2114 623 3687 700; baseline -0.004 -17"><span class='ocrx_word' id='word_1_225' title='bbox 2114 631 2209 683; x_wconf 71' lang='grc' dir='ltr'>καὶ</span> <span class='ocrx_word' id='word_1_226' title='bbox 2236 629 2344 700; x_wconf 87' lang='grc' dir='ltr'>γὰρ</span> <span class='ocrx_word' id='word_1_227' title='bbox 2373 629 2604 699; x_wconf 77' lang='grc' dir='ltr'><strong>ἔπαρχοι</strong></span> <span class='ocrx_word' id='word_1_228' title='bbox 2633 628 2729 682; x_wconf 70' lang='grc' dir='ltr'>καὶ</span> <span class='ocrx_word' id='word_1_229' title='bbox 2761 628 2999 697; x_wconf 82' lang='grc' dir='ltr'>κόμητες</span> <span class='ocrx_word' id='word_1_230' title='bbox 3026 626 3226 698; x_wconf 81' lang='grc' dir='ltr'>φόρους</span> <span class='ocrx_word' id='word_1_231' title='bbox 3256 624 3465 678; x_wconf 82' lang='grc' dir='ltr'>διδόασι</span> <span class='ocrx_word' id='word_1_232' title='bbox 3495 624 3577 694; x_wconf 80' lang='grc' dir='ltr'>τῷ</span> <span class='ocrx_word' id='word_1_233' title='bbox 3598 623 3687 694; x_wconf 82' lang='grc' dir='ltr'><strong>βα-</strong></span> 
     </span>
    </p>
   </div>
   <div class='ocr_carea' id='block_1_35' title="bbox 2116 712 3688 789">
    <p class='ocr_par' dir='ltr' id='par_1_35' title="bbox 2116 712 3688 789">
     <span class='ocr_line' id='line_1_35' title="bbox 2116 712 3688 789; baseline -0.005 -16"><span class='ocrx_word' id='word_1_234' title='bbox 2116 720 2276 785; x_wconf 83' lang='grc' dir='ltr'>σιλεῖ,</span> <span class='ocrx_word' id='word_1_235' title='bbox 2320 718 2434 772; x_wconf 78' lang='grc' dir='ltr'>ἀλλ’</span> <span class='ocrx_word' id='word_1_236' title='bbox 2465 712 2619 783; x_wconf 75' lang='grc' dir='ltr'>οὗτος</span> <span class='ocrx_word' id='word_1_237' title='bbox 2664 717 2885 789; x_wconf 82' lang='grc' dir='ltr'>θαρρὦ</span> <span class='ocrx_word' id='word_1_238' title='bbox 2916 716 2995 787; x_wconf 82' lang='grc' dir='ltr'>τῷ</span> <span class='ocrx_word' id='word_1_239' title='bbox 3025 714 3243 785; x_wconf 81' lang='grc' dir='ltr'>πλούτῳ</span> <span class='ocrx_word' id='word_1_240' title='bbox 3274 712 3465 778; x_wconf 81' lang='grc' dir='ltr'>αὑτοῦ,</span> <span class='ocrx_word' id='word_1_241' title='bbox 3497 714 3590 766; x_wconf 73' lang='grc' dir='ltr'><strong>καὶ</strong></span> <span class='ocrx_word' id='word_1_242' title='bbox 3617 713 3688 783; x_wconf 83' lang='grc' dir='ltr'><strong>τῷ</strong></span> 
     </span>
    </p>
   </div>
   <div class='ocr_carea' id='block_1_36' title="bbox 2116 804 3688 884">
    <p class='ocr_par' dir='ltr' id='par_1_36' title="bbox 2116 804 3688 884">
     <span class='ocr_line' id='line_1_36' title="bbox 2116 804 3688 884; baseline -0.009 -14"><span class='ocrx_word' id='word_1_243' title='bbox 2116 812 2334 884; x_wconf 80' lang='grc' dir='ltr'>χρυσῷ,</span> <span class='ocrx_word' id='word_1_244' title='bbox 2371 813 2467 867; x_wconf 75' lang='grc' dir='ltr'><strong>καὶ</strong></span> <span class='ocrx_word' id='word_1_245' title='bbox 2508 811 2585 881; x_wconf 82' lang='grc' dir='ltr'>τῷ</span> <span class='ocrx_word' id='word_1_246' title='bbox 2625 809 2852 881; x_wconf 83' lang='grc' dir='ltr'>ἀργύρῳ</span> <span class='ocrx_word' id='word_1_247' title='bbox 2892 808 2967 870; x_wconf 83' lang='grc' dir='ltr'><strong>ὡς</strong></span> <span class='ocrx_word' id='word_1_248' title='bbox 2996 809 3060 861; x_wconf 84' lang='grc' dir='ltr'><strong>ἐκ</strong></span> <span class='ocrx_word' id='word_1_249' title='bbox 3094 808 3205 860; x_wconf 83' lang='grc' dir='ltr'>τῶν</span> <span class='ocrx_word' id='word_1_250' title='bbox 3237 804 3688 876; x_wconf 83' lang='grc' dir='ltr'>περισσευμάτων</span> 
     </span>
    </p>
   </div>
   <div class='ocr_carea' id='block_1_37' title="bbox 2116 897 3687 968">
    <p class='ocr_par' dir='ltr' id='par_1_37' title="bbox 2116 897 3687 968">
     <span class='ocr_line' id='line_1_37' title="bbox 2116 897 3687 968; baseline -0.005 -9"><span class='ocrx_word' id='word_1_251' title='bbox 2116 905 2283 959; x_wconf 83' lang='grc' dir='ltr'>αὑτοῦ</span> <span class='ocrx_word' id='word_1_252' title='bbox 2308 906 2544 960; x_wconf 82' lang='grc' dir='ltr'>ποιεῖται</span> <span class='ocrx_word' id='word_1_253' title='bbox 2571 903 2669 966; x_wconf 72' lang='grc' dir='ltr'><strong>τὰς</strong></span> <span class='ocrx_word' id='word_1_254' title='bbox 2692 900 3021 966; x_wconf 80' lang='grc' dir='ltr'><strong>συντελείας,</strong></span> <span class='ocrx_word' id='word_1_255' title='bbox 3051 900 3111 952; x_wconf 82' lang='grc' dir='ltr'>ού</span> <span class='ocrx_word' id='word_1_256' title='bbox 3139 898 3345 968; x_wconf 79' lang='grc' dir='ltr'>ζημίαν</span> <span class='ocrx_word' id='word_1_257' title='bbox 3370 897 3687 968; x_wconf 77' lang='grc' dir='ltr'>ἡγούμενος.</span> 
     </span>
    </p>
   </div>
   <div class='ocr_carea' id='block_1_38' title="bbox 2120 991 3690 1066">
    <p class='ocr_par' dir='ltr' id='par_1_38' title="bbox 2120 991 3690 1066">
     <span class='ocr_line' id='line_1_38' title="bbox 2120 991 3690 1066; baseline -0.004 -17"><span class='ocrx_word' id='word_1_258' title='bbox 2120 999 2331 1062; x_wconf 78' lang='grc' dir='ltr'>’Ὥσπερ</span> <span class='ocrx_word' id='word_1_259' title='bbox 2389 994 2500 1066; x_wconf 75' lang='grc' dir='ltr'>γὰρ</span> <span class='ocrx_word' id='word_1_260' title='bbox 2534 996 2562 1047; x_wconf 81' lang='grc' dir='ltr'>ὁ</span> <span class='ocrx_word' id='word_1_261' title='bbox 2597 993 2763 1051; x_wconf 81' lang='grc' dir='ltr'>ποιῶν</span> <span class='ocrx_word' id='word_1_262' title='bbox 2797 991 3171 1063; x_wconf 78' lang='grc' dir='ltr'><strong>ἐλεημοσύνην</strong></span> <span class='ocrx_word' id='word_1_263' title='bbox 3199 991 3457 1044; x_wconf 76' lang='grc' dir='ltr'>οὐδέποτε</span> <span class='ocrx_word' id='word_1_264' title='bbox 3482 991 3690 1061; x_wconf 77' lang='grc' dir='ltr'>ἡγεῖται</span> 
     </span>
    </p>
   </div>
   <div class='ocr_carea' id='block_1_39' title="bbox 2119 1078 3693 1159">
    <p class='ocr_par' dir='ltr' id='par_1_39' title="bbox 2119 1078 3693 1159">
     <span class='ocr_line' id='line_1_39' title="bbox 2119 1078 3693 1159; baseline -0.005 -19"><span class='ocrx_word' id='word_1_265' title='bbox 2119 1088 2353 1159; x_wconf 81' lang='grc' dir='ltr'><strong>ζημίαν·</strong></span> <span class='ocrx_word' id='word_1_266' title='bbox 2381 1086 2523 1143; x_wconf 77' lang='grc' dir='ltr'>οὕτω</span> <span class='ocrx_word' id='word_1_267' title='bbox 2548 1086 2641 1139; x_wconf 70' lang='grc' dir='ltr'><strong>καὶ</strong></span> <span class='ocrx_word' id='word_1_268' title='bbox 2673 1088 2700 1139; x_wconf 87' lang='grc' dir='ltr'>ὁ</span> <span class='ocrx_word' id='word_1_269' title='bbox 2724 1084 2990 1148; x_wconf 78' lang='grc' dir='ltr'><strong>Σατανᾶς,</strong></span> <span class='ocrx_word' id='word_1_270' title='bbox 3018 1081 3094 1146; x_wconf 80' lang='grc' dir='ltr'><strong>ὡς</strong></span> <span class='ocrx_word' id='word_1_271' title='bbox 3123 1084 3189 1135; x_wconf 88' lang='grc' dir='ltr'><strong>ἐκ</strong></span> <span class='ocrx_word' id='word_1_272' title='bbox 3210 1082 3493 1153; x_wconf 80' lang='grc' dir='ltr'><strong>παρέργου</strong></span> <span class='ocrx_word' id='word_1_273' title='bbox 3524 1078 3693 1133; x_wconf 80' lang='grc' dir='ltr'>ταῦτα</span> 
     </span>
    </p>
   </div>
   <div class='ocr_carea' id='block_1_40' title="bbox 2118 1174 3694 1252">
    <p class='ocr_par' dir='ltr' id='par_1_40' title="bbox 2118 1174 3694 1252">
     <span class='ocr_line' id='line_1_40' title="bbox 2118 1174 3694 1252; baseline -0.006 -18"><span class='ocrx_word' id='word_1_274' title='bbox 2118 1183 2355 1252; x_wconf 75' lang='grc' dir='ltr'>ἡγεῖται.</span> <span class='ocrx_word' id='word_1_275' title='bbox 2398 1179 2554 1234; x_wconf 86' lang='grc' dir='ltr'>Ἔστι</span> <span class='ocrx_word' id='word_1_276' title='bbox 2592 1178 2649 1233; x_wconf 80' lang='grc' dir='ltr'>δὲ</span> <span class='ocrx_word' id='word_1_277' title='bbox 2684 1176 2900 1246; x_wconf 80' lang='grc' dir='ltr'>πτωχὸς</span> <span class='ocrx_word' id='word_1_278' title='bbox 2953 1175 3275 1245; x_wconf 84' lang='grc' dir='ltr'>λειπόμενος</span> <span class='ocrx_word' id='word_1_279' title='bbox 3319 1174 3530 1245; x_wconf 80' lang='grc' dir='ltr'><strong>τροφῆς</strong></span> <span class='ocrx_word' id='word_1_280' title='bbox 3566 1174 3694 1241; x_wconf 70' lang='grc' dir='ltr'>ἐφη·</span> 
     </span>
    </p>
   </div>
   <div class='ocr_carea' id='block_1_41' title="bbox 2124 1263 3693 1347">
    <p class='ocr_par' dir='ltr' id='par_1_41' title="bbox 2124 1263 3693 1347">
     <span class='ocr_line' id='line_1_41' title="bbox 2124 1263 3693 1347; baseline -0.009 -18"><span class='ocrx_word' id='word_1_281' title='bbox 2124 1276 2295 1347; x_wconf 89' lang='grc' dir='ltr'>μέρου</span> <span class='ocrx_word' id='word_1_282' title='bbox 2336 1290 2352 1306; x_wconf 76' lang='grc' dir='ltr'><strong>ο</strong></span> <span class='ocrx_word' id='word_1_283' title='bbox 2395 1266 2550 1335; x_wconf 75' lang='grc' dir='ltr'>οὗτος</span> <span class='ocrx_word' id='word_1_284' title='bbox 2603 1270 2925 1343; x_wconf 78' lang='grc' dir='ltr'>μαστίζεται</span> <span class='ocrx_word' id='word_1_285' title='bbox 2965 1269 3061 1324; x_wconf 72' lang='grc' dir='ltr'>καὶ</span> <span class='ocrx_word' id='word_1_286' title='bbox 3093 1266 3466 1339; x_wconf 78' lang='grc' dir='ltr'><strong>βασανίζεται,</strong></span> <span class='ocrx_word' id='word_1_287' title='bbox 3500 1263 3578 1335; x_wconf 78' lang='grc' dir='ltr'>μὴ</span> <span class='ocrx_word' id='word_1_288' title='bbox 3606 1263 3693 1315; x_wconf 77' lang='grc' dir='ltr'><strong>δυ-</strong></span> 
     </span>
    </p>
   </div>
   <div class='ocr_carea' id='block_1_42' title="bbox 2121 1356 3697 1437">
    <p class='ocr_par' dir='ltr' id='par_1_42' title="bbox 2121 1356 3697 1437">
     <span class='ocr_line' id='line_1_42' title="bbox 2121 1356 3697 1437; baseline -0.006 -17"><span class='ocrx_word' id='word_1_289' title='bbox 2121 1367 2351 1437; x_wconf 85' lang='grc' dir='ltr'>νάμενος</span> <span class='ocrx_word' id='word_1_290' title='bbox 2398 1367 2573 1419; x_wconf 86' lang='grc' dir='ltr'>ἐκεῖνο</span> <span class='ocrx_word' id='word_1_291' title='bbox 2622 1364 2683 1416; x_wconf 81' lang='grc' dir='ltr'><strong>τὸ</strong></span> <span class='ocrx_word' id='word_1_292' title='bbox 2733 1361 3072 1430; x_wconf 87' lang='grc' dir='ltr'>συντέλεσμα</span> <span class='ocrx_word' id='word_1_293' title='bbox 3124 1357 3561 1428; x_wconf 80' lang='grc' dir='ltr'>ἁποπληρῶσαι’</span> <span class='ocrx_word' id='word_1_294' title='bbox 3604 1356 3697 1411; x_wconf 75' lang='grc' dir='ltr'><strong>καὶ</strong></span> 
     </span>
    </p>
   </div>
   <div class='ocr_carea' id='block_1_43' title="bbox 2123 1450 3697 1530">
    <p class='ocr_par' dir='ltr' id='par_1_43' title="bbox 2123 1450 3697 1530">
     <span class='ocr_line' id='line_1_43' title="bbox 2123 1450 3697 1530; baseline -0.006 -16"><span class='ocrx_word' id='word_1_295' title='bbox 2123 1460 2240 1514; x_wconf 82' lang='grc' dir='ltr'>εστι</span> <span class='ocrx_word' id='word_1_296' title='bbox 2271 1459 2525 1530; x_wconf 84' lang='grc' dir='ltr'>ξεόμενος</span> <span class='ocrx_word' id='word_1_297' title='bbox 2570 1456 2665 1510; x_wconf 61' lang='grc' dir='ltr'><strong>καὶ⁸</strong></span> <span class='ocrx_word' id='word_1_298' title='bbox 2706 1452 3135 1526; x_wconf 77' lang='grc' dir='ltr'><strong>βασανιζόμενος</strong></span> <span class='ocrx_word' id='word_1_299' title='bbox 3163 1450 3440 1523; x_wconf 80' lang='grc' dir='ltr'><strong>χαλεπῶς,</strong></span> <span class='ocrx_word' id='word_1_300' title='bbox 3476 1450 3573 1503; x_wconf 74' lang='grc' dir='ltr'>καὶ</span> <span class='ocrx_word' id='word_1_301' title='bbox 3598 1450 3697 1504; x_wconf 80' lang='grc' dir='ltr'><strong>οὐκ</strong></span> 
     </span>
    </p>
   </div>
   <div class='ocr_carea' id='block_1_44' title="bbox 2121 1544 3697 1621">
    <p class='ocr_par' dir='ltr' id='par_1_44' title="bbox 2121 1544 3697 1621">
     <span class='ocr_line' id='line_1_44' title="bbox 2121 1544 3697 1621; baseline -0.006 -16"><span class='ocrx_word' id='word_1_302' title='bbox 2121 1551 2475 1621; x_wconf 85' lang='grc' dir='ltr'>ἀποθνήσκει.</span> <span class='ocrx_word' id='word_1_303' title='bbox 2511 1550 2620 1602; x_wconf 76' lang='grc' dir='ltr'>Καὶ</span> <span class='ocrx_word' id='word_1_304' title='bbox 2652 1548 2797 1600; x_wconf 78' lang='grc' dir='ltr'>ἐστιν</span> <span class='ocrx_word' id='word_1_305' title='bbox 2824 1544 3003 1613; x_wconf 80' lang='grc' dir='ltr'>ἄλλος,</span> <span class='ocrx_word' id='word_1_306' title='bbox 3038 1546 3123 1598; x_wconf 82' lang='grc' dir='ltr'>ὅτι</span> <span class='ocrx_word' id='word_1_307' title='bbox 3156 1544 3251 1598; x_wconf 75' lang='grc' dir='ltr'><strong>καὶ</strong></span> <span class='ocrx_word' id='word_1_308' title='bbox 3284 1544 3393 1599; x_wconf 76' lang='grc' dir='ltr'><strong>ἀπὸ</strong></span> <span class='ocrx_word' id='word_1_309' title='bbox 3426 1545 3554 1615; x_wconf 83' lang='grc' dir='ltr'>μιᾶς</span> <span class='ocrx_word' id='word_1_310' title='bbox 3593 1544 3697 1613; x_wconf 77' lang='grc' dir='ltr'>φά-</span> 
     </span>
    </p>
   </div>
   <div class='ocr_carea' id='block_1_45' title="bbox 2126 1635 3697 1709">
    <p class='ocr_par' dir='ltr' id='par_1_45' title="bbox 2126 1635 3697 1709">
     <span class='ocr_line' id='line_1_45' title="bbox 2126 1635 3697 1709; baseline -0.005 -11"><span class='ocrx_word' id='word_1_311' title='bbox 2126 1661 2262 1708; x_wconf 86' lang='grc' dir='ltr'>σεως</span> <span class='ocrx_word' id='word_1_312' title='bbox 2318 1642 2600 1697; x_wconf 84' lang='grc' dir='ltr'>κελεύεται</span> <span class='ocrx_word' id='word_1_313' title='bbox 2648 1637 3190 1709; x_wconf 81' lang='grc' dir='ltr'>ἁποκεφαλισθῆναι,</span> <span class='ocrx_word' id='word_1_314' title='bbox 3236 1636 3332 1691; x_wconf 72' lang='grc' dir='ltr'>καὶ</span> <span class='ocrx_word' id='word_1_315' title='bbox 3378 1635 3697 1690; x_wconf 81' lang='grc' dir='ltr'>ἀπόλλυται.</span> 
     </span>
    </p>
   </div>
   <div class='ocr_carea' id='block_1_46' title="bbox 2125 1726 3701 1800">
    <p class='ocr_par' dir='ltr' id='par_1_46' title="bbox 2125 1726 3701 1800">
     <span class='ocr_line' id='line_1_46' title="bbox 2125 1726 3701 1800; baseline -0.008 -11"><span class='ocrx_word' id='word_1_316' title='bbox 2125 1734 2309 1797; x_wconf 86' lang='grc' dir='ltr'>Οῦτως</span> <span class='ocrx_word' id='word_1_317' title='bbox 2336 1733 2429 1787; x_wconf 76' lang='grc' dir='ltr'>καὶ</span> <span class='ocrx_word' id='word_1_318' title='bbox 2455 1733 2533 1793; x_wconf 86' lang='grc' dir='ltr'><strong>είς</strong></span> <span class='ocrx_word' id='word_1_319' title='bbox 2559 1733 2684 1794; x_wconf 81' lang='grc' dir='ltr'>τοὺς</span> <span class='ocrx_word' id='word_1_320' title='bbox 2714 1729 3073 1800; x_wconf 86' lang='grc' dir='ltr'>Χριστιανούς</span> <span class='ocrx_word' id='word_1_321' title='bbox 3103 1727 3243 1781; x_wconf 86' lang='grc' dir='ltr'>είσιν</span> <span class='ocrx_word' id='word_1_322' title='bbox 3274 1726 3515 1797; x_wconf 82' lang='grc' dir='ltr'>ίσχυρῶς</span> <span class='ocrx_word' id='word_1_323' title='bbox 3539 1726 3701 1778; x_wconf 80' lang='grc' dir='ltr'>πολε-</span> 
     </span>
    </p>
   </div>
   <div class='ocr_carea' id='block_1_47' title="bbox 2131 1816 3704 1898">
    <p class='ocr_par' dir='ltr' id='par_1_47' title="bbox 2131 1816 3704 1898">
     <span class='ocr_line' id='line_1_47' title="bbox 2131 1816 3704 1898; baseline -0.005 -18"><span class='ocrx_word' id='word_1_324' title='bbox 2131 1826 2392 1898; x_wconf 89' lang='grc' dir='ltr'>μούμενοι</span> <span class='ocrx_word' id='word_1_325' title='bbox 2440 1824 2534 1876; x_wconf 72' lang='grc' dir='ltr'>καὶ</span> <span class='ocrx_word' id='word_1_326' title='bbox 2576 1822 2818 1892; x_wconf 82' lang='grc' dir='ltr'>ξεόμενοι</span> <span class='ocrx_word' id='word_1_327' title='bbox 2870 1819 2974 1873; x_wconf 77' lang='grc' dir='ltr'><strong>ὑπὸ</strong></span> <span class='ocrx_word' id='word_1_328' title='bbox 3005 1820 3102 1890; x_wconf 75' lang='grc' dir='ltr'>τῆς</span> <span class='ocrx_word' id='word_1_329' title='bbox 3138 1818 3419 1890; x_wconf 83' lang='grc' dir='ltr'>ἁμαρτίας</span> <span class='ocrx_word' id='word_1_330' title='bbox 3447 1834 3465 1850; x_wconf 86' lang='grc'><strong>·</strong></span> <span class='ocrx_word' id='word_1_331' title='bbox 3502 1819 3594 1872; x_wconf 75' lang='grc' dir='ltr'><strong>καὶ</strong></span> <span class='ocrx_word' id='word_1_332' title='bbox 3622 1816 3704 1872; x_wconf 79' lang='grc' dir='ltr'>ἔτι</span> 
     </span>
    </p>
   </div>
   <div class='ocr_carea' id='block_1_48' title="bbox 2057 1898 3705 1984">
    <p class='ocr_par' dir='ltr' id='par_1_48' title="bbox 2057 1898 3705 1984">
     <span class='ocr_line' id='line_1_48' title="bbox 2057 1898 3705 1984; baseline -0.007 -11"><span class='ocrx_word' id='word_1_333' title='bbox 2057 1898 2100 1953; x_wconf 78' lang='grc' dir='ltr'><strong>Β</strong></span> <span class='ocrx_word' id='word_1_334' title='bbox 2128 1921 2209 1983; x_wconf 82' lang='grc' dir='ltr'><strong>είς</strong></span> <span class='ocrx_word' id='word_1_335' title='bbox 2228 1919 2355 1981; x_wconf 73' lang='grc' dir='ltr'>τοὺς</span> <span class='ocrx_word' id='word_1_336' title='bbox 2380 1915 2653 1984; x_wconf 78' lang='grc' dir='ltr'><strong>πολέμους</strong></span> <span class='ocrx_word' id='word_1_337' title='bbox 2674 1914 3024 1984; x_wconf 87' lang='grc' dir='ltr'>στερεοῦνται</span> <span class='ocrx_word' id='word_1_338' title='bbox 3046 1913 3142 1966; x_wconf 77' lang='grc' dir='ltr'><strong>καὶ</strong></span> <span class='ocrx_word' id='word_1_339' title='bbox 3171 1910 3506 1980; x_wconf 76' lang='grc' dir='ltr'>σοφίζονται,</span> <span class='ocrx_word' id='word_1_340' title='bbox 3538 1926 3705 1963; x_wconf 84' lang='grc' dir='ltr'>κατα-</span> 
     </span>
    </p>
   </div>
   <div class='ocr_carea' id='block_1_49' title="bbox 2128 2000 3707 2080">
    <p class='ocr_par' dir='ltr' id='par_1_49' title="bbox 2128 2000 3707 2080">
     <span class='ocr_line' id='line_1_49' title="bbox 2128 2000 3707 2080; baseline -0.005 -17"><span class='ocrx_word' id='word_1_341' title='bbox 2128 2008 2454 2080; x_wconf 83' lang='grc' dir='ltr'>φρονοῦντες</span> <span class='ocrx_word' id='word_1_342' title='bbox 2485 2007 2588 2076; x_wconf 86' lang='grc' dir='ltr'><strong>τῆς</strong></span> <span class='ocrx_word' id='word_1_343' title='bbox 2632 2004 2880 2067; x_wconf 78' lang='grc' dir='ltr'>ἐναντίας</span> <span class='ocrx_word' id='word_1_344' title='bbox 2909 2004 3219 2074; x_wconf 80' lang='grc' dir='ltr'>δυνάμεως,</span> <span class='ocrx_word' id='word_1_345' title='bbox 3255 2001 3349 2055; x_wconf 76' lang='grc' dir='ltr'><strong>καὶ</strong></span> <span class='ocrx_word' id='word_1_346' title='bbox 3394 2001 3494 2054; x_wconf 71' lang='grc' dir='ltr'><strong>οὐκ</strong></span> <span class='ocrx_word' id='word_1_347' title='bbox 3522 2000 3707 2069; x_wconf 75' lang='grc' dir='ltr'>ἔχουσι</span> 
     </span>
    </p>
   </div>
   <div class='ocr_carea' id='block_1_50' title="bbox 2127 2092 3709 2170">
    <p class='ocr_par' dir='ltr' id='par_1_50' title="bbox 2127 2092 3709 2170">
     <span class='ocr_line' id='line_1_50' title="bbox 2127 2092 3709 2170; baseline -0.009 -12"><span class='ocrx_word' id='word_1_348' title='bbox 2127 2103 2373 2159; x_wconf 84' lang='grc' dir='ltr'>κίνδυνον</span> <span class='ocrx_word' id='word_1_349' title='bbox 2423 2104 2480 2154; x_wconf 83' lang='grc' dir='ltr'><strong>ἐν</strong></span> <span class='ocrx_word' id='word_1_350' title='bbox 2517 2099 2692 2170; x_wconf 79' lang='grc' dir='ltr'>τούτῳ</span> <span class='ocrx_word' id='word_1_351' title='bbox 2733 2096 2812 2168; x_wconf 85' lang='grc' dir='ltr'><strong>τῷ</strong></span> <span class='ocrx_word' id='word_1_352' title='bbox 2867 2096 3047 2167; x_wconf 82' lang='grc' dir='ltr'><strong>μέρει,</strong></span> <span class='ocrx_word' id='word_1_353' title='bbox 3080 2096 3162 2149; x_wconf 85' lang='grc' dir='ltr'><strong>ὅτι</strong></span> <span class='ocrx_word' id='word_1_354' title='bbox 3196 2093 3437 2151; x_wconf 84' lang='grc' dir='ltr'>ἇπτωτοί</span> <span class='ocrx_word' id='word_1_355' title='bbox 3473 2094 3581 2146; x_wconf 83' lang='grc' dir='ltr'>εξσι</span> <span class='ocrx_word' id='word_1_356' title='bbox 3611 2092 3709 2144; x_wconf 76' lang='grc' dir='ltr'>καὶ</span> 
     </span>
    </p>
   </div>
   <div class='ocr_carea' id='block_1_51' title="bbox 2127 2184 3712 2264">
    <p class='ocr_par' dir='ltr' id='par_1_51' title="bbox 2127 2184 3712 2264">
     <span class='ocr_line' id='line_1_51' title="bbox 2127 2184 3712 2264; baseline -0.009 -15"><span class='ocrx_word' id='word_1_357' title='bbox 2127 2193 2515 2264; x_wconf 75' lang='grc' dir='ltr'>ἀσφαλὶζονται</span> <span class='ocrx_word' id='word_1_358' title='bbox 2560 2192 2692 2260; x_wconf 73' lang='grc' dir='ltr'>περὶ</span> <span class='ocrx_word' id='word_1_359' title='bbox 2730 2190 2831 2255; x_wconf 83' lang='grc' dir='ltr'><strong>τῆς</strong></span> <span class='ocrx_word' id='word_1_360' title='bbox 2880 2189 3090 2243; x_wconf 78' lang='grc' dir='ltr'><strong>ἑαυτῶν</strong></span> <span class='ocrx_word' id='word_1_361' title='bbox 3143 2188 3454 2260; x_wconf 76' lang='grc' dir='ltr'><strong>σωτηρίας,</strong></span> <span class='ocrx_word' id='word_1_362' title='bbox 3511 2186 3603 2239; x_wconf 68' lang='grc' dir='ltr'>διὰ</span> <span class='ocrx_word' id='word_1_363' title='bbox 3648 2184 3712 2236; x_wconf 83' lang='grc' dir='ltr'>τδ</span> 
     </span>
    </p>
   </div>
   <div class='ocr_carea' id='block_1_52' title="bbox 2128 2278 3710 2355">
    <p class='ocr_par' dir='ltr' id='par_1_52' title="bbox 2128 2278 3710 2355">
     <span class='ocr_line' id='line_1_52' title="bbox 2128 2278 3710 2355; baseline -0.006 -16"><span class='ocrx_word' id='word_1_364' title='bbox 2128 2285 2387 2349; x_wconf 80' lang='grc' dir='ltr'><strong>πολλάκις</strong></span> <span class='ocrx_word' id='word_1_365' title='bbox 2425 2281 2803 2355; x_wconf 81' lang='grc' dir='ltr'>γεγυμνᾶσθαι</span> <span class='ocrx_word' id='word_1_366' title='bbox 2854 2282 2912 2333; x_wconf 85' lang='grc' dir='ltr'><strong>ἐν</strong></span> <span class='ocrx_word' id='word_1_367' title='bbox 2957 2279 3036 2352; x_wconf 81' lang='grc' dir='ltr'><strong>τῷ</strong></span> <span class='ocrx_word' id='word_1_368' title='bbox 3070 2280 3296 2351; x_wconf 87' lang='grc' dir='ltr'>πολέμῳ</span> <span class='ocrx_word' id='word_1_369' title='bbox 3342 2280 3443 2351; x_wconf 81' lang='grc' dir='ltr'>τῆς</span> <span class='ocrx_word' id='word_1_370' title='bbox 3473 2278 3710 2339; x_wconf 79' lang='grc' dir='ltr'><strong>κακίας,</strong></span> 
     </span>
    </p>
   </div>
   <div class='ocr_carea' id='block_1_53' title="bbox 2129 2368 3713 2449">
    <p class='ocr_par' dir='ltr' id='par_1_53' title="bbox 2129 2368 3713 2449">
     <span class='ocr_line' id='line_1_53' title="bbox 2129 2368 3713 2449; baseline -0.007 -17"><span class='ocrx_word' id='word_1_371' title='bbox 2129 2378 2224 2432; x_wconf 76' lang='grc' dir='ltr'><strong>καὶ</strong></span> <span class='ocrx_word' id='word_1_372' title='bbox 2270 2378 2570 2449; x_wconf 71' lang='grc' dir='ltr'>ἐμπείρους</span> <span class='ocrx_word' id='word_1_373' title='bbox 2617 2372 2967 2446; x_wconf 80' lang='grc' dir='ltr'>γεγενῆσθαι.</span> <span class='ocrx_word' id='word_1_374' title='bbox 3028 2374 3282 2444; x_wconf 86' lang='grc' dir='ltr'>Ἔχοντες</span> <span class='ocrx_word' id='word_1_375' title='bbox 3330 2372 3388 2425; x_wconf 68' lang='grc' dir='ltr'><strong>δὲ</strong></span> <span class='ocrx_word' id='word_1_376' title='bbox 3432 2370 3526 2424; x_wconf 75' lang='grc' dir='ltr'>τὸν</span> <span class='ocrx_word' id='word_1_377' title='bbox 3572 2368 3713 2423; x_wconf 72' lang='grc' dir='ltr'>Θεὸν</span> 
     </span>
    </p>
   </div>
   <div class='ocr_carea' id='block_1_54' title="bbox 2133 2465 3401 2542">
    <p class='ocr_par' dir='ltr' id='par_1_54' title="bbox 2133 2465 3401 2542">
     <span class='ocr_line' id='line_1_54' title="bbox 2133 2465 3401 2542; baseline -0.002 -19"><span class='ocrx_word' id='word_1_378' title='bbox 2133 2469 2253 2542; x_wconf 81' lang='grc' dir='ltr'>μεθ’</span> <span class='ocrx_word' id='word_1_379' title='bbox 2282 2468 2511 2535; x_wconf 74' lang='grc' dir='ltr'>ἑαυτῶν,</span> <span class='ocrx_word' id='word_1_380' title='bbox 2542 2468 2860 2537; x_wconf 81' lang='grc' dir='ltr'>ὁδηγοῦνται</span> <span class='ocrx_word' id='word_1_381' title='bbox 2889 2467 2983 2521; x_wconf 68' lang='grc' dir='ltr'>καὶ</span> <span class='ocrx_word' id='word_1_382' title='bbox 3008 2465 3401 2521; x_wconf 83' lang='grc' dir='ltr'><strong>ἀναπαύονται.</strong></span> 
     </span>
    </p>
   </div>
   <div class='ocr_carea' id='block_1_55' title="bbox 2202 2554 3712 2632">
    <p class='ocr_par' dir='ltr' id='par_1_55' title="bbox 2202 2554 3712 2632">
     <span class='ocr_line' id='line_1_55' title="bbox 2202 2554 3712 2632; baseline -0.008 -15"><span class='ocrx_word' id='word_1_383' title='bbox 2202 2562 2304 2617; x_wconf 82' lang='grc' dir='ltr'><strong>ῘΘ’.</strong></span> <span class='ocrx_word' id='word_1_384' title='bbox 2361 2561 2545 2615; x_wconf 70' lang='grc' dir='ltr'>’Ἄλλοι</span> <span class='ocrx_word' id='word_1_385' title='bbox 2592 2560 2652 2617; x_wconf 75' lang='grc' dir='ltr'><strong>δὲ</strong></span> <span class='ocrx_word' id='word_1_386' title='bbox 2703 2559 2929 2632; x_wconf 83' lang='grc' dir='ltr'>μηδέπω</span> <span class='ocrx_word' id='word_1_387' title='bbox 2979 2558 3423 2629; x_wconf 81' lang='grc' dir='ltr'><strong>γυμνασθέντες,</strong></span> <span class='ocrx_word' id='word_1_388' title='bbox 3458 2556 3539 2621; x_wconf 81' lang='grc' dir='ltr'><strong>είς</strong></span> <span class='ocrx_word' id='word_1_389' title='bbox 3576 2554 3712 2624; x_wconf 77' lang='grc' dir='ltr'>μίαν</span> 
     </span>
    </p>
   </div>
   <div class='ocr_carea' id='block_1_56' title="bbox 2132 2651 3716 2727">
    <p class='ocr_par' dir='ltr' id='par_1_56' title="bbox 2132 2651 3716 2727">
     <span class='ocr_line' id='line_1_56' title="bbox 2132 2651 3716 2727; baseline -0.006 -15"><span class='ocrx_word' id='word_1_390' title='bbox 2132 2657 2312 2727; x_wconf 70' lang='grc' dir='ltr'>θλίψιν</span> <span class='ocrx_word' id='word_1_391' title='bbox 2340 2657 2434 2719; x_wconf 76' lang='grc' dir='ltr'>ἐὰν</span> <span class='ocrx_word' id='word_1_392' title='bbox 2457 2655 2739 2726; x_wconf 73' lang='grc' dir='ltr'><strong>ἐμπέσωσι</strong></span> <span class='ocrx_word' id='word_1_393' title='bbox 2771 2656 2865 2715; x_wconf 79' lang='grc' dir='ltr'><strong>καὶ</strong></span> <span class='ocrx_word' id='word_1_394' title='bbox 2892 2654 3181 2725; x_wconf 77' lang='grc' dir='ltr'>ἐπικινηθῇ</span> <span class='ocrx_word' id='word_1_395' title='bbox 3213 2654 3473 2723; x_wconf 82' lang='grc' dir='ltr'>πόλεμος,</span> <span class='ocrx_word' id='word_1_396' title='bbox 3508 2651 3716 2712; x_wconf 74' lang='grc' dir='ltr'>εὐθέως</span> 
     </span>
    </p>
   </div>
   <div class='ocr_carea' id='block_1_57' title="bbox 2132 2739 3714 2816">
    <p class='ocr_par' dir='ltr' id='par_1_57' title="bbox 2132 2739 3714 2816">
     <span class='ocr_line' id='line_1_57' title="bbox 2132 2739 3714 2816; baseline -0.008 -14"><span class='ocrx_word' id='word_1_397' title='bbox 2132 2747 2565 2806; x_wconf 81' lang='grc' dir='ltr'>καταπίπτουσιν</span> <span class='ocrx_word' id='word_1_398' title='bbox 2596 2748 2675 2809; x_wconf 80' lang='grc' dir='ltr'><strong>εἰς</strong></span> <span class='ocrx_word' id='word_1_399' title='bbox 2702 2745 2922 2816; x_wconf 69' lang='grc' dir='ltr'>δλεθρον</span> <span class='ocrx_word' id='word_1_400' title='bbox 2956 2745 3051 2799; x_wconf 79' lang='grc' dir='ltr'><strong>καὶ</strong></span> <span class='ocrx_word' id='word_1_401' title='bbox 3083 2743 3361 2801; x_wconf 80' lang='grc' dir='ltr'>ἀπώλειαν</span> <span class='ocrx_word' id='word_1_402' title='bbox 3394 2758 3409 2773; x_wconf 83' lang='grc'><strong>’</strong></span> <span class='ocrx_word' id='word_1_403' title='bbox 3443 2741 3641 2810; x_wconf 77' lang='grc' dir='ltr'>ὥσπερ</span> <span class='ocrx_word' id='word_1_404' title='bbox 3663 2739 3714 2791; x_wconf 84' lang='grc' dir='ltr'><strong>οί</strong></span> 
     </span>
    </p>
   </div>
   <div class='ocr_carea' id='block_1_58' title="bbox 2131 2832 3717 2905">
    <p class='ocr_par' dir='ltr' id='par_1_58' title="bbox 2131 2832 3717 2905">
     <span class='ocr_line' id='line_1_58' title="bbox 2131 2832 3717 2905; baseline -0.007 -10"><span class='ocrx_word' id='word_1_405' title='bbox 2131 2840 2461 2905; x_wconf 87' lang='grc' dir='ltr'>διοδεύοντες</span> <span class='ocrx_word' id='word_1_406' title='bbox 2495 2842 2554 2893; x_wconf 87' lang='grc' dir='ltr'>ἐν</span> <span class='ocrx_word' id='word_1_407' title='bbox 2585 2840 2760 2903; x_wconf 86' lang='grc' dir='ltr'>πόλει,</span> <span class='ocrx_word' id='word_1_408' title='bbox 2794 2837 3037 2901; x_wconf 87' lang='grc' dir='ltr'>θέλοντες</span> <span class='ocrx_word' id='word_1_409' title='bbox 3070 2836 3196 2891; x_wconf 85' lang='grc' dir='ltr'>ίδεῖν</span> <span class='ocrx_word' id='word_1_410' title='bbox 3240 2837 3366 2899; x_wconf 68' lang='grc' dir='ltr'>τοὺς</span> <span class='ocrx_word' id='word_1_411' title='bbox 3393 2832 3717 2903; x_wconf 73' lang='grc' dir='ltr'>ἀγαπητοῦς</span> 
     </span>
    </p>
   </div>
   <div class='ocr_carea' id='block_1_59' title="bbox 2134 2925 3719 3004">
    <p class='ocr_par' dir='ltr' id='par_1_59' title="bbox 2134 2925 3719 3004">
     <span class='ocr_line' id='line_1_59' title="bbox 2134 2925 3719 3004; baseline -0.005 -19"><span class='ocrx_word' id='word_1_412' title='bbox 2134 2932 2318 2985; x_wconf 82' lang='grc' dir='ltr'>αὐτῶν</span> <span class='ocrx_word' id='word_1_413' title='bbox 2345 2932 2439 2985; x_wconf 76' lang='grc' dir='ltr'><strong>καὶ</strong></span> <span class='ocrx_word' id='word_1_414' title='bbox 2459 2930 2791 3004; x_wconf 78' lang='grc' dir='ltr'>γνωρίμους,</span> <span class='ocrx_word' id='word_1_415' title='bbox 2826 2929 2876 2983; x_wconf 87' lang='grc' dir='ltr'><strong>εί</strong></span> <span class='ocrx_word' id='word_1_416' title='bbox 2906 2930 3001 2987; x_wconf 75' lang='grc' dir='ltr'>καὶ</span> <span class='ocrx_word' id='word_1_417' title='bbox 3028 2928 3244 2990; x_wconf 82' lang='grc' dir='ltr'>πολλοῖς</span> <span class='ocrx_word' id='word_1_418' title='bbox 3274 2925 3615 2980; x_wconf 67' lang='grc' dir='ltr'>συναντιέηιν</span> <span class='ocrx_word' id='word_1_419' title='bbox 3662 2926 3719 2977; x_wconf 84' lang='grc' dir='ltr'>ἐν</span> 
     </span>
    </p>
   </div>
   <div class='ocr_carea' id='block_1_60' title="bbox 2132 3015 3719 3092">
    <p class='ocr_par' dir='ltr' id='par_1_60' title="bbox 2132 3015 3719 3092">
     <span class='ocr_line' id='line_1_60' title="bbox 2132 3015 3719 3092; baseline -0.004 -16"><span class='ocrx_word' id='word_1_420' title='bbox 2132 3026 2254 3087; x_wconf 89' lang='grc' dir='ltr'>ταῖς</span> <span class='ocrx_word' id='word_1_421' title='bbox 2298 3024 2544 3092; x_wconf 84' lang='grc' dir='ltr'>ἀγοραῖς,</span> <span class='ocrx_word' id='word_1_422' title='bbox 2584 3022 2685 3074; x_wconf 82' lang='grc' dir='ltr'><strong>οὐκ</strong></span> <span class='ocrx_word' id='word_1_423' title='bbox 2710 3020 3093 3090; x_wconf 71' lang='grc' dir='ltr'>ἐμποδίζονται</span> <span class='ocrx_word' id='word_1_424' title='bbox 3138 3019 3226 3077; x_wconf 70' lang='grc' dir='ltr'><strong>ὕπ’</strong></span> <span class='ocrx_word' id='word_1_425' title='bbox 3256 3018 3435 3079; x_wconf 74' lang='grc' dir='ltr'>αὐτῶν</span> <span class='ocrx_word' id='word_1_426' title='bbox 3473 3035 3489 3049; x_wconf 88' lang='grc'><strong>·</strong></span> <span class='ocrx_word' id='word_1_427' title='bbox 3529 3015 3719 3087; x_wconf 76' lang='grc' dir='ltr'>ἔχουσι</span> 
     </span>
    </p>
   </div>
   <div class='ocr_carea' id='block_1_61' title="bbox 2136 3111 3720 3188">
    <p class='ocr_par' dir='ltr' id='par_1_61' title="bbox 2136 3111 3720 3188">
     <span class='ocr_line' id='line_1_61' title="bbox 2136 3111 3720 3188; baseline -0.004 -19"><span class='ocrx_word' id='word_1_428' title='bbox 2136 3116 2246 3188; x_wconf 82' lang='grc' dir='ltr'>γὰρ</span> <span class='ocrx_word' id='word_1_429' title='bbox 2269 3115 2468 3169; x_wconf 69' lang='grc' dir='ltr'>σκοπὸν</span> <span class='ocrx_word' id='word_1_430' title='bbox 2488 3114 2582 3167; x_wconf 88' lang='grc' dir='ltr'><strong>τοῦ</strong></span> <span class='ocrx_word' id='word_1_431' title='bbox 2606 3116 2719 3177; x_wconf 80' lang='grc' dir='ltr'>τοῖς</span> <span class='ocrx_word' id='word_1_432' title='bbox 2742 3114 2917 3183; x_wconf 80' lang='grc' dir='ltr'>φίλοις</span> <span class='ocrx_word' id='word_1_433' title='bbox 2944 3115 3185 3183; x_wconf 80' lang='grc' dir='ltr'>ἐντυχεῖν</span> <span class='ocrx_word' id='word_1_434' title='bbox 3203 3129 3215 3143; x_wconf 89' lang='grc'><strong>·</strong></span> <span class='ocrx_word' id='word_1_435' title='bbox 3242 3113 3335 3171; x_wconf 56' lang='grc' dir='ltr'><strong>καὶ¹</strong></span> <span class='ocrx_word' id='word_1_436' title='bbox 3362 3112 3492 3171; x_wconf 80' lang='grc' dir='ltr'>ὅταν</span> <span class='ocrx_word' id='word_1_437' title='bbox 3515 3111 3720 3183; x_wconf 75' lang='grc' dir='ltr'>ἔξωθεν</span> 
     </span>
    </p>
   </div>
   <div class='ocr_carea' id='block_1_62' title="bbox 460 3202 2035 3299">
    <p class='ocr_par' dir='ltr' id='par_1_62' title="bbox 460 3206 2031 3277">
     <span class='ocr_line' id='line_1_62' title="bbox 460 3206 2031 3277; baseline -0.001 -14"><span class='ocrx_word' id='word_1_438' title='bbox 460 3224 586 3263; x_wconf 86' lang='lat' dir='ltr'><strong>cum</strong></span> <span class='ocrx_word' id='word_1_439' title='bbox 637 3206 776 3261; x_wconf 83' lang='lat' dir='ltr'><strong>loris</strong></span> <span class='ocrx_word' id='word_1_440' title='bbox 817 3208 1039 3277; x_wconf 79' lang='lat' dir='ltr'><strong>januam</strong></span> <span class='ocrx_word' id='word_1_441' title='bbox 1086 3207 1425 3277; x_wconf 90' lang='lat' dir='ltr'><strong>pulsaverint</strong></span> <span class='ocrx_word' id='word_1_442' title='bbox 1452 3222 1517 3261; x_wconf 89' lang='lat' dir='ltr'><strong>ac</strong></span> <span class='ocrx_word' id='word_1_443' title='bbox 1542 3207 1883 3272; x_wconf 89' lang='lat' dir='ltr'><strong>vocaverint,</strong></span> <span class='ocrx_word' id='word_1_444' title='bbox 1923 3206 2031 3262; x_wconf 71' lang='lat' dir='ltr'><strong>larli</strong></span> 
     </span>
    </p>
   </div>
   <div class='ocr_carea' id='block_1_63' title="bbox 2142 3202 3720 3299">
    <p class='ocr_par' dir='ltr' id='par_1_63' title="bbox 2142 3202 3720 3281">
     <span class='ocr_line' id='line_1_63' title="bbox 2142 3202 3720 3281; baseline -0.006 -18"><span class='ocrx_word' id='word_1_445' title='bbox 2142 3210 2419 3281; x_wconf 86' lang='grc' dir='ltr'>κρούσωσι</span> <span class='ocrx_word' id='word_1_446' title='bbox 2459 3210 2559 3279; x_wconf 82' lang='grc' dir='ltr'><strong>τὴν</strong></span> <span class='ocrx_word' id='word_1_447' title='bbox 2595 3207 2765 3278; x_wconf 84' lang='grc' dir='ltr'>θύραν</span> <span class='ocrx_word' id='word_1_448' title='bbox 2790 3209 2882 3262; x_wconf 72' lang='grc' dir='ltr'><strong>καὶ</strong></span> <span class='ocrx_word' id='word_1_449' title='bbox 2916 3208 3216 3272; x_wconf 78' lang='grc' dir='ltr'>καλέσωσι,</span> <span class='ocrx_word' id='word_1_450' title='bbox 3248 3208 3531 3277; x_wconf 81' lang='grc' dir='ltr'>χαίροντες</span> <span class='ocrx_word' id='word_1_451' title='bbox 3564 3202 3720 3257; x_wconf 75' lang='grc' dir='ltr'><strong>ἀνοίο</strong></span> 
     </span>
    </p>
   </div>
   <div class='ocr_carea' id='block_1_64' title="bbox 460 3298 2039 3369">
    <p class='ocr_par' dir='ltr' id='par_1_64' title="bbox 460 3298 2039 3369">
     <span class='ocr_line' id='line_1_64' title="bbox 460 3298 2039 3369; baseline 0.003 -17"><span class='ocrx_word' id='word_1_452' title='bbox 460 3298 717 3369; x_wconf 84' lang='lat' dir='ltr'><strong>aperiunt</strong></span> <span class='ocrx_word' id='word_1_453' title='bbox 758 3299 922 3362; x_wconf 87' lang='lat' dir='ltr'><strong>amici</strong></span> <span class='ocrx_word' id='word_1_454' title='bbox 976 3299 1234 3364; x_wconf 84' lang='lat' dir='ltr'><strong>illorum,</strong></span> <span class='ocrx_word' id='word_1_455' title='bbox 1270 3300 1356 3353; x_wconf 86' lang='lat' dir='ltr'><strong>sin</strong></span> <span class='ocrx_word' id='word_1_456' title='bbox 1389 3314 1521 3353; x_wconf 88' lang='lat' dir='ltr'><strong>vero</strong></span> <span class='ocrx_word' id='word_1_457' title='bbox 1556 3298 1801 3364; x_wconf 62' lang='lat' dir='ltr'><strong>haereant</strong></span> <span class='ocrx_word' id='word_1_458' title='bbox 1823 3299 1877 3353; x_wconf 92' lang='lat' dir='ltr'><strong>in</strong></span> <span class='ocrx_word' id='word_1_459' title='bbox 1905 3299 2039 3357; x_wconf 83' lang='lat' dir='ltr'><strong>foris</strong></span> 
     </span>
    </p>
   </div>
   <div class='ocr_carea' id='block_1_65' title="bbox 462 3390 2040 3463">
    <p class='ocr_par' dir='ltr' id='par_1_65' title="bbox 462 3390 2040 3463">
     <span class='ocr_line' id='line_1_65' title="bbox 462 3390 2040 3463; baseline -0.001 -17"><span class='ocrx_word' id='word_1_460' title='bbox 462 3402 521 3446; x_wconf 83' lang='lat' dir='ltr'><strong>et</strong></span> <span class='ocrx_word' id='word_1_461' title='bbox 546 3393 761 3463; x_wconf 90' lang='lat' dir='ltr'><strong>plateis,</strong></span> <span class='ocrx_word' id='word_1_462' title='bbox 792 3404 849 3453; x_wconf 86' lang='lat' dir='ltr'><strong>et</strong></span> <span class='ocrx_word' id='word_1_463' title='bbox 884 3394 1185 3458; x_wconf 84' lang='lat' dir='ltr'><strong>illudantur</strong></span> <span class='ocrx_word' id='word_1_464' title='bbox 1230 3404 1325 3448; x_wconf 91' lang='lat' dir='ltr'><strong>aut</strong></span> <span class='ocrx_word' id='word_1_465' title='bbox 1364 3393 1705 3447; x_wconf 88' lang='lat' dir='ltr'><strong>retineantur</strong></span> <span class='ocrx_word' id='word_1_466' title='bbox 1726 3391 1794 3450; x_wconf 88' lang='lat' dir='ltr'><strong>ab</strong></span> <span class='ocrx_word' id='word_1_467' title='bbox 1824 3391 1913 3457; x_wconf 90' lang='lat' dir='ltr'><strong>iis,</strong></span> <span class='ocrx_word' id='word_1_468' title='bbox 1945 3390 2040 3461; x_wconf 89' lang='lat' dir='ltr'><strong>qui</strong></span> 
     </span>
    </p>
   </div>
   <div class='ocr_carea' id='block_1_66' title="bbox 465 3480 2039 3557">
    <p class='ocr_par' dir='ltr' id='par_1_66' title="bbox 465 3480 2039 3557">
     <span class='ocr_line' id='line_1_66' title="bbox 465 3480 2039 3557; baseline 0 -22"><span class='ocrx_word' id='word_1_469' title='bbox 465 3490 755 3544; x_wconf 87' lang='lat' dir='ltr'><strong>ocurrunt,</strong></span> <span class='ocrx_word' id='word_1_470' title='bbox 788 3481 1100 3536; x_wconf 87' lang='lat' dir='ltr'><strong>occluditur</strong></span> <span class='ocrx_word' id='word_1_471' title='bbox 1126 3483 1292 3551; x_wconf 85' lang='lat' dir='ltr'><strong>janua</strong></span> <span class='ocrx_word' id='word_1_472' title='bbox 1319 3489 1373 3535; x_wconf 92' lang='lat' dir='ltr'><strong>et</strong></span> <span class='ocrx_word' id='word_1_473' title='bbox 1397 3496 1558 3535; x_wconf 92' lang='lat' dir='ltr'><strong>nemo</strong></span> <span class='ocrx_word' id='word_1_474' title='bbox 1582 3481 1690 3544; x_wconf 87' lang='lat' dir='ltr'><strong>illis</strong></span> <span class='ocrx_word' id='word_1_475' title='bbox 1709 3480 1917 3557; x_wconf 89' lang='lat' dir='ltr'><strong>aperit:</strong></span> <span class='ocrx_word' id='word_1_476' title='bbox 1944 3480 2039 3547; x_wconf 91' lang='lat' dir='ltr'><strong>ita,</strong></span> 
     </span>
    </p>
   </div>
   <div class='ocr_carea' id='block_1_67' title="bbox 466 3571 2041 3645">
    <p class='ocr_par' dir='ltr' id='par_1_67' title="bbox 466 3571 2041 3645">
     <span class='ocr_line' id='line_1_67' title="bbox 466 3571 2041 3645; baseline -0.003 -16"><span class='ocrx_word' id='word_1_477' title='bbox 466 3572 561 3645; x_wconf 86' lang='lat' dir='ltr'><strong>qui</strong></span> <span class='ocrx_word' id='word_1_478' title='bbox 591 3571 659 3635; x_wconf 88' lang='lat' dir='ltr'><strong>ad</strong></span> <span class='ocrx_word' id='word_1_479' title='bbox 711 3574 1003 3629; x_wconf 88' lang='lat' dir='ltr'><strong>Dominum</strong></span> <span class='ocrx_word' id='word_1_480' title='bbox 1047 3583 1294 3628; x_wconf 91' lang='lat' dir='ltr'><strong>nostrum</strong></span> <span class='ocrx_word' id='word_1_481' title='bbox 1320 3573 1506 3635; x_wconf 88' lang='lat' dir='ltr'><strong>.lesum</strong></span> <span class='ocrx_word' id='word_1_482' title='bbox 1546 3572 1825 3635; x_wconf 86' lang='lat' dir='ltr'><strong>Christum</strong></span> <span class='ocrx_word' id='word_1_483' title='bbox 1850 3588 2041 3626; x_wconf 82' lang='lat' dir='ltr'><strong>verum</strong></span> 
     </span>
    </p>
   </div>
   <div class='ocr_carea' id='block_1_68' title="bbox 470 3666 2045 3734">
    <p class='ocr_par' dir='ltr' id='par_1_68' title="bbox 470 3666 2045 3734">
     <span class='ocr_line' id='line_1_68' title="bbox 470 3666 2045 3734; baseline -0.003 -10"><span class='ocrx_word' id='word_1_484' title='bbox 470 3666 731 3731; x_wconf 86' lang='lat' dir='ltr'><strong>amicum,</strong></span> <span class='ocrx_word' id='word_1_485' title='bbox 755 3666 955 3720; x_wconf 87' lang='lat' dir='ltr'><strong>vadere</strong></span> <span class='ocrx_word' id='word_1_486' title='bbox 983 3666 1363 3734; x_wconf 90' lang='lat' dir='ltr'><strong>impelluntur,</strong></span> <span class='ocrx_word' id='word_1_487' title='bbox 1398 3675 1596 3721; x_wconf 74' lang='lat' dir='ltr'><strong>caetera</strong></span> <span class='ocrx_word' id='word_1_488' title='bbox 1627 3666 1811 3721; x_wconf 91' lang='lat' dir='ltr'><strong>omnia</strong></span> <span class='ocrx_word' id='word_1_489' title='bbox 1842 3666 2045 3722; x_wconf 86' lang='lat' dir='ltr'><strong>debent</strong></span> 
     </span>
    </p>
   </div>
   <div class='ocr_carea' id='block_1_69' title="bbox 472 3756 2044 3834">
    <p class='ocr_par' dir='ltr' id='par_1_69' title="bbox 472 3756 2044 3834">
     <span class='ocr_line' id='line_1_69' title="bbox 472 3756 2044 3834; baseline -0.001 -19"><span class='ocrx_word' id='word_1_490' title='bbox 472 3768 827 3823; x_wconf 68' lang='lat' dir='ltr'><strong>contemnere</strong></span> <span class='ocrx_word' id='word_1_491' title='bbox 862 3766 918 3812; x_wconf 90' lang='lat' dir='ltr'><strong>et</strong></span> <span class='ocrx_word' id='word_1_492' title='bbox 954 3756 1260 3834; x_wconf 90' lang='lat' dir='ltr'><strong>despicere.</strong></span> <span class='ocrx_word' id='word_1_493' title='bbox 1297 3757 1366 3814; x_wconf 87' lang='lat' dir='ltr'><strong>Et</strong></span> <span class='ocrx_word' id='word_1_494' title='bbox 1409 3758 1898 3829; x_wconf 86' lang='lat' dir='ltr'><strong>quemadmodum,</strong></span> <span class='ocrx_word' id='word_1_495' title='bbox 1949 3758 2044 3829; x_wconf 89' lang='lat' dir='ltr'><strong>qui</strong></span> 
     </span>
    </p>
   </div>
   <div class='ocr_carea' id='block_1_70' title="bbox 472 3850 2043 3920">
    <p class='ocr_par' dir='ltr' id='par_1_70' title="bbox 472 3850 2043 3920">
     <span class='ocr_line' id='line_1_70' title="bbox 472 3850 2043 3920; baseline 0.002 -18"><span class='ocrx_word' id='word_1_496' title='bbox 472 3850 729 3920; x_wconf 78' lang='lat' dir='ltr'><strong>palatium</strong></span> <span class='ocrx_word' id='word_1_497' title='bbox 786 3850 1171 3920; x_wconf 86' lang='lat' dir='ltr'><strong>ingrediuntur</strong></span> <span class='ocrx_word' id='word_1_498' title='bbox 1214 3864 1397 3920; x_wconf 82' lang='lat' dir='ltr'><strong>regem</strong></span> <span class='ocrx_word' id='word_1_499' title='bbox 1436 3850 1629 3917; x_wconf 88' lang='lat' dir='ltr'><strong>visuri,</strong></span> <span class='ocrx_word' id='word_1_500' title='bbox 1665 3850 1779 3905; x_wconf 87' lang='lat' dir='ltr'><strong>sive</strong></span> <span class='ocrx_word' id='word_1_501' title='bbox 1814 3851 1922 3906; x_wconf 91' lang='lat' dir='ltr'><strong>sint</strong></span> <span class='ocrx_word' id='word_1_502' title='bbox 1950 3866 2043 3905; x_wconf 91' lang='lat' dir='ltr'><strong>co-</strong></span> 
     </span>
    </p>
   </div>
   <div class='ocr_carea' id='block_1_71' title="bbox 472 3943 2047 4022">
    <p class='ocr_par' dir='ltr' id='par_1_71' title="bbox 472 3943 2047 4022">
     <span class='ocr_line' id='line_1_71' title="bbox 472 3943 2047 4022; baseline 0.003 -25"><span class='ocrx_word' id='word_1_503' title='bbox 472 3946 653 4010; x_wconf 84' lang='lat' dir='ltr'><strong>mites,</strong></span> <span class='ocrx_word' id='word_1_504' title='bbox 680 3943 795 3998; x_wconf 87' lang='lat' dir='ltr'><strong>sive</strong></span> <span class='ocrx_word' id='word_1_505' title='bbox 827 3944 1106 4022; x_wconf 80' lang='lat' dir='ltr'><strong>pracsidcs,</strong></span> <span class='ocrx_word' id='word_1_506' title='bbox 1139 3944 1295 4010; x_wconf 84' lang='lat' dir='ltr'><strong>valde</strong></span> <span class='ocrx_word' id='word_1_507' title='bbox 1320 3954 1594 4012; x_wconf 90' lang='lat' dir='ltr'><strong>metuunt,</strong></span> <span class='ocrx_word' id='word_1_508' title='bbox 1622 3946 1899 4016; x_wconf 77' lang='lat' dir='ltr'><strong>quomodo</strong></span> <span class='ocrx_word' id='word_1_509' title='bbox 1937 3947 2047 4011; x_wconf 80' lang='lat' dir='ltr'><strong>sint</strong></span> 
     </span>
    </p>
   </div>
   <div class='ocr_carea' id='block_1_72' title="bbox 475 4036 2049 4119">
    <p class='ocr_par' dir='ltr' id='par_1_72' title="bbox 475 4036 2049 4119">
     <span class='ocr_line' id='line_1_72' title="bbox 475 4036 2049 4119; baseline 0.003 -30"><span class='ocrx_word' id='word_1_510' title='bbox 475 4036 817 4119; x_wconf 86' lang='lat' dir='ltr'><strong>responsuri,</strong></span> <span class='ocrx_word' id='word_1_511' title='bbox 848 4046 902 4097; x_wconf 91' lang='lat' dir='ltr'><strong>ct</strong></span> <span class='ocrx_word' id='word_1_512' title='bbox 950 4053 1018 4092; x_wconf 91' lang='lat' dir='ltr'><strong>ne</strong></span> <span class='ocrx_word' id='word_1_513' title='bbox 1062 4036 1118 4090; x_wconf 91' lang='lat' dir='ltr'><strong>in</strong></span> <span class='ocrx_word' id='word_1_514' title='bbox 1170 4037 1557 4116; x_wconf 90' lang='lat' dir='ltr'><strong>respondendo</strong></span> <span class='ocrx_word' id='word_1_515' title='bbox 1587 4038 1744 4114; x_wconf 86' lang='lat' dir='ltr'><strong>lapsi,</strong></span> <span class='ocrx_word' id='word_1_516' title='bbox 1782 4039 1835 4094; x_wconf 88' lang='lat' dir='ltr'><strong>in</strong></span> <span class='ocrx_word' id='word_1_517' title='bbox 1864 4056 2049 4109; x_wconf 74' lang='lat' dir='ltr'><strong>repre-</strong></span> 
     </span>
    </p>
   </div>
   <div class='ocr_carea' id='block_1_73' title="bbox 474 4126 2049 4207">
    <p class='ocr_par' dir='ltr' id='par_1_73' title="bbox 474 4126 2049 4207">
     <span class='ocr_line' id='line_1_73' title="bbox 474 4126 2049 4207; baseline 0.004 -29"><span class='ocrx_word' id='word_1_518' title='bbox 474 4126 798 4189; x_wconf 80' lang='lat' dir='ltr'><strong>hensionem</strong></span> <span class='ocrx_word' id='word_1_519' title='bbox 822 4137 878 4180; x_wconf 93' lang='lat' dir='ltr'><strong>et</strong></span> <span class='ocrx_word' id='word_1_520' title='bbox 910 4127 1243 4207; x_wconf 89' lang='lat' dir='ltr'><strong>supplicium</strong></span> <span class='ocrx_word' id='word_1_521' title='bbox 1273 4128 1555 4194; x_wconf 89' lang='lat' dir='ltr'><strong>incidant;</strong></span> <span class='ocrx_word' id='word_1_522' title='bbox 1590 4130 1785 4185; x_wconf 87' lang='lat' dir='ltr'><strong>rustici</strong></span> <span class='ocrx_word' id='word_1_523' title='bbox 1822 4146 1954 4185; x_wconf 85' lang='lat' dir='ltr'><strong>vero</strong></span> <span class='ocrx_word' id='word_1_524' title='bbox 1984 4145 2049 4185; x_wconf 89' lang='lat' dir='ltr'><strong>ac</strong></span> 
     </span>
    </p>
   </div>
   <div class='ocr_carea' id='block_1_74' title="bbox 472 4216 2050 4297">
    <p class='ocr_par' dir='ltr' id='par_1_74' title="bbox 472 4216 2050 4297">
     <span class='ocr_line' id='line_1_74' title="bbox 472 4216 2050 4297; baseline 0.003 -28"><span class='ocrx_word' id='word_1_525' title='bbox 472 4216 675 4297; x_wconf 86' lang='lat' dir='ltr'><strong>plebeii</strong></span> <span class='ocrx_word' id='word_1_526' title='bbox 708 4216 979 4280; x_wconf 85' lang='lat' dir='ltr'><strong>homines,</strong></span> <span class='ocrx_word' id='word_1_527' title='bbox 1000 4216 1094 4286; x_wconf 88' lang='lat' dir='ltr'><strong>qui</strong></span> <span class='ocrx_word' id='word_1_528' title='bbox 1118 4232 1398 4295; x_wconf 89' lang='lat' dir='ltr'><strong>nunquam</strong></span> <span class='ocrx_word' id='word_1_529' title='bbox 1421 4217 1725 4288; x_wconf 89' lang='lat' dir='ltr'><strong>principem</strong></span> <span class='ocrx_word' id='word_1_530' title='bbox 1751 4234 2050 4295; x_wconf 74' lang='lat' dir='ltr'><strong>conspexe-</strong></span> 
     </span>
    </p>
   </div>
   <div class='ocr_carea' id='block_1_75' title="bbox 473 4306 2049 4380">
    <p class='ocr_par' dir='ltr' id='par_1_75' title="bbox 473 4306 2049 4380">
     <span class='ocr_line' id='line_1_75' title="bbox 473 4306 2049 4380; baseline 0.003 -19"><span class='ocrx_word' id='word_1_531' title='bbox 473 4321 557 4371; x_wconf 89' lang='lat' dir='ltr'><strong>re,</strong></span> <span class='ocrx_word' id='word_1_532' title='bbox 585 4307 722 4360; x_wconf 82' lang='lat' dir='ltr'><strong>nihil</strong></span> <span class='ocrx_word' id='word_1_533' title='bbox 749 4306 971 4361; x_wconf 89' lang='lat' dir='ltr'><strong>solliciti</strong></span> <span class='ocrx_word' id='word_1_534' title='bbox 998 4316 1127 4361; x_wconf 88' lang='lat' dir='ltr'><strong>sunt</strong></span> <span class='ocrx_word' id='word_1_535' title='bbox 1158 4324 1169 4359; x_wconf 92' lang='lat'>:</span> <span class='ocrx_word' id='word_1_536' title='bbox 1198 4308 1278 4361; x_wconf 92' lang='lat' dir='ltr'><strong>sic</strong></span> <span class='ocrx_word' id='word_1_537' title='bbox 1299 4324 1521 4377; x_wconf 90' lang='lat' dir='ltr'><strong>quoque</strong></span> <span class='ocrx_word' id='word_1_538' title='bbox 1552 4309 1787 4363; x_wconf 85' lang='lat' dir='ltr'><strong>mundus</strong></span> <span class='ocrx_word' id='word_1_539' title='bbox 1818 4310 1927 4374; x_wconf 92' lang='lat' dir='ltr'><strong>hic,</strong></span> <span class='ocrx_word' id='word_1_540' title='bbox 1954 4312 2049 4380; x_wconf 90' lang='lat' dir='ltr'><strong>qui</strong></span> 
     </span>
    </p>
   </div>
   <div class='ocr_carea' id='block_1_76' title="bbox 472 4398 2049 4470">
    <p class='ocr_par' dir='ltr' id='par_1_76' title="bbox 472 4398 2049 4470">
     <span class='ocr_line' id='line_1_76' title="bbox 472 4398 2049 4470; baseline 0.004 -18"><span class='ocrx_word' id='word_1_541' title='bbox 472 4398 579 4453; x_wconf 78' lang='lat' dir='ltr'><strong>sub</strong></span> <span class='ocrx_word' id='word_1_542' title='bbox 599 4398 753 4453; x_wconf 65' lang='lat' dir='ltr'><strong>caelis</strong></span> <span class='ocrx_word' id='word_1_543' title='bbox 776 4407 879 4463; x_wconf 88' lang='lat' dir='ltr'><strong>est,</strong></span> <span class='ocrx_word' id='word_1_544' title='bbox 902 4416 932 4453; x_wconf 89' lang='lat' dir='ltr'><strong>a</strong></span> <span class='ocrx_word' id='word_1_545' title='bbox 959 4400 1180 4463; x_wconf 66' lang='lat' dir='ltr'><strong>regibus</strong></span> <span class='ocrx_word' id='word_1_546' title='bbox 1197 4399 1263 4453; x_wconf 89' lang='lat' dir='ltr'><strong>ad</strong></span> <span class='ocrx_word' id='word_1_547' title='bbox 1292 4416 1563 4470; x_wconf 76' lang='lat' dir='ltr'><strong>pauperes</strong></span> <span class='ocrx_word' id='word_1_548' title='bbox 1587 4417 1758 4470; x_wconf 86' lang='lat' dir='ltr'><strong>usque</strong></span> <span class='ocrx_word' id='word_1_549' title='bbox 1780 4418 1836 4457; x_wconf 89' lang='lat' dir='ltr'><strong>se</strong></span> <span class='ocrx_word' id='word_1_550' title='bbox 1862 4403 2049 4458; x_wconf 84' lang='lat' dir='ltr'><strong>habet.</strong></span> 
     </span>
    </p>
   </div>
   <div class='ocr_carea' id='block_1_77' title="bbox 472 4490 2050 4565">
    <p class='ocr_par' dir='ltr' id='par_1_77' title="bbox 472 4490 2050 4565">
     <span class='ocr_line' id='line_1_77' title="bbox 472 4490 2050 4565; baseline 0.004 -22"><span class='ocrx_word' id='word_1_551' title='bbox 472 4490 610 4559; x_wconf 86' lang='lat' dir='ltr'><strong>Cum</strong></span> <span class='ocrx_word' id='word_1_552' title='bbox 640 4491 869 4562; x_wconf 82' lang='lat' dir='ltr'><strong>gloriam</strong></span> <span class='ocrx_word' id='word_1_553' title='bbox 890 4490 1094 4545; x_wconf 90' lang='lat' dir='ltr'><strong>Christi</strong></span> <span class='ocrx_word' id='word_1_554' title='bbox 1126 4491 1398 4562; x_wconf 80' lang='lat' dir='ltr'><strong>ignorent,</strong></span> <span class='ocrx_word' id='word_1_555' title='bbox 1430 4508 1618 4547; x_wconf 91' lang='lat' dir='ltr'><strong>curam</strong></span> <span class='ocrx_word' id='word_1_556' title='bbox 1641 4503 1840 4565; x_wconf 87' lang='lat' dir='ltr'><strong>gerunt</strong></span> <span class='ocrx_word' id='word_1_557' title='bbox 1866 4510 2050 4555; x_wconf 88' lang='lat' dir='ltr'><strong>rerum</strong></span> 
     </span>
    </p>
   </div>
   <div class='ocr_carea' id='block_1_78' title="bbox 2143 3298 3723 3371">
    <p class='ocr_par' dir='ltr' id='par_1_78' title="bbox 2143 3298 3723 3371">
     <span class='ocr_line' id='line_1_78' title="bbox 2143 3298 3723 3371; baseline -0.005 -16"><span class='ocrx_word' id='word_1_558' title='bbox 2143 3319 2332 3371; x_wconf 90' lang='grc' dir='ltr'>γουσιν</span> <span class='ocrx_word' id='word_1_559' title='bbox 2378 3301 2426 3354; x_wconf 77' lang='grc' dir='ltr'><strong>οἱ</strong></span> <span class='ocrx_word' id='word_1_560' title='bbox 2479 3301 2752 3368; x_wconf 69' lang='grc' dir='ltr'>ἀγαπητοὶ</span> <span class='ocrx_word' id='word_1_561' title='bbox 2799 3299 2974 3357; x_wconf 79' lang='grc' dir='ltr'>αὐτῶν</span> <span class='ocrx_word' id='word_1_562' title='bbox 3001 3315 3015 3330; x_wconf 79' lang='grc'><strong>’</strong></span> <span class='ocrx_word' id='word_1_563' title='bbox 3065 3301 3113 3352; x_wconf 87' lang='grc' dir='ltr'>εἰ</span> <span class='ocrx_word' id='word_1_564' title='bbox 3160 3299 3215 3356; x_wconf 80' lang='grc' dir='ltr'>δὲ</span> <span class='ocrx_word' id='word_1_565' title='bbox 3247 3298 3626 3366; x_wconf 88' lang='grc' dir='ltr'>ἀπομείνωσιν</span> <span class='ocrx_word' id='word_1_566' title='bbox 3667 3298 3723 3347; x_wconf 82' lang='grc' dir='ltr'>ἐν</span> 
     </span>
    </p>
   </div>
   <div class='ocr_carea' id='block_1_79' title="bbox 2140 3386 3724 3463">
    <p class='ocr_par' dir='ltr' id='par_1_79' title="bbox 2140 3386 3724 3463">
     <span class='ocr_line' id='line_1_79' title="bbox 2140 3386 3724 3463; baseline -0.004 -18"><span class='ocrx_word' id='word_1_567' title='bbox 2140 3394 2264 3455; x_wconf 87' lang='grc' dir='ltr'>ταῖς</span> <span class='ocrx_word' id='word_1_568' title='bbox 2292 3392 2539 3463; x_wconf 78' lang='grc' dir='ltr'><strong>ἀγοραῖς,</strong></span> <span class='ocrx_word' id='word_1_569' title='bbox 2574 3391 2667 3444; x_wconf 74' lang='grc' dir='ltr'><strong>καὶ</strong></span> <span class='ocrx_word' id='word_1_570' title='bbox 2709 3390 3103 3462; x_wconf 77' lang='grc' dir='ltr'>χλευάζωνται,</span> <span class='ocrx_word' id='word_1_571' title='bbox 3134 3391 3253 3461; x_wconf 70' lang='grc' dir='ltr'>ᾗτοι</span> <span class='ocrx_word' id='word_1_572' title='bbox 3293 3390 3582 3459; x_wconf 74' lang='grc' dir='ltr'>ἐπέχονται</span> <span class='ocrx_word' id='word_1_573' title='bbox 3615 3386 3724 3440; x_wconf 78' lang='grc' dir='ltr'>ἀπὸ</span> 
     </span>
    </p>
   </div>
   <div class='ocr_carea' id='block_1_80' title="bbox 2142 3476 3724 3549">
    <p class='ocr_par' dir='ltr' id='par_1_80' title="bbox 2142 3476 3724 3549">
     <span class='ocr_line' id='line_1_80' title="bbox 2142 3476 3724 3549; baseline -0.005 -14"><span class='ocrx_word' id='word_1_574' title='bbox 2142 3481 2252 3535; x_wconf 86' lang='grc' dir='ltr'>τῶν</span> <span class='ocrx_word' id='word_1_575' title='bbox 2295 3479 2689 3544; x_wconf 82' lang='grc' dir='ltr'>ἀπαντώντων,</span> <span class='ocrx_word' id='word_1_576' title='bbox 2742 3479 3099 3533; x_wconf 86' lang='grc' dir='ltr'>ἀποκλείεται</span> <span class='ocrx_word' id='word_1_577' title='bbox 3142 3482 3176 3548; x_wconf 84' lang='grc' dir='ltr'>ὴ</span> <span class='ocrx_word' id='word_1_578' title='bbox 3224 3478 3393 3549; x_wconf 87' lang='grc' dir='ltr'>θύρα,</span> <span class='ocrx_word' id='word_1_579' title='bbox 3422 3479 3516 3531; x_wconf 74' lang='grc' dir='ltr'>καὶ</span> <span class='ocrx_word' id='word_1_580' title='bbox 3545 3476 3724 3539; x_wconf 66' lang='grc' dir='ltr'>οὐδεὶς</span> 
     </span>
    </p>
   </div>
   <div class='ocr_carea' id='block_1_81' title="bbox 2143 3570 3725 3643">
    <p class='ocr_par' dir='ltr' id='par_1_81' title="bbox 2143 3570 3725 3643">
     <span class='ocr_line' id='line_1_81' title="bbox 2143 3570 3725 3643; baseline -0.006 -12"><span class='ocrx_word' id='word_1_581' title='bbox 2143 3576 2328 3639; x_wconf 74' lang='grc' dir='ltr'>αὐτοῖς</span> <span class='ocrx_word' id='word_1_582' title='bbox 2390 3575 2626 3643; x_wconf 82' lang='grc' dir='ltr'>ἀνοίγει⁶</span> <span class='ocrx_word' id='word_1_583' title='bbox 2679 3573 2851 3637; x_wconf 77' lang='grc' dir='ltr'>οὕτως</span> <span class='ocrx_word' id='word_1_584' title='bbox 2903 3576 2994 3626; x_wconf 70' lang='grc' dir='ltr'>καὶ</span> <span class='ocrx_word' id='word_1_585' title='bbox 3035 3573 3085 3626; x_wconf 87' lang='grc' dir='ltr'><strong>οἱ</strong></span> <span class='ocrx_word' id='word_1_586' title='bbox 3128 3572 3264 3643; x_wconf 73' lang='grc' dir='ltr'>πρὸς</span> <span class='ocrx_word' id='word_1_587' title='bbox 3307 3574 3401 3626; x_wconf 80' lang='grc' dir='ltr'>τὸν</span> <span class='ocrx_word' id='word_1_588' title='bbox 3443 3570 3725 3639; x_wconf 78' lang='grc' dir='ltr'>Δεσπότην</span> 
     </span>
    </p>
   </div>
   <div class='ocr_carea' id='block_1_82' title="bbox 2143 3662 3724 3740">
    <p class='ocr_par' dir='ltr' id='par_1_82' title="bbox 2143 3662 3724 3740">
     <span class='ocr_line' id='line_1_82' title="bbox 2143 3662 3724 3740; baseline -0.003 -18"><span class='ocrx_word' id='word_1_589' title='bbox 2143 3670 2177 3739; x_wconf 81' lang='grc' dir='ltr'><strong>ἡ</strong></span> <span class='ocrx_word' id='word_1_590' title='bbox 2187 3667 2302 3740; x_wconf 82' lang='grc' dir='ltr'>μῶν</span> <span class='ocrx_word' id='word_1_591' title='bbox 2333 3667 2567 3739; x_wconf 82' lang='grc' dir='ltr'>Χριστὸν</span> <span class='ocrx_word' id='word_1_592' title='bbox 2590 3665 2678 3720; x_wconf 80' lang='grc' dir='ltr'>τὸν</span> <span class='ocrx_word' id='word_1_593' title='bbox 2702 3665 2877 3729; x_wconf 75' lang='grc' dir='ltr'>ὅντως</span> <span class='ocrx_word' id='word_1_594' title='bbox 2910 3666 3191 3736; x_wconf 77' lang='grc' dir='ltr'>ἀγαπητὸν</span> <span class='ocrx_word' id='word_1_595' title='bbox 3215 3664 3558 3735; x_wconf 79' lang='grc' dir='ltr'>ἐπειγόμενοι</span> <span class='ocrx_word' id='word_1_596' title='bbox 3582 3662 3724 3731; x_wconf 72' lang='grc' dir='ltr'><strong>φθά-</strong></span> 
     </span>
    </p>
   </div>
   <div class='ocr_carea' id='block_1_83' title="bbox 2150 3755 3726 3828">
    <p class='ocr_par' dir='ltr' id='par_1_83' title="bbox 2150 3755 3726 3828">
     <span class='ocr_line' id='line_1_83' title="bbox 2150 3755 3726 3828; baseline -0.006 -11"><span class='ocrx_word' id='word_1_597' title='bbox 2150 3780 2263 3827; x_wconf 90' lang='grc' dir='ltr'>σαι,</span> <span class='ocrx_word' id='word_1_598' title='bbox 2298 3762 2406 3818; x_wconf 85' lang='grc' dir='ltr'><strong>τών</strong></span> <span class='ocrx_word' id='word_1_599' title='bbox 2437 3760 2612 3815; x_wconf 80' lang='grc' dir='ltr'>ἄλλων</span> <span class='ocrx_word' id='word_1_600' title='bbox 2647 3760 2901 3813; x_wconf 73' lang='grc' dir='ltr'>ἁπάντων</span> <span class='ocrx_word' id='word_1_601' title='bbox 2927 3758 3201 3828; x_wconf 69' lang='grc' dir='ltr'>ὀφείλουσι</span> <span class='ocrx_word' id='word_1_602' title='bbox 3238 3757 3605 3827; x_wconf 81' lang='grc' dir='ltr'>καταφρονεῖν</span> <span class='ocrx_word' id='word_1_603' title='bbox 3636 3755 3726 3808; x_wconf 80' lang='grc' dir='ltr'>καὶ</span> 
     </span>
    </p>
   </div>
   <div class='ocr_carea' id='block_1_84' title="bbox 2149 3848 3721 3926">
    <p class='ocr_par' dir='ltr' id='par_1_84' title="bbox 2149 3848 3721 3926">
     <span class='ocr_line' id='line_1_84' title="bbox 2149 3848 3721 3926; baseline -0.005 -18"><span class='ocrx_word' id='word_1_604' title='bbox 2149 3855 2448 3926; x_wconf 81' lang='grc' dir='ltr'>ὑπερορᾷν.</span> <span class='ocrx_word' id='word_1_605' title='bbox 2491 3855 2589 3906; x_wconf 84' lang='grc' dir='ltr'><strong>Ὃν</strong></span> <span class='ocrx_word' id='word_1_606' title='bbox 2624 3852 2680 3905; x_wconf 84' lang='grc' dir='ltr'>δὲ</span> <span class='ocrx_word' id='word_1_607' title='bbox 2710 3851 2911 3921; x_wconf 81' lang='grc' dir='ltr'>τρόπον</span> <span class='ocrx_word' id='word_1_608' title='bbox 2944 3853 2992 3908; x_wconf 76' lang='grc' dir='ltr'>οὶ</span> <span class='ocrx_word' id='word_1_609' title='bbox 3024 3850 3395 3922; x_wconf 77' lang='grc' dir='ltr'>εἰσερχόμενοι</span> <span class='ocrx_word' id='word_1_610' title='bbox 3428 3851 3509 3912; x_wconf 72' lang='grc' dir='ltr'>εἰς</span> <span class='ocrx_word' id='word_1_611' title='bbox 3535 3848 3600 3902; x_wconf 80' lang='grc' dir='ltr'>τὸ</span> <span class='ocrx_word' id='word_1_612' title='bbox 3630 3865 3721 3900; x_wconf 81' lang='grc' dir='ltr'><strong>παο</strong></span> 
     </span>
    </p>
   </div>
   <div class='ocr_carea' id='block_1_85' title="bbox 2147 3940 3728 4017">
    <p class='ocr_par' dir='ltr' id='par_1_85' title="bbox 2147 3940 3728 4017">
     <span class='ocr_line' id='line_1_85' title="bbox 2147 3940 3728 4017; baseline -0.005 -17"><span class='ocrx_word' id='word_1_613' title='bbox 2147 3948 2331 4001; x_wconf 88' lang='grc' dir='ltr'>λάτιον</span> <span class='ocrx_word' id='word_1_614' title='bbox 2358 3944 2495 4017; x_wconf 81' lang='grc' dir='ltr'>πρὸς</span> <span class='ocrx_word' id='word_1_615' title='bbox 2516 3945 2607 3998; x_wconf 84' lang='grc' dir='ltr'>τὸν</span> <span class='ocrx_word' id='word_1_616' title='bbox 2630 3943 2873 4014; x_wconf 77' lang='grc' dir='ltr'>βασιλέα,</span> <span class='ocrx_word' id='word_1_617' title='bbox 2901 3944 3140 4014; x_wconf 80' lang='grc' dir='ltr'>κόμητες</span> <span class='ocrx_word' id='word_1_618' title='bbox 3178 3942 3276 4011; x_wconf 76' lang='grc' dir='ltr'>μὲν</span> <span class='ocrx_word' id='word_1_619' title='bbox 3313 3940 3518 4011; x_wconf 66' lang='grc' dir='ltr'>ὅντεςῆ</span> <span class='ocrx_word' id='word_1_620' title='bbox 3560 3940 3728 4008; x_wconf 72' lang='grc' dir='ltr'>ἐπαρ-</span> 
     </span>
    </p>
   </div>
   <div class='ocr_carea' id='block_1_86' title="bbox 2149 4028 3728 4107">
    <p class='ocr_par' dir='ltr' id='par_1_86' title="bbox 2149 4028 3728 4107">
     <span class='ocr_line' id='line_1_86' title="bbox 2149 4028 3728 4107; baseline -0.006 -17"><span class='ocrx_word' id='word_1_621' title='bbox 2149 4054 2258 4107; x_wconf 88' lang='grc' dir='ltr'>χοι,</span> <span class='ocrx_word' id='word_1_622' title='bbox 2290 4034 2396 4096; x_wconf 82' lang='grc' dir='ltr'><strong>ὑπὸ</strong></span> <span class='ocrx_word' id='word_1_623' title='bbox 2432 4033 2597 4103; x_wconf 73' lang='grc' dir='ltr'>φόϐον</span> <span class='ocrx_word' id='word_1_624' title='bbox 2623 4032 2793 4086; x_wconf 89' lang='grc' dir='ltr'>πολύν</span> <span class='ocrx_word' id='word_1_625' title='bbox 2828 4034 2958 4095; x_wconf 83' lang='grc' dir='ltr'>είσι,</span> <span class='ocrx_word' id='word_1_626' title='bbox 2998 4030 3114 4094; x_wconf 77' lang='grc' dir='ltr'><strong>πῶς</strong></span> <span class='ocrx_word' id='word_1_627' title='bbox 3144 4031 3246 4094; x_wconf 85' lang='grc' dir='ltr'>τὰς</span> <span class='ocrx_word' id='word_1_628' title='bbox 3274 4030 3597 4099; x_wconf 76' lang='grc' dir='ltr'>ἀποκρίσεις</span> <span class='ocrx_word' id='word_1_629' title='bbox 3630 4028 3728 4081; x_wconf 72' lang='grc' dir='ltr'><strong>δὼ-</strong></span> 
     </span>
    </p>
   </div>
   <div class='ocr_carea' id='block_1_87' title="bbox 2153 4120 3728 4196">
    <p class='ocr_par' dir='ltr' id='par_1_87' title="bbox 2153 4120 3728 4196">
     <span class='ocr_line' id='line_1_87' title="bbox 2153 4120 3728 4196; baseline -0.006 -13"><span class='ocrx_word' id='word_1_630' title='bbox 2153 4146 2325 4194; x_wconf 87' lang='grc' dir='ltr'>σουσι,</span> <span class='ocrx_word' id='word_1_631' title='bbox 2366 4128 2464 4181; x_wconf 70' lang='grc' dir='ltr'><strong>καὶ</strong></span> <span class='ocrx_word' id='word_1_632' title='bbox 2493 4125 2567 4196; x_wconf 84' lang='grc' dir='ltr'><strong>μὴ</strong></span> <span class='ocrx_word' id='word_1_633' title='bbox 2597 4126 2656 4179; x_wconf 83' lang='grc' dir='ltr'><strong>ἐν</strong></span> <span class='ocrx_word' id='word_1_634' title='bbox 2698 4126 2764 4195; x_wconf 83' lang='grc' dir='ltr'>τῇ</span> <span class='ocrx_word' id='word_1_635' title='bbox 2796 4122 3060 4194; x_wconf 76' lang='grc' dir='ltr'>ἀπολογίᾳ</span> <span class='ocrx_word' id='word_1_636' title='bbox 3089 4123 3419 4186; x_wconf 81' lang='grc' dir='ltr'>πταίσαντες</span> <span class='ocrx_word' id='word_1_637' title='bbox 3458 4122 3539 4185; x_wconf 77' lang='lat' dir='ltr'><strong>si;</strong></span> <span class='ocrx_word' id='word_1_638' title='bbox 3569 4120 3728 4189; x_wconf 85' lang='grc' dir='ltr'>λόγον</span> 
     </span>
    </p>
   </div>
   <div class='ocr_carea' id='block_1_88' title="bbox 2151 4214 3728 4289">
    <p class='ocr_par' dir='ltr' id='par_1_88' title="bbox 2151 4214 3728 4289">
     <span class='ocr_line' id='line_1_88' title="bbox 2151 4214 3728 4289; baseline -0.005 -14"><span class='ocrx_word' id='word_1_639' title='bbox 2151 4222 2245 4275; x_wconf 79' lang='grc' dir='ltr'>καὶ</span> <span class='ocrx_word' id='word_1_640' title='bbox 2277 4219 2548 4289; x_wconf 81' lang='grc' dir='ltr'>τιμωρίαν</span> <span class='ocrx_word' id='word_1_641' title='bbox 2572 4216 2950 4288; x_wconf 76' lang='grc' dir='ltr'>ύποὸληθῶσιν</span> <span class='ocrx_word' id='word_1_642' title='bbox 2979 4231 2993 4246; x_wconf 80' lang='grc'><strong><em>⁸</em></strong></span> <span class='ocrx_word' id='word_1_643' title='bbox 3021 4216 3273 4287; x_wconf 77' lang='grc' dir='ltr'>ἄγροικοι</span> <span class='ocrx_word' id='word_1_644' title='bbox 3298 4216 3355 4269; x_wconf 85' lang='grc' dir='ltr'><strong>δὲ</strong></span> <span class='ocrx_word' id='word_1_645' title='bbox 3380 4215 3476 4269; x_wconf 76' lang='grc' dir='ltr'><strong>καὶ</strong></span> <span class='ocrx_word' id='word_1_646' title='bbox 3521 4214 3728 4268; x_wconf 82' lang='grc' dir='ltr'>ἰδιῶται</span> 
     </span>
    </p>
   </div>
   <div class='ocr_carea' id='block_1_89' title="bbox 2151 4307 3727 4379">
    <p class='ocr_par' dir='ltr' id='par_1_89' title="bbox 2151 4307 3727 4379">
     <span class='ocr_line' id='line_1_89' title="bbox 2151 4307 3727 4379; baseline -0.004 -13"><span class='ocrx_word' id='word_1_647' title='bbox 2151 4314 2327 4375; x_wconf 76' lang='grc' dir='ltr'>ὄντες,</span> <span class='ocrx_word' id='word_1_648' title='bbox 2372 4312 2419 4362; x_wconf 81' lang='grc' dir='ltr'>οἱ</span> <span class='ocrx_word' id='word_1_649' title='bbox 2471 4309 2739 4379; x_wconf 82' lang='grc' dir='ltr'>μηδέποτε</span> <span class='ocrx_word' id='word_1_650' title='bbox 2789 4308 3116 4379; x_wconf 83' lang='grc' dir='ltr'>θεασάμενοι</span> <span class='ocrx_word' id='word_1_651' title='bbox 3152 4308 3419 4379; x_wconf 84' lang='grc' dir='ltr'>ἄρχοντα,</span> <span class='ocrx_word' id='word_1_652' title='bbox 3482 4307 3546 4358; x_wconf 82' lang='grc' dir='ltr'><strong>ὲν</strong></span> <span class='ocrx_word' id='word_1_653' title='bbox 3592 4309 3727 4376; x_wconf 84' lang='grc' dir='ltr'>ἀμε-</span> 
     </span>
    </p>
   </div>
   <div class='ocr_carea' id='block_1_90' title="bbox 2156 4392 3729 4473">
    <p class='ocr_par' dir='ltr' id='par_1_90' title="bbox 2156 4392 3729 4473">
     <span class='ocr_line' id='line_1_90' title="bbox 2156 4392 3729 4473; baseline -0.004 -19"><span class='ocrx_word' id='word_1_654' title='bbox 2156 4400 2345 4473; x_wconf 80' lang='grc' dir='ltr'>ριμνία</span> <span class='ocrx_word' id='word_1_655' title='bbox 2373 4399 2652 4467; x_wconf 85' lang='grc' dir='ltr'>διάγουσιν</span> <span class='ocrx_word' id='word_1_656' title='bbox 2672 4414 2687 4430; x_wconf 79' lang='grc' dir='ltr'><strong>ο</strong></span> <span class='ocrx_word' id='word_1_657' title='bbox 2719 4396 2860 4451; x_wconf 72' lang='grc' dir='ltr'>οὕτω</span> <span class='ocrx_word' id='word_1_658' title='bbox 2898 4398 2963 4469; x_wconf 81' lang='grc' dir='ltr'><strong>δὴ</strong></span> <span class='ocrx_word' id='word_1_659' title='bbox 2994 4398 3088 4451; x_wconf 74' lang='grc' dir='ltr'>καὶ</span> <span class='ocrx_word' id='word_1_660' title='bbox 3116 4400 3144 4451; x_wconf 87' lang='grc' dir='ltr'>ὁ</span> <span class='ocrx_word' id='word_1_661' title='bbox 3170 4399 3374 4467; x_wconf 87' lang='grc' dir='ltr'>κόσμος</span> <span class='ocrx_word' id='word_1_662' title='bbox 3406 4392 3564 4456; x_wconf 78' lang='grc' dir='ltr'>οὗτος</span> <span class='ocrx_word' id='word_1_663' title='bbox 3583 4398 3612 4449; x_wconf 83' lang='grc' dir='ltr'><strong>ὸ</strong></span> <span class='ocrx_word' id='word_1_664' title='bbox 3630 4397 3729 4449; x_wconf 75' lang='grc' dir='ltr'><strong>ὑπὸ</strong></span> 
     </span>
    </p>
   </div>
   <div class='ocr_carea' id='block_1_91' title="bbox 2154 4488 3727 4567">
    <p class='ocr_par' dir='ltr' id='par_1_91' title="bbox 2154 4488 3727 4567">
     <span class='ocr_line' id='line_1_91' title="bbox 2154 4488 3727 4567; baseline -0.004 -20"><span class='ocrx_word' id='word_1_665' title='bbox 2154 4496 2262 4547; x_wconf 86' lang='grc' dir='ltr'>τῶν</span> <span class='ocrx_word' id='word_1_666' title='bbox 2306 4492 2553 4567; x_wconf 77' lang='grc' dir='ltr'>ούρανῶν</span> <span class='ocrx_word' id='word_1_667' title='bbox 2596 4492 2703 4552; x_wconf 82' lang='grc' dir='ltr'><strong>ἀπὸ</strong></span> <span class='ocrx_word' id='word_1_668' title='bbox 2736 4491 2999 4563; x_wconf 83' lang='grc' dir='ltr'>βασιλέων</span> <span class='ocrx_word' id='word_1_669' title='bbox 3042 4491 3148 4554; x_wconf 77' lang='grc' dir='ltr'><strong>ἕως</strong></span> <span class='ocrx_word' id='word_1_670' title='bbox 3196 4490 3451 4560; x_wconf 81' lang='grc' dir='ltr'>πτωχῶν.</span> <span class='ocrx_word' id='word_1_671' title='bbox 3491 4490 3606 4560; x_wconf 77' lang='grc' dir='ltr'><strong>Τὴν</strong></span> <span class='ocrx_word' id='word_1_672' title='bbox 3635 4488 3727 4541; x_wconf 85' lang='grc' dir='ltr'><strong>τοῦ</strong></span> 
     </span>
    </p>
   </div>
   <div class='ocr_carea' id='block_1_92' title="bbox 472 4579 2035 4657">
    <p class='ocr_par' dir='ltr' id='par_1_92' title="bbox 472 4582 2035 4657">
     <span class='ocr_line' id='line_1_92' title="bbox 472 4582 2035 4657; baseline 0.001 -20"><span class='ocrx_word' id='word_1_673' title='bbox 472 4582 822 4637; x_wconf 64' lang='lat' dir='ltr'><strong>saecularium</strong></span> <span class='ocrx_word' id='word_1_674' title='bbox 843 4602 857 4637; x_wconf 90' lang='lat'><strong>:</strong></span> <span class='ocrx_word' id='word_1_675' title='bbox 884 4599 986 4638; x_wconf 84' lang='lat' dir='ltr'><strong>nec</strong></span> <span class='ocrx_word' id='word_1_676' title='bbox 1012 4585 1121 4638; x_wconf 89' lang='lat' dir='ltr'><strong>cito</strong></span> <span class='ocrx_word' id='word_1_677' title='bbox 1154 4586 1279 4654; x_wconf 91' lang='lat' dir='ltr'><strong>quis</strong></span> <span class='ocrx_word' id='word_1_678' title='bbox 1300 4585 1622 4639; x_wconf 90' lang='lat' dir='ltr'><strong>recordatur</strong></span> <span class='ocrx_word' id='word_1_679' title='bbox 1639 4586 1808 4639; x_wconf 89' lang='lat' dir='ltr'><strong>divini</strong></span> <span class='ocrx_word' id='word_1_680' title='bbox 1829 4587 2035 4657; x_wconf 83' lang='lat' dir='ltr'><strong>judicii.</strong></span> 
     </span>
    </p>
   </div>
   <div class='ocr_carea' id='block_1_93' title="bbox 2142 4579 3730 4657">
    <p class='ocr_par' dir='ltr' id='par_1_93' title="bbox 2154 4579 3730 4657">
     <span class='ocr_line' id='line_1_93' title="bbox 2154 4579 3730 4657; baseline -0.005 -17"><span class='ocrx_word' id='word_1_681' title='bbox 2154 4584 2392 4657; x_wconf 76' lang='grc' dir='ltr'>Χριστοῦ</span> <span class='ocrx_word' id='word_1_682' title='bbox 2422 4584 2580 4649; x_wconf 78' lang='grc' dir='ltr'>δόξαν</span> <span class='ocrx_word' id='word_1_683' title='bbox 2600 4582 2942 4651; x_wconf 82' lang='grc' dir='ltr'>ἀγνοοῦντες,</span> <span class='ocrx_word' id='word_1_684' title='bbox 2969 4582 3068 4652; x_wconf 82' lang='grc' dir='ltr'>τὴν</span> <span class='ocrx_word' id='word_1_685' title='bbox 3093 4581 3360 4653; x_wconf 88' lang='grc' dir='ltr'>μέριμναν</span> <span class='ocrx_word' id='word_1_686' title='bbox 3388 4579 3576 4651; x_wconf 70' lang='grc' dir='ltr'>ἔχουσι</span> <span class='ocrx_word' id='word_1_687' title='bbox 3607 4582 3730 4650; x_wconf 71' lang='grc' dir='ltr'>περὶ</span> 
     </span>
    </p>
   </div>
   <div class='ocr_carea' id='block_1_94' title="bbox 472 4675 2049 4753">
    <p class='ocr_par' dir='ltr' id='par_1_94' title="bbox 472 4675 2049 4753">
     <span class='ocr_line' id='line_1_94' title="bbox 472 4675 2049 4753; baseline 0.004 -24"><span class='ocrx_word' id='word_1_688' title='bbox 472 4675 579 4753; x_wconf 72' lang='lat' dir='ltr'><strong>Qui</strong></span> <span class='ocrx_word' id='word_1_689' title='bbox 608 4690 741 4729; x_wconf 90' lang='lat' dir='ltr'><strong>vero</strong></span> <span class='ocrx_word' id='word_1_690' title='bbox 778 4675 1205 4745; x_wconf 79' lang='lat' dir='ltr'><strong>cogitationibus</strong></span> <span class='ocrx_word' id='word_1_691' title='bbox 1247 4678 1316 4731; x_wconf 87' lang='lat' dir='ltr'><strong>ad</strong></span> <span class='ocrx_word' id='word_1_692' title='bbox 1345 4678 1587 4733; x_wconf 87' lang='lat' dir='ltr'><strong>tribunal</strong></span> <span class='ocrx_word' id='word_1_693' title='bbox 1616 4678 1823 4734; x_wconf 89' lang='lat' dir='ltr'><strong>Christi</strong></span> <span class='ocrx_word' id='word_1_694' title='bbox 1854 4696 2049 4739; x_wconf 85' lang='lat' dir='ltr'><strong>ascen-</strong></span> 
     </span>
    </p>
   </div>
   <div class='ocr_carea' id='block_1_95' title="bbox 475 4765 2052 4842">
    <p class='ocr_par' dir='ltr' id='par_1_95' title="bbox 475 4765 2052 4842">
     <span class='ocr_line' id='line_1_95' title="bbox 475 4765 2052 4842; baseline 0.006 -24"><span class='ocrx_word' id='word_1_695' title='bbox 475 4765 636 4831; x_wconf 78' lang='lat' dir='ltr'><strong>dunt,</strong></span> <span class='ocrx_word' id='word_1_696' title='bbox 685 4765 779 4831; x_wconf 77' lang='lat' dir='ltr'><strong>ubi</strong></span> <span class='ocrx_word' id='word_1_697' title='bbox 828 4775 913 4833; x_wconf 80' lang='lat' dir='ltr'><strong>est</strong></span> <span class='ocrx_word' id='word_1_698' title='bbox 946 4767 1179 4831; x_wconf 85' lang='lat' dir='ltr'><strong>thronus</strong></span> <span class='ocrx_word' id='word_1_699' title='bbox 1207 4770 1347 4841; x_wconf 89' lang='lat' dir='ltr'><strong>ejus,</strong></span> <span class='ocrx_word' id='word_1_700' title='bbox 1396 4772 1529 4826; x_wconf 90' lang='lat' dir='ltr'><strong>ctin</strong></span> <span class='ocrx_word' id='word_1_701' title='bbox 1583 4773 1703 4842; x_wconf 90' lang='lat' dir='ltr'><strong>ejus</strong></span> <span class='ocrx_word' id='word_1_702' title='bbox 1752 4781 2052 4842; x_wconf 85' lang='lat' dir='ltr'><strong>conspectu</strong></span> 
     </span>
    </p>
   </div>
   <div class='ocr_carea' id='block_1_96' title="bbox 474 4867 2055 4941">
    <p class='ocr_par' dir='ltr' id='par_1_96' title="bbox 474 4867 2055 4941">
     <span class='ocr_line' id='line_1_96' title="bbox 474 4867 2055 4941; baseline 0.004 -26"><span class='ocrx_word' id='word_1_703' title='bbox 474 4867 745 4941; x_wconf 84' lang='lat' dir='ltr'><strong>perpetuo</strong></span> <span class='ocrx_word' id='word_1_704' title='bbox 812 4870 963 4937; x_wconf 81' lang='lat' dir='ltr'><strong>sunt,</strong></span> <span class='ocrx_word' id='word_1_705' title='bbox 1020 4877 1238 4931; x_wconf 83' lang='lat' dir='ltr'><strong>semper</strong></span> <span class='ocrx_word' id='word_1_706' title='bbox 1282 4872 1536 4918; x_wconf 89' lang='lat' dir='ltr'><strong>metuunt</strong></span> <span class='ocrx_word' id='word_1_707' title='bbox 1566 4881 1629 4920; x_wconf 90' lang='lat' dir='ltr'><strong>ac</strong></span> <span class='ocrx_word' id='word_1_708' title='bbox 1682 4875 1947 4931; x_wconf 85' lang='lat' dir='ltr'><strong>tremunt,</strong></span> <span class='ocrx_word' id='word_1_709' title='bbox 1985 4882 2055 4922; x_wconf 88' lang='lat' dir='ltr'><strong>ne</strong></span> 
     </span>
    </p>
   </div>
   <div class='ocr_carea' id='block_1_97' title="bbox 474 4952 1944 5035">
    <p class='ocr_par' dir='ltr' id='par_1_97' title="bbox 474 4952 1944 5035">
     <span class='ocr_line' id='line_1_97' title="bbox 474 4952 1944 5035; baseline 0.005 -30"><span class='ocrx_word' id='word_1_710' title='bbox 474 4952 674 5033; x_wconf 87' lang='lat' dir='ltr'><strong>quovis</strong></span> <span class='ocrx_word' id='word_1_711' title='bbox 701 4964 867 5035; x_wconf 80' lang='lat' dir='ltr'><strong>pacto</strong></span> <span class='ocrx_word' id='word_1_712' title='bbox 896 4953 1154 5018; x_wconf 84' lang='lat' dir='ltr'><strong>aberrent</strong></span> <span class='ocrx_word' id='word_1_713' title='bbox 1192 4972 1221 5011; x_wconf 92' lang='lat' dir='ltr'><strong>a</strong></span> <span class='ocrx_word' id='word_1_714' title='bbox 1264 4958 1467 5021; x_wconf 85' lang='lat' dir='ltr'><strong>sanctis</strong></span> <span class='ocrx_word' id='word_1_715' title='bbox 1492 4958 1612 5028; x_wconf 85' lang='lat' dir='ltr'><strong>ejus</strong></span> <span class='ocrx_word' id='word_1_716' title='bbox 1636 4959 1944 5029; x_wconf 78' lang='lat' dir='ltr'><strong>pneceptis,</strong></span> 
     </span>
    </p>
   </div>
   <div class='ocr_carea' id='block_1_98' title="bbox 552 5217 2056 5291">
    <p class='ocr_par' dir='ltr' id='par_1_98' title="bbox 552 5217 2056 5291">
     <span class='ocr_line' id='line_1_98' title="bbox 552 5217 2056 5291; baseline 0.007 -21"><span class='ocrx_word' id='word_1_717' title='bbox 552 5217 666 5285; x_wconf 70' lang='lat' dir='ltr'><strong>XX.</strong></span> <span class='ocrx_word' id='word_1_718' title='bbox 700 5217 766 5275; x_wconf 83' lang='lat' dir='ltr'><strong>Et</strong></span> <span class='ocrx_word' id='word_1_719' title='bbox 795 5220 1262 5290; x_wconf 82' lang='lat' dir='ltr'><strong>quemadmodum</strong></span> <span class='ocrx_word' id='word_1_720' title='bbox 1307 5222 1507 5287; x_wconf 87' lang='lat' dir='ltr'><strong>divites</strong></span> <span class='ocrx_word' id='word_1_721' title='bbox 1547 5225 1602 5278; x_wconf 93' lang='lat' dir='ltr'><strong>in</strong></span> <span class='ocrx_word' id='word_1_722' title='bbox 1655 5234 1826 5291; x_wconf 90' lang='lat' dir='ltr'><strong>terra,</strong></span> <span class='ocrx_word' id='word_1_723' title='bbox 1878 5226 2056 5287; x_wconf 84' lang='lat' dir='ltr'><strong>sicubi</strong></span> 
     </span>
    </p>
   </div>
   <div class='ocr_carea' id='block_1_99' title="bbox 480 5310 2059 5386">
    <p class='ocr_par' dir='ltr' id='par_1_99' title="bbox 480 5310 2059 5386">
     <span class='ocr_line' id='line_1_99' title="bbox 480 5310 2059 5386; baseline 0.008 -25"><span class='ocrx_word' id='word_1_724' title='bbox 480 5310 688 5365; x_wconf 87' lang='lat' dir='ltr'><strong>multos</strong></span> <span class='ocrx_word' id='word_1_725' title='bbox 732 5311 951 5368; x_wconf 79' lang='lat' dir='ltr'><strong>fructus</strong></span> <span class='ocrx_word' id='word_1_726' title='bbox 1000 5313 1057 5367; x_wconf 90' lang='lat' dir='ltr'><strong>in</strong></span> <span class='ocrx_word' id='word_1_727' title='bbox 1112 5314 1316 5370; x_wconf 91' lang='lat' dir='ltr'><strong>horreo</strong></span> <span class='ocrx_word' id='word_1_728' title='bbox 1348 5331 1450 5370; x_wconf 88' lang='lat' dir='ltr'><strong>suo</strong></span> <span class='ocrx_word' id='word_1_729' title='bbox 1476 5317 1847 5386; x_wconf 88' lang='lat' dir='ltr'><strong>reposuerint,</strong></span> <span class='ocrx_word' id='word_1_730' title='bbox 1874 5318 2059 5375; x_wconf 85' lang='lat' dir='ltr'><strong>denuo</strong></span> 
     </span>
    </p>
   </div>
   <div class='ocr_carea' id='block_1_100' title="bbox 479 5403 2059 5478">
    <p class='ocr_par' dir='ltr' id='par_1_100' title="bbox 479 5403 2059 5478">
     <span class='ocr_line' id='line_1_100' title="bbox 479 5403 2059 5478; baseline 0.003 -19"><span class='ocrx_word' id='word_1_731' title='bbox 479 5403 742 5473; x_wconf 85' lang='lat' dir='ltr'><strong>majorem</strong></span> <span class='ocrx_word' id='word_1_732' title='bbox 773 5405 1023 5460; x_wconf 86' lang='lat' dir='ltr'><strong>laborem</strong></span> <span class='ocrx_word' id='word_1_733' title='bbox 1050 5407 1283 5478; x_wconf 79' lang='lat' dir='ltr'><strong>singulis</strong></span> <span class='ocrx_word' id='word_1_734' title='bbox 1302 5407 1501 5464; x_wconf 85' lang='lat' dir='ltr'><strong>diebus</strong></span> <span class='ocrx_word' id='word_1_735' title='bbox 1536 5420 1782 5473; x_wconf 89' lang='lat' dir='ltr'><strong>sumunt,</strong></span> <span class='ocrx_word' id='word_1_736' title='bbox 1816 5419 1877 5464; x_wconf 89' lang='lat' dir='ltr'><strong>ut</strong></span> <span class='ocrx_word' id='word_1_737' title='bbox 1904 5412 2059 5469; x_wconf 91' lang='lat' dir='ltr'><strong>locu-</strong></span> 
     </span>
    </p>
   </div>
   <div class='ocr_carea' id='block_1_101' title="bbox 481 5496 2060 5572">
    <p class='ocr_par' dir='ltr' id='par_1_101' title="bbox 481 5496 2060 5572">
     <span class='ocr_line' id='line_1_101' title="bbox 481 5496 2060 5572; baseline 0.006 -24"><span class='ocrx_word' id='word_1_738' title='bbox 481 5496 744 5565; x_wconf 79' lang='lat' dir='ltr'><strong>pletiores</strong></span> <span class='ocrx_word' id='word_1_739' title='bbox 770 5497 903 5564; x_wconf 91' lang='lat' dir='ltr'><strong>sint,</strong></span> <span class='ocrx_word' id='word_1_740' title='bbox 938 5506 996 5552; x_wconf 91' lang='lat' dir='ltr'><strong>et</strong></span> <span class='ocrx_word' id='word_1_741' title='bbox 1042 5514 1152 5553; x_wconf 90' lang='lat' dir='ltr'><strong>non</strong></span> <span class='ocrx_word' id='word_1_742' title='bbox 1183 5498 1484 5565; x_wconf 82' lang='lat' dir='ltr'><strong>deﬁciant:</strong></span> <span class='ocrx_word' id='word_1_743' title='bbox 1537 5501 1583 5557; x_wconf 90' lang='lat' dir='ltr'><strong>si</strong></span> <span class='ocrx_word' id='word_1_744' title='bbox 1613 5518 1744 5557; x_wconf 87' lang='lat' dir='ltr'><strong>vero</strong></span> <span class='ocrx_word' id='word_1_745' title='bbox 1770 5503 1970 5572; x_wconf 86' lang='lat' dir='ltr'><strong>opibus</strong></span> <span class='ocrx_word' id='word_1_746' title='bbox 2002 5503 2060 5566; x_wconf 84' lang='lat' dir='ltr'><strong>in</strong></span> 
     </span>
    </p>
   </div>
   <div class='ocr_carea' id='block_1_102' title="bbox 480 5587 2057 5671">
    <p class='ocr_par' dir='ltr' id='par_1_102' title="bbox 480 5587 2057 5671">
     <span class='ocr_line' id='line_1_102' title="bbox 480 5587 2057 5671; baseline 0.007 -31"><span class='ocrx_word' id='word_1_747' title='bbox 480 5587 684 5642; x_wconf 83' lang='lat' dir='ltr'><strong>horreo</strong></span> <span class='ocrx_word' id='word_1_748' title='bbox 726 5590 1029 5647; x_wconf 84' lang='lat' dir='ltr'><strong>reconditis</strong></span> <span class='ocrx_word' id='word_1_749' title='bbox 1079 5591 1229 5657; x_wconf 81' lang='lat' dir='ltr'><strong>freti,</strong></span> <span class='ocrx_word' id='word_1_750' title='bbox 1279 5593 1415 5657; x_wconf 87' lang='lat' dir='ltr'><strong>alias</strong></span> <span class='ocrx_word' id='word_1_751' title='bbox 1447 5594 1707 5663; x_wconf 79' lang='lat' dir='ltr'><strong>colligere</strong></span> <span class='ocrx_word' id='word_1_752' title='bbox 1756 5597 2057 5671; x_wconf 75' lang='lat' dir='ltr'><strong>negligant,</strong></span> 
     </span>
    </p>
   </div>
   <div class='ocr_carea' id='block_1_103' title="bbox 483 5683 2061 5755">
    <p class='ocr_par' dir='ltr' id='par_1_103' title="bbox 483 5683 2061 5755">
     <span class='ocr_line' id='line_1_103' title="bbox 483 5683 2061 5755; baseline 0.006 -22"><span class='ocrx_word' id='word_1_753' title='bbox 483 5694 569 5744; x_wconf 87' lang='lat' dir='ltr'><strong>ae,</strong></span> <span class='ocrx_word' id='word_1_754' title='bbox 603 5695 727 5749; x_wconf 70' lang='lat' dir='ltr'><strong>quae</strong></span> <span class='ocrx_word' id='word_1_755' title='bbox 783 5683 1024 5752; x_wconf 87' lang='lat' dir='ltr'><strong>reposita</strong></span> <span class='ocrx_word' id='word_1_756' title='bbox 1064 5693 1243 5751; x_wconf 86' lang='lat' dir='ltr'><strong>erant,</strong></span> <span class='ocrx_word' id='word_1_757' title='bbox 1294 5697 1643 5755; x_wconf 88' lang='lat' dir='ltr'><strong>consumant,</strong></span> <span class='ocrx_word' id='word_1_758' title='bbox 1690 5690 1957 5745; x_wconf 89' lang='lat' dir='ltr'><strong>continuo</strong></span> <span class='ocrx_word' id='word_1_759' title='bbox 2004 5690 2061 5743; x_wconf 90' lang='lat' dir='ltr'><strong>in</strong></span> 
     </span>
    </p>
   </div>
   <div class='ocr_carea' id='block_1_104' title="bbox 482 5775 2064 5852">
    <p class='ocr_par' dir='ltr' id='par_1_104' title="bbox 482 5775 2064 5852">
     <span class='ocr_line' id='line_1_104' title="bbox 482 5775 2064 5852; baseline 0.009 -29"><span class='ocrx_word' id='word_1_760' title='bbox 482 5781 863 5850; x_wconf 83' lang='lat' dir='ltr'><strong>paupertatem</strong></span> <span class='ocrx_word' id='word_1_761' title='bbox 897 5784 953 5830; x_wconf 82' lang='lat' dir='ltr'><strong>et</strong></span> <span class='ocrx_word' id='word_1_762' title='bbox 983 5775 1222 5847; x_wconf 90' lang='lat' dir='ltr'><strong>inopiam</strong></span> <span class='ocrx_word' id='word_1_763' title='bbox 1251 5776 1524 5833; x_wconf 89' lang='lat' dir='ltr'><strong>incidunt.</strong></span> <span class='ocrx_word' id='word_1_764' title='bbox 1553 5779 1854 5849; x_wconf 86' lang='lat' dir='ltr'><strong>Pr0pterea</strong></span> <span class='ocrx_word' id='word_1_765' title='bbox 1883 5782 2064 5852; x_wconf 83' lang='lat' dir='ltr'><strong>perci-</strong></span> 
     </span>
    </p>
   </div>
   <div class='ocr_carea' id='block_1_105' title="bbox 487 5866 2062 5947">
    <p class='ocr_par' dir='ltr' id='par_1_105' title="bbox 487 5866 2062 5947">
     <span class='ocr_line' id='line_1_105' title="bbox 487 5866 2062 5947; baseline -0.001 -16"><span class='ocrx_word' id='word_1_766' title='bbox 487 5866 702 5947; x_wconf 65' lang='lat' dir='ltr'><strong>Picntcs</strong></span> <span class='ocrx_word' id='word_1_767' title='bbox 749 5882 815 5924; x_wconf 89' lang='lat' dir='ltr'><strong>ac</strong></span> <span class='ocrx_word' id='word_1_768' title='bbox 848 5867 1150 5929; x_wconf 75' lang='lat' dir='ltr'><strong>inferentes</strong></span> <span class='ocrx_word' id='word_1_769' title='bbox 1192 5870 1406 5926; x_wconf 78' lang='lat' dir='ltr'><strong>fructus</strong></span> <span class='ocrx_word' id='word_1_770' title='bbox 1439 5871 1644 5928; x_wconf 87' lang='lat' dir='ltr'><strong>debent</strong></span> <span class='ocrx_word' id='word_1_771' title='bbox 1693 5888 1915 5944; x_wconf 89' lang='lat' dir='ltr'><strong>operam</strong></span> <span class='ocrx_word' id='word_1_772' title='bbox 1962 5892 2062 5931; x_wconf 86' lang='lat' dir='ltr'><strong>na-</strong></span> 
     </span>
    </p>
   </div>
   <div class='ocr_carea' id='block_1_106' title="bbox 2151 4672 3730 4751">
    <p class='ocr_par' dir='ltr' id='par_1_106' title="bbox 2151 4672 3730 4751">
     <span class='ocr_line' id='line_1_106' title="bbox 2151 4672 3730 4751; baseline -0.006 -18"><span class='ocrx_word' id='word_1_773' title='bbox 2151 4678 2261 4735; x_wconf 81' lang='grc' dir='ltr'><strong>τῶν</strong></span> <span class='ocrx_word' id='word_1_774' title='bbox 2293 4676 2563 4748; x_wconf 80' lang='grc' dir='ltr'>βιωτικῶν</span> <span class='ocrx_word' id='word_1_775' title='bbox 2595 4675 2968 4751; x_wconf 58' lang='grc' dir='ltr'>πραγμάτων</span> <span class='ocrx_word' id='word_1_776' title='bbox 2998 4674 3059 4727; x_wconf 81' lang='grc' dir='ltr'><strong>ού</strong></span> <span class='ocrx_word' id='word_1_777' title='bbox 3092 4673 3300 4746; x_wconf 84' lang='grc' dir='ltr'>ταχέως</span> <span class='ocrx_word' id='word_1_778' title='bbox 3322 4672 3381 4727; x_wconf 77' lang='grc' dir='ltr'>δέ</span> <span class='ocrx_word' id='word_1_779' title='bbox 3406 4690 3493 4735; x_wconf 90' lang='grc' dir='ltr'>τις</span> <span class='ocrx_word' id='word_1_780' title='bbox 3528 4673 3730 4742; x_wconf 75' lang='grc' dir='ltr'>μέμνη-</span> 
     </span>
    </p>
   </div>
   <div class='ocr_carea' id='block_1_107' title="bbox 2151 4761 3731 4841">
    <p class='ocr_par' dir='ltr' id='par_1_107' title="bbox 2151 4761 3731 4841">
     <span class='ocr_line' id='line_1_107' title="bbox 2151 4761 3731 4841; baseline -0.006 -16"><span class='ocrx_word' id='word_1_781' title='bbox 2151 4788 2244 4826; x_wconf 87' lang='grc' dir='ltr'>ται</span> <span class='ocrx_word' id='word_1_782' title='bbox 2270 4771 2371 4841; x_wconf 81' lang='grc' dir='ltr'>τῆς</span> <span class='ocrx_word' id='word_1_783' title='bbox 2397 4770 2613 4840; x_wconf 76' lang='grc' dir='ltr'>ἡμέρας</span> <span class='ocrx_word' id='word_1_784' title='bbox 2641 4772 2741 4838; x_wconf 83' lang='grc' dir='ltr'>τῆς</span> <span class='ocrx_word' id='word_1_785' title='bbox 2779 4768 3034 4838; x_wconf 74' lang='grc' dir='ltr'>κρίσεως.</span> <span class='ocrx_word' id='word_1_786' title='bbox 3068 4768 3133 4820; x_wconf 79' lang='lat' dir='ltr'><strong>Ui</strong></span> <span class='ocrx_word' id='word_1_787' title='bbox 3169 4767 3224 4818; x_wconf 80' lang='grc' dir='ltr'><strong>δὲ</strong></span> <span class='ocrx_word' id='word_1_788' title='bbox 3255 4766 3633 4836; x_wconf 79' lang='grc' dir='ltr'>εἰσερχόμενοι</span> <span class='ocrx_word' id='word_1_789' title='bbox 3658 4761 3731 4833; x_wconf 80' lang='grc' dir='ltr'>τῷ</span> 
     </span>
    </p>
   </div>
   <div class='ocr_carea' id='block_1_108' title="bbox 2154 4853 3727 4931">
    <p class='ocr_par' dir='ltr' id='par_1_108' title="bbox 2154 4853 3727 4931">
     <span class='ocr_line' id='line_1_108' title="bbox 2154 4853 3727 4931; baseline -0.006 -14"><span class='ocrx_word' id='word_1_790' title='bbox 2154 4860 2402 4931; x_wconf 80' lang='grc' dir='ltr'>λογισμῷ</span> <span class='ocrx_word' id='word_1_791' title='bbox 2430 4862 2522 4923; x_wconf 79' lang='grc' dir='ltr'>εἰς’</span> <span class='ocrx_word' id='word_1_792' title='bbox 2539 4859 2600 4911; x_wconf 81' lang='grc' dir='ltr'><strong>τὸ</strong></span> <span class='ocrx_word' id='word_1_793' title='bbox 2630 4858 2783 4929; x_wconf 81' lang='grc' dir='ltr'>βῆμα</span> <span class='ocrx_word' id='word_1_794' title='bbox 2801 4859 2895 4910; x_wconf 90' lang='grc' dir='ltr'><strong>τοῦ</strong></span> <span class='ocrx_word' id='word_1_795' title='bbox 2925 4856 3184 4928; x_wconf 86' lang='grc' dir='ltr'>Χριστοῦ,</span> <span class='ocrx_word' id='word_1_796' title='bbox 3206 4858 3339 4910; x_wconf 84' lang='grc' dir='ltr'>ὅπου</span> <span class='ocrx_word' id='word_1_797' title='bbox 3365 4856 3517 4908; x_wconf 79' lang='grc' dir='ltr'>ἐστὶν</span> <span class='ocrx_word' id='word_1_798' title='bbox 3549 4857 3579 4908; x_wconf 84' lang='grc' dir='ltr'><strong>ό</strong></span> <span class='ocrx_word' id='word_1_799' title='bbox 3609 4853 3727 4924; x_wconf 81' lang='grc' dir='ltr'>θρό-</span> 
     </span>
    </p>
   </div>
   <div class='ocr_carea' id='block_1_109' title="bbox 2154 4945 3728 5017">
    <p class='ocr_par' dir='ltr' id='par_1_109' title="bbox 2154 4945 3728 5017">
     <span class='ocr_line' id='line_1_109' title="bbox 2154 4945 3728 5017; baseline -0.006 -11"><span class='ocrx_word' id='word_1_800' title='bbox 2154 4969 2244 5017; x_wconf 89' lang='grc' dir='ltr'>νος</span> <span class='ocrx_word' id='word_1_801' title='bbox 2294 4948 2482 5013; x_wconf 87' lang='grc' dir='ltr'>αύτοῦ,</span> <span class='ocrx_word' id='word_1_802' title='bbox 2524 4949 2618 5003; x_wconf 82' lang='grc' dir='ltr'>καὶ</span> <span class='ocrx_word' id='word_1_803' title='bbox 2650 4949 2935 5011; x_wconf 75' lang='grc' dir='ltr'>κατέναντι</span> <span class='ocrx_word' id='word_1_804' title='bbox 2977 4946 3145 5000; x_wconf 80' lang='grc' dir='ltr'>αὑτοῦ</span> <span class='ocrx_word' id='word_1_805' title='bbox 3190 4946 3281 4999; x_wconf 81' lang='grc' dir='ltr'><strong>διὰ</strong></span> <span class='ocrx_word' id='word_1_806' title='bbox 3316 4945 3526 5008; x_wconf 78' lang='grc' dir='ltr'>παντὸς</span> <span class='ocrx_word' id='word_1_807' title='bbox 3554 4946 3728 5006; x_wconf 71' lang='grc' dir='ltr'>ὅντες,</span> 
     </span>
    </p>
   </div>
   <div class='ocr_carea' id='block_1_110' title="bbox 2157 5038 3728 5115">
    <p class='ocr_par' dir='ltr' id='par_1_110' title="bbox 2157 5038 3728 5115">
     <span class='ocr_line' id='line_1_110' title="bbox 2157 5038 3728 5115; baseline -0.008 -16"><span class='ocrx_word' id='word_1_808' title='bbox 2157 5046 2264 5099; x_wconf 76' lang='grc' dir='ltr'><strong>ὑπὸ</strong></span> <span class='ocrx_word' id='word_1_809' title='bbox 2285 5043 2449 5115; x_wconf 67' lang='grc' dir='ltr'>φόὸον</span> <span class='ocrx_word' id='word_1_810' title='bbox 2490 5043 2586 5095; x_wconf 73' lang='grc' dir='ltr'>καὶ</span> <span class='ocrx_word' id='word_1_811' title='bbox 2617 5042 2818 5115; x_wconf 85' lang='grc' dir='ltr'>τρόμον</span> <span class='ocrx_word' id='word_1_812' title='bbox 2848 5042 2985 5097; x_wconf 79' lang='grc' dir='ltr'>εἰσὶν</span> <span class='ocrx_word' id='word_1_813' title='bbox 3021 5040 3132 5107; x_wconf 73' lang='grc' dir='ltr'>ἀεὶ,</span> <span class='ocrx_word' id='word_1_814' title='bbox 3154 5038 3248 5095; x_wconf 89' lang='grc' dir='ltr'><strong>τοῦ</strong></span> <span class='ocrx_word' id='word_1_815' title='bbox 3278 5040 3355 5111; x_wconf 85' lang='grc' dir='ltr'>μή</span> <span class='ocrx_word' id='word_1_816' title='bbox 3383 5056 3439 5092; x_wconf 90' lang='grc' dir='ltr'>τι</span> <span class='ocrx_word' id='word_1_817' title='bbox 3466 5038 3728 5107; x_wconf 71' lang='grc' dir='ltr'>σφαλῆναι</span> 
     </span>
    </p>
   </div>
   <div class='ocr_carea' id='block_1_111' title="bbox 2156 5133 3057 5209">
    <p class='ocr_par' dir='ltr' id='par_1_111' title="bbox 2156 5133 3057 5209">
     <span class='ocr_line' id='line_1_111' title="bbox 2156 5133 3057 5209; baseline -0.004 -17"><span class='ocrx_word' id='word_1_818' title='bbox 2156 5139 2285 5209; x_wconf 72' lang='grc' dir='ltr'>περὶ</span> <span class='ocrx_word' id='word_1_819' title='bbox 2309 5137 2407 5199; x_wconf 78' lang='grc' dir='ltr'>τὰς</span> <span class='ocrx_word' id='word_1_820' title='bbox 2436 5136 2595 5205; x_wconf 81' lang='grc' dir='ltr'>ἁγίας</span> <span class='ocrx_word' id='word_1_821' title='bbox 2626 5134 2791 5188; x_wconf 86' lang='grc' dir='ltr'>αὑτοῦ</span> <span class='ocrx_word' id='word_1_822' title='bbox 2820 5133 3057 5197; x_wconf 83' lang='grc' dir='ltr'>ἐντολάς.</span> 
     </span>
    </p>
   </div>
   <div class='ocr_carea' id='block_1_112' title="bbox 2230 5220 3729 5299">
    <p class='ocr_par' dir='ltr' id='par_1_112' title="bbox 2230 5220 3729 5299">
     <span class='ocr_line' id='line_1_112' title="bbox 2230 5220 3729 5299; baseline -0.009 -14"><span class='ocrx_word' id='word_1_823' title='bbox 2230 5233 2318 5285; x_wconf 73' lang='grc' dir='ltr'><strong>κ’.</strong></span> <span class='ocrx_word' id='word_1_824' title='bbox 2357 5231 2469 5291; x_wconf 71' lang='grc' dir='ltr'>Καὶ</span> <span class='ocrx_word' id='word_1_825' title='bbox 2489 5229 2677 5299; x_wconf 81' lang='grc' dir='ltr'>ὥσπερ</span> <span class='ocrx_word' id='word_1_826' title='bbox 2708 5228 2758 5282; x_wconf 79' lang='lat' dir='ltr'><strong>oi</strong></span> <span class='ocrx_word' id='word_1_827' title='bbox 2785 5227 3032 5283; x_wconf 85' lang='grc' dir='ltr'>πλούσιοι</span> <span class='ocrx_word' id='word_1_828' title='bbox 3065 5227 3164 5297; x_wconf 80' lang='grc' dir='ltr'>τῆς</span> <span class='ocrx_word' id='word_1_829' title='bbox 3194 5227 3317 5296; x_wconf 84' lang='grc' dir='ltr'>γῆς,</span> <span class='ocrx_word' id='word_1_830' title='bbox 3349 5225 3481 5279; x_wconf 81' lang='grc' dir='ltr'>ὅταν</span> <span class='ocrx_word' id='word_1_831' title='bbox 3504 5220 3729 5283; x_wconf 73' lang='grc' dir='ltr'>πολλοὺς</span> 
     </span>
    </p>
   </div>
   <div class='ocr_carea' id='block_1_113' title="bbox 2160 5313 3729 5393">
    <p class='ocr_par' dir='ltr' id='par_1_113' title="bbox 2160 5313 3729 5393">
     <span class='ocr_line' id='line_1_113' title="bbox 2160 5313 3729 5393; baseline -0.005 -19"><span class='ocrx_word' id='word_1_832' title='bbox 2160 5322 2407 5393; x_wconf 79' lang='grc' dir='ltr'>καρποὺς</span> <span class='ocrx_word' id='word_1_833' title='bbox 2436 5320 2823 5388; x_wconf 81' lang='grc' dir='ltr'>εἰσενέγκωσιν</span> <span class='ocrx_word' id='word_1_834' title='bbox 2851 5321 2930 5382; x_wconf 76' lang='grc' dir='ltr'><strong>εἰς</strong></span> <span class='ocrx_word' id='word_1_835' title='bbox 2961 5319 3062 5383; x_wconf 80' lang='grc' dir='ltr'>τὰς</span> <span class='ocrx_word' id='word_1_836' title='bbox 3085 5318 3371 5388; x_wconf 80' lang='grc' dir='ltr'>ἀποθήκας</span> <span class='ocrx_word' id='word_1_837' title='bbox 3396 5316 3601 5382; x_wconf 78' lang='grc' dir='ltr'>αὐτῶν,</span> <span class='ocrx_word' id='word_1_838' title='bbox 3635 5313 3729 5367; x_wconf 72' lang='grc' dir='ltr'>πά-</span> 
     </span>
    </p>
   </div>
   <div class='ocr_carea' id='block_1_114' title="bbox 2159 5405 3727 5488">
    <p class='ocr_par' dir='ltr' id='par_1_114' title="bbox 2159 5405 3727 5488">
     <span class='ocr_line' id='line_1_114' title="bbox 2159 5405 3727 5488; baseline -0.006 -20"><span class='ocrx_word' id='word_1_839' title='bbox 2159 5415 2243 5468; x_wconf 90' lang='grc' dir='ltr'>λιν</span> <span class='ocrx_word' id='word_1_840' title='bbox 2271 5412 2594 5488; x_wconf 81' lang='grc' dir='ltr'>ἐργάζονται</span> <span class='ocrx_word' id='word_1_841' title='bbox 2626 5411 2746 5471; x_wconf 75' lang='grc' dir='ltr'>καθ’</span> <span class='ocrx_word' id='word_1_842' title='bbox 2795 5412 3031 5482; x_wconf 80' lang='grc' dir='ltr'>ἑκάστην</span> <span class='ocrx_word' id='word_1_843' title='bbox 3056 5411 3268 5483; x_wconf 76' lang='grc' dir='ltr'>ἡμέραν</span> <span class='ocrx_word' id='word_1_844' title='bbox 3292 5410 3499 5475; x_wconf 84' lang='grc' dir='ltr'>πλεῖον,</span> <span class='ocrx_word' id='word_1_845' title='bbox 3532 5408 3620 5461; x_wconf 81' lang='grc' dir='ltr'><strong>ἶνα</strong></span> <span class='ocrx_word' id='word_1_846' title='bbox 3644 5405 3727 5458; x_wconf 88' lang='grc' dir='ltr'>εύ-</span> 
     </span>
    </p>
   </div>
   <div class='ocr_carea' id='block_1_115' title="bbox 2164 5495 3731 5578">
    <p class='ocr_par' dir='ltr' id='par_1_115' title="bbox 2164 5495 3731 5578">
     <span class='ocr_line' id='line_1_115' title="bbox 2164 5495 3731 5578; baseline -0.006 -18"><span class='ocrx_word' id='word_1_847' title='bbox 2164 5507 2375 5578; x_wconf 88' lang='grc' dir='ltr'>πορῶσι</span> <span class='ocrx_word' id='word_1_848' title='bbox 2420 5505 2513 5559; x_wconf 75' lang='grc' dir='ltr'><strong>καὶ</strong></span> <span class='ocrx_word' id='word_1_849' title='bbox 2553 5504 2629 5576; x_wconf 75' lang='grc' dir='ltr'>μὴ</span> <span class='ocrx_word' id='word_1_850' title='bbox 2674 5504 3051 5558; x_wconf 83' lang='grc' dir='ltr'>ὲλλείπωνται.</span> <span class='ocrx_word' id='word_1_851' title='bbox 3102 5505 3165 5557; x_wconf 86' lang='grc' dir='ltr'>Εἰ</span> <span class='ocrx_word' id='word_1_852' title='bbox 3193 5503 3250 5556; x_wconf 84' lang='grc' dir='ltr'>δὲ</span> <span class='ocrx_word' id='word_1_853' title='bbox 3288 5501 3623 5573; x_wconf 69' lang='grc' dir='ltr'>θαρρήσουσι</span> <span class='ocrx_word' id='word_1_854' title='bbox 3658 5495 3731 5565; x_wconf 81' lang='grc' dir='ltr'><strong>τῷ</strong></span> 
     </span>
    </p>
   </div>
   <div class='ocr_carea' id='block_1_116' title="bbox 2165 5589 3730 5667">
    <p class='ocr_par' dir='ltr' id='par_1_116' title="bbox 2165 5589 3730 5667">
     <span class='ocr_line' id='line_1_116' title="bbox 2165 5589 3730 5667; baseline -0.007 -14"><span class='ocrx_word' id='word_1_855' title='bbox 2165 5597 2574 5667; x_wconf 82' lang='grc' dir='ltr'>ἐναποκειμένῳ</span> <span class='ocrx_word' id='word_1_856' title='bbox 2606 5599 2728 5659; x_wconf 88' lang='grc' dir='ltr'>ταῖς</span> <span class='ocrx_word' id='word_1_857' title='bbox 2774 5595 3083 5665; x_wconf 84' lang='grc' dir='ltr'>ἀποθήκαις</span> <span class='ocrx_word' id='word_1_858' title='bbox 3113 5592 3360 5664; x_wconf 85' lang='grc' dir='ltr'>πλούτῳ,</span> <span class='ocrx_word' id='word_1_859' title='bbox 3406 5592 3500 5646; x_wconf 71' lang='grc' dir='ltr'>καὶ</span> <span class='ocrx_word' id='word_1_860' title='bbox 3529 5589 3730 5661; x_wconf 80' lang='grc' dir='ltr'>ἀμελή-</span> 
     </span>
    </p>
   </div>
   <div class='ocr_carea' id='block_1_117' title="bbox 2169 5681 3731 5759">
    <p class='ocr_par' dir='ltr' id='par_1_117' title="bbox 2169 5681 3731 5759">
     <span class='ocr_line' id='line_1_117' title="bbox 2169 5681 3731 5759; baseline -0.01 -14"><span class='ocrx_word' id='word_1_861' title='bbox 2169 5708 2321 5745; x_wconf 91' lang='grc' dir='ltr'>σουσι</span> <span class='ocrx_word' id='word_1_862' title='bbox 2353 5689 2427 5759; x_wconf 81' lang='grc' dir='ltr'>μὴ</span> <span class='ocrx_word' id='word_1_863' title='bbox 2456 5684 2876 5755; x_wconf 81' lang='grc' dir='ltr'>ἐπισυνάγοντες</span> <span class='ocrx_word' id='word_1_864' title='bbox 2910 5686 3118 5757; x_wconf 73' lang='grc' dir='ltr'>ἕτερον,</span> <span class='ocrx_word' id='word_1_865' title='bbox 3143 5684 3282 5739; x_wconf 83' lang='grc' dir='ltr'>ἀλλὰ</span> <span class='ocrx_word' id='word_1_866' title='bbox 3304 5681 3731 5737; x_wconf 81' lang='grc' dir='ltr'>καταναλίσκον-</span> 
     </span>
    </p>
   </div>
   <div class='ocr_carea' id='block_1_118' title="bbox 2164 5769 3730 5849">
    <p class='ocr_par' dir='ltr' id='par_1_118' title="bbox 2164 5769 3730 5849">
     <span class='ocr_line' id='line_1_118' title="bbox 2164 5769 3730 5849; baseline -0.011 -12"><span class='ocrx_word' id='word_1_867' title='bbox 2164 5800 2255 5847; x_wconf 84' lang='grc' dir='ltr'><strong>τες</strong></span> <span class='ocrx_word' id='word_1_868' title='bbox 2286 5780 2357 5835; x_wconf 82' lang='grc' dir='ltr'>τὰ</span> <span class='ocrx_word' id='word_1_869' title='bbox 2385 5778 2748 5849; x_wconf 84' lang='grc' dir='ltr'>ἀποκείμενα,</span> <span class='ocrx_word' id='word_1_870' title='bbox 2774 5778 2979 5849; x_wconf 85' lang='grc' dir='ltr'>ταχέως</span> <span class='ocrx_word' id='word_1_871' title='bbox 3017 5779 3096 5840; x_wconf 77' lang='grc' dir='ltr'><strong>εἰς</strong></span> <span class='ocrx_word' id='word_1_872' title='bbox 3130 5774 3320 5829; x_wconf 79' lang='grc' dir='ltr'>πενίαν</span> <span class='ocrx_word' id='word_1_873' title='bbox 3351 5775 3445 5827; x_wconf 75' lang='grc' dir='ltr'><strong>καὶ</strong></span> <span class='ocrx_word' id='word_1_874' title='bbox 3469 5769 3730 5840; x_wconf 73' lang='grc' dir='ltr'>πτωχείαν</span> 
     </span>
    </p>
   </div>
   <div class='ocr_carea' id='block_1_119' title="bbox 2170 5863 3730 5946">
    <p class='ocr_par' dir='ltr' id='par_1_119' title="bbox 2170 5863 3730 5946">
     <span class='ocr_line' id='line_1_119' title="bbox 2170 5863 3730 5946; baseline -0.004 -18"><span class='ocrx_word' id='word_1_875' title='bbox 2170 5874 2560 5946; x_wconf 76' lang='grc' dir='ltr'>ἐμπίπτουσιν.</span> <span class='ocrx_word' id='word_1_876' title='bbox 2595 5871 2762 5927; x_wconf 84' lang='grc' dir='ltr'>Ὅθεν</span> <span class='ocrx_word' id='word_1_877' title='bbox 2804 5869 3256 5943; x_wconf 78' lang='grc' dir='ltr'>προσοδευὸμενοι</span> <span class='ocrx_word' id='word_1_878' title='bbox 3279 5868 3375 5922; x_wconf 74' lang='grc' dir='ltr'>καὶ</span> <span class='ocrx_word' id='word_1_879' title='bbox 3400 5863 3730 5936; x_wconf 65' lang='grc' dir='ltr'>εἰσφέροντες</span> 
     </span>
    </p>
   </div>
  </div>
