3966 6558
184 348 290 413 589

1380 360 1757 430 HOMILLE.
1788 388 1861 403 -·
1888 365 2078 431 HOM.
2117 368 2240 433 XV.

3346 372 3451 437 590

178 468 459 538 ὀιρείλουσι
501 467 732 540 κάμνειν
758 473 852 527 καὶ
895 473 1269 545 ὲπισυνάγειν,
1299 476 1388 532 ἵνα
1429 478 1503 550 μὴ
1531 480 1758 554 ὑστερη-

1868 497 2021 548 vare,
2053 483 2163 554 58
2199 491 2256 539 et
2299 497 2526 539 acervos
2570 486 2946 554 accumulare,
3000 504 3072 544 ne
3107 493 3450 561 paupertatis

184 564 369 618 θῶσιν.
407 564 594 628 Οὕτως
624 567 778 621 ἐστὶν
815 568 872 621 ἐν
905 567 982 639 τῷ
1027 570 1442 643 Χριστιανισμῷ
1470 574 1534 627 τὸ
1561 574 1758 644 γεύσα-

1861 574 1996 645 jugo
2040 586 2382 645 premantur.
2418 577 2535 633 IIoe
2579 579 2743 634 modo
2774 580 2920 635 inter
2944 580 3291 638 Christianos
3317 599 3450 639 con—

182 654 308 707 σθαί
346 674 467 709 τινα
517 657 620 726 τῆς
664 657 887 729 χάριτος
931 659 1026 713 τοῦ
1058 660 1195 714 Θεοῦ
1220 678 1235 693 ο
1272 664 1594 719 Padano-08
1629 664 1761 735 γὰρ,

181 747 348 818 φησὶ,
377 749 475 801 καί
499 749 656 803 ἴδετε
680 750 770 804 ὅτι
799 752 1069 820 χρηστὸς
1098 755 1132 808 ὀ
1165 755 1401 824 Κύριος.
1441 756 1599 811 ’Ἐστι
1631 757 1689 810 δὲ
1728 759 1763 829 ἡ

181 838 373 906 γεῦσις
426 839 567 911 αῦτη
633 842 957 915 ἐνεργητικὴ
1019 844 1077 898 ὲν
1125 846 1471 918 πληροφορίᾳ
1528 846 1764 917 δύναμις

182 931 503 1002 Πνεύματος
550 934 875 989 διακονοῦσα
923 938 981 990 ὲν
1028 937 1249 1010 καρδίᾳ.
1297 939 1455 992 Ὅσοι
1495 938 1605 1008 γὰρ
1656 939 1762 994 υἱοί

176 1025 287 1078 εἱσι
328 1026 422 1079 τοῦ
465 1028 673 1097 φωτὸς,
712 1030 808 1082 καὶ
834 1032 934 1101 τῆς
977 1032 1252 1095 διακονίας
1283 1033 1380 1103 τῆς
1419 1034 1616 1102 καινῆς
1641 1033 1761 1086 δια-

177 1119 358 1190 θήκης
391 1122 450 1171 ἐν
486 1120 565 1190 τῷ
593 1122 873 1192 Πνεύματι
898 1123 974 1193 τῷ
1002 1124 1160 1194 ἁγίῳ,
1193 1119 1337 1179 οὗτοι
1369 1126 1519 1196 παρὰ
1552 1124 1762 1195 ἀνθρώ-

176 1229 301 1263 πων
330 1212 484 1265 ούδὲν
518 1215 883 1283 μανθάνουσιο
913 1214 1245 1271 θεοδίδακτοι
1272 1219 1382 1291 γάρ
1416 1220 1575 1272 εἰσιν.
1609 1219 1758 1293 Αὐτὴ

174 1304 290 1374 γὰρ
343 1306 377 1372 ἡ
436 1306 596 1376 χάρις
662 1308 957 1378 ἐπιγράφει
1013 1310 1071 1362 ὲν
1101 1312 1224 1372 ταῖς
1280 1309 1533 1381 καρδίαις
1579 1311 1760 1364 αὐτῶν

174 1397 306 1459 τοὺς
340 1396 540 1467 νόμους
565 1397 660 1451 τοῦ
698 1399 1032 1471 Πνεύματος.
1062 1401 1176 1455 Οὐκ
1205 1401 1515 1471 ὀφείλουσιν
1552 1402 1645 1456 οῦν
1679 1405 1761 1467 είς

172 1488 278 1551 τάς
317 1489 543 1560 Γραφάς
602 1492 760 1561 μόνον
803 1492 902 1555 τὰς
946 1492 1036 1547 διά
1091 1493 1323 1563 μέλανος
1366 1495 1761 1565 γεγραμμένας

174 1581 669 1653 πληροφορείσθω,
710 1584 848 1637 ἀλλὰ
876 1586 969 1637 καὶ
996 1587 1076 1648 είς
1113 1585 1211 1647 τὰς
1247 1585 1461 1649 πλάκας
1492 1588 1591 1657 τῆς
1621 1605 1761 1658 καρ-

171 1675 297 1739 δῖας
347 1677 380 1746 ἡ
434 1677 595 1748 χάρις
624 1676 719 1730 τοῦ
751 1677 888 1730 Θεοῦ
928 1677 1197 1749 ἐγγράφει
1245 1678 1371 1742 τοὺς
1415 1678 1616 1749 νόμους
1661 1678 1759 1732 τοῦ

172 1770 517 1838 Πνεύματος,
570 1771 664 1824 καὶ
718 1772 787 1826 τά
841 1773 1139 1842 ἐπουράνια
1196 1773 1500 1843 μυστήρια·
1564 1773 1598 1843 ή
1646 1772 1755 1845 γάρ

172 1865 380 1935 καρδία
412 1864 735 1935 ἡγεμονεύει
778 1866 873 1919 καὶ
907 1866 1181 1937 βασιλεύει
1228 1866 1350 1919 ὅλου
1379 1865 1474 1918 τοῦ
1505 1882 1753 1936 σωματι-

173 1957 275 2010 κοῦ
303 1957 557 2028 ὀργάνου.
588 1958 697 2011 Καὶ
725 1959 863 2013 ἐπάν
896 1958 1147 2031 κατάσχῃ
1175 1959 1272 2020 τὰς
1296 1960 1468 2030 νομὰς
1490 1961 1592 2030 τῆς
1621 1976 1759 2030 καρ-

174 2052 294 2116 δίας
327 2053 360 2122 ἡ
400 2051 582 2123 χάρις,
618 2051 893 2122 βασιλεύει
938 2053 1075 2107 ὅλων
1120 2054 1229 2107 τῶν
1276 2055 1478 2125 μελῶν,
1510 2057 1606 2108 καὶ
1649 2055 1758 2109 τῶν

176 2145 454 2214 λογισμῶν
475 2162 489 2176 ο
544 2147 663 2200 ἐκεῖ
695 2146 804 2216 γάρ
836 2148 985 2200 ἐστιν
1030 2148 1057 2200 6
1087 2147 1232 2213 νοῦς,
1275 2148 1368 2201 καὶ
1395 2147 1506 2201 ὅλοι
1537 2150 1584 2201 οἱ
1608 2148 1757 2218 λογιο

180 2238 312 2307 σμοὶ
356 2238 455 2307 τῆς
502 2239 681 2309 ψυχῆς
718 2241 812 2293 καὶ
868 2243 899 2311 ή
937 2242 1236 2312 προσδοκία
1290 2243 1482 2313 αὐτῆς.
1534 2242 1626 2296 Διὸ
1664 2242 1758 2297 καὶ

173 2331 448 2400 διέρχεται
479 2332 512 2401 ἡ
541 2333 702 2402 χάρις
731 2332 811 2395 εἰς
841 2333 938 2385 ὅλα
968 2334 1034 2385 τά
1072 2334 1210 2403 μέλη
1240 2334 1334 2388 τοῦ
1373 2334 1648 2409 σώματος.

254 2424 385 2479 KA'.
419 2424 605 2488 Οῦτως
634 2425 796 2478 πάλιν
822 2426 937 2479 ὅσοι
963 2425 1103 2480 είσὶν
1133 2427 1242 2480 uici.
1268 2427 1360 2481 τοῦ
1391 2430 1635 2494 σκότους,
1664 2430 1760 2501 βα-

174 2516 383 2571 σιλεύει
431 2517 531 2587 τῆς
573 2518 801 2588 καρδίας
848 2521 881 2587 ἡ
908 2519 1177 2590 ἁμαρτία,
1228 2521 1323 2573 καὶ
1360 2521 1634 2593 διέρχεται
1676 2525 1758 2588 είς

170 2610 276 2663 ὅλα
325 2610 395 2664 τὰ
445 2611 609 2683 μέρη.
652 2612 755 2665 Ἐκ
802 2614 915 2682 γὰρ
962 2615 1075 2683 τῆς
1108 2614 1358 2682 καρδίας
1407 2615 1758 2687 ἐξέρχονται

170 2704 554 2774 διαλογισμοὶ
579 2704 836 2775 πονηροί
845 2721 860 2736 θ
894 2706 989 2760 καὶ
1020 2704 1193 2772 οὕτως
1225 2708 1605 2781 ὑπεκχεομένη
1635 2727 1760 2763 σκο-

168 2799 314 2861 τίζει
341 2797 431 2849 τὸν
454 2797 759 2867 ἄνθρωπον.
783 2799 846 2852 Οἱ
873 2798 929 2851 δὲ
962 2799 1037 2870 μὴ
1063 2798 1312 2869 λέγοντες
1341 2796 1479 2855 εἶναι
1505 2802 1566 2855 τὸ
1587 2804 1758 2857 κακὲν

172 2888 500 2962 σύντροφον,
535 2891 628 2944 καὶ
661 2892 989 2956 συναυξάνον
1029 2892 1107 2964 τῷ
1147 2892 1448 2965 ἀνθρώπῳ,
1485 2897 1625 2966 μήτε
1657 2915 1756 2966 με-

172 2986 486 3055 ριμνὴσωσι
530 2985 658 3056 περὶ
709 2985 810 3055 τῆς
862 2984 1073 3056 αὔριον,
1134 2987 1274 3057 μήτε
1333 2988 1753 3061 ἐπιθυμήσωσι·

169 3078 357 3151 καιρῷ
385 3079 494 3149 γάρ
529 3096 634 3131 τινι
664 3079 943 3132 ἐπαύσατο
967 3081 1025 3132 ὲν
1050 3080 1233 3143 αὐτοῖς
1264 3080 1516 3151 ἐνοχλοῦν
1544 3084 1604 3134 τὸ
1652 3101 1755 3136 κα-

1790 1835 1832 1889 Β

1865 667 2047 738 tingit,
2082 678 2145 723 ut
2169 670 2295 739 quis
2322 669 2575 740 degustet
2599 671 2827 742 gratiam
2852 672 2947 727 Dei
2973 689 2988 728 :
3018 672 3242 729 Gustate
3272 675 3444 735 enim,

1864 761 2068 832 inquit,
2094 769 2142 815 et
2179 763 2346 817 videte
2374 765 2625 835 quoniam
2666 766 2841 819 suavis
2862 774 2938 819 est
2964 765 3222 820 Dominus
3254 768 3323 821 ⁸⁹.
3346 768 3449 822 Est

1864 869 2048 915 autem
2078 859 2318 930 gustatio
2361 860 2477 915 hinc
2506 860 2686 915 virtus
2732 860 2972 931 Spiritus
3012 862 3067 915 in
3097 862 3446 933 plenitudine

1864 952 1991 1007 ﬁdei
2028 968 2285 1023 operans,
2328 969 2451 1023 qum
2496 953 2553 1007 in
2604 954 2773 1010 corde
2807 954 3110 1009 ministrat.
3163 955 3446 1025 Quotquot

1862 1044 2012 1098 enim
2049 1043 2146 1098 ﬁlii
2187 1053 2316 1099 sunt
2340 1044 2501 1108 lucis,
2533 1052 2590 1098 et
2630 1044 2924 1099 ministerii
2969 1044 3096 1098 novi
3132 1044 3444 1099 testamenti

1862 1153 1961 1207 per
1997 1137 2264 1207 Spiritum
2317 1147 2587 1201 sanctum,
2621 1138 2677 1192 hi
2717 1139 2784 1193 ab
2832 1139 3152 1195 hominibus
3194 1139 3333 1195 nihil
3362 1140 3446 1195 di-

1863 1241 2064 1287 scunt:
2109 1230 2289 1286 edocti
2341 1231 2491 1286 enim
2530 1247 2562 1285 a
2604 1232 2717 1287 Deo
2760 1244 2911 1287 sunt.
2941 1233 3061 1303 Ipsa
3099 1234 3245 1289 enim
3268 1234 3443 1305 gratia

1863 1322 2119 1378 inscribit
2162 1321 2218 1377 in
2257 1324 2517 1378 cordibus
2558 1324 2781 1378 illorum
2811 1325 3261 1396 legeS'Spiritus.
3318 1327 3442 1383 Non

1863 1417 2032 1488 igitur
2064 1414 2268 1473 debent
2316 1417 2369 1472 in
2420 1416 2743 1487 Scripturis,
2790 1423 3099 1473 atramento
3140 1419 3318 1475 solum
3348 1420 3443 1475 de-

1862 1508 2102 1579 scriptis,
2122 1509 2338 1579 plenam
2365 1508 2577 1563 ﬁducim
2600 1524 2751 1579 spem
2782 1525 3025 1579 ponere;
3057 1527 3250 1573 verum
3275 1512 3441 1567 etiam

1864 1601 1920 1656 ln
1964 1601 2166 1656 tabulis
2203 1602 2387 1657 cordis
2420 1602 2594 1672 gratia
2623 1601 2811 1656 divina
2862 1602 3118 1657 inscribit
3144 1603 3293 1674 leges
3319 1604 3443 1674 Spi-

1861 1690 2005 1745 ritus
2045 1699 2102 1746 et
2134 1690 2376 1745 caelestia
2414 1690 2692 1761 mysteria.
2727 1689 2834 1746 Cor
2862 1692 3010 1746 enim
3035 1691 3223 1762 dirigit
3252 1708 3316 1747 ac
3337 1708 3438 1764 gu-

1864 1784 2061 1839 bernat
2112 1784 2371 1838 universa
2424 1784 2676 1854 corporis
2720 1800 2944 1855 organa.
2999 1786 3077 1840 Ac
3132 1786 3177 1840 si
3237 1801 3439 1855 pascua

1862 1880 2047 1935 cordis
2073 1879 2245 1951 gratia
2274 1878 2598 1943 obtinuerit,
2633 1879 2949 1934 dominatur
2985 1880 3244 1933 omnibus
3268 1896 3440 1934 mem-

1860 1974 1977 2028 bris
2005 1988 2071 2028 ac
2115 1972 2564 2041 cogitationibus.
2602 1969 2720 2026 Illic
2750 1971 2899 2029 enim
2938 1988 3096 2026 mens
3152 1972 3347 2037 haeret,
3380 1981 3437 2027 et

1860 2080 2053 2122 omnes
2107 2065 2472 2136 cogitationes
2520 2064 2717 2119 anima:
2771 2065 3000 2135 ejusque
3036 2063 3257 2119 ﬁducia.
3286 2064 3436 2131 Qua-

1858 2169 2085 2232 propter
2114 2167 2373 2230 penetrat
2400 2157 2566 2213 etiam
2607 2156 2781 2229 gratia
2820 2158 2874 2211 in
2905 2157 3160 2213 universa
3188 2157 3439 2228 corporis

1863 2256 2134 2309 membra.

1929 2430 2074 2487 XXI.
2114 2431 2206 2487 Sic
2226 2447 2255 2487 e
2282 2430 2562 2487 contrario
2586 2438 2858 2501 quotquot
2883 2436 3013 2484 sunt
3046 2428 3144 2482 ﬁlii
3178 2427 3437 2484 tenebra-

1860 2540 2007 2587 rum,
2035 2538 2228 2578 eorum
2277 2522 2430 2577 cordi
2475 2522 2711 2592 imperat
2754 2532 3063 2591 peccatum,
3095 2535 3159 2575 ac
3187 2527 3439 2590 penetrat

1858 2615 2044 2671 omnia
2072 2614 2353 2670 membra:
2388 2613 2473 2668 Ea:
2502 2613 2656 2667 corde
2685 2613 2825 2667 enim
2865 2619 3057 2667 exeunt
3099 2613 3436 2683 cogitationes

1860 2708 2020 2765 mala:
2043 2709 2125 2763 6":
2169 2716 2226 2762 et
2277 2706 2352 2761 ita
2388 2706 2652 2761 diﬁ‘usum
2710 2705 2955 2761 tenebris
2995 2704 3232 2759 offundit
3260 2703 3438 2760 homi-

1859 2817 2007 2855 nem.
2035 2799 2138 2866 Qui
2192 2814 2325 2854 vero
2367 2807 2643 2861 asserunt,
2680 2797 2876 2851 vitium
2922 2812 3269 2866 nequaquam
3308 2811 3436 2850 cum

1859 2894 2083 2947 homine
2118 2892 2293 2949 foveri
2348 2899 2405 2946 et
2449 2906 2724 2955 crescere,
2773 2890 2852 2943 illi
2887 2905 3068 2959 neque
3095 2890 3161 2945 de
3193 2889 3435 2944 crastino

1859 2985 2079 3040 solliciti
2117 2992 2265 3049 sunt,
2300 2999 2404 3039 nec
2440 2982 2886 3052 concupiscentia
2926 2982 3229 3037 ducuntur.
3270 2981 3435 3036 Certo

1859 3079 2005 3132 enim
2029 3088 2276 3147 tempore
2304 3076 2539 3132 cessavit
2562 3076 2684 3130 illos
2706 3074 2953 3130 molestia
2973 3074 3187 3130 allicere
3214 3073 3434 3138 vitium,

169 3170 291 3233 κὺν,
324 3169 447 3222 τινά
476 3169 774 3241 ἐπιθυμίαν
813 3170 1115 3224 ιἰποὸάλλον
1137 3187 1152 3201 ’
1200 3170 1339 3225 ὥστε
1371 3175 1428 3226 ὲν
1458 3174 1607 3245 ὅρκῳ
1634 3175 1750 3228 δια-

1861 3169 2147 3239 quamdam
2205 3168 2710 3238 concupiscentiam
2739 3166 3102 3237 suggerendo,
3137 3173 3197 3220 ut
3230 3166 3433 3236 jureju-

168 3260 529 3314 ϐεϐαιοῦσθαι
558 3262 650 3313 τὴν
690 3260 999 3331 ἄνθρωπον,
1040 3261 1120 3314 ὅτι
1150 3260 1347 3314 Οὐκέτι
1396 3262 1754 3317 ὲπανίσταταί

174 3372 267 3423 μοι
295 3356 357 3407 τὸ
381 3353 622 3407 τοιοῦτον
658 3352 830 3416 πάθος
857 3370 872 3384 ’
906 3354 1002 3407 καὶ
1038 3354 1155 3424 μετ’
1180 3354 1359 3424 ὀλίγον
1401 3355 1591 3426 καιρὸν
1624 3374 1754 3409 κατ-

174 3444 310 3515 εκάη
342 3448 408 3516 τῇ
460 3443 758 3516 ἐπιθυμίᾳ,
803 3442 943 3497 ὥστε
974 3444 1264 3516 εὑρεθῆναι
1293 3446 1453 3499 αὐτὸν
1482 3447 1619 3515 πρὸς
1661 3448 1755 3501 ἐπὶ

178 3538 384 3601 τούτοις
427 3540 521 3591 καὶ
568 3538 848 3608 ἐπίορκον.
892 3537 1105 3608 Ὠσπερ
1137 3539 1246 3610 γὰρ
1276 3537 1343 3594 δι’
1374 3537 1565 3608 ὀχετοῦ
1603 3540 1752 3610 διέρ-

173 3649 329 3701 χεται
378 3632 543 3702 ῦδωρ,
576 3631 748 3695 οὕτως
790 3633 885 3685 καὶ
906 3633 993 3685 διὰ
1031 3633 1120 3702 τῆς
1157 3633 1383 3704 καρδίας
1412 3636 1504 3688 καὶ
1533 3635 1639 3688 τῶν
1665 3636 1754 3689 λο-

173 3723 391 3793 γισμῶν
426 3726 458 3793 ἡ
489 3725 767 3795 ἁμαρτία“
806 3725 960 3777 Ὅσοι
1003 3724 1059 3777 δὲ
1103 3724 1261 3778 τοῦτο
1289 3727 1623 3799 ἀναιροῦσιν,
1661 3727 1752 3780 ὑπ’

163 3815 345 3884 αὐτῆς
374 3816 471 3884 τῆς
499 3816 773 3886 ἁμαρτίας
794 3816 1095 3888 μελλούσης
1120 3817 1573 3889 θριαμϐεύεσθαι,
1598 3821 1754 3890 ἐλέγ-

165 3924 361 3977 χονται
413 3909 511 3960 καὶ
557 3908 934 3977 χλευάζονται.
974 3911 1273 3974 Σπουδάζει
1318 3912 1427 3981 γάρ
1479 3913 1540 3967 τὸ
1584 3915 1754 3968 κακὸν

160 3999 459 4053 λανθάνειν
520 4001 614 4054 καὶ
661 4002 1003 4073 κρύπτεσθαι
1056 4004 1115 4057 ἐν
1151 4006 1220 4076 τῇ
1254 4004 1465 4079 διανοίᾳ
1520 4007 1616 4061 τοῦ
1661 4010 1755 4064 ἀν-

157 4092 189 4145 θ
196 4093 396 4162 ρὼπου
405 4135 419 4147 .

234 4187 377 4241 KB'.
417 4186 481 4239 Εί
512 4182 607 4241 οῦν
627 4188 820 4261 ἀγαπᾷ
864 4208 951 4255 τις
982 4190 1074 4245 τὸν
1103 4190 1259 4258 Θεὸν,
1293 4194 1386 4248 καὶ
1428 4194 1592 4260 αὐτὸς
1624 4212 1757 4266 συγ-

154 4281 337 4350 κρινᾷ
393 4280 568 4351 τούτῳ
597 4281 694 4352 τὴν
738 4282 932 4337 ἑαυτοῦ
988 4285 1248 4357 άγάπηνο
1308 4288 1625 4353 πιστευθεὶς
1699 4290 1756 4344 δὲ

151 4373 318 4440 ἅπαξ
374 4373 466 4425 ὑπ’
515 4374 704 4440 αὑτοῦ,
750 4375 1037 4447 προστιθεί
1068 4377 1244 4449 τούτῳ
1288 4377 1389 4450 τὴν
1432 4381 1756 4452 ἐπουράνιον

151 4466 378 4532 πίστιν,
412 4467 504 4518 καὶ
531 4465 764 4536 γίγνεται
795 4468 1016 4534 διπλοῦς
1046 4471 1076 4523 6
1103 4469 1409 4542 ἄνθρωπος.
1444 4472 1633 4538 Ὅπως
1661 4474 1752 4528 οῦν

148 4561 223 4613 ἐκ
250 4558 367 4612 τῶν
394 4560 572 4630 μελῶν
601 4578 694 4615 σου
725 4563 1039 4636 προσφέρῃς
1062 4563 1232 4635 αύτῷ,
1255 4564 1350 4617 καὶ
1375 4565 1535 4630 αὐτὸς
1560 4569 1624 4620 ὲκ
1642 4567 1751 4620 τῶν

150 4655 321 4708 ἰδίων
370 4654 531 4724 ὅμοια
586 4655 765 4721 μελῶν
811 4658 1079 4729 συγκιρνᾷ
1131 4660 1197 4727 τῇ
1227 4657 1375 4730 ψυχῇ
1410 4677 1502 4712 σου
1523 4699 1538 4721 .
1571 4659 1659 4713 ἵνα
1687 4658 1752 4734 ᾗς

145 4750 351 4801 πάντα
390 4744 649 4815 καθαρῶς
679 4745 866 4813 ποιῶν,
907 4748 1001 4799 καὶ
1038 4748 1287 4815 ἀγαπῶν,
1325 4750 1420 4801 καὶ
1451 4752 1751 4821 προσευχό-

149 4855 366 4910 μενος·
421 4838 660 4909 μεγάλου
695 4839 805 4911 γὰρ
836 4839 1148 4911 ἀξιώματός
1194 4840 1340 4896 ἐστιν
1375 4842 1404 4895 6
1429 4841 1716 4915 ἄνθρωπος
1736 4858 1750 4874 ⁴

143 4934 235 4987 ἴδε
287 4931 459 4996 πόσος
505 4933 652 4985 ἐστὶν
687 4934 716 4985 6
744 4933 973 5004 ούρανὸς
1012 4935 1166 5005 καὶὴ
1199 4934 1305 5004 γῆ,
1346 4936 1375 4987 6
1403 4935 1555 5005 ἥλιος
1587 4937 1681 4989 καὶ
1716 4938 1750 5006 ή

142 5024 395 5093 σελήνη,
440 5022 534 5075 καὶ
581 5023 683 5075 οὐκ
727 5022 1021 5092 εὐδόκησεν
1069 5026 1128 5077 ὲν
1156 5025 1343 5088 αὐτοῖς
1382 5027 1410 5078 6
1440 5025 1662 5096 Κύριος,
1704 5028 1753 5081 εί

140 5117 229 5188 μὴ
274 5118 341 5168 ὲν
378 5115 455 5185 τῷ
494 5115 771 5187 ἀνθρώπῳ
803 5116 982 5187 μόνῳ,
1037 5116 1507 5173 ὲπαναπαύεσθαι.
1543 5120 1757 5189 Τιμιὼ-

1786 4525 1828 4579 D

1857 3259 2031 3315 rando
2061 3258 2387 3314 conﬁrmare
2415 3275 2524 3313 non
2558 3268 2815 3313 vereatur
2851 3258 3036 3323 homo,
3064 3273 3173 3311 non
3208 3258 3350 3311 ultra
3378 3256 3433 3311 in

1856 3368 1913 3408 se
1953 3368 2238 3423 assurgere
2270 3353 2430 3405 talem
2478 3352 2856 3417 affectionem;
2897 3359 2953 3406 at
2994 3366 3106 3405 non
3156 3351 3228 3405 ita
3258 3350 3433 3404 multo

1854 3454 1979 3515 post
2027 3446 2206 3499 uritur
2260 3444 2732 3513 concupiscentia,
2775 3451 2838 3497 ut
2879 3444 2962 3497 vel
2991 3443 3047 3497 in
3076 3459 3142 3498 eo
3174 3444 3433 3514 periurus

1854 3537 2326 3609 deprehendatur.
2360 3536 2593 3591 Perinde
2618 3535 2767 3589 enim
2804 3543 2865 3588 ut
2889 3550 2988 3604 per
3010 3534 3246 3592 ﬁstulam
3276 3544 3430 3589 tran-

1855 3630 1927 3686 sit
1952 3645 2092 3701 aqua
2111 3671 2127 3696 ,
2158 3629 2240 3684 sic
2263 3644 2486 3700 quoque
2516 3644 2612 3698 per
2634 3644 2732 3682 cor
2765 3637 2821 3683 et
2844 3628 3213 3699 cogitationes
3236 3644 3433 3698 pecca-

1856 3737 1995 3779 tum.
2042 3722 2368 3792 Quicunque
2399 3739 2530 3779 vero
2565 3722 2680 3777 haec
2718 3731 2942 3791 negant,
2970 3736 3000 3775 a
3028 3731 3253 3791 peccato
3289 3721 3429 3791 ipso,

1855 3816 2197 3887 triumphum
2220 3825 2446 3879 acturo,
2493 3822 2801 3885 arguuntur
2847 3823 2903 3868 et
2940 3812 3269 3867 illuduntur.
3320 3811 3429 3869 Co-

1856 3916 2021 3962 natur
2056 3905 2204 3961 enim
2243 3906 2450 3961 malitia
2476 3906 2649 3960 latere
2685 3911 2741 3959 et
2786 3902 3113 3958 delitescere
3147 3903 3204 3956 in
3246 3909 3430 3957 mente

1857 4000 2123 4057 hominis.

1928 4191 2094 4247 XXII.
2150 4190 2207 4246 Si
2259 4189 2429 4261 igitur
2464 4187 2739 4259 quispiam
2801 4188 2974 4243 Deum
3024 4187 3226 4260 diligit,
3287 4189 3432 4243 Dcu;

1857 4300 2077 4357 quoque
2126 4298 2250 4339 cum
2298 4299 2365 4337 eo
2410 4282 2732 4337 commiscet
2774 4296 2928 4336 suam
2960 4281 3330 4337 dilectionem.
3364 4282 3433 4336 Et

1857 4393 1982 4432 cum
2007 4375 2175 4431 semel
2212 4374 2511 4429 crediderit
2568 4374 2623 4427 in
2679 4389 2827 4438 eum,
2860 4373 3014 4427 addit
3044 4373 3121 4427 illi
3155 4375 3299 4428 Deus
3320 4390 3432 4429 cu:-

1858 4471 2051 4525 lestem
2076 4469 2261 4531 ﬁdem,
2299 4476 2355 4523 ct
2388 4469 2461 4522 ita
2494 4467 2680 4522 evadit
2717 4468 2881 4521 homo
2907 4466 3128 4537 duplex.
3170 4468 3240 4523 Ut
3264 4467 3430 4539 igitur

1857 4579 1925 4619 ex
1971 4562 2235 4617 membris
2273 4562 2380 4616 tuis
2425 4562 2537 4616 Deo
2568 4560 2787 4624 oﬁ‘eras,
2836 4560 2927 4615 ille
2955 4560 3071 4630 ipse
3103 4575 3170 4614 ex
3193 4560 3432 4631 propriis

1855 4654 2057 4709 similia
2104 4652 2483 4708 membrorum
2521 4652 2818 4721 permiscet
2846 4667 2972 4705 cum
3001 4651 3184 4705 anima
3218 4659 3331 4717 tua,
3371 4658 3432 4706 ut

1855 4747 2041 4802 omnia
2085 4746 2302 4801 sincere
2352 4760 2417 4798 ac
2470 4759 2609 4814 pure
2666 4759 2950 4814 peragere,
3009 4744 3239 4814 diligere
3266 4751 3432 4812 atque

1855 4839 2297 4910 precaripossis.
2346 4837 2585 4892 Summae
2620 4839 2767 4891 enim
2798 4837 3079 4906 dignitatis
3105 4846 3190 4891 est
3245 4837 3430 4890 homo.

1856 4932 1994 4988 Vide
2033 4940 2302 5001 quantum
2330 4931 2401 4986 sit
2427 4930 2649 5007 C(elum,
2686 4939 2853 4995 terra,
2901 4930 2981 4983 sol
3024 4936 3081 4983 et
3121 4928 3251 4982 luna
3285 4944 3298 4981 :
3332 4943 3434 4982 nec

1858 5032 2043 5079 tamen
2091 5023 2297 5093 placuit
2359 5022 2414 5075 in
2471 5021 2539 5075 iis
2570 5020 2825 5085 Domino,
2860 5020 2953 5076 sed
2980 5020 3035 5073 in
3067 5018 3183 5073 solo
3210 5018 3434 5072 homine

1857 5119 2230 5187 requiescere.
2279 5113 2634 5170 Praestantior
2670 5128 2800 5183 ergo
2847 5120 2930 5167 cst
2974 5112 3140 5165 homo
3173 5108 3433 5165 omnibus

1859 5208 2150 5273 creaturis,
2179 5214 2235 5261 et
2274 5206 2459 5261 forsan
2490 5205 2674 5259 dicere
2709 5220 2820 5257 non
2864 5203 3122 5263 verebor,
3164 5216 3275 5256 non
3306 5210 3431 5255 tan-

1862 5310 1979 5356 tum
2021 5298 2454 5370 aspectabilibus
2497 5295 2787 5360 creaturis,
2821 5310 3009 5349 verum
3040 5293 3205 5347 etiam
3244 5289 3434 5346 i'nvisi-

1859 5395 2027 5459 libus,
2058 5407 2256 5462 nempe
2310 5388 2725 5445 ministratoriis
2769 5386 3080 5457 spiritibus.
3135 5385 3255 5440 Non
3283 5385 3432 5437 enim

1857 5488 1926 5543 de
1950 5486 2217 5542 Michaele
2248 5492 2345 5538 aut
2369 5481 2646 5544 Gabriele,
2678 5476 3045 5547 archangelis,
3078 5476 3224 5530 Deus
3254 5472 3430 5527 dixit:

1856 5582 2135 5638 Faciamus
2169 5579 2238 5633 ad
2270 5579 2557 5648 imaginem
2592 5583 2639 5628 et
2679 5571 3079 5628 similitudinem
3108 5576 3346 5624 nostram
3362 5566 3433 5631 “,

1854 5676 1950 5734 sed
1989 5674 2058 5731 de
2089 5671 2396 5729 substantia
2436 5666 2774 5725 iutellectiva
2799 5661 3045 5720 hominis
3067 5701 3082 5729 ,
3114 5654 3430 5722 immortali,

134 5227 327 5281 τερος
364 5206 458 5262 οὖν
483 5212 632 5262 ἐστιν
661 5211 689 5261 6
712 5209 996 5280 ἄνθρωπος
1016 5209 1158 5282 ὑπὲρ
1187 5211 1367 5265 πάντα
1398 5210 1466 5264 τὰ
1494 5212 1756 5283 δημιουρ-

134 5306 222 5375 γὴ
235 5321 419 5375 ματα,
452 5304 592 5373 τάχα
622 5303 679 5356 δὲ
704 5302 960 5372 τολμήσω
989 5304 1193 5373 λέγειν,
1229 5305 1312 5359 ὅτι
1347 5305 1421 5375 μὴ
1452 5306 1614 5375 μόνον
1649 5307 1756 5358 τῶν

136 5394 383 5466 ὁρατῶν
426 5395 952 5467 δημιουργημάτων,
999 5395 1136 5449 ἀλλὰ
1196 5397 1433 5451 καὶτῶν
1485 5398 1756 5468 ἀοράτων,

136 5492 341 5562 ἤγουν
394 5488 500 5542 τῶν
538 5488 930 5560 λειτουργικῶν
965 5491 1311 5561 πνευμάτων.
1355 5492 1429 5545 Ού
1473 5492 1582 5563 γὰρ
1631 5492 1760 5563 περὶ

134 5580 393 5652 Μιχαὴλ
444 5582 537 5635 καὶ
578 5581 839 5653 Γαϐριὴλ,
884 5582 994 5637 τῶν
1050 5584 1411 5656 ἀρχαγγέλων
1456 5582 1631 5648 εἶπεν,
1675 5587 1758 5639 ὅτι

134 5674 526 5743 Ποιήσωμεν
566 5676 696 5731 κατ’
729 5677 937 5730 εἰκόνα
975 5676 1075 5729 καί
1105 5678 1396 5749 ὁμοίωσιν
1430 5680 1755 5749 ἡμετέραν·

226 5861 283 5898 ’θ
320 5858 463 5915 Psal.
499 5876 685 5929 xxmr,
712 5860 763 5916 9.
846 5862 891 5895 ‘°
928 5860 1120 5919 Matth.
1148 5877 1235 5927 xv,
1270 5860 1354 5916 l9.
1435 5860 1476 5891 ⁶¹
1503 5858 1639 5915 Gen.
1674 5872 1709 5926 ι,
1747 5856 1835 5912 26.
