3966 6564
460 344 563 411 591

1684 352 1750 411 S.
1790 342 2109 411 MACARII
2147 343 2468 411 MEYM‘II

3594 338 3694 403 592

462 460 704 531 inquam,
749 464 953 519 anima.
1012 466 1287 536 Scriptum
1316 466 1463 521 enim
1495 475 1618 529 est,
1657 480 1770 518 esse
1819 460 2025 515 ordines

2140 457 2262 511 ι).λά
2306 460 2440 529 περὶ
2478 458 2578 527 τῆς
2623 458 2817 529 νοερᾶς
2865 456 3057 520 οὐσίας
3112 454 3209 508 τοῦ
3237 451 3555 525 ἀνθρώπου.
3602 451 3696 522 τῆς

460 553 769 625 angelorum
808 557 863 610 in
902 558 1124 612 circuitu
1174 560 1472 614 timentium
1509 575 1627 613 eum
1657 558 1725 610 “.
1752 556 2029 611 Creaturae

460 655 644 701 autem
666 646 911 703 visibiles
937 659 1133 705 natura
1160 651 1395 721 quadam
1434 648 1762 705 immutabili
1788 647 2028 719 praeditas

461 748 611 793 sunt.

533 915 723 971 XXIII.
750 917 959 972 leum
990 920 1157 974 semel
1182 919 1496 974 ordinatum
1534 928 1640 985 est,
1673 920 1777 984 sol,
1808 921 1935 974 luna
1975 927 2032 972 et

468 1013 637 1068 terra,
682 1023 783 1060 nec
813 1016 996 1061 tamen
1046 1008 1320 1079 acquievit
1350 1009 1403 1064 in
1436 1009 1505 1064 iis
1533 1009 1822 1073 Dominus,
1851 1022 2030 1077 neque

465 1097 627 1151 aliter
655 1114 718 1151 ac
749 1110 930 1152 creata
981 1108 1131 1165 sunt,
1160 1102 1408 1156 converti
1444 1112 1695 1171 possunt,
1722 1114 1903 1170 neque
1928 1099 2029 1153 ha-

466 1190 598 1244 bent
616 1191 975 1245 mluntalem.
1002 1193 1083 1246 Tu
1106 1209 1239 1248 vero
1258 1204 1549 1263 propterea
1572 1209 1632 1248 es
1654 1193 1721 1248 ad
1740 1192 2032 1264 imaginem

463 1290 522 1333 et
563 1281 983 1342 similitudinem
1015 1284 1110 1340 Dei
1164 1284 1362 1348 laetus,
1409 1287 1538 1355 quia
1567 1284 2031 1355 quemadmodum

466 1370 611 1424 Deus
640 1371 721 1425 sui
748 1372 889 1443 juris
907 1384 1010 1437 est,
1032 1382 1088 1429 et
1116 1374 1263 1443 quod
1294 1374 1412 1428 vult
1436 1373 1605 1428 facit:
1637 1371 1862 1441 quando
1882 1371 1932 1425 ei
1956 1370 2032 1425 ita

466 1464 645 1518 visum
700 1476 805 1531 est,
852 1484 952 1537 pro
988 1478 1260 1539 potestate
1292 1478 1349 1524 et
1378 1470 1503 1540 jure
1531 1485 1630 1523 suo
1656 1467 1828 1522 mittit
1852 1468 2033 1537 justos

468 1556 521 1609 in
553 1558 878 1627 gehennam,
902 1576 965 1615 ac
1001 1571 1314 1631 peccatores
1344 1561 1399 1614 in
1425 1575 1649 1631 regnum
1669 1600 1683 1623 ,
1707 1558 1815 1628 59
1841 1574 2035 1628 quam-

466 1648 551 1703 vis
591 1650 695 1710 hoc
725 1651 947 1707 minime
980 1653 1133 1715 velit,
1190 1668 1293 1707 nec
1328 1652 1610 1723 placeatei
1632 1668 1647 1717 ;
1671 1652 1852 1721 justus
1880 1649 2030 1704 enim

465 1750 549 1794 est
597 1742 859 1798 Dominus
906 1762 919 1798 :
970 1746 1052 1799 sic
1106 1760 1326 1815 quoque
1369 1756 1425 1800 tu
1472 1745 1548 1798 tui
1591 1744 1732 1807 juris
1765 1758 1847 1808 es,
1890 1751 1947 1797 et
1980 1742 2027 1797 si

2130 550 2398 603 ἀθανάτου
2428 550 2571 617 λέγω
2596 550 2793 621 ψυχῆς.
2821 548 2933 603 Καὶ
2960 549 3070 619 γὰρ
3091 546 3425 618 γέγραπται,
3446 548 3532 600 ὅτι
3556 549 3698 615 Παρ-

2129 641 2374 710 εμϐολαί
2419 640 2691 711 ἀγγέλων
2725 642 2933 705 κύκλῳ
2950 639 3071 693 τῶν
3088 639 3477 709 φοϐουμένων
3493 640 3695 693 αὐτόν.

2130 733 2211 787 Τὰ
2268 734 2368 803 μὲν
2417 728 2511 787 οὖν
2545 733 2820 802 κτίσματα
2866 733 2937 786 τά
2983 730 3334 801 φαινόμενα,
3387 730 3552 800 φύσει
3597 732 3698 784 τινὶ

2130 822 2495 892 ἀμεταϐλήτῳ
2520 821 2754 875 δέδεται.

2202 914 2329 970 Kl".
2374 914 2432 967 Ὀ
2454 912 2682 985 οὐρανὸς
2705 911 2852 978 ἅπαξ
2878 912 3157 974 τέτακται,
3176 911 3207 965 6
3226 910 3400 981 ἣλιος,
3420 912 3455 981 ἡ
3483 908 3699 980 σελήνη,

2130 1008 2163 1078 ή
2191 1007 2286 1078 γῆ,
2329 1007 2427 1063 καὶ
2453 1007 2554 1059 οὐκ
2585 1005 2877 1073 εὐδόκησεν
2923 1006 2983 1058 ὲν
3023 1005 3210 1066 αὐτοῖς
3247 1005 3275 1056 ὁ
3307 1002 3549 1071 κύριος.
3589 1003 3701 1054 ἀλλ.

2128 1099 2251 1152 οὐδὲ
2309 1099 2440 1171 παρ’
2486 1097 2515 1151 ὅ
2568 1096 2896 1166 ἐκτίσθησαν
2949 1096 3363 1167 μετατραπῆναι
3420 1094 3702 1159 δύνανται,

2129 1190 2254 1244 οὔτε
2291 1190 2475 1259 ἔχουσι
2514 1190 2745 1260 θέλημα.
2778 1191 2850 1245 Σὺ
2882 1190 2939 1245 δὲ
2967 1189 3059 1244 διά
3102 1189 3261 1244 τοῦτο
3289 1185 3341 1243 εἷ
3368 1190 3492 1243 κατ’
3522 1191 3704 1244 εἰκόνα

2131 1284 2227 1337 καὶ
2255 1283 2515 1353 ὁμοίωσιν
2539 1282 2696 1346 Θεοῦ,
2726 1282 2915 1353 ἐπειδὴ
2945 1281 3095 1335 ὥσπε
3105 1299 3136 1354 ρ
3160 1284 3188 1334 6
3212 1283 3343 1343 Θεὸς
3360 1282 3706 1348 αύτεξούσιός

2131 1378 2268 1438 ἐστι,
2298 1376 2392 1429 καὶ
2416 1374 2444 1429 ὅ
2476 1375 2619 1430 θέλει
2647 1377 2817 1428 ποιεῖ·
2851 1374 2945 1428 ἐὰν
2977 1374 3127 1445 θέλῃ,
3162 1376 3304 1428 κατά
3329 1374 3429 1444 τὴν
3461 1374 3707 1439 ἐξουσίαν

2137 1468 2305 1521 αὑτοῦ
2352 1467 2558 1537 πέμψει
2603 1467 2731 1529 τοὺς
2781 1466 3022 1528 δικαίους
3053 1466 3133 1529 είς
3176 1466 3420 1534 γέενναν,
3458 1466 3707 1529 καὶτοὺς

2131 1561 2487 1632 ἁμαρτωλοὺς
2519 1561 2599 1623 είς
2629 1557 2904 1628 βασιλείαν
2948 1575 2963 1590 ο
2996 1557 3110 1611 ἀλλ’
3141 1558 3239 1627 οὐχ
3282 1558 3542 1627 αἱρεῖται,
3589 1557 3709 1610 οὐδὲ

2132 1653 2490 1722 καταδέχεται
2510 1650 2697 1707 τοῦτο·
2729 1650 3103 1720 δικαιοκρίτης
3121 1650 3231 1720 γάρ
3252 1650 3402 1702 ἐστιν
3426 1650 3455 1701 ὁ
3484 1646 3707 1717 Κύριος·

2131 1744 2304 1807 οὕτως
2352 1745 2446 1798 καὶ
2494 1744 2559 1796 σὺ
2607 1741 2960 1807 αύτεξούσιος
2992 1737 3067 1807 εἷ,
3130 1742 3226 1795 καὶ
3272 1741 3367 1794 ὲάν
3404 1739 3565 1812 θέλῃς
3602 1740 3709 1793 ἀπ-

465 1833 602 1905 velis
634 1834 833 1900 perire,
884 1804 1168 1889 mutabilis
1215 1804 1448 1889 natura}.
1480 1834 1538 1889 Si
1570 1804 1739 1889 libeat
1777 1804 2027 1902 blasphe-

2140 1804 2367 1901 o).s'o'0'at,
2402 1836 2643 1906 τρεπτῆς
2674 1804 2887 1903 φύσεως
2908 1832 2983 1887 εί·
3008 1804 3061 1886 εί
3090 1832 3263 1896 θέλεις
3292 1804 3709 1903 pham-ianuas,

464 1920 602 1973 mias
650 1922 959 1989 ell'underc,
1006 1939 1218 1979 venena
1249 1924 1526 1979 coniicere
1572 1930 1666 1977 aut
1718 1921 2029 1977 interﬁcere

462 2011 720 2082 aliquem,
754 2029 916 2068 nemo
950 2015 1049 2069 tibi
1095 2015 1397 2069 reluctatur
1440 2022 1533 2068 aut
1568 2013 1828 2084 prohibet
1869 2018 1941 2066 te.
1972 2011 2027 2065 Si

462 2103 593 2156 velit
624 2103 769 2173 quis,
819 2120 1029 2159 morem
1068 2106 1210 2176 gerit
1255 2106 1385 2169 Deo,
1436 2113 1492 2159 et
1543 2104 1852 2174 ingreditur
1882 2101 2029 2154 viam

460 2195 709 2265 iustitiae,
739 2212 802 2252 ac
826 2195 999 2252 vincit
1032 2196 1531 2267 concupiscentias.
1578 2194 1728 2249 Mens
1751 2196 1898 2249 enim
1929 2194 2033 2247 hu—

458 2287 722 2358 jusmodi,
750 2304 871 2359 qua:
896 2288 1105 2344 resistit
1136 2304 1201 2342 ac
1226 2296 1513 2359 repugnat,
1547 2296 1726 2357 potest
1748 2299 2028 2356 superare,

464 2380 752 2435 obfirmata
791 2382 1025 2447 ratione,
1070 2381 1309 2451 impetus
1343 2381 1604 2435 vitiorum
1645 2389 1700 2435 et
1760 2378 2032 2435 obscenas

466 2474 958 2543 concupiscentias.

535 2565 722 2620 XXIV.
755 2565 810 2620 Si
836 2567 982 2622 enim
1019 2565 1073 2620 in
1108 2566 1270 2621 domo
1298 2566 1501 2635 ampla,
1534 2566 1587 2620 in
1624 2581 1729 2634 qua
1760 2573 1887 2619 sunt
1906 2579 2026 2619 vasa

465 2670 651 2721 aurea,
678 2670 811 2708 auro
843 2663 1004 2719 tecta,
1033 2664 1089 2709 et
1119 2664 1395 2726 argentea,
1433 2655 1568 2711 varii
1620 2654 1836 2725 generis
1863 2654 2033 2708 vesti-

466 2754 667 2808 menta,
699 2760 893 2799 aurum
922 2754 1084 2814 atque
1118 2754 1425 2816 argentum,
1465 2744 1842 2802 adolescentes
1871 2753 1925 2797 et
1946 2744 2036 2814 ju—

464 2837 727 2900 venculat,
777 2853 898 2907 qua:
952 2837 1025 2890 ibi
1082 2845 1387 2900 versantur,
1448 2837 1708 2890 cohibent
1788 2834 2034 2889 animum

466 2945 623 2984 suum
657 2930 927 3001 (quamvis
953 2939 1145 2984 natura
1168 2938 1391 2999 propter
1414 2928 1728 2984 inhabitans
1752 2936 2035 2999 peccatum

467 3022 648 3077 omnia
679 3022 1076 3091 concupiscat),
1119 3030 1175 3077 et
1203 3022 1331 3091 quia
1368 3029 1623 3077 metuunt
1657 3036 1810 3075 more
1854 3020 2036 3074 homi-

2134 1930 2355 1993 ποιῆσαι
2402 1928 2693 1999 φάρμακα,
2750 1928 2844 1980 καὶ
2886 1924 3203 1980 ἀποκτεῖναί
3236 1942 3393 1990 τινα,
3422 1924 3601 1981 οὐδείς
3628 1939 3711 1975 σοι

2130 2021 2430 2073 ἀντίκειται
2479 2018 2512 2087 ἦ
2560 2016 2759 2069 κωλύει
2806 2033 2888 2072 σε.
2932 2017 2993 2069 Εἰ
3028 2015 3171 2070 θέλει
3201 2033 3308 2079 τις,
3346 2014 3712 2069 ὑποτάσσεται

2129 2109 2207 2179 τῷ
2238 2107 2380 2178 Θεῷ,
2419 2107 2515 2160 καὶ
2542 2106 2768 2161 διοδεύει
2796 2105 2895 2176 τὴν
2922 2106 3038 2159 ὁδὸν
3067 2106 3168 2177 τῆς
3197 2106 3545 2177 δικαιοσύνης
3565 2145 3582 2169 ,
3619 2106 3712 2157 καὶ

2131 2202 2325 2273 κρατεῖ
2360 2198 2469 2252 τῶν
2513 2197 2840 2269 ἐπιθυμιῶν.
2888 2198 2945 2253 ’0
2979 2199 3090 2270 γὰρ
3130 2199 3255 2262 νοῦς
3288 2192 3446 2263 οὗτος
3482 2199 3710 2251 ἀντίπα-

2130 2292 2220 2355 λός
2248 2295 2420 2358 ἐστιν,
2471 2292 2787 2362 ἐπικρατεῖν
2820 2292 3116 2362 δυνάμενος
3147 2293 3445 2365 ἐρρωμένῳ
3464 2290 3712 2362 λογισμῷ

2130 2385 2228 2447 τὰς
2252 2385 2350 2455 τῆς
2383 2382 2579 2447 κακίας
2598 2382 2774 2456 ὁρμὰς
2806 2383 2902 2437 καὶ
2934 2383 3225 2455 ἐπιθυμίας
3248 2385 3503 2456 αίσχράς.

2203 2567 2330 2620 ΚΝ.
2371 2564 2435 2617 Εί
2478 2563 2589 2634 γάρ
2630 2562 2689 2616 ὲν
2728 2562 2877 2634 οἰκία
2908 2561 3143 2634 μεγάλῃ,
3176 2562 3308 2616 ὅπου
3342 2561 3461 2615 ἐστὶ
3493 2560 3711 2632 χρυσῶ.

2138 2674 2304 2727 ματα.
2343 2656 2678 2727 χρυσόφορα,
2705 2653 2803 2708 καὶ
2830 2652 3235 2726 ἀργυρώματα,
3272 2652 3367 2707 καὶ
3398 2652 3564 2724 ἐσθὴς
3598 2652 3712 2705 διά·

2135 2766 2321 2820 φορος,
2352 2749 2553 2820 χρυσός
2577 2763 2636 2800 τε
2664 2746 2758 2801 καὶ
2779 2747 3040 2818 ἄργυρος,
3061 2746 3336 2799 νεανίσκοι
3356 2746 3450 2799 καὶ
3471 2745 3711 2807 νεάνιδες

2134 2840 2503 2912 διατρίϐοντες
2528 2838 2754 2908 ἄγχουσι
2781 2837 2873 2890 τὸν
2889 2837 3101 2890 ἑαυτῶν
3126 2836 3271 2889 νοῦν·
3304 2838 3353 2890 εἱ
3372 2838 3467 2890 καὶ
3492 2838 3526 2907 ἡ
3549 2835 3711 2907 φύσις

2134 2934 2221 2987 διὰ
2250 2934 2347 3005 τὴν
2375 2932 2623 2985 σύνοικον
2647 2929 2920 3001 ἁμαρτίαν
2946 2929 3165 2983 πάντων
3191 2928 3484 2998 ἐπιθυμεῖ·
3510 2927 3608 2980 καὶ⁵
3625 2927 3711 2980 διὰ

2134 3026 2227 3080 τὸν
2279 3025 2620 3095 ἀνθρώπινον
2654 3023 2818 3094 φόϐον
2846 3020 2956 3075 τῶν
2994 3022 3291 3085 δεσποτῶν,
3325 3022 3585 3091 ἐπέχουσι
3615 3020 3709 3083 τὰς

468 3132 598 3170 num
623 3115 895 3179 dominos,
928 3114 1236 3184 reprimunt
1278 3112 1515 3183 impetus
1538 3111 2028 3181 concupiscentia:

2140 3120 2311 3192 ὁρμὰς
2335 3118 2444 3171 τῶν
2465 3116 2766 3188 ἐπιθυμιῶν
2788 3132 2802 3146 ·
2826 3116 2977 3186 πόσῳ
2994 3115 3214 3186 μᾶλλον,
3239 3114 3374 3167 ὅπου
3400 3114 3518 3166 ﬁeri.
3548 3112 3708 3182 φόϐος

468 3212 674 3272 quanto
711 3203 901 3272 magis,
933 3202 1027 3255 ubi
1051 3202 1194 3271 viget
1222 3203 1385 3255 timor
1414 3200 1530 3266 Dei,
1563 3201 1821 3255 reluctari
1869 3210 2033 3269 atque

471 3293 633 3348 reniti
682 3308 837 3347 mens
886 3292 1049 3348 debet
1084 3292 1369 3348 inhaerenti
1411 3292 1702 3363 pravitati?
1732 3292 1861 3358 Qua:
1889 3293 2037 3346 enim

471 3386 750 3459 possibilia
804 3385 903 3440 tibi
957 3393 1104 3450 sunt,
1166 3385 1424 3454 prmeepit
1479 3384 1641 3439 Deus.
1706 3383 2037 3441 Animalinm

470 3474 693 3538 quidem
749 3473 961 3527 ratione
1017 3472 1405 3528 destitutorum
1456 3482 1653 3528 natura
1701 3472 1881 3527 vincta
1930 3480 2036 3536 est,

468 3565 623 3619 velut
685 3574 882 3619 natura
938 3564 1209 3633 serpentis
1262 3573 1348 3617 est
1408 3579 1591 3619 amara
1643 3577 1708 3618 ac
1766 3579 2037 3621 venenum

470 3656 762 3711 cmitteus:
800 3655 1046 3710 universi
1087 3654 1252 3727 igitur
1279 3665 1563 3726 serpentes
1591 3665 1720 3710 sunt
1746 3656 2035 3727 ejusmodi.

472 3747 658 3817 Lupus
695 3765 862 3817 rapax
890 3763 1009 3803 esse
1033 3748 1353 3805 consuevit:
1381 3762 1572 3801 omnes
1598 3762 1731 3818 ergo
1757 3747 1871 3817 lupi
1913 3756 2041 3802 sunt

470 3839 715 3910 ejusdem
747 3850 976 3894 natum.
1003 3840 1209 3910 Agnus,
1236 3838 1329 3909 qui
1363 3838 1592 3909 simplex
1630 3846 1735 3903 est,
1771 3839 2040 3894 obnoxius

470 3941 555 3987 est
576 3933 812 4002 rapinrez
840 3947 1033 3989 omnes
1054 3948 1186 4003 ergo
1208 3932 1334 4003 agni
1368 3943 1496 3986 sunt
1535 3932 1778 4003 ejusdem
1807 3940 2038 3987 naturae.

471 4024 735 4083 Columba
784 4025 1013 4094 simplex
1051 4034 1137 4080 est
1167 4040 1231 4079 ac
1255 4026 1502 4080 sincera:
1543 4039 1735 4081 omnes
1766 4039 1897 4095 ergo
1951 4040 2043 4078 co—

471 4117 671 4175 lumbae
693 4124 820 4170 sunt
843 4115 1090 4186 ejusdem
1118 4124 1347 4170 naturae.
1378 4115 1553 4170 Homo
1586 4131 1718 4170 vero
1744 4131 1855 4170 non
1885 4115 1959 4169 ita
1983 4130 2043 4170 se

472 4206 657 4263 habet.
683 4206 914 4271 Quidam
944 4206 1092 4262 enim
1146 4214 1234 4261 est
1282 4206 1447 4275 lupus
1508 4222 1698 4277 rapax,
1739 4215 1794 4261 et
1818 4207 2042 4277 quidam

470 4297 621 4353 velut
661 4314 834 4367 agnus
882 4298 1086 4368 rapina:
1122 4306 1295 4367 patet,
1320 4308 1377 4354 et
1397 4314 1465 4354 ex
1490 4298 1683 4357 eodem
1718 4314 1916 4370 genere
1942 4298 2046 4352 hu.

474 4408 637 4449 mano
673 4405 967 4463 utrumque
999 4392 1198 4448 oritur.

2138 3210 2293 3274 Θεοῦ,
2342 3209 2739 3280 ἀντιμάχεσθαι
2768 3210 2863 3262 καὶ
2892 3206 3283 3278 ἀντιπράττειν
3304 3207 3332 3259 6
3359 3204 3486 3267 νοῦς
3508 3204 3708 3273 ὀφείλει

2139 3305 2205 3373 τῇ
2235 3300 2471 3373 συνούσῃ
2496 3300 2701 3370 auxia};
2734 3300 2813 3352 Τά
2840 3299 2949 3370 γάρ
2990 3298 3189 3352 δυνατά
3220 3314 3304 3350 σοι
3332 3296 3665 3367 προσέταξεν
3686 3297 3713 3349 ὁ

2138 3392 2291 3456 Θεός.
2361 3392 2427 3444 Ἦ
2482 3391 2578 3462 μὲν
2628 3388 2721 3442 οὖν
2780 3388 2892 3443 τῶν
2925 3387 3137 3457 ἀλόγων
3189 3387 3346 3452 ζώων
3398 3386 3563 3455 φύσις
3590 3386 3710 3457 δετή

2138 3484 2307 3548 ἐστιν,
2349 3476 2461 3536 οἷον
2495 3482 2529 3553 ἡ
2560 3480 2654 3535 τοῦ
2685 3480 2863 3550 ὄφεως
2895 3478 3056 3549 φύσις
3090 3479 3265 3550 πικρά
3305 3476 3543 3531 ἐστικαὶ
3576 3475 3713 3528 £066-

2137 3576 2228 3640 λος
2251 3592 2268 3607 ·
2297 3575 2407 3629 ὅλοι
2436 3571 2529 3629 οὖν
2552 3575 2601 3627 οί
2621 3572 2771 3643 ὄφεις
2799 3571 3032 3626 τοιοῦτοί
3065 3573 3224 3626 εἰσιν.
3267 3571 3326 3625 '0
3346 3570 3514 3632 λύκος
3532 3570 3709 3640 ἀρπά-

2141 3670 2257 3734 ζειθ
2286 3668 2504 3722 εἴωθεν·
2554 3666 2665 3721 ὅλοι
2717 3667 2765 3719 οί
2814 3664 2970 3719 λύκοι
3002 3665 3099 3735 τῆς
3136 3664 3306 3735 αὐτῆς
3342 3665 3450 3718 εἱσι
3478 3663 3708 3732 φύσεως.

2140 3762 2216 3815 T6
2260 3762 2444 3833 ἀρνίον
2476 3760 2672 3831 ἀφελὲς
2717 3760 2779 3815 ὅν
2816 3759 3154 3831 ἀρπάζεται·
3198 3758 3293 3810 ὅλα
3324 3759 3393 3810 τά
3427 3756 3589 3827 ἀρνία
3614 3755 3707 3823 τῆς

2141 3854 2316 3924 αὐτῆς
2363 3856 2469 3909 είσι
2510 3852 2745 3923 φύσεως.
2806 3853 2876 3907 Ἦ
2925 3850 3223 3923 περιστερά
3266 3850 3448 3913 ἄδολος
3480 3850 3710 3902 ἐστικαὶ

2144 3944 2433 4016 ἀκέραιος·
2472 3944 2590 3996 ὅλαι
2642 3944 2700 3999 αἱ
2750 3943 3069 4016 περιστεραὶ
3116 3944 3215 4008 τῆς
3258 3940 3428 4011 αὐτῆς
3463 3941 3567 3993 εἰσι
3611 3940 3708 4008 φύ-

2143 4055 2303 4102 σεως.
2346 4036 2407 4091 Ὀ
2437 4036 2494 4090 δὲ
2529 4036 2813 4108 ἅνθρωπος
2840 4036 2935 4105 οὐχ
2968 4034 3137 4098 οὕτως,
3163 4035 3329 4087 ἐστίν.
3365 4029 3461 4096 Εἷς
3509 4034 3654 4085 ἐστιν
3679 4032 3707 4083 6

2141 4128 2305 4192 λύκος
2353 4127 2637 4199 ἁρπάζων,
2683 4128 2778 4179 καὶ
2823 4122 2903 4188 εἷς
2946 4128 3094 4179 ἐστιν
3136 4124 3213 4188 ὡς
3254 4124 3441 4195 ἀρνίον
3470 4122 3707 4195 ἁρπαζό-

2146 4237 2307 4290 μενος
2335 4236 2351 4253 ·
2391 4222 2457 4273 ὲκ
2484 4220 2579 4273 τοῦ
2625 4219 2817 4287 γένους
2844 4218 2942 4286 τῆς
2972 4217 3387 4288 ἀνθρωτεότητος
3432 4218 3708 4286 ἀμφότερα

2142 4314 2450 4384 γενήσεται.

544 4484 709 4547 XXV.
742 4484 839 4538 Est
867 4483 961 4554 qui
995 4500 1105 4541 non
1146 4492 1441 4539 contentus
1471 4501 1642 4542 uxore
1690 4502 1808 4552 sua,
1833 4496 2035 4544 scorta-

2220 4492 2349 4546 KE’.
2393 4492 2548 4544 Ἐστι
2580 4508 2665 4555 τις
2717 4488 2792 4561 μὴ
2827 4488 3164 4562 ἀρκούμενος
3208 4490 3273 4558 τῇ
3321 4488 3428 4559 ίδίᾳ
3476 4485 3705 4554 γυναικί.

474 4586 603 4633 tur:
652 4583 737 4631 est
792 4590 1010 4647 quoque
1056 4576 1218 4642 alius,
1281 4578 1376 4646 qui
1421 4593 1491 4633 ne
1537 4580 2041 4649 concupiscentiam

474 4668 700 4740 quidem
746 4667 803 4722 in
850 4665 1018 4723 corde
1062 4681 1164 4722 suo
1209 4667 1438 4722 excitari
1486 4668 1775 4738 permittit.
1805 4669 1902 4724 Est
1946 4670 2043 4739 qui

473 4762 619 4818 bona
651 4760 882 4833 proximi
909 4758 1132 4829 diripit:
1154 4768 1242 4815 est
1265 4775 1486 4830 quoque
1518 4760 1793 4832 alius,qui
1819 4761 2043 4831 pietatis

471 4858 623 4915 cultu
654 4864 857 4920 motus,
891 4871 992 4911 sua
1023 4855 1167 4913 bona
1197 4854 1500 4912 distribuit.
1527 4856 1695 4913 Vides
1726 4873 1890 4927 quam
1924 4874 2045 4914 mu-

473 4948 660 5009 tabilis
699 4948 773 5003 sit
824 4948 941 5018 ipsa
985 4957 1206 5013 natura,
1250 4957 1360 5002 tam
1399 4949 1467 5004 ad
1508 4948 1639 5005 vitia
1671 4950 2040 5022 propendens,

470 5056 635 5111 quam
668 5055 699 5094 e
732 5039 951 5098 diverso
978 5038 1047 5093 ad
1070 5039 1397 5105 honestum;
1424 5049 1482 5095 et
1510 5041 1812 5096 secundum
1838 5051 2047 5098 utram-

470 5144 578 5200 que
621 5130 1012 5202 proprietatem
1071 5139 1197 5200 apta
1249 5129 1530 5188 declinare
1570 5131 1638 5187 ad
1688 5148 2045 5205 quascunque

470 5222 693 5278 libuerit
715 5222 981 5281 actiones.
1008 5223 1190 5294 Capax
1228 5223 1397 5295 igitur
1414 5234 1501 5281 est
1530 5234 1726 5282 natura
1753 5234 1868 5281 tum
1912 5226 2045 5282 boni

2146 4584 2283 4639 ἀλλὰ
2331 4585 2422 4638 κα’δ
2464 4580 2741 4653 πορνεύων
2774 4596 2789 4609 ·
2822 4583 2917 4633 καὶ
2943 4580 3090 4632 ἐστιν
3120 4578 3311 4644 ἀλλος,
3343 4581 3491 4641 ὅστις
3527 4578 3622 4631 οὐκ
3648 4579 3708 4647 ἐᾷ

2144 4677 2268 4730 οὐδὲ
2316 4674 2609 4745 ἐπιθυμίαν
2655 4673 2900 4726 ἀνελθεῖν
2956 4673 3050 4725 ἐπὶ
3099 4671 3200 4743 τὴν
3245 4673 3474 4741 καρδίαν
3528 4671 3703 4724 αἰτοῦ.

2148 4768 2305 4823 Ἔστι
2344 4785 2428 4831 τις
2458 4765 2775 4836 διαρπάζων
2803 4763 2873 4817 τά
2914 4764 3007 4817 τοῦ
3039 4763 3297 4833 πλησίον·
3328 4764 3420 4815 καὶ
3450 4764 3593 4815 ἔστιν
3618 4763 3703 4815 ἄλ·

2143 4859 2236 4925 λος
2272 4859 2362 4916 διὰ
2385 4858 2695 4912 θεοσέϐειαν
2722 4858 2815 4910 καὶ
2842 4857 2910 4911 τὰ
2945 4856 3051 4909 ἴδια
3086 4856 3372 4918 διαδιδούς.
3414 4856 3571 4925 Ὁρᾷς
3600 4854 3706 4915 πῶς

2146 4954 2358 5024 τρεπτή
2397 4954 2544 5006 ἐστιν
2587 4950 2723 5021 αὐτὴ
2757 4951 2791 5019 ή
2825 4948 3013 5020 φύσις·
3042 4948 3190 5001 ἔστιν
3223 4948 3315 4999 ἐπὶ
3345 4948 3404 5000 τὺ
3435 4946 3597 4999 κακὸν
3624 4946 3709 5016 ρέ-

2149 5063 2347 5112 πουσα,
2380 5046 2473 5099 καί
2500 5045 2647 5098 ἔστιν
2685 5045 2779 5098 ἐπὶ
2811 5043 2871 5096 τὺ
2898 5042 3063 5095 καλὸν
3093 5037 3279 5105 αὖθις·
3322 5041 3415 5094 καὶ
3442 5041 3510 5093 δι’
3537 5042 3675 5110 ἀμφ

2149 5139 2323 5211 τέρων
2379 5137 2703 5208 ἐπιτηδείως
2752 5136 2864 5206 ἔχει
2904 5136 3094 5189 νεῦσαι
3156 5133 3288 5205 πρὸς
3356 5130 3423 5195 ἀς
3472 5131 3704 5201 βούλεται

2155 5230 2383 5303 πράξεις
2402 5246 2417 5260 ·
2465 5228 2689 5301 δεκτικὴ
2717 5224 2811 5282 οὖν
2837 5230 2870 5299 ἠ
2904 5226 3066 5298 φύσις
3095 5226 3192 5279 τοῦ
3221 5223 3389 5278 καλοῦ
3418 5240 3476 5276 τε
3503 5224 3590 5275 καὶ
3616 5221 3704 5274 τοῦ

474 5323 591 5373 tum
619 5316 777 5382 mali,
821 5316 937 5373 sive
979 5317 1181 5373 divina:
1221 5318 1430 5389 gratiae,
1457 5319 1572 5375 sive
1599 5319 1922 5378 adversaria:
1954 5338 2035 5392 po-

2146 5320 2342 5386 κακοῦ,
2383 5322 2505 5393 ἦτοι
2533 5320 2684 5384 θείας
2712 5320 2955 5390 χάριτος,
2990 5320 3111 5389 ἢτοι
3145 5314 3390 5379 ἐναντίας
3414 5313 3700 5383 δυνάμεως,

472 5408 687 5465 testatis
710 5425 724 5462 :
751 5408 1067 5464 necessitati
1096 5417 1279 5465 tamen
1307 5410 1503 5481 subjici
1539 5412 1766 5483 nequit;
1803 5414 2035 5483 quando-

2145 5414 2262 5470 ἀλλ’
2281 5416 2381 5469 οὐκ
2402 5414 2779 5483 ἀναγκαστική
2802 5428 2817 5443 ·
2843 5411 3038 5483 ἐπειδὴ
3062 5410 3122 5464 τὸ
3146 5408 3275 5479 πρὶν
3301 5406 3463 5469 αὐτὸς
3486 5406 3514 5458 6
3547 5404 3703 5471 Ἀδάει

474 5498 697 5569 quidem
730 5500 799 5554 ab
844 5500 1001 5556 initio
1033 5501 1203 5556 Adam
1253 5502 1313 5557 in
1351 5504 1592 5574 puritate
1639 5520 1764 5559 cum
1813 5505 2035 5573 viveret1

2146 5511 2206 5563 ὲν
2249 5508 2585 5580 καθαρότητι
2630 5504 2727 5571 ὢν,
2764 5504 3044 5558 ἐϐασίλευε
3070 5500 3181 5555 τῶν
3210 5497 3485 5568 λογισμῶν
3512 5494 3700 5549 αὑτοῦ·

474 5592 860 5649 dominabatur
903 5596 1330 5665 cogitationibus
1373 5597 1535 5664 suis;
1590 5614 1775 5654 verum
1823 5614 1889 5655 ex
1941 5615 2035 5673 qut.

2149 5602 2243 5672 ἀφ’
2290 5594 2353 5657 οὗ
2397 5602 2454 5655 δὲ
2502 5599 2720 5671 παρέϐη
2764 5600 2865 5653 τίπν
2908 5593 3150 5666 ἐντολὴν,
3193 5592 3293 5664 ὅρη
3342 5588 3699 5644 δυσϐάστακτα

546 5775 590 5809 ⁸³
613 5773 755 5833 Psal.
790 5790 968 5841 xxxiv,
995 5776 1051 5831 8.
