3966 6558
153 336 257 402 593

1349 338 1718 403 ΗΟΜΠιΙιΕ.
1747 366 1818 376 -
1849 341 2038 404 ΗΟΜ.
2075 343 2200 406 XV.

3297 341 3404 408 594

155 453 424 508 ἐπίκειται
451 451 530 525 τῷ
554 452 629 524 νῷ
654 453 841 510 αὑτοῦ.
879 454 994 510 Καὶ
1019 454 1071 512 oi
1096 455 1196 526 τῆς
1233 453 1435 520 κακίας
1468 454 1723 526 λογισμοὶ

1835 463 2199 527 transgressus
2222 465 2307 512 est
2339 454 2680 521 mandatum,
2701 454 3010 527 gravissimi
3042 464 3257 512 montes
3281 457 3392 526 ejus

151 547 580 618 παραμιγέντες,
610 548 723 600 ὅλοι
746 547 821 612 ὡς
849 547 971 603 ἴδιοι
992 547 1159 603 αὐτοῦ
1185 547 1455 617 ἐγένοντο,
1482 546 1582 602 καὶ
1601 547 1728 601 οὐδὲ.

152 631 234 698 εἷς
278 635 446 691 αὑτοῦ
486 636 616 702 ἴδιός
674 639 842 704 ἐστιν,
890 637 1081 710 ἐπειδὴ
1119 638 1442 710 κατέχονται
1484 636 1592 691 ὑπὸ
1623 636 1725 711 τῆς

151 729 372 793 κακίας.

222 823 370 891 KG’.
408 823 610 877 Λοιπὸν
651 822 889 892 ὀφείλεις
931 823 1164 894 ζητῆσαι
1208 822 1422 893 λύχνον,
1454 823 1542 877 ἵνα
1575 822 1722 896 ἁφθῇ

151 915 247 966 καὶ
277 913 443 986 εὕρῃς
466 913 592 980 τοὺς
615 913 891 986 καθαροὺς
915 911 1227 985 λογισμούς.
1271 906 1430 967 Οὗτοι
1458 913 1567 984 γάρ
1585 915 1724 965 εἰσιν

148 1005 201 1057 οἱ
232 1003 471 1074 φυσικοὶ,
496 1001 591 1065 οὓς
618 1003 876 1074 ἐποίησεν
900 1004 929 1056 6
961 1001 1185 1074 Κύριος.
1215 1003 1278 1056 Οί
1315 1001 1725 1071 ἁνατραφέντες

149 1096 231 1158 είς
281 1093 576 1158 θάλασσαν,
623 1091 827 1162 ἔμαθον
867 1091 1170 1162 κολυμϐᾷν,
1204 1091 1301 1146 καὶ
1339 1090 1468 1146 ὅταν
1514 1090 1724 1143 ἐπανα-

150 1184 324 1238 στῶσι
351 1184 623 1246 κλύδωνες
666 1183 760 1236 καὶ
788 1181 1031 1251 κύματα,
1061 1182 1124 1238 οὐ
1167 1178 1494 1250 ξενίζονται.
1537 1177 1725 1242 Οὕτως

143 1278 287 1330 εἰσὶν
331 1279 382 1332 oi
431 1275 766 1348 Χριστιανοί.
800 1275 1010 1346 Ὠσπερ
1062 1272 1188 1337 νοῦς
1230 1271 1478 1344 τριετοῦς
1508 1269 1723 1328 παιδίου

143 1370 207 1421 ού
245 1367 472 1422 δύναται
519 1365 770 1448 χωρῆσαι
810 1365 843 1436 ἢ
874 1363 1205 1444 καταλαϐεῖν
1234 1363 1357 1418 νοῦν
1387 1361 1596 1415 τελείου
1632 1378 1723 1413 σο-

144 1455 365 1526 φιστοῦ,
397 1436 698 1526 ἐπειδήπερ
726 1436 784 1509 ἓν
822 1457 971 1526 μέσῳ
1005 1436 1247 1526 παρῆλθε
1280 1453 1448 1518 πολύς
1476 1469 1561 1516 τις
1592 1451 1721 1523 χρό-

143 1565 272 1612 νος’
327 1547 472 1602 οὕτω
509 1548 602 1602 καὶ
648 1548 698 1602 oi
751 1547 1070 1619 Χριστιανοὶ
1112 1545 1188 1610 ὡς
1224 1543 1399 1618 βρέφη
1431 1544 1602 1616 νήπια
1633 1542 1725 1595 τὸν

143 1643 354 1712 κόσμον
404 1639 780 1704 κατανοοῦσιν,
817 1638 1133 1711 ἀφορῶντες
1177 1639 1257 1702 είς
1288 1640 1350 1691 τὸ
1387 1636 1584 1708 μέτρον
1623 1633 1725 1705 τῆς

141 1736 403 1805 χάριτος⁶
453 1733 592 1799 ξένοι
635 1732 746 1805 γάρ
791 1734 900 1786 εἰσι
932 1729 1026 1785 τοῦ
1074 1730 1268 1792 αἰῶνος
1307 1729 1521 1784 τούτου.
1567 1727 1632 1782 Ἡ
1666 1726 1724 1779 δὲ

139 1825 303 1890 πόλις
333 1824 512 1878 αὐτῶν
550 1823 647 1877 καὶ
694 1826 728 1895 ή
782 1823 1092 1885 ἀνάπαυσις
1126 1821 1263 1892 άλλη
1313 1820 1461 1874 ἐστίν
1485 1836 1499 1850 ο
1536 1818 1717 1888 ἔχουσι
1751 1813 1796 1870 Β

138 1920 255 1989 γὰρ
293 1919 343 1970 οἱ
374 1916 692 1988 Χριστιανοὶ
720 1914 820 1985 τὴν
849 1913 1197 1984 παράκλησιν
1239 1909 1332 1965 τοῦ
1381 1909 1720 1977 Πνεύματος,

138 2012 385 2082 δάκρυα,
420 2010 516 2064 καὶ
564 2008 795 2071 πένθος,
841 2007 936 2060 καὶ
969 2003 1295 2075 στεναγμὸν,
1337 2002 1432 2055 καὶ
1469 2000 1610 2054 αὐτὰ
1651 1998 1725 2053 τὰ

141 2103 357 2172 δάκρυα
392 2099 575 2172 τρυφὴ
617 2100 800 2160 αὐτοῖς
847 2098 1018 2152 ἐστιν.
1067 2097 1292 2166 Ἔχουσι
1319 2094 1378 2148 δὲ
1412 2094 1507 2146 καὶ
1557 2089 1724 2162 φόϐον

148 2197 210 2246 ἐν
234 2196 404 2272 Ωχαρᾷ
451 2194 546 2248 καὶ
587 2190 905 2262 ἀγαλλιάσει
935 2205 950 2221 ⁸
1002 2187 1099 2243 καὶ
1129 2187 1302 2250 οὕτως
1333 2186 1470 2244 εἰσὶν
1504 2184 1580 2248 ὡς
1629 2183 1724 2237 άν-

146 2286 361 2354 ορωποι
408 2283 772 2356 βαστάζοντες
807 2284 888 2347 είς
925 2280 1025 2346 τάς
1056 2282 1246 2353 χεῖρας
1277 2276 1459 2334 αὐτῶν
1487 2276 1548 2330 τὸ
1581 2271 1723 2347 αἷμα

140 2379 348 2444 αὐτῶν,
386 2380 461 2452 μὴ
496 2375 826 2450 θαρροῦντες
859 2376 1096 2439 ἑαυτοῖς.
1132 2373 1167 2452 ἢ
1201 2372 1437 2452 οἰόμενοί
1464 2388 1517 2427 τι
1553 2362 1718 2437 εἶναι,

140 2470 266 2523 ἀλλ’
315 2471 466 2535 ὄντες
526 2468 961 2539 ὲξουδενούμενοι
1007 2467 1104 2522 καὶ
1161 2461 1720 2535 ἀποδεδοκιμασμένοι

139 2559 300 2632 παρὰ
331 2559 540 2624 πάντας
567 2558 909 2632 ἀνθρώπους.

214 2654 348 2708 ΚΖ’.
392 2654 602 2724 ’Ὠσπερ
650 2653 746 2712 ἐὰν
898 2649 1174 2723 βασιλεὺς,
1225 2649 1324 2705 καὶ
1379 2649 1583 2722 πτωχῷ
1616 2667 1722 2710 τινι

138 2746 468 2818 παράθηται
508 2744 600 2798 τὸν
635 2742 832 2800 ἑαυτοῦ
870 2743 1164 2816 θησαυρὸν,
1199 2745 1228 2798 6
1254 2741 1589 2815 παραλαϐὼν
1617 2759 1722 2812 φυ-

136 2838 326 2905 λάξαι,
362 2839 464 2891 οὐκ
508 2837 623 2908 ἔχει
665 2837 828 2894 αὑτὸν
860 2835 935 2906 ὡς
971 2835 1124 2903 ἴδιον,
1165 2835 1280 2889 ἀλλ’
1303 2835 1557 2905 ὁμολογεῖ
1585 2834 1722 2888 πάνυ

138 2951 272 2987 τοτε
302 2933 403 3003 τὴν
437 2931 714 3002 πτωχείαν
755 2930 944 2995 αὑτοῦ,
983 2929 1060 3001 μὴ
1084 2929 1300 3001 τολμῶν
1335 2926 1722 3000 διασκορπίσαι

137 3028 207 3079 ἐκ
253 3025 351 3078 τοῦ
397 3024 676 3096 ἀλλοτρίου
713 3023 988 3094 θησαυροῦ
1022 3037 1038 3053 °
1063 3022 1224 3077 τοῦτο
1252 3031 1361 3093 γαρ
1405 3021 1722 3092 ἐνθυμεῖται

140 3122 414 3216 πάντοτε,
445 3119 541 3216 Δὡς
567 3121 631 3216 ρῠ
683 3117 845 3189 μόνον
887 3115 1164 3188 ἀλλότριος
1190 3117 1335 3172 ἐστιν
1359 3115 1388 3168 6
1417 3112 1720 3185 θησαυρὸς,
1745 3153 1792 3216 C

139 3211 288 3264 ἀλλὰ
320 3212 414 3263 καὶ
440 3208 690 3280 βασιλεὺς
716 3207 981 3274 δυνάστης
1005 3204 1274 3283 παρέθετό
1299 3221 1390 3275 μοι
1419 3203 1602 3268 αὐτὸν,
1626 3204 1724 3260 καὶ

139 3305 279 3358 ὅταν
309 3301 440 3374 θέλῃ
470 3301 735 3372 λαμϐάνει
777 3299 940 3354 αὐτὸν
973 3298 1066 3354 ἀπ’
1095 3297 1232 3370 ἐμοῦ
1250 3316 1264 3329 ο
1297 3295 1472 3361 οὕτως
1501 3297 1727 3360 ἑαυτοὺς

142 3394 458 3461 ὀξείλουσιν
501 3391 753 3464 ἡγεῖσθαι
801 3392 897 3448 καὶ
944 3392 995 3444 oi
1025 3389 1242 3461 ἔχοντες
1294 3389 1394 3460 τὴν
1430 3389 1595 3462 χάριν
1631 3387 1726 3444 τοῦ

151 3487 293 3542 Θεοῦ
320 3526 337 3552 ,
381 3488 827 3556 ταπεινοφρονεῖν
863 3485 957 3538 καὶ⁵
1003 3484 1284 3554 ὁμολογεῖν
1323 3483 1421 3554 τὴν
1453 3483 1728 3555 πτωχείαν

153 3578 360 3635 αὐτῶν.
392 3579 601 3648 Ὠσπερ
633 3578 740 3648 γὰρ
770 3579 798 3631 6
836 3577 1048 3648 πτωχὸς
1075 3579 1104 3632 6
1128 3576 1306 3630 λαϐὼν
1347 3577 1445 3649 τὴν
1475 3579 1730 3654 παραθή-

149 3687 264 3742 κην
291 3669 383 3723 τοῦ
407 3667 681 3741 θησαυροῦ
717 3668 870 3740 παρὰ
893 3668 986 3721 τοῦ
1015 3667 1301 3739 βασιλέως,
1335 3669 1430 3722 ὲάν
1454 3669 1732 3738 πεποιθὼς

146 3766 251 3826 ἐπὶ
279 3763 360 3836 τῷ
387 3763 654 3834 ἀλλοτρίῳ
681 3761 961 3834 θησαυρῷ,
994 3761 1068 3826 ὡς
1103 3761 1218 3834 ἰδίῳ
1249 3762 1464 3835 πλούτῳ
1483 3764 1694 3836 ἐπαρθῇ
1712 3805 1729 3834 ,

145 3861 252 3912 καὶ
299 3857 470 3925 τύφον
513 3855 652 3928 λάϐῃ
687 3857 722 3926 ἡ
761 3855 958 3926 καρδία
1006 3854 1204 3913 αὑτοῦ.
1249 3856 1395 3927 αἴρει
1438 3855 1534 3910 ἀπ’
1565 3854 1733 3911 αὐτοῦ

135 3954 172 4006 ὁ
213 3950 474 4021 βασιλεὺς
501 3950 590 4003 τὸν
619 3948 890 4020 θησαυρὸν
913 3947 1102 4012 αὐτοῦ,
1127 3947 1222 4002 καὶ
1244 3947 1394 4020 μένει
1425 3950 1454 4002 ὁ
1486 3948 1735 4024 ἐσχηκὼς

133 4041 320 4095 αὑτὸν
362 4041 422 4092 ὲν
467 4037 929 4110 παρακαταθήκῃ,
975 4031 1086 4100 οἷος
1112 4033 1182 4108 ἦν
1215 4036 1322 4107 πρὸ
1349 4035 1542 4090 τούτου
1589 4054 1737 4091 πτω-

130 4132 247 4204 χός
290 4147 304 4159 ·
335 4128 512 4193 οὕτως
554 4128 650 4182 καὶ¹
677 4129 727 4183 οἱ
757 4127 974 4199 ἔχοντες
1000 4128 1099 4202 τὴν
1120 4128 1302 4200 χάριν,
1327 4128 1423 4183 ἐὰν
1453 4128 1737 4200 ἐπαρθώσι

131 4226 248 4280 καὶ
282 4223 452 4292 τύερον
492 4222 730 4276 λάϐωσιν
757 4223 811 4276 αί
855 4220 1073 4292 κάρδιαι
1102 4220 1304 4287 αὐτῶν,
1347 4219 1494 4294 ατρει
1519 4223 1614 4275 ἀπ’
1642 4223 1740 4277 αύ-

125 4319 266 4372 τῶν
298 4318 328 4370 ὁ
359 4314 564 4387 Κύριος
592 4313 691 4384 τὴν
719 4313 878 4384 χάριν
898 4311 1088 4374 αὑτοῦ,
1113 4312 1207 4366 καὶ
1232 4312 1456 4382 μένουσι
1481 4313 1735 4382 τοιοῦτοι,

120 4406 262 4468 οἷοι
299 4404 442 4480 ἦσαν
490 4405 596 4478 πρὸ
640 4403 735 4458 τοῦ
772 4403 958 4456 λαϐεῖν
985 4401 1083 4474 τὴν
1127 4401 1288 4473 χάριν
1321 4403 1474 4474 παρὰ
1500 4403 1596 4458 τοῦ
1623 4405 1739 4458 Κυ-

123 4507 304 4582 ρίου.

216 4595 376 4654 KH’.
427 4593 589 4650 Ἀλλά
621 4592 808 4647 πολλοὶ
844 4591 1022 4647 καίτοι
1065 4590 1330 4662 συνούσης
1357 4590 1457 4662 τῆς
1480 4589 1737 4664 χάριτος,

115 4690 523 4761 κλεπτόμενοι
563 4687 668 4746 ὑπὸ
709 4687 807 4758 τῆς
832 4685 1100 4756 ἁμαρτίας
1129 4685 1244 4745 ,ούκ
1277 4684 1503 4738 οἴδασιν.
1530 4684 1742 4756 Ὠσπερ

114 4788 250 4840 ἐὰν
331 4781 577 4850 νεωτέρα
597 4781 655 4833 ὲν
682 4779 814 4848 οἴκῳ
834 4778 958 4837 τινὶ,
981 4776 1182 4847 ὁμοίως
1205 4775 1301 4830 καὶ
1323 4775 1586 4846 νεώτερος
1603 4792 1616 4807 ο
1647 4775 1744 4828 καὶ

113 4874 349 4930 λοιπὸν
362 4869 768 4941 κολακευομένη
788 4867 880 4922 ὑπ’
898 4867 1106 4922 ἐκείνου
1128 4868 1268 4938 αὑτὴ
1287 4866 1547 4938 συνθῆται
1570 4866 1740 4937 αὐτῷ,

109 4967 456 5042 μοιχᾶται,
485 4965 580 5016 καὶ
605 4961 912 5032 ἀπόϐλητος
942 4959 1154 5029 γίνεται
1174 4976 1188 4991 °
1223 4957 1366 5012 οὕτω
1393 4960 1488 5012 καὶ
1519 4957 1551 5010 ὁ
1571 4957 1743 5021 δεινὸς

109 5061 286 5130 δερις
321 5056 426 5126 τῆς
457 5055 732 5126 ἁμαρτίας
773 5052 989 5107 σύνεστι
1011 5053 1076 5122 τῇ
1098 5050 1246 5124 ψυχῇ
1272 5050 1626 5123 γαργαρίξων
1650 5049 1745 5102 καὶ

109 5148 614 5222 προτρεπόμενος
638 5163 652 5179 ο
695 5145 786 5200 καὶ
808 5145 902 5199 ἐὰν
927 5144 1224 5214 συνθῆται,
1253 5144 1501 5196 κοινωνεῖ
1538 5142 1572 5213 ἡ
1603 5138 1746 5194 ἀσώ-

107 5244 341 5321 ματός
361 5241 511 5314 ψυχὴ
530 5244 597 5313 τῇ
623 5238 900 5310 ἀσωμάτῳ
922 5237 1092 5308 κακίᾳ
1116 5235 1210 5289 τοῦ
1233 5234 1567 5306 πνεύματος,
1593 5249 1747 5286 τουτο

106 5333 564 5405 ἐστι,.πνεῦμα
592 5331 862 5402 πνεύματι
886 5329 1155 5395 κοινωνεῖ,
1185 5327 1280 5381 καὶ
1309 5325 1552 5398 μοιχεύει
1580 5325 1638 5378 ἐν
1677 5325 1745 5394 τῇ

107 5429 369 5505 καρδίᾳ
391 5426 556 5480 αὑτοῦ
582 5427 612 5480 6
652 5423 1030 5493 συντιθέμενος
1060 5421 1156 5476 καλ⁸
1195 5418 1624 5488 καταδεχόμενος
1655 5415 1747 5468 τὸν

104 5519 431 5592 λογισμὸν
455 5518 549 5572 τοῦ
576 5514 837 5588 πονηροῦ.
860 5514 934 5567 Τὸ
955 5508 1048 5566 οῦν
1077 5511 1275 5582 μέτρον
1295 5509 1389 5563 τοῦ
1416 5507 1624 5578 ἀγῶνός
1652 5523 1745 5560 σου

99 5615 326 5672 τοῦτό
349 5613 522 5675 ἐστιν,
551 5610 639 5665 ἵνα
660 5609 735 5680 μὴ
761 5605 1056 5679 μοιχεύσῃς
1080 5606 1137 5656 ὲν
1165 5605 1276 5665 τοῖς
1298 5602 1576 5672 λογισμοῖς
1631 5599 1747 5654 ἀλλ’

107 5710 246 5762 ἵνα
275 5704 546 5771 ἀντιστῇς
567 5699 646 5770 τῷ
668 5698 763 5770 νῷ,
796 5698 891 5751 καὶ
912 5695 1114 5748 ἔσωθεν
1141 5695 1372 5765 ποιήσῃς
1399 5694 1633 5763 πόλεμον
1657 5691 1750 5745 καὶ

102 5797 382 5870 ἀγῶνα,
413 5796 507 5849 καὶ
536 5793 612 5866 μὴ
639 5791 976 5863 ὑπεικούσης,
1013 5787 1148 5861 μηδὲ
1185 5787 1517 5860 συνῃδυνθῇς
1544 5786 1609 5858 τῇ
1647 5801 1748 5838 κα-

1824 547 2154 604 ineumbunt
2175 547 2377 604 animo.
2407 546 2486 602 Ac
2506 561 2689 616 pravae
2711 546 3072 616 cogitationes
3099 545 3398 618 permistaz,

1822 639 2050 695 omnino
2079 639 2238 695 factae
2283 650 2415 694 sunt
2444 638 2598 693 velut
2628 638 2749 708 ejus
2794 637 3054 708 propriae,
3086 651 3186 690 nec
3220 645 3400 692 tamen

1823 731 1935 789 ulla
1958 731 2133 800 ipsius
2161 730 2382 802 propria
2406 739 2512 797 est,
2530 728 2660 800 quia
2687 728 3040 800 possidentur
3068 745 3098 782 a
3125 727 3291 782 vitiis.

1893 821 2085 878 XXVI.
2118 821 2298 878 Debes
2349 821 2518 892 igitur
2560 836 2810 890 quaerere
2839 821 3145 885 lucernam,
3171 835 3276 889 qua
3308 833 3401 872 ac-

1822 927 1989 967 censa
2011 912 2257 982 reperias
2286 928 2455 983 puras
2499 911 2878 984 cogitationes.
2928 911 3039 966 Illae
3083 910 3230 966 enim
3272 919 3404 966 sunt

1824 1004 2127 1074 naturales,
2151 1021 2290 1076 quas
2320 1004 2452 1060 fecit
2504 1005 2799 1069 Dominus;
2835 1020 2957 1074 qua:
2998 1003 3222 1074 quidem
3266 1019 3404 1058 euu-

1826 1095 1972 1156 trita:
2018 1095 2074 1151 in
2118 1095 2258 1162 mari
2304 1095 2624 1152 didicerunt
2656 1105 2882 1150 natare:
2918 1111 3040 1160 nec,
3085 1095 3130 1150 si
3181 1094 3404 1165 quando

1823 1186 2228 1244 assurrexerint
2270 1194 2627 1255 tempestates
2675 1201 2741 1241 ac
2784 1185 3007 1250 ﬂuetus.
3055 1195 3403 1254 stupescunt.

1824 1280 2023 1350 Sicque
2047 1277 2510 1336 suntChristiani.
2535 1277 2698 1333 Velut
2728 1293 2885 1332 mens
2903 1277 3059 1348 pueri
3092 1278 3261 1342 trimi,
3281 1292 3401 1348 qua

1823 1386 1937 1427 non
1980 1377 2164 1442 potest
2214 1369 2435 1440 assequi
2490 1377 2586 1424 aut
2630 1368 3104 1438 comprehendere
3162 1379 3404 1424 mentem

1824 1463 2058 1536 perfecti
2103 1461 2383 1533 sophistae,
2441 1461 2570 1531 quia
2622 1459 2926 1516 interfluxit
2978 1462 3211 1516 multum
3267 1471 3406 1518 temo

1824 1555 2013 1627 poris,
2043 1554 2123 1610 sic
2164 1568 2386 1624 quoque
2431 1551 2728 1608 Christiani
2773 1551 3005 1622 perinde
3051 1567 3116 1607 ac
3166 1553 3405 1608 infantes

1824 1645 2094 1704 mundum
2119 1644 2458 1715 despiciunt,
2490 1643 2767 1700 intuentes
2796 1643 3026 1716 gradum
3058 1643 3264 1715 gratiae.
3290 1644 3403 1698 Ηοο

1824 1739 1999 1811 spites
2025 1737 2175 1793 enim
2207 1744 2338 1792 sunt
2380 1736 2548 1806 hujus
2584 1736 2791 1792 saeculi.
2822 1734 3028 1790 Civitas
3055 1743 3238 1790 autem
3283 1735 3403 1789 illo-

1824 1846 1947 1886 rum
1997 1837 2056 1886 et
2100 1829 2320 1900 requies
2351 1839 2437 1884 est
2485 1829 2614 1884 alia.
2665 1828 2882 1882 Habent
2927 1828 3078 1882 enim
3104 1826 3400 1882 Christiani

1823 1924 2257 1982 consolationem
2306 1922 2568 1994 Spiritus,
2608 1922 2898 1994 lacrymas,
2932 1923 3140 1976 luctum
3170 1928 3227 1974 et
3252 1921 3404 1990 plan-

1823 2031 1971 2076 etum
1998 2037 2010 2073 :
2041 2027 2097 2074 ct
2131 2019 2263 2088 ipsae
2314 2017 2565 2088 lacrymze
2613 2025 2742 2071 sunt
2769 2017 2877 2070 illis
2909 2016 3031 2070 vice
3058 2014 3401 2070 deliciarum.

1823 2109 2040 2165 Habent
2067 2121 2288 2178 quoque
2306 2115 2513 2161 metum
2545 2121 2672 2160 cum
2701 2105 2901 2176 gaudio
2919 2112 2977 2160 et
2999 2103 3399 2159 exsultatione:

1821 2203 2015 2274 sicque
2068 2208 2200 2255 sunt
2245 2199 2398 2254 velut
2448 2197 2700 2252 homines
2728 2204 3005 2267 gestantes
3055 2194 3109 2249 in
3146 2193 3406 2248 manibus

1823 2293 2145 2364 sanguinem
2161 2304 2467 2355 suum,non
2491 2287 2722 2342 nimium
2743 2287 2848 2341 sibi
2883 2285 3016 2356 ipsis
3037 2285 3398 2348 conﬁdentes,

1821 2392 1920 2439 aut
1945 2381 2325 2438 existimantes
2354 2395 2412 2435 se
2441 2378 2648 2448 aliquid
2684 2393 2828 2441 esse,
2855 2377 2950 2431 sed
2990 2385 3120 2430 sunt
3143 2374 3401 2446 neglecti,

1823 2473 2124 2545 contempti
2159 2488 2225 2528 ac
2249 2471 2525 2542 reprobati
2554 2471 2700 2542 apud
2729 2485 2922 2525 omnes
2952 2468 3224 2523 homines.

1892 2662 2105 2719 XXVII.
2123 2661 2234 2734 60
2257 2657 2730 2728 Quemadmodum
2754 2656 2799 2711 si
2829 2671 2923 2710 rex
2943 2652 3085 2725 apud
3108 2667 3404 2723 pauperem

1822 2755 2114 2828 quemdam
2146 2755 2388 2824 deponat
2420 2767 2581 2808 suum
2625 2751 2973 2813 thesaurum,
3002 2748 3050 2802 is
3069 2746 3164 2816 qui
3193 2748 3406 2815 accepit

1821 2849 1888 2904 ad
1919 2845 2365 2911 custodiendum,
2387 2859 2498 2900 non
2528 2850 2748 2914 reputat
2790 2839 2944 2896 illum
2985 2847 3046 2892 ut
3090 2853 3276 2901 suum,
3308 2835 3406 2890 sed

1823 2941 2029 3010 ubique
2056 2938 2260 2994 fatetur
2282 2943 2662 3007 paupertatem
2693 2948 2870 2997 suam,
2896 2948 3006 2986 non
3033 2929 3243 2984 audens
3269 2927 3406 2982 dila—

1823 3033 2014 3104 pidare
2043 3028 2251 3101 aliquid
2289 3043 2358 3084 ex
2386 3027 2567 3084 alieno
2604 3025 2904 3080 thesauro:
2949 3022 3054 3076 hoc
3096 3035 3312 3089 semper
3351 3018 3405 3072 in

1823 3125 2007 3180 animo
2026 3137 2274 3187 versans,
2294 3135 2404 3176 non
2446 3133 2567 3174 esse
2591 3117 2766 3172 solum
2791 3115 3029 3169 alienum
3064 3111 3404 3173 thesaurum,

1828 3213 1926 3271 sed
1962 3212 2128 3270 etiam
2157 3225 2343 3282 regem
2385 3208 2565 3268 virum
2593 3220 2821 3262 summa!
2863 3202 3122 3274 potentiae
3147 3216 3272 3255 eum
3312 3199 3409 3253 de-

1826 3306 2077 3378 posuisse
2102 3302 2248 3372 apud
2278 3317 2358 3366 se,
2382 3314 2468 3362 ac,
2493 3297 2713 3369 quando
2753 3295 2804 3350 ei
2833 3294 3012 3348 visum
3043 3293 3134 3354 sit,
3164 3307 3195 3345 a
3223 3305 3283 3344 se
3319 3304 3408 3344 re-

1829 3391 2338 3470 poscerezeosdem
2382 3389 2588 3445 debent
2633 3403 2690 3442 se
2727 3394 3006 3456 reputare,
3035 3381 3131 3452 qui
3179 3381 3408 3452 gratiam

1830 3489 2074 3546 divinam
2117 3481 2401 3541 consecuti
2451 3489 2602 3546 sunt,
2632 3478 2868 3534 demisse
2903 3490 2969 3530 ac
3016 3473 3302 3529 humiliter
3341 3470 3411 3525 de

1831 3601 1892 3642 se
1938 3582 2172 3646 sentire,
2213 3594 2280 3634 ac
2329 3574 2583 3634 conliteri
2645 3571 2885 3643 inopiam
2944 3583 3121 3624 suam.
3171 3563 3410 3622 Perinde

1830 3675 1980 3733 enim
2005 3687 2071 3729 ac
2094 3672 2141 3728 si
2163 3685 2395 3742 pauper,
2423 3667 2520 3738 qui
2553 3667 2872 3721 thesaurum
2893 3676 2926 3716 a
2948 3675 3074 3727 rege
3099 3656 3408 3728 depositum

1833 3767 2074 3837 accepit,
2109 3764 2292 3820 alieno
2331 3761 2591 3816 thesauro
2645 3755 2820 3811 fretus
2856 3753 3007 3807 velut
3047 3749 3165 3804 suis
3213 3747 3414 3816 opibus

1833 3862 2117 3922 efferatur,
2144 3872 2207 3911 ac
2225 3869 2322 3911 cor
2349 3853 2469 3924 ejus
2498 3851 2638 3905 altos
2659 3855 2840 3902 sumat
2863 3845 3114 3916 spiritus,
3139 3839 3320 3895 aufert
3341 3837 3412 3892 ab

1833 3968 1902 4012 eo
1930 3967 2026 4006 rex
2056 3949 2376 4004 thesaurum
2413 3955 2598 4004 suum,
2625 3955 2688 3993 ac
2717 3942 3005 4006 permanet
3047 3933 3161 3996 ille,
3192 3928 3287 3999 qui
3320 3928 3422 3980 dce-

1837 4040 2001 4114 positi
2044 4040 2168 4100 loco
2198 4051 2326 4092 eum
2365 4040 2678 4103 acceperat,
2703 4028 2879 4099 qualis
2909 4033 3027 4080 erat
3064 4031 3245 4084 antea,
3277 4035 3413 4090 pau-

1836 4113 1938 4208 per
1968 4133 2090 4189 :sic
2112 4145 2353 4202 quoque,
2376 4127 2470 4196 qui
2493 4125 2724 4196 gratiam
2753 4115 3030 4175 consecuti
3062 4123 3212 4179 sunt,
3242 4113 3288 4168 si
3315 4128 3416 4166 ex-

1837 4228 2127 4291 tollantur,
2156 4238 2221 4280 ac
2259 4218 2577 4291 superbiam
2625 4211 2942 4282 concipiant
2983 4221 3174 4263 eorum
3223 4202 3422 4271 corda,

1837 4321 2020 4380 aufert
2037 4318 2106 4373 ab
2136 4316 2246 4379 illis
2279 4311 2543 4370 Dominus
2580 4306 2810 4379 gratiam
2841 4318 3017 4364 suam,
3047 4307 3104 4354 et
3129 4301 3418 4354 remanent

1840 4413 1996 4477 tales,
2024 4409 2216 4480 quales
2238 4413 2400 4462 erant
2423 4405 2744 4474 priusquam
2777 4392 3060 4451 consecuti
3083 4398 3269 4447 essent
3287 4403 3415 4460 gra-

1771 4533 1816 4589 D
1843 4504 1972 4560 tiam
1999 4518 2029 4556 a
2051 4498 2303 4564 Domino.

1915 4593 2153 4650 XXVIII.
2181 4591 2385 4646 Verum
2426 4584 2606 4651 multi,
2650 4598 2709 4640 se
2752 4581 2840 4638 vel
2887 4578 3229 4635 inllabitante
3259 4574 3316 4630 in
3357 4590 3418 4630 se

1843 4687 2038 4761 gratia,
2057 4701 2087 4739 a
2109 4690 2332 4754 peccato
2349 4679 2488 4734 clam
2508 4673 2720 4745 subripi
2737 4689 2846 4727 non
2866 4671 3196 4743 percipiunt.
3215 4669 3420 4734 Quem-

1843 4777 2140 4835 admodum
2194 4774 2239 4828 si
2282 4773 2354 4828 sit
2402 4771 2454 4825 in
2501 4770 2664 4824 domo
2697 4768 2878 4837 aliqua
2921 4763 3167 4834 qutedam
3222 4762 3420 4831 juven-

1844 4869 1988 4932 cula,
2015 4864 2273 4920 similiter
2317 4869 2374 4916 et
2413 4859 2773 4919 adolescens;
2813 4860 3068 4907 caeterum
3123 4849 3243 4930 haec
3290 4861 3420 4898 ver-

1845 4963 2041 5026 borum
2087 4952 2364 5011 illecebris
2396 4951 2465 5008 ab
2488 4965 2555 5006 eo
2584 4947 2822 5009 devicta,
2848 4942 2926 4997 illi
2973 4937 3270 5002 consentit,
3302 4943 3421 4990 stu-

1845 5067 2004 5126 prum
2037 5045 2354 5109 committit,
2379 5058 2464 5106 ac,
2507 5055 2628 5110 quae
2672 5035 3000 5106 expellatur,
3030 5037 3311 5083 meretur:
3342 5025 3422 5079 sic

1849 5118 2114 5200 terribilis
2133 5140 2223 5192 ille
2243 5148 2473 5205 serpens
2500 5127 2710 5202 peccati
2735 5134 3002 5199 perpetuo
3025 5120 3183 5175 adest
3203 5118 3440 5172 animae!

1847 5251 1966 5291 eam
2017 5231 2264 5286 alliciens
2311 5242 2375 5281 ac
2422 5235 2746 5295 provocans,
2804 5233 2925 5287 qua:
2979 5213 3022 5268 si
3071 5211 3422 5281 astipuletur,

1848 5323 2218 5382 conmt'uuicat
2261 5318 2444 5374 anima
2487 5315 2810 5381 incorporea
2843 5323 2965 5361 cum
3020 5305 3155 5359 vitio
3195 5302 3430 5372 spiritus

1851 5418 2202 5486 incorporeo.
2227 5411 2331 5465 hoc
2350 5416 2454 5474 est,
2478 5405 2708 5477 spiritus
2727 5416 2853 5456 cum
2881 5398 3076 5471 spiritu
3103 5397 3422 5452 societatem

1851 5508 1975 5573 iuit,
1998 5516 2053 5560 et
2082 5503 2414 5560 adulteriqu
2446 5495 2745 5554 committit
2773 5493 2830 5547 in
2859 5492 3026 5548 corde
3066 5502 3166 5549 suo
3216 5489 3282 5553 is,
3331 5487 3425 5555 qui

1849 5598 2112 5654 societate
2170 5594 2304 5649 inita
2348 5589 2543 5661 recipit
2608 5585 2992 5656 cogitationem
3078 5577 3427 5650 nequissimi.

1850 5693 2042 5747 Modus
2084 5703 2213 5758 ergo
2248 5681 2567 5739 certaminis
2602 5678 2680 5734 ttti
2729 5679 2822 5731 hic
2866 5686 2969 5740 est,
3001 5691 3068 5730 ne
3097 5675 3429 5730 adulterium

1853 5782 2165 5841 counuittas
2192 5779 2247 5837 in
2285 5772 2708 5849 cegitatiouibus
2735 5769 2864 5835 tuis,
2890 5767 2986 5826 sed
3023 5776 3082 5824 ut
3109 5765 3427 5830 relucteris,
