3966 6566
515 370 624 433 595

1756 357 1819 417 S.
1856 355 2176 417 MACARII
2215 354 2539 415 IEGYPTII

3668 356 3768 422 596

514 484 571 529 et
599 475 883 528 internum
912 470 1117 525 bellum
1148 484 1212 524 ac
1262 480 1500 538 uugnam
1534 465 1819 536 suscipias,
1842 479 1945 519 nec
1980 478 2102 517 mo-

2216 462 2298 533 ιιία
2322 463 2380 516 ὲν
2423 465 2535 527 τοῖς
2574 462 2886 534 λογισμοις⁸
2932 462 3025 517 καὶ
3054 462 3152 516 ἐὰν
3176 462 3385 531 ταύτην
3424 462 3524 531 τὴν
3558 464 3774 536 ἕτοιμα-

517 583 631 621 rem
665 580 846 636 geras,
877 578 1015 617 neve
1057 561 1349 615 delecteris
1374 575 1405 614 a
1433 557 1681 627 nequitia
1716 558 1771 611 in
1812 555 2097 626 cogitatio.

514 656 706 709 nibus.
731 653 906 720 Quam
934 649 1105 704 animi
1137 645 1629 719 promptitudinem
1659 643 1706 699 si
1748 644 2012 699 Dominus
2042 644 2098 699 in

516 759 572 802 te
603 742 1004 816 deprehendat,
1029 742 1087 795 in
1111 738 1409 794 novissimo
1448 737 1538 792 die
1578 735 1813 807 recipiet
1842 744 1895 791 te
1932 737 1990 791 in
2012 752 2101 793 re-

514 854 688 911 gnum
715 838 1004 893 calorum.

591 930 784 985 XXIX.
822 929 963 983 Sunt
988 926 1135 981 enim
1179 924 1450 995 quaadam,
1482 940 1605 995 quae
1655 925 1732 980 ita
1781 923 2101 979 moderatur

521 1022 808 1084 Dominus,
836 1036 905 1074 ne
926 1018 1140 1071 nullum
1177 1016 1557 1071 testimonium
1586 1016 1779 1088 gratiae
1820 1015 2021 1070 divina:
2046 1025 2102 1071 et

519 1112 835 1167 vocationis
856 1127 968 1165 sua:
999 1109 1241 1164 ediderit
1267 1126 1281 1162 :
1310 1118 1439 1164 sunt
1465 1106 1597 1163 item
1627 1118 1684 1162 et
1717 1108 1845 1172 alia,
1873 1124 1994 1177 qua:
2025 1109 2101 1162 ita

521 1203 900 1275 permittendo
956 1202 1309 1256 administrat
1368 1202 1544 1265 Deus,
1606 1208 1665 1254 ut
1724 1200 1994 1270 probetur
2048 1208 2104 1254 ct

516 1306 851 1351 exerceatur
901 1295 1088 1359 homo,
1134 1310 1198 1349 ac
1243 1295 1466 1364 pateliat
1512 1293 1749 1347 liberum
1803 1293 2104 1348 voluntatis

520 1391 781 1443 humana:
816 1388 1131 1443 arbitrium.
1166 1385 1572 1441 Alllictionibus
1620 1385 1767 1440 enim
1814 1400 1879 1439 ac
1923 1394 2103 1439 tenta-

523 1483 775 1539 tionibus
827 1480 1100 1551 oppressi,
1152 1480 1196 1533 si
1253 1478 1639 1540 sustinuerint,
1683 1493 1794 1531 non
1843 1476 2105 1532 excidunt

525 1592 697 1647 regno
752 1575 1037 1629 caelorum.
1085 1570 1385 1626 C-hristiani
1437 1585 1569 1639 ergo
1607 1569 1662 1622 in
1706 1568 1871 1623 rebus
1894 1567 2105 1637 asperis

528 1670 682 1722 nullo
708 1684 810 1722 nec
836 1667 1026 1721 dolore
1062 1680 1163 1718 nec
1194 1663 1416 1716 tristitia
1445 1661 1777 1717 alliciuntur.
1808 1660 1864 1715 Si
1916 1660 2104 1731 inopia

529 1770 624 1815 aut
657 1758 989 1814 contumelia
1022 1758 1401 1826 explorantur,
1451 1771 1558 1809 non
1615 1754 1821 1809 debent
1866 1754 2107 1808 admira-

526 1853 678 1907 tione
702 1851 841 1906 allici
865 1868 880 1917 ;
916 1851 1102 1921 potius
1141 1856 1464 1918 paupertate
1488 1848 1775 1913 delectari,
1800 1863 1862 1902 ac
1896 1864 1995 1917 pro
2018 1848 2106 1902 di-

529 1944 681 1998 vitiis
714 1944 941 2005 habere.
970 1942 1239 2013 jejunium
1300 1956 1400 2010 pro
1466 1940 1700 2005 deliciis,
1749 1940 2105 2011 ignominiam

528 2049 631 2106 pro
660 2034 854 2106 gloria.
882 2035 958 2088 Ex
995 2034 1228 2088 adverso
1275 2033 1319 2087 si
1367 2033 1663 2088 inciderint
1707 2033 1762 2086 in
1795 2048 1885 2086 res
1918 2033 1972 2087 in
2006 2033 2110 2088 hac

527 2128 643 2182 vita
677 2128 987 2197 pneclaras,
1018 2142 1140 2196 quae
1172 2141 1269 2180 eos
1298 2126 1560 2179 allectant
1584 2124 1652 2178 ad
1702 2125 1944 2194 quietem
1991 2140 2110 2179 car-

531 2219 738 2283 nalem,
770 2218 836 2272 ad
870 2218 1116 2281 divitias,
1165 2216 1232 2271 ad
1287 2217 1543 2287 gloriam,
1591 2226 1687 2271 aut
1740 2216 1806 2270 ad
1858 2217 2106 2283 delicias,

529 2310 758 2365 omnino
782 2326 894 2365 non
924 2309 1011 2365 his
1034 2309 1299 2364 delectari
1341 2308 1566 2375 debent,
1594 2309 1689 2364 sed
1720 2308 1871 2365 velut
1896 2308 1965 2363 ab
1994 2309 2107 2379 igni

530 2400 818 2465 aufugere.

602 2582 773 2637 XXX.
805 2582 954 2636 Idem
1007 2582 1185 2636 oculis
1231 2582 1625 2654 subjicnamus:
1675 2583 1722 2638 si
1756 2598 1890 2654 gens
1927 2583 2107 2653 aliqua

533 2676 734 2745 exigua
784 2682 1073 2728 moveatur
1117 2675 1182 2729 ad
1220 2674 1422 2729 bellum
1459 2674 1571 2744 regi
1600 2674 1967 2739 inferendum,
1998 2691 2110 2729 non

532 2768 694 2821 valde
724 2766 990 2821 sollicitus
1012 2776 1095 2821 est
1129 2766 1245 2837 ipse
1278 2766 1332 2821 in
1367 2782 1433 2821 eo
1460 2766 1825 2829 conﬁciendo,
1859 2766 1954 2821 sed
1981 2766 2111 2820 mit-

534 2858 599 2912 tit
626 2858 827 2914 milites
851 2874 975 2913 cum
1007 2858 1262 2923 ducibus,
1294 2860 1389 2929 qui
1427 2861 1628 2914 bellum
1658 2869 1873 2931 gerant.
1898 2860 1954 2914 Si
1979 2875 2111 2914 vero

534 2966 669 3021 gens
690 2962 837 3005 mota
861 2966 971 3004 non
998 2950 1069 3004 sit
1100 2951 1284 3021 exigui
1317 2951 1558 3017 numeri,
1576 2968 1697 3022 qua:
1722 2967 1918 3022 nempe
1940 2953 2113 3023 possit

534 3052 786 3097 evertere
833 3057 1063 3111 regnum
1106 3043 1246 3113 ejus,
1294 3043 1510 3113 cogitur
1552 3044 1668 3113 ipse
1723 3058 1819 3097 rex
1844 3059 1967 3098 cum
2009 3044 2112 3097 do-

2200 554 2322 607 σίαν
2354 553 2493 626 εὕρῃ
2521 556 2551 608 ὁ
2579 554 2782 625 Κύριος
2822 556 2878 607 ἐν
2912 554 3018 616 σοὶ,
3044 555 3104 606 ὲν
3125 557 3191 625 τῇ
3227 554 3435 624 ἐσχάτῃ
3465 555 3648 626 ἡμέρᾳ⁵
3670 575 3772 609 πα-

2201 649 2542 720 ραλαμϐάνει
2571 665 2631 701 σε
2658 649 2719 702 ὲν
2744 649 2812 719 τῇ
2841 646 3089 717 βασιλείᾳ
3122 648 3315 701 αὑτοῦ.

2275 920 2405 975 KG'.
2480 936 2613 975 non
2647 919 2754 991 γάρ
2796 935 2920 971 τινα
2971 917 3297 989 πράγματα,
3351 916 3386 971 ἃ
3430 919 3708 989 οἰκονομεῖ
3744 919 3772 971 ι

2203 1013 2406 1082 Κύριος
2455 1013 2544 1065 ἵνα
2575 1012 2650 1083 μὴ
2682 1012 2998 1082 ἀμάρτυρον
3030 1010 3223 1063 ἑαυτὸν
3258 1012 3463 1081 ποιήσῃ
3492 1011 3593 1081 τῆς
3631 1011 3774 1073 θείας

2202 1106 2421 1175 χάριτος
2446 1105 2542 1157 καὶ⁸
2574 1104 2675 1172 τῆς
2705 1102 2949 1171 κλήσεως
2974 1102 3138 1155 αὑτοῦ
3161 1117 3176 1130 ⁸
3215 1103 3308 1154 καὶ⁸
3338 1103 3453 1154 ἐστι
3485 1101 3613 1153 τινὰ
3637 1104 3777 1171 πρά-

2202 1213 2409 1265 γματα,
2450 1194 2486 1249 δι
2518 1194 2690 1257 οὕτως
2733 1195 3009 1263 οἰκονομεῖ
3054 1192 3196 1246 κατὰ
3232 1191 3654 1263 παραχώρησιν,
3696 1194 3775 1244 ἵνα

2203 1285 2508 1356 δοκιμασθῇ
2540 1286 2633 1338 καὶ
2661 1284 2948 1355 γυμνασθῇ
2973 1285 3001 1337 ὁ
3028 1283 3337 1355 ἄνθρωπος,
3368 1284 3455 1337 ἴνα
3484 1285 3775 1355 ἀποδειχθῇ

2202 1378 2265 1431 τὸ
2293 1378 2637 1444 αὐτεξούσιον
2665 1376 2762 1430 τοῦ
2802 1376 3111 1448 ἀνθρώπου.
3138 1378 3201 1430 Οί
3227 1377 3333 1448 γὰρ
3364 1378 3424 1431 ὲν
3446 1377 3664 1446 ouem
3690 1378 3777 1430 καὶ

2205 1471 2531 1540 πειρασμοῖς
2575 1468 2749 1533 ὄντες,
2778 1467 2874 1520 ἑὰν
2913 1468 3302 1538 ὑπομείνωσιν,
3331 1471 3432 1521 οὐκ
3461 1469 3774 1537 ἀποτυγχά-

2204 1578 2357 1614 νουσι
2379 1561 2480 1630 τῆς
2508 1560 2786 1630 βασιλείας
2810 1559 2921 1612 τῶν
2948 1560 3216 1631 οὐρανῶν.
3250 1561 3313 1613 Οἱ
3342 1556 3436 1614 οὖν
3461 1562 3777 1631 Χριστιανοὶ

2206 1654 2265 1705 έν
2291 1653 2402 1715 τοῖς
2429 1651 2699 1723 θλιὸεροῖς
2727 1651 3047 1721 πράγμασιν
3074 1651 3174 1703 οὐκ
3202 1650 3461 1721 ἄχθονται
3483 1652 3517 1721 ἢ
3544 1651 3778 1705 λυποῦν-

2206 1761 2332 1797 ταιο
2377 1745 2476 1799 ἐὰν
2514 1745 2571 1797 ἐν
2618 1742 2779 1815 πενίᾳ
2818 1744 2852 1815 ἢ
2902 1744 3208 1816 κακουρχίᾳ
3255 1743 3643 1809 ὲξετασθῶσιν,
3689 1747 3779 1799 οὐκ

2136 1811 2182 1869 Β
2208 1836 2481 1906 ὀφείλουσι
2525 1811 2851 1903 ξενίζεσθαι,
2884 1836 3021 1889 ἀλλά
3050 1811 3249 1905 μάλλον
3290 1836 3686 1907 συνηδύνεσθαι
3717 1841 3776 1907 τῇ

2207 1926 2472 1998 πτωχείᾳ,
2514 1928 2609 1979 καὶ
2643 1926 2897 1994 ἡγεῖσθαι
2937 1926 3058 1980 ἀντὶ
3094 1926 3350 1992 πλούτου,
3394 1927 3494 1997 τὴν
3526 1928 3778 1997 νηστείαν

2208 2020 2331 2073 ἀντὶ
2371 2019 2603 2090 τρυφῆς,
2639 2017 2738 2088 τὴν
2774 2018 3004 2088 ἀτιμίαν
3045 2018 3143 2071 καί¹
3174 2018 3393 2083 ἀδοξίαν
3442 2021 3565 2073 ἀντὶ
3593 2019 3776 2089 565a,;-

2208 2110 2370 2165 πάλιν
2409 2109 2489 2172 δὲ,
2531 2109 2630 2163 ἐὰν
2663 2110 2979 2179 ἐμπέσωσιν
3007 2108 3088 2171 είς
3133 2110 3437 2181 πράγματα
3476 2110 3671 2174 ἔνδοξα
3709 2111 3778 2180 τῷ

2210 2202 2310 2273 βίῳ
2334 2201 2529 2272 τούτῳ,
2560 2200 2705 2272 ἀπερ
2732 2201 3101 2273 προτρέπεται
3145 2201 3339 2264 αὐτοὺς
3361 2204 3442 2265 είς
3471 2203 3778 2255 ἀνάπαυσιν

2211 2290 2501 2364 σαρκικὴν,
2536 2290 2569 2360 ἢ
2611 2289 2862 2357 πλοῦτον,
2888 2292 2922 2363 ἢ
2951 2290 3191 2361 δόξαν,ἢ
3233 2292 3466 2363 τρυφήν,
3510 2293 3775 2362 ὀφείλουσι

2213 2386 2288 2456 μὴ
2338 2384 2669 2455 συνήδεσθαι
2720 2384 2963 2450 τούτοις,
2994 2384 3109 2439 ἀλλ’
3169 2385 3507 2455 ἀποφεὺγειν
3561 2385 3642 2448 ὡς
3682 2386 3777 2440 ἀπὸ

2210 2495 2283 2529 πυ
2289 2478 2403 2549 ρός.

2278 2569 2357 2624 Λ¹.
2386 2570 2480 2634 Εἰς
2507 2584 2567 2622 το
2589 2586 2942 2639 φαινδμενον·
3007 2571 3129 2632 dvo;
3150 2569 3246 2623 ὲάν
3279 2569 3565 2639 ἐλάχιστον
3612 2572 3777 2624 Exuu-

2210 2663 2345 2735 νηθῇ
2369 2662 2448 2732 τῷ
2480 2661 2690 2733 βασιλεῖ
2720 2662 2857 2733 πρὸς
2892 2661 3150 2733 πόλεμον,
3186 2662 3249 2715 οὐ
3290 2662 3492 2732 κάμνει
3536 2663 3777 2733 πολεμῶν

2211 2754 2395 2819 αὐτὸς,
2425 2754 2538 2807 ἀλλ’
2571 2755 2891 2808 ἀποστέλλει
2918 2753 3254 2824 στρατιώτας
3277 2756 3414 2826 μετά
3446 2756 3560 2809 τῶν
3590 2756 3774 2826 e916»-

2210 2866 2321 2902 των
2342 2847 2544 2912 αὐτῶν,
2571 2846 2664 2900 καὶ
2687 2846 2967 2900 ποιοῦνται
2990 2848 3081 2901 τὸν
3105 2847 3364 2917 πόλεμον.
3399 2848 3529 2901 Ἐάν
3556 2848 3616 2901 δὲ
3642 2848 3776 2911 ἔθνος

2216 2935 2526 3012 μέγιστονῇ
2549 2940 2609 2992 τὸ
2632 2938 2966 3008 ὲπικινηθὲν,
2986 2939 3286 3010 δυνάμενον
3314 2939 3664 3010 ὲμπορθῆσαι
3692 2942 3777 3007 τὴν

2214 3032 2492 3104 βασιλείαν
2519 3032 2709 3094 αὐτοῦ,
2740 3031 3110 3101 ἀναγκάζεται
3138 3033 3298 3096 αὐτὸς
3337 3036 3365 3086 ὁ
3404 3032 3662 3103 βασιλεὺς
3694 3034 3775 3085 σὺν

538 3134 784 3201 mesticis
813 3142 867 3187 et
886 3136 1131 3189 exercitu
1157 3149 1259 3188 suo
1293 3135 1347 3187 in
1382 3135 1582 3188 bellum
1606 3135 1925 3204 procedere,
1948 3144 2113 3205 atque

2216 3129 2327 3189 τοῖς
2362 3127 2419 3179 ὲν
2470 3124 2549 3196 τῷ
2596 3124 2845 3196 παλατίῳ
2910 3126 3006 3179 κα)⁴
3047 3127 3163 3189 τοῖς
3202 3125 3590 3196 στρατοπέδοις
3630 3124 3777 3179 αὐτοῦ

540 3223 787 3278 collectis
839 3224 1014 3293 copiis
1071 3225 1276 3278 bellum
1336 3223 1653 3295 proﬂigare.
1706 3224 1937 3293 Respice
1984 3240 2115 3296 ergo

538 3317 861 3387 dignitatem
901 3326 1069 3382 tuam,
1118 3332 1334 3386 nempe,
1383 3317 1555 3371 Deum
1594 3316 1966 3371 exsurrexisse
1992 3331 2116 3370 cum

539 3421 642 3459 suo
658 3405 974 3469 exercitu“,
989 3406 1331 3475 angelorum,
1347 3405 1591 3475 inquam,
1608 3414 1663 3458 et
1679 3412 1991 3458 sanctorum
2010 3404 2114 3474 σι

540 3496 860 3567 spirituum,
887 3507 947 3551 ut
969 3512 1054 3557 ea.
1081 3512 1202 3565 quze
1232 3496 1300 3550 ad
1331 3511 1390 3550 se
1417 3504 1652 3564 spectat,
1680 3496 1953 3565 legatione
2002 3496 2120 3566 ipse

540 3589 865 3659 perfunctus
893 3598 945 3644 te
976 3588 1279 3643 redimeret
1307 3603 1337 3641 a
1368 3596 1566 3642 morte.
1611 3586 1849 3642 Oblirma
1876 3587 2043 3659 igitur
2067 3596 2120 3642 te

540 3680 743 3750 ipsum.
791 3695 855 3734 ac
898 3681 1100 3750 cogita,
1152 3688 1358 3749 quanta
1409 3678 1756 3748 providentia
1810 3678 1889 3733 tui
1946 3678 2121 3748 gratia

541 3771 681 3826 facta
708 3771 820 3827 sitl
854 3770 1123 3826 Cmterum
1158 3771 1368 3824 utimur
1392 3769 1643 3838 exemplo
1676 3783 1707 3823 e
1734 3768 1842 3823 vita
1881 3768 2121 3821 humana

542 3860 715 3930 petito
764 3870 1023 3930 tanquam
1051 3859 1105 3912 in
1145 3858 1253 3913 vita
1281 3859 1462 3913 adhuc
1506 3857 1853 3913 cxsistentes.
1886 3857 2121 3913 Perinde

542 3969 608 4007 ac
636 3953 680 4007 si
705 3969 802 4007 rex
828 3953 1035 4007 incidat
1053 3951 1109 4005 in
1130 3950 1424 4021 quemdam
1452 3964 1774 4019 pauperem,
1803 3948 2120 4003 inﬁrmitate

542 4043 824 4109 allectum,
860 4059 961 4097 nec
1009 4042 1301 4097 erubescat
1347 4040 1665 4095 salubribus
1701 4039 2122 4095 medicamentis

543 4137 665 4205 ejus
694 4150 889 4189 curare
916 4134 1147 4188 vulnera
1167 4176 1182 4199 ,
1210 4142 1266 4187 et
1292 4149 1419 4187 eum
1446 4135 1502 4186 in
1530 4132 1791 4202 palatium
1820 4146 1980 4187 suum
2004 4132 2122 4187 illa-

546 4234 661 4279 tum
709 4225 902 4279 induat
934 4241 1177 4295 purpura
1227 4241 1292 4280 ac
1338 4225 1665 4291 diademate,
1700 4235 1865 4295 atque
1892 4227 2122 4294 partici-

545 4332 669 4386 pem
702 4316 863 4369 faciat
905 4332 1109 4369 mensae
1138 4331 1283 4370 suae:
1320 4316 1402 4371 sic
1446 4316 1687 4370 cmlestis
1729 4331 1823 4369 rex
1869 4316 2123 4371 Christus

546 4406 816 4461 accedens
862 4407 931 4460 ad
983 4407 1262 4460 hominem
1312 4407 1552 4476 graviter
1591 4406 1870 4472 allectum,
1910 4407 2122 4461 sanavit

2216 3219 2468 3273 ἀπελθεῖν
2491 3219 2862 3290 συγκροτῆσαι
2886 3220 2979 3273 τὸν
3007 3218 3266 3289 πόλεμον.
3290 3219 3466 3273 Βλέπε
3488 3218 3587 3272 οὖν
3613 3235 3703 3270 σου
3726 3217 3777 3269 τὺ

2215 3310 2452 3381 ἀξίωμα,
2475 3312 2557 3364 ὃτι
2584 3312 2613 3364 ὁ
2654 3311 2786 3375 Θεὸς
2829 3312 3054 3382 ἐκινήθη
3102 3313 3242 3383 μετά
3271 3312 3365 3365 τοῦ
3402 3311 3539 3364 ἰδίου
3566 3328 3776 3381 στρατο-

2216 3404 2404 3468 πέδου,
2438 3403 2546 3457 τῶν
2590 3404 2836 3471 ἀγγέλων
2872 3402 3015 3472 λέγω
3056 3403 3153 3456 καὶ
3189 3403 3287 3456 τῶν
3320 3403 3494 3469 ἁγίων
3542 3404 3777 3471 πνευμά-

2216 3515 2347 3561 των,
2400 3498 2480 3560 είς
2526 3495 2626 3565 σὴν
2675 3495 2973 3565 πρεσϐείαν
3016 3493 3085 3548 δι’
3117 3492 3313 3546 ἑαυτοῦ
3359 3492 3553 3557 ἐλθὼν,
3604 3493 3690 3545 ἶνα
3730 3509 3778 3543 σε

2217 3587 2563 3659 λυτρώσηται
2586 3588 2650 3641 ὲκ
2671 3585 2764 3639 τοῦ
2788 3586 3041 3644 θανάτου.
3086 3585 3143 3640 Ἀ
3155 3584 3405 3653 σφάλισαι
3429 3582 3526 3638 οὖν
3548 3586 3778 3647 σεαυτὸν,

2218 3681 2314 3736 καὶ
2342 3680 2623 3750 ἐννοήθητι
2650 3679 2738 3732 οἵα
2774 3678 3001 3749 πρόνοια
3038 3677 3127 3732 διὰ
3180 3677 3240 3731 σὲ
3272 3677 3588 3747 γεγένηται.
3631 3676 3781 3729 Ύπο-

2223 3772 2473 3842 δείγματι
2499 3771 2555 3823 δὲ
2583 3770 2820 3840 βιωτικῴ
2846 3769 3189 3840 κεχρήμεθα,
3231 3767 3306 3831 ὡς
3332 3771 3389 3821 ἐν
3412 3767 3537 3838 βίῳ.
3583 3767 3778 3837 Ὠσπερ

2219 3861 2358 3938 ἂνῇ
2414 3864 2701 3935 βασιλεὺς,
2757 3862 2854 3915 καὶ
2896 3860 3031 3932 εὕρῃ
3081 3861 3202 3915 τινὰ
3254 3862 3431 3930 ἐνδεῆ,
3475 3863 3572 3914 καὶ
3606 3861 3778 3930 ἔχοντα

2219 3957 2399 4027 πάθη,
2442 3956 2535 4009 καὶ
2575 3954 2650 4026 μὴ
2698 3953 3035 4023 ἐπαισχυνθῇ
3076 3953 3266 4017 αὑτὸν,
3308 3953 3446 4007 ἀλλά
3482 3958 3779 4024 φαρμάκοις

2222 4048 2532 4117 ίαματικοίς
2602 4044 2918 4116 θεραπεύσῃ
2983 4044 3147 4097 αὐτοῦ
3205 4043 3273 4097 τά
3334 4043 3650 4114 τραύματα,
3698 4044 3779 4095 καὶ

2219 4138 2497 4207 ἀπενέγκῃ
2534 4135 2697 4189 αὐτὸν
2749 4137 2832 4198 είς
2885 4135 2948 4189 τὸ
3003 4134 3200 4188 ἑαυτοῦ
3243 4136 3526 4197 παλάτιον,
3566 4137 3661 4188 καὶ
3708 4138 3779 4187 ὲν-

2218 4228 2353 4300 δύσῃ
2403 4228 2566 4281 αὐτὸν
2612 4228 2711 4299 τήν
2763 4227 3078 4300 πορφυρίδα
3114 4228 3209 4280 καὶ
3265 4226 3327 4280 τὸ
3384 4226 3657 4296 διάδημα,
3699 4225 3778 4279 καὶ

2219 4325 2422 4395 ποιήσῃ
2453 4324 2615 4377 αὐτὸν
2650 4323 2911 4377 κοινωνὸν
2941 4323 3043 4393 τῆς
3084 4320 3365 4392 τραπέζης
3393 4320 3560 4373 αὑτοῦ
3582 4334 3597 4348 ⁸
3628 4319 3778 4379 05m;

2222 4418 2319 4470 καὶ
2352 4416 2381 4467 ὁ
2409 4416 2728 4485 ἐπουράνιος
2760 4413 3018 4485 βασιλεὺς
3047 4412 3302 4483 Χριστὸς,
3334 4410 3506 4465 ἐλθὼν
3546 4412 3679 4481 προς
3702 4409 3777 4461 τὸν

547 4512 676 4552 cum
718 4506 882 4566 atque
914 4498 1125 4552 socium
1172 4498 1302 4552 fecit
1332 4497 1492 4567 regia:
1532 4513 1735 4552 mensa:
1758 4513 1907 4564 suae;
1939 4500 2113 4553 ethoc

2225 4508 2508 4579 ἄνθρωπον
2535 4506 2727 4577 ἔχοντα
2753 4505 2901 4576 πάθη
2935 4506 3142 4567 ἰάσατο,
3167 4505 3264 4559 καὶ
3294 4504 3519 4574 ἐποίησε
3549 4501 3777 4556 κοινωνὸν

548 4588 772 4658 quidem
810 4588 959 4643 nulla
998 4589 1050 4643 vi
1092 4590 1212 4659 ejus
1260 4590 1597 4644 voluntatem
1643 4592 1998 4661 compellens,
2027 4590 2124 4646 sed

549 4681 797 4737 alliciens
825 4682 883 4736 in
914 4690 1119 4736 tantam
1150 4681 1472 4752 dignitatem
1500 4698 1629 4738 eum
1655 4683 1961 4738 constituit.

617 4891 811 4945 XXXI.
849 4891 1127 4961 Scriptum
1154 4892 1303 4946 enim
1345 4903 1431 4948 est
1470 4893 1526 4948 in
1557 4893 1853 4966 Evangelio
1888 4894 2121 4949 :Domi-

549 5001 676 5039 num
703 4984 963 5037 dimisisse
1009 5001 1182 5038 servos
1232 4986 1302 5038 ad
1345 4987 1638 5041 vocandum
1684 5003 1792 5049 eos,
1820 4987 1910 5058 qui
1941 4985 2123 5040 volunt

550 5074 744 5136 venire,
781 5074 1100 5125 denuntians
1152 5073 1290 5139 illis,
1326 5074 1624 5128 Prandium
1674 5092 1845 5129 meum
1876 5085 2125 5146 paratum

551 5175 645 5217 est.
679 5163 780 5228 Qui
810 5181 928 5217 vero
966 5167 1139 5218 vocati
1173 5175 1325 5219 erant
1366 5176 1683 5220 excusat-unt
1731 5183 1806 5230 se,
1842 5168 2074 5220 dicentes
2107 5206 2124 5233 ,

550 5255 689 5309 alter
710 5256 946 5320 quidem.
966 5256 1109 5321 Emi,
1136 5257 1334 5327 inquit,
1351 5258 1488 5328 juga
1504 5258 1691 5323 boum;
1713 5258 1871 5324 alius,
1902 5259 2127 5314 Uxorem

2224 4600 2323 4670 τῆς
2369 4598 2651 4669 βασιλικῆς
2694 4596 2859 4650 αὑτοῦ
2908 4595 3221 4670 τραπέζης’
3258 4595 3540 4648 καὶτοῦτο
3579 4594 3638 4647 οὐ
3675 4593 3776 4663 βια-

2230 4689 2465 4760 σάμενος
2490 4689 2551 4741 τὸ
2582 4688 2794 4757 θέλημα
2826 4685 3014 4751 αὑτοῦ,
3057 4686 3194 4739 ἀλλὰ
3222 4685 3665 4757 προτρεψάμενος
3696 4684 3778 4737 αὖ·

2225 4779 2318 4834 τὸν
2347 4781 2425 4842 είς
2447 4777 2545 4848 τὴν
2574 4776 2833 4846 τοιαύτην
2856 4776 3037 4847 ἵστησι
3064 4778 3253 4846 τιμήν.

2300 4892 2422 4948 AA'.
2455 4894 2565 4947 Καὶ
2604 4892 2714 4961 γάρ
2764 4893 2823 4946 ὲν
2860 4889 2935 4960 τῷ
2966 4889 3283 4961 Εὑαγγελίῳ
3330 4891 3662 4960 γέγραπται,
3705 4890 3776 4941 ὅτι

2241 4987 2575 5042 Ἀπέστειλε
2602 4985 2743 5052 τοὺς
2776 4984 2990 5038 ἑαυτοῦ
3012 4984 3274 5051 δούλους
3296 4986 3331 5037 ό
3353 4985 3575 5053 κύριος,
3594 4980 3775 5035 καλῶν

2230 5081 2371 5146 τοὺς
2410 5078 2716 5146 θέλοντας,
2747 5075 3028 5145 δηλώσας
3059 5077 3291 5143 αὐτοῖς,
3319 5076 3411 5130 ὅτι
3449 5078 3518 5131 Τὸ
3554 5075 3776 5143 ἆριστέν

2228 5190 2345 5242 μου
2376 5172 2732 5241 ἡτοίμασται
2750 5186 2762 5200 ⁸
2791 5170 2962 5225 αὐτοὶ
2982 5169 3051 5223 δὲ
3079 5172 3132 5222 oi
3160 5168 3519 5238 κεκλημένοι
3540 5165 3777 5236 napum}-

2240 5281 2430 5320 σαντο
2457 5264 2762 5331 λέγοντες,
2805 5262 2873 5329 ὃς
2900 5262 3034 5331 μὲν,
3073 5263 3395 5330 Ἠγόρασα,
3445 5264 3594 5331 φησὶ,
3624 5259 3771 5324 ζεύγη

551 5347 685 5399 (Ιηωί
718 5348 782 5399 ⁸⁸.
814 5346 980 5403 Vides
1011 5358 1258 5418 paratum
1288 5349 1459 5404 fuisse
1512 5349 1605 5419 qui
1635 5354 1870 5415 vocavit,
1905 5360 2113 5405 vocato:

2223 5357 2427 5424 βοῶν’
2481 5356 2693 5421 ἄλλος,
2744 5353 3013 5409 Γυναῖκα
3042 5355 3422 5424 ἡρμοσάμην.
3488 5354 3639 5425 Ὁρᾷς
3658 5352 3773 5403 ὅτιὸ

551 5454 687 5491 vero
716 5438 987 5494 renuisse.
1022 5440 1274 5496 Profecto
1307 5441 1363 5495 hi
1390 5442 1475 5496 sui
1496 5443 1671 5512 ipsius
1708 5443 1784 5497 rei
1816 5443 1945 5497 lacti
1977 5451 2127 5498 sunt.

556 5530 732 5585 Tanta
765 5542 853 5587 est
886 5532 1052 5603 igitur
1071 5532 1311 5604 dignitas
1334 5532 1797 5589 Christianorum.
1821 5535 2127 5605 Perpende,

2230 5451 2447 5521 κλήτωρ
2480 5449 2718 5519 ἕτοιμος,
2749 5449 2798 5501 oi
2818 5448 2875 5500 δὲ
2905 5446 3194 5519 κληθέντες
3220 5448 3495 5501 ἀντεῖπον.
3533 5449 3662 5516 ’Δρα
3687 5443 3769 5495 αὗ-

2228 5546 2312 5593 τοὶ
2343 5539 2551 5593 ἑαυτῶν
2599 5540 2759 5593 αἴτιοι
2813 5539 3091 5608 γεγόνασι.
3144 5539 3419 5593 Τοσοῦτον
3452 5536 3543 5593 οὖν
3594 5535 3772 5590 ὲστιτο

558 5621 851 5678 Dominum
886 5640 1222 5695 praeparasse
1252 5625 1361 5683 illis
1396 5643 1655 5700 regnum,
1708 5638 1764 5683 et
1798 5644 2023 5686 vocasse
2060 5630 2113 5685 il-

2230 5631 2448 5704 ἀξίωμα
2474 5631 2582 5686 τῶν
2614 5632 2975 5705 Χριστιανῶν.
3032 5632 3205 5690 Βλέπε
3233 5632 3314 5687 ὅτι
3344 5635 3371 5687 ὁ
3415 5634 3610 5705 Κύριος
3638 5625 3767 5701 13mi-

624 5798 674 5834 "
700 5800 844 5857 Psal.
878 5818 1055 5867 σχειν,
1096 5808 1149 5865 8.
1227 5805 1270 5841 ⁸⁸
1306 5803 1442 5863 Luc.
1480 5824 1589 5875 XIV,
1614 5807 1807 5878 18-20;
1839 5808 2030 5865 Matth.
2058 5826 2186 5880 χχιι,
2220 5809 2271 5864 4.
