3966 6520
99 353 190 417 597

1272 347 1641 411 HOMILI/E.
1670 374 1739 385 -·
1768 350 1956 415 HOM.
1996 350 2117 414 XV.

3199 321 3320 419 5987

112 484 265 539 μασεν
292 466 461 529 αὐτοῖς
487 463 587 537 τὴν
621 463 899 535 βασιλείαν
928 501 944 527 ,
983 462 1083 517 καὶ
1111 462 1264 516 καλεῖ
1294 464 1494 526 αὐτοὺς
1520 463 1634 516 είσ-

1769 480 1821 519 os
1852 464 1919 519 ad
1955 465 2396 537 ingrediendum,
2434 468 2581 539 ipsos
2619 484 2751 524 vero
2786 468 3050 526 noluisse.
3082 470 3158 524 De
3185 487 3312 525 mu-

108 563 287 625 ελθεῖν,
308 560 451 612 αὐτοὶ
480 558 538 611 δὲ
564 558 623 610 οὐ
646 557 879 611 θέλουσι.
909 556 1052 625 Πρὸς
1078 554 1137 607 τὸ
1160 554 1300 624 δόμα
1323 552 1417 607 οῦν
1446 554 1474 607 δ
1506 553 1636 624 μὲλ-

103 654 239 706 λουσι
251 651 605 719 κληρονομεῖν.
620 646 779 701 τοῦτο
792 647 856 701 ἄν
868 664 949 710 τις
963 645 1139 717 ὀρθῶς
1153 646 1317 709 εἴποι,
1332 645 1395 698 Ei
1408 644 1640 708 ἕκαστος

102 745 187 813 ἀφ’
200 737 254 797 οῦ
269 741 474 810 ἐκτίσθη
488 742 517 793 6
540 739 663 793 Ἀδὰ
672 757 730 808 μ,
744 739 848 800 ἓως
862 738 963 806 τῆς
977 736 1287 799 συντελείας
1298 734 1393 788 τοῦ
1410 736 1636 805 κόσμου,

102 838 333 907 ἐπολέμει
374 835 511 903 πρὸς
538 834 629 887 τὸν
654 834 920 895 Σατανᾶν,
961 831 1054 885 καὶ
1104 831 1367 899 ὑπέμεινε
1401 828 1501 891 τὰς
1526 828 1642 881 θλί-

106 930 240 997 ψεις,
270 926 407 980 οὐδὲν
445 926 587 995 μέγα
631 922 805 976 ἐποίει
836 921 971 993 πρὸς
1017 921 1118 974 τὴν
1168 918 1327 983 δόξαν
1355 918 1422 988 ἣν
1456 917 1640 989 μέλλει

104 1024 449 1093 κληρονομεῖν.
484 1017 917 1089 Συμϐασιλεύσει
969 1018 1079 1085 γὰρ
1120 1016 1200 1076 ι-,ίς
1232 1015 1359 1078 τοῦς
1398 1012 1642 1084 ἀπεράν-

101 1132 216 1177 τους
244 1114 430 1175 αίῶνας
458 1113 596 1182 μετὰ
628 1108 891 1180 Χριστοῦ.
924 1108 1063 1173 Δόξα
1090 1107 1169 1177 τῷ
1194 1106 1371 1170 υῦτως
1422 1106 1642 1175 ἀγάπη-

103 1224 246 1259 σαντι
268 1205 356 1276 τὴν
388 1204 643 1272 τοιαύτην
678 1201 877 1271 ψυχὴν,
916 1199 1187 1253 δτι“αύτδν
1218 1198 1379 1260 αὐτός
1412 1197 1507 1252 καὶ
1544 1196 1645 1267 τὴν

101 1300 252 1367 χάριν
268 1295 417 1350 αὑτοῦ
442 1295 629 1359 ἔδωκε,
648 1296 742 1347 καὶ
763 1293 1113 1348 ὲνεπίστευσε
1132 1292 1200 1361 τῇ
1224 1290 1390 1361 ψυχῇ.
1417 1287 1555 1355 Δόξα
1575 1290 1642 1361 τῇ

105 1389 438 1459 μεγαλωσύνη
470 1387 657 1441 αὑτοῦ.

166 1482 282 1535 AB'.
310 1479 459 1532 Κατὰ
478 1478 547 1532 τὰ
586 1477 891 1547 φαινόμενα
928 1478 1251 1549 πράγματα,
1304 1474 1413 1529 ίδοὺ
1443 1472 1647 1535 πάντες

100 1578 148 1627 οί
179 1573 516 1642 καθεζόμενοι
554 1571 771 1640 ἀδελφοὶ
816 1571 945 1641 μίαν
991 1570 1175 1624 είκόνα
1204 1569 1425 1639 ἔχομεν,
1464 1566 1562 1619 καὶ
1589 1564 1649 1619 ἓν

100 1663 374 1733 πρόσωπον
394 1661 487 1714 τοῦ
523 1659 693 1730 ’Δδὰμ
714 1674 731 1689 ⁸
764 1653 873 1731 ἆρα
917 1660 1013 1713 καὶ
1040 1661 1120 1722 είς
1162 1659 1223 1712 τὸ
1262 1657 1525 1732 κρυπτὸν,
1556 1655 1650 1708 καὶ

102 1754 178 1815 είς
202 1752 268 1805 τὰ
294 1751 544 1805 ὲνδότατα
573 1750 894 1821 πράγματα,
928 1749 1026 1819 μία
1054 1749 1200 1802 ἐστὶν
1242 1750 1276 1819 ἡ
1329 1746 1649 1818 προαίρεσις

1742 571 1871 611 nere
1888 572 2041 627 ergo,
2070 559 2216 627 quod
2249 558 2548 614 Christiani
2574 560 2924 615 hereditario
2942 561 3065 631 jure
3089 577 3311 630 posses-

1738 647 1852 700 suri
1881 658 2031 712 sunt,
2062 659 2211 705 recte
2232 649 2338 704 hoc
2365 650 2491 719 quis
2522 650 2705 705 dicere
2738 651 2944 721 possit:
2972 649 3029 704 Si
3055 632 3329 720 quisquc,‘

1740 756 1809 795 ex
1841 757 1951 810 quo
1985 753 2206 797 creatus
2235 751 2319 797 est
2352 742 2548 806 Adam,
2584 758 2755 813 usque
2792 743 2859 797 ad
2885 746 3317 798 consummatio.

1741 848 1865 887 nem
1895 834 2107 898 mundi,
2136 834 2423 890 dimicaret
2445 844 2636 889 contra
2675 834 2953 899 Satanam,
2994 848 3050 891 et
3081 836 3319 891 sustine-

1744 934 1831 980 ret
1892 925 2238 991 alllictiones,
2304 926 2439 979 nihil
2495 927 2675 997 magni
2724 936 3011 998 perageret
3062 936 3315 996 respectu

1744 1019 1950 1089 gloriae,
1979 1033 2143 1087 quam
2177 1027 2583 1072 consecuturus
2616 1027 2720 1072 est.
2758 1018 3029 1089 Regnabit
3073 1019 3219 1072 enim
3262 1018 3316 1072 in

1744 1110 1957 1166 inlinita
1982 1110 2181 1164 saecula
2220 1126 2328 1164 una
2348 1125 2473 1164 cum
2500 1108 2745 1165 Christo.
2772 1109 2956 1165 Gloria
2993 1110 3063 1164 sit
3095 1110 3194 1175 illi,
3221 1110 3316 1180 qui

1746 1212 1900 1258 tanto
1948 1211 2278 1272 prosecutus
2326 1211 2411 1257 est
2439 1218 2628 1257 amore
2665 1204 2832 1257 talem
2865 1203 3124 1269 animam,
3160 1211 3222 1257 ut
3260 1219 3319 1259 se

1745 1294 1926 1366 ipsum
1975 1311 2039 1350 ac
2072 1310 2227 1350 suam
2288 1296 2521 1366 gratiam
2578 1296 2877 1350 contulerit
2929 1312 2993 1351 ac
3021 1296 3315 1352 crediderit

1745 1388 1960 1442 animm.
1982 1386 2165 1442 Gloria
2200 1388 2273 1443 sit
2306 1387 2727 1458 magnificentiae
2748 1388 2890 1457 ejus.

1815 1480 2034 1535 XXXII.
2068 1480 2385 1536 Secundum
2416 1496 2503 1543 ea,
2553 1496 2675 1549 qua:
2715 1480 2893 1535 oculis
2932 1489 3140 1550 patent,
3192 1497 3318 1536 ecce

1747 1588 1849 1628 nos
1876 1587 2070 1627 omnes
2098 1571 2319 1636 fratres,
2356 1572 2447 1641 qui
2488 1571 2767 1635 sedemus,
2804 1587 2911 1625 una
2952 1587 3142 1625 sumus
3180 1588 3318 1641 pra:-

1749 1664 1849 1721 diti
1898 1664 2158 1734 imagine,
2212 1672 2377 1731 atque
2430 1678 2538 1716 una
2589 1662 2729 1717 facie
2790 1662 2941 1718 Adae.
2976 1663 3145 1718 Estne
3188 1678 3311 1733 ergt

1752 1759 1918 1813 etiam
1971 1758 2027 1810 iu
2087 1755 2316 1811 secretis
2361 1764 2418 1809 et
2465 1755 2675 1810 intimis
2709 1756 2896 1819 rebus,
2930 1772 3037 1810 una
3077 1756 3309 1812 omnium

102 1846 333 1908 πάντωνς
381 1843 477 1896 κα)⁸
530 1842 630 1912 μία
689 1841 913 1911 καρδία;
965 1843 1166 1903 πάντες
1204 1840 1314 1910 ἄρα
1360 1838 1419 1892 ἒν
1452 1841 1643 1908 ἐσμεν,

1769 1849 2047 1903 voluntas?
2081 1862 2252 1901 unum
2296 1846 2431 1901 cor?
2474 1861 2666 1900 omnes
2715 1862 2847 1917 ergo
2877 1862 3046 1900 unum
3090 1846 3317 1900 erimus.

99 1936 287 2005 ἀγαθοὶ
313 1938 405 1989 καὶ
462 1935 755 1997 θεοσεϐεῖς.
796 1937 868 1989 Ἦ
900 1937 1007 2006 ἄρα
1038 1935 1144 1988 είσί
1192 1951 1337 1998 τινες
1368 1932 1430 1998 ἐξ
1465 1932 1647 2003 ἡμῶν,

100 2031 183 2082 ὅτι
225 2029 270 2082 οἱ
331 2028 427 2097 μὲν
489 2026 807 2081 κοινωνοῦσι
864 2025 1085 2097 Χριστῷ
1148 2024 1244 2080 καὶ
1311 2028 1426 2087 τοῖς
1476 2022 1647 2091 ἀγγέ-

105 2121 213 2182 λοις
261 2117 450 2185 αὐτοῦ,
490 2119 541 2171 oi
574 2117 634 2171 δὲ
680 2117 758 2188 τῷ
808 2118 1024 2186 Σατανᾷ
1079 2116 1174 2172 καὶ
1222 2118 1334 2178 τοῖς
1390 2114 1648 2184 δαίμοσι⁶

106 2212 204 2265 καὶ
241 2210 438 2274 ὅλοιώς
488 2206 568 2275 εἷς
616 2211 928 2281 φαινόμενοι
977 2208 1111 2278 ὁμοῦ
1165 2206 1506 2275 καθεζόμεθα
1534 2220 1548 2235 ⁸
1595 2204 1655 2258 ἓν

110 2308 383 2377 πρόσωπον
426 2304 519 2358 τοῦ
571 2304 743 2375 Ἀδὰμ
792 2304 993 2365 πάντες
1052 2301 1270 2371 ἔχομεν.
1313 2299 1479 2370 Ὁρᾷς
1534 2297 1653 2361 πῶς

100 2398 438 2455 ἀλλοτίὲστιν
465 2399 497 2467 ἡ
530 2396 693 2468 νοερὰ
737 2396 916 2460 οὐσία,
944 2398 972 2448 6
999 2394 1108 2447 ἔσω
1146 2391 1452 2463 ἄνθρωπος,
1503 2389 1656 2462 παρὰ

99 2493 189 2546 τὸν
232 2492 361 2556 ἐξως
407 2492 488 2544 ὃτι
523 2484 604 2552 εἷς
654 2486 959 2558 φαινόμεθα
986 2487 1036 2538 οἱ
1065 2484 1265 2546 πάντες
1290 2499 1304 2513 °
1332 2482 1428 2536 κα)⁵
1468 2482 1518 2535 oi
1558 2483 1657 2551 μὲν

102 2583 237 2653 μετὰ
282 2582 375 2635 τοῦ
412 2581 645 2653 Χριστοῦ
705 2580 802 2633 καὶ
855 2578 965 2631 τῶν
1021 2576 1269 2645 ἀγγέλων
1305 2574 1444 2628 είσίν
1467 2591 1481 2605 ι
1516 2574 1567 2626 oi
1600 2572 1659 2626 δὲ

103 2675 241 2743 μετὰ
275 2673 367 2728 τοῦ
412 2674 625 2726 Σατανᾶ
671 2673 765 2726 καὶ
797 2670 907 2724 τῶν
952 2668 1280 2740 ἀκαθάρτων
1307 2666 1656 2737 πνευμάτων.

100 2770 163 2820 Ei
202 2764 292 2821 οὗν
319 2768 351 2837 ἡ
377 2766 573 2837 καρδία
606 2764 769 2835 βάθος
797 2782 849 2817 τι
875 2763 989 2833 ἔχει
1028 2763 1357 2831 ἀπέραντον,
1394 2760 1515 2813 εκεῖ
1550 2760 1659 2811 είσι

97 2861 381 2932 τρίκλινοι,
428 2860 523 2913 καὶ
565 2857 843 2923 κοιτῶνες,
897 2857 1081 2927 θύραι,
1124 2854 1221 2908 καὶ
1263 2852 1531 2923 πρόθυρα,
1567 2850 1662 2903 καὶ

96 2951 362 3007 διακονίαι
395 2950 605 3012 πολλαὶ,
652 2950 747 3002 καὶ
773 2946 1015 3012 διέξοδοι.
1062 2946 1207 2997 Ἐκεῖ
1252 2945 1366 2995 ἔστι
1395 2942 1455 2993 τὸ
1490 2942 1659 3009 ἐργα-

102 3045 324 3114 στήριον
348 3041 447 3110 τῆς
469 3038 839 3106 δικαιοσύνης,
866 3037 959 3088 καὶ
987 3034 1197 3096 ἀδικίας
1226 3049 1241 3064 ·
1282 3035 1397 3085 ἐκεῖ
1443 3032 1471 3084 6
1493 3030 1661 3083 θάνα-

100 3155 191 3201 τος
214 3153 232 3168 ·
260 3138 376 3189 ἐκεῖ
407 3134 611 3201 ἐστινὴ
656 3130 769 3202 ζωή
794 3145 811 3163 υ
849 3129 965 3182 ἐκεῖ
994 3130 1141 3180 ἐστιν
1194 3126 1230 3197 ἡ
1268 3122 1447 3194 ἀγαθὴ
1491 3124 1664 3193 ἐμπο-

105 3230 215 3301 ρία,
246 3226 342 3282 καὶ
369 3227 402 3296 ή
430 3222 669 3279 ἐναντία.

173 3318 298 3376 AF'.
353 3317 564 3385 Ὠσπερ
587 3308 737 3385 ἐὰνῇ
787 3309 1050 3365 παλάτιον
1078 3308 1357 3378 μέγιστον,
1393 3303 1670 3360 καὶτοῦτο

106 3409 387 3481 ἐρημωθῇ,
416 3407 513 3461 καὶ¹
536 3404 794 3475 πληρωθῇ
816 3404 1001 3472 πάσης
1022 3400 1307 3464 δυσωδίας,
1338 3400 1434 3452 καὶ
1461 3399 1671 3470 νεκρῶν

110 3503 317 3554 πολλῶν
340 3517 353 3530 ⁸
384 3500 528 3552 οῦτω
543 3499 632 3552 καὶ
654 3497 715 3549 τὸ
738 3495 999 3551 παλατιον
1020 3492 1112 3546 τοῦ
1146 3490 1382 3562 Χριστοῦ
1416 3491 1449 3560 ἡ
1479 3488 1672 3560 καρδία

108 3596 250 3658 ἐστὶ,
280 3594 369 3648 καὶ
390 3595 549 3661 γέμει
574 3590 764 3657 πάσης
795 3586 1159 3656 ἀκαθαρσίας,
1214 3584 1309 3637 καὶ
1335 3582 1510 3653 ὄχλων
1541 3580 1671 3634 πολ-

101 3689 216 3741 λῶν
243 3684 493 3755 πονηρῶν
524 3680 853 3751 πνευμάτων
898 3678 1017 3748 Χρὴ
1041 3672 1135 3730 οὖν
1154 3674 1313 3728 τοῦτο
1336 3672 1675 3742 ἁνακτισθῆ-

96 3798 214 3841 ναι,
271 3778 372 3830 καὶ
429 3770 940 3842 ἀνοικώομηθῆναι,
980 3770 1074 3824 καὶ
1129 3764 1549 3839 εὐτρεπισθῆναι
1607 3763 1678 3816 τὰ

94 3873 330 3941 ταμεῖα,
384 3869 478 3923 καὶ
530 3867 597 3919 τὰ
635 3862 1015 3917 κουδούκλεια.
1058 3857 1207 3912 Ἰιὶκεῖ
1237 3857 1347 3928 γὰρ
1375 3858 1403 3909 6
1426 3854 1677 3926 βασιλεὺς

89 3964 346 4036 Χριστὸς
378 3961 515 4032 μετὰ
560 3959 670 4011 τῶν
704 3956 973 4025 ἀγγέλων,
1020 3951 1249 4007 καὶτῶν
1310 3950 1480 4019 ἁγίων
1512 3965 1677 4001 πνευ-

91 4062 298 4131 μάτων
365 4055 582 4127 ἔρχεται
643 4049 1025 4119 ὲπαναπαῆναι
1048 4088 1063 4113 ,
1130 4044 1227 4099 καὶ
1277 4044 1513 4113 οἰκῆσαι,
1585 4041 1681 4095 καὶ

87 4150 560 4222 ὲμπεριπατῆσαι
586 4187 603 4210 ,
660 4144 755 4199 καὶ
796 4142 968 4195 θεῖναι
1002 4141 1102 4210 τὴν
1155 4135 1348 4190 ἑαυτοῦ
1384 4133 1679 4206 βασιλείαν.

1752 1942 1883 1998 boni
1913 1951 1971 1998 et
1994 1941 2235 2011 religiosi
2267 1958 2282 1994 :
2318 1956 2385 1994 an
2412 1940 2603 2009 utique
2624 1940 2848 2009 quidam
2880 1956 2948 1994 ex
2973 1939 3131 1994 nobis
3172 1946 3321 2003 sunt,

1751 2035 1845 2103 qui
1870 2034 2191 2088 societatem
2222 2031 2467 2085 inierunt
2499 2045 2624 2085 cum
2659 2030 2879 2085 Christo
2902 2032 3129 2100 ejusque
3160 2044 3327 2099 ange-

1752 2127 1855 2193 lis;
1880 2126 2078 2195 reliqui
2111 2140 2242 2181 vero
2273 2137 2398 2178 cum
2436 2122 2634 2177 Satana
2669 2130 2726 2177 et
2756 2121 3097 2177 daemonibus
3125 2129 3326 2174 utcun-

1754 2234 1862 2289 que
1911 2232 2104 2273 omnes
2148 2217 2301 2273 velut
2353 2232 2497 2271 unus
2542 2215 2831 2270 videamur
2884 2214 3113 2269 sedere?
3165 2227 3326 2267 unam

1755 2310 1961 2380 quippe
2009 2310 2207 2364 faciem
2257 2309 2387 2365 Adze
2424 2317 2721 2381 gestamus.
2756 2306 3013 2370 Videsne,
3053 2304 3329 2375 quomodo

1755 2401 1904 2457 aliud
1932 2401 2218 2471 quidpiam
2256 2402 2328 2456 sit
2353 2401 2657 2455 substantia
2704 2398 3061 2462 intellectiva,
3099 2397 3331 2451 interior

1755 2493 2015 2549 videlicet
2064 2494 2252 2557 homo,
2299 2509 2463 2562 quam
2496 2491 2772 2547 exterior?
2796 2505 2989 2545 omnes
3018 2489 3164 2544 enim
3206 2498 3330 2542 tan-

1757 2601 1923 2657 quam
1943 2602 2086 2640 unus
2107 2602 2228 2641 esse
2251 2584 2524 2640 videmur.
2545 2585 2613 2639 Et
2637 2585 2693 2638 bi
2721 2583 2945 2653 quidem
2970 2598 3094 2638 eum
3111 2582 3331 2638 Christo

1758 2689 1816 2734 et
1843 2680 2053 2750 angelis
2072 2680 2191 2749 ejus
2216 2687 2365 2741 sunt,
2387 2678 2465 2732 illi
2496 2693 2628 2733 vero
2652 2692 2775 2731 cum
2798 2676 2993 2729 Satana
3012 2683 3069 2730 et
3095 2676 3305 2729 immun

1760 2770 1848 2826 dis
1880 2770 2189 2841 spiritibus.
2218 2768 2356 2824 Cum
2385 2785 2517 2839 ergo
2551 2784 2648 2823 cor
2681 2766 3110 2837 profunditatem
3151 2763 3333 2818 inﬁni-

1764 2874 1874 2920 tam
1916 2865 2139 2931 habeat,
2193 2862 2271 2918 ibi
2340 2870 2470 2917 sunt
2526 2860 2785 2924 triclinia,
2834 2858 3121 2920 cubicula,
3166 2856 3333 2919 fores,

1761 2956 2054 3019 vestibula,
2081 2954 2388 3010 ministeria
2419 2954 2589 3007 multa
2612 2960 2669 3007 et
2698 2951 2880 3006 exitus
2915 2968 2929 3004 :
2962 2950 3037 3004 ibi
3060 2960 3144 3005 est
3171 2948 3337 3003 oliici-

1763 3063 1832 3102 na
1851 3045 2097 3117 justitiaa,
2121 3054 2285 3115 atque
2317 3044 2597 3115 injustitize
2624 3059 2641 3096 :
2670 3043 2744 3096 ibi
2768 3057 2937 3106 mors,
2974 3041 3161 3109 ibique
3185 3040 3294 3094 vita
3320 3055 3337 3092 :

1768 3138 1845 3193 ibi
1870 3138 2011 3193 bona
2031 3136 2331 3207 negotiatio
2366 3145 2424 3191 et
2445 3133 2740 3190 contraria.

1845 3314 2085 3372 XXXIII.
2112 3311 2584 3380 Quemadmodum
2616 3311 2660 3365 si
2690 3310 2953 3381 palatium
2983 3310 3055 3365 sit
3078 3308 3341 3377 amplum,

1770 3423 1835 3463 ac
1861 3407 2152 3461 deseratur
2180 3401 2346 3465 illud,
2374 3411 2430 3456 et
2485 3400 2666 3455 omnis
2717 3399 2934 3470 generis
2974 3397 3347 3469 graveolcntia

1771 3500 2076 3570 repleatur,
2106 3512 2170 3552 ac
2192 3496 2557 3551 cadaveribus
2612 3494 2803 3548 multis
2835 3510 2851 3559 ;
2892 3496 2971 3548 sic
3001 3506 3220 3561 quoque
3249 3506 3346 3547 cor

1771 3589 1919 3660 quod
1961 3588 2229 3659 palatium
2252 3586 2463 3642 Christi
2491 3594 2599 3648 est,
2630 3584 2873 3639 abundat
2897 3583 3211 3637 omnimoda
3243 3583 3345 3636 im-

1774 3680 2015 3750 puritate
2064 3686 2121 3732 et
2164 3676 2418 3746 plurimis
2453 3674 2628 3729 turbis
2682 3685 2978 3743 pravorum
3023 3670 3343 3739 spirituum.

1774 3772 2005 3842 Oportet
2029 3770 2198 3840 igitur
2225 3768 2280 3822 id
2311 3764 2634 3830 restaurari,
2668 3772 2724 3819 et
2748 3761 3087 3825 reaadiﬁcari,
3118 3775 3182 3815 ac
3208 3776 3347 3829 pra:-

1776 3865 1959 3937 parari
1993 3861 2274 3919 conclavia
2314 3867 2371 3914 et
2401 3857 2673 3913 cubicula.
2706 3855 2843 3909 llluc
2870 3853 3015 3907 enim
3057 3866 3155 3905 rex
3184 3849 3349 3904 Chri-

1778 3967 1898 4015 stus
1928 3970 2055 4010 cum
2085 3951 2295 4022 angelis
2319 3957 2375 4005 et
2405 3948 2696 4020 spiritibus
2745 3944 2949 4001 sanctis
2978 3942 3152 4006 venit,
3178 3951 3239 3995 ut
3272 3940 3348 3995 ibi

1782 4048 2115 4120 requiescat,
2172 4044 2385 4099 habitet
2429 4051 2484 4096 et
2529 4039 2874 4101 inambulet,
2907 4044 3072 4106 atque
3120 4034 3351 4088 collucet

1784 4155 2010 4212 regnum
2046 4153 2227 4194 suum.
2273 4136 2407 4191 Dico
2447 4142 2655 4197 autem,
2711 4130 2941 4202 perinde
3002 4144 3066 4183 ac
3117 4125 3162 4181 si
3198 4124 3352 4180 navis

84 4220 269 4312 Λέγω
307 4241 369 4294 δὲ
394 4280 410 4306 ,
468 4239 657 4306 ὥσπερ
702 4236 795 4290 ἐὰν
907 4234 1089 4286 πλοῖον
1139 4230 1261 4301 ἔχον
1292 4226 1493 4295 πολλὴν
1517 4241 1663 4279 κατα¹

1786 4234 1960 4289 multo
2023 4239 2286 4301 apparatu
2341 4228 2609 4282 instructa
2649 4225 2743 4288 sit,
2799 4223 2853 4277 in
2885 4237 2992 4291 qua
3021 4220 3353 4291 gubernator

82 4336 341 4407 σκευὴν,
374 4335 489 4387 ἐκεῖ
528 4334 557 4385 6
583 4331 922 4402 κυϐερνήτης
962 4327 1153 4380 διοικεῖ
1173 4323 1298 4386 τοὺς
1330 4321 1557 4383 πάντας,
1590 4318 1663 4371 κα

1786 4335 1940 4396 regat
1968 4334 2025 4380 et
2052 4322 2371 4377 moderetur
2404 4332 2619 4383 omnes,
2652 4316 2755 4370 bos
2782 4314 3004 4384 quidem
3036 4311 3352 4380 obiurgans,

77 4403 409 4497 οἰκονομεῖ,
442 4427 552 4487 τοῖς
586 4422 685 4493 μὲν
727 4419 1094 4489 ἐπιπλήττων,
1123 4414 1313 4477 ἄλλους
1356 4412 1411 4465 δὲ
1438 4407 1647 4479 ὁδηγῶν

1789 4417 1914 4472 illos
1945 4430 2077 4470 vero
2092 4412 2337 4483 dirigens
2368 4427 2383 4464 :
2415 4408 2611 4464 eodem
2638 4406 2804 4461 modo
2827 4420 2887 4459 se
2913 4403 3080 4457 habet
3103 4416 3218 4464 cor,
3254 4413 3355 4467 pro

76 4495 308 4583 οὕτως
333 4518 454 4572 ἐστὶ
490 4517 583 4570 καὶ
622 4518 655 4586 η
707 4513 905 4585 καρδία
942 4512 1141 4581 ἔχουσα
1181 4508 1274 4562 τὸν
1315 4504 1439 4560 νοῦν
1485 4502 1663 4571 κυϐερι

1790 4507 2159 4579 gubernatore
2187 4503 2397 4558 habens
2425 4509 2688 4563 mentem,
2710 4495 3103 4553 conscientiam
3124 4505 3362 4563 arguen-

77 4615 282 4684 νήτην
303 4651 318 4674 ,
358 4611 457 4679 τὴν
503 4584 804 4676 συνείδησιν
850 4604 1177 4672 ὲλέγχουσαν
1197 4642 1212 4666 ,
1235 4598 1527 4667 λογισμοὺς
1554 4611 1663 4649 κατ

1790 4608 1925 4664 tem,
1959 4597 2067 4668 62
2087 4593 2447 4664 cogitationes
2494 4597 2818 4646 accusantes
2844 4602 2907 4643 ac
2945 4584 3305 4641 defendentes
3338 4595 3355 4633 :

75 4679 456 4776 ηγοροῦντας
481 4700 575 4754 καὶ
604 4697 1064 4766 ἀπολογουμένους
1084 4709 1099 4724 ο
1127 4692 1273 4759 λέγει
1295 4689 1423 4759 γάρ’
1446 4685 1663 4751 Μεταξί

1790 4688 1973 4760 inquit
1989 4687 2138 4743 enim
2161 4702 2176 4739 ι
2195 4682 2611 4753 ﬂagitationibus
2631 4682 2770 4735 inter
2784 4696 2839 4734 se
2862 4679 3085 4732 invicem
3111 4689 3360 4729 accusan-

71 4775 413 4863 ἀλλήλων
461 4792 579 4846 τῶν
611 4789 916 4861 λογισμῶν
956 4785 1464 4856 κατηγορούντων,
1504 4782 1543 4851 ἢ
1587 4796 1663 4834 κα

1794 4782 1927 4837 tibus
1950 4788 2001 4834 et
2029 4776 2426 4848 defendentibus
2458 4775 2524 4828 ⁸⁸.

69 4884 645 4957 ἀπολογουμένων.

156 4981 309 5034 ΛΔ’.
356 4978 519 5048 Ὁρᾷς
551 4976 633 5028 ὅτι
680 4974 714 5043 ὴ
759 4970 1060 5040 συνείδησις
1112 4967 1175 5022 ού
1209 4965 1493 5038 συγκρίνει
1557 4965 1688 5029 τοὺς

68 5069 397 5131 τοιούτους
425 5067 721 5137 λογισμοὺς
758 5063 885 5127 τοὺς
917 5060 1290 5125 ὑπακούοντας
1323 5061 1389 5129 τῇ
1423 5057 1690 5130 ἁμαρτίᾳ,

65 5164 214 5221 ἀλλ’
251 5161 429 5224 εὐθὺς
458 5159 688 5228 ἐλέγχει.
728 5156 805 5211 Οὐ
826 5153 1084 5224 ψεύδεται
1117 5152 1248 5223 γὰρ,
1299 5150 1423 5203 ἐπεὶ
1461 5150 1513 5202 τί
1544 5151 1691 5203 εἴποι

66 5257 357 5312 ἐνώπιον
404 5252 499 5305 τοῦ
533 5248 665 5303 Θεοῦ
687 5250 743 5303 ὲν
761 5250 826 5317 τῇ
861 5245 1047 5317 ἡμέρᾳ
1076 5243 1174 5313 τῆς
1200 5242 1434 5315 κρίσεως,
1478 5241 1687 5312 μαρτύ·

1863 4960 2100 5019 XXXIV.
2120 4956 2289 5013 Vides
2324 4952 2721 5010 conscientiam
2756 4965 2867 5004 non
2899 4946 3207 5020 approbare
3252 4942 3360 4997 bu-

1786 5053 2030 5128 jusmodi
2073 5048 2459 5121 cogitationes,
2510 5060 2635 5114 quae
2683 5050 2909 5112 peccato
2955 5039 3362 5106 obtemperant,

1793 5123 1890 5202 sed
1916 5145 2103 5200 statim
2141 5154 2397 5210 arguere.
2425 5137 2544 5191 Non
2587 5135 2733 5189 enim
2764 5131 3048 5193 mentitur,
3082 5127 3208 5197 quia
3232 5123 3366 5195 quid

1794 5239 2014 5294 dictura
2066 5235 2138 5290 sit
2165 5246 2352 5289 coram
2399 5231 2511 5285 Deo
2562 5228 2617 5282 in
2650 5227 2739 5280 die
2774 5224 2965 5296 judicii
3007 5221 3362 5279 testilicatur,

1800 5341 2060 5400 tanquam
2091 5325 2353 5382 continue
2385 5318 2814 5392 reprehendens.
2850 5314 3086 5370 Perinde
3123 5327 3187 5366 ac
3219 5310 3263 5364 si
3296 5308 3368 5362 slt

1799 5398 2017 5487 currus,
2040 5429 2096 5475 ct
2134 5419 2309 5479 frena,
2333 5412 2613 5475 animalia,
2641 5419 2697 5465 et
2729 5407 2910 5462 omnis
2943 5412 3240 5475 apparatus
3264 5398 3367 5454 sub

1801 5530 1913 5570 uno
1966 5511 2318 5567 moderatore
2371 5511 2501 5561 sunt
2551 5518 2564 5555 :
2614 5498 2835 5571 quando
2883 5512 3015 5568 ergo
3063 5495 3114 5550 ei
3166 5492 3366 5563 placet,

1800 5603 2147 5664 velocissimo
2170 5615 2338 5658 cursu
2366 5596 2586 5653 vehitur
2618 5609 2649 5648 a
2676 5607 2875 5659 curru;
2907 5587 3126 5661 quando
3154 5598 3286 5641 vero
3315 5580 3365 5639 ei

68 5366 290 5421 ρεται,
341 5345 417 5408 ὡς
450 5344 680 5397 πάντοτε
728 5340 1042 5410 ἐλέγχουσα.
1095 5338 1303 5407 Ὥσπερ
1351 5336 1449 5389 ἐὰν
1541 5336 1694 5403 ἆρμα

67 5448 190 5497 καὶ
229 5439 425 5509 ήνίαι,
451 5438 519 5491 τὰ
562 5436 699 5500 ζῶα,
727 5436 820 5488 καὶ
862 5435 1014 5486 πᾶσα
1044 5429 1417 5501 ήκατασκευὴ
1461 5427 1566 5480 ὑπὸ
1596 5426 1692 5478 ἕνα

62 5529 341 5603 ἡνίοχόν
376 5530 513 5593 ἐστι,
537 5526 741 5590 λοιπὸν,
771 5526 860 5579 ὅτε
882 5524 1023 5577 θέλει
1049 5524 1274 5587 ἐκεῖνος,
1298 5518 1532 5590 ὀξυτάτῃ
1547 5520 1692 5589 ὁρμῇ

65 5625 359 5693 φέρεται
398 5620 503 5672 ὑπὸ
530 5618 624 5672 τοῦ
654 5617 898 5689 ἅρματος
925 5633 939 5648 σ
969 5616 1057 5670 ὅτε
1086 5613 1143 5673 δὲ
1173 5612 1339 5681 θέλει,
1375 5610 1562 5681 ἐπέχει
1595 5608 1693 5665 αύ-

157 5801 220 5837 ⁶³
255 5800 429 5861 Rom,
458 5815 516 5859 ιι,
544 5798 630 5860 l5.
