3966 6550
598 329 704 395 599

1839 333 1900 394 S.
1933 332 2253 393 MACAIIII
2293 332 2615 395 IEGYPTll

600 445 778 513 placet
805 439 992 503 aliter,
1032 439 1238 496 retinet
1265 441 1420 498 illum
1454 459 1467 497 :
1497 441 1682 500 denuo
1721 442 1817 499 ubi
1843 443 2023 514 placet
2052 459 2180 500 eum

2296 444 2350 499 τό
2373 461 2388 476 ο
2419 444 2584 499 πάλιν
2608 444 2744 498 ὅπου
2787 441 2932 497 θέλει
2984 443 3324 516 μετατρέψαι
3361 443 3511 508 αὐτὸ,
3563 445 3667 502 ἐκεῖ
3699 453 3800 510 αὐτὸ

597 541 954 599 convertere,
985 532 1059 587 ibi
1088 534 1341 604 sequitur
1363 549 1593 600 currus;
1618 544 1766 590 totus
1795 535 1962 606 igitur
1984 550 2184 590 currus

601 627 707 681 sub
737 634 1010 697 potestate
1043 625 1336 697 dirigentis
1364 635 1451 680 est
1481 643 1494 680 :
1533 627 1614 682 sic
1643 641 1864 696 quoque
1891 641 1988 679 cor
2017 625 2182 681 habet

603 721 806 774 multas
861 719 1227 789 cogitationes
1277 719 1594 782 naturales,
1644 717 1993 772 adhaerentes
2053 716 2181 782 sibi,

603 827 762 865 mens
787 820 969 866 autem
1009 818 1067 865 ct
1116 809 1454 864 conscientia
1502 809 1920 880 reprehendunt
1958 818 2015 864 et
2045 809 2184 864 diri-

602 913 742 974 gunt
773 919 892 962 cor.
918 913 1082 974 atque
1113 907 1340 972 sopiunt
1365 913 1423 958 et
1451 903 1647 958 sedant
1673 903 1954 958 naturales
1979 903 2187 973 cogita-

611 999 789 1051 tiones
817 996 872 1050 in
908 996 1074 1050 corde
1123 997 1513 1052 scaturientes.
1562 996 1806 1051 Membra
1831 997 1980 1052 enim
2028 997 2185 1068 plura

609 1089 776 1142 habet
823 1088 1029 1151 anima,
1068 1087 1197 1142 licet
1230 1105 1336 1142 una
1365 1089 1456 1143 sit.

679 1182 895 1237 XXXV.
943 1183 1023 1236 Ex
1076 1201 1188 1254 quo
1235 1185 1383 1240 enim
1438 1193 1817 1253 transgressus
1865 1195 1951 1240 est
2013 1185 2187 1242 Adam

611 1275 928 1329 mandatum
957 1316 974 1340 ,
1024 1277 1258 1332 accessit
1300 1292 1558 1345 serpens,
1598 1276 1965 1346 dominusque
2013 1277 2191 1334 factus

608 1377 699 1419 cst
724 1366 942 1430 domus,
1000 1376 1058 1422 et
1097 1369 1248 1422 velut
1282 1369 1456 1422 altera
1484 1367 1665 1422 anima
1702 1384 1830 1422 cum
1870 1369 2070 1424 anima.
2101 1369 2192 1424 Ait

613 1459 762 1514 enim
791 1460 1102 1515 Dominus:
1151 1460 1456 1531 Quicunque
1513 1478 1617 1514 non
1666 1462 2060 1516 renuntiaverit
2094 1462 2192 1515 sibi

613 1555 738 1624 ipsi,
770 1564 818 1606 et
855 1555 944 1625 qui
976 1572 1080 1608 non
1116 1556 1282 1608 oderit
1314 1556 1553 1608 animum
1585 1571 1762 1618 suam,
1798 1571 1901 1610 nou
1933 1562 2010 1608 est
2044 1571 2192 1609 meus

615 1645 905 1718 discipulus
927 1650 990 1702 ".
1037 1648 1142 1702 Et:
1175 1646 1276 1712 Qui
1329 1646 1502 1716 diligit
1539 1647 1780 1700 animam
1811 1663 1986 1710 suam,
2012 1646 2194 1717 perdet

617 1755 736 1793 eam
769 1741 834 1794 ⁵⁷.
863 1740 1144 1810 Siquidem
1177 1749 1463 1808 peccatum
1505 1748 1797 1809 postquam
1837 1738 2039 1793 invasit
2069 1739 2193 1794 ani-

2285 541 2606 613 συνέρχεται
2638 555 2653 570 ·
2683 539 2804 592 ὅλον
2849 534 2942 592 οὖν
2978 538 3041 591 τὺ
3066 537 3220 608 ἅρμα
3265 541 3324 592 ἐν
3373 541 3438 608 τῇ
3493 537 3692 612 ἐξουσίᾳ
3732 548 3800 602 τοῦ

2283 629 2627 702 ἡνιοχοῦντος
2682 633 2861 685 κεῖται
2887 648 2900 661 ⁸
2935 629 3110 695 οὕτως
3141 632 3238 685 καὶ
3267 631 3529 701 ἠκαιρδΞα
3575 632 3676 703 ἔχει
3710 639 3805 690 m1.

2284 723 2411 787 λοὺς
2444 723 2738 793 λογισμοὺς
2788 723 3076 792 φυσικοὺς,
3121 723 3539 792 συνδεδεμένους
3571 727 3716 798 αὐτῇ,
3737 736 3808 788 καὶ

2283 816 2312 869 ὁ
2341 813 2465 878 νοῦς
2486 815 2603 867 ἐστι
2633 813 2728 867 καὶ
2753 814 2786 882 ἡ
2827 813 3132 882 συνείδησις
3171 814 3484 884 ἐπιτιμῶσα
3527 817 3618 870 καὶ
3653 837 3807 876 καῖεν·

2287 907 2522 962 θύνουσα
2560 905 2660 976 τὴν
2696 905 2946 977 καρδίαν.
3003 909 3098 960 καὶ
3154 907 3511 971 διῡπνίζουσα
3540 911 3657 973 τοὺς
3686 931 3808 980 φυσιν

2288 1002 2418 1062 κοὺς
2451 998 2714 1070 βρύοντας
2741 1001 2800 1052 ἐν
2828 1001 2893 1070 τῇ
2947 999 3168 1072 καρδίᾳ.
3206 1000 3364 1070 Μέλη
3403 1000 3512 1071 γὰρ
3559 1003 3711 1056 πολλὰ
3725 1007 3811 1077 ἔχει

2286 1090 2454 1161 ψυχὴ,
2489 1092 2591 1144 κᾶν
2625 1090 2723 1161 μία
2755 1090 2925 1146 ἐστίν.

2362 1183 2486 1238 ΑΕο,
2534 1177 2735 1253 Ἀφὀὖ
2756 1182 2866 1252 γὰρ
2909 1182 3130 1254 παρέϐη
3173 1181 3204 1234 ὁ
3263 1181 3442 1253 Ἀδὰμ
3477 1181 3576 1253 τὴν
3617 1187 3810 1257 ἐντολὴν·

2291 1274 2621 1332 ἐπεισελθὼν
2647 1277 2675 1328 ό
2735 1276 2859 1346 ὄφις
2901 1277 3171 1348 δεσπότης
3209 1279 3400 1347 γέγονε
3441 1278 3536 1333 τοῦ
3568 1282 3722 1346 οἴκου,
3746 1288 3814 1336 καὶ

2290 1368 2367 1431 ὡς
2411 1367 2558 1438 ψυχὴ
2592 1368 2753 1440 ἑτέρα
2803 1370 2941 1440 μετὰ
2975 1372 3076 1442 τῆς
3104 1370 3281 1442 ψυχῆς
3320 1373 3462 1428 ἐστι.
3490 1373 3644 1442 Λέγει
3679 1376 3766 1447 γάρ
3794 1381 3814 1430 ό

2291 1462 2517 1531 Κύριος
2551 1460 2676 1527 Πᾶς
2712 1461 2883 1528 ὅστις
2917 1463 3033 1517 οὐκ
3059 1463 3327 1531 ἀρνεῖται
3375 1465 3614 1529 ἑαυτὸν.
3654 1468 3736 1520 mi
3763 1473 3814 1522 οὐ

2287 1554 2460 1622 μισεῖ
2475 1553 2591 1617 τὴν
2613 1553 2828 1607 ἑαυτοῦ
2849 1554 3083 1623 ψυχὴν,
3108 1557 3221 1610 οὐκ
3254 1557 3388 1611 ἐστι
3410 1574 3533 1626 μου
3564 1559 3814 1626 μαθητής·

2292 1646 2386 1702 καί
2423 1661 2438 1675 °
2481 1645 2535 1700 Ὀ
2567 1646 2815 1714 ἀγαπῶν
2861 1647 2976 1715 τὴν
3021 1647 3236 1718 ψυχὴν
3293 1650 3506 1716 αὑτοῦ,
3580 1651 3816 1708 ἀπολέσει

2293 1736 2507 1805 αὐτήν.
2543 1738 2694 1792 Ἐπεὶ
2747 1740 2781 1809 ἡ
2834 1740 3086 1810 ἡμαρτία
3133 1740 3530 1796 ἐπεισελθοῦσα
3573 1745 3636 1812 τῇ
3687 1743 3814 1816 ψυχῇ,

616 1849 782 1897 mam,
822 1833 1132 1888 membrum
1159 1833 1280 1902 ejus
1314 1832 1514 1886 factum
1542 1843 1646 1898 est,
1679 1832 1892 1902 ipsique
1925 1847 2193 1902 corporeo

2301 1830 2464 1900 μέλος
2499 1831 2669 1899 αὐτῆς
2697 1831 2910 1900 γέγονε,
2942 1833 3040 1887 καὶ
3059 1832 3210 1903 αὕτῷ
3228 1833 3308 1904 τῷ
3335 1833 3634 1904 σωματικῷ

613 1923 828 1979 homini
853 1923 1118 1988 adhaeret,
1164 1940 1228 1980 ac
1275 1924 1586 1980 scaturiunt
1632 1923 1761 1978 inde
1798 1923 1983 1978 multa:
2028 1933 2193 1994 atque

615 2015 847 2086 impura:
871 2015 1235 2087 cogitationes
1268 2015 1323 2070 in
1355 2015 1549 2071 corde.
1574 2015 1866 2084 Quocirca,
1911 2016 2008 2086 qui
2064 2016 2196 2074 facit

619 2109 957 2162 voluntatem
999 2107 1195 2164 animm
1233 2124 1367 2174 sua},
1414 2109 1754 2163 voluntatem
1800 2108 1986 2163 cordis
2028 2108 2190 2178 facit;

616 2201 745 2271 quia
781 2217 906 2255 cum
931 2201 1026 2255 illo
1054 2217 1300 2256 connexa
1332 2209 1390 2256 et
1421 2201 1682 2272 permista
1711 2210 1796 2257 est
1825 2201 2026 2256 anima.
2050 2201 2197 2267 Qua-

616 2302 863 2364 propter,
895 2295 990 2364 qui
1021 2295 1330 2366 subjugum
1355 2295 1595 2350 animam
1617 2296 1995 2361 suam'mittit,
2021 2305 2078 2350 et
2097 2295 2194 2366 qui

615 2389 722 2442 sibi
757 2389 1072 2458 innatisque
1103 2388 1509 2458 cupiditatibus
1529 2399 1841 2455 succenset,
1871 2390 2104 2460 perinde
2137 2406 2196 2448 se

616 2481 802 2545 habet,
831 2497 893 2536 ac
924 2483 1016 2551 qui
1049 2481 1328 2536 civitatem
1359 2482 1602 2537 hostium
1638 2498 1866 2538 suorum
1898 2483 2185 2553 subjugat:

616 2573 821 2644 hicque
857 2575 1058 2646 dignus
1099 2577 1339 2632 habetur
1371 2575 1592 2645 assequi
1639 2577 1838 2632 bonam
1879 2573 2207 2632 mensuram

616 2668 885 2738 Spiritus,
916 2679 1082 2739 atque
1102 2669 1284 2724 induit
1301 2669 1509 2724 virtute
1535 2668 1720 2724 divina
1752 2668 1975 2739 adjutus
1994 2685 2196 2738 purum

615 2761 918 2824 hominem,
950 2776 1116 2831 seque
1136 2761 1254 2830 ipso
1284 2760 1642 2830 praestantior
1663 2760 1872 2820 evadit.
1908 2761 2194 2831 Ejusmodi

615 2853 764 2916 enim
790 2852 886 2922 qui
922 2860 1028 2916 est,
1081 2860 1269 2922 postea
1295 2851 1496 2912 divina:
1549 2860 1758 2906 naturae
1792 2851 1852 2907 ﬁt
1893 2852 2189 2921 particeps,

613 2951 671 2996 et
722 2941 908 2997 evadit
934 2941 1084 2996 ﬁlius
1125 2943 1246 3006 Dei,
1277 2943 1557 3014 recipiens
1588 2943 1931 3014 signaculth
1970 2945 2196 3000 cmleste

615 3035 670 3089 in
696 3035 878 3090 anima
911 3051 1032 3090 sua.
1067 3035 1244 3091 Electi
1275 3038 1423 3091 enim
1460 3037 1583 3108 ejus
1610 3045 1896 3108 unguntur
1924 3038 2049 3094 oleo
2070 3054 2197 3094 san-

613 3126 915 3191 ctificante,
949 3127 1005 3181 in
1027 3143 1224 3199 magna
1246 3128 1514 3200 dignitate
1539 3131 1977 3197 constituuntur,
2013 3147 2078 3189 ac
2103 3148 2194 3188 re-
2221 3157 2267 3218 ο

617 3235 712 3291 ges
734 3219 999 3275 evadunt.

691 3314 931 3371 XXXVI.
964 3315 1059 3371 Est
1084 3315 1235 3371 enim
1274 3315 1440 3372 homo
1475 3316 1743 3387 ejusmodi
1779 3325 2012 3383 naturae,
2044 3328 2106 3374 ut
2139 3331 2197 3377 et

617 3408 714 3478 qui
751 3408 806 3462 in
827 3408 1162 3478 profundum
1189 3410 1454 3479 nequitia;
1475 3410 1767 3465 demersus
1787 3420 1872 3465 est
1897 3419 1953 3466 et
1969 3421 2195 3481 peccato

619 3500 814 3565 servit,
843 3501 1092 3556 converti
1123 3501 1192 3555 ad
1225 3501 1434 3556 bonum
1469 3543 1484 3564 ,
1528 3511 1582 3558 et
1612 3503 1707 3572 qui
1736 3502 1968 3572 Spiritui
2006 3513 2198 3560 sancto

619 3592 936 3658 devinctus,
973 3601 1029 3648 et
1057 3591 1225 3648 rebus
1259 3595 1582 3650 cmlestibus
1626 3595 1930 3651 inebriatus
1978 3604 2082 3661 est,
2130 3597 2198 3651 ad

619 3681 829 3736 malum
851 3683 1099 3738 converti
1121 3684 1317 3754 possit.
1342 3684 1576 3739 Perinde
1603 3700 1667 3740 ac
1702 3687 1748 3740 si
1771 3686 1971 3741 mulier
2001 3687 2200 3756 pannis

620 3775 823 3829 laceris
867 3774 1067 3838 obsita,
1109 3777 1364 3852 esuriens
1418 3785 1476 3831 et
1513 3776 1801 3846 squalida;
1838 3786 1895 3833 et
1932 3795 2054 3849 qua:
2087 3795 2200 3834 non

617 3865 829 3934 absque
860 3865 1036 3918 multo
1059 3865 1248 3920 labore
1279 3865 1488 3935 regiam
1521 3865 1847 3935 dignitatem
1877 3877 2197 3935 consecuta,

619 3957 872 4012 induitur
895 3974 1139 4027 purpura
1167 3967 1223 4013 et
1249 3973 1473 4023 corona,
1506 3973 1571 4014 ac
1596 3958 1656 4011 ﬁt
1683 3973 1883 4028 sponsa
1924 3959 2070 4030 regis
2093 3999 2108 4024 ,
2141 3960 2198 4015 in

616 4053 938 4107 memoriam
965 4052 1070 4106 sibi
1103 4062 1322 4107 revocet
1351 4054 1615 4123 pristinas
1652 4053 1869 4119 sordes,
1895 4070 1960 4110 ac
1991 4055 2045 4110 in
2081 4055 2202 4110 ani-

616 4160 710 4198 mo
729 4144 1013 4200 babeatad
1040 4145 1332 4214 pristinum
1363 4153 1570 4200 statum
1603 4147 1845 4211 reverti,
1877 4162 1980 4203 nec
2014 4155 2201 4202 tamen

619 4235 674 4291 in
700 4236 989 4306 pristinam
1027 4235 1310 4290 infamiam
1345 4237 1530 4291 redire
1552 4237 1744 4291 malit:
1771 4238 1877 4293 hoc
1900 4237 2049 4293 enim
2087 4248 2202 4293 sto-

616 4327 790 4382 lidum
820 4337 905 4383 est
936 4346 950 4382 :
983 4330 1059 4382 ita
1100 4342 1342 4396 quoque,
1371 4327 1466 4396 qui
1496 4346 1514 4378 ι
1553 4337 1839 4398 gustarunt
1864 4330 2099 4400 gratiam
2121 4330 2202 4384 di-

617 4421 828 4485 vinam,
854 4437 916 4474 ac
944 4418 1175 4490 Spiritus
1204 4421 1488 4490 participes
1533 4420 1659 4490 facti
1705 4430 1829 4475 sunt
1860 4423 1924 4487 ⁸⁸,
1956 4422 2062 4477 nisi
2091 4421 2199 4477 sibi

2297 1938 2386 1993 πῳ
2414 1921 2765 1991 κεκόλληται,
2799 1924 2895 1978 καὶ
2949 1923 3174 1996 βρύουσι
3214 1925 3402 1978 πολλοὶ
3448 1926 3549 1978 καὶ
3575 1925 3816 1996 ἀκάθαρτοι

2295 2017 2548 2088 λογισμοὶ
2587 2019 2644 2071 ἐν
2681 2020 2747 2088 τῇ
2791 2018 3008 2089 καρδίᾳ.
3047 2019 3108 2075 '0
3156 2020 3250 2075 οὖν
3293 2021 3470 2075 ποιῶν
3499 2022 3568 2077 τά
3593 2022 3816 2092 Gaique:

2295 2111 2394 2179 τῆς
2427 2109 2604 2180 ψυχῆς
2637 2110 2824 2174 αὐτοῦ,
2863 2112 2928 2166 τὰ
2954 2111 3235 2184 θελήματα
3266 2115 3368 2184 τῆς
3407 2115 3636 2186 καρδίας
3676 2121 3813 2170 ποιεί·

2295 2202 2481 2273 ἐπειδὴ
2510 2202 2928 2272 συμπέπλεκται
2967 2205 3061 2258 καὶ
3105 2207 3485 2280 συγκέκραται
3532 2211 3565 2278 ἡ
3602 2209 3746 2280 ψυχή.
3777 2211 3814 2264 '0

2295 2288 2388 2346 οὖν
2415 2293 2736 2347 ὑποτάσσων
2758 2294 2857 2364 τὴν
2899 2293 3078 2367 ψυχὴν
3115 2297 3331 2362 ἑαυτοῦ,
3388 2299 3490 2352 καὶ
3527 2299 3815 2370 ὀργιζόμενος

2297 2382 2475 2452 ἐαυτῷ
2507 2383 2601 2436 καὶ
2641 2385 2761 2446 ταῖς
2793 2384 3082 2449 συνούσαις
3115 2387 3264 2454 αὐτῷ
3313 2389 3657 2458 ἐπιθυμίαις,
3688 2389 3815 2455 οὕτως

2295 2473 2466 2538 ἐστὶν,
2515 2473 2591 2537 ὼς
2643 2474 2673 2527 ὁ
2718 2475 3040 2530 ὑποτάσσων
3069 2477 3228 2531 πόλιν
3277 2479 3494 2550 ἐχθρῶν
3554 2482 3720 2545 αὐτοῦ,
3753 2486 3817 2536 καὶ

2295 2560 2450 2630 οὗτος
2488 2565 2841 2631 καταξιοῦται
2872 2567 3050 2623 ἐλθεῖν
3077 2570 3161 2634 είς
3196 2571 3372 2642 μέτρα
3400 2573 3588 2641 ἀγαθά
3623 2575 3817 2644 Πνεῦμα-

2295 2673 2409 2722 τος,
2447 2659 2542 2712 καὶ
2570 2659 2949 2731 ἀπολαμϐάνει
2998 2659 3089 2714 διὰ
3139 2662 3240 2728 τῆς
3288 2661 3440 2728 Θείας
3475 2664 3733 2736 δυνάμεως
3755 2668 3817 2718 τὸν

2297 2750 2537 2821 καθαρὸν
2590 2749 2897 2822 ἄνθρωπον,
2951 2752 3048 2805 καὶ
3107 2753 3320 2822 γίνεται
3393 2755 3596 2810 ἑαυτοῦ
3649 2759 3816 2829 μείζων.

2308 2839 2666 2896 Ἀποθεοῦται
2717 2841 2829 2912 γὰρ
2881 2842 3067 2896 λοιπον
3115 2845 3143 2896 ό
3201 2843 3472 2910 τοιοῦτος,
3508 2847 3602 2900 καὶ
3630 2848 3816 2915 γίγνεται

2297 2933 2413 2997 υίὸς
2437 2931 2596 2997 Θεοῦ,
2630 2933 2924 3004 λαμϐάνων
2946 2935 3008 2988 τὸ
3028 2936 3280 3006 οὐράνιον
3328 2937 3520 3006 σίγνον
3550 2941 3604 2993 ἐν
3627 2942 3686 3010 τῇ
3715 2940 3816 3010 ψυχῇ

2295 3023 2485 3080 αὐτοῦ.
2518 3027 2582 3079 Oi
2604 3025 2713 3098 γὰρ
2752 3026 3001 3081 ἐκλεκτοὶ
3032 3027 3199 3081 αὐτοῦ
3234 3029 3487 3099 χρίονται
3535 3031 3597 3084 τὸ
3629 3033 3819 3100 artam-

2297 3115 2394 3171 κον
2433 3116 2635 3184 ἔλαιον,
2666 3117 2762 3171 καὶ
2794 3115 3072 3186 γίγνονται
3102 3115 3473 3188 ἀξιωματικοί
3495 3119 3590 3173 καὶ
3619 3118 3817 3191 βασιλεῖς.

2368 3311 2510 3378 ACT'.
2544 3310 2701 3380 Ἔχει
2730 3310 2845 3382 γάρ
2878 3327 2978 3382 την
3007 3328 3170 3380 φυσιν
3206 3313 3234 3366 ό
3279 3309 3573 3382 ἄνθρωπος
3602 3310 3818 3377 τοιαύτην,

2299 3403 2397 3458 καὶ
2431 3404 2460 3456 ό
2485 3401 2562 3457 ὣν
2623 3405 2681 3456 ἐν
2715 3401 2870 3473 βάθει
2914 3402 3017 3473 τῆς
3064 3402 3286 3469 κακίας,
3343 3405 3445 3456 καὶ
3505 3402 3743 3455 δουλεύων
3774 3403 3819 3467 τῇ

2299 3494 2571 3566 ἁμαρτίᾳ,
2599 3493 2694 3548 τοῦ
2727 3492 3008 3563 τραπῆναι
3036 3493 3131 3546 ἐπὶ⁵
3172 3492 3235 3545 τὸ
3279 3492 3494 3561 ἀγαθόν
3516 3509 3530 3524 ·
3564 3493 3652 3544 καὶ
3679 3489 3820 3543 66:5:-

2304 3587 2465 3657 μένος
2517 3585 2803 3656 Πνεύματι
2858 3586 3023 3653 ἁγίῳ,
3073 3584 3169 3637 καὶ
3221 3582 3636 3654 μεμεθυσμένος
3667 3583 3735 3643 είς
3775 3579 3821 3630 τὰ

2303 3679 2622 3752 ἐπουράνια,
2662 3679 2777 3749 ἔχει
2821 3678 3074 3744 ἐξουσίαν
3114 3676 3208 3731 τοῦ
3257 3678 3535 3749 τραπῆναι
3582 3676 3664 3730 ἐπὶ
3685 3674 3736 3727 τὺ
3757 3689 3821 3725 κε-

2306 3770 2424 3824 κόν.
2454 3770 2666 3841 Ὥσπερ
2697 3765 2839 3843 ἵναῇ
2870 3769 3008 3840 γυνὴ
3061 3769 3252 3840 ἱμάτια
3281 3769 3507 3840 ρακώδη
3553 3765 3820 3838 περιϐεϐλη-

2307 3864 2465 3934 μένη,
2531 3863 2902 3934 λιμὼσσουσα,
2956 3863 3350 3935 ἐρῤυπωμένη,
3412 3865 3516 3917 καὶ
3556 3863 3681 3932 αὑτὴ
3723 3860 3820 3931 μετὰ

2303 3955 2500 4008 πολλοῦ
2527 3955 2778 4025 καμάτου
2805 3954 2935 4028 ἔλθῃ
2960 3957 3040 4018 είς
3055 3953 3275 4026 ἀξίωμα
3292 3954 3596 4026 βασιλικὸν,
3618 3955 3700 4009 καὶ
3713 3951 3820 4004 ivvit}-

2305 4063 2464 4117 σηται
2502 4046 2790 4120 πορφύραν
2817 4047 2911 4102 καὶ
2961 4047 3248 4116 στέφανον,
3297 4046 3392 4102 καὶ
3423 4049 3648 4118 γένηται
3682 4048 3817 4114 vdua

2304 4140 2586 4211 βασιλέως,
2620 4139 2757 4210 αὑτὴ
2800 4140 3077 4211 μέμνηται
3109 4140 3210 4211 τῆς
3261 4141 3542 4211 προτέρας
3576 4138 3818 4211 ῥυπαρῶς.

2302 4233 2397 4286 καὶ
2431 4234 2547 4305 ἔχει
2581 4232 2796 4304 θέλημα
2860 4233 3178 4286 ἐπανελθεῖν
3227 4235 3307 4296 είς
3355 4234 3419 4286 τὸ
3480 4235 3708 4304 ἀρχαῖον,

2302 4330 2400 4400 οὐχ
2453 4331 2690 4401 αἱρεῖται
2741 4331 2821 4392 είς
2876 4329 2979 4397 τὴν
3034 4329 3311 4400 προτέραν
3361 4329 3626 4399 αἰσχύνην
3653 4325 3817 4381 ἐλθεῖν·

2306 4420 2488 4490 μωρὸν
2518 4420 2626 4491 γάρ
2651 4422 2768 4474 ἐστι
2797 4435 2812 4450 ’
2848 4420 2945 4475 καὶ
2989 4422 3145 4475 αὐτοὶ
3197 4421 3255 4474 δὲ
3289 4424 3346 4474 οι
3379 4419 3720 4490 γευσάμενοι
3742 4413 3818 4480 τῆς

617 4522 870 4576 caveant,
905 4512 1189 4575 deﬁciunt,
1240 4529 1305 4567 ac
1353 4513 1664 4568 deteriores
1712 4513 1976 4578 evadunt,
2031 4531 2193 4584 quam

2300 4515 2542 4586 χάριτος
2576 4515 2682 4569 τοῦ
2715 4513 2888 4581 Θεοῦ,
2940 4515 3038 4568 καὶ
3088 4514 3327 4584 μέτοχοι
3354 4515 3532 4582 ὄντες
3560 4513 3658 4569 τοῦ
3683 4512 3817 4568 Hmi-

615 4620 743 4658 cum
767 4614 950 4658 essent
976 4604 1237 4658 mundani
1267 4623 1280 4658 :
1307 4621 1438 4669 nou,
1470 4608 1616 4675 quod
1645 4607 1789 4660 Deus
1811 4606 1883 4660 sit
1913 4607 2199 4664 mutabilis

615 4705 712 4750 aut
746 4695 1038 4752 imbecilla:
1062 4699 1284 4761 mentis,
1309 4708 1403 4752 aut
1435 4699 1582 4768 quod
1611 4701 1996 4771 exstinguatur
2020 4700 2198 4771 Spiri-

615 4798 706 4844 tus
735 4799 992 4852 sanctus,
1043 4806 1264 4856 verum,
1303 4792 1450 4860 quod
1497 4792 1601 4862 ipsi
1642 4792 1896 4849 homines
1928 4810 2038 4849 non
2069 4809 2202 4850 con-

611 4883 854 4938 sentiant
891 4885 1102 4954 gratiat,
1127 4894 1418 4955 propterea
1441 4895 1790 4952 avertuntur,
1824 4897 1878 4942 et
1904 4887 1960 4942 in
1985 4887 2199 4946 inﬁnita

609 4985 837 5047 peccata
878 4977 1196 5033 incurrunt.
1228 4978 1335 5046 Qui
1361 4981 1510 5034 enim
1541 4979 1748 5034 donum
1773 4980 1908 5036 illud
1939 4981 2196 5054 degusta-

611 5079 764 5130 runt.
800 5081 1098 5141 utrumque
1151 5071 1324 5127 instar
1372 5073 1593 5128 comitis
1648 5072 1874 5138 habent,
1933 5074 2193 5146 gaudium

607 5162 873 5217 videlicet
903 5173 958 5217 et
982 5163 1440 5227 consolationem,
1485 5173 1694 5220 metum
1746 5182 1813 5222 ac
1869 5176 2190 5232 tremorem,

607 5254 1034 5309 exsultationem
1070 5265 1128 5310 et
1159 5257 1392 5312 luctum.
1432 5257 1734 5328 Deplorant
1764 5260 1913 5314 enim
1951 5274 2010 5314 se
2039 5259 2190 5330 ipsos

607 5356 664 5400 et
691 5348 1012 5402 universum
1038 5348 1234 5413 Adam,
1261 5352 1391 5421 quia
1411 5368 1519 5405 una.
1544 5361 1629 5407 est
1662 5352 1950 5406 hominum
1972 5361 2186 5407 natura.

610 5439 676 5492 Et
708 5441 964 5511 lacryma:
1001 5441 1089 5495 his
1113 5442 1230 5498 vice
1255 5444 1413 5513 panis
1447 5453 1597 5510 sunt,
1631 5454 1689 5500 et
1713 5445 1896 5500 luctus
1917 5445 2036 5501 vice
2060 5461 2191 5501 sua-

610 5528 801 5586 vitatis
830 5541 886 5587 et
913 5535 1146 5604 requiei.

686 5797 730 5828 ⁶⁶
763 5795 903 5855 ιιιυ,
930 5812 1038 5864 ιιν,
1067 5798 1156 5852 55.
1236 5801 1279 5832 ⁶⁷
1309 5800 1470 5857 Joau.
1507 5817 1598 5858 xu.
1633 5802 1722 5859 ‘25.
1804 5803 1848 5836 ⁸⁸
1874 5802 2045 5860 Hebr.
2073 5821 2148 5873 τι,
2171 5803 2223 5860 4.

2290 4624 2501 4678 ματος,
2534 4608 2629 4660 ἐὰν
2664 4607 2738 4677 μὴ
2783 4606 3220 4674 ἁσφαλίσωνται,
3254 4606 3724 4664 κατασϐέννυνται,
3749 4600 3816 4653 καὶ

2293 4700 2535 4770 γίνονται
2573 4698 2790 4771 χείρους
2819 4693 2882 4752 οὗ
2921 4694 3085 4770 ἦσαν,
3122 4699 3380 4768 κοσμικοὶ
3434 4699 3622 4762 ὄντες·
3658 4697 3738 4764 οὐχ
3760 4695 3816 4747 ὅτι

2293 4794 2323 4846 ό
2352 4793 2485 4856 Θεὸς
2546 4791 2781 4865 τρεπτός
2819 4794 2937 4844 ἐστι
3000 4790 3096 4844 καὶ
3151 4791 3405 4862 ἀσθενὴς.
3463 4791 3498 4862 ἢ
3546 4791 3605 4844 τὸ
3651 4787 3817 4854 Πνεῦμα

2297 4884 2610 4950 σϐέννυται,
2649 4884 2766 4937 ἀλλ’
2803 4883 2958 4937 αὐτοὶ
2993 4884 3044 4935 οἱ
3081 4882 3362 4954 ἄνθρωποι
3406 4884 3473 4937 οὐ
3527 4877 3815 4953 συμφωνοῦσι

2303 4980 2368 5050 τῇ
2399 4977 2584 5048 χάριτι
2616 4993 2631 5010 ο
2677 4975 2766 5030 διὰ
2794 4976 2954 5029 τοῦτο
3005 4976 3368 5047 ἐκτρέπονται
3427 4979 3524 5030 καὶ
3582 4975 3814 5027 πίπτουσιν

2301 5072 2382 5134 είς
2417 5069 2588 5142 μυρία
2639 5069 2805 5123 κακά.
2848 5069 2913 5121 Ol
2969 5071 3078 5139 γὰρ
3126 5067 3456 5138 γευσάμενοι
3509 5066 3705 5137 ἐκείνης
3747 5063 3816 5126 τῆς

2297 5162 2530 5234 δωρεᾶς,
2564 5161 2748 5232 ἔχουσι
2786 5162 2858 5214 τά
2885 5160 3172 5230 ἀμφότερα
3195 5161 3422 5213 συνόντα
3448 5159 3644 5221 αὐτοῖς,
3686 5152 3816 5225 χαρὰν

2298 5253 2395 5308 καὶ
2432 5252 2798 5325 παράκλησιν,
2839 5252 3006 5321 φόϐον
3031 5253 3127 5306 καὶ
3163 5251 3389 5323 τρόμον,
3428 5249 3727 5319 ἀγαλλίασιν
3749 5241 3814 5292 καὶ

2297 5345 2515 5410 πένθος.
2539 5345 2805 5400 ῐΙενοοῦσι
2835 5347 2946 5417 γάρ
3000 5345 3227 5410 ἑαυτοὺς
3261 5347 3357 5400 καὶ
3388 5345 3511 5398 ὅλον
3537 5343 3624 5396 τὸν
3657 5338 3811 5400 ’Δδέιμν

2296 5439 2488 5510 ἐπειδὴ
2537 5440 2637 5511 μία
2677 5441 2824 5494 ἐστὶν
2863 5441 2897 5510 ἡ
2939 5440 3101 5512 φύσις
3139 5439 3246 5493 τῶν
3289 5437 3624 5508 ἀνθρώπω-δ’
3653 5431 3731 5486 καὶ
3762 5425 3808 5478 τά

2297 5531 2510 5603 δάκρυα
2558 5532 2670 5586 τῶν
2706 5531 2964 5586 τοιούτων
3015 5532 3179 5605 ἄρτος
3226 5533 3366 5599 ἐστὶ,
3431 5531 3525 5584 καὶ
3573 5529 3628 5580 τὸ
3666 5521 3813 5579 πένθος

2301 5625 2576 5699 γλυκύτης
2613 5627 2707 5682 καὶ
2742 5628 3075 5692 ἀνάπαυσις.
