3966 6520
67 349 164 422 σοι

1279 353 1647 418 HOMILI/E.
1669 383 1740 394 --
1765 357 1951 420 IIOM.
1985 360 2110 423 XV.

3212 363 3319 427 602

134 467 254 523 AZ’.
291 464 421 524 Ἐὰν
448 467 507 523 δὲ
540 466 658 540 ἴδῃς
677 465 800 522 τινὰ
823 467 1132 540 ἐπηρμένον
1173 468 1268 522 καὶ
1314 470 1633 541 τετυφωμέ-

1808 471 1914 546 63
1953 474 2216 532 XXXVII.
2258 475 2314 533 Si
2354 492 2488 532 vero
2521 475 2834 548 quempiam
2866 477 3058 534 videas
3085 477 3224 534 fastu
3254 499 3319 536 ac

67 580 154 616 νον
191 560 266 626 ὡς
307 561 534 633 μέτοχον
586 561 718 616 ὄντα
771 562 870 633 τῆς
913 563 1158 632 χάριτος,
1218 554 1374 628 οὗτος
1411 563 1510 618 ἐὰν
1538 563 1633 618 καὶ

69 656 267 725 σημεῖα
311 655 541 726 ποιήσῃ,
585 656 682 710 καὶ
745 655 971 725 νεκροὺς
1030 655 1244 727 ἐγείρῃ,
1309 655 1386 726 μὴ
1424 655 1524 730 ἔχῃ
1575 655 1634 710 δὲ

66 749 165 818 τὴν
223 746 406 820 ψυχὴν
475 746 642 803 αὐτοῦ
729 746 923 819 ἄτιμον
1003 750 1100 802 καὶ
1153 747 1631 819 ὲξουδενουμὲνην,

67 834 227 912 καὶῇ
273 831 486 909 πτωχδς
529 837 608 908 τῷ
654 836 928 909 πνεύματι
964 838 1062 892 καὶ
1135 837 1447 908 βδελυκτὺς,
1509 837 1635 892 κλέ-

66 947 259 984 πτεται
289 931 395 983 ὑπὸ
431 929 532 1000 τῆς
576 930 774 994 κακίας
816 931 913 984 καὶ
942 933 1043 984 οὐκ
1073 927 1181 984 οἶδε
1203 945 1217 960 ·
1250 931 1346 986 καὶ
1387 933 1438 984 εί
1491 933 1637 985 ποιεῖ

65 1017 291 1090 σημεῖα,
322 1022 424 1075 οὐκ
453 1021 600 1076 ἐστιν
629 1021 776 1095 αὐτῷ
807 1021 1100 1076 πιστεῦσαι
1130 1039 1145 1054 ο
1171 1022 1234 1076 τὸ
1268 1023 1377 1093 γὰρ
1409 1025 1635 1095 σημεῖον

64 1112 158 1167 τοῦ
178 1112 616 1185 Χριστιανισμοῦ
635 1111 798 1168 τοῦτό
834 1116 952 1168 ἐστι
969 1154 985 1180 ,
1019 1114 1082 1168 τὸ
1107 1112 1234 1168 ὅντα
1262 1115 1387 1170 τινὰ
1412 1115 1635 1186 δόκιμον

63 1205 156 1258 τοῦ
188 1205 347 1271 Θεοῦ,
384 1206 706 1272 σπουδάζειν
735 1205 1019 1260 λανθάνειν
1052 1205 1398 1277 ἀνθρώπους.
1428 1207 1539 1262 Καὶ
1587 1209 1636 1262 εί

62 1295 173 1365 ἔχει
195 1295 349 1360 ὅλους
384 1297 511 1360 τοὺς
544 1296 853 1368 θησαυροὺς
897 1297 994 1353 τοῦ
1036 1300 1318 1371 βασιλέως,
1373 1300 1639 1372 κρύπτειν

62 1389 283 1454 αὐτοὺς,
323 1389 418 1443 καὶ
466 1389 696 1444 πάντοτε
756 1390 935 1460 λέγειν
963 1393 1044 1446 ὃτι
1089 1396 1210 1448 Οὐκ
1262 1393 1435 1448 ἐστιν
1472 1394 1637 1464 ἐμὸς.

63 1481 255 1548 ἄλλος
281 1499 385 1551 μοι
406 1481 696 1551 παρέθετο
725 1483 834 1536 τὸν
878 1485 1192 1554 θησαυρὸν
1234 1485 1451 1540 τοῦτον
1483 1502 1497 1517 ·
1523 1484 1639 1556 ἐγὼ

61 1575 172 1644 γὰρ
194 1575 433 1644 πτωχός
460 1576 595 1646 ειμι.
638 1575 747 1631 Kal
783 1576 882 1631 ὅτε
918 1576 1097 1641 θέλει,
1134 1577 1424 1646 λαμϐάνει
1451 1580 1641 1634 αὐτὸν

74 1668 178 1723 ἀπ’
219 1667 388 1737 ἐμοῦ.
421 1668 483 1720 Et
531 1667 587 1720 δέ
614 1684 697 1732 τις
727 1667 898 1737 λέγει,
930 1672 1235 1736 Πλούσιός
1267 1675 1404 1742 ειμι,
1452 1671 1637 1743 ἀρκεῖ,

61 1760 439 1829 ἐκτησάμην,
489 1759 686 1815 οὐκέτι
725 1760 936 1831 χρῄζω.
990 1764 1019 1817 ὁ
1067 1763 1308 1827 τοιοῦτος
1354 1764 1454 1817 οὐκ
1526 1764 1638 1817 ἔστι

60 1852 414 1922 Χριστιανὸς,
462 1851 597 1904 ἀλλὰ
632 1853 825 1917 σκεῦός
867 1856 983 1908 ἐστι
1030 1854 1133 1924 τῆς
1167 1855 1375 1926 πλάνης
1414 1857 1508 1908 καὶ
1541 1855 1650 1909 τοῦ·

1673 1827 1715 1882 Β

1735 567 2001 637 superbia‘
2025 569 2264 632 elatum,
2311 567 2482 624 veluti
2518 568 2610 639 qui
2658 568 2731 622 sit
2772 567 3049 640 particeps
3081 569 3267 641 gratia:
3303 610 3318 635 ,

1734 655 1825 712 hic
1869 657 1997 712 licet
2049 657 2202 729 signa
2249 657 2445 723 faciat,
2490 674 2554 713 ac
2595 668 2844 714 mortuos
2889 661 3226 725 exsuscitet,
3265 667 3323 714 et

1734 763 1847 803 nou
1888 758 2071 804 tamen
2102 749 2306 806 haheat
2341 751 2610 822 abjectam
2647 759 2705 807 et
2746 751 3011 806 humilem
3057 753 3318 817 animam,

1735 857 1838 897 nec
1863 858 2071 913 pauper
2117 842 2315 913 spiritu
2349 851 2405 898 et
2435 843 2840 899 abominandus
2870 845 2974 906 sit,
3010 845 3057 898 is
3085 844 3324 914 subripi-

1739 943 1829 988 tur
1855 949 1885 988 a
1914 934 2069 1001 vitio,
2094 945 2151 990 et
2172 935 2397 1006 quidem
2422 937 2644 992 nescius
2670 954 2682 990 :
2714 945 2770 991 et
2803 937 2930 993 licet
2954 938 3111 1008 signa
3137 937 3320 1002 faciat,

1736 1040 1847 1079 non
1885 1032 2065 1079 tamen
2098 1025 2149 1080 ei
2188 1025 2527 1082 credendum
2558 1035 2662 1081 est.
2708 1025 2934 1098 Signum
2982 1027 3130 1082 enim
3159 1026 3323 1081 Chri-

1739 1116 2013 1170 stianismi
2051 1116 2158 1172 hoc
2200 1126 2287 1172 est
2311 1157 2326 1180 .
2363 1125 2424 1171 ut
2448 1116 2646 1186 aliquis
2671 1117 2785 1172 Deo
2817 1117 2889 1171 sit
2923 1117 3208 1187 probatus,
3231 1125 3328 1170 ut—

1740 1225 1848 1279 que
1882 1209 2102 1265 studeat
2143 1210 2312 1266 laterc
2337 1224 2522 1264 coram
2560 1207 2914 1274 hominibus;
2948 1217 3004 1262 et
3034 1215 3128 1274 ut,
3158 1207 3202 1262 si
3237 1208 3324 1261 vel

1741 1301 2034 1357 universos
2077 1302 2367 1356 thesauros
2407 1301 2552 1371 regis
2597 1299 2896 1370 possideat,
2939 1316 3036 1355 eos
3083 1301 3328 1355 occultet

1740 1407 1804 1447 ac
1833 1409 2051 1464 semper
2075 1393 2225 1449 dicat
2252 1412 2264 1447 :
2295 1393 2592 1447 Tltesaurns
2631 1410 2733 1446 non
2769 1403 2843 1446 est
2876 1410 3041 1457 meus,
3074 1395 3165 1448 sed
3187 1394 3326 1449 alius

1741 1499 1861 1537 eum
1896 1484 2038 1554 apud
2073 1501 2155 1538 me
2185 1484 2424 1556 deposuit
2452 1500 2469 1539 :
2504 1501 2595 1555 ego
2628 1486 2766 1538 enim
2799 1485 3067 1538 mendicus
3089 1499 3246 1538 sum:
3277 1492 3327 1538 et

1742 1577 1955 1648 quando
1980 1579 2027 1631 ei
2056 1576 2333 1649 placuerit,
2371 1587 2566 1648 repetet
2595 1594 2712 1631 eum
2738 1597 2770 1632 a
2806 1594 2908 1631 me.
2950 1578 3008 1632 Si
3037 1594 3169 1632 vero
3204 1578 3331 1648 quis

1743 1670 1892 1725 dicat
1923 1687 1936 1724 :
1969 1669 2124 1725 Dives
2161 1686 2300 1734 sunt,
2338 1671 2544 1740 sufﬁcit,
2575 1669 2709 1724 bona
2753 1670 3008 1742 possideo,
3032 1670 3184 1725 nihili
3210 1689 3328 1725 am-

1744 1763 1881 1833 plius
1904 1763 2132 1832 indigeo,
2164 1762 2434 1833 ejusmodi
2463 1762 2554 1831 qui
2580 1769 2685 1826 est,
2715 1778 2824 1816 non
2851 1772 2936 1817 est
2957 1761 3331 1829 Christianus,

1743 1854 1842 1910 sed
1872 1869 1969 1908 vas
2013 1853 2330 1925 imposturze
2359 1861 2416 1909 et
2440 1853 2668 1908 diaboli.
2707 1852 3008 1908 Delectatio
3037 1853 3186 1908 enim
3232 1853 3328 1908 Dei

60 1943 335 1998 διαϐόλου.
380 1944 444 1996 Ἢ
480 1943 592 2014 γὰρ
641 1943 943 2008 ἀπόλαυσις
989 1944 1085 1998 τοῦ
1154 1943 1289 1998 Θεοῦ
1345 1946 1640 2015 ἀκόρεστος

1752 1946 2074 2002 insatiabilis
2119 1953 2240 2012 est,
2286 1953 2342 2000 et
2380 1955 2586 2014 quanto
2627 1945 2800 2016 magis
2845 1945 2970 2014 quis
3012 1944 3245 2015 gustarit
3275 1955 3334 2000 ct

61 2039 207 2098 ἐστι,
236 2037 330 2089 καὶ
358 2035 484 2088 ὅσον
507 2033 673 2088 αὐτοῦ
699 2035 921 2106 γεύεταί
939 2049 1022 2099 τις
1053 2037 1146 2090 καὶ
1164 2036 1353 2103 ἐσθίει,
1385 2036 1640 2091 τοσοῦτον

1752 2036 1944 2097 ederit.
1977 2045 2132 2090 tanto
2175 2035 2346 2107 magis
2374 2035 2604 2090 esuriet.
2641 2032 2708 2089 Et
2741 2034 2834 2104 qui
2874 2033 3144 2104 ejusmodi
3181 2043 3329 2096 sunt.

63 2126 322 2188 εκπεινος
371 2123 642 2192 γίγνεται.
695 2123 807 2176 Καὶ
857 2125 957 2194 τὴν
989 2123 1193 2178 παῦσεν
1221 2125 1316 2178 καὶ
1343 2123 1436 2177 τὸν
1464 2123 1642 2195 ἔρωτα

63 2219 212 2289 «po;
240 2217 328 2271 τὸν
355 2217 484 2270 Θεὸν
523 2216 742 2287 ἔχουσιν
773 2217 1147 2287 ἀκατάσχετον
1176 2217 1225 2269 οἱ
1253 2215 1488 2270 τοιοῦτοι
1509 2233 1522 2246 ο
1547 2215 1644 2269 καὶ

58 2313 177 2381 ὅσῳ
217 2309 574 2374 σπουδάζουσι
608 2311 960 2380 προκόπτειν,
993 2309 1088 2362 καὶ⁵
1123 2307 1483 2379 ὲπιπορίζειν,
1515 2324 1642 2361 τοσ-

55 2403 223 2456 οῦτον
270 2403 498 2464 ἑαυτοὺς
543 2400 803 2473 ἡγοῦνται
852 2403 1126 2472 πτωχοὺς,
1171 2400 1250 2465 ὡς
1298 2401 1498 2464 ἐνδεεῖς
1548 2401 1645 2455 καὶ

62 2491 240 2563 μηδὲν
273 2490 677 2562 κεκτημένους·
706 2492 864 2545 τοῦτο
889 2493 996 2562 γὰρ
1053 2491 1304 2561 λέγουσιν
1328 2531 1344 2556 ,
1390 2493 1472 2544 ὅτι
1524 2491 1647 2546 Οὔκ

53 2587 175 2652 ειμι
235 2583 428 2650 ἄξιος,
483 2584 585 2638 ἵνα
653 2579 834 2648 οὗτος
879 2585 911 2637 ό
945 2583 1122 2651 ἣλιος
1176 2583 1490 2652 ἐπιλάμψῃ
1519 2601 1643 2652 μοι.

55 2674 238 2728 Τοῦτό
270 2678 394 2728 ἐστι
437 2674 501 2728 τὸ
539 2677 764 2746 σημεῖον
815 2673 910 2728 τοῦ
955 2673 1412 2747 Χριστιανισμοῦ,
1447 2675 1586 2746 αὑτὴ
1611 2675 1646 2746 ἡ

56 2768 429 2830 ταπείνωσις.

127 2860 274 2914 AII'.
307 2859 444 2914 Εἱδέ
471 2875 557 2922 τις
576 2856 725 2924 )έγει
745 2857 831 2911 ὅτι
865 2857 1187 2928 Ἀρκοῦμαι
1210 2856 1310 2913 καὶ
1333 2857 1648 2927 πεπλήρωτ-

48 2971 189 3025 ιιαι,
225 2946 387 3014 οὗτος
423 2950 619 3012 πλάνος
657 2949 776 3002 ἐστὶ
811 2951 905 3004 καὶ
919 2948 1183 3021 ψεύστης.
1222 2950 1513 3020 Ὠσπερτδ
1545 2950 1652 3003 σῶ-

57 3068 138 3119 μα
171 3045 274 3099 τοῦ
321 3045 526 3114 Κυρίου
566 3040 856 3109 ἐδοξάσθη,
899 3042 988 3096 ὅτε
1029 3043 1260 3113 ἀνῆλθεν
1299 3045 1378 3105 είς
1408 3043 1470 3096 τὸ
1503 3041 1649 3114 ὅρος,

55 3142 157 3192 καὶ
197 3133 606 3206 μετεμορφώθη
665 3135 747 3199 είς
786 3135 885 3206 τὴν
925 3134 1113 3206 θεῖκὴν
1141 3134 1321 3200 δόξαν,
1358 3135 1453 3187 καὶ
1482 3134 1563 3198 εἰς
1587 3134 1650 3187 cs

52 3231 184 3299 φῶς
223 3227 290 3282 τὸ
319 3229 569 3298 ἄπειρον,
621 3226 795 3291 οὕτως
837 3227 935 3281 καὶ
967 3227 1033 3281 τὰ
1075 3226 1305 3298 σώματα
1329 3226 1439 3281 τῶν
1479 3226 1650 3297 ἁγίων

52 3323 360 3388 δοξάζεται
446 3323 543 3374 καὶ
615 3319 1004 3391 ἔξαστράπτει.
1099 3321 1186 3384 Ὠς
1260 3321 1370 3392 γὰρ
1448 3319 1653 3374 ἔσωθεν

55 3418 99 3484 ἡ
134 3414 276 3479 δόξα
325 3413 422 3468 τοῦ
479 3412 718 3484 Χριστοῦ
762 3413 906 3466 οὕτω
972 3412 1271 3484 ὲφηπλὼθη
1323 3411 1403 3484 τῷ
1439 3411 1652 3484 σώματι

63 3504 257 3557 αὑτοῦ
305 3506 393 3558 καὶ
444 3505 757 3576 ἐξέλαμψεο
809 3504 902 3559 τὸν
935 3505 1102 3559 αὐτὸν
1161 3506 1362 3576 τρόπον
1392 3507 1496 3559 κὰν
1541 3509 1653 3571 τοῖς

55 3598 286 3666 ἁγίοις,
351 3599 382 3668 ή
425 3598 634 3652 ἔσωθεν
685 3593 821 3652 οὖσα
878 3599 974 3652 τοῦ
1010 3599 1246 3670 Χριστοῦ
1283 3599 1534 3670 δύναμις,
1595 3601 1654 3653 ὲν

49 3692 268 3764 ἐκείνῃ
324 3695 393 3763 τῇ
449 3691 639 3763 ἡμέρᾳ
693 3690 896 3756 ἔξωθεν
952 3693 1031 3755 εἰς
1095 3693 1163 3746 τὰ
1207 3691 1434 3763 σώματα
1474 3693 1654 3746 αὐτῶν

41 3789 489 3857 ὑπερεκχείται.
541 3785 649 3839 Καί
682 3785 792 3858 γὰρ
851 3788 915 3840 ὲκ
970 3788 1073 3854 τῆς
1128 3785 1295 3841 αὐτοῦ
1334 3787 1522 3851 ούσίας
1560 3787 1656 3840 καὶ

37 3881 298 3950 φύσεως
327 3878 436 3932 ἀπὸ
489 3877 583 3931 τοῦ
617 3877 714 3931 νῦν
753 3879 1074 3950 μετέχουσιν
1105 3879 1164 3932 ἐν
1215 3877 1294 3948 τῷ
1327 3878 1404 3949 νῷ
1445 3878 1652 3934 αὐτῶν.

30 3973 398 4042 Γέγραπται
432 3969 542 4041 γάρ
565 3985 580 4000 ο
631 3969 706 4023 '0
735 3987 800 4023 τε
853 3968 1122 4038 ἁγιάζων,
1145 3968 1244 4023 καὶ
1283 3973 1337 4023 οἱ
1359 3968 1658 4040 ἁγιαζόμε-

29 4081 140 4118 νοι
178 4063 274 4127 ἐξ
303 4061 466 4128 ἑνός.
494 4062 604 4116 Καί
631 4075 648 4094 ⁸
677 4059 873 4126 Δόξαν
891 4058 974 4128 ἦν
1001 4059 1269 4128 δέδωκάς
1290 4059 1657 4130 μοι,δέδωκα

29 4151 310 4218 αὐτοῖς.
357 4151 572 4222 Ὠσπερ
619 4150 728 4204 ἀπὸ
778 4150 897 4214 ἑνὸς
941 4149 1114 4221 πυρὸς
1155 4150 1420 4204 ἅπτονται
1473 4149 1656 4220 λύχνοι

29 4246 282 4306 πολλοὶ,
299 4246 520 4315 ἀνάγκη
548 4243 644 4296 καὶ
666 4242 736 4296 τὰ
761 4241 988 4314 σώματα
1021 4241 1133 4296 τῶν
1157 4241 1329 4311 ἁγίων
1357 4241 1490 4313 μέλη
1522 4243 1659 4312 Χρι-

29 4339 179 4396 ττοῦ
231 4338 401 4402 ὄντα,
432 4337 493 4391 τὸ
517 4335 652 4390 αὐτὸ
676 4335 962 4407 γίγνεσθαι
989 4337 1130 4408 ὅπερ
1153 4335 1304 4389 ἐστὶν
1334 4336 1364 4388 ὁ
1396 4335 1654 4406 Χριστός.

1676 3181 1720 3240 C

1744 2128 2002 2183 ardorem
2055 2137 2223 2198 atque
2276 2141 2520 2182 amorem
2561 2141 2689 2197 erga
2746 2125 3042 2180 Dominum
3105 2126 3336 2188 habent,

1746 2223 1840 2294 qui
1877 2221 2122 2276 coerceri
2169 2220 2402 2291 nequit,
2440 2229 2497 2275 et
2529 2227 2736 2290 quanto
2765 2219 3030 2289 majorem
3061 2217 3338 2272 adhibue-

1748 2318 1860 2371 rint
1882 2330 2106 2385 operam
2129 2312 2456 2385 proﬁciendi
2480 2321 2544 2368 ac
2570 2311 2880 2375 crescendi,
2919 2317 3071 2365 tanto
3111 2325 3168 2365 se
3200 2325 3343 2380 pau-

1746 2407 1996 2479 periores
2026 2414 2316 2475 reputant,
2359 2415 2620 2474 tanquam
2668 2403 2825 2474 egeni
2876 2415 2941 2457 ac
2974 2401 3115 2456 nihil
3154 2400 3338 2472 possi-

1748 2499 1963 2554 dentes.
2011 2498 2126 2552 lloc
2155 2499 2304 2552 enim
2335 2497 2530 2551 dicunt
2560 2513 2573 2550 :
2613 2495 2731 2550 Non
2762 2511 2880 2548 sum
2911 2494 3099 2565 dignus
3119 2536 3133 2557 ,
3168 2501 3224 2547 ut
3257 2489 3340 2547 sol

1751 2592 1920 2648 radiis
1957 2593 2066 2646 suis
2093 2604 2178 2645 me
2219 2589 2503 2644 illuminet.
2543 2585 2659 2644 Hoc
2697 2595 2782 2643 est
2812 2588 3028 2658 signum
3064 2585 3339 2642 Christia-

1755 2683 1943 2750 nismi,
1974 2682 2093 2753 ipsa
2127 2680 2342 2736 scilicet
2374 2680 2680 2734 humilitas.

1822 2851 2114 2910 XXXVIII.
2156 2853 2227 2909 At
2262 2853 2307 2908 sl
2345 2853 2618 2924 quispiam
2668 2853 2814 2908 dicat
2849 2870 2864 2908 :
2901 2853 3188 2910 Contentus
3223 2871 3346 2909 sum

1752 2956 1802 3002 et
1830 2947 2035 3019 plenus.
2063 2947 2324 3003 seductor
2355 2946 2446 3000 ille
2473 2954 2557 3000 est
2583 2956 2638 3000 et
2665 2946 2920 3001 mendax.
2972 2945 3344 3012 Quemadmo-

1754 3041 1884 3096 dum
1929 3041 2076 3095 cnim
2125 3038 2494 3110 gloriﬁcatum
2528 3048 2614 3092 est
2660 3053 2862 3108 corpus
2918 3039 3159 3104 Domini,
3213 3054 3343 3094 cum

1755 3131 2174 3187 conscendisset
2215 3137 2460 3184 montem
2481 3169 2496 3194 ,
2527 3138 2586 3184 et
2617 3127 2674 3182 in
2719 3128 2962 3184 divinam
2994 3131 3221 3200 gloriam
3242 3169 3258 3195 ,
3286 3139 3344 3185 et

1754 3224 1811 3279 in
1869 3222 2144 3278 inﬁnitum
2192 3222 2379 3277 lumen
2418 3228 2566 3276 esset
2611 3219 3061 3292 transﬁguratum
3098 3239 3112 3275 :
3156 3221 3237 3276 sic
3288 3227 3348 3276 et

1754 3329 1989 3386 corpora
2031 3323 2347 3370 sanctorum
2387 3312 2790 3385 gloriﬁcantur,
2820 3323 2877 3368 et
2907 3312 3134 3383 fulgoris
3171 3313 3349 3368 instar

1752 3407 1960 3462 lucent.
1995 3404 2472 3473 Quemadmodum
2495 3405 2644 3461 enim
2669 3405 2841 3477 gloria
2869 3404 3076 3460 Christi
3103 3405 3342 3460 interior

1755 3499 1839 3554 sic
1871 3499 2122 3554 contexit
2147 3513 2352 3568 corpus
2373 3539 2387 3563 ,
2422 3505 2478 3552 et
2513 3497 2906 3568 exsplenduit;
2938 3498 3133 3553 eodem
3178 3499 3345 3553 modo

1753 3597 1810 3646 et
1837 3590 1893 3644 in
1923 3589 2132 3646 sanctis
2179 3588 2414 3644 interior
2446 3588 2654 3645 Christi
2693 3590 2873 3644 virtus
2912 3589 2969 3644 in
2999 3590 3088 3646 die
3120 3589 3211 3644 illa
3247 3606 3345 3645 ex-

1755 3682 1931 3738 terius
1972 3683 2029 3736 in
2062 3697 2294 3751 corpora
2338 3681 2562 3736 illorum
2601 3680 2932 3735 eﬁ'unditur.
2959 3681 3172 3735 Etenim
3209 3681 3344 3735 sub-

1755 3775 1973 3832 stantiae
2005 3781 2059 3828 et
2090 3783 2300 3829 naturae
2342 3774 2462 3844 ejus
2504 3787 2572 3827 ex
2617 3772 2724 3827 hoc
2761 3780 3011 3842 tempore
3043 3772 3344 3841 participes

1757 3875 1886 3924 sunt
1910 3868 1965 3922 in
1995 3865 2182 3921 animo
2208 3882 2330 3922 suo.
2365 3865 2648 3936 Scriptum
2677 3873 2762 3920 est
2789 3865 2938 3918 enim
2973 3882 2987 3918 :
3026 3864 3129 3930 Qui
3152 3866 3347 3918 sancti-

1755 3959 1902 4030 ﬁcat,
1929 3966 1979 4012 et
2003 3956 2372 4026 sanctiﬁcatur
2393 3997 2408 4021 ,
2446 3973 2510 4010 ea:
2538 3971 2644 4009 uno
2673 3964 2796 4010 sunt
2827 3957 2894 4010 '°.
2933 3955 3003 4010 Et
3031 3973 3045 4009 :
3077 3955 3340 4020 Gloriam,

1756 4069 1918 4126 quam
1950 4051 2140 4105 dedisti
2166 4051 2329 4115 mihi,
2379 4049 2497 4103 dedi
2530 4049 2639 4104 illis
2665 4051 2736 4105 '°.
2767 4049 3243 4116 Quemadmodum
3272 4050 3343 4102 ab

1757 4161 1870 4202 uno
1909 4144 2215 4214 eodemque
2250 4141 2377 4213 igne
2418 4141 2608 4212 plures
2639 4141 2879 4196 lucerna:
2925 4141 3343 4207 accenduntur,

1757 4237 1839 4293 sic
1875 4251 2104 4291 necesse
2147 4248 2368 4304 quoque
2415 4241 2534 4297 est,
2581 4242 2644 4286 ut
2694 4247 2926 4302 corpora
2986 4243 3341 4299 sanctorum,

1759 4339 1882 4396 quae
1907 4334 2038 4381 sunt
2063 4323 2271 4380 Christi
2300 4322 2570 4388 membra,
2604 4322 2750 4377 idem
2775 4321 3033 4387 evadant,
3056 4321 3202 4392 quod
3228 4322 3345 4393 ipse

1758 4418 2016 4475 Christus
2043 4428 2146 4473 est.

91 4513 272 4570 AG’.
330 4511 676 4580 Ἐρώτησις.
719 4509 854 4578 Πῶς
902 4509 1190 4580 ἀνώτεροι
1241 4509 1550 4580 γίγνονται
1601 4511 1648 4564 ol

1834 4510 2078 4566 XXXIX.
2121 4510 2500 4582 Interrogatio.
2562 4507 2679 4573 Quo
2731 4515 2885 4578 pacto
2927 4505 3154 4560 evadunt
3197 4505 3350 4562 Clu-i-

31 4604 432 4678 [ριστιανοὶ
481 4603 590 4658 τοῦ
627 4603 865 4671 πρώτου
903 4602 1078 4672 Ἀδάμ
1101 4601 1364 4668 ;ὲκεῒνος
1387 4601 1500 4671 γὰρ
1520 4601 1652 4657 dod-

1760 4604 1923 4658 stia‘ni
1947 4603 2061 4674 ipso
2089 4605 2259 4673 primo
2286 4603 2460 4657 Adam
2483 4601 2780 4670 superiores
2799 4597 2825 4650 ?
2854 4596 2947 4651 ille
2970 4598 3228 4668 siquidem
3248 4599 3346 4650 im-

31 4716 246 4763 -ατος
286 4694 396 4762 ἦν,
428 4693 528 4748 καὶ
563 4693 780 4762 ψυχὴν
809 4693 910 4747 καί
936 4693 1110 4763 σῶμα
1146 4691 1479 4763 ἄφθαρτος·
1504 4695 1558 4748 ol
1586 4691 1648 4747 δὲ

1765 4695 2008 4751 mortalis
2037 4704 2174 4760 erat,
2201 4705 2250 4749 et
2283 4711 2387 4748 non
2409 4695 2592 4748 anima
2623 4690 2799 4756 modo,
2829 4707 3014 4744 verum
3044 4691 3205 4742 etiam
3227 4707 3346 4742 cor-

31 4786 556 4855 ὶποθνήσκουσι
585 4785 684 4850 καὶ
712 4787 1074 4873 φθείροντοι.

98 4965 538 5032 ’Λπόκρισιςκ
591 4960 651 5017 '0
679 4962 934 5036 ἀληθινὸς
969 4962 1199 5029 θάνατος
1227 4964 1375 5019 ἔνδον
1408 4965 1556 5020 ἐστὶν
1605 4966 1666 5019 ἐν

33 5069 66 5137 ᾖ
121 5057 408 5132 καρδίᾳ,
446 5055 544 5110 καὶ
596 5055 927 5127 κέκρυπται,
970 5057 1116 5110 καὶὸ
1160 5057 1447 5130 ἄνθρωπος
1482 5059 1511 5111 ὁ
1556 5057 1666 5113 ἔσω

33 5158 420 5224 ενέκρωται
447 5165 460 5178 ·
493 5148 549 5202 el!
571 5164 655 5213 τις
680 5145 776 5202 οὖν
809 5148 1188 5220 μεταϐέϐηκεν
1217 5151 1282 5203 ὲκ
1311 5150 1405 5206 τοῦ
1428 5151 1664 5207 θανάτου

33 5256 84 5316 ξς
131 5247 277 5320 τὴν
315 5242 468 5314 ζωὴν
506 5241 648 5296 κατὰ
694 5242 756 5294 τὸ
800 5241 1061 5312 κρυπτὸν,
1113 5237 1267 5305 οὗτος
1311 5242 1530 5314 ἀληθῶς
1579 5244 1660 5308 εἰς

33 5347 150 5406 οὺς
196 5335 451 5398 αἰῶνας
481 5334 572 5404 ζῇ,
604 5334 700 5387 καὶ
719 5334 818 5386 ούκ
840 5335 1200 5406 ἀποθνήσκει.
1237 5334 1443 5389 Ἀλλέί
1467 5337 1562 5391 καὶ
1594 5335 1664 5390 τὰ

33 5436 314 5507 ὡματοι
353 5425 464 5479 τῶν
491 5425 749 5478 τοιούτων
795 5424 981 5479 λύεται
1025 5426 1161 5496 πρὸς
1206 5427 1418 5499 καιρὸν,
1451 5428 1664 5498 ἐγείρε-

33 5547 92 5582 ιι
131 5519 364 5580 αὖθις
393 5517 451 5569 ἐν
477 5514 605 5587 “an
625 5531 640 5546 ’
673 5515 988 5592 ἡγιασμένῆ
1009 5517 1117 5588 γάρ
1145 5519 1304 5573 εἰσιν.
1340 5519 1547 5573 Ὕπνον
1569 5515 1667 5575 οῦν

35 5624 310 5695 ξγομεν
377 5609 473 5663 καὶ
535 5608 793 5682 κοίμησιν
829 5607 940 5664 τῶν
967 5608 1310 5680 Χριστιανῶν
1349 5609 1444 5666 τὸν
1500 5610 1665 5668 θάνα-

66 5812 134 5846 ﬂ
199 5795 620 5864 Hebr.u,ll.
695 5797 744 5832 ⁷ο
781 5795 918 5854 Joan
958 5795 1196 5863 “11,22.

1659 4805 1665 4810 ”
1767 4801 1895 4860 pore
1927 4785 2343 4860 incorruptibilis
2372 4801 2392 4843 :
2423 4787 2477 4841 hi
2528 4800 2650 4840 vero
2688 4783 2990 4838 moriuntur
3031 4790 3080 4834 et
3111 4797 3352 4834 corrum-

1807 4889 1990 4935 untur.

1807 4897 1990 4935 untur.

1771 4897 1806 4955 ρ
1838 4971 2147 5044 Responsio.
2186 4970 2327 5026 Vera
2377 4982 2526 5023 mors
2575 4967 2725 5021 intus
2764 4965 2819 5020 in
2861 4963 3029 5020 corde
3072 4963 3243 5018 haeret
3287 4977 3352 5017 ac

1769 5061 1926 5126 latet,
1961 5071 2128 5133 atque
2177 5061 2344 5116 homo
2392 5058 2626 5114 interior
2669 5066 2924 5111 mortuus
2963 5061 3066 5108 est.
3112 5053 3167 5108 Si
3227 5054 3353 5123 quis

1770 5167 1902 5224 ergo
1937 5153 2218 5208 transierit
2240 5168 2272 5207 a
2299 5159 2478 5206 morte
2505 5151 2560 5204 in
2583 5149 2752 5204 vitam
2787 5148 3058 5203 occultam
3083 5188 3100 5212 ,
3141 5146 3234 5200 ille
3264 5161 3351 5200 re—

1763 5261 1896 5301 vera
1927 5247 1982 5300 in
2013 5246 2211 5301 saecula
2241 5245 2400 5310 vivit,
2434 5257 2538 5299 nec
2567 5241 2822 5297 moritur.
2856 5241 3010 5295 Licet
3039 5239 3188 5295 enim
3227 5254 3352 5293 cor-

1763 5353 1900 5410 pora
1945 5339 2144 5393 horum
2189 5337 2484 5394 solvantur
2528 5335 2595 5390 ad
2635 5343 2891 5405 tempus,
2937 5332 3120 5387 denuo
3167 5340 3351 5385 tamen

1766 5430 2106 5486 suscitantur
2139 5429 2195 5484 in
2228 5429 2433 5500 gloria;
2465 5423 2596 5482 sunt
2621 5425 2771 5481 enim
2799 5423 3161 5480 sanctiﬁcata.
3195 5421 3354 5476 Som-

1765 5538 1902 5577 num
1924 5537 2055 5594 ergo
2079 5535 2145 5577 ac
2177 5519 2582 5576 dormitionem'
2605 5533 2728 5574 esse
2752 5517 2988 5573 dicimus
3007 5513 3353 5571 Christiano-

1768 5629 1892 5670 rum
1932 5619 2195 5672 mortem.
2239 5610 2397 5680 Quod
2428 5612 2475 5669 si
2509 5611 2677 5668 homo
2710 5608 3041 5666 immortalis
3071 5614 3256 5672 esset,
3295 5611 3353 5661 et
