3966 6510
655 316 762 382 603

1906 310 1970 373 s.
2010 308 2331 371 meum
2370 306 2692 395 somn
3749 320 3820 385 ω,

656 444 888 501 corpore
931 427 1394 501 lncorruptibilis,
1424 427 1717 483 universus
1738 425 1978 481 mundus
2010 440 2126 480 rem
2158 425 2240 479 in-

2347 440 2462 477 τον.
2504 424 2566 475 Ei
2604 421 2661 475 δὲ
2719 419 2987 484 ἀθάνατος
3018 416 3084 492 ἦν
3123 422 3151 474 ὀ
3181 420 3490 492 ἄνθρωπος,
3530 425 3611 478 καὶ
3658 433 3825 489 ut”,

657 523 927 578 solentem
962 522 1326 593 perspiciens,
1363 520 1512 591 quod
1558 520 1770 575 scilicet
1805 531 2039 587 corpora
2074 515 2241 571 Chri-

657 617 965 672 stianorum
995 632 1105 671 non
1135 622 1588 685 corrumpantur,
1617 610 1950 667 necessitate
1980 608 2239 680 quadam,

658 723 715 769 at
755 729 866 769 non
908 722 1213 783 spontanea
1264 710 1589 774 voluntate,
1632 705 1700 761 ad
1745 702 1801 760 id
1841 702 1990 775 quod
2033 701 2241 757 bonum

658 815 764 866 est.
797 813 1140 875 properaret.

723 897 845 953 λιι.
889 897 1121 958 Verum,
1151 903 1212 949 ut
1248 891 1471 964 penitus
1504 897 1793 963 appareat,
1828 896 1886 944 et
1924 895 2040 942 rata
2069 884 2141 941 sit
2170 884 2241 939 li-

659 991 792 1046 hera
824 989 1038 1043 arbitrii
1077 986 1367 1051 voluntas,
1402 1001 1567 1056 quam
1611 984 1680 1039 ab
1720 982 1880 1038 initio
1922 981 2070 1037 Deus
2109 997 2246 1037 con-

660 1076 942 1149 cessit“
955 1077 1187 1140 homini,
1203 1077 1323 1145 ejus
1344 1092 1433 1131 res
1451 1091 1662 1130 summa
1683 1090 1808 1130 cum
1830 1071 2244 1143 dispensatione

662 1170 1149 1233 administrantur,
1182 1173 1351 1239 htque
1379 1168 1582 1223 solutio
1609 1182 1906 1237 corporum
1933 1184 1947 1232 ;
1978 1176 2038 1221 ut
2063 1165 2117 1219 in
2144 1180 2244 1219 vo-

660 1265 872 1319 luntate
904 1262 1147 1317 hominis
1184 1264 1288 1324 sit,
1314 1262 1561 1317 converti
1600 1276 1725 1316 eum
1763 1258 1829 1314 ad
1873 1258 1927 1313 id
1967 1258 2115 1328 quod
2146 1257 2246 1311 bo-

660 1372 792 1410 num
816 1396 832 1420 ,
881 1363 978 1410 aut
1011 1355 1157 1425 quod
1192 1356 1393 1409 malum
1429 1362 1533 1409 est.
1568 1354 1757 1424 Neque
1786 1352 1934 1406 enim
1966 1350 2244 1420 perfectus

663 1454 831 1509 homo
871 1451 939 1507 ad
974 1451 1225 1516 bonum,
1268 1452 1445 1505 autin
1484 1458 1712 1520 peccato
1739 1447 2060 1508 demersus,
2100 1453 2157 1499 et
2185 1458 2244 1498 se

662 1547 844 1617 ipsum
873 1545 1222 1600 constituens
1252 1559 1349 1597 vas
1376 1542 1605 1605 diaboli,
1632 1558 1660 1595 a
1686 1555 1797 1611 quo
1820 1548 1972 1594 totus
2004 1537 2247 1592 mundus

662 1639 1064 1693 condemnatus
1082 1635 1272 1698 est,ad
1301 1634 1353 1689 id
1384 1633 1530 1705 quod
1559 1633 1762 1688 malum
1784 1641 1888 1693 est,
1916 1630 2244 1685 necessitate

660 1729 899 1799 quadam
939 1736 1024 1783 est
1068 1726 1399 1788 devinctus;
1444 1724 1539 1779 sed
1594 1724 1761 1778 habet
1802 1722 2040 1776 liberum
2093 1720 2244 1774 arbi-

661 1823 855 1883 trium,
904 1829 967 1874 ut
1016 1820 1108 1874 ﬁat
1150 1834 1247 1873 vas
1288 1818 1579 1874 electionis
1623 1826 1680 1872 et
1726 1814 1871 1870 vitze.
1918 1814 2183 1870 Similiter
2212 1828 2242 1867 e

659 1926 929 1967 converso
956 1951 971 1974 ,
1003 1910 1097 1981 qui
1138 1909 1431 1963 divinitate
1459 1917 1590 1963 sunt
1622 1906 1899 1969 inebriati,
1932 1906 2061 1961 licet
2093 1903 2241 1976 pleni

659 2005 773 2059 sint
806 2020 870 2059 ac
905 2002 1150 2058 devincti
1179 2002 1388 2073 Spiritu
1423 2010 1615 2055 sancto
1642 2041 1655 2057 .
1687 2017 1797 2054 non
1832 2009 2011 2053 tamen
2047 2014 2243 2054 neces-

660 2098 825 2152 sitate
857 2096 965 2150 ulla
1003 2103 1286 2154 tenentur.
1318 2094 1413 2148 sed
1435 2094 1669 2148 liberum
1694 2090 1899 2147 habent
1928 2090 2239 2156 arbitrium,

660 2200 723 2245 ut
749 2197 1148 2244 convertantur
1172 2195 1229 2241 ct
1262 2185 1508 2251 faciant,
1544 2183 1811 2255 quidquid
1852 2182 2156 2254 placuerit,
2186 2181 2242 2236 in

660 2279 769 2335 hoc
794 2280 1015 2334 saeculo.

2348 514 2509 586 σῶμα
2540 514 2840 586 ἄφθαρτος,
2880 514 3094 584 βλέπων
3132 514 3253 578 ὅλος
3289 517 3318 567 ὁ
3356 516 3547 585 κόσμος
3572 521 3624 571 τὸ
3652 526 3825 595 sapias.

2347 607 2437 675 ξον
2473 604 2568 661 τοῦ
2600 607 2949 679 πράγματος,
2985 608 3067 661 ὅτι
3131 606 3208 678 μὴ
3246 608 3549 680 φθείρονται
3578 611 3638 665 τὰ
3663 614 3829 687 σώματι

2344 700 2455 755 τῶν
2499 699 2865 771 Χριστιανῶν,
2915 699 3133 771 ἀνάγκῃ
3186 700 3369 753 τοίνυν
3445 698 3567 765 τινὶ,
3622 704 3715 758 ἀλλ’
3765 713 3829 782 οὐχ

2345 793 2571 861 ἑκουσία
2598 793 2794 865 γνώμῃ
2830 793 2970 864 πρὸς
3014 793 3077 846 τὸ
3118 793 3324 862 ἀγαθὸν
3359 792 3625 864 ἁνήρχετο.

2416 889 2508 942 Μ’.
2556 887 2691 943 Ἀλλ’
2719 888 2806 941 ἵνα
2832 890 2974 960 φανῇ
2999 888 3251 954 καθάπαξ
3291 888 3386 941 καί
3422 886 3653 960 διαμείνῃ
3669 892 3720 944 τὸ
3747 896 3834 949 atq.

2347 979 2613 1048 εξούσιον.
2652 980 2791 1051 ὅπερ
2820 980 2879 1046 ἐξ
2910 980 3089 1051 ἀρχῆς
3114 982 3142 1033 ὁ
3175 979 3311 1044 Θεὸς
3340 980 3505 1033 ἔδωκε
3526 981 3597 1051 τῷ
3611 984 3831 1055 ἀνθρώπῳ,

2345 1072 2539 1128 τούτου
2570 1072 2938 1143 οἰκονομικῶς
2963 1072 3033 1125 τὰ
3058 1072 3363 1144 πράγματα
3389 1072 3671 1138 διοικεῖται,
3687 1078 3758 1129 καὶ
3776 1080 3832 1146 7i-

2345 1183 2534 1236 γνεται
2565 1165 2721 1229 λύσις
2752 1165 3046 1234 σωμάτων,
3082 1164 3170 1217 ἵνα
3198 1166 3257 1218 ὲν
3284 1162 3362 1231 τῷ
3402 1163 3648 1233 θελήματι
3676 1167 3749 1219 τοῦ
3775 1170 3835 1221 ἁν-

2348 1259 2567 1332 θρώπου
2661 1259 2721 1313 τὸ
2772 1261 3050 1328 τραπῆναι
3078 1258 3242 1312 αὐτὸν
3286 1261 3378 1311 ἐπὶ
3430 1258 3492 1309 τὸ
3537 1260 3712 1325 ἀγαθον
3742 1264 3767 1330 ἦ
3797 1266 3836 1315 τὸ

2346 1354 2538 1409 κακόν.
2574 1352 2711 1407 Οὔτε
2744 1352 2853 1424 γὰρ
2891 1354 2919 1405 ὁ
2965 1350 3170 1414 τέλειος
3219 1351 3300 1413 εἰς
3328 1348 3390 1402 τὸ
3430 1349 3642 1418 ἀγαθὸν,
3668 1352 3696 1421 ἢ
3722 1353 3835 1421 βαθὺς

2348 1450 2428 1511 εἰς
2458 1446 2558 1519 τὴν
2591 1448 2891 1517 ἁμαρτίαν,
2921 1446 3015 1498 καὶ
3036 1444 3208 1498 ποιῶν
3238 1445 3429 1497 ἑαυτὸν
3452 1442 3633 1508 σκεῦος
3658 1444 3735 1497 τοῦ
3762 1447 3837 1497 δη·

2351 1542 2533 1605 δόλου,
2554 1540 2643 1610 ὑφ’
2664 1534 2726 1593 οὗ
2756 1540 2817 1594 τὸ
2843 1540 2965 1592 ὅλον
3000 1538 3324 1608 κατεκρίθη,
3360 1538 3439 1601 εἰς
3465 1537 3523 1590 τὸ
3542 1537 3707 1605 ,κακον
3724 1540 3835 1607 ἀνάγ.

2350 1651 2422 1704 κῃ
2449 1633 2557 1686 τινὶ
2587 1630 2795 1686 δέδεται
2828 1648 2843 1660 °
2876 1630 2994 1683 ἀλλ’
3039 1630 3158 1701 ἔχει
3215 1629 3314 1699 τὴν
3353 1628 3654 1698 ἐλευθερίαν
3681 1630 3754 1684 τοῦ
3783 1649 3837 1698 γι-

2349 1725 2534 1779 νέσθαι
2568 1723 2761 1789 σκεῦος
2800 1722 3036 1793 ἐκλογῆς
3084 1722 3182 1777 καὶ⁸
3205 1720 3373 1792 ζωῆς.
3412 1718 3636 1791 Ὁμοίως
3674 1722 3836 1775 πάλινά

2349 1818 2753 1889 μεμεθυσμένοι
2783 1818 2863 1879 εἰς
2892 1818 2993 1887 τὴν
3017 1816 3273 1887 θεότητα,
3300 1812 3481 1869 καίτοι
3502 1814 3837 1886 πεπληρωμένα

2344 1911 2439 1964 καὶ
2468 1910 2748 1980 δεδεμένοι
2788 1910 3069 1980 Πνεύματι
3102 1909 3265 1979 ἁγίῳ,
3298 1908 3402 1961 οὐκ
3435 1908 3640 1979 ἀνάγκῃ
3670 1912 3756 1961 τινὶ
3777 1928 3837 1962 ιιι-

2343 2006 2670 2077 κράτηνται.
2704 2003 2821 2059 ἀλλ’
2861 2004 3045 2074 ἔχουσι
3091 2003 3154 2057 τὸ
3192 2001 3539 2070 αὐτεξούσιον
3583 2002 3668 2056 τοῦ
3692 2005 3836 2072 spx-.5;

2343 2114 2432 2151 ναι
2462 2096 2683 2163 αὐτοὺς,
2741 2097 2837 2152 καὶ
2868 2100 3048 2152 ποιεῖν
3091 2098 3121 2150 ὃ
3176 2097 3425 2151 θέλουσιν
3481 2100 3561 2161 εἰς
3606 2096 3685 2150 τὸν
3723 2098 3835 2149 αἰῶνι

2341 2207 2552 2247 τουτον.

728 2369 869 2427 XLI.
907 2372 1282 2443 Interrogatio.
1324 2367 1666 2424 Paulatimne
1702 2376 2019 2421 extenuatur
2047 2376 2093 2420 et
2127 2384 2240 2419 era-

2341 2389 2346 2428 l
2416 2374 2555 2427 ΜΝ.
2622 2371 2968 2438 Ἐρωτησις.
3022 2366 3187 2422 Κατὰ
3227 2366 3414 2437 μέρος
3462 2368 3776 2422 ,λεπτύνεται
3798 2374 3833 2421 τίς

657 2464 889 2529 dicatur,
918 2464 1057 2534 quod
1087 2462 1289 2517 malum
1305 2472 1403 2525 est,
1426 2472 1584 2532 atque
1614 2461 1688 2515 ita
1715 2460 1922 2531 proﬁcit
1946 2461 2097 2513 homo
2114 2476 2242 2530 gra-

658 2560 766 2623 tia;
806 2574 876 2611 an
917 2556 1100 2611 statim
1124 2597 1138 2617 ,
1174 2554 1262 2610 ubi
1302 2571 1632 2627 progressum
1680 2554 1877 2624 fecerit,
1920 2553 2244 2623 mtirpatur

656 2649 796 2721 quod
830 2649 1031 2704 malum
1065 2656 1139 2702 est
1160 2649 1187 2701 ?

728 2741 1034 2805 Responsio.
1076 2740 1552 2809 Quemadmodum
1586 2738 1766 2793 infans
1798 2735 2152 2807 imperfectus
2184 2734 2241 2789 in

657 2844 818 2889 utero
866 2850 977 2889 non
1023 2834 1313 2889 confestim
1354 2833 1410 2887 in
1442 2833 1722 2887 hominem
1768 2831 2113 2913 concrescit,
2144 2829 2241 2885 sed

655 2926 923 2997 paulatim
954 2925 1188 2980 formam
1216 2925 1416 2995 recipit
1454 2937 1511 2980 et
1535 2926 1816 2996 gignitur;
1854 2938 2031 2993 neque
2060 2922 2241 2977 conti-

655 3034 769 3074 nuo
792 3018 1071 3089 perfectus
1094 3019 1261 3073 homo
1284 3028 1393 3085 est,
1421 3018 1519 3073 sed
1554 3018 1856 3073 multorum
1883 3017 2103 3071 demum
2141 3032 2239 3071 an-

656 3124 856 3165 norum
874 3109 1112 3165 decursu
1138 3110 1540 3165 incrementum
1565 3108 1755 3174 sumit,
1776 3116 1940 3179 atque
1964 3109 2019 3163 in
2053 3107 2234 3162 virum
2266 3136 2310 3195 ο

658 3202 847 3258 evadit
878 3221 891 3257 :
928 3214 1121 3273 estque
1146 3203 1297 3258 velut
1324 3203 1535 3257 semina
1566 3200 1758 3257 hordei
1787 3210 1878 3255 aut
1901 3200 2091 3263 tritici,
2118 3214 2240 3271 quae

659 3293 716 3348 in
742 3303 943 3348 terram
980 3296 1222 3361 :onjecta
1244 3308 1352 3348 non
1373 3294 1556 3349 statim
1576 3292 1795 3348 radices
1816 3301 1985 3363 agunt
2006 3334 2022 3356 ,
2045 3307 2241 3347 verum

658 3387 755 3443 ubi
784 3386 1153 3458 praeterierint
1180 3386 1395 3441 hiemes
1416 3395 1475 3441 et
1499 3386 1673 3449 venti,
1704 3394 1821 3440 tum
1847 3385 2071 3440 demum
2099 3400 2242 3441 corr»

659 3479 825 3534 modo
860 3488 1106 3549 tempore
1130 3479 1295 3549 spicae
1333 3489 1713 3534 enascuntur:
1751 3478 1905 3543 item,
1928 3478 2022 3548 qui
2045 3493 2241 3550 pyrum

658 3566 893 3638 plantat,
920 3584 1030 3622 non
1057 3569 1241 3623 statim
1267 3567 1503 3639 percipit
1534 3567 1774 3623 fructum
1806 3584 1820 3621 :
1845 3562 2039 3633 cddem
2075 3565 2241 3621 modo

660 3658 717 3713 in
747 3658 1130 3727 spiritualibus
1154 3674 1399 3729 quoque,
1429 3659 1524 3714 ubi
1550 3667 1698 3713 tanta
1728 3658 1997 3728 sapientia
2019 3664 2076 3711 et
2107 3656 2241 3712 sub-

660 3748 833 3803 tilitas
882 3755 998 3813 est,
1032 3749 1296 3820 paulatim
1332 3748 1497 3804 homo
1532 3749 1886 3821 progreditur
1912 3789 1927 3811 ,
1964 3750 2242 3819 evaditque

658 3839 715 3894 in
738 3840 907 3893 virum
926 3840 1237 3911 perfectum,
1270 3852 1319 3896 et
1342 3840 1726 3912 plenitudinem
1757 3843 1927 3896 (etatis
1960 3858 1979 3895 :
2014 3858 2145 3907 non,
2178 3849 2241 3895 ut

659 3932 885 4002 quidam
922 3933 1077 3987 aiunt
1105 3950 1119 3986 :
1145 3933 1371 3989 Induere
1395 3943 1444 3989 et
1468 3952 1656 3989 exuere
1683 3935 1747 3989 τί.

731 4038 894 4093 XLII.
934 4038 1038 4106 Qui
1079 4040 1295 4095 litteras
1321 4040 1537 4097 discere
1572 4042 1629 4097 in
1661 4042 1806 4097 votis
1837 4042 2035 4108 habet,
2063 4043 2243 4115 pergit

657 4130 901 4203 primum
927 4131 995 4185 ad
1025 4132 1321 4187 ediscenda
1361 4134 1517 4203 signa
1549 4152 1563 4187 :
1604 4135 1697 4189 ubi
1732 4136 1775 4190 si
1808 4136 2021 4206 primus
2048 4135 2237 4201 fuerit,

656 4224 920 4295 pergitad
942 4225 1185 4280 scholam
1212 4226 1557 4292 Latinorum,
1592 4237 1787 4299 estque
1823 4230 2068 4284 omnium
2106 4230 2239 4285 ulti-

658 4331 803 4370 mus.
856 4316 1094 4371 Rursum
1144 4316 1260 4371 illic
1300 4318 1393 4373 ubi
1445 4318 1614 4373 fuerit
1667 4322 1897 4390 primus,
1946 4322 2122 4391 pergit
2169 4321 2239 4377 ad

657 4409 902 4464 scholam
938 4409 1213 4465 forensem
1241 4452 1254 4475 ,
1293 4420 1487 4481 estque
1528 4412 1582 4467 in
1623 4428 1685 4467 ea
1720 4429 1939 4469 rursum
1986 4414 2234 4469 omnium

657 4498 888 4553 ultimus
931 4508 989 4554 et
1034 4501 1163 4555 tiro.
1218 4501 1427 4556 Deinde
1474 4503 1569 4557 ubi
1624 4503 1793 4559 fuerit
1841 4505 2234 4571 scholasticus,

655 4589 907 4643 omnium
942 4590 1349 4645 causidicorum
1378 4598 1464 4645 est
1499 4592 1742 4646 novitius
1771 4602 1827 4647 et
1854 4594 2101 4648 ultimus.
2132 4593 2241 4647 De-

659 4696 772 4736 nuo
798 4681 892 4735 ubi
921 4682 1035 4736 illic
1060 4683 1303 4738 evaserit
1333 4684 1565 4752 primus,
1600 4694 1712 4738 tum
1753 4685 1863 4739 dux
1891 4685 2115 4752 evadit;
2145 4685 2241 4756 qui

655 4773 703 4828 si
732 4773 1103 4843 principatum
1133 4774 1369 4845 adeptus
1392 4774 1578 4841 fuerit,
1611 4776 1919 4847 adiutorem
1949 4777 2053 4833 sibi
2075 4779 2243 4834 sumit

652 4880 1011 4921 assessorem.
1059 4866 1117 4922 Si
1164 4882 1297 4937 ergo
1346 4867 1402 4922 in
1447 4870 1617 4924 rebus
1671 4871 1919 4925 externis
1960 4880 2040 4926 tot
2074 4872 2243 4927 habet

652 4957 821 5012 homo
848 4973 1239 5028 progressuum
1270 4960 1473 5030 gradus
1503 4978 1517 5014 :
1552 4971 1759 5032 quanto
1782 4964 1954 5035 magis
1976 4964 2233 5035 mysteria

653 5049 900 5106 cmlestia
936 5049 1145 5104 habent
1172 5051 1472 5121 profectus,
1503 5062 1560 5106 et
1580 5070 1680 5123 per
1703 5054 1908 5108 multos
1930 5055 2135 5124 gradus
2154 5054 2237 5109 in-

652 5150 996 5196 crementum
1022 5151 1283 5208 sumunt;
1315 5153 1371 5198 et
1400 5152 1539 5203 tum.
1574 5145 1669 5213 qui
1710 5162 1809 5216 per
1845 5147 2047 5201 multas
2072 5162 2234 5202 exer-

652 5233 965 5297 citationes,
992 5244 1050 5289 et
1073 5250 1172 5304 per
1200 5236 1372 5291 multa
1400 5237 1644 5307 pericula
1666 5239 2089 5304 transcenderit,
2109 5256 2236 5311 per-

654 5325 835 5381 fectus
870 5326 1075 5381 evadit.
1105 5326 1405 5383 Christiani
1436 5330 1584 5385 enim
1609 5372 1625 5397 ,
1659 5330 1752 5400 qui
1787 5346 1980 5387 revera
2010 5342 2228 5403 gustum

657 5416 845 5488 gratiae
868 5426 1270 5487 perceperunt,
1314 5426 1371 5475 et
1406 5419 1623 5490 signum
1657 5421 1841 5477 crucis
1879 5421 1933 5476 in
1959 5432 2144 5479 mente
2176 5432 2236 5479 et

658 5509 826 5566 corde
866 5510 1093 5576 habent,
1128 5510 1185 5565 hi
1213 5526 1244 5565 a
1277 5512 1497 5583 regibus
1517 5514 1585 5569 ad
1619 5530 1889 5586 pauperes
1918 5532 2235 5587 usque,pro

658 5609 905 5659 stercore
924 5611 981 5657 et
1015 5602 1211 5659 fcetore
1236 5638 1239 5639 ν
1260 5614 1521 5675 reputant
1564 5608 1745 5663 omnia
1781 5626 1793 5662 :
1834 5619 1889 5665 et
1922 5608 1976 5663 hi
2008 5617 2237 5679 possunt

719 5779 763 5812 ⁷¹
808 5780 1010 5852 Ephcs.
1046 5798 1117 5848 vt,
1170 5783 1253 5837 12.

2343 2466 2554 2529 κακὸν,
2596 2464 2695 2517 καὶ
2726 2462 3081 2530 ἐκριᾰλῦται,
3140 2461 3238 2514 καὶ
3298 2461 3623 2527 προκόπτει
3659 2463 3732 2526 είς
3770 2464 3838 2525 τὴν

2343 2557 2520 2627 χάριν
2540 2560 2573 2611 ό
2597 2557 2930 2623 ἅνθρωπος,
2966 2554 3005 2624 ἢ
3036 2552 3279 2619 εὐθέως,
3311 2554 3365 2607 εἰ
3391 2553 3562 2622 τύχοι
3588 2553 3838 2620 προκοπῆς,

2342 2648 2673 2717 ἐκριζῢῦται
2698 2649 2766 2702 τὸ
2796 2650 3025 2710 κακόν-ε

2427 2742 2780 2809 Ἀπόκρισις.
2808 2742 3078 2813 Καθάπερ
3120 2741 3179 2795 τὸ
3233 2740 3477 2812 ἔμϐρυον
3525 2742 3581 2793 ὲν
3632 2744 3690 2809 τῇ
3717 2742 3838 2811 μήτρᾳ

2344 2834 2446 2887 οὐκ
2476 2833 2678 2897 εὐθέως
2710 2833 2987 2905 πήγνυται
3019 2836 3099 2897 είς
3137 2833 3454 2900 ἄνθρωπον,
3485 2832 3616 2885 ἀλλὰ
3645 2834 3757 2885 κατὰ
3781 2836 3839 2899 μὲ-

2343 2943 2437 2998 ρος
2481 2925 2731 2994 γίγνεται
2782 2924 2946 2978 εἰκὼν
2999 2926 3096 2978 καὶ
3137 2927 3423 2993 γεννᾶται,
3450 2925 3551 2977 οὐκ
3579 2925 3671 2994 ἢδη
3692 2925 3736 2976 δέ
3768 2926 3839 2975 im

2341 3018 2549 3082 τέλειος
2596 3017 2905 3088 ἄνθρωπος,
2965 3018 3084 3071 ἀλλ’
3122 3018 3342 3083 αὐξάνει
3391 3018 3452 3068 ὲν
3500 3017 3642 3069 ἔτεσι
3673 3016 3837 3076 πολλοῖς.

2343 3109 2440 3163 καὶ
2495 3110 2741 3179 γίγνεται
2776 3110 2917 3180 ἀνήρ
2953 3126 2967 3140 ·
3016 3109 3132 3162 εστι
3179 3109 3237 3163 δὲ
3284 3107 3483 3179 ὥσπερ
3519 3109 3586 3161 τὰ
3628 3108 3838 3177 σπέρματι

2342 3204 2450 3255 τῶν
2482 3200 2689 3271 κριθῶν
2717 3201 2750 3273 ἢ
2788 3201 2882 3254 τοῦ
2935 3201 3107 3267 σίτου,
3147 3201 3249 3254 οὐκ
3277 3200 3487 3262 εὐθέως
3514 3199 3775 3269 βαλλόμενα
3793 3201 3839 3259 si;

2342 3296 2444 3379 τὴν
2505 3297 2611 3365 γῆν
2680 3294 2841 3365 ῥιζοῖ,
2897 3294 3034 3348 ἀλλὰ
3090 3294 3463 3364 παρέρχονται
3517 3293 3752 3363 χειμῶνες
3783 3296 3840 3344 u‘:

2341 3388 2559 3458 ἄνεμοι,
2592 3388 2687 3441 καὶ
2708 3389 2829 3441 τότε
2849 3388 2928 3459 τῷ
2942 3388 3117 3441 δέοντι
3146 3388 3323 3459 καιρῷ
3354 3388 3629 3455 γίγνονται
3654 3389 3840 3453 στάχυς

2341 3483 2438 3537 καὶ
2478 3484 2508 3536 ὁ
2566 3482 2815 3551 φυτεύων
2866 3482 3027 3536 ἅπιον
3050 3521 3065 3545 ,
3100 3484 3201 3535 οὐκ
3254 3480 3466 3544 εὐθέως
3519 3480 3840 3550 μεταλαμῶγει

2340 3577 2433 3630 τὸν
2456 3577 2689 3647 καρπόν·
2728 3574 2992 3637 ὡσαύτως
3032 3576 3137 3628 κάν
3173 3576 3285 3637 τοῖς
3329 3576 3724 3642 πνευματικοῖς,
3755 3573 3840 3623 ὅτου

2344 3667 2576 3738 τοσαύτη
2612 3666 2775 3736 σοφία
2800 3666 2894 3720 καὶ
2922 3665 3214 3735 λεπτότης,
3250 3665 3398 3719 κατά
3441 3664 3632 3733 μικρὸν
3654 3665 3678 3715 ὀ
3701 3661 3843 3729 ivbae-

2342 3777 2443 3824 πος
2475 3758 2720 3825 αὐξάνει,
2764 3757 2865 3812 καί
2909 3757 3135 3827 γίνεται
3173 3758 3261 3823 εις
3310 3755 3511 3824 ἄνδρα
3540 3755 3757 3813 τέλειον.
3790 3755 3843 3815 εἰς

2334 3853 2559 3921 μέτρον
2570 3850 2832 3920 ἠλικίαςο
2849 3849 2950 3920 οὐχ
2960 3848 3148 3920 ὥσπερ
3158 3849 3299 3913 τινὲς
3312 3848 3570 3917 λέγουσιν
3582 3862 3597 3877 ο
3610 3845 3840 3901 ἐν-δυσαι.

2342 3945 2618 3999 ἕκδυσαι.

2411 4039 2548 4093 ΜΒ’.
2605 4037 2666 4091 '0
2706 4036 2876 4093 θέλων
2920 4035 3117 4107 μαθεῖν
3142 4035 3459 4106 γράμματα
3504 4033 3768 4102 ἀπέρχεται
3786 4028 3844 4079 παὶ

2344 4130 2608 4201 μανθάνει
2634 4131 2705 4184 τὰ
2734 4132 2961 4202 σημεῖα,
2992 4130 3088 4183 καὶ
3122 4129 3252 4181 ὅταν
3283 4129 3508 4196 γένηται
3538 4129 3648 4180 ἐκεῖ
3672 4123 3841 4193 πρῶτος.

2340 4225 2642 4296 ἀπέρχεται
2671 4226 2752 4288 εἰς
2778 4224 2879 4295 τὴν
2903 4222 3101 4294 σχολὴν
3122 4222 3230 4275 τῶν
3275 4219 3625 4292 Ῥωμαῖκῶν,
3652 4219 3730 4270 κει)⁵
3748 4214 3845 4266 ἔστιν

2339 4317 2478 4371 ὅλων
2539 4315 2791 4387 ἔσχατος.
2840 4316 3010 4369 Πάλιν
3061 4316 3179 4367 ἐκεῖ
3214 4314 3344 4367 ὅταν
3409 4314 3637 4382 γένηται
3672 4308 3843 4379 πρὼτθς.

2341 4409 2643 4479 ἀπέρχεται
2698 4406 2835 4478 πρὸς
2885 4408 2985 4477 τὴν
3039 4407 3234 4479 σχολὴν
3271 4406 3384 4459 τῶν
3437 4403 3765 4475 γραμμάτων,
3784 4396 3844 4447 xxi

2269 4481 2311 4537 D
2340 4500 2456 4553 ἔστι
2498 4500 2661 4553 πάλιν
2696 4502 2813 4555 ἐκεῖ
2837 4501 2977 4553 ὅλων
3012 4499 3261 4570 ἔσχατος,
3302 4498 3591 4569 ἀρχὰρνος,
3629 4490 3742 4547 Εἶτα
3763 4492 3844 4543 ὅταν

2340 4592 2568 4662 γένηται
2602 4592 2978 4662 σχολαστικὸς,
3001 4593 3138 4646 ὅλων
3170 4593 3279 4645 τῶν
3309 4592 3612 4658 δικολόγων
3653 4586 3843 4657 animo:

2339 4688 2435 4740 καὶ
2475 4686 2705 4757 ἕσχατός
2738 4689 2875 4739 ἐστι.
2908 4686 3076 4739 Πάλιν
3107 4686 3239 4739 ὅταν
3271 4685 3392 4737 ἐκεῖ
3426 4677 3844 4752 γένηται

2340 4780 2462 4834 τότε
2503 4781 2714 4848 γίνεται
2774 4778 3029 4849 ἡγεμών
3087 4777 3183 4832 καὶ
3242 4778 3374 4830 ὅταν
3443 4776 3662 4844 γένηται
3699 4774 3844 4838 ἄρχων.

2342 4872 2614 4943 λαμϐάνει
2650 4872 2829 4943 ἑαυτῷ
2869 4871 3062 4941 βοηθὸν
3099 4872 3191 4924 τὸν
3221 4868 3612 4942 συγκάθερδον.
3650 4861 3846 4921 Bidnti

2346 4964 2652 5035 φαινόμενα
2703 4964 2977 5027 τοσαύτας
3023 4963 3138 5033 ἔχει
3184 4963 3496 5033 προκοπὰς,
3539 4960 3679 5027 πόσῳ
3706 4951 3846 5023 vim“

2341 5058 2409 5111 τὰ
2442 5058 2744 5128 ἐπουράνια
2772 5057 3047 5126 μυστήρια
3067 5056 3180 5125 ἔχει
3211 5056 3521 5124 προκοπὰς,
3556 5053 3642 5106 καὶ
3670 5046 3847 5119 βαθμοις

2342 5149 2577 5212 πολλοὺς
2624 5149 2885 5214 αὐξάνειί
2921 5149 3015 5201 καὶ
3058 5148 3180 5201 τότε
3207 5147 3298 5200 διὰ
3351 5146 3560 5213 πολλῆς
3610 5138 3847 5211 τιμητὰς

2341 5240 2437 5293 καὶ
2496 5240 2707 5294 πολλῶν
2754 5239 3130 5310 πειρατηρίων
3177 5240 3207 5291 ὀ
3257 5237 3544 5307 διαφυγὼν
3589 5236 3768 5303 γίνεται
3790 5228 3849 5279 τέ·

2340 5334 2502 5397 λειος.
2539 5335 2603 5387 Οί
2641 5335 2751 5404 γὰρ
2783 5334 3103 5404 Χριστιανοὶ
3132 5334 3181 5385 οἱ
3217 5333 3550 5400 γευσάμενοι
3578 5331 3669 5396 τῆς
3687 5326 3848 5395 χάριτος

2342 5428 2399 5492 ἐξ
2436 5426 2721 5493 ἀληθείας,
2742 5427 2837 5479 καὶ
2868 5425 2928 5477 τὸ
2974 5428 3201 5495 σημεῖον
3229 5425 3449 5494 ἔχοντες
3475 5421 3569 5476 τοῦ
3589 5412 3783 5473 στανοοῦ
3811 5414 3848 5462 ἐν

2340 5518 2423 5589 τῷ
2456 5518 2533 5588 νῷ
2566 5520 2659 5571 καὶ
2688 5522 2754 5588 τῇ
2780 5518 2999 5590 καρδίᾳ,
3031 5510 3177 5570 οὗτοι
3210 5516 3320 5571 ἀπὸ
3354 5515 3618 5586 βασιλέων
3635 5514 3723 5572 ἕως
3745 5521 3848 5559 τετυ⁴

2344 5612 2477 5682 χῶν,
2506 5612 2746 5684 κοπρίαν
2766 5612 2863 5665 καὶ
2887 5611 3154 5665 δυσωδίαν
3184 5610 3447 5681 ἡγοῦνται
3481 5609 3547 5663 τὰ
3579 5607 3751 5661 πάντα.
3771 5590 3848 5650 Καὶ
