3966 6538
135 303 227 370 605

1316 308 1691 373 HOMILIIE.
1716 335 1786 349 ·-
1802 315 1991 381 ΗΟΜ.
2032 322 2157 386 XV.

3274 328 3380 390 606

130 412 259 472 οὗτοι
286 414 540 471 δύνανται
592 415 814 479 εἰδέναι.
851 416 933 470 ὅτι
970 415 1093 483 δλος
1128 416 1157 469 6
1186 415 1391 489 κόσμος
1412 419 1440 471 6
1475 418 1687 489 γήϊνος,

1796 426 2128 501 intelligere,
2156 435 2475 491 universum
2511 436 2778 493 mundum
2806 446 3089 494 terrenum
3111 482 3125 504 ,
3155 441 3380 497 theSau-

130 509 213 564 καὶ
240 514 287 562 οι
320 508 585 581 θησαυροὶ
622 507 718 561 τοῦ
764 508 1051 580 βασιλέως,
1106 511 1201 563 καὶ
1233 510 1266 580 ἡ
1312 508 1461 574 δόξα,
1524 510 1619 563 καὶ
1643 512 1692 564 oi

126 600 225 669 τῆς
262 599 455 669 σοφίας
492 598 667 669 λόγοι,
706 601 765 653 ὲν
810 601 1082 673 φαντασίᾳ
1106 602 1214 655 τινί
1242 602 1370 668 είσι,
1407 601 1481 672 μὴ
1503 600 1697 672 ἔχοντα

132 693 347 763 στερεὰν
377 692 557 762 βάσιν,
594 692 729 746 ἀλλὰ
767 694 1177 765 παρερχόμενα.
1223 695 1334 748 Καὶ
1363 694 1417 748 εἴ
1450 695 1503 748 τί
1549 695 1697 747 ἐστιν

136 784 234 838 ὑπὸ
252 785 339 837 τὸν
363 785 615 854 οὐρανὸν,
651 784 861 848 τούτοις
889 786 1038 839 ἐστὶν
1068 786 1566 857 εὐκαταφρόνητον.

185 873 315 929 MI".
351 874 453 927 Διά
484 876 575 939 τίς
605 875 688 928 ὅτι
715 874 839 940 ξένα
858 877 952 929 καὶ
984 875 1268 946 Θαυμαστὰ
1299 876 1366 929 τὰ
1387 876 1572 931 ἐπάνω
1586 877 1695 931 τῶν

137 966 396 1039 οὐρανῶν,
424 967 495 1020 τὰ
525 967 600 1038 μὴ
629 967 758 1021 ὄντα
786 969 924 1040 μήτε
955 970 1035 1033 εἰς
1066 969 1373 1040 θησαυροὺς
1409 968 1693 1040 βασιλέων,

126 1061 258 1133 μήτε
277 1060 357 1123 είς
393 1060 592 1129 σοφίαν
620 1061 817 1130 λόγων,
872 1062 1012 1133 μήτε
1070 1062 1149 1126 εἰς
1205 1061 1362 1127 δόξαν
1397 1063 1693 1137 κοσμικὴν,

124 1157 211 1211 καὶ
244 1154 571 1228 ἀξιώματα,
603 1157 635 1228 ἢ
683 1158 938 1223 πλοῦτον,
969 1152 1080 1211 οἷον
1128 1162 1324 1214 ἐκεῖνοι
1372 1160 1695 1232 ἐκτήσαντο,

120 1250 205 1303 τὸν
242 1249 451 1322 Κύριον
485 1254 579 1305 καὶ
608 1253 836 1323 κτίστην
869 1254 1087 1306 πάντων
1116 1252 1330 1323 ἔχοντες
1365 1256 1423 1308 ὲν
1451 1254 1530 1327 τῷ
1554 1254 1697 1308 ἐνδο-

120 1339 260 1410 τάτῳ
293 1339 592 1410 ἀνθρώπῳ,
628 1343 815 1412 κτῆμα
858 1344 918 1396 τὸ
973 1344 1048 1414 μὴ
1094 1345 1527 1416 παρερχόμενον,
1557 1345 1697 1400 ἀλλὰ

118 1430 455 1501 παραμένον.
506 1432 569 1485 Οἱ
610 1436 719 1503 γὰρ
766 1433 1091 1504 Χριστιανοὶ
1137 1436 1327 1505 τιμίαν
1370 1435 1547 1488 οἴδασι
1594 1434 1694 1504 τὴν

120 1521 291 1591 ψυχὴν
314 1520 458 1590 ὑπὲρ
490 1520 668 1575 πάντα
703 1523 772 1576 τὰ
802 1524 1298 1595 δημιουργήματα·
1339 1524 1497 1594 μόνος
1533 1525 1642 1594 γὰρ
1666 1526 1694 1577 6

115 1613 405 1681 ἄνθρωπος
444 1614 565 1667 κατ’
599 1615 783 1668 εἰκόνα
816 1617 912 1668 καὶ
960 1617 1222 1686 ὁμοίωσιν
1250 1618 1385 1670 Θεοῦ
1431 1617 1649 1686 ἐγένετο
1675 1632 1691 1648 ·

117 1702 223 1756 ἰδοὺ
255 1703 284 1757 6
310 1704 541 1774 οὐρανὸς
580 1707 744 1759 πόσον
776 1708 924 1761 ἐστὶν
959 1708 1366 1781 ὑπερμεγέθης,
1389 1710 1483 1763 καὶ
1522 1712 1555 1780 ἡ
1583 1712 1687 1781 γῆ,

1797 535 2000 591 resque
2028 524 2203 594 regis,
2239 541 2407 596 Opes,
2440 527 2675 599 gloriam
2712 546 2776 584 ac
2814 530 3099 600 sapientiae
3134 532 3377 602 eloquia,

1806 623 2091 670 externam
2116 617 2282 673 modo
2305 620 2544 689 speciem
2574 621 2641 676 de
2668 637 2726 676 se
2750 621 3016 691 prtebere,
3042 638 3147 678 nec
3174 624 3380 681 habere

1794 705 2034 761 solidum
2052 706 2598 776 fundamentum,sed
2618 715 2899 783 praeterire
2932 730 2996 769 ac
3024 730 3379 773 evanescere.

1794 792 1863 847 Et
1882 794 2147 865 quidquid
2178 797 2281 851 sub
2298 799 2437 854 coelo
2462 808 2565 864 est,
2591 800 2659 855 ab
2687 801 2767 856 eis
2794 800 2953 858 facile
2979 804 3377 859 contemnitur.

1865 883 2053 941 XLIII.
2095 887 2196 955 Qui
2248 889 2390 944 hoc?
2437 891 2517 945 Eo
2569 892 2718 961 quod
2766 895 3057 964 peregrina
3103 903 3160 950 et
3198 896 3378 951 admi—

1793 978 1965 1032 randa
1998 980 2130 1045 sint,
2154 997 2273 1051 quae
2294 998 2459 1053 supra
2493 985 2664 1040 caelos
2696 995 2846 1052 sunt,
2878 1002 2942 1041 ac
2962 1003 3144 1057 neque
3174 988 3229 1043 in
3257 990 3381 1044 the-

1794 1066 1980 1121 sauris
2014 1084 2225 1139 regum,
2253 1085 2431 1141 neque
2466 1071 2518 1124 in
2548 1074 2815 1143 sapientia
2854 1078 3173 1145 verborum,
3199 1096 3384 1151 neque

1794 1157 1851 1212 in
1882 1160 2053 1230 gloria
2080 1161 2361 1217 mundana
2386 1164 2736 1234 reperiantur
2762 1185 2775 1220 :
2809 1184 2873 1223 ae
2900 1171 3030 1239 quia
3062 1172 3378 1242 dignitates,

1793 1259 1890 1304 aut
1929 1251 2170 1318 divitia},
2211 1270 2350 1323 quas
2390 1254 2467 1310 illi
2512 1258 2820 1325 possident,
2865 1264 2959 1331 qui
2995 1265 3287 1319 Dominum
3323 1277 3382 1322 et

1792 1342 2111 1400 Creatorem
2134 1346 2381 1401 omnium
2410 1348 2461 1402 in
2493 1349 2744 1405 interiori
2776 1352 2998 1409 homine
3023 1355 3381 1424 habent,siut

1794 1437 2069 1504 possessio
2118 1454 2404 1509 nunquam
2468 1440 2806 1507 interitura,
2865 1445 2963 1499 sed
3026 1462 3377 1516 permanens.

1794 1525 2094 1583 Christiani
2123 1530 2272 1584 enim
2303 1541 2613 1596 noverunt.
2652 1535 2891 1590 animam
2924 1537 3083 1610 longe
3116 1550 3380 1609 praestan—

1796 1618 1993 1675 tiorem
2036 1620 2144 1692 65
2172 1636 2294 1678 esse
2332 1624 2548 1680 caeteris
2578 1627 2842 1683 omnibus
2876 1633 3148 1687 creaturis
3180 1650 3197 1688 :
3226 1635 3384 1689 solus

1793 1711 2065 1782 siquidem
2098 1715 2262 1769 homo
2285 1718 2593 1773 secundum
2633 1720 2923 1791 imaginem
2966 1734 3023 1778 et
3060 1724 3387 1782 similitudi-

114 1797 301 1851 καὶτὰ
340 1799 398 1851 ὲν
430 1798 615 1863 αὐτοῖς
664 1816 943 1871 κτισματα
976 1799 1155 1870 τίμια,
1214 1800 1309 1855 καὶ
1363 1800 1575 1872 μεγάλα
1620 1799 1687 1853 τὰ

1797 1820 1922 1861 nem
1960 1807 2057 1862 Dei
2098 1806 2278 1863 factus
2306 1819 2408 1865 est.
2440 1812 2579 1868 Ecce
2616 1814 2817 1869 coelum
2854 1832 3022 1885 quam
3050 1817 3377 1875 immensum

114 1887 282 1956 σκεύη
337 1889 537 1954 αὐτῶν,
576 1891 605 1942 6
656 1892 712 1944 δὲ
739 1892 1025 1963 ἄνθρωπος
1058 1893 1201 1965 ὑπὲρ
1228 1893 1406 1946 πάντα
1428 1891 1497 1945 τὰ
1523 1891 1696 1964 σκεύη

112 1982 291 2052 τίμιός
323 1984 493 2049 ἐστιν,
537 1987 724 2057 ἐπειδὴ
768 1989 847 2050 εἰς
887 1988 1051 2041 αὐτὸν
1103 1987 1263 2058 μόνον
1312 1987 1603 2057 εὐδόκησεν
1664 1986 1695 2039 6

112 2075 318 2145 Κύριος
348 2094 361 2107 ·
392 2078 485 2130 καὶ
518 2080 587 2133 τὰ
622 2080 764 2149 κήτη
796 2079 853 2132 δὲ
876 2078 977 2149 τῆς
1024 2078 1320 2149 θαλάσσης,
1352 2078 1537 2133 καὶτὰ
1561 2078 1686 2150 ὅρη,

116 2169 210 2221 καὶ
233 2169 303 2221 τὰ
344 2168 523 2241 θηρία,
582 2172 663 2234 είς
721 2170 781 2224 τὸ
845 2171 1174 2241 φαινόμενον
1208 2170 1428 2243 μείζονά
1464 2173 1569 2223 εἱσι
1600 2169 1694 2224 τοῦ

114 2257 422 2328 ἀνθρώπου.
457 2259 633 2313 Βλέπε
658 2261 752 2315 οὖν
780 2279 875 2315 σου
898 2262 961 2316 τὸ
987 2262 1224 2333 ἀξίωμα,
1256 2262 1375 2326 πῶς
1397 2257 1447 2315 εἶ
1468 2262 1648 2332 τίμιος
1669 2302 1685 2327 ,

110 2352 193 2404 ὅτι
228 2351 367 2422 ὑπὲρ
416 2353 685 2421 ἀγγέλους
741 2354 965 2426 ἐποίησέ
1015 2372 1075 2409 σε
1127 2355 1156 2407 6
1188 2354 1344 2418 Θεὸς,
1401 2353 1563 2408 ὁπότε
1594 2355 1691 2407 καὶ

105 2443 270 2507 αὐτὸς
302 2443 371 2497 δι’
399 2445 594 2498 ἑαυτοῦ
646 2448 729 2511 εἰς
760 2447 859 2518 σὴν
909 2446 1214 2518 πρεσϐείαν
1264 2448 1361 2502 καὶ
1420 2447 1691 2519 λύτρωσιν

104 2538 442 2609 παρεγένετο
468 2542 559 2594 ἐπὶ
586 2542 684 2613 τῆς
704 2541 829 2612 γῆς.

1793 1898 1897 1952 sit!
1936 1898 2065 1954 item
2093 1909 2148 1956 et
2174 1904 2355 1958 terra!
2393 1920 2557 1974 quam
2599 1915 2871 1963 creaturae
2905 1910 2959 1963 in
2989 1910 3099 1965 illis
3132 1913 3385 1968 viventes

1792 1991 2077 2061 pretiosae!
2119 2009 2397 2065 quamque
2434 2012 2629 2068 magna
2660 2015 2897 2070 corpora
2929 2007 3159 2059 eorum!
3205 2005 3381 2062 Homo

1792 2082 2156 2140 nihilominus
2194 2086 2345 2143 hisce
2370 2090 2695 2159 corporibus
2724 2094 2991 2149 omnibus
3032 2097 3207 2151 multo
3235 2114 3380 2168 prae-

1799 2174 2035 2230 stantior
2067 2186 2192 2245 est;
2225 2180 2671 2251 quandoquidem
2704 2184 2760 2238 in
2806 2186 2900 2240 illo
2934 2187 3051 2243 solo
3082 2191 3384 2260 complaci--

1796 2275 1911 2321 tum
1939 2269 2295 2326 estDomino.
2320 2273 2593 2330 Praeterea
2615 2286 2734 2331 cete
2762 2294 2983 2350 quoque
3010 2284 3197 2349 maris,
3223 2301 3384 2340 mon-

1799 2366 1882 2412 tes
1930 2366 1986 2413 et
2050 2358 2248 2415 helluae
2303 2363 2605 2418 secundum
2668 2378 3022 2436 conspectum
3088 2380 3379 2427 externum

1799 2450 2180 2521 magnitudine
2209 2467 2307 2506 sua
2346 2456 2621 2513 excedunt
2650 2458 2955 2515 hominem.
2988 2463 3219 2535 Respice
3245 2483 3381 2539 ergo

1791 2543 2115 2615 dignitatem
2152 2554 2325 2613 tuam,
2359 2564 2523 2618 quam
2563 2552 2639 2607 sis
2674 2555 2987 2623 pretiosus!
3019 2561 3164 2628 quod
3196 2571 3247 2616 te
3279 2579 3377 2618 su—

100 2634 380 2703 periorem
418 2636 626 2706 angelis
663 2636 857 2691 fecerit
892 2637 1059 2703 Deus,
1082 2635 1305 2708 quando
1363 2636 1450 2693 vel
1520 2636 1638 2708 ipse
1696 2635 1969 2709 legatione
2013 2638 2082 2694 ad
2121 2646 2177 2694 te
2209 2648 2267 2695 et
2325 2641 2705 2714 redemptione
2734 2649 2813 2702 tui
2843 2650 3267 2720 perfuncturus,
3321 2656 3377 2711 in

105 2725 270 2780 terris
295 2740 357 2780 se
384 2735 708 2796 pmsentem
738 2729 1011 2784 exhibuit.

170 2815 306 2871 MA'.
329 2817 460 2871 Ὅτε
477 2813 570 2872 οὖν
597 2822 692 2872 καὶ
720 2822 771 2872 οἱ
800 2820 1022 2888 ἄγγελοι
1047 2822 1127 2884 είς
1158 2820 1257 2892 τὴν
1285 2820 1386 2892 σὴν
1412 2819 1688 2893 σωτηρίαν

96 2905 301 2979 ἧλθονς
322 2910 576 2980 βασιλεὺς
593 2912 702 2984 γὰρ
726 2913 841 2977 υίὸς
864 2913 1129 2983 βασιλέως
1151 2914 1473 2985 συμσούλιον
1497 2914 1690 2985 ἐποιή-

96 3019 234 3056 σατο
260 3005 402 3074 μετὰ
435 3004 529 3059 τοῦ
562 3007 767 3077 πατρὸς
795 3006 983 3072 αὐτοῦ,
1008 3010 1102 3062 καὶ
1126 3008 1410 3078 ἀπεστάλη
1434 3010 1462 3062 6
1489 3007 1685 3076 Λόγος,

1868 2820 2054 2880 XLIV.
2093 2827 2324 2896 Quando
2348 2828 2495 2883 enim
2530 2830 2708 2901 angeli
2752 2831 2819 2885 ad
2842 2840 2896 2887 te
2930 2833 3253 2890 salvandum
3283 2852 3350 2890 ve

1796 2926 2038 2984 nerunt?
2083 2928 2201 2982 Rex
2233 2926 2506 2997 siquidem
2548 2925 2696 2983 ﬁlius
2730 2928 2877 2999 regis
2915 2930 3206 2985 consilium
3253 2930 3379 2985 iniit

1797 3036 1923 3077 cum
1949 3029 2107 3091 patre
2135 3034 2258 3084 suo,
2285 3021 2627 3091 missumque
2645 3030 2730 3076 est
2761 3022 3027 3088 Verbum,
3056 3039 3121 3079 ac
3149 3038 3373 3079 carnem

96 3096 194 3149 καὶ
218 3097 407 3166 σάρκα
432 3098 813 3169 ἐνδυσάμενος.
846 3102 940 3153 καὶ
968 3100 1182 3171 κρύψας
1206 3100 1308 3171 τὴν
1334 3099 1529 3155 ἑαυτοῦ
1567 3100 1687 3154 θεό-

1797 3124 2013 3191 induit;
2044 3133 2210 3193 atque
2241 3124 2525 3179 occultans
2545 3139 2701 3179 suam
2723 3124 2900 3194 ipsius
2919 3125 3287 3193 divinitatem,
3309 3138 3371 3183 ut

93 3200 262 3255 τητα.
292 3185 384 3239 ἵνα
412 3186 499 3240 διά
535 3187 631 3240 τοῦ
653 3188 839 3258 ὁμοίου
877 3189 935 3242 τὸ
956 3190 1141 3260 ὅμοιον
1180 3190 1365 3262 σωθῇ,
1403 3190 1566 3261 ἔθηκε
1594 3190 1692 3262 τὴν

92 3278 284 3348 ψυχὴν
322 3278 488 3333 αὐτοῦ
534 3280 628 3334 ἐπὶ
665 3279 758 3333 τοῦ
791 3281 1050 3351 σταυροῦ.
1093 3282 1341 3353 Τοσαύτη
1371 3283 1561 3352 ἀγάπη
1596 3280 1689 3335 τοῦ

94 3369 241 3424 Θεοῦ
272 3372 387 3423 ἑστι
417 3371 553 3440 πρὸς
572 3373 665 3424 τὸν
684 3373 996 3443 ἅνθρωπονῑ
1034 3374 1353 3446 ᾘρετίσατο
1371 3377 1399 3428 6
1425 3374 1689 3438 ἀθάνατος

103 3461 494 3535 σταυρωθῆναι
524 3463 615 3519 διὰ
644 3465 724 3520 σέ.
757 3465 931 3520 Βλέπε
957 3462 1050 3521 οὖν
1077 3466 1198 3531 πῶς
1221 3470 1253 3522 ό
1280 3467 1425 3534 Θεὸς
1456 3468 1691 3539 ἠγάπη-

102 3569 187 3609 σε
218 3555 331 3608 τὸν
355 3556 607 3625 κόσμον,
644 3557 733 3611 ὅτι
784 3557 891 3612 τόν
934 3559 1237 3630 μονογενῆ
1293 3560 1483 3615 αὐτοῦ
1552 3560 1691 3613 Υίὸν

93 3646 335 3701 ἔδωκεν
348 3648 500 3717 ὑπὲρ
518 3648 727 3704 αὐτοῦ.
752 3650 884 3716 Πῶς
904 3651 1038 3720 οὐχί
1065 3651 1188 3706 σὺν
1212 3651 1374 3717 αὑτῷ
1404 3652 1473 3706 τὰ
1492 3650 1689 3704 πάντα

86 3737 252 3807 ἡμῖν
277 3740 634 3808 χαρίσεται;
669 3741 764 3792 καὶ
793 3739 958 3793 πάλιν
991 3739 1229 3811 ἀλλαχοῦ
1270 3738 1419 3808 λέγει
1443 3755 1456 3769 ⁸
1501 3738 1690 3809 Ἀμὴν

76 3826 256 3898 λέγω
287 3827 456 3898 ὑμῖν,
497 3829 595 3882 ἐπὶ
628 3829 781 3884 πᾶσι
800 3830 925 3896 τοῖς
946 3829 1330 3899 ὑπάρχουσιν
1363 3827 1551 3884 αὐτοῦ
1581 3847 1687 3883 xa-

74 3913 403 3980 ταστήσει
433 3917 641 3972 αὐτόν.
674 3917 925 3971 Δείκνυσι
949 3917 1006 3971 δὲ
1032 3918 1128 3971 καὶ
1152 3918 1387 3989 ἀλλαχοῦ
1433 3919 1559 3981 τοὺς
1588 3920 1688 3987 ἀγ-

66 4006 294 4075 γέλους
317 4006 670 4079 λειτουργοὺς
701 4006 838 4062 εἶναι
864 4010 975 4063 τῶν
997 4010 1190 4080 άγίων·
1233 4011 1328 4064 καὶ
1362 4009 1471 4081 γὰρ
1500 4009 1688 4073 Ἠλίας

61 4098 167 4153 ἅτε
188 4093 274 4170 ἦν
316 4099 403 4162 είς
431 4099 492 4153 τὸ
521 4102 669 4171 ὅρος,
700 4101 795 4154 καὶ
816 4098 981 4173 ἦλθον
1009 4103 1131 4157 κατ’
1160 4102 1324 4156 αὑτοῦ
1360 4105 1412 4157 οἱ
1455 4104 1688 4173 ἀλλόφυ-

54 4191 178 4252 λοι.
204 4189 284 4244 τὸ
323 4190 541 4244 παιδίον
562 4192 715 4261 ἔλεγε
741 4208 754 4221 ’
782 4197 1006 4248 Πολλοί
1035 4195 1310 4265 ἔρχονται
1331 4197 1460 4251 καθ’
1493 4195 1683 4264 ἡμῶν,

51 4282 169 4336 καὶ
207 4282 406 4352 ἡμεῖς
434 4284 613 4353 μόνοι
645 4285 855 4354 ἐσμέν.
904 4287 1039 4341 Τότε
1078 4289 1433 4360 ἀποκρίνεται
1474 4290 1680 4353 Ἠλίας·

49 4380 196 4448 Οὐχ
269 4375 432 4446 ὁρᾷς
472 4379 850 4447 παρεμϐολὰς
878 4380 977 4434 καὶ
1023 4380 1225 4449 πλήθη
1255 4381 1524 4451 ἀγγέλων
1551 4381 1680 4450 μεθ’

1794 3232 1893 3287 per
1916 3216 2098 3271 simile
2117 3224 2454 3279 servaretur,
2475 3214 2715 3270 animam
2738 3233 2891 3272 suam
2913 3221 3063 3274 cruci
3086 3221 3368 3292 imposuit.

1794 3308 1969 3362 Tanta
1993 3318 2114 3363 erat
2139 3309 2237 3363 Dei
2268 3308 2496 3364 dilectio
2530 3326 2659 3381 erga
2688 3310 2965 3366 hominem
2991 3316 3006 3367 ι
3046 3314 3375 3372 Immortalis

1786 3400 1886 3470 qui
1926 3406 2082 3463 erat,
2126 3399 2291 3470 elegit
2336 3400 2415 3454 tui
2466 3416 2631 3456 causa
2677 3401 2829 3456 cruci
2870 3401 3033 3474 ailigi.
3088 3405 3373 3475 Perpende

1790 3506 1955 3561 ergo,
1998 3507 2161 3561 quam
2206 3491 2469 3547 ardenter
2513 3492 2653 3547 Deus
2697 3493 2941 3549 dilexerit
2988 3498 3265 3562 mundum,
3313 3507 3373 3552 ut

1790 3585 2123 3656 unigenitum
2158 3584 2357 3640 Filium
2393 3585 2543 3639 daret
2583 3603 2680 3657 pro
2702 3602 2793 3640 eo:
2823 3589 2914 3658 qui
2945 3589 3064 3656 fieri
3095 3600 3280 3659 potest,
3314 3606 3375 3645 ut

1792 3696 1896 3733 non
1926 3686 1975 3732 et
2005 3695 2125 3733 cum
2159 3679 2338 3733 eodem
2366 3680 2544 3733 omnia
2575 3680 2722 3733 nobis
2750 3682 2906 3733 donet
2934 3682 3023 3735 "‘l
3049 3683 3116 3737 Et
3149 3700 3371 3740 rursum

1789 3772 1919 3828 alibi
1946 3772 2083 3829 dicit
2110 3789 2125 3827 :
2153 3773 2318 3827 Amen
2346 3773 2460 3826 dico
2484 3772 2625 3827 vobis
2642 3812 2657 3833 ,
2693 3788 2853 3842 super
2880 3774 3059 3827 omnia
3087 3775 3225 3829 bona
3248 3793 3374 3830 con—

1794 3867 1974 3921 stituet
2003 3882 2120 3920 eum
2146 3865 2216 3920 ".
2251 3863 2505 3920 Ostendit
2542 3880 2763 3935 quoque
2805 3864 2967 3927 alibi.
3013 3868 3235 3937 angelos
3263 3867 3371 3921 mi-

1789 3959 1997 4013 nistros
2032 3972 2152 4013 esse
2195 3965 2532 4013 sanctorum.
2575 3957 2711 4012 Cum
2762 3958 2907 4013 enim
2950 3960 3098 4014 Elias
3129 3971 3275 4016 esset
3318 3962 3371 4017 in

1788 4058 2011 4115 monte,
2050 4058 2107 4104 et
2153 4048 2421 4103 adversus
2451 4065 2576 4103 eum
2616 4049 2968 4121 insurgerent
3012 4052 3369 4123 alienigenm,

1791 4158 1931 4213 puer
1968 4142 2090 4211 ejus
2137 4140 2321 4195 aiebat
2354 4158 2367 4195 :
2411 4140 2568 4196 Multi
2607 4143 2824 4196 veniunt
2868 4142 3121 4199 adversus
3160 4161 3283 4208 nos,
3321 4154 3373 4199 et

1791 4249 1886 4287 nos
1925 4232 2027 4287 soli
2062 4248 2283 4296 sumus;
2322 4240 2455 4286 tunc
2503 4232 2804 4303 respondet
2847 4234 2995 4289 Elias
3025 4253 3038 4288 :
3073 4235 3191 4289 Non
3230 4238 3370 4292 vides

1785 4326 1993 4380 ordines
2015 4332 2064 4379 et
2082 4324 2442 4379 multitudines
2459 4324 2767 4394 angelorum
2786 4327 3047 4382 nobiscum
3077 4330 3132 4382 in
3150 4329 3371 4383 circuitu

1785 4413 1932 4468 nobis
1963 4411 2341 4484 cpitulantium
2378 4413 2423 4444 ⁷⁸
2442 4412 2468 4466 ?
2498 4411 2667 4468 Vides
2705 4414 2994 4469 Dominum
3028 4423 3085 4469 et
3115 4417 3369 4472 multitu-

41 4469 250 4540 ἡμῶν
284 4471 503 4536 κύκλῳ
514 4472 907 4538 βοηθούντων
929 4471 1112 4541 ήμῖν;
1149 4473 1311 4544 Ὁρᾷς
1334 4474 1416 4526 ὅτι
1437 4474 1464 4525 6
1481 4474 1681 4526 Δεσπό-

1793 4505 1968 4560 dinem
2001 4505 2321 4576 angelorum
2346 4503 2535 4559 adesse
2567 4504 2744 4560 servis
2776 4506 2913 4561 suis.
2957 4506 3170 4573 Quanta
3201 4508 3371 4577 igitur

41 4583 178 4635 της.
215 4565 341 4618 καὶ
377 4563 445 4617 τά
483 4564 661 4635 πλήθη
693 4564 801 4618 τῶν
822 4565 1072 4633 ἀγγέλων
1100 4564 1315 4619 σύνεστι
1344 4567 1454 4629 τοῖς
1478 4564 1683 4629 δούλοις

41 4657 264 4712 αὑτοῦ.
311 4655 468 4725 Πόση
501 4654 593 4709 οὖν
640 4657 786 4709 ἐστιν
816 4656 849 4726 ἡ
881 4656 1026 4729 ψυχὴ
1050 4695 1066 4720 ,
1098 4657 1193 4711 καὶ
1220 4656 1340 4720 πῶς
1388 4655 1683 4727 τετίμηται

41 4752 151 4805 31:6
183 4748 313 4804 τοῦ
350 4747 521 4802 Θεοῦῐ
554 4748 637 4803 ὅτι
674 4750 704 4802 6
727 4750 861 4813 Θεὸς
884 4752 977 4803 καὶ
1004 4752 1054 4803 οἱ
1083 4750 1307 4820 ἄγγελοι
1333 4750 1541 4824 ταύτην
1563 4753 1682 4805 ἐπι-

41 4844 349 4916 ζητοῦσιν
371 4844 452 4906 είς
482 4840 767 4897 κοινωνίαν
800 4842 955 4909 ίδίαν,
984 4844 1077 4897 καὶ
1103 4846 1181 4906 εἰς
1206 4842 1505 4915 βασιλείαν.
1549 4843 1607 4897 '0
1625 4844 1683 4898 δὲ

41 4937 339 4999 Σατανᾶς
381 4935 476 4988 καὶ
503 4935 560 4989 αἱ
590 4935 853 5006 δυνάμεις
883 4936 1052 4991 αὑτοῦ
1080 4936 1287 5009 ταύτην
1324 4935 1678 5011 ἐπιζητοῦσιν

47 5033 106 5096 ἰς
138 5033 222 5084 τὸ
270 5030 425 5084 [διον
457 5029 644 5100 μέρος.

88 5124 273 5180 ME'.
342 5118 435 5184 Ὠς
461 5122 572 5193 γὰρ
606 5123 666 5176 ὲν
695 5124 808 5186 τοῖς
856 5122 1201 5193 φαινομένοις
1249 5124 1278 5178 6
1318 5124 1573 5194 βασιλεὺς
1610 5127 1673 5180 οὐ

42 5213 422 5269 ιακονείται
481 5210 588 5265 ὑπὸ
641 5211 999 5283 ἀγελημαίων
1045 5211 1369 5283 ἀνθρώπων,
1416 5215 1533 5268 ἀλλ’
1568 5215 1673 5269 ὑπὸ

42 5306 287 5380 ραίων
354 5305 451 5357 καὶ
480 5303 662 5369 καλῶς
695 5305 1145 5376 πεπαιδευμένων
1163 5347 1179 5371 ,
1210 5306 1352 5360 οὕτω
1383 5309 1478 5363 καὶ
1508 5311 1586 5372 είς
1615 5309 1673 5362 τὸ

41 5398 416 5470 κουράνιον
450 5396 712 5451 παλάτιον
742 5400 941 5452 ἐκεῖνοι
977 5397 1285 5451 διακονοῦσι
1317 5398 1396 5470 τῷ
1432 5400 1668 5471 ἐπουρα-

41 5496 107 5566 ’ῳ
143 5488 445 5563 βασιλεῖ,
491 5491 540 5543 οἱ
576 5489 821 5561 ἄμωμοι,
851 5491 903 5544 οἱ
944 5489 1324 5560 ἀνεπίληπτοι.
1355 5492 1406 5544 οί
1440 5493 1671 5563 καθαροὶ

41 5608 101 5663 εν
143 5582 466 5657 καρδίαν.
492 5584 603 5638 Καὶ
634 5582 824 5655 ὥσπερ
853 5584 911 5637 ὲν
933 5581 1011 5654 τῷ
1045 5582 1314 5655 παλατίῳ,
1347 5582 1546 5656 ὡραῖαι
1576 5586 1668 5639 κό-

1780 4607 1867 4654 est
1908 4597 2123 4657 anima.
2170 4606 2227 4653 et
2273 4597 2497 4669 quantis
2542 4596 2851 4653 honoribus
2895 4614 2925 4653 a
2979 4600 3091 4654 Deo
3131 4600 3364 4656 affecta!

1786 4689 2071 4761 Siquidem
2102 4700 2160 4747 et
2190 4691 2337 4747 Deus
2359 4698 2416 4745 et
2440 4691 2614 4762 angeli
2646 4690 2791 4747 hanc
2821 4699 3112 4746 accersunt
3147 4692 3200 4746 in
3238 4708 3369 4747 con-

1784 4784 2018 4841 sortium
2061 4794 2119 4840 et
2148 4799 2378 4856 regnum
2409 4799 2596 4839 suum.
2630 4782 2860 4839 Satanas
2887 4799 3020 4838 vero
3047 4791 3103 4839 et
3126 4792 3367 4854 potesta-

1781 4883 1867 4931 tes
1906 4876 2029 4948 ejus
2068 4891 2190 4932 eam
2233 4874 2554 4931 desiderant
2596 4873 2665 4929 ad
2704 4889 2859 4931 suam
2912 4883 3124 4930 partem
3171 4874 3365 4930 tradu-

1784 4982 1933 5024 cere.

1852 5138 2015 5195 XLV.
2056 5138 2534 5207 Quemadmodum
2557 5155 2690 5196 vero
2714 5141 2770 5195 in
2802 5140 2972 5195 rebus
2998 5140 3142 5196 visui
3173 5140 3363 5213 subje-

1780 5230 1904 5294 ctis,
1935 5246 2034 5285 rex
2064 5231 2215 5285 nulla
2237 5232 2546 5288 ministeria
2576 5232 2774 5302 recipit
2800 5232 2870 5287 ab
2896 5232 3216 5287 hominibus
3239 5249 3365 5303 gre-

1780 5336 1875 5391 ges
1900 5322 2276 5391 pascentibus,
2311 5323 2406 5379 sed
2430 5324 2498 5379 ab
2528 5324 2799 5394 speciosis
2829 5331 2887 5380 et
2905 5325 3113 5395 optime
3140 5325 3362 5381 institu-

1781 5413 1851 5467 tis
1878 5429 1892 5467 :
1924 5412 2006 5468 sic
2030 5423 2087 5468 et
2114 5413 2171 5468 in
2206 5414 2418 5470 caelesti
2448 5416 2652 5485 palatio
2685 5415 2760 5470 illi
2790 5416 3107 5472 ministrant
3146 5417 3379 5485 caelesti,

1780 5501 1918 5572 regi,
1943 5502 2038 5573 qui
2072 5502 2222 5559 omni
2253 5503 2415 5574 culpa
2454 5511 2511 5560 et
2541 5506 2976 5575 reprehensione
3006 5514 3267 5562 vacantes
3292 5521 3357 5562 ac

1776 5593 1900 5663 puri
1925 5592 2113 5649 cordis
2154 5601 2304 5649 sunt.
2342 5594 2412 5651 Et
2443 5596 2908 5667 quemadmodum
2946 5598 3004 5655 in
3034 5598 3238 5670 palatio
3260 5613 3356 5656 ve-

47 5772 107 5800 ²²
157 5768 389 5826 Joan.
421 5778 499 5830 ut,
533 5763 643 5831 16;
677 5765 836 5821 Rom.
872 5779 988 5831 vm,
1027 5766 1118 5821 32.
1198 5766 1242 5801 ⁷³
1279 5765 1472 5823 Matth.
1511 5783 1658 5824 xxw.
1691 5770 1782 5826 9.7.
1860 5771 1906 5805 ⁷⁵
1948 5771 2016 5829 IV
2044 5773 2181 5845 Reg.
2211 5789 2284 5840 vr,
2317 5773 2407 5830 17.
