3966 6512
650 345 756 412 607

1882 350 1945 410 8.
1985 344 2304 410 MACARII
2340 341 2658 404 IEGYPTII
3721 350 3794 414 £08

649 470 828 516 nusta:
850 473 1081 532 quaeque
1116 463 1332 532 puellm,
1361 466 1542 522 omnis
1571 464 1710 521 labis
1753 477 1818 518 ac
1846 458 2230 532 reprehensio-

2335 472 2444 526 ραι,
2479 453 2575 508 καὶ⁵
2615 452 2690 525 μή
2714 452 2935 524 ἔχουσαι
2963 450 3154 523 μῶμόν
3184 469 3328 511 τινα.
3359 451 3796 517 εὖειδέσταταιὲκιῖ-

649 554 740 609 nis
761 560 1033 622 expertes,
1059 555 1481 624 speciosissima
1506 556 1737 619 scilicet,
1763 553 1924 624 regiae
1947 548 2227 606 societatis

651 644 951 716 participes
995 645 1132 700 Ilunt
1165 663 1180 700 :
1217 646 1300 701 sic
1332 662 1550 716 quoque
1589 647 1643 701 in
1681 643 1950 715 spirituali
1999 639 2223 712 palatio,

650 736 871 799 animae,
918 750 1039 806 qua:
1076 736 1224 790 omni
1255 736 1521 790 virtutum
1556 737 1826 791 bonarum
1867 748 2067 806 genere
2096 741 2227 786 sunt

651 836 961 888 exornatae,
991 827 1310 881 societatem
1360 826 1554 882 ineunt
1577 843 1701 883 cum
1727 825 1940 882 caalesti
1984 838 2130 895 rege.
2164 823 2226 877 In

653 916 822 970 rebus
845 956 860 977 .
893 931 1016 986 quae
1052 915 1195 970 visui
1228 926 1446 987 patent,
1483 918 1527 972 si
1573 918 1640 973 ad
1667 917 1892 972 domum
1933 913 2226 987 quamdam

654 1006 1064 1061 inhabitandam
1105 1006 1363 1077 princeps
1405 1007 1607 1073 abeat,
1654 1023 1776 1078 qua:
1813 1006 2070 1062 sordibus
2099 1005 2226 1076 qui-

653 1098 882 1154 busdam
910 1099 1210 1153 contractis
1254 1099 1470 1170 impura
1507 1101 1598 1161 sit.
1652 1108 1994 1170 prmparatur
2024 1100 2136 1162 illa,
2166 1113 2230 1153 ac

653 1191 807 1245 vario
862 1202 1094 1248 ornatus
1141 1210 1340 1263 genere
1397 1195 1717 1260 instruitur,
1766 1195 1956 1250 effusis
2009 1208 2229 1264 quoque

652 1283 992 1340 aromatibus
1023 1303 1036 1340 :
1069 1297 1277 1356 quanto
1305 1289 1500 1355 majori
1535 1289 1732 1343 domus
1770 1288 1987 1352 animze,
2034 1287 2089 1341 in
2120 1302 2227 1356 qua

652 1377 919 1433 Dominus
947 1379 1268 1447 requiescit,
1293 1389 1489 1434 ornatu
1519 1380 1746 1451 indiget,
1767 1389 1828 1433 ut
1851 1380 1994 1433 illam
2018 1377 2227 1448 ingredi

653 1465 849 1534 possit,
901 1475 958 1520 et
1009 1467 1082 1520 ibi
1131 1469 1478 1538 requiescere
1532 1469 1609 1534 is,
1653 1471 1743 1538 qui
1799 1469 2230 1539 reprehensione

655 1557 834 1621 nulla,
882 1573 983 1612 nec
1015 1560 1223 1612 macula
1248 1600 1264 1623 ,
1297 1575 1400 1614 nec
1427 1560 1548 1615 labe
1591 1576 1685 1615 seu
1731 1577 1885 1615 nzevo
1929 1561 2104 1615 notari
2135 1576 2236 1630 po-

656 1649 803 1702 test!
859 1649 917 1703 ln
963 1650 1276 1720 hujusmodi
1322 1652 1471 1705 enim
1527 1653 1695 1708 corde
1744 1661 1858 1707 tum
1902 1653 2078 1717 Deus,
2114 1662 2229 1708 tum

655 1740 913 1795 universa
945 1742 1185 1796 emlestis
1211 1743 1453 1797 Ecclesia
1481 1744 1798 1813 requiescit.

2327 565 2415 601 ναι
2447 548 2528 610 εἰς
2561 546 2849 600 κοινωνίαν
2896 543 3162 614 βασιλέων
3189 544 3534 614 ἀπέρχονται⁸
3558 547 3698 613 οὕτως
3734 557 3798 608 καὶ

2325 641 2406 704 εἰς
2435 639 2494 693 τὸ
2521 638 2912 709 πνευματικὸν,
2945 635 3117 706 ψυχαὶ
3145 636 3202 689 αἰ
3235 638 3292 690 ἐν
3322 637 3452 689 πᾶσι
3477 638 3667 704 τρόποις
3706 644 3801 709 ἀγα.

2326 731 2438 795 θοῖς
2465 729 2900 800 κεκοσμημέναι,
2931 722 3094 783 αὗται
3124 724 3439 781 κοινωνοῦσι
3475 728 3545 799 τῷ
3570 731 3803 802 ἰπουρανὶῳ

2328 822 2557 894 βασιλεῖ.
2587 821 2684 884 Εἰς
2719 821 2782 874 τὸ
2806 821 3152 892 φαινόμενον,
3206 820 3342 873 ὅπου
3371 819 3639 890 ἀπέρχεται
3674 823 3805 893 ἄρχων

2332 915 2533 984 μεῖναι,
2555 914 2651 967 καὶ
2672 911 2961 982 συμϐαίνει
2989 912 3204 982 ἐκείνην
3230 910 3330 980 τὴν
3366 909 3534 963 οἰκίαν
3562 912 3682 981 ἔχειν
3710 915 3804 968 ἀκι.

2330 1005 2558 1078 θαρσίαν
2584 1004 2726 1069 τινὰ,
2760 1002 3160 1076 εὖτρεπίξεται,
3204 1003 3300 1056 καὶ
3325 1004 3655 1074 διακόσμησις
3687 1009 3808 1079 tolli}

2329 1095 2558 1164 γίνεται,
2593 1095 2688 1149 καὶ
2717 1095 2985 1167 ἀρώματα
3004 1097 3266 1166 ἐκχεῖται.
3290 1095 3446 1164 Πόσῳ
3471 1095 3647 1164 μᾶλλον
3666 1100 3688 1150 ὁ
3709 1093 3809 1164 οἰκος

2328 1187 2429 1258 τῆς
2460 1187 2662 1259 ψυχῆς,
2697 1189 2776 1252 εἰς
2801 1188 2860 1243 ὃν
2881 1191 2910 1243 6
2934 1187 3138 1259 Κύριος
3159 1185 3513 1252 ἀναπαύεται,
3541 1187 3708 1258 πολλῆς
3731 1192 3808 1246 διι-

2329 1281 2654 1351 κοσμήσεως
2705 1279 2921 1352 χρῄζει,
2969 1280 3056 1333 ἵνα
3100 1279 3302 1350 δυνηθῇ
3334 1280 3449 1332 ἐκεῖ
3495 1279 3719 1333 εἰσελθεῖν
3751 1288 3812 1336 καὶ

2330 1372 2643 1444 ἁναπαῆναι
2688 1375 2716 1426 6
2768 1373 3015 1436 ἄσπιλος,
3046 1374 3074 1426 6
3110 1373 3378 1443 ἄμωμοςὲ
3414 1372 3489 1434 είς
3509 1371 3608 1442 γὰρ
3628 1375 3812 1443 τοιαύτην

2332 1463 2557 1534 καρδίαν
2589 1465 2618 1518 6
2648 1465 2780 1528 Θεὸς
2807 1507 2822 1530 ,
2880 1466 2971 1518 καὶ
3002 1462 3097 1536 ὅλη
3133 1466 3167 1535 ἡ
3219 1464 3536 1534 ἐπουράνιος
3595 1463 3813 1535 Ἐκκλησία

2332 1557 2764 1612 ἐπαναπαὺεται.

723 1829 907 1886 XLVI.
949 1832 1219 1888 Pneterca
1265 1834 1318 1887 in
1357 1811 1716 1904 rebusiquae
1761 1834 1897 1890 aciei
1943 1851 2229 1891 oeu.orum

2399 1823 2554 1890 Μετ’.
2597 1823 2687 1875 Ἐν
2715 1823 2828 1885 τοῖς
2854 1820 3220 1892 φαινομένοις,
3241 1821 3336 1874 ὲαν
3360 1819 3458 1892 ἔχῃ
3484 1819 3648 1892 πατὴρ
3666 1823 3818 1892 κτήμα-

651 1932 875 1994 patent,
920 1925 966 1979 si
999 1935 1156 1995 pater
1181 1926 1455 1998 quispiam
1488 1929 1763 1998 possideat
1802 1929 1967 1994 bona,
1999 1939 2054 1984 et
2087 1930 2233 1985 inter

652 2015 770 2070 Ιταξο
807 2015 1119 2071 diademata
1151 2017 1352 2072 habeat
1384 2034 1448 2074 ac
1472 2021 1680 2090 lapides
1708 2021 2002 2091 pretiosos,
2034 2022 2152 2077 haec
2175 2022 2232 2076 in

654 2105 960 2162 conditoria
999 2109 1236 2178 reponit,
1265 2119 1320 2165 et
1345 2120 1588 2165 reservat
1624 2111 1737 2166 ﬁlio
1766 2128 1885 2176 suo,
1916 2114 2004 2168 cui
2039 2129 2101 2168 ea
2125 2115 2233 2168 lare

654 2194 870 2263 giturus
897 2203 984 2250 est
1007 2213 1020 2250 ι
1048 2196 1128 2252 sic
1163 2213 1383 2268 quoque
1408 2198 1553 2253 Deus
1571 2200 1972 2268 possessionem
2001 2203 2082 2256 sui
2107 2219 2231 2257 cum

654 2287 826 2342 rebus
848 2287 962 2341 suis
987 2287 1252 2357 pretiosis
1286 2289 1630 2346 concredidit
1657 2292 1870 2347 animas.
1903 2290 2142 2348 Tandem
2176 2294 2231 2348 in

653 2379 822 2432 rebus
835 2378 1168 2443 visibilibus,
1191 2380 1235 2434 si
1262 2381 1544 2435 exoriatur
1562 2381 1789 2447 bellum,
1816 2392 1872 2438 et
1897 2386 2114 2440 venerit
2137 2403 2234 2440 rex

653 2486 778 2524 cum
819 2471 1062 2526 exercitu
1095 2488 1194 2528 suo
1238 2472 1304 2527 ad
1338 2474 1730 2528 decertandum
1753 2516 1766 2538 ,
1799 2476 2017 2546 sintque
2047 2485 2234 2547 partes

651 2558 894 2629 secius
913 2559 1172 2624 minores,
1191 2569 1285 2614 aut
1314 2559 1718 2626 imbecilliores,
1738 2563 2002 2618 continuo
2027 2564 2234 2634 legatos

653 2649 846 2713 mittit,
898 2650 966 2706 ad
1008 2651 1308 2721 rogandum
1357 2666 1422 2706 ea
1483 2667 1605 2722 qua;
1659 2651 1867 2708 faciunt
1901 2654 1968 2708 ad
2013 2669 2227 2725 pacem.

655 2739 712 2797 Si
752 2757 883 2795 vero
909 2756 1043 2812 gens
1083 2741 1315 2795 maxima
1338 2756 1462 2796 cum
1492 2743 1690 2812 aequali
1721 2744 2035 2799 conﬂictum
2061 2746 2230 2810 ineat,

653 2833 834 2904 sitque
872 2850 965 2890 rex
1006 2850 1131 2889 cum
1173 2850 1321 2906 rege,
1366 2849 1482 2899 rex,
1523 2833 2079 2905 inquam,Persarum
2108 2855 2233 2894 cum

654 2942 783 2997 rege
806 2926 1200 2991 Romanorum,
1221 2935 1441 2997 oportet
1468 2928 1692 2982 omnino
1719 2929 1819 2983 hos
1839 2944 1997 3000 reges
2022 2930 2087 2986 ad
2111 2930 2232 2986 bel-

654 3020 768 3074 lum
809 3021 1146 3075 commoveri
1172 3036 1297 3076 cum
1337 3022 1486 3076 omni
1529 3024 1771 3077 exercitu
1807 3033 1870 3079 ac
1900 3025 2073 3080 milite
2108 3037 2229 3083 suo.

652 3111 937 3180 Perpende
978 3127 1108 3182 ergo
1141 3121 1345 3182 quanta
1377 3121 1470 3168 tua
1507 3114 1580 3168 sit
1612 3113 1883 3185 dignitas,
1914 3131 2040 3172 cum
2080 3117 2228 3172 Deus
2257 3147 2301 3206 ε

655 3213 838 3258 motus
895 3204 968 3258 sit
1014 3220 1140 3259 cum
1193 3207 1344 3260 omni
1392 3221 1492 3261 suo
1540 3208 1820 3272 exercitu,
1875 3209 2228 3279 angelorum,

657 3296 905 3364 inquam,
937 3296 1374 3365 aut/spirituum,
1402 3297 1469 3351 ad
1507 3298 1962 3354 committendum
1994 3316 2230 3371 pugnam

653 3401 780 3441 eum
805 3387 1148 3449 adversario,
1173 3396 1236 3442 ut
1275 3397 1327 3445 te
1358 3389 1657 3445 redimeret
1682 3407 1712 3446 a
1733 3403 1930 3447 morte.
1958 3393 2110 3450 Deus
2132 3393 2234 3466 igi-

654 3484 749 3532 tur
772 3478 926 3532 venit
955 3477 1031 3532 tui
1064 3493 1250 3534 causa.

723 3566 934 3622 XLVII.
983 3567 1222 3624 Perinde
1268 3583 1333 3624 ac
1374 3568 1420 3625 si
1465 3569 1540 3625 sit
1565 3585 1680 3634 rex,
1703 3571 1799 3641 qui
1836 3571 1893 3626 in
1933 3585 2231 3643 pauperem

653 3659 970 3729 quemdam,
999 3660 1158 3729 cujus
1201 3661 1448 3716 membra
1475 3663 1660 3716 Omnia
1685 3663 1836 3733 lepra
1864 3664 2128 3732 pervasit,
2150 3664 2237 3718 in-

653 3749 824 3813 cidat,
865 3765 968 3806 nec
998 3749 1291 3806 erubescat
1330 3750 1728 3807 medicamenta
1768 3753 1888 3822 ejus
1915 3752 2234 3808 vulneribus

652 3840 969 3905 admovere,
1020 3856 1085 3896 ac
1137 3841 1277 3896 adeo
1331 3850 1488 3898 curet
1534 3842 1654 3913 ejus
1693 3843 1912 3913 plagas;
1970 3843 2235 3914 illumque

650 3941 840 4002 postea
869 3933 1017 4002 regia
1046 3948 1236 3988 mensa
1257 3941 1570 4004 exceptum,
1619 3949 1866 4004 purpura
1901 3934 2117 3998 induat,
2171 3949 2236 3990 ac

652 4034 837 4090 regem
874 4019 1072 4074 faciat:
1109 4021 1189 4076 sic
1205 4036 1426 4092 quoque
1450 4022 1599 4077 Deus
1626 4037 1683 4076 se
1709 4022 1960 4076 exhibuit
1992 4021 2235 4077 humano

652 4112 842 4181 generi
871 4111 1083 4166 :abluit
1110 4112 1258 4168 illius
1280 4113 1534 4173 vulnera.
1558 4123 1614 4168 et
1636 4114 1849 4168 sanavit
1879 4113 2037 4178 illud,
2072 4122 2236 4184 atque

653 4199 962 4255 introduxit
1010 4200 1066 4254 in
1106 4201 1386 4257 caelestem
1431 4203 1751 4258 thalamum.
1803 4203 2033 4258 Maxima
2070 4203 2236 4275 igitur

651 4300 740 4344 est
791 4290 1236 4346 Christianorum
1307 4292 1583 4363 dignitas,
1641 4302 1788 4347 tanta
1847 4293 2112 4364 quidem,
2176 4302 2239 4349 ut

653 4382 799 4451 quod
835 4399 959 4437 cum
994 4399 1058 4438 ea
1092 4393 1483 4453 comparetur,
1525 4400 1635 4439 non
1662 4387 1754 4440 sit.
1796 4384 1851 4440 Si
1879 4400 2012 4442 vero
2035 4386 2103 4441 ad
2137 4386 2236 4441 de-

2332 1931 2420 1978 τα,
2457 1913 2556 1986 ἔχῃ
2581 1913 2638 1966 δὲ
2665 1913 2758 1966 καὶ
2787 1913 3097 1982 διαδήματα
3126 1912 3220 1966 καὶ
3242 1912 3425 1976 λίθους
3451 1913 3666 1982 τιμίους,
3700 1914 3816 1966 ταῦτι

2333 2004 2412 2066 εἰς
2457 2004 2643 2066 οἴκους
2704 2003 3002 2066 ἀποθέτους
3034 2002 3289 2072 κρύπτει.
3343 2003 3438 2055 καὶ
3475 2003 3750 2070 ταμιεύεται
3769 2007 3818 2076 τῷ

2333 2092 2608 2164 ἀγαπητῷ
2643 2089 2807 2147 αὐτοῦ
2860 2093 2982 2162 υἱῷ,
3038 2092 3275 2163 κάκείνῳ
3304 2093 3518 2146 δίδωσιν
3558 2095 3817 2147 atati-oin.

2335 2184 2427 2236 καὶ
2451 2185 2479 2236 ὁ
2511 2181 2641 2246 Θεὸς
2669 2183 2767 2252 τήν
2793 2183 2985 2236 ἑαυτοῦ
3011 2183 3204 2253 κτῆσιν
3231 2183 3369 2253 μετά
3393 2184 3498 2236 τῶν
3521 2183 3653 2236 ἰδίων
3686 2185 3818 2251 τιμίω

2334 2275 2683 2327 ὲνεπίστευσε
2706 2278 2772 2344 τῇ
2804 2273 2970 2345 ψυχῇ.
3004 2274 3097 2338 Εἰς
3131 2274 3191 2327 τδ
3219 2274 3562 2344 φαινόμενον,
3603 2277 3684 2329 ἐὰν
3753 2278 3816 2328 τί·

2332 2364 2517 2435 λεμος,
2545 2366 2638 2420 καὶ
2662 2365 2788 2437 ἔλθῃ
2827 2365 3080 2436 βασιλεὺς
3115 2368 3252 2436 μετά
3295 2365 3394 2420 τοῦ
3422 2369 3740 2438 στρατοπέδου
3763 2369 3818 2422 ἑτῖ

2332 2457 2394 2512 τὸ
2423 2459 2750 2528 πολεμῆσαι,
2778 2459 2872 2514 καὶ
2902 2459 3123 2532 ὑπάρχῃ
3153 2461 3216 2514 τὸ
3259 2461 3426 2530 μέρος
3468 2461 3624 2513 αὐτοῦ
3648 2461 3818 2525 ἔλαττον,

2333 2548 2368 2620 ἦ
2399 2549 2808 2621 ἀσθενέστερον,
2844 2551 3048 2614 εὐθέως
3088 2551 3409 2604 ἀποστέλλει
3452 2551 3821 2622 πρεσϐείανξμι-

2333 2643 2435 2715 τᾷν
2466 2641 2536 2696 τὰ
2559 2642 2694 2711 πρὸς
2721 2642 2966 2714 εἰρήνην.
3003 2643 3064 2695 Εἰ
3083 2643 3142 2696 δὲ
3164 2641 3316 2705 ἔθνος
3357 2641 3605 2712 μέγιστον
3627 2642 3821 2710 api;an

2334 2731 2392 2810 ᾖ,
2427 2736 2520 2789 καὶ
2547 2737 2576 2788 6
2610 2733 2858 2805 βασιλεὺς
2887 2735 3026 2804 πρὸς
3065 2732 3307 2805 βασιλέα,
3335 2732 3483 2801 λέγω
3528 2732 3589 2802 δὴ
3614 2735 3639 2785 6
3666 2733 3821 2803 Περεῶν

2334 2828 2427 2881 καὶ
2448 2824 2478 2881 6
2517 2825 2824 2896 Ῥωμαίων,
2853 2826 3065 2895 ἀνάγκη
3087 2825 3235 2878 πᾶσα
3265 2825 3396 2888 τοὺς
3430 2823 3522 2877 δύο
3556 2824 3752 2894 pacati;
3771 2843 3822 2874 2t-

2334 2919 2565 2992 νηθῆναι
2595 2919 2731 2988 μετά
2757 2918 2864 2970 τῶν
2890 2917 3268 2988 στρατοπέδων
3288 2918 3451 2971 ὅλων.
3483 2917 3642 2970 Βλέπε
3671 2912 3741 2968 οὖν
3752 2911 3822 2968 ciris

2323 3011 2430 3065 om}
2456 3013 2572 3066 ἐστι
2597 3013 2657 3065 τὸ
2674 3010 3007 3080 ἀξίωμα,δτι
3024 3011 3054 3063 6
3073 3010 3203 3072 Θεὺς
3225 3009 3454 3080 ἐκινήθη
3475 3009 3605 3079 μετά
3624 3009 3713 3061 τῶν
3730 3009 3822 3060 ἰδίων

2336 3105 2732 3176 στρατοπέδων,
2758 3103 2900 3173 λέγω
2938 3105 3003 3174 δὴ
3030 3103 3142 3156 τῶν
3170 3103 3420 3171 ἀγγέλων
3441 3105 3532 3156 καὶ
3558 3104 3818 3170 rvmpit-uri.

2335 3196 2632 3267 συμϐαλεῖν
2657 3196 2734 3267 τῷ
2759 3197 3139 3266 ἀντικειμένῳ.
3165 3195 3252 3250 ἵνα
3281 3214 3340 3250 σε
3366 3198 3689 3266 λυτρώσηται
3706 3197 3752 3248 ὲκ
3766 3193 3822 3245 τιῦ

2333 3288 2584 3345 θανάτου.
2621 3287 2681 3343 '0
2715 3289 2845 3352 Θεὸς
2875 3287 2968 3342 οὖν
2994 3288 3324 3343 παοετένετο
3348 3286 3443 3342 διά
3475 3288 3554 3343 σέ.

2401 3558 2533 3615 MZ'.
2565 3559 2776 3631 Ὠσπερ
2804 3559 2900 3613 ἒάν
2992 3560 3244 3632 βασιλεὺς
3265 3563 3361 3616 καὶ
3389 3561 3525 3634 εὕρῃ
3552 3560 3734 3631 πτωχόν
3749 3575 3826 3611 τινα

2334 3648 2527 3718 ἔχοντα
2551 3650 2761 3722 λέπραν
2797 3654 2878 3715 εἰς
2905 3650 3002 3706 ὅλα
3023 3650 3092 3706 τά
3125 3653 3284 3723 μέλη,
3313 3654 3411 3708 καὶ
3445 3653 3518 3724 μὴ
3547 3650 3824 3720 ἐπαισχυνθῇ.

2333 3741 2450 3796 ἀλλ’
2480 3742 2641 3814 ἐπιθῇ
2693 3745 2961 3814 φάρμακα
2990 3745 3084 3798 καί⁸
3115 3747 3174 3798 ὲν
3219 3747 3332 3808 τοῖς
3378 3745 3676 3817 τραύμασιν
3699 3742 3826 3799 αὐτοῦ.

2334 3833 2427 3888 καί
2467 3835 2685 3906 ἰάσηται
2709 3835 2874 3889 αὑτοῦ
2897 3836 2997 3898 τὰς
3017 3835 3251 3903 πληγὰς,
3273 3836 3368 3889 καὶ
3392 3835 3575 3890 λοιπὸν
3599 3839 3669 3898 εἱς
3683 3835 3826 3903 195::-

2335 3924 2436 3990 ζαν
2459 3925 2744 3996 βασιλικὴν
2765 3927 3024 3998 ἀπαγάγῃ
3048 3927 3231 3988 αὑτὸν.
3260 3931 3356 3982 καὶ
3379 3929 3573 4000 περιθῇ
3593 3929 3717 3996 αὐτῷ
3740 3943 3827 3994 πσρ-

2336 4015 2533 4084 φύραν,
2565 4015 2662 4069 καί⁵
2692 4017 2890 4088 ποιήσῃ
2913 4017 3073 4071 αὑτὸν
3099 4017 3322 4088 βασιλέα
3343 4035 3360 4050 ’
3394 4019 3568 4082 οὕτως
3598 4020 3681 4071 καί
3705 4016 3826 4074 66:6;

2336 4107 2558 4179 ἐποίησε
2582 4107 2660 4178 τῷ
2687 4109 2835 4177 γένει
2853 4109 2962 4163 τῶν
2997 4111 3097 4164 ἀνθ
3106 4110 3322 4178 ρώπων.
3346 4109 3669 4165 Ἀπέπλυνεν
3709 4108 3827 4161 aia}!

2335 4199 2648 4270 τραύματα,
2680 4201 2776 4255 καὶ
2808 4201 2996 4254 ἰάσατο
3027 4202 3246 4265 αὐτοὺς,
3277 4203 3373 4256 καὶ
3401 4204 3679 4274 εἰσήγαγεν
3701 4201 3760 4260 είς
3773 4197 3828 4247 τὶν

2337 4293 2660 4363 ἐπουράνιον
2689 4292 2975 4363 νυμφῶνα.
3005 4293 3165 4362 Μέγα
3191 4293 3287 4348 οῦν
3315 4296 3437 4348 ἐστι
3464 4295 3525 4347 τὸ
3552 4293 3737 4361 ἀξίωμα
3758 4287 3827 4340 τέν

2339 4383 2680 4452 Χριστιανῶν
2703 4421 2718 4444 ,
2774 4383 3045 4446 τοσοῦτον,
3095 4385 3171 4447 ὡς
3222 4384 3356 4454 μηδὲ
3400 4383 3694 4451 συγκρίνειν
3716 4380 3826 4447 ἔχειν.

653 4474 947 4528 lectionem
969 4475 1240 4529 excitetur
1264 4484 1321 4529 et
1357 4475 1696 4545 subripiatur
1720 4492 1750 4531 a
1786 4477 1989 4531 malitia
2012 4519 2026 4542 ,
2049 4478 2231 4547 perin-

2350 4475 2474 4529 Ἐἀν
2528 4473 2583 4528 δὲ
2619 4475 2958 4547 μετεωρισθῇ
3010 4477 3106 4530 καὶ
3159 4476 3340 4546 κλαπῇ
3391 4477 3498 4530 ὑπδ
3538 4476 3629 4546 τῆς
3676 4472 3827 4526 κακίας.

653 4563 723 4619 de
763 4573 870 4628 est,
901 4581 965 4619 ac
1004 4567 1048 4619 si
1076 4566 1148 4620 sit
1180 4566 1406 4631 civitas,
1433 4583 1558 4637 quae
1589 4567 1765 4622 muris
1787 4568 1966 4623 cincta
1993 4584 2102 4624 non
2128 4579 2232 4634 est,

655 4672 820 4727 quam
850 4657 1118 4712 invadunt
1154 4658 1402 4713 latrones
1422 4699 1438 4721 ,
1465 4674 1797 4729 quacunque
1839 4669 1993 4730 parte
2017 4661 2234 4725 volunt,

654 4749 808 4804 nulla
847 4747 1075 4804 omnino
1105 4764 1166 4804 re
1209 4750 1496 4821 impediti,
1539 4766 1771 4821 eamque
1807 4750 2088 4806 desertam
2112 4752 2239 4807 red-

654 4841 814 4902 dunt.
841 4858 905 4899 ac
927 4843 1184 4899 incendio
1214 4844 1560 4914 ﬂammisque
1585 4844 1844 4899 tradunt:
1871 4844 1950 4899 sic
1977 4843 2107 4899 dum
2133 4860 2235 4900 ne-

653 4936 814 5006 gligis
835 4945 888 4991 te
909 4936 1112 5006 ipsum,
1139 4945 1197 4992 et
1223 4935 1420 5007 frigide
1451 4935 1546 4989 tibi
1566 4935 1682 5006 ipse
1711 4937 1971 5004 attendis,
1995 4937 2237 4992 subeunt

655 5032 709 5078 te
731 5025 960 5094 spiritus
980 5026 1221 5091 malitiae,
1244 5035 1408 5097 atque
1435 5026 1748 5081 deformant
1775 5037 1940 5097 atque
1959 5027 2233 5082 desertam

653 5112 895 5166 reddunt
944 5123 1183 5168 mentem
1223 5121 1372 5169 tuam
1399 5154 1415 5181 ,
1451 5113 1830 5185 dispergentes
1871 5115 2236 5187 cogitationes

657 5209 780 5256 tuas
813 5201 869 5256 in
903 5202 1011 5259 hoc
1045 5205 1328 5260 saculum.

728 5291 964 5350 XLVIII.
1004 5295 1160 5350 Multi
1190 5296 1362 5360 enim,
1382 5296 1479 5366 qui
1499 5295 1645 5352 circa
1663 5308 2014 5353 externarum
2045 5313 2232 5355 rerum

625 5383 1084 5466 .inquisitionem
1133 5395 1418 5460 satagunt,
1453 5400 1512 5446 et
1538 5391 1819 5447 scientiam
1841 5392 2132 5457 excolunt,
2170 5407 2234 5447 ac

656 5493 849 5533 curam
876 5489 1024 5534 recte
1049 5480 1271 5536 vivendi
1302 5482 1529 5547 habent,
1570 5483 1719 5538 hunc
1764 5492 2024 5554 reputant
2049 5483 2233 5553 perfe-

659 5578 830 5637 ctum,
851 5586 968 5626 non
1009 5572 1366 5643 inspicientes
1397 5575 1453 5629 in
1485 5591 1582 5631 cor
1602 5615 1620 5640 ,
1655 5592 1762 5632 nec
1783 5575 2038 5630 videntes
2074 5575 2234 5630 mali-

662 5659 794 5714 tiam
813 5662 1050 5716 animam
1075 5661 1466 5718 involvenlcm.
1497 5663 1782 5735 Siquidem
1799 5681 1956 5721 mens
1980 5665 2230 5727 interior.

662 5751 873 5810 malitia
903 5761 1144 5816 scatens,
1178 5755 1393 5811 radices
1425 5757 1595 5812 mittit
1619 5757 1678 5813 in
1707 5757 1920 5830 reliqua
1945 5758 2190 5815 membra
2216 5775 2231 5812 :

2337 4565 2481 4620 ἔοικε
2503 4566 2730 4637 τοιούτῳ
2763 4567 2892 4633 τινὶ,
2923 4567 3111 4638 ὥσπερ
3137 4569 3230 4622 εὰν
3309 4567 3464 4627 πόλις
3491 4568 3562 4636 μή
3587 4567 3750 4634 ἔχουςα
3762 4563 3828 4609 τεὶ-

2336 4675 2451 4729 χος,
2487 4658 2584 4711 καὶ
2616 4659 2666 4711 οἰ
2688 4657 2882 4730 λῃσταὶ
2912 4659 3249 4728 εἰσέρχονται
3270 4657 3338 4712 δι’
3359 4659 3548 4728 αὑτῆς,
3570 4657 3677 4711 ὅθεν
3703 4653 3828 4705 θέλοι-

2339 4767 2412 4813 σι,
2437 4749 2511 4822 μὴ
2537 4749 2977 4819 ἐμποδιζόμενοι,
3005 4751 3102 4803 καὶ
3137 4751 3430 4821 ὲρημοῦσι,
3459 4751 3550 4803 καὶ
3579 4744 3829 4817 ἐμπυρίζου-

2337 4860 2425 4896 σιν
2468 4844 2674 4914 αὐτήφ
2730 4841 2903 4907 οὕτως
2935 4843 3261 4913 ἀμελοῦντὸς
3308 4859 3428 4907 σου,
3477 4847 3568 4896 καὶ
3621 4841 3685 4910 μὴ
3709 4831 3829 4901 ἐαυτῷ

2335 4933 2716 5005 προσέχοντος,
2750 4935 3157 5005 ὲπεισέρχονται
3209 4935 3280 4988 τά
3301 4934 3588 5004 πνεύματα
3615 4931 3696 5000 τῆς
3715 4943 3830 4990 ‘W'r

2339 5026 2480 5098 ρίας,
2510 5029 2604 5081 καὶ
2641 5027 2966 5094 ἀφανίζουσι
3001 5027 3096 5081 καὶ
3134 5026 3402 5098 ἐρημοῦσι
3444 5028 3536 5080 τὸν
3556 5023 3693 5080 νοῦν.
3717 5032 3830 5085 σιῡρσ

2338 5121 2588 5186 πίζοντες
2617 5125 2742 5185 τοὺς
2776 5121 3070 5192 λογισμοὺς
3103 5122 3183 5184 εἰς
3203 5120 3296 5174 τὸν
3322 5120 3499 5174 αἰῶνα
3520 5118 3708 5172 τοῦτον.

2407 5297 2550 5352 MH'.
2577 5295 2766 5352 Πολλοί
2787 5297 2897 5369 γάρ
2926 5300 3057 5371 περὶ
3077 5298 3146 5352 τά
3170 5297 3369 5365 ἔξωθεν
3391 5294 3748 5370 ήκριϐωμένοι.
3769 5285 3834 5338 καὶ

2338 5390 2651 5462 ἐπιστήμην
2679 5391 2996 5456 ἀσκοῦντες,
3019 5391 3116 5444 καὶ
3140 5390 3254 5460 βίου
3274 5389 3436 5462 ὀρθοῦ
3467 5384 3831 5456 ὲπιμελούμινκ.

2337 5481 2529 5536 τοῦτον
2555 5480 2868 5552 νομίζουσιν
2899 5477 3038 5536 εἶναι
3063 5482 3287 5547 τέλειον,
3318 5482 3392 5553 μή
3416 5479 3742 5550 ἑγκῦπτοντςι
3777 5469 3832 5528 εἰς

2335 5575 2436 5646 τὴν
2469 5573 2717 5644 καρδίαν,
2741 5575 2835 5628 καὶ
2862 5574 3097 5644 ὁρῶντες
3114 5575 3184 5629 τά
3205 5577 3322 5628 ἐκεῖ
3346 5574 3627 5643 συνέχοντα
3654 5569 3735 5635 τὴν
3760 5561 3832 5630 ᾧτ’

2341 5664 2443 5734 χὴν
2470 5663 2638 5719 κακά.
2681 5664 2900 5735 Ἐπειδὴ
2930 5664 3072 5718 κατά
3121 5665 3213 5718 τὸν
3263 5665 3362 5734 τῆς
3393 5663 3587 5724 κακίας
3632 5655 3835 5720 “dm?”

2337 5755 2482 5822 νοῦν,
2518 5755 2642 5826 ῥίζα
2672 5754 2821 5811 ἐστὶν
2849 5757 2908 5812 ὲν
2936 5758 3048 5820 τοῖς
3075 5756 3322 5828 μέλεσιν·
3345 5757 3440 5811 καί
3462 5757 3492 5810 6
3517 5750 3700 5826 λῃστὴς
3721 5746 3766 5797 ἓν
3786 5739 3830 5806 τῇ
