3966 6548
78 337 178 400 €09

1262 326 1628 390 HOMILIE.
1644 348 1713 359 --
1733 322 1919 382 ΙΙΟΜ.
1962 325 2081 385 XV.

3203 321 3309 385 610

76 450 215 518 οἰκία
259 444 393 505 ἐστὶ.
454 443 731 495 τουτέστιν
760 444 792 511 ἠ
824 441 1039 495 ἐναντία
1062 441 1311 510 δύναμις.
1355 440 1634 491 Ἀντιστα-

1749 443 1790 487 ει
1820 435 1958 489 latro
1980 476 1995 499 ,
2030 435 2134 489 hoc
2165 444 2288 498 est,
2321 433 2637 490 adversaria
2668 438 2931 502 potestas,
2958 432 3181 487 domum
3220 436 3307 490 in-

76 540 194 607 τικὴ
221 536 312 590 οῦν
344 535 438 589 καὶ
468 534 629 605 νοερά
656 536 802 587 ἐστι·
838 538 931 587 καὶ
959 536 1053 587 ἐὰν
1103 534 1177 603 μή
1207 550 1289 596 τις
1340 532 1405 601 θῇ
1443 528 1629 597 ἀγῶνα

76 631 209 683 κατά
230 631 325 699 τῆς
353 629 647 698 ἁμαρτίας,
683 626 825 679 κατά
856 627 1021 697 μέρος
1055 624 1431 694 ύπεκχεομένη
1460 624 1494 691 ἠ
1525 620 1633 673 ἔσω

75 722 240 775 κακία
276 721 365 774 διὲ
392 719 483 771 τὸν
512 719 868 789 πλεονασμὸν,
922 720 1077 789 φέρει
1110 718 1201 770 τὸν
1241 716 1527 785 ἄνθρωπον
1553 716 1633 776 εἰς

74 817 306 885 φανερὰς
335 813 631 883 ἁμαρτίας,
661 813 753 865 ἐπὶ
775 812 834 864 τὸ
863 810 1297 881 κατεργάζεσθαι
1336 807 1527 887 αὑτάς.
1560 806 1636 857 Τὸ

73 904 176 975 γὰρ
225 906 392 957 κακὸν
451 904 639 974 ὥσπερ
692 904 872 973 πηγῆς
911 902 1185 973 ὀφθαλμός
1233 904 1346 954 ἐστι
1403 899 1635 951 πάντοτε

74 998 269 1068 βρύων.
306 999 415 1050 Καὶ
438 998 503 1049 σὺ
535 992 627 1049 οὖν
647 996 794 1063 γίνου
822 997 915 1047 ἐπὶ
940 996 999 1048 τὸ
1021 996 1263 1063 ἐπισχεῖν
1286 994 1353 1044 τὸ.
1384 989 1636 1063 ῥεύματα

71 1090 165 1155 τῆς
200 1090 427 1151 κακίας,
468 1090 552 1142 ῐνα
602 1092 676 1160 μὴ
727 1093 808 1152 εἰς
840 1087 1012 1158 μυρία
1046 1088 1193 1138 κακά
1249 1084 1538 1154 ἐμπίπτων
1561 1082 1637 1146 ὡς

72 1182 442 1251 θαμϐούμενος
592 1185 686 1236 Ὃν
708 1182 907 1252 τρόπον
936 1182 1030 1232 ἐὰν
1122 1195 1207 1242 τις
1244 1177 1471 1248 εὐγενὴς
1501 1177 1638 1247 ἀμέ-

70 1292 253 1345 ριμνος
278 1276 531 1338 πλούσιος
554 1292 568 1306 ’
594 1280 687 1328 καὶ
714 1273 900 1326 τοῦτον
923 1275 970 1325 οἱ
990 1272 1226 1325 διάκονοι
1256 1270 1349 1323 τοῦ
1378 1270 1637 1339 ἄρχοντος

69 1369 161 1418 καὶ
198 1369 245 1419 oi
278 1368 544 1433 ταξεῶται
593 1368 932 1437 ἁρπάσωσιν,
991 1364 1354 1433 ἀποφέροντες
1382 1360 1519 1432 πρὸς
1547 1361 1637 1413 αὖ·

66 1458 176 1521 τὸν,
210 1458 478 1525 λέγοντες,
504 1460 585 1512 ὅτι
609 1458 1021 1528 κατηγορήθης
1043 1456 1141 1509 ἐπὶ
1165 1454 1517 1524 ἐγκλήματι,
1539 1451 1639 1504 καὶ

66 1546 298 1613 θανάτῳ
326 1550 657 1602 ὑπόκεισαι.
687 1549 887 1601 Λοιπὸν
911 1550 976 1600 ὲκ
997 1548 1096 1616 τῆς
1126 1547 1314 1615 φήμης
1337 1543 1430 1597 τοῦ
1470 1542 1636 1610 φόϐου

64 1638 329 1693 ἀπόλεσεν
359 1640 525 1693 αὐτοῦ
562 1642 741 1703 πασας
768 1641 868 1703 τὰς
921 1640 1278 1709 ἐνθυμήσεις,
1315 1636 1409 1689 καὶ
1450 1635 1637 1703 ὥσπερ

62 1730 310 1801 τεθαμϐη
320 1732 481 1801 μένος
516 1733 684 1786 ἐστίν.

131 1898 266 1951 MG'.
306 1898 683 1967 ’Υπολάμϐανε
703 1898 795 1952 οῦν
819 1899 992 1963 οῦτως
1028 1902 1120 1953 καὶ
1164 1902 1294 1972 περὶ
1338 1904 1447 1956 τῶν
1476 1921 1641 1955 πνευ-

65 1988 255 2058 μάτων
281 1990 378 2058 τῆς
401 1991 687 2060 πονηρίας.
738 1990 794 2043 '0
820 1989 928 2060 γὰρ
956 1992 1279 2061 φαινόμενος
1299 1992 1499 2062 κόσμος
1533 1992 1640 2045 ἀπὸ

64 2081 332 2151 βασιλέων
357 2081 462 2142 ἓως
493 2082 742 2151 πτωχῶν,
772 2082 830 2133 ὲν
855 2082 1070 2153 θορύϐῳ
1118 2086 1245 2147 εἰσὶ,
1284 2085 1377 2136 καὶ
1426 2086 1633 2137 ἀκατα-

63 2175 289 2244 στασία,
317 2176 403 2227 καὶ
432 2172 597 2244 μάχῃ,
628 2176 723 2227 καὶ
750 2176 924 2238 οὐδεὶς
953 2175 1133 2227 αὐτῶν
1154 2172 1259 2229 οἶδε
1294 2180 1392 2246 τὴν
1422 2178 1601 2230 αἰτίαν
1625 2196 1636 2206 ·

60 2270 239 2337 ἤγουν
260 2267 575 2336 φαινόμενον
603 2268 663 2320 τὸ
689 2270 878 2332 κακὸν,
925 2269 985 2321 τὸ
1019 2269 1375 2340 παρεισελθὸν
1423 2269 1512 2323 διὰ
1539 2270 1640 2338 τῆς

59 2359 351 2427 παρακοῆς
378 2358 471 2410 τοῦ
512 2358 705 2428 Ἀδὰμ,
752 2360 812 2411 τὸ
845 2360 1068 2426 κέντρον
1125 2360 1219 2413 τοῦ
1278 2359 1528 2414 θανάτου.
1578 2361 1641 2412 Ἡ

59 2451 169 2521 γὰρ
196 2450 442 2520 ἁμαρτία
467 2452 499 2520 ἡ
530 2450 892 2520 παρελθοῦσα,
926 2451 1155 2521 δύναμίς
1184 2470 1266 2515 τις
1296 2449 1429 2506 οῦσα
1450 2452 1642 2522 λογικὴ

61 2543 154 2595 τοῦ
196 2545 435 2609 Σατανᾶ,
468 2545 559 2597 καὶ
580 2544 760 2608 οὐσία,
815 2545 1097 2613 ἐνέσπειρε
1147 2546 1216 2598 τὰ
1251 2548 1397 2599 κακά
1428 2548 1603 2600 πάντα
1626 2564 1640 2577 ·

57 2636 259 2704 ἐπειδὴ
289 2635 594 2705 λεληθότως
626 2637 705 2699 εἰς
727 2637 817 2688 τὸν
846 2635 953 2689 ἔσω
998 2636 1285 2707 ἄνθρωπον
1318 2638 1415 2691 καὶ
1450 2641 1526 2702 είς
1554 2639 1644 2691 τὸν

57 2727 186 2780 νοῦν
223 2730 459 2797 ἐνεργεῖ,
494 2729 587 2780 καὶ
620 2729 851 2798 μάχεται
880 2731 993 2791 τοῖς
1020 2729 1320 2800 λογισμοῖς.
1358 2732 1473 2784 Οὐκ
1497 2732 1642 2783 ἴσασι

51 2821 115 2872 δὲ
152 2822 200 2872 οἱ
248 2820 551 2889 ἄνθρωποι,
587 2821 669 2873 ὅτι
716 2820 821 2872 ἀπὸ
851 2821 1136 2891 ἀλλοτρίας
1170 2823 1314 2885 τινὸς
1362 2823 1643 2892 δυνάμεως

54 2913 419 2981 ἐλαυνόμενοι
452 2912 623 2965 ταῦτα
663 2916 1017 2984 πράττουσιν,
1057 2914 1191 2968 ἀλλά
1232 2914 1511 2986 νομίζουσι
1545 2935 1645 2985 φυ-

53 3008 195 3058 σικὰ
226 3004 405 3059 ταῦτα
439 3001 599 3069 εἶναι,
631 3007 723 3059 καὶ
775 3007 884 3059 ἀπὸ
944 3006 1079 3069 ἰδίας
1110 3009 1425 3078 φρονήσεως
1470 3010 1643 3062 ταῦτα

52 3101 263 3150 ποιεῖν.
316 3102 381 3151 Οἱ
413 3099 470 3151 δὲ
520 3100 618 3169 τὴν
667 3101 891 3171 εἰρήνην
942 3100 1034 3153 τοῦ
1083 3102 1321 3171 Χριστοῦ
1344 3101 1557 3172 ἔχοντες
1585 3104 1643 3155 ἐν

50 3189 213 3260 αύτῷ
244 3189 323 3259 τῷ
353 3190 448 3260 νῷ,
471 3190 565 3243 καὶ
599 3191 687 3242 τὸν
736 3192 1017 3260 φωτισμὸν
1058 3192 1244 3258 αὑτοῦ,
1278 3188 1423 3246 ἴσασι
1478 3196 1643 3247 πόθεν

47 3282 239 3336 ταῦτα
272 3287 520 3337 κινεῖται.

129 3376 222 3428 Ν.
255 3377 461 3444 Πάσχει
506 3376 615 3444 γὰρ
646 3378 674 3429 ὁ
702 3376 905 3446 κόσμος
953 3377 1123 3440 πάθος
1172 3378 1393 3443 κακίας,
1424 3377 1518 3432 καὶ
1547 3380 1645 3431 οὐκ

51 3466 204 3523 οἶδε.
256 3470 366 3522 Καὶ
410 3469 527 3522 ἔστι
588 3469 701 3540 πῦρ
754 3470 1085 3541 ἀκάθαρτον,
1132 3471 1268 3541 ὅπερ
1294 3470 1523 3524 ἀνάπτει
1548 3472 1648 3543 τὴν

58 3561 328 3632 καρδίαν,
353 3562 442 3615 καὶ⁵
468 3560 610 3615 οὕτω
638 3561 911 3631 διατρέχει
937 3563 1033 3616 ὅλα
1067 3562 1133 3617 τὰ
1175 3565 1333 3635 μέλη,
1387 3564 1484 3617 καὶ
1513 3582 1647 3635 προ-

47 3656 332 3723 τρέπεται
371 3655 493 3717 τοὺς
537 3653 857 3723 ἀνθρώπους
887 3656 966 3718 είς
989 3656 1299 3725 ἀσελγείας,
1336 3658 1429 3710 καὶ
1479 3656 1649 3728 μυρία

38 3746 238 3801 κακά.
269 3748 327 3797 Οί
361 3742 454 3799 οῦν
492 3748 952 3818 γαργαλιζόμενοι
1003 3747 1099 3801 καὶ
1145 3747 1518 3818 συνηδόμενοι,
1564 3749 1649 3801 ἒν-

39 3839 141 3889 Sov
185 3842 247 3889 ἐν
268 3841 335 3907 τῇ
372 3839 570 3908 καρδίᾳ
598 3837 907 3891 ἐπιτελοῦσι
932 3841 1031 3905 τὴν
1049 3840 1329 3908 πορνείαν,
1358 3841 1452 3892 καὶ
1474 3839 1647 3903 οὕτως

39 3932 372 3999 ,νεμομένου
391 3932 485 3984 τοῦ
519 3932 712 3997 κακοῦ,
746 3936 1153 3985 καταπίπτουσι
1183 3931 1279 3985 καὶ
1298 3933 1379 3993 εἰς
1408 3932 1647 4002 φανερὰν

41 4025 352 4091 τορνείαν.
393 4024 468 4076 Τὸ
498 4025 631 4077 αὐτὸ
660 4025 770 4077 νόει
794 4026 889 4077 καὶ
937 4024 1068 4093 περὶ
1118 4023 1215 4093 τῆς
1260 4023 1647 4092 φιλαργυρίας,

42 4117 398 4181 εενοδοξίας,
440 4120 632 4184 τύφου,
670 4117 855 4186 ζήλου,
894 4116 1088 4186 θυμοῦ.
1128 4116 1337 4186 Ὥσπερ
1384 4117 1509 4167 ὅταν
1567 4131 1651 4177 τις

42 4209 239 4278 ιληοῇ
288 4210 371 4271 εἰς
420 4208 675 4277 ἄριστον,
726 4209 819 4260 καὶ
862 4207 1141 4277 παρατεθῇ
1192 4207 1341 4276 αύτῷ
1379 4206 1651 4275 ἐδέσματα

43 4300 242 4357 ξολ)υὰ
269 4340 289 4363 ,
350 4298 539 4351 λοιπὸν
568 4302 601 4371 η
635 4300 879 4370 ἁμαρτία
909 4299 1199 4352 ὑποϐάλλει
1235 4300 1452 4353 πάντων
1513 4298 1653 4366 ἀψα-

44 4395 200 4445 Θαι·
243 4392 347 4445 καὶ
375 4391 548 4454 οὕτως
573 4394 605 4461 ὴ
630 4392 775 4462 ψυχὴ
800 4393 1133 4463 συνηδομένη
1168 4390 1478 4461 βαρύνεται.
1509 4392 1648 4460 Ὄρη

1730 540 1952 595 gressus
1985 534 2091 581 est.
2130 526 2416 582 Contraria
2449 527 2618 598 igitur
2652 535 2894 596 potestas
2932 526 3099 580 etiam
3141 527 3308 582 intel-

1732 620 1983 675 lectualis
2020 629 2124 675 est.
2174 621 2241 675 Et
2279 620 2381 675 nisi
2420 620 2545 690 quis
2592 619 2795 673 bellum
2850 618 3000 673 ineat
3041 618 3311 675 adversus

1731 721 2040 783 peccatum,
2070 714 2333 784 paulatim
2358 713 2567 768 malitia
2598 713 2749 766 intus
2775 712 2972 777 latens,
3002 712 3175 767 cﬂ'usa
3197 729 3311 783 pra:

1734 803 1901 857 nimia
1920 806 2075 875 copia
2103 805 2329 859 abducit
2357 805 2634 858 hominem
2668 803 2734 856 ad
2768 803 3057 859 manifesta
3086 811 3312 874 peccata

1734 898 2153 952 committenda.
2204 898 2408 952 Malitia
2444 898 2591 952 enim
2636 897 2788 952 velut
2828 897 2996 951 fontis
3037 898 3315 968 scaturigo

1735 997 1821 1043 est
1850 988 2204 1058 undiquaque
2231 991 2559 1043 seaturiens.
2584 988 2666 1043 Tu
2694 988 2864 1059 igitur
2904 1004 3037 1043 cura
3075 989 3314 1059 diligen-

1737 1086 1850 1143 ter,
1883 1087 1945 1133 ut
1989 1080 2247 1134 cohibeas
2288 1073 2437 1133 rivus
2478 1080 2733 1143 malitire,
2771 1094 2843 1134 ne
2885 1079 3116 1133 infinitis
3159 1078 3316 1133 malis

1736 1170 1971 1224 obrutus
2002 1169 2155 1224 velut
2187 1168 2450 1222 attonitus
2481 1168 2701 1222 evadas.
2726 1168 3227 1234 Quemadmodum,
3269 1169 3315 1223 si

1738 1261 2009 1331 quispiam
2051 1260 2122 1314 sit
2161 1258 2386 1323 nobilis,
2428 1258 2545 1327 qui,
2580 1272 2712 1311 cura
2762 1258 2910 1311 omni
2956 1259 3203 1329 abjecta,
3260 1259 3317 1312 in

1739 1354 2015 1409 allluentia
2052 1368 2233 1408 rerum
2259 1352 2447 1416 vivat;
2481 1366 2645 1420 quem
2692 1350 2932 1404 ministri
2958 1351 3227 1421 principis
3258 1361 3316 1406 et

1738 1447 2084 1516 apparitores
2114 1444 2401 1513 abreptum
2421 1484 2435 1506 ,
2482 1442 2550 1496 ad
2592 1457 2720 1496 eum
2749 1442 3094 1512 protrahunt,
3124 1441 3317 1495 dicen-

1739 1548 1821 1594 tes
1860 1557 1872 1591 :
1908 1538 2195 1593 Accusatus
2220 1554 2271 1591 es
2298 1537 2358 1590 ob
2384 1537 2581 1589 crimen
2608 1534 2844 1604 aliquod,
2873 1552 2934 1588 ac
2956 1533 3174 1605 capitali
3193 1550 3319 1603 sup-

1740 1631 1894 1701 plicio
1936 1632 2196 1701 subjaccs.
2249 1628 2519 1684 Caeterum
2574 1628 2665 1682 ille
2704 1643 2818 1697 prae
2856 1636 3008 1681 metu
3056 1644 3125 1683 ex
3173 1628 3315 1682 fama

1740 1731 2045 1786 contracto,
2078 1722 2261 1792 perdit
2289 1735 2480 1777 omnes
2504 1720 2868 1791 cogitationes
2900 1735 3046 1787 suas,
3078 1738 3142 1777 ac
3167 1724 3316 1778 velut

1673 1794 1713 1847 Β
1742 1813 1975 1867 attonito
2006 1822 2233 1882 stupore
2267 1822 2449 1881 pavet.

1812 1905 2000 1958 XLIX.
2038 1905 2301 1959 Eamdem
2332 1906 2499 1968 igitur
2520 1906 2854 1959 sententiam
2884 1921 3105 1975 quoque
3128 1908 3317 1961 conci-

1740 1998 1861 2066 pias
1880 1998 1947 2051 de
1969 1998 2256 2067 spiritibus
2282 1998 2522 2052 malitiae.
2552 1998 2789 2052 Mundus
2813 1996 2960 2052 enim
2985 1998 3319 2067 conspicuus

1741 2106 1771 2143 a
1815 2091 2036 2159 regibus
2069 2091 2135 2144 ad
2164 2090 2381 2145 inﬁmos
2410 2092 2466 2145 in
2501 2092 2772 2154 tumultu,
2808 2090 3223 2161 perturbatione
3256 2107 3319 2145 ac

1741 2198 1920 2253 pugna
1949 2184 2283 2238 constitutus
2306 2192 2411 2245 est,
2438 2199 2540 2238 nec
2571 2184 2715 2239 ullus
2734 2183 2952 2238 illorum
2970 2198 3187 2238 causam
3214 2200 3319 2238 no-

1741 2276 1863 2331 vit:
1899 2276 2157 2330 nimirum
2198 2286 2447 2347 apertum
2497 2277 2698 2331 malum
2724 2317 2739 2341 ,
2779 2276 2925 2346 quod
2965 2276 3137 2331 subiit
3185 2292 3319 2346 pro-

1741 2376 1864 2438 pter
1906 2367 2335 2422 inohedientiam
2367 2368 2494 2422 Adae
2519 2408 2533 2430 ,
2582 2378 2638 2422 et
2682 2368 2939 2423 stimulus
2982 2376 3067 2423 est
3102 2370 3318 2423 mortis.

1742 2459 2030 2513 Peccatum
2054 2458 2200 2511 enim
2229 2458 2377 2527 quod
2402 2458 2592 2524 subiit,
2634 2472 2759 2512 cum
2791 2457 2863 2511 sit
2896 2458 3137 2527 potentia
3167 2473 3319 2528 quae-

1742 2552 1866 2606 dam
1897 2562 1954 2606 et
1974 2551 2281 2606 substantia
2310 2550 2594 2604 rationalis
2625 2548 2862 2614 Satanae,
2904 2552 3104 2604 insevit
3133 2551 3320 2605 omnia

1742 2646 1903 2698 mala.
1928 2644 2210 2715 Siquidem
2235 2644 2449 2698 occulte
2477 2651 2535 2697 et
2576 2643 2814 2697 latenter
2849 2644 2905 2696 in
2937 2643 3189 2697 interiori
3224 2645 3323 2698 ho-

1742 2739 1890 2791 mine
1926 2750 1990 2790 ac
2029 2743 2211 2789 mente
2255 2743 2538 2806 operatur,
2576 2743 2741 2803 atque
2780 2734 3206 2803 cogitationibus
3230 2750 3321 2789 re-

1743 2838 1967 2897 pugnat.
1994 2827 2258 2882 Nesciunt
2285 2836 2469 2880 tamen
2491 2826 2763 2890 homines,
2790 2826 2935 2894 quod
2970 2826 3147 2881 aliena
3180 2842 3320 2896 qua-

1744 2920 1867 2973 dam
1894 2920 1943 2972 vi
1976 2919 2198 2989 impulsi
2235 2918 2352 2973 base
2390 2925 2573 2988 agant,
2603 2917 2699 2972 sed
2728 2927 2923 2987 putant
2944 2918 3062 2972 haec
3082 2933 3203 2973 esse
3228 2935 3324 2973 na-

1746 3014 1964 3075 turalia,
1997 3022 2053 3067 et
2082 3011 2304 3081 prepria
2337 3010 2588 3081 quaedam
2628 3011 2798 3064 animi
2828 3010 3231 3065 deliberatione
3265 3025 3326 3067 se

1744 3106 1861 3160 hazc
1898 3120 2080 3176 agere.
2120 3104 2223 3170 Qui
2254 3118 2387 3158 vero
2409 3103 2615 3159 Christi
2652 3119 2844 3172 pacem
2870 3103 3076 3158 habent
3117 3106 3173 3156 in
3209 3103 3326 3157 ani-

1747 3214 1837 3253 mo
1866 3197 2004 3267 ipso,
2036 3206 2093 3252 et
2124 3197 2192 3251 ab
2214 3211 2280 3251 eo
2311 3204 2439 3252 sunt
2469 3195 2759 3251 illuminati
2779 3237 2795 3261 ,
2837 3195 2915 3249 illi
2947 3204 3151 3250 norunt
3174 3194 3322 3250 unde

1748 3291 1864 3344 hac
1890 3290 2161 3343 oriantur.

1816 3381 1880 3435 L.
1916 3381 2162 3435 Sustinet
2190 3382 2339 3435 enim
2366 3380 2609 3435 mundus
2641 3380 2961 3435 aﬂ‘cctiones
2986 3381 3237 3446 vitiosas,
3267 3390 3324 3436 et

1745 3476 1850 3546 67
1874 3475 1927 3530 id
1953 3474 2131 3529 nescit
2155 3492 2169 3527 :
2194 3489 2317 3543 qua:
2343 3474 2566 3543 quidem
2585 3483 2715 3527 sunt
2754 3473 2897 3544 ignis
2931 3473 3203 3543 impurus.
3226 3474 3323 3544 qui

1749 3566 2000 3622 accendit
2020 3582 2137 3632 cor,
2164 3576 2221 3622 et
2244 3566 2499 3636 pervadit
2524 3567 2716 3620 omnia
2750 3548 3017 3627 membra,
3047 3574 3211 3634 atque
3238 3567 3327 3619 in-

1748 3661 1884 3717 citat
1908 3660 2160 3714 homines
2188 3659 2257 3713 ad
2278 3658 2540 3714 libidines
2559 3666 2615 3712 et
2652 3658 2865 3711 inﬁnita
2889 3658 3051 3711 mala.
3081 3657 3325 3723 Quicun-

1749 3768 1855 3822 que
1890 3751 2058 3822 igitur
2084 3750 2411 3815 titillantur,
2441 3759 2497 3803 et
2534 3748 2810 3817 voluptate
2846 3747 3155 3801 alliciuntur
3182 3787 3196 3809 ,
3240 3748 3327 3801 in-

1752 3857 1840 3901 tus
1872 3845 1929 3899 in
1967 3844 2137 3899 corde
2175 3842 2598 3897 fornicationem
2640 3840 3015 3903 committunt,
3050 3848 3215 3909 atque
3248 3839 3327 3893 sic

1750 3936 2011 4008 paulatim
2038 3977 2053 3999 ,
2087 3936 2217 3991 dum
2257 3935 2472 3989 fovetur
2499 3934 2723 3998 malum,
2762 3931 3014 3986 incidunt
3046 3931 3102 3985 in
3146 3930 3326 3984 mani—

1749 4031 1952 4085 festum
1989 4039 2261 4098 stuprum.
2296 4026 2447 4081 Idem
2484 4025 2692 4081 sentias
2722 4040 2942 4094 quoque
2971 4023 3041 4077 de
3070 4024 3323 4091 avay'tia,

1751 4137 1891 4175 vana
1917 4120 2117 4190 gloria,
2156 4118 2297 4191 fastu
2319 4159 2334 4182 ,
2365 4116 2713 4171 aemulatione
2748 4124 2805 4169 et
2846 4114 2948 4167 ira.
2995 4112 3229 4168 Perinde
3262 4127 3327 4167 ac

1752 4215 1797 4269 si
1820 4209 2037 4283 quis’ad
2061 4211 2354 4283 prandium
2381 4194 2549 4264 fuerit
2582 4217 2832 4271 vocatus,
2863 4209 2949 4261 cui
2983 4215 3328 4276 apponantur

1750 4308 1900 4360 varia
1928 4306 2179 4359 ciborum
2202 4319 2402 4375 genera
2423 4320 2437 4369 ;
2457 4310 2574 4357 tum
2590 4316 2722 4354 vero
2740 4307 3023 4369 peccatum
3046 4297 3327 4367 suggerit,

1754 4409 1816 4455 ut
1849 4400 2037 4455 omnia
2062 4398 2317 4469 degustet
2342 4414 2356 4450 :
2394 4396 2476 4451 sic
2499 4408 2723 4464 quoque
2752 4392 2933 4446 anima
2963 4388 3329 4444 delectatione

46 4490 136 4556 ,ἂρ
182 4484 597 4538 δυσϐάστακτά
630 4489 745 4539 ἐστι
776 4486 845 4539 τὰ
876 4486 1046 4555 πάθη,
1078 4480 1152 4538 ὧν
1187 4488 1245 4539 ὲν
1278 4486 1429 4556 μέσῳ
1477 4502 1643 4538 ποτα-

1754 4502 1913 4562 capta
1948 4500 2230 4546 oneratur.
2261 4489 2472 4544 Montes
2500 4487 2649 4543 enim
2682 4483 2990 4540 diﬂicillimi
3032 4493 3161 4537 sunt
3198 4482 3329 4536 atl‘e-

46 4579 119 4629 ῇὶ
192 4575 531 4645 δρακόντων
574 4577 669 4627 καὶ
726 4576 947 4629 ἰοϐόλων
996 4577 1198 4647 θηρίων
1250 4579 1344 4631 καὶ
1380 4578 1645 4646 ἑρπετῶν

54 4686 257 4737 ειπερ
300 4669 395 4721 ἐὰν
480 4669 662 4738 κῆτος,
692 4670 785 4722 καὶ
816 4669 1057 4741 καταπίῃ
1076 4670 1167 4722 τὸν
1191 4669 1475 4740 ἄνθρωπον
1503 4671 1561 4722 ἐν
1584 4672 1648 4740 τῇ

47 4764 245 4833 uiti;
269 4778 289 4791 ⁶
318 4760 462 4813 οὕτω
494 4763 587 4814 καὶ
618 4763 651 4831 ἡ
680 4763 925 4831 ἁμαρτία
978 4762 1265 4815 καταπίνει
1309 4763 1409 4825 τὰς
1451 4762 1650 4832 ψυχάς.

48 4860 271 4923 [ἆγες
310 4854 482 4923 πυρός
504 4856 611 4904 εἰσι
643 4854 1058 4916 κατακαίουσαι,
1092 4854 1185 4906 καὶ
1235 4853 1361 4923 βέλη
1390 4870 1652 4924 πεπυρω-

48 4951 177 5003 ξνα
218 4946 338 4997 τοῦ
397 4944 655 5015 πονηροῦ.
698 4947 863 5011 Λέγει
893 4948 999 5016 γὰρ
1041 4949 1069 5000 ό
1112 4947 1449 5010 ’Δπόστολος,
1497 4948 1651 5014 Πρὸς

50 5068 51 5077 ι
108 5035 517 5104 δυνηθῆναι
551 5036 706 5104 ὑμᾶς
740 5039 811 5091 τὰ
833 5040 989 5105 ,ϐέλη
1022 5038 1126 5093 τοῦ
1156 5039 1423 5106 πονηροῦ
1450 5040 1521 5092 τὰ
1551 5056 1654 5091 πε-

50 5131 401 5205 ,’ρωιιένα
422 5130 659 5185 σϐέσαι.
704 5132 978 5203 Ἐνεμήθη
1001 5132 1109 5204 γὰρ
1140 5134 1202 5185 τὸ
1228 5133 1415 5198 κακὸν,
1446 5134 1542 5185 καὶ
1565 5150 1656 5185 τε-

53 5223 409 5296 μελίωται
445 5221 575 5291 περὶ
602 5221 701 5291 τὴν
732 5222 930 5292 ψυχήν.

52 5319 271 5374 NA’.
306 5314 369 5367 Οἱ
403 5313 460 5366 δὲ
492 5313 769 5383 φρόνιμοι,
804 5314 932 5367 ὅταν
961 5315 1237 5384 ἐπαναστῇ
1269 5314 1337 5367 τὰ
1370 5312 1537 5382 πάθη,
1559 5314 1655 5382 οὐχ

51 5406 471 5469 εαικούουσιν,
536 5405 651 5457 ἀλλ’
710 5406 1019 5477 ὀργίζονται
1068 5408 1185 5469 ταῖς
1219 5408 1416 5467 κακαῖς
1475 5406 1658 5458 ἐπιου-

53 5520 227 5564 αις,
275 5499 380 5550 καὶ
408 5496 593 5568 ἐχθροὶ
616 5498 827 5551 ἑαυτῶν
852 5501 1148 5566 γίγνονται.
1196 5498 1254 5552 Ὀ
1278 5500 1385 5569 γὰρ
1414 5500 1657 5562 Σατανᾶς

54 5599 151 5650 λὺ
194 5590 384 5645 θέλει
414 5591 798 5661 ὲπαναπαῆναι
831 5594 897 5663 τῇ
927 5591 1096 5662 ψυχῇ,
1125 5591 1217 5645 καὶ¹
1247 5590 1655 5661 ἑφαπὶωθῆναι,

55 5786 123 5817 η
192 5773 450 5845 Ephes.
483 5788 557 5836 vr,
594 5772 681 5826 16.

408 5872 684 5933 ΡΑτιιοι..
732 5868 850 5928 Gn.
887 5868 1178 5929 XXXIV.

1754 4583 1967 4637 ctiones
2002 4580 2127 4643 illas,
2173 4592 2409 4649 quorum
2450 4577 2505 4631 in
2544 4575 2728 4631 medio
2755 4574 3061 4631 decurrunt
3102 4572 3329 4625 ﬂumina

1753 4673 2492 4741 draconum,venenosarum
2512 4667 2756 4722 ferarum
2782 4682 2846 4720 ac
2874 4665 3174 4735 reptilium.
3203 4664 3329 4717 Per-

1754 4765 1883 4819 inde
1927 4780 2056 4819 vero
2089 4780 2152 4819 ac
2190 4764 2237 4817 si
2274 4762 2480 4818 balaana
2517 4761 2795 4815 hominem
2838 4760 3067 4813 devoret
3104 4758 3157 4811 in
3192 4772 3323 4810 ven-

1753 4867 1916 4921 trem,
1946 4858 2027 4913 sic
2046 4872 2265 4927 quoque
2290 4864 2574 4925 peccatum
2600 4854 2858 4909 absorbet
2884 4854 3116 4905 animas.
3150 4852 3330 4906 Flam-

1761 4965 1861 5004 mze
1895 4958 2026 5004 sunt
2054 4948 2195 5019 ignis
2214 4948 2469 5002 ardentes
2490 4947 2593 5000 illa:
2618 4945 2960 5009 aﬂectiones,
2990 4952 3048 4998 et
3072 4945 3178 4997 tela
3204 4946 3329 4998 mali

1755 5041 1946 5111 ignita.
1982 5039 2167 5109 lnquit
2186 5038 2333 5093 enim
2354 5037 2679 5107 Apostolus:
2716 5035 2780 5090 Ut
2808 5035 3013 5104 possitis
3044 5050 3131 5087 vos
3155 5037 3336 5091 omnia

1760 5135 1865 5189 tela
1884 5133 2014 5188 mali
2036 5135 2201 5203 ignita
2226 5134 2557 5200 exstinguere
2584 5130 2668 5181 '5?
2692 5127 3091 5183 Foveturenim
3114 5128 3329 5191 vitium,

1761 5243 1824 5281 ac
1853 5226 2273 5280 fundamentum
2308 5224 2463 5294 ponit
2490 5223 2545 5276 in
2576 5221 2780 5275 anima.

1834 5320 1917 5374 Ll.
1951 5319 2257 5374 Prudentes
2286 5328 2469 5371 autem
2503 5312 2917 5383 insurgentibus
2946 5311 3333 5365 affectionibus

1763 5426 1872 5464 non
1896 5410 2296 5478 obtemperant,
2318 5406 2412 5462 sed
2436 5407 2569 5459 iram
2589 5403 2909 5472 concipiunt
2925 5401 3190 5455 adversus
3212 5413 3339 5467 pra-

1762 5518 1860 5556 vas
1888 5501 2237 5571 cupiditates,
2272 5508 2433 5568 atque
2455 5498 2640 5551 hostes
2666 5495 2751 5548 sui
2793 5492 3054 5547 evadunt.
3109 5489 3339 5545 Satanas

1764 5594 1912 5648 enim
1950 5592 2110 5648 valde
2159 5594 2311 5660 cupit
2348 5590 2405 5645 in
2440 5589 2621 5644 anima
2663 5584 3032 5657 requiescere,
3064 5597 3127 5639 ac
3155 5580 3342 5637 cubile

2944 5858 3025 5920 20
