3966 6504
609 282 709 348 611

1843 290 1903 348 S.
1946 286 2266 347 MACARII
2309 287 2627 348 KEGYI‘TII
3754 287 3841 351 ﬁl?

602 411 763 452 suum
788 395 1146 459 constituere,
1175 404 1228 450 et
1252 394 1507 465 allligitur
1536 412 1599 451 ac
1632 406 1936 467 torquetur,
1965 398 2189 467 quando

2304 403 2386 454 ιαῒ
2417 401 2656 455 θλίϐεται
2693 399 2787 452 καὶ
2812 400 3227 470 στενοχωρεῖται
3251 396 3326 469 μὴ
3365 396 3743 468 ῦπακουοὺσης
3763 400 3840 469 τῆς

602 506 711 543 non
742 490 1090 559 obtemperat
1142 490 1345 544 anima.
1403 490 1522 544 Non
1570 497 1753 544 tamen
1815 490 2036 556 desunt,
2086 491 2181 560 qui

601 581 788 635 divina
818 580 1025 636 virtute
1062 580 1442 645 continentur,
1470 580 1620 650 quia,
1655 595 1778 635 eum
1808 580 2033 635 videant
2057 597 2180 635 cum

602 674 833 729 muliere
860 674 1288 740 adolescentem,
1320 676 1449 730 licet
1490 674 1739 745 quaedam
1768 675 2032 746 cogitent,
2065 675 2184 729 illo-

602 784 724 822 rum
758 777 940 823 tamen
976 769 1193 823 animus
1211 782 1320 821 non
1354 766 1638 837 polluitur,
1670 783 1849 837 neque
1877 767 2027 823 intus
2060 783 2187 837 pec-

601 871 783 914 catum
812 860 1126 917 committit.
1172 860 1376 915 Verum
1416 859 1663 914 nondum
1713 859 1843 914 huic
1880 868 1965 915 est
2006 859 2185 914 fiden-

603 952 756 1005 dum.
802 952 942 1006 Sunt
990 967 1124 1007 vero
1176 951 1292 1016 alii,
1348 951 1406 1005 in
1473 951 1676 1020 quibus
1730 951 1905 1007 libido
1957 966 2187 1022 prorsus

602 1045 871 1099 exstincta
925 1053 1092 1113 atque
1128 1043 1365 1099 arefacta
1390 1054 1608 1099 cessat:
1666 1060 1859 1099 verum
1888 1044 1946 1097 lii
1985 1044 2186 1115 gradus

600 1143 730 1188 sunt
750 1150 1114 1190 summorum.
1138 1134 1614 1202 Quemadmodum
1639 1145 1823 1191 autem
1851 1146 2188 1192 mercatores

600 1225 737 1281 nudi
788 1226 845 1281 in
888 1226 1227 1298 profundum
1259 1228 1449 1292 maris,
1488 1244 1552 1283 ac
1609 1237 1843 1283 mortem
1890 1244 2049 1298 aquae
2089 1228 2187 1283 dc—

602 1317 901 1385 scendunt,
925 1327 987 1374 ut
1017 1319 1131 1374 illic
1158 1320 1431 1390 accipiant
1458 1321 1789 1391 margaritas
1835 1320 1901 1375 ad
1927 1336 2186 1375 coronam

604 1410 814 1481 regiam
840 1420 897 1467 et
944 1426 1250 1482 purpuram
1274 1413 1633 1480 commodas;
1678 1413 1759 1468 sic
1808 1429 2048 1483 quoque,
2093 1414 2187 1483 qui

604 1502 917 1557 solitariam
946 1504 1116 1557 vitam
1148 1512 1342 1574 agunt,
1378 1505 1512 1559 nudi
1541 1514 1747 1559 exeunt
1793 1504 2022 1569 mundo,
2051 1516 2107 1558 et
2132 1505 2188 1558 in

606 1596 949 1665 profundum
1018 1597 1186 1651 maris
1252 1596 1493 1663 malitiaz,
1563 1605 1729 1666 atque
1805 1597 1862 1652 in
1931 1598 2187 1669 abyssum

606 1688 960 1743 tenebrarum
1042 1687 1416 1743 descendunt:
1500 1704 1531 1744 e
1606 1705 1715 1759 qua
1808 1697 2036 1744 sumunt
2128 1704 2191 1743 ac

607 1790 892 1851 reportant
941 1782 1216 1851 pretiosos
1277 1782 1511 1852 lapides,
1577 1792 1735 1853 aptos
1797 1782 1864 1837 ad
1926 1797 2189 1837 coronam

604 1872 846 1939 Christi,
894 1874 963 1929 ad
1026 1873 1331 1929 Ecclesiam
1406 1875 1725 1939 cmlestem,
1788 1875 1858 1930 ad
1930 1875 2191 1930 smeulum

606 1981 835 2030 novum,
872 1966 939 2020 ad
967 1966 1247 2023 civitatem
1280 1966 1625 2037 splendidam
1685 1977 1743 2022 et
1785 1967 2050 2038 populum
2091 1984 2192 2023 an-

606 2056 859 2127 gelicum.

677 2149 790 2203 Lll.
827 2149 1062 2205 Perinde
1084 2166 1218 2206 vero
1280 2166 1344 2206 ac
1391 2150 1446 2205 in
1478 2153 1737 2222 segenam
1790 2153 1959 2207 multa
1991 2166 2192 2223 genera

608 2242 844 2312 piscium
882 2242 1158 2311 incidunt,
1192 2252 1249 2298 et
1279 2243 1463 2299 minus
1492 2245 1661 2300 utiles
1689 2246 1873 2301 denuo
1917 2246 2101 2300 statim
2137 2245 2193 2299 in

608 2348 761 2388 mare
794 2334 1196 2405 projiciuntur:
1232 2335 1313 2390 sic
1340 2351 1561 2405 quoque
1588 2351 1789 2406 sagena
1815 2336 2004 2407 gratia:
2026 2351 2195 2406 super

609 2443 803 2482 omnes
826 2443 1067 2497 expansa
1087 2436 1193 2494 est,
1231 2444 1295 2483 ac
1317 2429 1516 2499 quaerit
1547 2430 1815 2500 requiem.
1857 2430 2057 2486 Verum
2080 2444 2193 2483 non

610 2520 995 2590 obtemperant
1016 2521 1269 2575 homines
1295 2562 1301 2566 .
1328 2531 1617 2592 propterea
1640 2521 1824 2577 denuo
1860 2522 1916 2576 in
1942 2521 2190 2576 eamdem

610 2612 1046 2682 profunditatem
1129 2613 1487 2668 tenebrarum
1552 2615 1950 2685 conjiciuntur.
2009 2613 2192 2669 Veluti

610 2704 759 2759 enim
784 2719 981 2759 aurum
1022 2720 1054 2759 a
1101 2705 1325 2776 copiosa
1374 2722 1541 2762 arena
1598 2707 1836 2762 dilutum
1887 2706 2191 2773 invenitur,

612 2806 851 2869 suntque
901 2815 1069 2870 grana
1125 2800 1321 2871 exigua
1375 2801 1549 2855 instar
1600 2801 1775 2857 milii:
1842 2802 1924 2857 sic
1972 2815 2194 2872 quoque

611 2901 678 2940 ex
742 2888 931 2943 multis
984 2889 1146 2959 pauci
1203 2888 1618 2958 probabuntur.
1675 2891 1781 2959 Qui
1842 2891 1993 2946 enim
2038 2890 2194 2961 regni

611 2970 767 3049 opus
793 2980 1017 3047 habent,
1068 2982 1346 3038 manifesti
1378 2992 1527 3049 sunt,
1558 2992 1614 3039 et
1645 2985 1741 3055 qui
1789 2984 2019 3039 verbum
2076 2984 2195 3054 ejus

613 3083 905 3139 exornant,
927 3076 1214 3146 conspicui
1275 3088 1424 3133 sunt.
1450 3077 1655 3133 Eadem
1679 3078 1891 3134 ratione
1915 3077 2194 3133 manifesti

614 3174 767 3232 sunt,
830 3167 925 3237 qui
984 3168 1096 3223 sale
1148 3168 1362 3224 etelesti
1419 3180 1549 3225 sunt
1592 3171 1823 3240 conditi,
1863 3180 1919 3228 et
1975 3173 2070 3242 qui
2128 3188 2197 3228 ex

622 3259 901 3315 thesauris
960 3260 1197 3330 Spiritus
1246 3262 1571 3333 loquuntur.
1622 3266 1908 3336 Apparent
1954 3284 2104 3334 vasa,
2140 3270 2198 3324 in

618 3348 824 3419 quibus
846 3352 1235 3422 complacitum
1260 3364 1343 3410 est
1381 3356 1517 3423 Deo,
1558 3358 1876 3429 quibusque
1911 3376 2064 3415 suam
2091 3361 2200 3415 lar—

617 3442 766 3512 gitur
810 3444 1064 3515 gratiam.
1118 3445 1259 3501 Sunt
1308 3464 1530 3519 quoque
1569 3451 1688 3517 alii,
1741 3452 1834 3521 qui
1864 3454 2035 3507 multa
2074 3469 2197 3508 cum

617 3536 888 3607 patientia
964 3540 1245 3611 accipiunt
1322 3542 1584 3597 virtutem
1681 3544 2198 3611 sanctificatricem,

617 3640 785 3700 prout
817 3632 1083 3687 Dominus
1128 3633 1245 3687 vult
1287 3635 1504 3691 ratione
1546 3635 1867 3706 multiplici.
1916 3636 2021 3703 Qui
2070 3654 2201 3709 ergo

618 3723 886 3793 loquitur,
926 3725 1034 3780 nisi
1079 3724 1350 3797 dirigatur
1400 3742 1431 3781 a
1490 3729 1703 3783 omlesti
1751 3728 1960 3784 lumine
2007 3746 2071 3785 ac
2112 3746 2199 3785 sa-

619 3816 851 3885 pientia,
876 3816 1313 3889 uniuscujusque
1354 3830 1596 3876 mentem
1618 3819 1671 3873 in
1688 3819 1847 3882 plena
1871 3819 1977 3876 fide
1994 3824 2200 3877 consti-

619 3918 779 3963 tuere
840 3909 1072 3981 nequit;
1124 3910 1254 3981 quia
1316 3911 1470 3966 varia
1542 3921 1671 3967 sunt
1729 3913 2019 3969 hominum
2076 3916 2202 3970 vita:

620 4000 910 4066 instituta;
942 4000 1164 4071 quidam
1182 4002 1331 4058 enim
1354 4002 1522 4069 bello,
1547 4003 1641 4059 alii
1663 4020 1795 4060 vero
1818 4006 2007 4077 quieta
2029 4008 2203 4078 magis

621 4092 975 4147 delectantur
1010 4095 1143 4149 vita.

690 4185 828 4239 Llll.
860 4186 1096 4241 Perinde
1135 4202 1201 4241 ac
1233 4187 1326 4257 qui
1370 4188 1648 4245 civitatem
1697 4190 1815 4245 solo
1862 4202 2199 4262 cxatquatam

622 4276 833 4331 mdibus
883 4277 1109 4332 reficere
1146 4278 1301 4341 velit,
1350 4280 1614 4335 continuo
1646 4280 1861 4336 ruinam
1892 4298 1956 4337 ac
1989 4282 2204 4353 lapsum

625 4368 890 4422 minantia
924 4368 1157 4426 omnino
1184 4368 1374 4439 dejicit
1396 4386 1461 4425 ac
1495 4372 1756 4436 destruit,
1795 4373 1986 4443 sicque
2013 4373 2208 4444 incipit

2289 494 2486 565 ψυχῆς.
2516 494 2639 546 Εἰσὶ
2672 492 2731 545 δέ
2782 509 2929 555 τινες
2982 490 3348 561 κρατούμενοι
3380 491 3484 544 ὑπὸ
3527 490 3674 554 θείας
3705 490 3844 543 δυνά-

2288 603 2461 657 -μεως,
2497 586 2580 639 ὃτι
2611 584 2703 638 ἐὰν
2732 584 2883 637 ἴδωσί
2913 601 3035 637 τινα
3069 584 3209 653 μετὰ
3257 583 3515 652 γυναικὸς
3550 582 3696 646 νέον,
3724 578 3845 636 οὗτοι

2290 684 2338 735 εξ
2370 680 2462 733 καὶ
2490 677 2887 745 διαλογίζονταί
2921 692 3063 738 τινα,
3098 675 3249 744 ὅμως
3279 674 3341 727 οῦ
3390 673 3662 744 μιαίνεται
3694 675 3722 726 6
3746 675 3846 739 νοῦς

2289 775 2489 842 αὐτῶν,
2548 772 2672 826 οὔτε
2733 770 2972 825 ἐπιτελεῖ
3019 768 3166 822 ἔνδον
3212 767 3508 839 ἁμαρτίαν.
3552 765 3692 819 Ἀλλ’
3720 765 3849 819 οὕτω

2290 869 2407 923 ἐστὶ
2437 866 2514 937 τῷ
2544 864 2772 935 τοιούτῳ
2801 863 3094 934 θαρσῆσαι.
3127 861 3252 915 Εἰσὶ
3275 861 3330 914 δὲ
3361 860 3513 915 ἄλλοι
3542 859 3625 921 είς
3646 857 3739 921 οῦς
3778 875 3849 910 τε·

2289 944 2447 1026 λείως
2503 960 2799 1022 πέπαυται,
2840 958 2936 1010 καὶ
2984 955 3354 1025 κατεσϐέσθη,
3416 954 3513 1008 καὶ
3568 950 3848 1022 ἐξηράνθηε

2291 1054 2426 1108 ἀλλὰ
2454 1051 2523 1106 τά
2553 1051 2725 1122 μέτρα
2751 1050 2861 1103 τῶν
2898 1049 3148 1118 μεγάλων
3175 1048 3334 1101 είσίν.
3367 1046 3584 1113 Ὠσπερ
3609 1044 3668 1097 δὲ
3701 1045 3749 1094 οἱ
3774 1042 3852 1111 ἐμ.

2291 1166 2448 1218 ποροι
2478 1146 2681 1218 γυμνοὶ
2729 1144 3087 1217 κατέρχονται
3131 1143 3212 1205 είς
3270 1139 3432 1211 βυθὸν
3457 1138 3762 1206 θαλάσσης,
3792 1139 3853 1200 εἷς

2291 1242 2518 1295 θάνατον
2544 1238 2635 1293 τοῦ
2672 1238 2883 1301 ὓδατος,
2917 1236 3003 1290 ἴνα
3036 1236 3151 1288 ἐκεῖ
3178 1233 3381 1304 εῦρωσι
3418 1230 3769 1303 μαργαρίτας
3796 1233 3855 1293 είς

2294 1337 2559 1404 στέφανον
2592 1331 2879 1393 ποιοῦντας
2915 1328 3214 1400 βασιλικὸν,
3246 1327 3342 1379 καὶ
3363 1324 3685 1395 πορφύραν,
3711 1321 3855 1385 οὕτως

2291 1426 2387 1480 καὶ
2421 1427 2472 1479 οἱ
2506 1424 2854 1496 μονάζοντες,
2910 1421 3110 1490 γυμνοὶ
3164 1418 3479 1488 ἐξέρχονται
3513 1414 3612 1469 τοῦ
3649 1415 3854 1484 κόσμου.

2292 1519 2386 1574 καὶ
2414 1518 2770 1588 κατέρχονται
2792 1515 2873 1577 είς
2906 1512 3066 1584 βυθὸν
3098 1510 3374 1580 θαλάσσης
3403 1511 3502 1578 τῆς
3542 1508 3769 1569 κακίας,
3789 1509 3857 1559 καὶ

2292 1614 2370 1676 είς
2403 1614 2501 1683 τὴν
2534 1611 2768 1666 ἄϐυσσον
2814 1609 2909 1661 τοῦ
2942 1606 3187 1669 σκότους,
3222 1605 3317 1658 καὶ
3368 1604 3478 1657 άπὸ
3503 1602 3619 1656 τῶν
3677 1599 3859 1669 βαθέων

2291 1705 2631 1776 λαμϐάνουσι
2678 1701 2772 1756 καὶ
2827 1699 3160 1767 ἀναφέρουσι
3188 1697 3407 1766 τιμίους
3450 1694 3637 1756 λίθους
3670 1706 3860 1761 προχω-

2304 1798 2531 1869 ροῦντας
2562 1797 2641 1859 είς
2664 1795 2929 1862 στέφανον
2963 1791 3057 1845 τοῦ
3092 1787 3351 1861 Χριστοῦ,
3389 1788 3469 1847 είς
3507 1787 3613 1857 τὴν
3656 1786 3859 1854 Ἐκκλῃο

2303 1891 2423 1941 σίαν
2469 1888 2567 1958 τὴν
2624 1884 2969 1954 ἐπουράνιον,
3027 1884 3106 1945 είς
3135 1880 3308 1934 αίῶνα
3341 1880 3552 1942 καινὸν,
3604 1878 3705 1931 καὶ
3738 1878 3861 1929 πόλιν

2302 1978 2592 2047 φωτεινὴν,
2622 1976 2717 2029 καὶ
2743 1974 2915 2044 δῆμον
2939 1970 3250 2041 ἀγγελικόν.

2370 2162 2498 2216 NB’.
2522 2162 2734 2231 Ὥσπερ
2768 2161 2826 2213 ὲν
2853 2161 2919 2230 τῇ
2952 2158 3163 2227 σαγήνῃ
3191 2155 3360 2207 πολλὰ
3402 2153 3520 2219 εἴδη
3557 2150 3763 2222 ἰχθύων
3784 2152 3859 2217 ty.-

2302 2254 2514 2316 πίπτει,
2547 2253 2641 2306 καὶ
2668 2252 2736 2305 τὰ
2758 2250 3136 2321 ἀχρηστότερα
3164 2248 3327 2301 πάλιν
3352 2244 3559 2307 εὐθέως
3590 2244 3678 2305 είς
3700 2241 3859 2295 6:124:-

2302 2364 2403 2400 σαν
2436 2345 2740 2415 ῥίπτουσινο
2766 2343 2937 2406 οὕτως
2957 2342 3052 2395 καὶ
3079 2342 3112 2411 ἡ
3149 2340 3363 2409 σαγὴνη
3406 2337 3507 2406 τῆ,
3540 2335 3765 2407 χάριτος
3790 2336 3859 2400 ἐς-

2299 2431 2565 2489 απλοῦται
2588 2432 2680 2485 ἐπὶ
2708 2432 2934 2495 πάντας,
2974 2430 3069 2485 καὶ
3095 2431 3250 2501 ζητεῖ
3280 2428 3622 2483 ἀνάπαυσιν.
3825 2426 3861 2475 si

2299 2523 2576 2593 ἄνθρωποι
2597 2522 2695 2593 οὐχ
2725 2520 3061 2575 ὑπακούουσι
3084 2535 3100 2550 ·
3128 2519 3215 2573 διά
3243 2518 3401 2572 τοῦτο
3424 2517 3597 2572 πάλιν
3629 2517 3714 2579 εἰς
3732 2516 3861 2570 αὑτὸν

2299 2615 2390 2669 τὸν
2421 2614 2643 2686 βόθυνον
2702 2612 2797 2667 τοῦ
2854 2613 3079 2678 σκότους
3132 2612 3638 2685 καταρῤίπτονται.
3682 2612 3863 2677 Ὥσπερ

2299 2710 2408 2779 γὰρ
2432 2710 2460 2761 6
2490 2709 2691 2779 χρυσὸς
2732 2708 2841 2761 ἀπὸ
2890 2707 3094 2777 πολλῆς
3139 2708 3326 2779 ἄμμου
3360 2707 3715 2777 πλυνόμενος
3748 2707 3864 2773 εὕρεο

2301 2817 2512 2866 σκεται,
2561 2800 2655 2853 καὶ
2706 2800 2881 2853 ταῦτα
2916 2800 3175 2870 ἐλάχιστα
3228 2800 3306 2863 ὡς
3355 2799 3690 2871 κεγχρίδες·
3724 2797 3864 2857 οὕτως

2300 2894 2396 2947 καὶ
2431 2894 2539 2948 ἀπὸ
2588 2893 2799 2947 πολλῶν
2856 2893 3031 2961 ὀλίγοι
3074 2894 3183 2946 εἰσὶ
3236 2893 3471 2963 δόκιμοι.
3534 2893 3659 2945 Καὶ
3707 2892 3861 2959 γάροὶ

2301 2986 2516 3057 ἔχοντες
2550 2987 2610 3039 τὸ
2637 2986 2797 3059 ἔργον
2829 2989 2928 3058 τῆς
2950 2985 3249 3057 βασιλείας,
3282 2985 3513 3057 φανεροί
3545 2986 3686 3049 είσι,
3722 2985 3805 3037 καὶ
3829 2984 3864 3035 ιί

2303 3079 2633 3150 κοσμοῦντες
2680 3080 2772 3134 τὸν
2814 3080 2972 3148 λόγον
3002 3080 3173 3151 αὐτῆς
3224 3079 3527 3147 φαίνονται.
3574 3077 3864 3148 Ὀμοίωςόέ

2298 3174 2392 3227 καὶ
2418 3176 2465 3227 οί
2501 3174 2799 3245 ἠρτυμέναι
2829 3173 2906 3244 τῷ
2933 3174 3092 3228 ἅλατι
3122 3172 3200 3244 τῷ
3234 3173 3549 3245 ἐπουρανίῳ
3586 3173 3863 3241 φαίνονται.

2299 3266 2394 3319 καὶ
2419 3264 2469 3317 οἱ
2492 3267 2558 3319 ὲκ
2587 3265 2696 3319 τῶν
2727 3264 3019 3335 θησαυρῶν
3067 3262 3163 3318 τοῦ
3221 3264 3548 3335 Πνεῦματος
3582 3262 3863 3323 λαλοῦντες.

2298 3356 2551 3408 Φαίνεται
2599 3354 2667 3408 τὰ
2699 3354 2869 3425 σκεύη
2903 3356 2961 3407 έν
2982 3348 3064 3417 οἷς
3088 3357 3116 3408 6
3137 3353 3268 3418 Θεὸς
3315 3353 3550 3417 εὐδοκεῖ,
3588 3354 3689 3407 καὶ
3716 3353 3867 3405 δίδωτι

2299 3446 2399 3517 τὴν
2422 3445 2617 3501 ἑαυτοῦ
2648 3447 2841 3516 χάριν·
2876 3446 2970 3499 καὶ
3001 3448 3151 3501 ἄλλοι
3190 3447 3327 3518 μετὰ
3359 3447 3572 3517 πολλῆς
3619 3446 3867 3515 ὑπομονῇ

2301 3538 2545 3607 δέχονται
2576 3539 2676 3607 τὴν
2731 3539 3060 3609 ἁγιαστικὴν
3102 3537 3357 3608 δύναμιν,
3393 3539 3587 3602 καθὼς
3637 3542 3669 3592 ό
3698 3539 3867 3608 Κύριος

2302 3631 2446 3685 θέλει
2477 3631 2854 3702 πολυτρόπως.
2898 3633 2954 3686 '0
2983 3632 3076 3685 οῦν
3096 3631 3293 3701 λαλῶν,
3328 3634 3377 3685 εί
3407 3633 3485 3703 μὴ
3592 3633 3865 3703 ὁδηγούμε-

2302 3741 2391 3787 νος
2421 3724 2526 3777 ὑπὸ
2556 3724 2732 3794 φωτὸς
2752 3724 3004 3794 οὐρανίου
3031 3724 3129 3777 καὶ
3158 3724 3371 3793 σοφίας,
3397 3726 3460 3778 οῦ
3491 3726 3726 3778 δύναται
3757 3724 3865 3790 πλη-

2308 3818 2557 3887 ροφορεῖν
2589 3818 2682 3869 τὸν
2716 3819 2949 3872 ἑκάστου
2980 3817 3135 3885 νοῦν,
3188 3818 3380 3888 ἐπειδὴ
3423 3818 3630 3871 πολλαί
3663 3820 3793 3870 εἰςιν
3829 3818 3868 3867 αἱ

2306 3909 2678 3981 προαιρέσεις,
2710 3912 2767 3965 αἱ
2801 3912 2899 3982 μὲν
2923 3913 2981 3966 ἐν
3011 3910 3257 3983 πολέμῳ,
3289 3911 3445 3965 ἄλλαι
3472 3912 3533 3965 ὲν
3563 3911 3863 3965 ἀναπαύσει.

2379 4193 2505 4247 NF'.
2532 4192 2747 4263 Ὠσπερ
2777 4192 2906 4246 ὅταν
2991 4194 3339 4266 ὴρημωμένη
3366 4194 3550 4259 πόλις,
3580 4198 3677 4249 καὶ
3699 4196 3814 4263 θελή
3824 4213 3867 4261 :1;

2305 4302 2391 4348 τις
2420 4284 2623 4355 ταύτην
2650 4285 2960 4348 ἀνακτίσαι,
2995 4286 3196 4351 εὐθέως
3224 4288 3293 4341 τά
3323 4289 3779 4360 καταρρεύσαντα
3798 4304 3869 4337 ιιι

2309 4378 2542 4430 πεσόντα
2570 4376 2793 4440 τελείως
2815 4377 3168 4441 καταϐάλλει,
3196 4380 3288 4432 καί
3307 4380 3485 4443 οὕτως
3508 4383 3743 4452 ἄρχεται
3768 4382 3873 4432 cxi-

625 4456 838 4521 fodere,
869 4470 926 4511 et
957 4458 1013 4512 in
1061 4459 1183 4513 loco
1224 4460 1445 4516 defosso
1491 4463 1850 4518 fundamenta
1884 4466 2091 4536 jacere,
2137 4480 2196 4521 ac

2308 4484 2484 4531 πτειν,
2523 4468 2618 4521 καὶ
2646 4469 2704 4521 ὲν
2736 4468 2816 4539 τῷ
2847 4469 3135 4540 σκάμματι
3164 4472 3289 4535 τοὺς
3339 4470 3633 4541 θεμελίους
3666 4473 3869 4527 τιθένμ

624 4549 737 4619 68
765 4548 1058 4604 aedificium
1083 4561 1497 4620 superstruere:
1531 4571 1634 4610 nec
1658 4556 1787 4610 dum
1827 4573 1958 4613 vero
1994 4567 2079 4612 est
2100 4558 2202 4613 do-

626 4654 770 4693 mus.
814 4637 1033 4703 Itidem,
1059 4641 1151 4709 qui
1176 4642 1398 4696 hortum
1430 4653 1853 4702 constructurus
1883 4656 1968 4703 est
1990 4648 2047 4702 in
2069 4648 2206 4705 locis

629 4728 869 4784 desertis
923 4746 985 4785 ac
1018 4733 1395 4801 graveolentia
1446 4734 1633 4792 fetidis
1662 4779 1677 4803 ,
1718 4740 1962 4808 primum
2011 4742 2207 4811 incipit

627 4836 886 4890 purgare,
922 4837 986 4875 ac
1018 4824 1384 4893 sepimentum
1425 4827 1869 4899 circumponere,
1910 4841 1966 4887 et
1992 4848 2204 4902 praepa-

628 4915 1158 4984 rareaquzeductus,
1203 4926 1259 4971 et
1283 4920 1363 4975 sic
1397 4922 1617 4977 tandem
1646 4923 1879 4992 plantat,
1905 4934 1962 4979 et
2001 4925 2204 4995 plantae

628 5003 1037 5061 incrementum
1061 5018 1308 5073 sumunt,
1339 5020 1399 5065 ut
1428 5010 1533 5066 hoc
1559 5013 1903 5085 modolongo
1922 5024 2048 5084 post
2072 5023 2212 5069 tem—

627 5110 761 5164 pore
779 5096 978 5152 hortus
999 5099 1245 5168 proferat
1263 5100 1503 5158 fructus:
1530 5103 1609 5159 sic
1625 5120 1845 5175 quoque
1872 5105 2210 5171 intentiones

629 5186 916 5244 hominum
941 5199 1066 5261 post
1090 5196 1590 5265 transgressionem
1610 5197 1864 5265 desertas,
1911 5200 2212 5257 devastata:

627 5288 795 5348 atque
842 5282 1080 5351 spinosa:
1134 5294 1287 5339 sunt.
1351 5286 1501 5343 Dixit
1548 5288 1698 5344 enim
1749 5290 1962 5346 homini
2017 5292 2201 5347 Deus:

628 5369 822 5441 Spinas
852 5390 914 5427 ac
946 5375 1165 5431 tribulos
1198 5378 1293 5432 tibi
1318 5387 1463 5434 terra
1492 5381 1739 5452 producet
1766 5384 1828 5438 ⁷⁸,
1850 5382 2001 5453 Opus
2036 5384 2208 5455 igitur

629 5474 713 5518 est
749 5464 943 5522 labore
963 5483 1028 5523 ac
1065 5470 1269 5527 sudore
1316 5472 1510 5541 multo,
1558 5483 1621 5528 ut
1664 5473 1791 5544 quis
1822 5477 2117 5546 conquirat
2146 5490 2209 5530 ac

626 5554 791 5622 jaciat
813 5556 1232 5618 fundamentum
1259 5604 1273 5631 ,
1308 5564 1485 5623 donec
1518 5566 1706 5625 veniat
1740 5568 1797 5623 in
1818 5567 1986 5624 corda
2014 5568 2208 5643 homi-

703 5732 746 5761 "
776 5731 919 5788 Gen.
953 5750 1032 5801 ιιι,
1063 5736 1150 5792 18.

2310 4559 2405 4612 καὶ
2442 4558 2843 4630 προϐάλλεσθαι
2905 4561 3003 4633 τὴν
3055 4563 3362 4635 οἰκοδομὴν,
3411 4565 3631 4617 οὐδέπω
3659 4565 3717 4617 δέ
3752 4567 3873 4617 ἐστιν

2317 4653 2483 4707 οἰκία.
2519 4652 2633 4707 Καὶ
2670 4654 2699 4707 6
2746 4653 2914 4707 θέλων
2965 4656 3291 4724 παράδεισον
3323 4657 3554 4726 ποιῆσαι
3594 4660 3674 4721 είς
3703 4659 3871 4715 τόποις

2312 4744 2555 4814 ἐρήμους
2586 4746 2681 4798 καὶ
2714 4744 2991 4810 δυσώδεις,
3039 4747 3253 4817 πρῶτον
3298 4748 3529 4819 ἄρχεται
3554 4750 3873 4818 καθαρίζειν,

2313 4835 2408 4887 καὶ
2441 4837 2693 4907 φραγμὸν
2753 4837 3109 4909 περιτιθέναι,
3163 4840 3258 4892 καὶ
3313 4841 3628 4911 ἑτοιμάζειν
3652 4843 3874 4913 ὀχετοὴ,

2314 4927 2409 4979 καὶ
2440 4925 2611 4988 οὕτως
2640 4926 2883 4995 φυτεύει.
2916 4929 3011 4982 καὶ
3033 4927 3284 4993 αὔξονται
3314 4931 3381 4983 τὰ
3406 4932 3573 4999 φυτὰ,
3614 4932 3704 4984 ἵνα
3728 4930 3879 4991 οὕτως

2318 5015 2460 5084 μετὰ
2489 5015 2658 5069 πολὺν
2690 5016 2884 5088 χρόνον
2936 5020 3138 5091 ἐνέγκῃ
3175 5022 3427 5090 καρποὺς
3455 5024 3486 5073 ὁ
3512 5022 3845 5092 παράδεισο,
3865 5036 3877 5048 ⁸

2315 5106 2487 5170 οῦτως
2514 5108 2607 5162 καὶ
2656 5110 2712 5162 αἱ
2743 5111 3093 5181 προαιρέσεις
3123 5113 3231 5165 τῶν
3255 5112 3586 5183 ἀνθρώπων,
3635 5114 3777 5183 μετὰ
3800 5112 3883 5177 τὴν

2320 5203 2636 5272 παράϐασιν
2666 5206 3076 5276 κεχερσωμέναι
3108 5206 3234 5269 εἰσὶ,
3262 5206 3355 5258 καὶ
3383 5207 3775 5276 ἡρημωμέναι,
3802 5206 3883 5255 xz".

2317 5291 2671 5355 ἀκανθώδεις.
2703 5289 2839 5346 Εἶπε
2870 5294 2980 5364 γὰρ
3013 5296 3041 5347 6
3069 5295 3202 5357 Θεὸς
3242 5294 3321 5364 τῷ
3352 5295 3651 5364 ἀνθρώπῳ,
3707 5294 3885 5347 Ἀκάν-

2316 5387 2424 5451 θας
2447 5385 2544 5438 καί
2571 5388 2880 5453 τριϐόλους
2905 5386 3190 5441 (irata/Isi
3214 5403 3315 5441 σοι
3360 5389 3399 5456 ἠ
3453 5387 3551 5456 γῆ.
3584 5388 3764 5458 Χρεία
3806 5384 3883 5435 c-L-a

2318 5476 2563 5545 καμάτου
2595 5478 2692 5530 καὶ
2727 5478 2899 5531 κόπου
2926 5478 3142 5544 πολλοῦ,
3171 5478 3256 5532 ἵνα
3286 5496 3370 5542 τις
3402 5478 3606 5549 ζητήσῃ
3637 5481 3738 5528 καὶ
3762 5476 3886 5528 απο-

2317 5567 2475 5637 θῆται
2506 5569 2596 5624 τὸν
2616 5569 2885 5641 θεμέλιον,
2912 5571 3014 5635 ἕως
3039 5573 3125 5627 ὅτε
3157 5570 3289 5644 ἔλθῃ
3311 5574 3391 5635 είς
3420 5571 3517 5634 τάς
3541 5569 3769 5641 καρδίας
3792 5565 3887 5618 τῶν
