  <div class='ocr_page' id='page_1' title='image "/cluster/home/n/w/nwhite01/storage/ocr_20150623/34/hvd.32044019207760/318.png"; bbox 0 0 3966 6542; ppageno 0'>
   <div class='ocr_carea' id='block_1_1' title="bbox 80 319 238 409">
    <p class='ocr_par' dir='ltr' id='par_1_1' title="bbox 80 319 238 409">
     <span class='ocr_line' id='line_1_1' title="bbox 80 319 238 409; baseline 0.019 -3"><span class='ocrx_word' id='word_1_1' title='bbox 80 345 172 409; x_wconf 80' lang='grc'><strong>613</strong></span> <span class='ocrx_word' id='word_1_2' title='bbox 233 319 238 323; x_wconf 75' lang='grc'><em>’</em></span> 
     </span>
    </p>
   </div>
   <div class='ocr_carea' id='block_1_2' title="bbox 1233 338 1688 399">
    <p class='ocr_par' dir='ltr' id='par_1_2' title="bbox 1233 338 1688 399">
     <span class='ocr_line' id='line_1_2' title="bbox 1233 338 1688 399; baseline -0.004 -1"><span class='ocrx_word' id='word_1_3' title='bbox 1233 338 1601 399; x_wconf 78' lang='lat' dir='ltr'><strong>HOMILI/E.</strong></span> <span class='ocrx_word' id='word_1_4' title='bbox 1620 361 1688 373; x_wconf 85' lang='lat'><strong>-</strong></span> 
     </span>
    </p>
   </div>
   <div class='ocr_carea' id='block_1_3' title="bbox 1714 335 3281 402">
    <p class='ocr_par' dir='ltr' id='par_1_3' title="bbox 1714 335 3281 402">
     <span class='ocr_line' id='line_1_3' title="bbox 1714 335 3281 402; baseline 0.003 -4"><span class='ocrx_word' id='word_1_5' title='bbox 1714 338 1902 399; x_wconf 83' lang='lat' dir='ltr'><strong>HOM.</strong></span> <span class='ocrx_word' id='word_1_6' title='bbox 1944 337 2097 399; x_wconf 82' lang='lat' dir='ltr'><strong>XVI.</strong></span> <span class='ocrx_word' id='word_1_7' title='bbox 3177 335 3281 402; x_wconf 71' lang='lat' dir='ltr'><em>6M</em></span> 
     </span>
    </p>
   </div>
   <div class='ocr_carea' id='block_1_4' title="bbox 78 444 1613 523">
    <p class='ocr_par' dir='ltr' id='par_1_4' title="bbox 78 444 1613 523">
     <span class='ocr_line' id='line_1_4' title="bbox 78 444 1613 523; baseline -0.008 -15"><span class='ocrx_word' id='word_1_8' title='bbox 78 451 346 523; x_wconf 82' lang='grc' dir='ltr'>ἀνθρώπων</span> <span class='ocrx_word' id='word_1_9' title='bbox 404 448 535 521; x_wconf 88' lang='grc' dir='ltr'>πῦρ,</span> <span class='ocrx_word' id='word_1_10' title='bbox 591 449 687 502; x_wconf 71' lang='grc' dir='ltr'>καὶ</span> <span class='ocrx_word' id='word_1_11' title='bbox 745 447 977 521; x_wconf 77' lang='grc' dir='ltr'>ἄρξηται</span> <span class='ocrx_word' id='word_1_12' title='bbox 1038 446 1459 518; x_wconf 83' lang='grc' dir='ltr'>περικαθαίρειν</span> <span class='ocrx_word' id='word_1_13' title='bbox 1516 444 1613 508; x_wconf 82' lang='grc' dir='ltr'>τὰς</span> 
     </span>
    </p>
   </div>
   <div class='ocr_carea' id='block_1_5' title="bbox 1718 444 3284 523">
    <p class='ocr_par' dir='ltr' id='par_1_5' title="bbox 1719 446 3284 518">
     <span class='ocr_line' id='line_1_5' title="bbox 1719 446 3284 518; baseline 0.004 -18"><span class='ocrx_word' id='word_1_14' title='bbox 1719 462 1851 501; x_wconf 90' lang='lat' dir='ltr'><strong>num</strong></span> <span class='ocrx_word' id='word_1_15' title='bbox 1880 446 2039 518; x_wconf 82' lang='lat' dir='ltr'><strong>ignis,</strong></span> <span class='ocrx_word' id='word_1_16' title='bbox 2073 446 2168 517; x_wconf 89' lang='lat' dir='ltr'><strong>qui</strong></span> <span class='ocrx_word' id='word_1_17' title='bbox 2203 446 2491 503; x_wconf 73' lang='lat' dir='ltr'><strong>comburat</strong></span> <span class='ocrx_word' id='word_1_18' title='bbox 2522 462 2587 502; x_wconf 91' lang='lat' dir='ltr'><strong>ac</strong></span> <span class='ocrx_word' id='word_1_19' title='bbox 2628 446 2896 518; x_wconf 78' lang='lat' dir='ltr'><strong>depurget</strong></span> <span class='ocrx_word' id='word_1_20' title='bbox 2948 447 3174 518; x_wconf 89' lang='lat' dir='ltr'><strong>spinas;</strong></span> <span class='ocrx_word' id='word_1_21' title='bbox 3226 462 3284 507; x_wconf 89' lang='lat' dir='ltr'><strong>ct</strong></span> 
     </span>
    </p>
   </div>
   <div class='ocr_carea' id='block_1_6' title="bbox 75 537 1610 613">
    <p class='ocr_par' dir='ltr' id='par_1_6' title="bbox 75 537 1610 613">
     <span class='ocr_line' id='line_1_6' title="bbox 75 537 1610 613; baseline -0.006 -14"><span class='ocrx_word' id='word_1_22' title='bbox 75 544 288 607; x_wconf 82' lang='grc' dir='ltr'><strong>ἀκάνθας</strong></span> <span class='ocrx_word' id='word_1_23' title='bbox 306 560 321 574; x_wconf 75' lang='grc' dir='ltr'><strong>ο</strong></span> <span class='ocrx_word' id='word_1_24' title='bbox 347 543 442 595; x_wconf 78' lang='grc' dir='ltr'><strong>καὶ</strong></span> <span class='ocrx_word' id='word_1_25' title='bbox 466 540 637 605; x_wconf 65' lang='grc' dir='ltr'>οὕτως</span> <span class='ocrx_word' id='word_1_26' title='bbox 664 541 920 613; x_wconf 77' lang='grc' dir='ltr'><strong>ἄρχονται</strong></span> <span class='ocrx_word' id='word_1_27' title='bbox 938 539 1275 605; x_wconf 79' lang='grc' dir='ltr'>ἁγιάζεσθαι,</span> <span class='ocrx_word' id='word_1_28' title='bbox 1298 537 1610 602; x_wconf 78' lang='grc' dir='ltr'><strong>δοξάζοντες</strong></span> 
     </span>
    </p>
   </div>
   <div class='ocr_carea' id='block_1_7' title="bbox 74 627 1607 704">
    <p class='ocr_par' dir='ltr' id='par_1_7' title="bbox 74 627 1607 704">
     <span class='ocr_line' id='line_1_7' title="bbox 74 627 1607 704; baseline -0.006 -15"><span class='ocrx_word' id='word_1_29' title='bbox 74 636 287 704; x_wconf 82' lang='grc' dir='ltr'>Πατέρα,</span> <span class='ocrx_word' id='word_1_30' title='bbox 312 634 405 686; x_wconf 75' lang='grc' dir='ltr'><strong>καὶ</strong></span> <span class='ocrx_word' id='word_1_31' title='bbox 427 633 575 697; x_wconf 80' lang='grc' dir='ltr'>Υίὸν,</span> <span class='ocrx_word' id='word_1_32' title='bbox 604 632 699 686; x_wconf 76' lang='grc' dir='ltr'><strong>καὶ</strong></span> <span class='ocrx_word' id='word_1_33' title='bbox 727 632 880 701; x_wconf 78' lang='grc' dir='ltr'>ἅγιον</span> <span class='ocrx_word' id='word_1_34' title='bbox 907 630 1148 700; x_wconf 80' lang='grc' dir='ltr'><strong>Πνεῦμα,</strong></span> <span class='ocrx_word' id='word_1_35' title='bbox 1196 630 1277 692; x_wconf 86' lang='grc' dir='ltr'><strong>είς</strong></span> <span class='ocrx_word' id='word_1_36' title='bbox 1301 631 1426 691; x_wconf 84' lang='grc' dir='ltr'>τοὺς</span> <span class='ocrx_word' id='word_1_37' title='bbox 1472 627 1607 681; x_wconf 83' lang='grc' dir='ltr'><strong>αἰῶ-</strong></span> 
     </span>
    </p>
   </div>
   <div class='ocr_carea' id='block_1_8' title="bbox 73 728 396 799">
    <p class='ocr_par' dir='ltr' id='par_1_8' title="bbox 73 728 396 799">
     <span class='ocr_line' id='line_1_8' title="bbox 73 728 396 799; baseline 0.003 -19"><span class='ocrx_word' id='word_1_38' title='bbox 73 747 175 792; x_wconf 86' lang='grc' dir='ltr'>νας.</span> <span class='ocrx_word' id='word_1_39' title='bbox 216 728 396 799; x_wconf 83' lang='grc' dir='ltr'>Ἀμήν.</span> 
     </span>
    </p>
   </div>
   <div class='ocr_carea' id='block_1_9' title="bbox 638 835 1025 904">
    <p class='ocr_par' dir='ltr' id='par_1_9' title="bbox 638 835 1025 904">
     <span class='ocr_line' id='line_1_9' title="bbox 638 835 1025 904; baseline -0.003 -13"><span class='ocrx_word' id='word_1_40' title='bbox 638 837 878 892; x_wconf 81' lang='grc' dir='ltr'><strong>ΟΜΙΛΙΑ</strong></span> <span class='ocrx_word' id='word_1_41' title='bbox 906 835 1025 904; x_wconf 68' lang='grc' dir='ltr'><strong>ις’.</strong></span> 
     </span>
    </p>
   </div>
   <div class='ocr_carea' id='block_1_10' title="bbox 77 924 1613 998">
    <p class='ocr_par' dir='ltr' id='par_1_10' title="bbox 77 924 1613 998">
     <span class='ocr_line' id='line_1_10' title="bbox 77 924 1613 998; baseline -0.003 -14"><span class='ocrx_word' id='word_1_42' title='bbox 77 930 201 994; x_wconf 83' lang='grc' dir='ltr'><strong>Τοὺς</strong></span> <span class='ocrx_word' id='word_1_43' title='bbox 236 929 663 998; x_wconf 78' lang='grc' dir='ltr'>πνευματικοὺς</span> <span class='ocrx_word' id='word_1_44' title='bbox 696 926 1047 998; x_wconf 74' lang='grc' dir='ltr'>ἀνθρώπους</span> <span class='ocrx_word' id='word_1_45' title='bbox 1080 924 1456 998; x_wconf 8' lang='grc' dir='ltr'>ὑποκεῖσθαι,</span> <span class='ocrx_word' id='word_1_46' title='bbox 1488 926 1613 992; x_wconf 84' lang='grc' dir='ltr'>τοῖς</span> 
     </span>
    </p>
   </div>
   <div class='ocr_carea' id='block_1_11' title="bbox 130 994 1611 1069">
    <p class='ocr_par' dir='ltr' id='par_1_11' title="bbox 130 994 1611 1069">
     <span class='ocr_line' id='line_1_11' title="bbox 130 994 1611 1069; baseline 0.006 -21"><span class='ocrx_word' id='word_1_47' title='bbox 130 994 460 1069; x_wconf 73' lang='grc' dir='ltr'><strong>πειρασμοῖς</strong></span> <span class='ocrx_word' id='word_1_48' title='bbox 488 1000 586 1053; x_wconf 80' lang='grc' dir='ltr'><strong>καί</strong></span> <span class='ocrx_word' id='word_1_49' title='bbox 617 994 886 1068; x_wconf 48' lang='lat' dir='ltr'><strong>allii-sin,</strong></span> <span class='ocrx_word' id='word_1_50' title='bbox 914 997 1044 1062; x_wconf 83' lang='grc' dir='ltr'>ταῖς</span> <span class='ocrx_word' id='word_1_51' title='bbox 1072 996 1142 1051; x_wconf 83' lang='grc' dir='ltr'><strong>ἐκ</strong></span> <span class='ocrx_word' id='word_1_52' title='bbox 1172 994 1404 1064; x_wconf 79' lang='grc' dir='ltr'><strong>πρώτης</strong></span> <span class='ocrx_word' id='word_1_53' title='bbox 1429 997 1611 1066; x_wconf 83' lang='grc' dir='ltr'>ἁμαρ·-</span> 
     </span>
    </p>
   </div>
   <div class='ocr_carea' id='block_1_12' title="bbox 129 1071 615 1137">
    <p class='ocr_par' dir='ltr' id='par_1_12' title="bbox 129 1071 615 1137">
     <span class='ocr_line' id='line_1_12' title="bbox 129 1071 615 1137; baseline 0.006 -15"><span class='ocrx_word' id='word_1_54' title='bbox 129 1073 251 1136; x_wconf 80' lang='grc' dir='ltr'>τίας</span> <span class='ocrx_word' id='word_1_55' title='bbox 263 1071 615 1137; x_wconf 77' lang='grc' dir='ltr'>βρυούσαις.</span> 
     </span>
    </p>
   </div>
   <div class='ocr_carea' id='block_1_13' title="bbox 130 1181 1613 1253">
    <p class='ocr_par' dir='ltr' id='par_1_13' title="bbox 130 1181 1613 1253">
     <span class='ocr_line' id='line_1_13' title="bbox 130 1181 1613 1253; baseline -0.002 -18"><span class='ocrx_word' id='word_1_56' title='bbox 130 1186 201 1235; x_wconf 82' lang='lat' dir='ltr'><strong>A’.</strong></span> <span class='ocrx_word' id='word_1_57' title='bbox 224 1184 398 1236; x_wconf 83' lang='grc' dir='ltr'>Πᾶσαι</span> <span class='ocrx_word' id='word_1_58' title='bbox 418 1182 476 1236; x_wconf 84' lang='grc' dir='ltr'>αἱ</span> <span class='ocrx_word' id='word_1_59' title='bbox 506 1181 690 1252; x_wconf 77' lang='grc' dir='ltr'>νοεραὶ</span> <span class='ocrx_word' id='word_1_60' title='bbox 712 1182 913 1247; x_wconf 82' lang='grc' dir='ltr'>οὐσίαι,</span> <span class='ocrx_word' id='word_1_61' title='bbox 950 1183 1095 1252; x_wconf 80' lang='grc' dir='ltr'><strong>λέγω</strong></span> <span class='ocrx_word' id='word_1_62' title='bbox 1121 1184 1185 1253; x_wconf 80' lang='grc' dir='ltr'><strong>δὴ</strong></span> <span class='ocrx_word' id='word_1_63' title='bbox 1219 1183 1490 1252; x_wconf 81' lang='grc' dir='ltr'>ἀγγέλων,</span> <span class='ocrx_word' id='word_1_64' title='bbox 1518 1182 1613 1233; x_wconf 66' lang='grc' dir='ltr'><strong>καὶ⁹</strong></span> 
     </span>
    </p>
   </div>
   <div class='ocr_carea' id='block_1_14' title="bbox 66 1273 1613 1346">
    <p class='ocr_par' dir='ltr' id='par_1_14' title="bbox 66 1273 1613 1346">
     <span class='ocr_line' id='line_1_14' title="bbox 66 1273 1613 1346; baseline -0.001 -19"><span class='ocrx_word' id='word_1_65' title='bbox 66 1275 256 1344; x_wconf 62' lang='grc' dir='ltr'>ψυχῶν,</span> <span class='ocrx_word' id='word_1_66' title='bbox 285 1274 377 1329; x_wconf 84' lang='grc' dir='ltr'>καὶ</span> <span class='ocrx_word' id='word_1_67' title='bbox 408 1275 697 1345; x_wconf 82' lang='grc' dir='ltr'><strong>δαιμόνων,</strong></span> <span class='ocrx_word' id='word_1_68' title='bbox 726 1274 975 1346; x_wconf 86' lang='grc' dir='ltr'>ἀκέραιοι</span> <span class='ocrx_word' id='word_1_69' title='bbox 998 1275 1092 1329; x_wconf 68' lang='grc' dir='ltr'><strong>καὶ</strong></span> <span class='ocrx_word' id='word_1_70' title='bbox 1119 1274 1479 1329; x_wconf 83' lang='grc' dir='ltr'>ἁπλούστατοι</span> <span class='ocrx_word' id='word_1_71' title='bbox 1507 1273 1613 1326; x_wconf 80' lang='grc' dir='ltr'>ὑπὸ</span> 
     </span>
    </p>
   </div>
   <div class='ocr_carea' id='block_1_15' title="bbox 66 1366 1612 1440">
    <p class='ocr_par' dir='ltr' id='par_1_15' title="bbox 66 1366 1612 1440">
     <span class='ocr_line' id='line_1_15' title="bbox 66 1366 1612 1440; baseline -0.001 -20"><span class='ocrx_word' id='word_1_72' title='bbox 66 1369 149 1421; x_wconf 80' lang='grc' dir='ltr'><strong>τοῦ</strong></span> <span class='ocrx_word' id='word_1_73' title='bbox 183 1368 515 1440; x_wconf 87' lang='grc' dir='ltr'>Δημιουργοῦ</span> <span class='ocrx_word' id='word_1_74' title='bbox 548 1368 877 1438; x_wconf 74' lang='grc' dir='ltr'><strong>ἐκτίσθησαν</strong></span> <span class='ocrx_word' id='word_1_75' title='bbox 903 1385 917 1398; x_wconf 91' lang='grc'><strong>·</strong></span> <span class='ocrx_word' id='word_1_76' title='bbox 947 1367 1007 1421; x_wconf 74' lang='grc' dir='ltr'>τὸ</span> <span class='ocrx_word' id='word_1_77' title='bbox 1030 1368 1088 1421; x_wconf 82' lang='grc' dir='ltr'><strong>δέ</strong></span> <span class='ocrx_word' id='word_1_78' title='bbox 1121 1384 1275 1431; x_wconf 86' lang='grc' dir='ltr'>τινας</span> <span class='ocrx_word' id='word_1_79' title='bbox 1319 1367 1381 1432; x_wconf 81' lang='grc' dir='ltr'><strong>ἐξ</strong></span> <span class='ocrx_word' id='word_1_80' title='bbox 1432 1366 1612 1421; x_wconf 84' lang='grc' dir='ltr'>αὐτῶν</span> 
     </span>
    </p>
   </div>
   <div class='ocr_carea' id='block_1_16' title="bbox 65 1456 1613 1528">
    <p class='ocr_par' dir='ltr' id='par_1_16' title="bbox 65 1456 1613 1528">
     <span class='ocr_line' id='line_1_16' title="bbox 65 1456 1613 1528; baseline -0.001 -18"><span class='ocrx_word' id='word_1_81' title='bbox 65 1459 321 1528; x_wconf 82' lang='grc' dir='ltr'>τραπῆναι</span> <span class='ocrx_word' id='word_1_82' title='bbox 353 1462 433 1522; x_wconf 74' lang='grc' dir='ltr'>εἰς</span> <span class='ocrx_word' id='word_1_83' title='bbox 459 1458 519 1511; x_wconf 83' lang='grc' dir='ltr'><strong>τὸ</strong></span> <span class='ocrx_word' id='word_1_84' title='bbox 549 1458 738 1522; x_wconf 80' lang='grc' dir='ltr'>κακὸν,</span> <span class='ocrx_word' id='word_1_85' title='bbox 771 1459 836 1511; x_wconf 86' lang='grc' dir='ltr'><strong>ἐκ</strong></span> <span class='ocrx_word' id='word_1_86' title='bbox 862 1458 957 1510; x_wconf 82' lang='grc' dir='ltr'><strong>τοῦ</strong></span> <span class='ocrx_word' id='word_1_87' title='bbox 981 1457 1330 1524; x_wconf 79' lang='grc' dir='ltr'>αὐτεξουσίου</span> <span class='ocrx_word' id='word_1_88' title='bbox 1350 1456 1613 1527; x_wconf 86' lang='grc' dir='ltr'>προσεγέ-</span> 
     </span>
    </p>
   </div>
   <div class='ocr_carea' id='block_1_17' title="bbox 66 1549 1612 1624">
    <p class='ocr_par' dir='ltr' id='par_1_17' title="bbox 66 1549 1612 1624">
     <span class='ocr_line' id='line_1_17' title="bbox 66 1549 1612 1624; baseline -0.001 -21"><span class='ocrx_word' id='word_1_89' title='bbox 66 1570 175 1605; x_wconf 81' lang='grc' dir='ltr'>νετο</span> <span class='ocrx_word' id='word_1_90' title='bbox 218 1554 420 1616; x_wconf 73' lang='grc' dir='ltr'>αὐτοῖς.</span> <span class='ocrx_word' id='word_1_91' title='bbox 468 1552 606 1623; x_wconf 83' lang='grc' dir='ltr'><strong>Ἰδίῳ</strong></span> <span class='ocrx_word' id='word_1_92' title='bbox 636 1551 745 1624; x_wconf 82' lang='grc' dir='ltr'>γὰρ</span> <span class='ocrx_word' id='word_1_93' title='bbox 775 1551 1042 1621; x_wconf 80' lang='grc' dir='ltr'><strong>θελήματι</strong></span> <span class='ocrx_word' id='word_1_94' title='bbox 1096 1551 1475 1621; x_wconf 78' lang='grc' dir='ltr'><strong>ἐξετράπησαν</strong></span> <span class='ocrx_word' id='word_1_95' title='bbox 1517 1549 1612 1602; x_wconf 92' lang='grc' dir='ltr'><strong>τοῦ</strong></span> 
     </span>
    </p>
   </div>
   <div class='ocr_carea' id='block_1_18' title="bbox 66 1641 1613 1718">
    <p class='ocr_par' dir='ltr' id='par_1_18' title="bbox 66 1641 1613 1718">
     <span class='ocr_line' id='line_1_18' title="bbox 66 1641 1613 1718; baseline -0.003 -19"><span class='ocrx_word' id='word_1_96' title='bbox 66 1648 415 1718; x_wconf 80' lang='grc' dir='ltr'>προσήκοντος</span> <span class='ocrx_word' id='word_1_97' title='bbox 444 1645 728 1716; x_wconf 84' lang='grc' dir='ltr'>λογισμοῦ.</span> <span class='ocrx_word' id='word_1_98' title='bbox 755 1646 817 1698; x_wconf 78' lang='grc' dir='ltr'><strong>Εἰ</strong></span> <span class='ocrx_word' id='word_1_99' title='bbox 848 1646 904 1698; x_wconf 80' lang='grc' dir='ltr'><strong>δέ</strong></span> <span class='ocrx_word' id='word_1_100' title='bbox 936 1662 1116 1715; x_wconf 85' lang='grc' dir='ltr'>φαμεν</span> <span class='ocrx_word' id='word_1_101' title='bbox 1161 1644 1332 1707; x_wconf 76' lang='grc' dir='ltr'>οὕτως</span> <span class='ocrx_word' id='word_1_102' title='bbox 1373 1642 1478 1695; x_wconf 82' lang='grc' dir='ltr'>ὑπὸ</span> <span class='ocrx_word' id='word_1_103' title='bbox 1518 1641 1613 1694; x_wconf 89' lang='grc' dir='ltr'><strong>τοῦ</strong></span> 
     </span>
    </p>
   </div>
   <div class='ocr_carea' id='block_1_19' title="bbox 66 1733 1615 1808">
    <p class='ocr_par' dir='ltr' id='par_1_19' title="bbox 66 1733 1615 1808">
     <span class='ocr_line' id='line_1_19' title="bbox 66 1733 1615 1808; baseline -0.003 -19"><span class='ocrx_word' id='word_1_104' title='bbox 66 1737 389 1807; x_wconf 81' lang='grc' dir='ltr'>Δημιουργοῦ</span> <span class='ocrx_word' id='word_1_105' title='bbox 438 1738 747 1808; x_wconf 82' lang='grc' dir='ltr'><strong>κτισθῆναι,</strong></span> <span class='ocrx_word' id='word_1_106' title='bbox 786 1737 970 1791; x_wconf 84' lang='grc' dir='ltr'>ἄδικον</span> <span class='ocrx_word' id='word_1_107' title='bbox 1025 1736 1218 1807; x_wconf 84' lang='grc' dir='ltr'>κριτὴν</span> <span class='ocrx_word' id='word_1_108' title='bbox 1267 1735 1496 1805; x_wconf 79' lang='grc' dir='ltr'>λέγομεν</span> <span class='ocrx_word' id='word_1_109' title='bbox 1523 1733 1615 1787; x_wconf 82' lang='grc' dir='ltr'>τὸν</span> 
     </span>
    </p>
   </div>
   <div class='ocr_carea' id='block_1_20' title="bbox 1713 539 3284 612">
    <p class='ocr_par' dir='ltr' id='par_1_20' title="bbox 1713 539 3284 612">
     <span class='ocr_line' id='line_1_20' title="bbox 1713 539 3284 612; baseline 0.002 -18"><span class='ocrx_word' id='word_1_110' title='bbox 1713 539 1794 594; x_wconf 92' lang='lat' dir='ltr'><strong>sic</strong></span> <span class='ocrx_word' id='word_1_111' title='bbox 1868 540 2132 610; x_wconf 81' lang='lat' dir='ltr'><strong>incipiant</strong></span> <span class='ocrx_word' id='word_1_112' title='bbox 2174 539 2427 594; x_wconf 85' lang='lat' dir='ltr'><strong>homines</strong></span> <span class='ocrx_word' id='word_1_113' title='bbox 2488 539 2857 605; x_wconf 84' lang='lat' dir='ltr'><strong>sanctiﬁcari,</strong></span> <span class='ocrx_word' id='word_1_114' title='bbox 2916 539 3284 612; x_wconf 81' lang='lat' dir='ltr'><strong>gloriﬁcantes</strong></span> 
     </span>
    </p>
   </div>
   <div class='ocr_carea' id='block_1_21' title="bbox 1714 631 3284 703">
    <p class='ocr_par' dir='ltr' id='par_1_21' title="bbox 1714 631 3284 703">
     <span class='ocr_line' id='line_1_21' title="bbox 1714 631 3284 703; baseline 0.004 -18"><span class='ocrx_word' id='word_1_115' title='bbox 1714 631 1952 697; x_wconf 79' lang='lat' dir='ltr'><strong>Patrem,</strong></span> <span class='ocrx_word' id='word_1_116' title='bbox 1988 641 2044 687; x_wconf 89' lang='lat' dir='ltr'><strong>et</strong></span> <span class='ocrx_word' id='word_1_117' title='bbox 2078 632 2291 698; x_wconf 83' lang='lat' dir='ltr'><strong>Filium,</strong></span> <span class='ocrx_word' id='word_1_118' title='bbox 2313 642 2369 688; x_wconf 88' lang='lat' dir='ltr'><strong>et</strong></span> <span class='ocrx_word' id='word_1_119' title='bbox 2396 632 2660 703; x_wconf 86' lang='lat' dir='ltr'><strong>Spiritum</strong></span> <span class='ocrx_word' id='word_1_120' title='bbox 2693 643 2942 690; x_wconf 88' lang='lat' dir='ltr'><strong>sanctum</strong></span> <span class='ocrx_word' id='word_1_121' title='bbox 2976 635 3034 691; x_wconf 91' lang='lat' dir='ltr'><strong>in</strong></span> <span class='ocrx_word' id='word_1_122' title='bbox 3062 637 3284 692; x_wconf 66' lang='lat' dir='ltr'><strong>saecula.</strong></span> 
     </span>
    </p>
   </div>
   <div class='ocr_carea' id='block_1_22' title="bbox 1714 721 1912 776">
    <p class='ocr_par' dir='ltr' id='par_1_22' title="bbox 1714 721 1912 776">
     <span class='ocr_line' id='line_1_22' title="bbox 1714 721 1912 776; baseline 0.015 -3"><span class='ocrx_word' id='word_1_123' title='bbox 1714 721 1912 776; x_wconf 84' lang='lat' dir='ltr'><strong>Amen.</strong></span> 
     </span>
    </p>
   </div>
   <div class='ocr_carea' id='block_1_23' title="bbox 2272 838 2727 897">
    <p class='ocr_par' dir='ltr' id='par_1_23' title="bbox 2272 838 2727 897">
     <span class='ocr_line' id='line_1_23' title="bbox 2272 838 2727 897; baseline 0.002 -2"><span class='ocrx_word' id='word_1_124' title='bbox 2272 838 2557 895; x_wconf 81' lang='lat' dir='ltr'><strong>HOMILIA</strong></span> <span class='ocrx_word' id='word_1_125' title='bbox 2585 840 2727 897; x_wconf 76' lang='lat' dir='ltr'><strong>XVI.</strong></span> 
     </span>
    </p>
   </div>
   <div class='ocr_carea' id='block_1_24' title="bbox 1712 924 3288 1001">
    <p class='ocr_par' dir='ltr' id='par_1_24' title="bbox 1712 924 3288 1001">
     <span class='ocr_line' id='line_1_24' title="bbox 1712 924 3288 1001; baseline 0.002 -21"><span class='ocrx_word' id='word_1_126' title='bbox 1712 924 2031 1001; x_wconf 73' lang='lat' dir='ltr'><strong>Spirituales</strong></span> <span class='ocrx_word' id='word_1_127' title='bbox 2062 930 2297 1001; x_wconf 80' lang='lat' dir='ltr'><strong>homines</strong></span> <span class='ocrx_word' id='word_1_128' title='bbox 2322 929 2568 983; x_wconf 75' lang='lat' dir='ltr'><strong>obnoxios</strong></span> <span class='ocrx_word' id='word_1_129' title='bbox 2593 946 2702 984; x_wconf 80' lang='lat' dir='ltr'><strong>esse</strong></span> <span class='ocrx_word' id='word_1_130' title='bbox 2735 930 3108 985; x_wconf 76' lang='lat' dir='ltr'><strong>tentationibus</strong></span> <span class='ocrx_word' id='word_1_131' title='bbox 3132 938 3288 1001; x_wconf 82' lang='lat' dir='ltr'><strong>atque</strong></span> 
     </span>
    </p>
   </div>
   <div class='ocr_carea' id='block_1_25' title="bbox 1816 999 3192 1071">
    <p class='ocr_par' dir='ltr' id='par_1_25' title="bbox 1816 999 3192 1071">
     <span class='ocr_line' id='line_1_25' title="bbox 1816 999 3192 1071; baseline 0.002 -20"><span class='ocrx_word' id='word_1_132' title='bbox 1816 999 2200 1067; x_wconf 75' lang='lat' dir='ltr'><strong>afﬂictionibus,</strong></span> <span class='ocrx_word' id='word_1_133' title='bbox 2232 1016 2295 1053; x_wconf 80' lang='lat' dir='ltr'><strong>ea:</strong></span> <span class='ocrx_word' id='word_1_134' title='bbox 2333 1002 2504 1070; x_wconf 84' lang='lat' dir='ltr'><strong>primo</strong></span> <span class='ocrx_word' id='word_1_135' title='bbox 2534 1008 2745 1071; x_wconf 86' lang='lat' dir='ltr'><strong>peccato</strong></span> <span class='ocrx_word' id='word_1_136' title='bbox 2769 1001 3192 1056; x_wconf 76' lang='lat' dir='ltr'><strong>scaturientibus.</strong></span> 
     </span>
    </p>
   </div>
   <div class='ocr_carea' id='block_1_26' title="bbox 1786 1180 3287 1252">
    <p class='ocr_par' dir='ltr' id='par_1_26' title="bbox 1786 1180 3287 1252">
     <span class='ocr_line' id='line_1_26' title="bbox 1786 1180 3287 1252; baseline -0.001 -16"><span class='ocrx_word' id='word_1_137' title='bbox 1786 1181 1827 1236; x_wconf 89' lang='lat' dir='ltr'><strong>l.</strong></span> <span class='ocrx_word' id='word_1_138' title='bbox 1870 1183 2072 1237; x_wconf 85' lang='lat' dir='ltr'><strong>Omnes</strong></span> <span class='ocrx_word' id='word_1_139' title='bbox 2120 1181 2403 1237; x_wconf 89' lang='lat' dir='ltr'><strong>intellectu</strong></span> <span class='ocrx_word' id='word_1_140' title='bbox 2445 1182 2687 1252; x_wconf 66' lang='lat' dir='ltr'><strong>prtedita:</strong></span> <span class='ocrx_word' id='word_1_141' title='bbox 2717 1180 3063 1247; x_wconf 70' lang='lat' dir='ltr'><strong>substantiae,</strong></span> <span class='ocrx_word' id='word_1_142' title='bbox 3117 1195 3287 1251; x_wconf 80' lang='lat' dir='ltr'><strong>ange-</strong></span> 
     </span>
    </p>
   </div>
   <div class='ocr_carea' id='block_1_27' title="bbox 1714 1274 3289 1345">
    <p class='ocr_par' dir='ltr' id='par_1_27' title="bbox 1714 1274 3289 1345">
     <span class='ocr_line' id='line_1_27' title="bbox 1714 1274 3289 1345; baseline -0.001 -17"><span class='ocrx_word' id='word_1_143' title='bbox 1714 1274 1915 1337; x_wconf 89' lang='lat' dir='ltr'><strong>lorum,</strong></span> <span class='ocrx_word' id='word_1_144' title='bbox 1954 1274 2198 1345; x_wconf 90' lang='lat' dir='ltr'><strong>inquam,</strong></span> <span class='ocrx_word' id='word_1_145' title='bbox 2247 1276 2553 1330; x_wconf 89' lang='lat' dir='ltr'><strong>animarum</strong></span> <span class='ocrx_word' id='word_1_146' title='bbox 2593 1290 2658 1331; x_wconf 91' lang='lat' dir='ltr'><strong>ac</strong></span> <span class='ocrx_word' id='word_1_147' title='bbox 2683 1275 3015 1339; x_wconf 69' lang='lat' dir='ltr'><strong>daemonum,</strong></span> <span class='ocrx_word' id='word_1_148' title='bbox 3059 1275 3289 1329; x_wconf 69' lang='lat' dir='ltr'><strong>sincera:</strong></span> 
     </span>
    </p>
   </div>
   <div class='ocr_carea' id='block_1_28' title="bbox 1715 1364 3293 1441">
    <p class='ocr_par' dir='ltr' id='par_1_28' title="bbox 1715 1364 3293 1441">
     <span class='ocr_line' id='line_1_28' title="bbox 1715 1364 3293 1441; baseline 0 -22"><span class='ocrx_word' id='word_1_149' title='bbox 1715 1380 1780 1419; x_wconf 91' lang='lat' dir='ltr'><strong>ac</strong></span> <span class='ocrx_word' id='word_1_150' title='bbox 1797 1365 2213 1441; x_wconf 74' lang='lat' dir='ltr'><strong>simplicissime</strong></span> <span class='ocrx_word' id='word_1_151' title='bbox 2234 1383 2263 1421; x_wconf 90' lang='lat' dir='ltr'><strong>a</strong></span> <span class='ocrx_word' id='word_1_152' title='bbox 2289 1366 2587 1422; x_wconf 86' lang='lat' dir='ltr'><strong>Conditore</strong></span> <span class='ocrx_word' id='word_1_153' title='bbox 2607 1376 2804 1423; x_wconf 66' lang='lat' dir='ltr'><strong>creatae</strong></span> <span class='ocrx_word' id='word_1_154' title='bbox 2821 1374 2966 1421; x_wconf 91' lang='lat' dir='ltr'><strong>sunt.</strong></span> <span class='ocrx_word' id='word_1_155' title='bbox 2984 1364 3141 1432; x_wconf 87' lang='lat' dir='ltr'><strong>Quod</strong></span> <span class='ocrx_word' id='word_1_156' title='bbox 3157 1379 3293 1419; x_wconf 86' lang='lat' dir='ltr'><strong>vero</strong></span> 
     </span>
    </p>
   </div>
   <div class='ocr_carea' id='block_1_29' title="bbox 1715 1460 3291 1529">
    <p class='ocr_par' dir='ltr' id='par_1_29' title="bbox 1715 1460 3291 1529">
     <span class='ocr_line' id='line_1_29' title="bbox 1715 1460 3291 1529; baseline 0.001 -17"><span class='ocrx_word' id='word_1_157' title='bbox 1715 1460 1992 1515; x_wconf 72' lang='lat' dir='ltr'><strong>nonnullae</strong></span> <span class='ocrx_word' id='word_1_158' title='bbox 2017 1476 2084 1515; x_wconf 80' lang='lat' dir='ltr'><strong>ex</strong></span> <span class='ocrx_word' id='word_1_159' title='bbox 2119 1460 2186 1515; x_wconf 90' lang='lat' dir='ltr'><strong>iis</strong></span> <span class='ocrx_word' id='word_1_160' title='bbox 2213 1460 2281 1515; x_wconf 89' lang='lat' dir='ltr'><strong>ad</strong></span> <span class='ocrx_word' id='word_1_161' title='bbox 2316 1461 2584 1515; x_wconf 82' lang='lat' dir='ltr'><strong>malitiam</strong></span> <span class='ocrx_word' id='word_1_162' title='bbox 2630 1461 2856 1529; x_wconf 71' lang='lat' dir='ltr'><strong>dilapsae</strong></span> <span class='ocrx_word' id='word_1_163' title='bbox 2896 1467 3048 1524; x_wconf 89' lang='lat' dir='ltr'><strong>sunt,</strong></span> <span class='ocrx_word' id='word_1_164' title='bbox 3106 1468 3291 1513; x_wconf 89' lang='lat' dir='ltr'><strong>ortum</strong></span> 
     </span>
    </p>
   </div>
   <div class='ocr_carea' id='block_1_30' title="bbox 1715 1549 3292 1620">
    <p class='ocr_par' dir='ltr' id='par_1_30' title="bbox 1715 1549 3292 1620">
     <span class='ocr_line' id='line_1_30' title="bbox 1715 1549 3292 1620; baseline 0 -17"><span class='ocrx_word' id='word_1_165' title='bbox 1715 1549 1882 1604; x_wconf 84' lang='lat' dir='ltr'><strong>estid</strong></span> <span class='ocrx_word' id='word_1_166' title='bbox 1914 1565 1946 1605; x_wconf 89' lang='lat' dir='ltr'><strong>a</strong></span> <span class='ocrx_word' id='word_1_167' title='bbox 1990 1550 2167 1605; x_wconf 89' lang='lat' dir='ltr'><strong>libero</strong></span> <span class='ocrx_word' id='word_1_168' title='bbox 2219 1550 2470 1605; x_wconf 87' lang='lat' dir='ltr'><strong>arbitrio.</strong></span> <span class='ocrx_word' id='word_1_169' title='bbox 2525 1551 2754 1620; x_wconf 87' lang='lat' dir='ltr'><strong>Propria</strong></span> <span class='ocrx_word' id='word_1_170' title='bbox 2803 1550 2952 1606; x_wconf 89' lang='lat' dir='ltr'><strong>enim</strong></span> <span class='ocrx_word' id='word_1_171' title='bbox 3006 1549 3292 1604; x_wconf 83' lang='lat' dir='ltr'><strong>voluntate</strong></span> 
     </span>
    </p>
   </div>
   <div class='ocr_carea' id='block_1_31' title="bbox 1717 1641 3293 1699">
    <p class='ocr_par' dir='ltr' id='par_1_31' title="bbox 1717 1641 3293 1699">
     <span class='ocr_line' id='line_1_31' title="bbox 1717 1641 3293 1699; baseline -0.002 -3"><span class='ocrx_word' id='word_1_172' title='bbox 1717 1641 2108 1698; x_wconf 85' lang='lat' dir='ltr'><strong>deﬂcxcrunta</strong></span> <span class='ocrx_word' id='word_1_173' title='bbox 2129 1655 2277 1699; x_wconf 90' lang='lat' dir='ltr'><strong>recta</strong></span> <span class='ocrx_word' id='word_1_174' title='bbox 2304 1644 2537 1699; x_wconf 87' lang='lat' dir='ltr'><strong>ratione.</strong></span> <span class='ocrx_word' id='word_1_175' title='bbox 2568 1643 2626 1698; x_wconf 91' lang='lat' dir='ltr'><strong>Si</strong></span> <span class='ocrx_word' id='word_1_176' title='bbox 2652 1659 2785 1699; x_wconf 84' lang='lat' dir='ltr'><strong>vero</strong></span> <span class='ocrx_word' id='word_1_177' title='bbox 2819 1657 3131 1698; x_wconf 87' lang='lat' dir='ltr'><strong>asseramus</strong></span> <span class='ocrx_word' id='word_1_178' title='bbox 3156 1641 3293 1695; x_wconf 86' lang='lat' dir='ltr'><strong>tales</strong></span> 
     </span>
    </p>
   </div>
   <div class='ocr_carea' id='block_1_32' title="bbox 1716 1733 3292 1806">
    <p class='ocr_par' dir='ltr' id='par_1_32' title="bbox 1716 1733 3292 1806">
     <span class='ocr_line' id='line_1_32' title="bbox 1716 1733 3292 1806; baseline -0.001 -17"><span class='ocrx_word' id='word_1_179' title='bbox 1716 1750 1749 1789; x_wconf 86' lang='lat' dir='ltr'><strong>a</strong></span> <span class='ocrx_word' id='word_1_180' title='bbox 1802 1735 1916 1790; x_wconf 89' lang='lat' dir='ltr'><strong>Deo</strong></span> <span class='ocrx_word' id='word_1_181' title='bbox 1962 1736 2251 1791; x_wconf 88' lang='lat' dir='ltr'><strong>conditore</strong></span> <span class='ocrx_word' id='word_1_182' title='bbox 2307 1745 2517 1792; x_wconf 89' lang='lat' dir='ltr'><strong>creatas</strong></span> <span class='ocrx_word' id='word_1_183' title='bbox 2564 1752 2708 1801; x_wconf 89' lang='lat' dir='ltr'><strong>esse,</strong></span> <span class='ocrx_word' id='word_1_184' title='bbox 2755 1736 3017 1806; x_wconf 87' lang='lat' dir='ltr'><strong>injustum</strong></span> <span class='ocrx_word' id='word_1_185' title='bbox 3047 1733 3292 1805; x_wconf 75' lang='lat' dir='ltr'><strong>iudicem</strong></span> 
     </span>
    </p>
   </div>
   <div class='ocr_carea' id='block_1_33' title="bbox 63 1827 1613 1901">
    <p class='ocr_par' dir='ltr' id='par_1_33' title="bbox 63 1828 1613 1901">
     <span class='ocr_line' id='line_1_33' title="bbox 63 1828 1613 1901; baseline -0.001 -20"><span class='ocrx_word' id='word_1_186' title='bbox 63 1829 207 1894; x_wconf 86' lang='grc' dir='ltr'>Θεὸν,</span> <span class='ocrx_word' id='word_1_187' title='bbox 238 1829 523 1901; x_wconf 82' lang='grc' dir='ltr'><strong>πέμποντα</strong></span> <span class='ocrx_word' id='word_1_188' title='bbox 545 1831 623 1893; x_wconf 78' lang='grc' dir='ltr'>εἰς</span> <span class='ocrx_word' id='word_1_189' title='bbox 654 1829 765 1900; x_wconf 84' lang='grc' dir='ltr'><strong>πῦρ</strong></span> <span class='ocrx_word' id='word_1_190' title='bbox 790 1829 879 1883; x_wconf 82' lang='grc' dir='ltr'>τὸν</span> <span class='ocrx_word' id='word_1_191' title='bbox 901 1830 1167 1883; x_wconf 83' lang='grc' dir='ltr'>Σατανᾶν.</span> <span class='ocrx_word' id='word_1_192' title='bbox 1194 1829 1314 1883; x_wconf 67' lang='lat' dir='ltr'><strong>Eiet</strong></span> <span class='ocrx_word' id='word_1_193' title='bbox 1344 1828 1452 1897; x_wconf 85' lang='grc' dir='ltr'>γάρ</span> <span class='ocrx_word' id='word_1_194' title='bbox 1473 1844 1613 1892; x_wconf 88' lang='grc' dir='ltr'>τινες</span> 
     </span>
    </p>
   </div>
   <div class='ocr_carea' id='block_1_34' title="bbox 1718 1827 3291 1901">
    <p class='ocr_par' dir='ltr' id='par_1_34' title="bbox 1718 1827 3291 1899">
     <span class='ocr_line' id='line_1_34' title="bbox 1718 1827 3291 1899; baseline -0.003 -15"><span class='ocrx_word' id='word_1_195' title='bbox 1718 1843 1838 1884; x_wconf 88' lang='lat' dir='ltr'><strong>esse</strong></span> <span class='ocrx_word' id='word_1_196' title='bbox 1859 1828 2030 1882; x_wconf 91' lang='lat' dir='ltr'><strong>Deum</strong></span> <span class='ocrx_word' id='word_1_197' title='bbox 2078 1829 2393 1893; x_wconf 86' lang='lat' dir='ltr'><strong>statuimus,</strong></span> <span class='ocrx_word' id='word_1_198' title='bbox 2419 1828 2513 1898; x_wconf 90' lang='lat' dir='ltr'><strong>qui</strong></span> <span class='ocrx_word' id='word_1_199' title='bbox 2559 1828 2817 1884; x_wconf 87' lang='lat' dir='ltr'><strong>Satanam</strong></span> <span class='ocrx_word' id='word_1_200' title='bbox 2855 1828 2912 1882; x_wconf 92' lang='lat' dir='ltr'><strong>in</strong></span> <span class='ocrx_word' id='word_1_201' title='bbox 2942 1827 3121 1899; x_wconf 78' lang='lat' dir='ltr'><strong>ignem</strong></span> <span class='ocrx_word' id='word_1_202' title='bbox 3154 1841 3291 1880; x_wconf 89' lang='lat' dir='ltr'><strong>con-</strong></span> 
     </span>
    </p>
   </div>
   <div class='ocr_carea' id='block_1_35' title="bbox 62 1918 1617 1991">
    <p class='ocr_par' dir='ltr' id='par_1_35' title="bbox 62 1918 1617 1991">
     <span class='ocr_line' id='line_1_35' title="bbox 62 1918 1617 1991; baseline -0.001 -19"><span class='ocrx_word' id='word_1_203' title='bbox 62 1919 160 1972; x_wconf 83' lang='grc' dir='ltr'>τῶν</span> <span class='ocrx_word' id='word_1_204' title='bbox 188 1920 517 1991; x_wconf 85' lang='grc' dir='ltr'>αίρετικῶν,</span> <span class='ocrx_word' id='word_1_205' title='bbox 571 1918 825 1986; x_wconf 83' lang='grc' dir='ltr'>λέγοντες</span> <span class='ocrx_word' id='word_1_206' title='bbox 872 1920 1003 1989; x_wconf 73' lang='grc' dir='ltr'>ὕλην</span> <span class='ocrx_word' id='word_1_207' title='bbox 1056 1920 1309 1991; x_wconf 82' lang='grc' dir='ltr'><strong>ἄναρχον,</strong></span> <span class='ocrx_word' id='word_1_208' title='bbox 1356 1919 1450 1973; x_wconf 80' lang='grc' dir='ltr'>καὶ</span> <span class='ocrx_word' id='word_1_209' title='bbox 1483 1918 1617 1989; x_wconf 80' lang='grc' dir='ltr'>ὕλην</span> 
     </span>
    </p>
   </div>
   <div class='ocr_carea' id='block_1_36' title="bbox 59 2011 1618 2084">
    <p class='ocr_par' dir='ltr' id='par_1_36' title="bbox 59 2011 1618 2084">
     <span class='ocr_line' id='line_1_36' title="bbox 59 2011 1618 2084; baseline 0 -21"><span class='ocrx_word' id='word_1_210' title='bbox 59 2012 229 2081; x_wconf 72' lang='grc' dir='ltr'>ῥίζαν,</span> <span class='ocrx_word' id='word_1_211' title='bbox 260 2013 351 2066; x_wconf 74' lang='grc' dir='ltr'>καὶ</span> <span class='ocrx_word' id='word_1_212' title='bbox 397 2012 554 2084; x_wconf 75' lang='grc' dir='ltr'>ῥίζαν</span> <span class='ocrx_word' id='word_1_213' title='bbox 606 2012 835 2083; x_wconf 82' lang='grc' dir='ltr'>δύναμιν</span> <span class='ocrx_word' id='word_1_214' title='bbox 865 2052 882 2079; x_wconf 94' lang='grc'><strong>,</strong></span> <span class='ocrx_word' id='word_1_215' title='bbox 931 2013 1025 2067; x_wconf 72' lang='grc' dir='ltr'>καὶ</span> <span class='ocrx_word' id='word_1_216' title='bbox 1052 2012 1421 2083; x_wconf 84' lang='grc' dir='ltr'>ίσοδυναμίαν.</span> <span class='ocrx_word' id='word_1_217' title='bbox 1472 2011 1618 2082; x_wconf 81' lang='grc' dir='ltr'>Πρὸς</span> 
     </span>
    </p>
   </div>
   <div class='ocr_carea' id='block_1_37' title="bbox 55 2100 1618 2175">
    <p class='ocr_par' dir='ltr' id='par_1_37' title="bbox 55 2100 1618 2175">
     <span class='ocr_line' id='line_1_37' title="bbox 55 2100 1618 2175; baseline -0.001 -20"><span class='ocrx_word' id='word_1_218' title='bbox 55 2104 226 2175; x_wconf 73' lang='grc' dir='ltr'>τούτῳ</span> <span class='ocrx_word' id='word_1_219' title='bbox 252 2100 341 2167; x_wconf 78' lang='grc' dir='ltr'>οὖν</span> <span class='ocrx_word' id='word_1_220' title='bbox 368 2103 510 2174; x_wconf 78' lang='grc' dir='ltr'>ἔχεις</span> <span class='ocrx_word' id='word_1_221' title='bbox 560 2104 797 2173; x_wconf 78' lang='grc' dir='ltr'><strong>εὐλόγως</strong></span> <span class='ocrx_word' id='word_1_222' title='bbox 844 2104 1163 2169; x_wconf 84' lang='grc' dir='ltr'>ἀντιθεῖναι,</span> <span class='ocrx_word' id='word_1_223' title='bbox 1198 2104 1280 2157; x_wconf 81' lang='grc' dir='ltr'>ὅτι</span> <span class='ocrx_word' id='word_1_224' title='bbox 1322 2102 1450 2156; x_wconf 82' lang='grc' dir='ltr'>ποία</span> <span class='ocrx_word' id='word_1_225' title='bbox 1499 2101 1618 2155; x_wconf 72' lang='grc' dir='ltr'>ἐστὶ</span> 
     </span>
    </p>
   </div>
   <div class='ocr_carea' id='block_1_38' title="bbox 55 2193 1613 2266">
    <p class='ocr_par' dir='ltr' id='par_1_38' title="bbox 55 2193 1613 2266">
     <span class='ocr_line' id='line_1_38' title="bbox 55 2193 1613 2266; baseline 0 -19"><span class='ocrx_word' id='word_1_226' title='bbox 55 2195 240 2248; x_wconf 72' lang='grc' dir='ltr'>λοιπὸν</span> <span class='ocrx_word' id='word_1_227' title='bbox 266 2197 299 2266; x_wconf 84' lang='grc' dir='ltr'><strong>ἡ</strong></span> <span class='ocrx_word' id='word_1_228' title='bbox 323 2195 522 2248; x_wconf 81' lang='grc' dir='ltr'>νικῶσα</span> <span class='ocrx_word' id='word_1_229' title='bbox 547 2195 803 2266; x_wconf 83' lang='grc' dir='ltr'>δύναμις;</span> <span class='ocrx_word' id='word_1_230' title='bbox 831 2196 1044 2265; x_wconf 84' lang='grc' dir='ltr'><strong>ἀνάγκη</strong></span> <span class='ocrx_word' id='word_1_231' title='bbox 1077 2195 1135 2249; x_wconf 80' lang='grc' dir='ltr'>δὲ</span> <span class='ocrx_word' id='word_1_232' title='bbox 1164 2196 1245 2248; x_wconf 83' lang='grc' dir='ltr'>ὅτι</span> <span class='ocrx_word' id='word_1_233' title='bbox 1275 2196 1308 2265; x_wconf 85' lang='grc' dir='ltr'>ἠ</span> <span class='ocrx_word' id='word_1_234' title='bbox 1336 2193 1432 2247; x_wconf 91' lang='grc' dir='ltr'><strong>τοῦ</strong></span> <span class='ocrx_word' id='word_1_235' title='bbox 1456 2193 1613 2247; x_wconf 87' lang='grc' dir='ltr'>Θεοῦ.</span> 
     </span>
    </p>
   </div>
   <div class='ocr_carea' id='block_1_39' title="bbox 54 2286 1614 2359">
    <p class='ocr_par' dir='ltr' id='par_1_39' title="bbox 54 2286 1614 2359">
     <span class='ocr_line' id='line_1_39' title="bbox 54 2286 1614 2359; baseline -0.001 -20"><span class='ocrx_word' id='word_1_236' title='bbox 54 2286 254 2339; x_wconf 86' lang='grc' dir='ltr'>Λοιπὸν</span> <span class='ocrx_word' id='word_1_237' title='bbox 280 2286 457 2339; x_wconf 82' lang='grc' dir='ltr'>οὐκέτι</span> <span class='ocrx_word' id='word_1_238' title='bbox 489 2287 637 2340; x_wconf 81' lang='grc' dir='ltr'>ἐστὶν</span> <span class='ocrx_word' id='word_1_239' title='bbox 679 2287 975 2359; x_wconf 84' lang='grc' dir='ltr'>ἰσόχρονος,</span> <span class='ocrx_word' id='word_1_240' title='bbox 1033 2287 1066 2358; x_wconf 76' lang='grc' dir='ltr'>ἢ</span> <span class='ocrx_word' id='word_1_241' title='bbox 1102 2286 1420 2356; x_wconf 81' lang='grc' dir='ltr'>ἱσοδύναμος</span> <span class='ocrx_word' id='word_1_242' title='bbox 1455 2286 1483 2338; x_wconf 91' lang='lat'><strong>6</strong></span> <span class='ocrx_word' id='word_1_243' title='bbox 1516 2288 1614 2356; x_wconf 81' lang='grc' dir='ltr'>ἡτ-</span> 
     </span>
    </p>
   </div>
   <div class='ocr_carea' id='block_1_40' title="bbox 52 2378 1618 2449">
    <p class='ocr_par' dir='ltr' id='par_1_40' title="bbox 52 2378 1618 2449">
     <span class='ocr_line' id='line_1_40' title="bbox 52 2378 1618 2449; baseline 0.003 -20"><span class='ocrx_word' id='word_1_244' title='bbox 52 2378 307 2449; x_wconf 77' lang='grc' dir='ltr'>τώμενος.</span> <span class='ocrx_word' id='word_1_245' title='bbox 341 2381 404 2433; x_wconf 81' lang='grc' dir='ltr'><strong>Οἱ</strong></span> <span class='ocrx_word' id='word_1_246' title='bbox 455 2379 704 2449; x_wconf 81' lang='grc' dir='ltr'>λέγοντες</span> <span class='ocrx_word' id='word_1_247' title='bbox 734 2379 1096 2435; x_wconf 83' lang='grc' dir='ltr'>ἐνυπόστατον</span> <span class='ocrx_word' id='word_1_248' title='bbox 1128 2379 1189 2433; x_wconf 80' lang='grc' dir='ltr'>τὸ</span> <span class='ocrx_word' id='word_1_249' title='bbox 1221 2380 1412 2446; x_wconf 83' lang='grc' dir='ltr'>κακὸν,</span> <span class='ocrx_word' id='word_1_250' title='bbox 1465 2378 1618 2433; x_wconf 77' lang='grc' dir='ltr'>οὐδὲν</span> 
     </span>
    </p>
   </div>
   <div class='ocr_carea' id='block_1_41' title="bbox 56 2471 1616 2544">
    <p class='ocr_par' dir='ltr' id='par_1_41' title="bbox 56 2471 1616 2544">
     <span class='ocr_line' id='line_1_41' title="bbox 56 2471 1616 2544; baseline 0.001 -21"><span class='ocrx_word' id='word_1_251' title='bbox 56 2472 215 2524; x_wconf 80' lang='grc' dir='ltr'>ἴσασι.</span> <span class='ocrx_word' id='word_1_252' title='bbox 249 2471 369 2543; x_wconf 84' lang='grc' dir='ltr'><strong>Θεῷ</strong></span> <span class='ocrx_word' id='word_1_253' title='bbox 396 2472 505 2544; x_wconf 85' lang='grc' dir='ltr'>γὰρ</span> <span class='ocrx_word' id='word_1_254' title='bbox 534 2472 685 2527; x_wconf 79' lang='grc' dir='ltr'>οὐδέν</span> <span class='ocrx_word' id='word_1_255' title='bbox 714 2474 831 2527; x_wconf 87' lang='grc' dir='ltr'>ἐστι</span> <span class='ocrx_word' id='word_1_256' title='bbox 853 2474 1022 2528; x_wconf 71' lang='grc' dir='ltr'>κακὸν</span> <span class='ocrx_word' id='word_1_257' title='bbox 1048 2474 1431 2539; x_wconf 81' lang='grc' dir='ltr'>ἐνυπόστατον,</span> <span class='ocrx_word' id='word_1_258' title='bbox 1472 2472 1616 2525; x_wconf 83' lang='grc' dir='ltr'><strong>κατὰ</strong></span> 
     </span>
    </p>
   </div>
   <div class='ocr_carea' id='block_1_42' title="bbox 51 2562 1617 2637">
    <p class='ocr_par' dir='ltr' id='par_1_42' title="bbox 51 2562 1617 2637">
     <span class='ocr_line' id='line_1_42' title="bbox 51 2562 1617 2637; baseline 0.001 -22"><span class='ocrx_word' id='word_1_259' title='bbox 51 2563 106 2615; x_wconf 74' lang='grc' dir='ltr'>τὸ</span> <span class='ocrx_word' id='word_1_260' title='bbox 131 2565 339 2629; x_wconf 79' lang='grc' dir='ltr'>ἀπαθὲς</span> <span class='ocrx_word' id='word_1_261' title='bbox 370 2565 531 2618; x_wconf 68' lang='grc' dir='ltr'>αὑτοῦ</span> <span class='ocrx_word' id='word_1_262' title='bbox 565 2566 660 2619; x_wconf 77' lang='grc' dir='ltr'>καὶ</span> <span class='ocrx_word' id='word_1_263' title='bbox 684 2565 862 2619; x_wconf 82' lang='grc' dir='ltr'>θεϊκόν</span> <span class='ocrx_word' id='word_1_264' title='bbox 887 2583 901 2597; x_wconf 82' lang='grc'><em>’</em></span> <span class='ocrx_word' id='word_1_265' title='bbox 926 2568 1059 2637; x_wconf 81' lang='grc' dir='ltr'>ἡμῖν</span> <span class='ocrx_word' id='word_1_266' title='bbox 1089 2565 1146 2619; x_wconf 80' lang='grc' dir='ltr'><strong>δέ</strong></span> <span class='ocrx_word' id='word_1_267' title='bbox 1172 2567 1320 2619; x_wconf 82' lang='grc' dir='ltr'>ἐστιν</span> <span class='ocrx_word' id='word_1_268' title='bbox 1356 2562 1617 2635; x_wconf 76' lang='grc' dir='ltr'>ἐνεργοῦν</span> 
     </span>
    </p>
   </div>
   <div class='ocr_carea' id='block_1_43' title="bbox 48 2656 1617 2732">
    <p class='ocr_par' dir='ltr' id='par_1_43' title="bbox 48 2656 1617 2732">
     <span class='ocr_line' id='line_1_43' title="bbox 48 2656 1617 2732; baseline 0.001 -22"><span class='ocrx_word' id='word_1_269' title='bbox 48 2660 103 2710; x_wconf 81' lang='grc' dir='ltr'>ἐν</span> <span class='ocrx_word' id='word_1_270' title='bbox 142 2658 291 2732; x_wconf 81' lang='grc' dir='ltr'><strong>πάσῃ</strong></span> <span class='ocrx_word' id='word_1_271' title='bbox 311 2658 539 2729; x_wconf 82' lang='grc' dir='ltr'>δυνάμει</span> <span class='ocrx_word' id='word_1_272' title='bbox 561 2659 657 2713; x_wconf 76' lang='grc' dir='ltr'><strong>καὶ</strong></span> <span class='ocrx_word' id='word_1_273' title='bbox 682 2659 955 2729; x_wconf 78' lang='grc' dir='ltr'>αἰσθήσει,</span> <span class='ocrx_word' id='word_1_274' title='bbox 986 2659 1166 2722; x_wconf 82' lang='grc' dir='ltr'>πάσας</span> <span class='ocrx_word' id='word_1_275' title='bbox 1194 2656 1491 2729; x_wconf 80' lang='grc' dir='ltr'>ἐπιθυμίας</span> <span class='ocrx_word' id='word_1_276' title='bbox 1524 2659 1617 2728; x_wconf 80' lang='grc' dir='ltr'><strong>ῥυ-</strong></span> 
     </span>
    </p>
   </div>
   <div class='ocr_carea' id='block_1_44' title="bbox 47 2752 1617 2827">
    <p class='ocr_par' dir='ltr' id='par_1_44' title="bbox 47 2752 1617 2827">
     <span class='ocr_line' id='line_1_44' title="bbox 47 2752 1617 2827; baseline 0.001 -25"><span class='ocrx_word' id='word_1_277' title='bbox 47 2752 223 2821; x_wconf 76' lang='grc' dir='ltr'>παρὰς</span> <span class='ocrx_word' id='word_1_278' title='bbox 250 2752 571 2819; x_wconf 78' lang='grc' dir='ltr'>ὑποϐάλλον,</span> <span class='ocrx_word' id='word_1_279' title='bbox 605 2754 666 2806; x_wconf 85' lang='grc' dir='ltr'><strong>οὐ</strong></span> <span class='ocrx_word' id='word_1_280' title='bbox 699 2752 1008 2827; x_wconf 83' lang='grc' dir='ltr'>συνεκράθη</span> <span class='ocrx_word' id='word_1_281' title='bbox 1040 2752 1098 2806; x_wconf 80' lang='grc' dir='ltr'><strong>δὲ</strong></span> <span class='ocrx_word' id='word_1_282' title='bbox 1125 2752 1314 2818; x_wconf 75' lang='grc' dir='ltr'>οὕτως,</span> <span class='ocrx_word' id='word_1_283' title='bbox 1342 2752 1401 2805; x_wconf 86' lang='grc' dir='ltr'><strong>ὃν</strong></span> <span class='ocrx_word' id='word_1_284' title='bbox 1416 2752 1617 2823; x_wconf 85' lang='grc' dir='ltr'>τρόπον</span> 
     </span>
    </p>
   </div>
   <div class='ocr_carea' id='block_1_45' title="bbox 42 2842 1612 2915">
    <p class='ocr_par' dir='ltr' id='par_1_45' title="bbox 42 2842 1612 2915">
     <span class='ocr_line' id='line_1_45' title="bbox 42 2842 1612 2915; baseline 0.003 -21"><span class='ocrx_word' id='word_1_285' title='bbox 42 2843 182 2906; x_wconf 85' lang='grc' dir='ltr'>τινὲς</span> <span class='ocrx_word' id='word_1_286' title='bbox 218 2842 443 2912; x_wconf 76' lang='grc' dir='ltr'>λέγουσι</span> <span class='ocrx_word' id='word_1_287' title='bbox 469 2844 568 2915; x_wconf 83' lang='grc' dir='ltr'><strong>τὴν</strong></span> <span class='ocrx_word' id='word_1_288' title='bbox 607 2844 755 2914; x_wconf 83' lang='grc' dir='ltr'>μίξιν</span> <span class='ocrx_word' id='word_1_289' title='bbox 786 2845 880 2899; x_wconf 91' lang='grc' dir='ltr'><strong>τοῦ</strong></span> <span class='ocrx_word' id='word_1_290' title='bbox 936 2845 1078 2899; x_wconf 84' lang='grc' dir='ltr'>οῐνου</span> <span class='ocrx_word' id='word_1_291' title='bbox 1113 2847 1208 2900; x_wconf 72' lang='grc' dir='ltr'>καὶ</span> <span class='ocrx_word' id='word_1_292' title='bbox 1257 2846 1350 2899; x_wconf 91' lang='grc' dir='ltr'><strong>τοῦ</strong></span> <span class='ocrx_word' id='word_1_293' title='bbox 1403 2844 1612 2909; x_wconf 81' lang='grc' dir='ltr'>ὓδατος·</span> 
     </span>
    </p>
   </div>
   <div class='ocr_carea' id='block_1_46' title="bbox 41 2935 1617 3010">
    <p class='ocr_par' dir='ltr' id='par_1_46' title="bbox 41 2935 1617 3010">
     <span class='ocr_line' id='line_1_46' title="bbox 41 2935 1617 3010; baseline 0.002 -24"><span class='ocrx_word' id='word_1_294' title='bbox 41 2935 153 2987; x_wconf 80' lang='grc' dir='ltr'><strong>ἀλλ’</strong></span> <span class='ocrx_word' id='word_1_295' title='bbox 183 2935 261 2999; x_wconf 86' lang='grc' dir='ltr'>ὡς</span> <span class='ocrx_word' id='word_1_296' title='bbox 292 2936 441 2990; x_wconf 78' lang='grc' dir='ltr'>ἔστιν</span> <span class='ocrx_word' id='word_1_297' title='bbox 463 2938 520 2991; x_wconf 90' lang='grc' dir='ltr'><strong>ἐν</strong></span> <span class='ocrx_word' id='word_1_298' title='bbox 549 2939 649 3008; x_wconf 83' lang='grc' dir='ltr'>μιᾷ</span> <span class='ocrx_word' id='word_1_299' title='bbox 680 2937 838 3010; x_wconf 82' lang='grc' dir='ltr'>χώρᾳ</span> <span class='ocrx_word' id='word_1_300' title='bbox 881 2940 911 2992; x_wconf 96' lang='lat'><strong>6</strong></span> <span class='ocrx_word' id='word_1_301' title='bbox 943 2941 1091 3002; x_wconf 84' lang='grc' dir='ltr'>σῖτος</span> <span class='ocrx_word' id='word_1_302' title='bbox 1118 2939 1241 2992; x_wconf 82' lang='grc' dir='ltr'>καθ’</span> <span class='ocrx_word' id='word_1_303' title='bbox 1269 2938 1460 2991; x_wconf 80' lang='grc' dir='ltr'>ἑαυτὸν</span> <span class='ocrx_word' id='word_1_304' title='bbox 1479 2976 1494 3000; x_wconf 91' lang='grc'><strong>,</strong></span> <span class='ocrx_word' id='word_1_305' title='bbox 1524 2938 1617 2990; x_wconf 73' lang='grc' dir='ltr'>καὶ</span> 
     </span>
    </p>
   </div>
   <div class='ocr_carea' id='block_1_47' title="bbox 39 3028 1617 3102">
    <p class='ocr_par' dir='ltr' id='par_1_47' title="bbox 39 3028 1617 3102">
     <span class='ocr_line' id='line_1_47' title="bbox 39 3028 1617 3102; baseline 0.002 -21"><span class='ocrx_word' id='word_1_306' title='bbox 39 3029 105 3081; x_wconf 72' lang='grc' dir='ltr'>τὰ</span> <span class='ocrx_word' id='word_1_307' title='bbox 134 3028 357 3093; x_wconf 75' lang='grc' dir='ltr'>ζιζάνια</span> <span class='ocrx_word' id='word_1_308' title='bbox 385 3030 506 3084; x_wconf 84' lang='grc' dir='ltr'>καθ’</span> <span class='ocrx_word' id='word_1_309' title='bbox 537 3032 744 3086; x_wconf 74' lang='grc' dir='ltr'>ἐαυτάο</span> <span class='ocrx_word' id='word_1_310' title='bbox 777 3033 851 3096; x_wconf 82' lang='grc' dir='ltr'>ὡς</span> <span class='ocrx_word' id='word_1_311' title='bbox 885 3031 1033 3086; x_wconf 76' lang='grc' dir='ltr'>ἐστιν</span> <span class='ocrx_word' id='word_1_312' title='bbox 1085 3034 1142 3085; x_wconf 88' lang='grc' dir='ltr'><strong>ἐν</strong></span> <span class='ocrx_word' id='word_1_313' title='bbox 1173 3033 1307 3102; x_wconf 75' lang='grc' dir='ltr'>οἴκῳ</span> <span class='ocrx_word' id='word_1_314' title='bbox 1338 3032 1366 3083; x_wconf 91' lang='lat'><strong>6</strong></span> <span class='ocrx_word' id='word_1_315' title='bbox 1414 3031 1617 3102; x_wconf 84' lang='grc' dir='ltr'>λῃστὴς</span> 
     </span>
    </p>
   </div>
   <div class='ocr_carea' id='block_1_48' title="bbox 40 3120 1269 3195">
    <p class='ocr_par' dir='ltr' id='par_1_48' title="bbox 40 3120 1269 3195">
     <span class='ocr_line' id='line_1_48' title="bbox 40 3120 1269 3195; baseline 0.007 -23"><span class='ocrx_word' id='word_1_316' title='bbox 40 3121 159 3173; x_wconf 85' lang='grc' dir='ltr'>κατ’</span> <span class='ocrx_word' id='word_1_317' title='bbox 185 3120 345 3185; x_wconf 81' lang='grc' dir='ltr'>ἰδίαν,</span> <span class='ocrx_word' id='word_1_318' title='bbox 369 3121 463 3174; x_wconf 73' lang='grc' dir='ltr'>καὶ</span> <span class='ocrx_word' id='word_1_319' title='bbox 493 3122 522 3174; x_wconf 84' lang='grc' dir='ltr'><strong>ὁ</strong></span> <span class='ocrx_word' id='word_1_320' title='bbox 548 3123 932 3195; x_wconf 69' lang='grc' dir='ltr'><strong>οἰκοδεσπότης</strong></span> <span class='ocrx_word' id='word_1_321' title='bbox 957 3123 1080 3177; x_wconf 83' lang='grc' dir='ltr'>κατ’</span> <span class='ocrx_word' id='word_1_322' title='bbox 1110 3124 1269 3180; x_wconf 84' lang='grc' dir='ltr'>ίδὶαν.</span> 
     </span>
    </p>
   </div>
   <div class='ocr_carea' id='block_1_49' title="bbox 1711 1918 3295 1992">
    <p class='ocr_par' dir='ltr' id='par_1_49' title="bbox 1711 1918 3295 1992">
     <span class='ocr_line' id='line_1_49' title="bbox 1711 1918 3295 1992; baseline -0.002 -17"><span class='ocrx_word' id='word_1_323' title='bbox 1711 1920 1887 1992; x_wconf 89' lang='lat' dir='ltr'><strong>jiciat.</strong></span> <span class='ocrx_word' id='word_1_324' title='bbox 1914 1921 2037 1975; x_wconf 88' lang='lat' dir='ltr'><strong>Non</strong></span> <span class='ocrx_word' id='word_1_325' title='bbox 2065 1920 2267 1976; x_wconf 89' lang='lat' dir='ltr'><strong>desunt</strong></span> <span class='ocrx_word' id='word_1_326' title='bbox 2287 1921 2434 1975; x_wconf 90' lang='lat' dir='ltr'><strong>enim</strong></span> <span class='ocrx_word' id='word_1_327' title='bbox 2456 1920 2682 1990; x_wconf 90' lang='lat' dir='ltr'><strong>quidam</strong></span> <span class='ocrx_word' id='word_1_328' title='bbox 2700 1919 2970 1985; x_wconf 80' lang='lat' dir='ltr'><strong>haeretici,</strong></span> <span class='ocrx_word' id='word_1_329' title='bbox 2988 1918 3083 1989; x_wconf 93' lang='lat' dir='ltr'><strong>qui</strong></span> <span class='ocrx_word' id='word_1_330' title='bbox 3106 1918 3295 1973; x_wconf 82' lang='lat' dir='ltr'><strong>dicant</strong></span> 
     </span>
    </p>
   </div>
   <div class='ocr_carea' id='block_1_50' title="bbox 1717 2008 3290 2075">
    <p class='ocr_par' dir='ltr' id='par_1_50' title="bbox 1717 2008 3290 2075">
     <span class='ocr_line' id='line_1_50' title="bbox 1717 2008 3290 2075; baseline 0 -12"><span class='ocrx_word' id='word_1_331' title='bbox 1717 2010 2004 2064; x_wconf 78' lang='lat' dir='ltr'><strong>materiam</strong></span> <span class='ocrx_word' id='word_1_332' title='bbox 2040 2009 2200 2065; x_wconf 88' lang='lat' dir='ltr'><strong>initio</strong></span> <span class='ocrx_word' id='word_1_333' title='bbox 2223 2024 2434 2075; x_wconf 87' lang='lat' dir='ltr'><strong>carere,</strong></span> <span class='ocrx_word' id='word_1_334' title='bbox 2469 2022 2525 2065; x_wconf 90' lang='lat' dir='ltr'><strong>et</strong></span> <span class='ocrx_word' id='word_1_335' title='bbox 2552 2010 2838 2065; x_wconf 82' lang='lat' dir='ltr'><strong>materiam</strong></span> <span class='ocrx_word' id='word_1_336' title='bbox 2878 2025 3001 2065; x_wconf 89' lang='lat' dir='ltr'><strong>esse</strong></span> <span class='ocrx_word' id='word_1_337' title='bbox 3025 2008 3290 2070; x_wconf 89' lang='lat' dir='ltr'><strong>radicem.</strong></span> 
     </span>
    </p>
   </div>
   <div class='ocr_carea' id='block_1_51' title="bbox 1717 2102 3293 2174">
    <p class='ocr_par' dir='ltr' id='par_1_51' title="bbox 1717 2102 3293 2174">
     <span class='ocr_line' id='line_1_51' title="bbox 1717 2102 3293 2174; baseline -0.001 -17"><span class='ocrx_word' id='word_1_338' title='bbox 1717 2110 1773 2157; x_wconf 90' lang='lat' dir='ltr'><strong>et</strong></span> <span class='ocrx_word' id='word_1_339' title='bbox 1800 2102 2040 2157; x_wconf 89' lang='lat' dir='ltr'><strong>radicem</strong></span> <span class='ocrx_word' id='word_1_340' title='bbox 2072 2118 2199 2159; x_wconf 90' lang='lat' dir='ltr'><strong>esse</strong></span> <span class='ocrx_word' id='word_1_341' title='bbox 2224 2103 2508 2166; x_wconf 86' lang='lat' dir='ltr'><strong>virtutem,</strong></span> <span class='ocrx_word' id='word_1_342' title='bbox 2535 2113 2591 2158; x_wconf 86' lang='lat' dir='ltr'><strong>et</strong></span> <span class='ocrx_word' id='word_1_343' title='bbox 2613 2103 2838 2174; x_wconf 89' lang='lat' dir='ltr'><strong>quidem</strong></span> <span class='ocrx_word' id='word_1_344' title='bbox 2874 2110 3147 2173; x_wconf 87' lang='lat' dir='ltr'><strong>potestate</strong></span> <span class='ocrx_word' id='word_1_345' title='bbox 3179 2102 3293 2155; x_wconf 84' lang='lat' dir='ltr'><strong>Deo</strong></span> 
     </span>
    </p>
   </div>
   <div class='ocr_carea' id='block_1_52' title="bbox 1717 2193 3293 2266">
    <p class='ocr_par' dir='ltr' id='par_1_52' title="bbox 1717 2193 3293 2266">
     <span class='ocr_line' id='line_1_52' title="bbox 1717 2193 3293 2266; baseline 0 -18"><span class='ocrx_word' id='word_1_346' title='bbox 1717 2211 1928 2266; x_wconf 89' lang='lat' dir='ltr'><strong>parem.</strong></span> <span class='ocrx_word' id='word_1_347' title='bbox 1976 2194 2079 2251; x_wconf 90' lang='lat' dir='ltr'><strong>Cui</strong></span> <span class='ocrx_word' id='word_1_348' title='bbox 2140 2196 2430 2251; x_wconf 89' lang='lat' dir='ltr'><strong>commode</strong></span> <span class='ocrx_word' id='word_1_349' title='bbox 2488 2209 2552 2250; x_wconf 79' lang='lat' dir='ltr'><strong>ac</strong></span> <span class='ocrx_word' id='word_1_350' title='bbox 2602 2197 2739 2251; x_wconf 87' lang='lat' dir='ltr'><strong>scite</strong></span> <span class='ocrx_word' id='word_1_351' title='bbox 2791 2195 3035 2266; x_wconf 89' lang='lat' dir='ltr'><strong>objicere</strong></span> <span class='ocrx_word' id='word_1_352' title='bbox 3090 2193 3293 2264; x_wconf 90' lang='lat' dir='ltr'><strong>possis,</strong></span> 
     </span>
    </p>
   </div>
   <div class='ocr_carea' id='block_1_53' title="bbox 1717 2286 3295 2359">
    <p class='ocr_par' dir='ltr' id='par_1_53' title="bbox 1717 2286 3295 2359">
     <span class='ocr_line' id='line_1_53' title="bbox 1717 2286 3295 2359; baseline 0 -18"><span class='ocrx_word' id='word_1_353' title='bbox 1717 2302 1967 2357; x_wconf 71' lang='lat' dir='ltr'><strong>quaenam</strong></span> <span class='ocrx_word' id='word_1_354' title='bbox 2002 2302 2133 2359; x_wconf 82' lang='lat' dir='ltr'><strong>ergo</strong></span> <span class='ocrx_word' id='word_1_355' title='bbox 2155 2287 2378 2343; x_wconf 89' lang='lat' dir='ltr'><strong>demum</strong></span> <span class='ocrx_word' id='word_1_356' title='bbox 2405 2296 2491 2344; x_wconf 90' lang='lat' dir='ltr'><strong>est</strong></span> <span class='ocrx_word' id='word_1_357' title='bbox 2516 2288 2695 2343; x_wconf 83' lang='lat' dir='ltr'><strong>virtus</strong></span> <span class='ocrx_word' id='word_1_358' title='bbox 2711 2288 2947 2359; x_wconf 89' lang='lat' dir='ltr'><strong>palmam</strong></span> <span class='ocrx_word' id='word_1_359' title='bbox 2968 2286 3295 2358; x_wconf 76' lang='lat' dir='ltr'><strong>reportans?</strong></span> 
     </span>
    </p>
   </div>
   <div class='ocr_carea' id='block_1_54' title="bbox 1717 2375 3290 2448">
    <p class='ocr_par' dir='ltr' id='par_1_54' title="bbox 1717 2375 3290 2448">
     <span class='ocr_line' id='line_1_54' title="bbox 1717 2375 3290 2448; baseline 0 -17"><span class='ocrx_word' id='word_1_360' title='bbox 1717 2375 1946 2445; x_wconf 89' lang='lat' dir='ltr'><strong>Oportet</strong></span> <span class='ocrx_word' id='word_1_361' title='bbox 1987 2386 2171 2431; x_wconf 89' lang='lat' dir='ltr'><strong>autem</strong></span> <span class='ocrx_word' id='word_1_362' title='bbox 2193 2377 2365 2432; x_wconf 89' lang='lat' dir='ltr'><strong>dubio</strong></span> <span class='ocrx_word' id='word_1_363' title='bbox 2408 2378 2598 2448; x_wconf 91' lang='lat' dir='ltr'><strong>procul</strong></span> <span class='ocrx_word' id='word_1_364' title='bbox 2625 2386 2954 2448; x_wconf 88' lang='lat' dir='ltr'><strong>potestatem</strong></span> <span class='ocrx_word' id='word_1_365' title='bbox 3000 2377 3099 2433; x_wconf 88' lang='lat' dir='ltr'><strong>Dei</strong></span> <span class='ocrx_word' id='word_1_366' title='bbox 3138 2391 3290 2443; x_wconf 88' lang='lat' dir='ltr'><strong>esse;</strong></span> 
     </span>
    </p>
   </div>
   <div class='ocr_carea' id='block_1_55' title="bbox 1716 2478 3293 2542">
    <p class='ocr_par' dir='ltr' id='par_1_55' title="bbox 1716 2478 3293 2542">
     <span class='ocr_line' id='line_1_55' title="bbox 1716 2478 3293 2542; baseline 0.001 -19"><span class='ocrx_word' id='word_1_367' title='bbox 1716 2478 2054 2540; x_wconf 88' lang='lat' dir='ltr'><strong>quapropter</strong></span> <span class='ocrx_word' id='word_1_368' title='bbox 2081 2481 2327 2542; x_wconf 90' lang='lat' dir='ltr'><strong>tempore</strong></span> <span class='ocrx_word' id='word_1_369' title='bbox 2347 2483 2442 2526; x_wconf 92' lang='lat' dir='ltr'><strong>aut</strong></span> <span class='ocrx_word' id='word_1_370' title='bbox 2464 2480 2738 2542; x_wconf 86' lang='lat' dir='ltr'><strong>potestate</strong></span> <span class='ocrx_word' id='word_1_371' title='bbox 2764 2487 2864 2541; x_wconf 89' lang='lat' dir='ltr'><strong>par</strong></span> <span class='ocrx_word' id='word_1_372' title='bbox 2894 2485 3013 2527; x_wconf 88' lang='lat' dir='ltr'><strong>esse</strong></span> <span class='ocrx_word' id='word_1_373' title='bbox 3048 2486 3161 2525; x_wconf 92' lang='lat' dir='ltr'><strong>non</strong></span> <span class='ocrx_word' id='word_1_374' title='bbox 3190 2483 3293 2540; x_wconf 88' lang='lat' dir='ltr'><strong>po-</strong></span> 
     </span>
    </p>
   </div>
   <div class='ocr_carea' id='block_1_56' title="bbox 1717 2561 3294 2633">
    <p class='ocr_par' dir='ltr' id='par_1_56' title="bbox 1717 2561 3294 2633">
     <span class='ocr_line' id='line_1_56' title="bbox 1717 2561 3294 2633; baseline 0.001 -16"><span class='ocrx_word' id='word_1_375' title='bbox 1717 2570 1846 2628; x_wconf 90' lang='lat' dir='ltr'><strong>test,</strong></span> <span class='ocrx_word' id='word_1_376' title='bbox 1901 2562 1997 2633; x_wconf 87' lang='lat' dir='ltr'><strong>qui</strong></span> <span class='ocrx_word' id='word_1_377' title='bbox 2038 2563 2218 2619; x_wconf 82' lang='lat' dir='ltr'><strong>victus</strong></span> <span class='ocrx_word' id='word_1_378' title='bbox 2253 2564 2583 2620; x_wconf 88' lang='lat' dir='ltr'><strong>succumbit.</strong></span> <span class='ocrx_word' id='word_1_379' title='bbox 2641 2564 2743 2630; x_wconf 87' lang='lat' dir='ltr'><strong>Qui</strong></span> <span class='ocrx_word' id='word_1_380' title='bbox 2798 2578 2932 2619; x_wconf 84' lang='lat' dir='ltr'><strong>vero</strong></span> <span class='ocrx_word' id='word_1_381' title='bbox 2997 2561 3294 2627; x_wconf 80' lang='lat' dir='ltr'><strong>aﬂirmant,</strong></span> 
     </span>
    </p>
   </div>
   <div class='ocr_carea' id='block_1_57' title="bbox 1716 2654 3294 2728">
    <p class='ocr_par' dir='ltr' id='par_1_57' title="bbox 1716 2654 3294 2728">
     <span class='ocr_line' id='line_1_57' title="bbox 1716 2654 3294 2728; baseline -0.001 -18"><span class='ocrx_word' id='word_1_382' title='bbox 1716 2656 1921 2710; x_wconf 87' lang='lat' dir='ltr'><strong>malum</strong></span> <span class='ocrx_word' id='word_1_383' title='bbox 1950 2655 2361 2713; x_wconf 89' lang='lat' dir='ltr'><strong>subsistentiam</strong></span> <span class='ocrx_word' id='word_1_384' title='bbox 2415 2657 2472 2712; x_wconf 91' lang='lat' dir='ltr'><strong>in</strong></span> <span class='ocrx_word' id='word_1_385' title='bbox 2522 2657 2709 2728; x_wconf 90' lang='lat' dir='ltr'><strong>aliquo</strong></span> <span class='ocrx_word' id='word_1_386' title='bbox 2765 2655 2993 2721; x_wconf 88' lang='lat' dir='ltr'><strong>habere,</strong></span> <span class='ocrx_word' id='word_1_387' title='bbox 3043 2654 3294 2711; x_wconf 91' lang='lat' dir='ltr'><strong>omnium</strong></span> 
     </span>
    </p>
   </div>
   <div class='ocr_carea' id='block_1_58' title="bbox 1718 2749 3292 2810">
    <p class='ocr_par' dir='ltr' id='par_1_58' title="bbox 1718 2749 3292 2810">
     <span class='ocr_line' id='line_1_58' title="bbox 1718 2749 3292 2810; baseline 0 -7"><span class='ocrx_word' id='word_1_388' title='bbox 1718 2765 1903 2804; x_wconf 90' lang='lat' dir='ltr'><strong>rerum</strong></span> <span class='ocrx_word' id='word_1_389' title='bbox 1959 2751 2156 2810; x_wconf 77' lang='lat' dir='ltr'><strong>rudes,</strong></span> <span class='ocrx_word' id='word_1_390' title='bbox 2184 2759 2355 2806; x_wconf 90' lang='lat' dir='ltr'><strong>sunt:</strong></span> <span class='ocrx_word' id='word_1_391' title='bbox 2414 2751 2472 2806; x_wconf 91' lang='lat' dir='ltr'><strong>in</strong></span> <span class='ocrx_word' id='word_1_392' title='bbox 2518 2752 2632 2806; x_wconf 92' lang='lat' dir='ltr'><strong>Deo</strong></span> <span class='ocrx_word' id='word_1_393' title='bbox 2661 2751 2810 2806; x_wconf 90' lang='lat' dir='ltr'><strong>enim</strong></span> <span class='ocrx_word' id='word_1_394' title='bbox 2836 2751 3053 2805; x_wconf 90' lang='lat' dir='ltr'><strong>nullum</strong></span> <span class='ocrx_word' id='word_1_395' title='bbox 3083 2749 3292 2804; x_wconf 88' lang='lat' dir='ltr'><strong>malum</strong></span> 
     </span>
    </p>
   </div>
   <div class='ocr_carea' id='block_1_59' title="bbox 1717 2842 3297 2914">
    <p class='ocr_par' dir='ltr' id='par_1_59' title="bbox 1717 2842 3297 2914">
     <span class='ocr_line' id='line_1_59' title="bbox 1717 2842 3297 2914; baseline -0.001 -16"><span class='ocrx_word' id='word_1_396' title='bbox 1717 2842 1990 2910; x_wconf 88' lang='lat' dir='ltr'><strong>subsistit,</strong></span> <span class='ocrx_word' id='word_1_397' title='bbox 2023 2859 2151 2898; x_wconf 88' lang='lat' dir='ltr'><strong>cum</strong></span> <span class='ocrx_word' id='word_1_398' title='bbox 2182 2845 2297 2914; x_wconf 89' lang='lat' dir='ltr'><strong>ipse</strong></span> <span class='ocrx_word' id='word_1_399' title='bbox 2327 2844 2679 2914; x_wconf 86' lang='lat' dir='ltr'><strong>passionibus</strong></span> <span class='ocrx_word' id='word_1_400' title='bbox 2725 2860 2836 2899; x_wconf 91' lang='lat' dir='ltr'><strong>non</strong></span> <span class='ocrx_word' id='word_1_401' title='bbox 2897 2845 2970 2899; x_wconf 90' lang='lat' dir='ltr'><strong>sit</strong></span> <span class='ocrx_word' id='word_1_402' title='bbox 3018 2843 3297 2899; x_wconf 79' lang='lat' dir='ltr'><strong>obnoxius</strong></span> 
     </span>
    </p>
   </div>
   <div class='ocr_carea' id='block_1_60' title="bbox 1716 2934 3295 3007">
    <p class='ocr_par' dir='ltr' id='par_1_60' title="bbox 1716 2934 3295 3007">
     <span class='ocr_line' id='line_1_60' title="bbox 1716 2934 3295 3007; baseline 0.001 -19"><span class='ocrx_word' id='word_1_403' title='bbox 1716 2942 1773 2988; x_wconf 91' lang='lat' dir='ltr'><strong>et</strong></span> <span class='ocrx_word' id='word_1_404' title='bbox 1808 2934 2068 2990; x_wconf 89' lang='lat' dir='ltr'><strong>deitatem</strong></span> <span class='ocrx_word' id='word_1_405' title='bbox 2112 2935 2429 3004; x_wconf 88' lang='lat' dir='ltr'><strong>possideat:</strong></span> <span class='ocrx_word' id='word_1_406' title='bbox 2480 2938 2536 2991; x_wconf 90' lang='lat' dir='ltr'><strong>in</strong></span> <span class='ocrx_word' id='word_1_407' title='bbox 2581 2936 2743 2992; x_wconf 91' lang='lat' dir='ltr'><strong>nobis</strong></span> <span class='ocrx_word' id='word_1_408' title='bbox 2791 2944 2979 2992; x_wconf 89' lang='lat' dir='ltr'><strong>autem</strong></span> <span class='ocrx_word' id='word_1_409' title='bbox 3032 2944 3295 3007; x_wconf 84' lang='lat' dir='ltr'><strong>Operatur</strong></span> 
     </span>
    </p>
   </div>
   <div class='ocr_carea' id='block_1_61' title="bbox 1716 3028 3299 3099">
    <p class='ocr_par' dir='ltr' id='par_1_61' title="bbox 1716 3028 3299 3099">
     <span class='ocr_line' id='line_1_61' title="bbox 1716 3028 3299 3099; baseline 0 -15"><span class='ocrx_word' id='word_1_410' title='bbox 1716 3043 1842 3084; x_wconf 89' lang='lat' dir='ltr'><strong>cum</strong></span> <span class='ocrx_word' id='word_1_411' title='bbox 1864 3028 2011 3084; x_wconf 93' lang='lat' dir='ltr'><strong>omni</strong></span> <span class='ocrx_word' id='word_1_412' title='bbox 2049 3036 2327 3099; x_wconf 86' lang='lat' dir='ltr'><strong>potestate</strong></span> <span class='ocrx_word' id='word_1_413' title='bbox 2367 3039 2424 3085; x_wconf 91' lang='lat' dir='ltr'><strong>et</strong></span> <span class='ocrx_word' id='word_1_414' title='bbox 2462 3045 2648 3097; x_wconf 88' lang='lat' dir='ltr'><strong>sensu,</strong></span> <span class='ocrx_word' id='word_1_415' title='bbox 2699 3030 2968 3086; x_wconf 86' lang='lat' dir='ltr'><strong>obscenas</strong></span> <span class='ocrx_word' id='word_1_416' title='bbox 2994 3029 3176 3084; x_wconf 90' lang='lat' dir='ltr'><strong>omnis</strong></span> <span class='ocrx_word' id='word_1_417' title='bbox 3203 3043 3299 3099; x_wconf 77' lang='lat' dir='ltr'><strong>ge-</strong></span> 
     </span>
    </p>
   </div>
   <div class='ocr_carea' id='block_1_62' title="bbox 1716 3121 3293 3193">
    <p class='ocr_par' dir='ltr' id='par_1_62' title="bbox 1716 3121 3293 3193">
     <span class='ocr_line' id='line_1_62' title="bbox 1716 3121 3293 3193; baseline 0 -18"><span class='ocrx_word' id='word_1_418' title='bbox 1716 3121 1867 3176; x_wconf 91' lang='lat' dir='ltr'><strong>neris</strong></span> <span class='ocrx_word' id='word_1_419' title='bbox 1900 3122 2233 3192; x_wconf 89' lang='lat' dir='ltr'><strong>cupiditates</strong></span> <span class='ocrx_word' id='word_1_420' title='bbox 2264 3137 2565 3193; x_wconf 79' lang='lat' dir='ltr'><strong>suggerens</strong></span> <span class='ocrx_word' id='word_1_421' title='bbox 2588 3140 2602 3177; x_wconf 90' lang='lat'>:</span> <span class='ocrx_word' id='word_1_422' title='bbox 2626 3138 2738 3177; x_wconf 90' lang='lat' dir='ltr'><strong>non</strong></span> <span class='ocrx_word' id='word_1_423' title='bbox 2785 3132 2967 3177; x_wconf 89' lang='lat' dir='ltr'><strong>tamen</strong></span> <span class='ocrx_word' id='word_1_424' title='bbox 2995 3138 3063 3178; x_wconf 91' lang='lat' dir='ltr'><strong>eo</strong></span> <span class='ocrx_word' id='word_1_425' title='bbox 3092 3121 3293 3187; x_wconf 84' lang='lat' dir='ltr'><strong>modo,</strong></span> 
     </span>
    </p>
   </div>
   <div class='ocr_carea' id='block_1_63' title="bbox 39 3211 3296 3285">
    <p class='ocr_par' dir='ltr' id='par_1_63' title="bbox 39 3211 3296 3285">
     <span class='ocr_line' id='line_1_63' title="bbox 39 3211 3296 3285; baseline 0 -19"><span class='ocrx_word' id='word_1_426' title='bbox 39 3228 149 3281; x_wconf 84' lang='lat' dir='ltr'><strong>quo</strong></span> <span class='ocrx_word' id='word_1_427' title='bbox 209 3213 407 3266; x_wconf 75' lang='lat' dir='ltr'><strong>vinum</strong></span> <span class='ocrx_word' id='word_1_428' title='bbox 456 3228 597 3284; x_wconf 86' lang='lat' dir='ltr'><strong>aqua</strong></span> <span class='ocrx_word' id='word_1_429' title='bbox 638 3215 776 3271; x_wconf 92' lang='lat' dir='ltr'><strong>dilui</strong></span> <span class='ocrx_word' id='word_1_430' title='bbox 828 3215 1073 3280; x_wconf 87' lang='lat' dir='ltr'><strong>tradunt,</strong></span> <span class='ocrx_word' id='word_1_431' title='bbox 1148 3213 1473 3285; x_wconf 87' lang='lat' dir='ltr'><strong>permistum</strong></span> <span class='ocrx_word' id='word_1_432' title='bbox 1514 3221 1637 3267; x_wconf 84' lang='lat' dir='ltr'><strong>est:</strong></span> <span class='ocrx_word' id='word_1_433' title='bbox 1677 3228 1873 3268; x_wconf 82' lang='lat' dir='ltr'><strong>verum</strong></span> <span class='ocrx_word' id='word_1_434' title='bbox 1925 3212 2157 3284; x_wconf 91' lang='lat' dir='ltr'><strong>perinde</strong></span> <span class='ocrx_word' id='word_1_435' title='bbox 2202 3228 2269 3268; x_wconf 91' lang='lat' dir='ltr'><strong>ac</strong></span> <span class='ocrx_word' id='word_1_436' title='bbox 2318 3211 2497 3267; x_wconf 89' lang='lat' dir='ltr'><strong>estin</strong></span> <span class='ocrx_word' id='word_1_437' title='bbox 2546 3228 2656 3267; x_wconf 92' lang='lat' dir='ltr'><strong>una</strong></span> <span class='ocrx_word' id='word_1_438' title='bbox 2700 3213 3005 3282; x_wconf 90' lang='lat' dir='ltr'><strong>eademque</strong></span> <span class='ocrx_word' id='word_1_439' title='bbox 3069 3212 3296 3283; x_wconf 83' lang='lat' dir='ltr'><strong>regione</strong></span> 
     </span>
    </p>
   </div>
   <div class='ocr_carea' id='block_1_64' title="bbox 39 3303 3298 3376">
    <p class='ocr_par' dir='ltr' id='par_1_64' title="bbox 39 3303 3298 3376">
     <span class='ocr_line' id='line_1_64' title="bbox 39 3303 3298 3376; baseline -0.001 -17"><span class='ocrx_word' id='word_1_440' title='bbox 39 3306 271 3360; x_wconf 77' lang='lat' dir='ltr'><strong>seorsim</strong></span> <span class='ocrx_word' id='word_1_441' title='bbox 298 3306 466 3361; x_wconf 90' lang='lat' dir='ltr'><strong>situm</strong></span> <span class='ocrx_word' id='word_1_442' title='bbox 488 3307 847 3372; x_wconf 78' lang='lat' dir='ltr'><strong>frumentum,</strong></span> <span class='ocrx_word' id='word_1_443' title='bbox 873 3316 928 3364; x_wconf 89' lang='lat' dir='ltr'><strong>et</strong></span> <span class='ocrx_word' id='word_1_444' title='bbox 949 3307 1183 3364; x_wconf 90' lang='lat' dir='ltr'><strong>seorsim</strong></span> <span class='ocrx_word' id='word_1_445' title='bbox 1207 3306 1337 3362; x_wconf 91' lang='lat' dir='ltr'><strong>lolia</strong></span> <span class='ocrx_word' id='word_1_446' title='bbox 1371 3323 1385 3360; x_wconf 92' lang='lat'>:</span> <span class='ocrx_word' id='word_1_447' title='bbox 1416 3304 1647 3376; x_wconf 90' lang='lat' dir='ltr'><strong>perinde</strong></span> <span class='ocrx_word' id='word_1_448' title='bbox 1684 3320 1748 3361; x_wconf 90' lang='lat' dir='ltr'><strong>ac</strong></span> <span class='ocrx_word' id='word_1_449' title='bbox 1777 3315 1863 3361; x_wconf 91' lang='lat' dir='ltr'><strong>est</strong></span> <span class='ocrx_word' id='word_1_450' title='bbox 1890 3305 1946 3360; x_wconf 91' lang='lat' dir='ltr'><strong>in</strong></span> <span class='ocrx_word' id='word_1_451' title='bbox 1995 3305 2159 3360; x_wconf 90' lang='lat' dir='ltr'><strong>domo</strong></span> <span class='ocrx_word' id='word_1_452' title='bbox 2184 3305 2414 3362; x_wconf 91' lang='lat' dir='ltr'><strong>seorsim</strong></span> <span class='ocrx_word' id='word_1_453' title='bbox 2452 3306 2616 3370; x_wconf 87' lang='lat' dir='ltr'><strong>latro,</strong></span> <span class='ocrx_word' id='word_1_454' title='bbox 2662 3312 2719 3360; x_wconf 91' lang='lat' dir='ltr'><strong>et</strong></span> <span class='ocrx_word' id='word_1_455' title='bbox 2781 3305 3006 3360; x_wconf 89' lang='lat' dir='ltr'><strong>seorsim</strong></span> <span class='ocrx_word' id='word_1_456' title='bbox 3036 3303 3298 3360; x_wconf 88' lang='lat' dir='ltr'><strong>dominus</strong></span> 
     </span>
    </p>
   </div>
   <div class='ocr_carea' id='block_1_65' title="bbox 39 3399 261 3455">
    <p class='ocr_par' dir='ltr' id='par_1_65' title="bbox 39 3399 261 3455">
     <span class='ocr_line' id='line_1_65' title="bbox 39 3399 261 3455; baseline 0.018 -4"><span class='ocrx_word' id='word_1_457' title='bbox 39 3399 261 3455; x_wconf 82' lang='lat' dir='ltr'><strong>domus.</strong></span> 
     </span>
    </p>
   </div>
   <div class='ocr_carea' id='block_1_66' title="bbox 115 3488 1613 3565">
    <p class='ocr_par' dir='ltr' id='par_1_66' title="bbox 115 3490 1613 3565">
     <span class='ocr_line' id='line_1_66' title="bbox 115 3490 1613 3565; baseline 0.001 -22"><span class='ocrx_word' id='word_1_458' title='bbox 115 3490 196 3546; x_wconf 85' lang='lat' dir='ltr'><strong>B&#39;.</strong></span> <span class='ocrx_word' id='word_1_459' title='bbox 222 3493 373 3545; x_wconf 82' lang='grc' dir='ltr'>Ἐστι</span> <span class='ocrx_word' id='word_1_460' title='bbox 398 3493 551 3564; x_wconf 84' lang='grc' dir='ltr'>πηγὴ</span> <span class='ocrx_word' id='word_1_461' title='bbox 590 3492 789 3563; x_wconf 75' lang='grc' dir='ltr'>ῥέουσα</span> <span class='ocrx_word' id='word_1_462' title='bbox 824 3493 969 3565; x_wconf 72' lang='grc' dir='ltr'>ὕδωρ</span> <span class='ocrx_word' id='word_1_463' title='bbox 989 3493 1248 3564; x_wconf 69' lang='grc' dir='ltr'>καθαρὸν,</span> <span class='ocrx_word' id='word_1_464' title='bbox 1278 3495 1373 3548; x_wconf 69' lang='grc' dir='ltr'><strong>καὶ</strong></span> <span class='ocrx_word' id='word_1_465' title='bbox 1398 3493 1613 3547; x_wconf 80' lang='grc' dir='ltr'>ὑπόκει-</span> 
     </span>
    </p>
   </div>
   <div class='ocr_carea' id='block_1_67' title="bbox 1718 3488 3298 3565">
    <p class='ocr_par' dir='ltr' id='par_1_67' title="bbox 1789 3488 3298 3561">
     <span class='ocr_line' id='line_1_67' title="bbox 1789 3488 3298 3561; baseline 0 -16"><span class='ocrx_word' id='word_1_466' title='bbox 1789 3492 1857 3546; x_wconf 84' lang='lat' dir='ltr'><strong>Il.</strong></span> <span class='ocrx_word' id='word_1_467' title='bbox 1885 3490 1968 3546; x_wconf 91' lang='lat' dir='ltr'><strong>Sit</strong></span> <span class='ocrx_word' id='word_1_468' title='bbox 1998 3489 2144 3556; x_wconf 80' lang='lat' dir='ltr'><strong>fons,</strong></span> <span class='ocrx_word' id='word_1_469' title='bbox 2169 3489 2265 3561; x_wconf 90' lang='lat' dir='ltr'><strong>qui</strong></span> <span class='ocrx_word' id='word_1_470' title='bbox 2291 3505 2489 3560; x_wconf 89' lang='lat' dir='ltr'><strong>puram</strong></span> <span class='ocrx_word' id='word_1_471' title='bbox 2523 3505 2721 3559; x_wconf 84' lang='lat' dir='ltr'><strong>aquam</strong></span> <span class='ocrx_word' id='word_1_472' title='bbox 2772 3490 3006 3555; x_wconf 90' lang='lat' dir='ltr'><strong>emittat,</strong></span> <span class='ocrx_word' id='word_1_473' title='bbox 3056 3505 3122 3545; x_wconf 88' lang='lat' dir='ltr'><strong>ac</strong></span> <span class='ocrx_word' id='word_1_474' title='bbox 3165 3488 3298 3545; x_wconf 89' lang='lat' dir='ltr'><strong>sub-</strong></span> 
     </span>
    </p>
   </div>
   <div class='ocr_carea' id='block_1_68' title="bbox 39 3584 1612 3658">
    <p class='ocr_par' dir='ltr' id='par_1_68' title="bbox 39 3584 1612 3658">
     <span class='ocr_line' id='line_1_68' title="bbox 39 3584 1612 3658; baseline 0.003 -23"><span class='ocrx_word' id='word_1_475' title='bbox 39 3602 137 3635; x_wconf 81' lang='grc' dir='ltr'><strong>ται</strong></span> <span class='ocrx_word' id='word_1_476' title='bbox 171 3584 446 3655; x_wconf 79' lang='grc' dir='ltr'>βόρϐορος,</span> <span class='ocrx_word' id='word_1_477' title='bbox 472 3587 601 3638; x_wconf 81' lang='grc' dir='ltr'>ὅταν</span> <span class='ocrx_word' id='word_1_478' title='bbox 630 3585 840 3657; x_wconf 83' lang='grc' dir='ltr'>ταράξῃ</span> <span class='ocrx_word' id='word_1_479' title='bbox 871 3603 954 3650; x_wconf 85' lang='grc' dir='ltr'><strong>τις</strong></span> <span class='ocrx_word' id='word_1_480' title='bbox 984 3586 1076 3640; x_wconf 76' lang='grc' dir='ltr'><strong>τὸν</strong></span> <span class='ocrx_word' id='word_1_481' title='bbox 1108 3586 1392 3658; x_wconf 76' lang='grc' dir='ltr'>βόρϐορον,</span> <span class='ocrx_word' id='word_1_482' title='bbox 1436 3587 1531 3657; x_wconf 83' lang='grc' dir='ltr'>ὅλη</span> <span class='ocrx_word' id='word_1_483' title='bbox 1578 3587 1612 3655; x_wconf 79' lang='grc' dir='ltr'>ἡ</span> 
     </span>
    </p>
   </div>
   <div class='ocr_carea' id='block_1_69' title="bbox 39 3675 1616 3749">
    <p class='ocr_par' dir='ltr' id='par_1_69' title="bbox 39 3675 1616 3749">
     <span class='ocr_line' id='line_1_69' title="bbox 39 3675 1616 3749; baseline 0.003 -23"><span class='ocrx_word' id='word_1_484' title='bbox 39 3676 193 3745; x_wconf 69' lang='grc' dir='ltr'>πηγὴ</span> <span class='ocrx_word' id='word_1_485' title='bbox 224 3675 491 3733; x_wconf 82' lang='grc' dir='ltr'>θολοῦται.</span> <span class='ocrx_word' id='word_1_486' title='bbox 519 3676 677 3731; x_wconf 77' lang='grc' dir='ltr'>Οὕτω</span> <span class='ocrx_word' id='word_1_487' title='bbox 701 3679 795 3731; x_wconf 76' lang='grc' dir='ltr'>καὶ</span> <span class='ocrx_word' id='word_1_488' title='bbox 837 3679 871 3749; x_wconf 80' lang='grc' dir='ltr'><strong>ή</strong></span> <span class='ocrx_word' id='word_1_489' title='bbox 909 3678 1055 3749; x_wconf 74' lang='grc' dir='ltr'>ψυχὴ</span> <span class='ocrx_word' id='word_1_490' title='bbox 1088 3679 1215 3733; x_wconf 80' lang='grc' dir='ltr'>ὅταν</span> <span class='ocrx_word' id='word_1_491' title='bbox 1275 3678 1616 3749; x_wconf 79' lang='grc' dir='ltr'>ταράσσηται</span> 
     </span>
    </p>
   </div>
   <div class='ocr_carea' id='block_1_70' title="bbox 39 3766 1615 3841">
    <p class='ocr_par' dir='ltr' id='par_1_70' title="bbox 39 3766 1615 3841">
     <span class='ocr_line' id='line_1_70' title="bbox 39 3766 1615 3841; baseline 0.001 -22"><span class='ocrx_word' id='word_1_492' title='bbox 39 3766 125 3820; x_wconf 69' lang='grc' dir='ltr'>ταὶ</span> <span class='ocrx_word' id='word_1_493' title='bbox 165 3770 424 3839; x_wconf 78' lang='grc' dir='ltr'>κιρνᾶται</span> <span class='ocrx_word' id='word_1_494' title='bbox 455 3772 522 3840; x_wconf 80' lang='grc' dir='ltr'>τῇ</span> <span class='ocrx_word' id='word_1_495' title='bbox 554 3769 750 3841; x_wconf 82' lang='grc' dir='ltr'>κακίᾳ·</span> <span class='ocrx_word' id='word_1_496' title='bbox 778 3770 875 3823; x_wconf 75' lang='grc' dir='ltr'>καὶ</span> <span class='ocrx_word' id='word_1_497' title='bbox 899 3770 958 3823; x_wconf 73' lang='grc' dir='ltr'><strong>ἐν</strong></span> <span class='ocrx_word' id='word_1_498' title='bbox 987 3789 1039 3824; x_wconf 90' lang='grc' dir='ltr'><strong>τι</strong></span> <span class='ocrx_word' id='word_1_499' title='bbox 1062 3770 1271 3838; x_wconf 84' lang='grc' dir='ltr'>γίνεται</span> <span class='ocrx_word' id='word_1_500' title='bbox 1315 3772 1345 3823; x_wconf 89' lang='lat'><strong>6</strong></span> <span class='ocrx_word' id='word_1_501' title='bbox 1373 3771 1615 3833; x_wconf 82' lang='grc' dir='ltr'>Σατανᾶς</span> 
     </span>
    </p>
   </div>
   <div class='ocr_carea' id='block_1_71' title="bbox 40 3859 1617 3934">
    <p class='ocr_par' dir='ltr' id='par_1_71' title="bbox 40 3859 1617 3934">
     <span class='ocr_line' id='line_1_71' title="bbox 40 3859 1617 3934; baseline 0.003 -23"><span class='ocrx_word' id='word_1_502' title='bbox 40 3859 177 3913; x_wconf 82' lang='grc' dir='ltr'><strong>ιετὰ</strong></span> <span class='ocrx_word' id='word_1_503' title='bbox 212 3860 318 3930; x_wconf 79' lang='grc' dir='ltr'>τῆς</span> <span class='ocrx_word' id='word_1_504' title='bbox 376 3861 576 3931; x_wconf 75' lang='grc' dir='ltr'>ψυχῆς,</span> <span class='ocrx_word' id='word_1_505' title='bbox 637 3862 926 3933; x_wconf 82' lang='grc' dir='ltr'>πνεύματα</span> <span class='ocrx_word' id='word_1_506' title='bbox 975 3862 1282 3934; x_wconf 85' lang='grc' dir='ltr'>ἀμφότερα,</span> <span class='ocrx_word' id='word_1_507' title='bbox 1319 3862 1463 3916; x_wconf 87' lang='grc' dir='ltr'>κατά</span> <span class='ocrx_word' id='word_1_508' title='bbox 1517 3862 1617 3932; x_wconf 85' lang='grc' dir='ltr'><strong>τὴν</strong></span> 
     </span>
    </p>
   </div>
   <div class='ocr_carea' id='block_1_72' title="bbox 39 3952 1617 4023">
    <p class='ocr_par' dir='ltr' id='par_1_72' title="bbox 39 3952 1617 4023">
     <span class='ocr_line' id='line_1_72' title="bbox 39 3952 1617 4023; baseline 0.002 -20"><span class='ocrx_word' id='word_1_509' title='bbox 39 3952 297 4020; x_wconf 73' lang='grc' dir='ltr'>ἑορνείαν</span> <span class='ocrx_word' id='word_1_510' title='bbox 317 3991 333 4015; x_wconf 93' lang='grc'><strong>,</strong></span> <span class='ocrx_word' id='word_1_511' title='bbox 366 3952 400 4021; x_wconf 78' lang='grc' dir='ltr'>ἢ</span> <span class='ocrx_word' id='word_1_512' title='bbox 424 3953 515 4005; x_wconf 85' lang='grc' dir='ltr'><strong>τὸν</strong></span> <span class='ocrx_word' id='word_1_513' title='bbox 543 3952 704 4020; x_wconf 78' lang='grc' dir='ltr'>φόνον</span> <span class='ocrx_word' id='word_1_514' title='bbox 731 3967 747 3985; x_wconf 80' lang='grc'><strong><em>⁸</em></strong></span> <span class='ocrx_word' id='word_1_515' title='bbox 770 3953 858 4006; x_wconf 85' lang='grc' dir='ltr'>διὰ</span> <span class='ocrx_word' id='word_1_516' title='bbox 888 3952 1045 4006; x_wconf 86' lang='grc' dir='ltr'>τοῦτο</span> <span class='ocrx_word' id='word_1_517' title='bbox 1072 3956 1105 4007; x_wconf 85' lang='grc' dir='ltr'><strong>ό</strong></span> <span class='ocrx_word' id='word_1_518' title='bbox 1134 3953 1507 4023; x_wconf 74' lang='grc' dir='ltr'>κολλώμενος</span> <span class='ocrx_word' id='word_1_519' title='bbox 1540 3952 1617 4022; x_wconf 75' lang='grc' dir='ltr'>τῇ</span> 
     </span>
    </p>
   </div>
   <div class='ocr_carea' id='block_1_73' title="bbox 39 4043 1616 4118">
    <p class='ocr_par' dir='ltr' id='par_1_73' title="bbox 39 4043 1616 4118">
     <span class='ocr_line' id='line_1_73' title="bbox 39 4043 1616 4118; baseline 0.003 -23"><span class='ocrx_word' id='word_1_520' title='bbox 39 4046 226 4112; x_wconf 73' lang='grc' dir='ltr'>τόρνῃ</span> <span class='ocrx_word' id='word_1_521' title='bbox 245 4043 319 4097; x_wconf 74' lang='grc' dir='ltr'>ἐν</span> <span class='ocrx_word' id='word_1_522' title='bbox 345 4043 519 4113; x_wconf 83' lang='grc' dir='ltr'><strong>σῶμά</strong></span> <span class='ocrx_word' id='word_1_523' title='bbox 540 4045 694 4102; x_wconf 85' lang='grc' dir='ltr'>ἐστι.</span> <span class='ocrx_word' id='word_1_524' title='bbox 720 4045 868 4114; x_wconf 79' lang='grc' dir='ltr'><strong>Πλὴν</strong></span> <span class='ocrx_word' id='word_1_525' title='bbox 886 4047 945 4099; x_wconf 84' lang='grc' dir='ltr'>ἐν</span> <span class='ocrx_word' id='word_1_526' title='bbox 967 4045 1103 4117; x_wconf 77' lang='grc' dir='ltr'><strong>ἄλλῃ</strong></span> <span class='ocrx_word' id='word_1_527' title='bbox 1121 4045 1241 4118; x_wconf 77' lang='grc' dir='ltr'><strong>ὥρᾳ</strong></span> <span class='ocrx_word' id='word_1_528' title='bbox 1268 4046 1389 4099; x_wconf 89' lang='grc' dir='ltr'>καθ’</span> <span class='ocrx_word' id='word_1_529' title='bbox 1412 4047 1616 4116; x_wconf 77' lang='grc' dir='ltr'>ἑαυτήν</span> 
     </span>
    </p>
   </div>
   <div class='ocr_carea' id='block_1_74' title="bbox 40 4133 1616 4209">
    <p class='ocr_par' dir='ltr' id='par_1_74' title="bbox 40 4133 1616 4209">
     <span class='ocr_line' id='line_1_74' title="bbox 40 4133 1616 4209; baseline 0.003 -22"><span class='ocrx_word' id='word_1_530' title='bbox 40 4153 176 4188; x_wconf 71' lang='grc' dir='ltr'>στιν</span> <span class='ocrx_word' id='word_1_531' title='bbox 207 4139 248 4207; x_wconf 78' lang='grc' dir='ltr'><strong>ἡ</strong></span> <span class='ocrx_word' id='word_1_532' title='bbox 278 4135 429 4207; x_wconf 71' lang='grc' dir='ltr'>ψυχὴ</span> <span class='ocrx_word' id='word_1_533' title='bbox 480 4138 863 4203; x_wconf 83' lang='grc' dir='ltr'>ἐνυπόστατος,</span> <span class='ocrx_word' id='word_1_534' title='bbox 898 4138 1346 4209; x_wconf 84' lang='grc' dir='ltr'>μεταμελουμένη</span> <span class='ocrx_word' id='word_1_535' title='bbox 1400 4138 1483 4208; x_wconf 83' lang='grc' dir='ltr'><strong>ἐφ’</strong></span> <span class='ocrx_word' id='word_1_536' title='bbox 1535 4133 1616 4202; x_wconf 79' lang='grc' dir='ltr'><strong>οἷς</strong></span> 
     </span>
    </p>
   </div>
   <div class='ocr_carea' id='block_1_75' title="bbox 39 4230 1616 4304">
    <p class='ocr_par' dir='ltr' id='par_1_75' title="bbox 39 4230 1616 4304">
     <span class='ocr_line' id='line_1_75' title="bbox 39 4230 1616 4304; baseline 0.003 -23"><span class='ocrx_word' id='word_1_537' title='bbox 39 4231 261 4299; x_wconf 69' lang='grc' dir='ltr'>πραξε,</span> <span class='ocrx_word' id='word_1_538' title='bbox 314 4232 411 4283; x_wconf 81' lang='grc' dir='ltr'><strong>καὶ</strong></span> <span class='ocrx_word' id='word_1_539' title='bbox 455 4231 651 4294; x_wconf 84' lang='grc' dir='ltr'>κλαίει,</span> <span class='ocrx_word' id='word_1_540' title='bbox 704 4232 799 4284; x_wconf 78' lang='grc' dir='ltr'><strong>καὶ</strong></span> <span class='ocrx_word' id='word_1_541' title='bbox 848 4230 1084 4301; x_wconf 76' lang='grc' dir='ltr'>εὔχεται,</span> <span class='ocrx_word' id='word_1_542' title='bbox 1140 4233 1233 4286; x_wconf 77' lang='grc' dir='ltr'><strong>καὶ</strong></span> <span class='ocrx_word' id='word_1_543' title='bbox 1288 4234 1616 4304; x_wconf 84' lang='grc' dir='ltr'>μνημονεύει</span> 
     </span>
    </p>
   </div>
   <div class='ocr_carea' id='block_1_76' title="bbox 40 4319 1616 4396">
    <p class='ocr_par' dir='ltr' id='par_1_76' title="bbox 40 4319 1616 4396">
     <span class='ocr_line' id='line_1_76' title="bbox 40 4319 1616 4396; baseline 0.004 -24"><span class='ocrx_word' id='word_1_544' title='bbox 40 4319 176 4373; x_wconf 78' lang='grc' dir='ltr'>εοῦ.</span> <span class='ocrx_word' id='word_1_545' title='bbox 231 4321 304 4373; x_wconf 83' lang='grc' dir='ltr'><strong>Εἰ</strong></span> <span class='ocrx_word' id='word_1_546' title='bbox 327 4321 437 4391; x_wconf 76' lang='grc' dir='ltr'>γὰρ</span> <span class='ocrx_word' id='word_1_547' title='bbox 467 4322 697 4375; x_wconf 81' lang='grc' dir='ltr'>πάντοτε</span> <span class='ocrx_word' id='word_1_548' title='bbox 722 4319 789 4394; x_wconf 77' lang='grc' dir='ltr'><strong>ἦν</strong></span> <span class='ocrx_word' id='word_1_549' title='bbox 821 4324 854 4393; x_wconf 79' lang='grc' dir='ltr'>ἡ</span> <span class='ocrx_word' id='word_1_550' title='bbox 884 4323 1030 4394; x_wconf 75' lang='grc' dir='ltr'>ψυχὴ</span> <span class='ocrx_word' id='word_1_551' title='bbox 1059 4323 1421 4396; x_wconf 81' lang='grc' dir='ltr'>βεϐυθισμένη</span> <span class='ocrx_word' id='word_1_552' title='bbox 1456 4328 1534 4388; x_wconf 72' lang='grc' dir='ltr'>εἰς</span> <span class='ocrx_word' id='word_1_553' title='bbox 1555 4326 1616 4379; x_wconf 85' lang='grc' dir='ltr'>τὸ</span> 
     </span>
    </p>
   </div>
   <div class='ocr_carea' id='block_1_77' title="bbox 39 4412 1616 4489">
    <p class='ocr_par' dir='ltr' id='par_1_77' title="bbox 39 4412 1616 4489">
     <span class='ocr_line' id='line_1_77' title="bbox 39 4412 1616 4489; baseline 0.006 -26"><span class='ocrx_word' id='word_1_554' title='bbox 39 4412 217 4475; x_wconf 67' lang='grc' dir='ltr'>ικῦν,</span> <span class='ocrx_word' id='word_1_555' title='bbox 250 4412 376 4475; x_wconf 82' lang='grc' dir='ltr'>πῶς</span> <span class='ocrx_word' id='word_1_556' title='bbox 398 4413 628 4483; x_wconf 76' lang='grc' dir='ltr'>ἠδύνατο</span> <span class='ocrx_word' id='word_1_557' title='bbox 650 4415 822 4468; x_wconf 88' lang='grc' dir='ltr'>ταῦτα</span> <span class='ocrx_word' id='word_1_558' title='bbox 846 4416 1127 4487; x_wconf 82' lang='grc' dir='ltr'>πράττειν,</span> <span class='ocrx_word' id='word_1_559' title='bbox 1149 4418 1243 4471; x_wconf 86' lang='grc' dir='ltr'><strong>τοῦ</strong></span> <span class='ocrx_word' id='word_1_560' title='bbox 1270 4419 1483 4472; x_wconf 89' lang='grc' dir='ltr'>Σατανᾶ</span> <span class='ocrx_word' id='word_1_561' title='bbox 1508 4436 1616 4489; x_wconf 86' lang='grc' dir='ltr'>μη-</span> 
     </span>
    </p>
   </div>
   <div class='ocr_carea' id='block_1_78' title="bbox 46 4503 1614 4582">
    <p class='ocr_par' dir='ltr' id='par_1_78' title="bbox 46 4503 1614 4582">
     <span class='ocr_line' id='line_1_78' title="bbox 46 4503 1614 4582; baseline 0.007 -28"><span class='ocrx_word' id='word_1_562' title='bbox 46 4521 212 4556; x_wconf 81' lang='grc' dir='ltr'>ποτε</span> <span class='ocrx_word' id='word_1_563' title='bbox 256 4503 506 4569; x_wconf 75' lang='grc' dir='ltr'>θέλοντος</span> <span class='ocrx_word' id='word_1_564' title='bbox 537 4508 617 4570; x_wconf 79' lang='grc' dir='ltr'><strong>εἰς</strong></span> <span class='ocrx_word' id='word_1_565' title='bbox 649 4508 937 4577; x_wconf 80' lang='grc' dir='ltr'>μετάνοιαν</span> <span class='ocrx_word' id='word_1_566' title='bbox 967 4508 1220 4581; x_wconf 78' lang='grc' dir='ltr'>ἔρχεσθαι</span> <span class='ocrx_word' id='word_1_567' title='bbox 1249 4513 1372 4575; x_wconf 80' lang='grc' dir='ltr'>τοὺς</span> <span class='ocrx_word' id='word_1_568' title='bbox 1400 4512 1614 4582; x_wconf 86' lang='grc' dir='ltr'>ἀνθρώ-</span> 
     </span>
    </p>
   </div>
   <div class='ocr_carea' id='block_1_79' title="bbox 39 4596 1615 4674">
    <p class='ocr_par' dir='ltr' id='par_1_79' title="bbox 39 4596 1615 4674">
     <span class='ocr_line' id='line_1_79' title="bbox 39 4596 1615 4674; baseline 0.008 -28"><span class='ocrx_word' id='word_1_569' title='bbox 39 4615 161 4660; x_wconf 65' lang='lat' dir='ltr'><strong>mg,</strong></span> <span class='ocrx_word' id='word_1_570' title='bbox 235 4596 595 4668; x_wconf 78' lang='grc' dir='ltr'><strong>ἄσπλαγχνος</strong></span> <span class='ocrx_word' id='word_1_571' title='bbox 642 4600 748 4671; x_wconf 82' lang='grc' dir='ltr'>γὰρ</span> <span class='ocrx_word' id='word_1_572' title='bbox 783 4601 1039 4672; x_wconf 83' lang='grc' dir='ltr'>ὑπάρχει.</span> <span class='ocrx_word' id='word_1_573' title='bbox 1079 4603 1191 4655; x_wconf 78' lang='grc' dir='ltr'><strong>Καὶ</strong></span> <span class='ocrx_word' id='word_1_574' title='bbox 1234 4604 1266 4673; x_wconf 81' lang='grc' dir='ltr'>ἡ</span> <span class='ocrx_word' id='word_1_575' title='bbox 1306 4604 1445 4674; x_wconf 83' lang='grc' dir='ltr'>γυνὴ</span> <span class='ocrx_word' id='word_1_576' title='bbox 1473 4607 1615 4659; x_wconf 81' lang='grc' dir='ltr'>κατὰ</span> 
     </span>
    </p>
   </div>
   <div class='ocr_carea' id='block_1_80' title="bbox 40 4687 1614 4767">
    <p class='ocr_par' dir='ltr' id='par_1_80' title="bbox 40 4687 1614 4767">
     <span class='ocr_line' id='line_1_80' title="bbox 40 4687 1614 4767; baseline 0.006 -28"><span class='ocrx_word' id='word_1_577' title='bbox 40 4687 387 4741; x_wconf 78' lang='grc' dir='ltr'>ιντίῦεσθαι</span> <span class='ocrx_word' id='word_1_578' title='bbox 442 4689 520 4759; x_wconf 79' lang='grc' dir='ltr'><strong>τῷ</strong></span> <span class='ocrx_word' id='word_1_579' title='bbox 568 4691 744 4760; x_wconf 76' lang='grc' dir='ltr'>ἀνδρὶ,</span> <span class='ocrx_word' id='word_1_580' title='bbox 781 4691 838 4743; x_wconf 84' lang='grc' dir='ltr'><strong>ἓν</strong></span> <span class='ocrx_word' id='word_1_581' title='bbox 876 4693 994 4761; x_wconf 81' lang='grc' dir='ltr'>μετ’</span> <span class='ocrx_word' id='word_1_582' title='bbox 1026 4692 1214 4759; x_wconf 80' lang='grc' dir='ltr'>αὑτοῦ,</span> <span class='ocrx_word' id='word_1_583' title='bbox 1246 4693 1382 4765; x_wconf 81' lang='grc' dir='ltr'><strong>ἄλλῃ</strong></span> <span class='ocrx_word' id='word_1_584' title='bbox 1409 4694 1464 4746; x_wconf 83' lang='grc' dir='ltr'><strong>δὲ</strong></span> <span class='ocrx_word' id='word_1_585' title='bbox 1494 4694 1614 4767; x_wconf 75' lang='grc' dir='ltr'>ὥρᾳ.</span> 
     </span>
    </p>
   </div>
   <div class='ocr_carea' id='block_1_81' title="bbox 40 4778 1611 4849">
    <p class='ocr_par' dir='ltr' id='par_1_81' title="bbox 40 4778 1611 4849">
     <span class='ocr_line' id='line_1_81' title="bbox 40 4778 1611 4849; baseline 0.004 -17"><span class='ocrx_word' id='word_1_586' title='bbox 40 4780 435 4849; x_wconf 79' lang='grc' dir='ltr'>χωρισμὲνοι</span> <span class='ocrx_word' id='word_1_587' title='bbox 459 4780 597 4833; x_wconf 72' lang='grc' dir='ltr'>εἰσίν</span> <span class='ocrx_word' id='word_1_588' title='bbox 620 4797 634 4810; x_wconf 73' lang='grc' dir='ltr'>ο</span> <span class='ocrx_word' id='word_1_589' title='bbox 662 4782 743 4835; x_wconf 81' lang='grc' dir='ltr'><strong>ὅτι</strong></span> <span class='ocrx_word' id='word_1_590' title='bbox 778 4781 1038 4845; x_wconf 81' lang='grc' dir='ltr'>πολλάκις</span> <span class='ocrx_word' id='word_1_591' title='bbox 1075 4784 1103 4836; x_wconf 90' lang='grc' dir='ltr'>ὁ</span> <span class='ocrx_word' id='word_1_592' title='bbox 1132 4778 1212 4845; x_wconf 79' lang='grc' dir='ltr'><strong>είς</strong></span> <span class='ocrx_word' id='word_1_593' title='bbox 1252 4784 1430 4837; x_wconf 80' lang='grc' dir='ltr'>αὐτῶν</span> <span class='ocrx_word' id='word_1_594' title='bbox 1475 4786 1611 4839; x_wconf 82' lang='grc' dir='ltr'><strong>ἁπο-</strong></span> 
     </span>
    </p>
   </div>
   <div class='ocr_carea' id='block_1_82' title="bbox 40 4872 1611 4946">
    <p class='ocr_par' dir='ltr' id='par_1_82' title="bbox 40 4872 1611 4946">
     <span class='ocr_line' id='line_1_82' title="bbox 40 4872 1611 4946; baseline 0.004 -21"><span class='ocrx_word' id='word_1_595' title='bbox 40 4875 283 4942; x_wconf 73' lang='grc' dir='ltr'>ήσκει,</span> <span class='ocrx_word' id='word_1_596' title='bbox 318 4872 415 4925; x_wconf 72' lang='grc' dir='ltr'>καὶ</span> <span class='ocrx_word' id='word_1_597' title='bbox 443 4875 471 4926; x_wconf 87' lang='lat'><strong>6</strong></span> <span class='ocrx_word' id='word_1_598' title='bbox 504 4873 690 4946; x_wconf 76' lang='grc' dir='ltr'>ἕτερος</span> <span class='ocrx_word' id='word_1_599' title='bbox 718 4875 805 4945; x_wconf 83' lang='grc' dir='ltr'><strong>ζῇ.</strong></span> <span class='ocrx_word' id='word_1_600' title='bbox 837 4875 1091 4929; x_wconf 86' lang='grc' dir='ltr'>Τοιοῦτόν</span> <span class='ocrx_word' id='word_1_601' title='bbox 1146 4876 1198 4929; x_wconf 85' lang='grc' dir='ltr'><strong>τί</strong></span> <span class='ocrx_word' id='word_1_602' title='bbox 1247 4878 1362 4929; x_wconf 83' lang='grc' dir='ltr'>ἐστι</span> <span class='ocrx_word' id='word_1_603' title='bbox 1394 4879 1487 4930; x_wconf 71' lang='grc' dir='ltr'>καὶ</span> <span class='ocrx_word' id='word_1_604' title='bbox 1516 4880 1611 4931; x_wconf 78' lang='grc' dir='ltr'><strong>ἐπὶ</strong></span> 
     </span>
    </p>
   </div>
   <div class='ocr_carea' id='block_1_83' title="bbox 68 4962 1615 5037">
    <p class='ocr_par' dir='ltr' id='par_1_83' title="bbox 68 4962 1615 5037">
     <span class='ocr_line' id='line_1_83' title="bbox 68 4962 1615 5037; baseline 0.005 -24"><span class='ocrx_word' id='word_1_605' title='bbox 68 4962 388 5032; x_wconf 81' lang='grc' dir='ltr'>κοινωνίᾳ</span> <span class='ocrx_word' id='word_1_606' title='bbox 416 4962 510 5017; x_wconf 80' lang='grc' dir='ltr'><strong>τοῦ</strong></span> <span class='ocrx_word' id='word_1_607' title='bbox 542 4964 697 5031; x_wconf 85' lang='grc' dir='ltr'>ἁγίου</span> <span class='ocrx_word' id='word_1_608' title='bbox 727 4965 1062 5034; x_wconf 79' lang='grc' dir='ltr'>Πνεύματος,</span> <span class='ocrx_word' id='word_1_609' title='bbox 1115 4966 1172 5018; x_wconf 83' lang='grc' dir='ltr'>ἓν</span> <span class='ocrx_word' id='word_1_610' title='bbox 1200 4967 1414 5037; x_wconf 82' lang='grc' dir='ltr'>πνεῦμα</span> <span class='ocrx_word' id='word_1_611' title='bbox 1445 4966 1615 5035; x_wconf 82' lang='grc' dir='ltr'>γίνον-</span> 
     </span>
    </p>
   </div>
   <div class='ocr_carea' id='block_1_84' title="bbox 39 5054 1613 5127">
    <p class='ocr_par' dir='ltr' id='par_1_84' title="bbox 39 5054 1613 5127">
     <span class='ocr_line' id='line_1_84' title="bbox 39 5054 1613 5127; baseline 0.004 -22"><span class='ocrx_word' id='word_1_612' title='bbox 39 5074 81 5107; x_wconf 76' lang='grc' dir='ltr'>ι.</span> <span class='ocrx_word' id='word_1_613' title='bbox 168 5055 260 5106; x_wconf 81' lang='lat'><strong>&#39;0</strong></span> <span class='ocrx_word' id='word_1_614' title='bbox 310 5054 693 5124; x_wconf 74' lang='grc' dir='ltr'>κολλώμενος</span> <span class='ocrx_word' id='word_1_615' title='bbox 747 5057 857 5127; x_wconf 80' lang='grc' dir='ltr'>γὰρ</span> <span class='ocrx_word' id='word_1_616' title='bbox 899 5056 977 5122; x_wconf 84' lang='grc' dir='ltr'>τῷ</span> <span class='ocrx_word' id='word_1_617' title='bbox 1021 5059 1215 5126; x_wconf 81' lang='grc' dir='ltr'>Κυρίῳ</span> <span class='ocrx_word' id='word_1_618' title='bbox 1257 5058 1327 5111; x_wconf 75' lang='grc' dir='ltr'><strong>ἓν</strong></span> <span class='ocrx_word' id='word_1_619' title='bbox 1378 5059 1613 5127; x_wconf 80' lang='grc' dir='ltr'>πνεῦμὰ</span> 
     </span>
    </p>
   </div>
   <div class='ocr_carea' id='block_1_85' title="bbox 39 5144 1611 5221">
    <p class='ocr_par' dir='ltr' id='par_1_85' title="bbox 39 5144 1611 5221">
     <span class='ocr_line' id='line_1_85' title="bbox 39 5144 1611 5221; baseline 0.003 -22"><span class='ocrx_word' id='word_1_620' title='bbox 39 5166 132 5201; x_wconf 81' lang='grc' dir='ltr'>τι.</span> <span class='ocrx_word' id='word_1_621' title='bbox 174 5144 384 5197; x_wconf 87' lang='grc' dir='ltr'>Τοῦτο</span> <span class='ocrx_word' id='word_1_622' title='bbox 413 5146 468 5198; x_wconf 80' lang='grc' dir='ltr'>δὲ</span> <span class='ocrx_word' id='word_1_623' title='bbox 510 5147 735 5214; x_wconf 84' lang='grc' dir='ltr'>γίνεται,</span> <span class='ocrx_word' id='word_1_624' title='bbox 787 5152 913 5203; x_wconf 77' lang='grc' dir='ltr'>ὅταν</span> <span class='ocrx_word' id='word_1_625' title='bbox 954 5152 1232 5221; x_wconf 80' lang='grc' dir='ltr'>καταποθῇ</span> <span class='ocrx_word' id='word_1_626' title='bbox 1266 5154 1294 5204; x_wconf 88' lang='grc' dir='ltr'>ὁ</span> <span class='ocrx_word' id='word_1_627' title='bbox 1328 5151 1611 5221; x_wconf 77' lang='grc' dir='ltr'>ἄνθρωπος</span> 
     </span>
    </p>
   </div>
   <div class='ocr_carea' id='block_1_86' title="bbox 40 5240 596 5309">
    <p class='ocr_par' dir='ltr' id='par_1_86' title="bbox 40 5240 596 5309">
     <span class='ocr_line' id='line_1_86' title="bbox 40 5240 596 5309; baseline 0.004 -18"><span class='ocrx_word' id='word_1_628' title='bbox 40 5241 130 5291; x_wconf 63' lang='lat' dir='ltr'><strong>sub</strong></span> <span class='ocrx_word' id='word_1_629' title='bbox 146 5241 238 5309; x_wconf 75' lang='grc' dir='ltr'>τῇ</span> <span class='ocrx_word' id='word_1_630' title='bbox 287 5240 354 5307; x_wconf 78' lang='grc' dir='ltr'>τῇ</span> <span class='ocrx_word' id='word_1_631' title='bbox 392 5240 596 5309; x_wconf 75' lang='grc' dir='ltr'>χάριτι.</span> 
     </span>
    </p>
   </div>
   <div class='ocr_carea' id='block_1_87' title="bbox 40 5418 1609 5501">
    <p class='ocr_par' dir='ltr' id='par_1_87' title="bbox 40 5418 1609 5501">
     <span class='ocr_line' id='line_1_87' title="bbox 40 5418 1609 5501; baseline 0.009 -30"><span class='ocrx_word' id='word_1_632' title='bbox 40 5424 115 5475; x_wconf 83' lang='lat'><strong>&quot;.</strong></span> <span class='ocrx_word' id='word_1_633' title='bbox 166 5419 328 5473; x_wconf 76' lang='grc' dir='ltr'>Εἰσὶ</span> <span class='ocrx_word' id='word_1_634' title='bbox 357 5418 415 5472; x_wconf 83' lang='grc' dir='ltr'><strong>δέ</strong></span> <span class='ocrx_word' id='word_1_635' title='bbox 436 5438 581 5484; x_wconf 85' lang='grc' dir='ltr'>τινες</span> <span class='ocrx_word' id='word_1_636' title='bbox 610 5420 824 5493; x_wconf 83' lang='grc' dir='ltr'>ἔχοντες</span> <span class='ocrx_word' id='word_1_637' title='bbox 843 5425 1030 5492; x_wconf 85' lang='grc' dir='ltr'>γεῦσιν</span> <span class='ocrx_word' id='word_1_638' title='bbox 1060 5425 1217 5493; x_wconf 82' lang='grc' dir='ltr'>Θεοῦ,</span> <span class='ocrx_word' id='word_1_639' title='bbox 1246 5428 1325 5483; x_wconf 78' lang='grc' dir='ltr'><strong>ἐτι</strong></span> <span class='ocrx_word' id='word_1_640' title='bbox 1354 5432 1609 5501; x_wconf 78' lang='grc' dir='ltr'>ἐνεργού-</span> 
     </span>
    </p>
   </div>
   <div class='ocr_carea' id='block_1_88' title="bbox 44 5513 1605 5597">
    <p class='ocr_par' dir='ltr' id='par_1_88' title="bbox 44 5513 1605 5597">
     <span class='ocr_line' id='line_1_88' title="bbox 44 5513 1605 5597; baseline 0.009 -33"><span class='ocrx_word' id='word_1_641' title='bbox 44 5536 119 5570; x_wconf 76' lang='grc' dir='ltr'>οι</span> <span class='ocrx_word' id='word_1_642' title='bbox 170 5513 317 5566; x_wconf 80' lang='grc' dir='ltr'>ὑπὸ</span> <span class='ocrx_word' id='word_1_643' title='bbox 347 5516 441 5567; x_wconf 84' lang='grc' dir='ltr'><strong>τοῦ</strong></span> <span class='ocrx_word' id='word_1_644' title='bbox 480 5516 883 5587; x_wconf 83' lang='grc' dir='ltr'>ἀντικειμένου,</span> <span class='ocrx_word' id='word_1_645' title='bbox 907 5521 998 5573; x_wconf 77' lang='grc' dir='ltr'><strong>καὶ</strong></span> <span class='ocrx_word' id='word_1_646' title='bbox 1024 5519 1355 5590; x_wconf 76' lang='grc' dir='ltr'>ξενίζονται,</span> <span class='ocrx_word' id='word_1_647' title='bbox 1385 5524 1605 5597; x_wconf 82' lang='grc' dir='ltr'>ἄπειροι</span> 
     </span>
    </p>
   </div>
   <div class='ocr_carea' id='block_1_89' title="bbox 39 5608 1604 5689">
    <p class='ocr_par' dir='ltr' id='par_1_89' title="bbox 39 5608 1604 5689">
     <span class='ocr_line' id='line_1_89' title="bbox 39 5608 1604 5689; baseline 0.005 -25"><span class='ocrx_word' id='word_1_648' title='bbox 39 5629 143 5675; x_wconf 80' lang='grc' dir='ltr'><strong>ες,</strong></span> <span class='ocrx_word' id='word_1_649' title='bbox 197 5609 312 5661; x_wconf 77' lang='grc' dir='ltr'><strong>ὅτι</strong></span> <span class='ocrx_word' id='word_1_650' title='bbox 340 5608 481 5678; x_wconf 78' lang='grc' dir='ltr'>μετὰ</span> <span class='ocrx_word' id='word_1_651' title='bbox 514 5608 613 5679; x_wconf 82' lang='grc' dir='ltr'><strong>τὴν</strong></span> <span class='ocrx_word' id='word_1_652' title='bbox 663 5611 952 5682; x_wconf 66' lang='grc' dir='ltr'>ἐπίσκεψιν</span> <span class='ocrx_word' id='word_1_653' title='bbox 1001 5614 1096 5668; x_wconf 87' lang='grc' dir='ltr'><strong>τοῦ</strong></span> <span class='ocrx_word' id='word_1_654' title='bbox 1141 5616 1277 5670; x_wconf 87' lang='grc' dir='ltr'>Θεοῦ</span> <span class='ocrx_word' id='word_1_655' title='bbox 1322 5620 1604 5689; x_wconf 79' lang='grc' dir='ltr'>ἐνεργοῦσι</span> 
     </span>
    </p>
   </div>
   <div class='ocr_carea' id='block_1_90' title="bbox 1181 5704 1385 5713">
    <p class='ocr_par' dir='ltr' id='par_1_90' title="bbox 1181 5704 1385 5713">
     <span class='ocr_line' id='line_1_90' title="bbox 1181 5704 1385 5713; baseline 0.01 -1"><span class='ocrx_word' id='word_1_656' title='bbox 1181 5704 1325 5713; x_wconf 58' lang='grc' dir='ltr'><strong>-“σ“.⁴¹</strong></span> <span class='ocrx_word' id='word_1_657' title='bbox 1341 5707 1385 5713; x_wconf 55' lang='grc' dir='ltr'><strong>-η,</strong></span> 
     </span>
    </p>
   </div>
   <div class='ocr_carea' id='block_1_91' title="bbox 40 5785 867 5851">
    <p class='ocr_par' dir='ltr' id='par_1_91' title="bbox 40 5785 867 5851">
     <span class='ocr_line' id='line_1_91' title="bbox 40 5785 867 5851; baseline 0.006 -10"><span class='ocrx_word' id='word_1_658' title='bbox 40 5793 59 5823; x_wconf 69' lang='grc' dir='ltr'><em>ῖ</em></span> <span class='ocrx_word' id='word_1_659' title='bbox 110 5790 141 5845; x_wconf 78' lang='grc' dir='ltr'><strong>ι</strong></span> <span class='ocrx_word' id='word_1_660' title='bbox 183 5785 355 5843; x_wconf 87' lang='lat' dir='ltr'><strong>Cor.</strong></span> <span class='ocrx_word' id='word_1_661' title='bbox 386 5802 461 5851; x_wconf 71' lang='lat' dir='ltr'><strong>rt,</strong></span> <span class='ocrx_word' id='word_1_662' title='bbox 495 5788 582 5841; x_wconf 77' lang='lat' dir='ltr'><strong>i7.</strong></span> <span class='ocrx_word' id='word_1_663' title='bbox 662 5788 705 5822; x_wconf 81' lang='grc'><strong>⁷⁸</strong></span> <span class='ocrx_word' id='word_1_664' title='bbox 733 5789 867 5846; x_wconf 88' lang='lat' dir='ltr'><strong>ibid.</strong></span> 
     </span>
    </p>
   </div>
   <div class='ocr_carea' id='block_1_92' title="bbox 1710 3581 3295 3655">
    <p class='ocr_par' dir='ltr' id='par_1_92' title="bbox 1710 3581 3295 3655">
     <span class='ocr_line' id='line_1_92' title="bbox 1710 3581 3295 3655; baseline -0.001 -16"><span class='ocrx_word' id='word_1_665' title='bbox 1710 3584 1919 3655; x_wconf 89' lang='lat' dir='ltr'><strong>jectum</strong></span> <span class='ocrx_word' id='word_1_666' title='bbox 1952 3582 2153 3638; x_wconf 88' lang='lat' dir='ltr'><strong>habeat</strong></span> <span class='ocrx_word' id='word_1_667' title='bbox 2198 3597 2609 3638; x_wconf 64' lang='lat' dir='ltr'><strong>coauummum</strong></span> <span class='ocrx_word' id='word_1_668' title='bbox 2650 3597 2781 3653; x_wconf 83' lang='lat' dir='ltr'><strong>ergo</strong></span> <span class='ocrx_word' id='word_1_669' title='bbox 2819 3581 3021 3653; x_wconf 91' lang='lat' dir='ltr'><strong>aliquis</strong></span> <span class='ocrx_word' id='word_1_670' title='bbox 3074 3598 3295 3639; x_wconf 65' lang='lat' dir='ltr'><strong>caenum</strong></span> 
     </span>
    </p>
   </div>
   <div class='ocr_carea' id='block_1_93' title="bbox 1717 3675 3295 3746">
    <p class='ocr_par' dir='ltr' id='par_1_93' title="bbox 1717 3675 3295 3746">
     <span class='ocr_line' id='line_1_93' title="bbox 1717 3675 3295 3746; baseline -0.001 -15"><span class='ocrx_word' id='word_1_671' title='bbox 1717 3675 2043 3743; x_wconf 86' lang='lat' dir='ltr'><strong>turbaverit,</strong></span> <span class='ocrx_word' id='word_1_672' title='bbox 2069 3684 2215 3730; x_wconf 91' lang='lat' dir='ltr'><strong>totus</strong></span> <span class='ocrx_word' id='word_1_673' title='bbox 2233 3676 2357 3731; x_wconf 81' lang='lat' dir='ltr'><strong>fons</strong></span> <span class='ocrx_word' id='word_1_674' title='bbox 2396 3675 2718 3746; x_wconf 88' lang='lat' dir='ltr'><strong>inquinatur</strong></span> <span class='ocrx_word' id='word_1_675' title='bbox 2750 3692 2764 3727; x_wconf 85' lang='lat'><strong>:</strong></span> <span class='ocrx_word' id='word_1_676' title='bbox 2795 3675 2876 3730; x_wconf 92' lang='lat' dir='ltr'><strong>sic</strong></span> <span class='ocrx_word' id='word_1_677' title='bbox 2914 3690 3132 3746; x_wconf 88' lang='lat' dir='ltr'><strong>quoque</strong></span> <span class='ocrx_word' id='word_1_678' title='bbox 3174 3676 3295 3729; x_wconf 72' lang='lat' dir='ltr'><strong>ani-</strong></span> 
     </span>
    </p>
   </div>
   <div class='ocr_carea' id='block_1_94' title="bbox 1716 3769 3295 3841">
    <p class='ocr_par' dir='ltr' id='par_1_94' title="bbox 1716 3769 3295 3841">
     <span class='ocr_line' id='line_1_94' title="bbox 1716 3769 3295 3841; baseline -0.003 -15"><span class='ocrx_word' id='word_1_679' title='bbox 1716 3788 1826 3836; x_wconf 88' lang='lat' dir='ltr'><strong>ma,</strong></span> <span class='ocrx_word' id='word_1_680' title='bbox 1860 3772 1904 3827; x_wconf 92' lang='lat' dir='ltr'><strong>si</strong></span> <span class='ocrx_word' id='word_1_681' title='bbox 1936 3770 2104 3827; x_wconf 82' lang='lat' dir='ltr'><strong>fuerit</strong></span> <span class='ocrx_word' id='word_1_682' title='bbox 2133 3771 2476 3841; x_wconf 88' lang='lat' dir='ltr'><strong>perturbata,</strong></span> <span class='ocrx_word' id='word_1_683' title='bbox 2501 3770 2827 3840; x_wconf 91' lang='lat' dir='ltr'><strong>inquinatur</strong></span> <span class='ocrx_word' id='word_1_684' title='bbox 2842 3777 2897 3824; x_wconf 91' lang='lat' dir='ltr'><strong>et</strong></span> <span class='ocrx_word' id='word_1_685' title='bbox 2928 3769 3295 3839; x_wconf 73' lang='lat' dir='ltr'><strong>permiscetur</strong></span> 
     </span>
    </p>
   </div>
   <div class='ocr_carea' id='block_1_95' title="bbox 1718 3861 3291 3932">
    <p class='ocr_par' dir='ltr' id='par_1_95' title="bbox 1718 3861 3291 3932">
     <span class='ocr_line' id='line_1_95' title="bbox 1718 3861 3291 3932; baseline -0.002 -14"><span class='ocrx_word' id='word_1_686' title='bbox 1718 3863 1976 3919; x_wconf 62' lang='lat' dir='ltr'><strong>malitiae:</strong></span> <span class='ocrx_word' id='word_1_687' title='bbox 2006 3862 2177 3932; x_wconf 82' lang='lat' dir='ltr'><strong>ﬁtque</strong></span> <span class='ocrx_word' id='word_1_688' title='bbox 2204 3862 2436 3917; x_wconf 89' lang='lat' dir='ltr'><strong>Satanas</strong></span> <span class='ocrx_word' id='word_1_689' title='bbox 2451 3876 2724 3917; x_wconf 90' lang='lat' dir='ltr'><strong>consensu</strong></span> <span class='ocrx_word' id='word_1_690' title='bbox 2742 3877 2915 3915; x_wconf 88' lang='lat' dir='ltr'><strong>unum</strong></span> <span class='ocrx_word' id='word_1_691' title='bbox 2940 3876 3065 3916; x_wconf 86' lang='lat' dir='ltr'><strong>cum</strong></span> <span class='ocrx_word' id='word_1_692' title='bbox 3087 3861 3291 3927; x_wconf 89' lang='lat' dir='ltr'><strong>anima,</strong></span> 
     </span>
    </p>
   </div>
   <div class='ocr_carea' id='block_1_96' title="bbox 1717 3953 3294 4025">
    <p class='ocr_par' dir='ltr' id='par_1_96' title="bbox 1717 3953 3294 4025">
     <span class='ocr_line' id='line_1_96' title="bbox 1717 3953 3294 4025; baseline -0.001 -16"><span class='ocrx_word' id='word_1_693' title='bbox 1717 3965 2016 4025; x_wconf 86' lang='lat' dir='ltr'><strong>utrumque</strong></span> <span class='ocrx_word' id='word_1_694' title='bbox 2045 3954 2270 4024; x_wconf 86' lang='lat' dir='ltr'><strong>quidem</strong></span> <span class='ocrx_word' id='word_1_695' title='bbox 2301 3954 2549 4024; x_wconf 89' lang='lat' dir='ltr'><strong>spiritus,</strong></span> <span class='ocrx_word' id='word_1_696' title='bbox 2571 3954 2639 4009; x_wconf 86' lang='lat' dir='ltr'><strong>ad</strong></span> <span class='ocrx_word' id='word_1_697' title='bbox 2667 3962 2945 4023; x_wconf 88' lang='lat' dir='ltr'><strong>stuprum,</strong></span> <span class='ocrx_word' id='word_1_698' title='bbox 2969 3962 3062 4008; x_wconf 90' lang='lat' dir='ltr'><strong>aut</strong></span> <span class='ocrx_word' id='word_1_699' title='bbox 3086 3953 3294 4009; x_wconf 66' lang='lat' dir='ltr'><strong>caedem</strong></span> 
     </span>
    </p>
   </div>
   <div class='ocr_carea' id='block_1_97' title="bbox 1717 4046 3293 4114">
    <p class='ocr_par' dir='ltr' id='par_1_97' title="bbox 1717 4046 3293 4114">
     <span class='ocr_line' id='line_1_97' title="bbox 1717 4046 3293 4114; baseline -0.001 -12"><span class='ocrx_word' id='word_1_700' title='bbox 1717 4046 2196 4102; x_wconf 88' lang='lat' dir='ltr'><strong>committendum.</strong></span> <span class='ocrx_word' id='word_1_701' title='bbox 2225 4046 2559 4113; x_wconf 89' lang='lat' dir='ltr'><strong>Quorcirca:</strong></span> <span class='ocrx_word' id='word_1_702' title='bbox 2602 4046 2706 4111; x_wconf 83' lang='lat' dir='ltr'><strong>Qui</strong></span> <span class='ocrx_word' id='word_1_703' title='bbox 2734 4047 2967 4102; x_wconf 69' lang='lat' dir='ltr'><strong>adhaeret</strong></span> <span class='ocrx_word' id='word_1_704' title='bbox 3009 4049 3293 4114; x_wconf 81' lang='lat' dir='ltr'><strong>meretrici,</strong></span> 
     </span>
    </p>
   </div>
   <div class='ocr_carea' id='block_1_98' title="bbox 1722 4138 3292 4212">
    <p class='ocr_par' dir='ltr' id='par_1_98' title="bbox 1722 4138 3292 4212">
     <span class='ocr_line' id='line_1_98' title="bbox 1722 4138 3292 4212; baseline -0.001 -17"><span class='ocrx_word' id='word_1_705' title='bbox 1722 4158 1886 4195; x_wconf 85' lang='lat' dir='ltr'><strong>unum</strong></span> <span class='ocrx_word' id='word_1_706' title='bbox 1910 4157 2096 4212; x_wconf 80' lang='lat' dir='ltr'><strong>corpus</strong></span> <span class='ocrx_word' id='word_1_707' title='bbox 2125 4149 2199 4194; x_wconf 77' lang='lat' dir='ltr'><strong>est</strong></span> <span class='ocrx_word' id='word_1_708' title='bbox 2229 4141 2296 4195; x_wconf 86' lang='lat'><strong>&quot;.</strong></span> <span class='ocrx_word' id='word_1_709' title='bbox 2325 4140 2531 4194; x_wconf 84' lang='lat' dir='ltr'><strong>Verum</strong></span> <span class='ocrx_word' id='word_1_710' title='bbox 2564 4140 2672 4194; x_wconf 90' lang='lat' dir='ltr'><strong>alia</strong></span> <span class='ocrx_word' id='word_1_711' title='bbox 2696 4138 2831 4194; x_wconf 82' lang='lat' dir='ltr'><strong>hora</strong></span> <span class='ocrx_word' id='word_1_712' title='bbox 2855 4141 3085 4195; x_wconf 89' lang='lat' dir='ltr'><strong>seorsim</strong></span> <span class='ocrx_word' id='word_1_713' title='bbox 3109 4140 3292 4194; x_wconf 90' lang='lat' dir='ltr'><strong>anima</strong></span> 
     </span>
    </p>
   </div>
   <div class='ocr_carea' id='block_1_99' title="bbox 1717 4232 3296 4302">
    <p class='ocr_par' dir='ltr' id='par_1_99' title="bbox 1717 4232 3296 4302">
     <span class='ocr_line' id='line_1_99' title="bbox 1717 4232 3296 4302; baseline -0.002 -13"><span class='ocrx_word' id='word_1_714' title='bbox 1717 4235 1987 4301; x_wconf 86' lang='lat' dir='ltr'><strong>subsistit,</strong></span> <span class='ocrx_word' id='word_1_715' title='bbox 2044 4240 2212 4302; x_wconf 86' lang='lat' dir='ltr'><strong>atque</strong></span> <span class='ocrx_word' id='word_1_716' title='bbox 2244 4232 2568 4302; x_wconf 84' lang='lat' dir='ltr'><strong>poenitentia</strong></span> <span class='ocrx_word' id='word_1_717' title='bbox 2614 4247 2807 4288; x_wconf 89' lang='lat' dir='ltr'><strong>eorum</strong></span> <span class='ocrx_word' id='word_1_718' title='bbox 2840 4248 2963 4302; x_wconf 74' lang='lat' dir='ltr'><strong>qua:</strong></span> <span class='ocrx_word' id='word_1_719' title='bbox 3020 4233 3296 4288; x_wconf 89' lang='lat' dir='ltr'><strong>commisit</strong></span> 
     </span>
    </p>
   </div>
   <div class='ocr_carea' id='block_1_100' title="bbox 1718 4325 3293 4397">
    <p class='ocr_par' dir='ltr' id='par_1_100' title="bbox 1718 4325 3293 4397">
     <span class='ocr_line' id='line_1_100' title="bbox 1718 4325 3293 4397; baseline -0.002 -15"><span class='ocrx_word' id='word_1_720' title='bbox 1718 4326 1906 4393; x_wconf 89' lang='lat' dir='ltr'><strong>ducta,</strong></span> <span class='ocrx_word' id='word_1_721' title='bbox 1943 4327 2176 4397; x_wconf 80' lang='lat' dir='ltr'><strong>lugetet</strong></span> <span class='ocrx_word' id='word_1_722' title='bbox 2199 4334 2474 4395; x_wconf 87' lang='lat' dir='ltr'><strong>precatur,</strong></span> <span class='ocrx_word' id='word_1_723' title='bbox 2518 4332 2683 4395; x_wconf 89' lang='lat' dir='ltr'><strong>atque</strong></span> <span class='ocrx_word' id='word_1_724' title='bbox 2712 4326 2809 4380; x_wconf 88' lang='lat' dir='ltr'><strong>Dei</strong></span> <span class='ocrx_word' id='word_1_725' title='bbox 2839 4325 3185 4381; x_wconf 87' lang='lat' dir='ltr'><strong>recordatur.</strong></span> <span class='ocrx_word' id='word_1_726' title='bbox 3234 4325 3293 4380; x_wconf 90' lang='lat' dir='ltr'><strong>Si</strong></span> 
     </span>
    </p>
   </div>
   <div class='ocr_carea' id='block_1_101' title="bbox 1715 4418 3295 4490">
    <p class='ocr_par' dir='ltr' id='par_1_101' title="bbox 1715 4418 3295 4490">
     <span class='ocr_line' id='line_1_101' title="bbox 1715 4418 3295 4490; baseline -0.003 -12"><span class='ocrx_word' id='word_1_727' title='bbox 1715 4423 1863 4479; x_wconf 90' lang='lat' dir='ltr'><strong>enim</strong></span> <span class='ocrx_word' id='word_1_728' title='bbox 1890 4422 2071 4476; x_wconf 90' lang='lat' dir='ltr'><strong>anima</strong></span> <span class='ocrx_word' id='word_1_729' title='bbox 2101 4434 2319 4490; x_wconf 88' lang='lat' dir='ltr'><strong>semper</strong></span> <span class='ocrx_word' id='word_1_730' title='bbox 2344 4419 2593 4474; x_wconf 87' lang='lat' dir='ltr'><strong>demersa</strong></span> <span class='ocrx_word' id='word_1_731' title='bbox 2609 4427 2757 4473; x_wconf 85' lang='lat' dir='ltr'><strong>esset</strong></span> <span class='ocrx_word' id='word_1_732' title='bbox 2791 4419 2845 4473; x_wconf 92' lang='lat' dir='ltr'><strong>in</strong></span> <span class='ocrx_word' id='word_1_733' title='bbox 2874 4418 3159 4483; x_wconf 89' lang='lat' dir='ltr'><strong>malitiam,</strong></span> <span class='ocrx_word' id='word_1_734' title='bbox 3183 4434 3295 4488; x_wconf 91' lang='lat' dir='ltr'><strong>quo</strong></span> 
     </span>
    </p>
   </div>
   <div class='ocr_carea' id='block_1_102' title="bbox 1714 4510 3295 4587">
    <p class='ocr_par' dir='ltr' id='par_1_102' title="bbox 1714 4510 3295 4587">
     <span class='ocr_line' id='line_1_102' title="bbox 1714 4510 3295 4587; baseline -0.004 -15"><span class='ocrx_word' id='word_1_735' title='bbox 1714 4524 1877 4587; x_wconf 89' lang='lat' dir='ltr'><strong>pacto</strong></span> <span class='ocrx_word' id='word_1_736' title='bbox 1898 4521 2086 4585; x_wconf 87' lang='lat' dir='ltr'><strong>posset</strong></span> <span class='ocrx_word' id='word_1_737' title='bbox 2108 4513 2224 4568; x_wconf 66' lang='lat' dir='ltr'><strong>haec</strong></span> <span class='ocrx_word' id='word_1_738' title='bbox 2254 4511 2470 4566; x_wconf 81' lang='lat' dir='ltr'><strong>facere?</strong></span> <span class='ocrx_word' id='word_1_739' title='bbox 2492 4526 2619 4565; x_wconf 93' lang='lat' dir='ltr'><strong>cum</strong></span> <span class='ocrx_word' id='word_1_740' title='bbox 2646 4510 2874 4566; x_wconf 88' lang='lat' dir='ltr'><strong>Satanas</strong></span> <span class='ocrx_word' id='word_1_741' title='bbox 2894 4526 3176 4580; x_wconf 90' lang='lat' dir='ltr'><strong>nunquam</strong></span> <span class='ocrx_word' id='word_1_742' title='bbox 3200 4526 3295 4565; x_wconf 87' lang='lat' dir='ltr'><strong>ve—</strong></span> 
     </span>
    </p>
   </div>
   <div class='ocr_carea' id='block_1_103' title="bbox 1714 4600 3294 4674">
    <p class='ocr_par' dir='ltr' id='par_1_103' title="bbox 1714 4600 3294 4674">
     <span class='ocr_line' id='line_1_103' title="bbox 1714 4600 3294 4674; baseline -0.004 -13"><span class='ocrx_word' id='word_1_743' title='bbox 1714 4607 1800 4671; x_wconf 92' lang='lat' dir='ltr'><strong>lit,</strong></span> <span class='ocrx_word' id='word_1_744' title='bbox 1828 4613 1889 4660; x_wconf 93' lang='lat' dir='ltr'><strong>ut</strong></span> <span class='ocrx_word' id='word_1_745' title='bbox 1909 4605 1976 4659; x_wconf 92' lang='lat' dir='ltr'><strong>ad</strong></span> <span class='ocrx_word' id='word_1_746' title='bbox 2012 4603 2393 4674; x_wconf 78' lang='lat' dir='ltr'><strong>pmnitentiam</strong></span> <span class='ocrx_word' id='word_1_747' title='bbox 2418 4612 2768 4658; x_wconf 88' lang='lat' dir='ltr'><strong>revertantur</strong></span> <span class='ocrx_word' id='word_1_748' title='bbox 2788 4601 3081 4667; x_wconf 89' lang='lat' dir='ltr'><strong>homines;</strong></span> <span class='ocrx_word' id='word_1_749' title='bbox 3114 4600 3294 4655; x_wconf 90' lang='lat' dir='ltr'><strong>immi-</strong></span> 
     </span>
    </p>
   </div>
   <div class='ocr_carea' id='block_1_104' title="bbox 1715 4694 3290 4767">
    <p class='ocr_par' dir='ltr' id='par_1_104' title="bbox 1715 4694 3290 4767">
     <span class='ocr_line' id='line_1_104' title="bbox 1715 4694 3290 4767; baseline -0.005 -12"><span class='ocrx_word' id='word_1_750' title='bbox 1715 4699 1951 4755; x_wconf 87' lang='lat' dir='ltr'><strong>sericors</strong></span> <span class='ocrx_word' id='word_1_751' title='bbox 1982 4697 2255 4767; x_wconf 87' lang='lat' dir='ltr'><strong>siquidem</strong></span> <span class='ocrx_word' id='word_1_752' title='bbox 2280 4705 2384 4751; x_wconf 87' lang='lat' dir='ltr'><strong>est.</strong></span> <span class='ocrx_word' id='word_1_753' title='bbox 2419 4694 2615 4750; x_wconf 86' lang='lat' dir='ltr'><strong>Itidem</strong></span> <span class='ocrx_word' id='word_1_754' title='bbox 2658 4696 2881 4760; x_wconf 90' lang='lat' dir='ltr'><strong>mulier,</strong></span> <span class='ocrx_word' id='word_1_755' title='bbox 2914 4694 3136 4764; x_wconf 91' lang='lat' dir='ltr'><strong>quando</strong></span> <span class='ocrx_word' id='word_1_756' title='bbox 3164 4708 3290 4749; x_wconf 89' lang='lat' dir='ltr'><strong>cum</strong></span> 
     </span>
    </p>
   </div>
   <div class='ocr_carea' id='block_1_105' title="bbox 1714 4786 3292 4851">
    <p class='ocr_par' dir='ltr' id='par_1_105' title="bbox 1714 4786 3292 4851">
     <span class='ocr_line' id='line_1_105' title="bbox 1714 4786 3292 4851; baseline -0.004 -5"><span class='ocrx_word' id='word_1_757' title='bbox 1714 4793 1835 4846; x_wconf 84' lang='lat' dir='ltr'><strong>viro</strong></span> <span class='ocrx_word' id='word_1_758' title='bbox 1855 4790 2034 4847; x_wconf 63' lang='lat' dir='ltr'><strong>foedus</strong></span> <span class='ocrx_word' id='word_1_759' title='bbox 2062 4788 2326 4844; x_wconf 90' lang='lat' dir='ltr'><strong>connubii</strong></span> <span class='ocrx_word' id='word_1_760' title='bbox 2361 4788 2484 4851; x_wconf 91' lang='lat' dir='ltr'><strong>init,</strong></span> <span class='ocrx_word' id='word_1_761' title='bbox 2521 4796 2606 4842; x_wconf 90' lang='lat' dir='ltr'><strong>est</strong></span> <span class='ocrx_word' id='word_1_762' title='bbox 2632 4803 2802 4842; x_wconf 86' lang='lat' dir='ltr'><strong>unum</strong></span> <span class='ocrx_word' id='word_1_763' title='bbox 2850 4802 2976 4841; x_wconf 90' lang='lat' dir='ltr'><strong>cum</strong></span> <span class='ocrx_word' id='word_1_764' title='bbox 3020 4786 3135 4851; x_wconf 87' lang='lat' dir='ltr'><strong>illo,</strong></span> <span class='ocrx_word' id='word_1_765' title='bbox 3184 4786 3292 4840; x_wconf 85' lang='lat' dir='ltr'><strong>alia</strong></span> 
     </span>
    </p>
   </div>
   <div class='ocr_carea' id='block_1_106' title="bbox 1718 4878 3292 4955">
    <p class='ocr_par' dir='ltr' id='par_1_106' title="bbox 1718 4878 3292 4955">
     <span class='ocr_line' id='line_1_106' title="bbox 1718 4878 3292 4955; baseline -0.006 -14"><span class='ocrx_word' id='word_1_766' title='bbox 1718 4901 1853 4941; x_wconf 89' lang='lat' dir='ltr'><strong>vero</strong></span> <span class='ocrx_word' id='word_1_767' title='bbox 1881 4886 2019 4941; x_wconf 90' lang='lat' dir='ltr'><strong>hora</strong></span> <span class='ocrx_word' id='word_1_768' title='bbox 2048 4882 2307 4955; x_wconf 87' lang='lat' dir='ltr'><strong>disjuncti</strong></span> <span class='ocrx_word' id='word_1_769' title='bbox 2358 4894 2507 4947; x_wconf 90' lang='lat' dir='ltr'><strong>sunt,</strong></span> <span class='ocrx_word' id='word_1_770' title='bbox 2551 4897 2677 4936; x_wconf 91' lang='lat' dir='ltr'><strong>cum</strong></span> <span class='ocrx_word' id='word_1_771' title='bbox 2717 4881 2919 4951; x_wconf 66' lang='lat' dir='ltr'><strong>saepius</strong></span> <span class='ocrx_word' id='word_1_772' title='bbox 2947 4894 3094 4935; x_wconf 90' lang='lat' dir='ltr'><strong>unus</strong></span> <span class='ocrx_word' id='word_1_773' title='bbox 3126 4894 3195 4933; x_wconf 78' lang='lat' dir='ltr'><strong>ex</strong></span> <span class='ocrx_word' id='word_1_774' title='bbox 3222 4878 3292 4933; x_wconf 91' lang='lat' dir='ltr'><strong>iis</strong></span> 
     </span>
    </p>
   </div>
   <div class='ocr_carea' id='block_1_107' title="bbox 1713 4970 3292 5048">
    <p class='ocr_par' dir='ltr' id='par_1_107' title="bbox 1713 4970 3292 5048">
     <span class='ocr_line' id='line_1_107' title="bbox 1713 4970 3292 5048; baseline -0.006 -14"><span class='ocrx_word' id='word_1_775' title='bbox 1713 4981 1826 5034; x_wconf 85' lang='lat' dir='ltr'><strong>vita</strong></span> <span class='ocrx_word' id='word_1_776' title='bbox 1851 4978 2202 5048; x_wconf 80' lang='lat' dir='ltr'><strong>defungatur,</strong></span> <span class='ocrx_word' id='word_1_777' title='bbox 2221 4976 2363 5030; x_wconf 89' lang='lat' dir='ltr'><strong>alter</strong></span> <span class='ocrx_word' id='word_1_778' title='bbox 2408 4990 2541 5029; x_wconf 79' lang='lat' dir='ltr'><strong>vero</strong></span> <span class='ocrx_word' id='word_1_779' title='bbox 2582 4983 2861 5043; x_wconf 89' lang='lat' dir='ltr'><strong>superstes</strong></span> <span class='ocrx_word' id='word_1_780' title='bbox 2901 4980 3140 5027; x_wconf 90' lang='lat' dir='ltr'><strong>maneat.</strong></span> <span class='ocrx_word' id='word_1_781' title='bbox 3169 4970 3292 5026; x_wconf 90' lang='lat' dir='ltr'><strong>Non</strong></span> 
     </span>
    </p>
   </div>
   <div class='ocr_carea' id='block_1_108' title="bbox 1713 5062 3291 5135">
    <p class='ocr_par' dir='ltr' id='par_1_108' title="bbox 1713 5062 3291 5135">
     <span class='ocr_line' id='line_1_108' title="bbox 1713 5062 3291 5135; baseline -0.006 -10"><span class='ocrx_word' id='word_1_782' title='bbox 1713 5072 1873 5126; x_wconf 89' lang='lat' dir='ltr'><strong>aliter</strong></span> <span class='ocrx_word' id='word_1_783' title='bbox 1907 5086 1966 5124; x_wconf 92' lang='lat' dir='ltr'><strong>se</strong></span> <span class='ocrx_word' id='word_1_784' title='bbox 1996 5086 2087 5125; x_wconf 91' lang='lat' dir='ltr'><strong>res</strong></span> <span class='ocrx_word' id='word_1_785' title='bbox 2116 5068 2284 5122; x_wconf 88' lang='lat' dir='ltr'><strong>habet</strong></span> <span class='ocrx_word' id='word_1_786' title='bbox 2312 5066 2368 5121; x_wconf 93' lang='lat' dir='ltr'><strong>in</strong></span> <span class='ocrx_word' id='word_1_787' title='bbox 2415 5068 2676 5122; x_wconf 87' lang='lat' dir='ltr'><strong>societate</strong></span> <span class='ocrx_word' id='word_1_788' title='bbox 2716 5064 2955 5135; x_wconf 88' lang='lat' dir='ltr'><strong>Spiritus</strong></span> <span class='ocrx_word' id='word_1_789' title='bbox 2989 5062 3185 5127; x_wconf 89' lang='lat' dir='ltr'><strong>sancti,</strong></span> <span class='ocrx_word' id='word_1_790' title='bbox 3232 5063 3291 5117; x_wconf 91' lang='lat' dir='ltr'><strong>in</strong></span> 
     </span>
    </p>
   </div>
   <div class='ocr_carea' id='block_1_109' title="bbox 1716 5155 3287 5230">
    <p class='ocr_par' dir='ltr' id='par_1_109' title="bbox 1716 5155 3287 5230">
     <span class='ocr_line' id='line_1_109' title="bbox 1716 5155 3287 5230; baseline -0.006 -15"><span class='ocrx_word' id='word_1_791' title='bbox 1716 5176 1884 5216; x_wconf 90' lang='lat' dir='ltr'><strong>unum</strong></span> <span class='ocrx_word' id='word_1_792' title='bbox 1921 5159 2175 5230; x_wconf 90' lang='lat' dir='ltr'><strong>spiritum</strong></span> <span class='ocrx_word' id='word_1_793' title='bbox 2199 5158 2463 5213; x_wconf 88' lang='lat' dir='ltr'><strong>evadunt.</strong></span> <span class='ocrx_word' id='word_1_794' title='bbox 2494 5156 2595 5222; x_wconf 84' lang='lat' dir='ltr'><strong>Qui</strong></span> <span class='ocrx_word' id='word_1_795' title='bbox 2618 5159 2758 5211; x_wconf 86' lang='lat' dir='ltr'><strong>enim</strong></span> <span class='ocrx_word' id='word_1_796' title='bbox 2780 5156 3007 5209; x_wconf 86' lang='lat' dir='ltr'><strong>Domino</strong></span> <span class='ocrx_word' id='word_1_797' title='bbox 3032 5155 3287 5216; x_wconf 78' lang='lat' dir='ltr'><strong>adhwret,</strong></span> 
     </span>
    </p>
   </div>
   <div class='ocr_carea' id='block_1_110' title="bbox 1712 5243 3291 5322">
    <p class='ocr_par' dir='ltr' id='par_1_110' title="bbox 1712 5243 3291 5322">
     <span class='ocr_line' id='line_1_110' title="bbox 1712 5243 3291 5322; baseline -0.004 -18"><span class='ocrx_word' id='word_1_798' title='bbox 1712 5269 1847 5305; x_wconf 84' lang='lat' dir='ltr'><strong>unus</strong></span> <span class='ocrx_word' id='word_1_799' title='bbox 1867 5252 2082 5322; x_wconf 79' lang='lat' dir='ltr'><strong>spiritus</strong></span> <span class='ocrx_word' id='word_1_800' title='bbox 2111 5260 2186 5304; x_wconf 79' lang='lat' dir='ltr'><strong>est</strong></span> <span class='ocrx_word' id='word_1_801' title='bbox 2208 5246 2274 5302; x_wconf 80' lang='grc'><strong>⁷⁸.</strong></span> <span class='ocrx_word' id='word_1_802' title='bbox 2306 5248 2462 5315; x_wconf 89' lang='lat' dir='ltr'><strong>Quod</strong></span> <span class='ocrx_word' id='word_1_803' title='bbox 2498 5248 2577 5302; x_wconf 85' lang='lat' dir='ltr'><strong>tit.</strong></span> <span class='ocrx_word' id='word_1_804' title='bbox 2610 5262 2736 5301; x_wconf 90' lang='lat' dir='ltr'><strong>cum</strong></span> <span class='ocrx_word' id='word_1_805' title='bbox 2769 5247 2934 5301; x_wconf 92' lang='lat' dir='ltr'><strong>homo</strong></span> <span class='ocrx_word' id='word_1_806' title='bbox 2961 5243 3291 5300; x_wconf 88' lang='lat' dir='ltr'><strong>absorbetur</strong></span> 
     </span>
    </p>
   </div>
   <div class='ocr_carea' id='block_1_111' title="bbox 1712 5343 1970 5413">
    <p class='ocr_par' dir='ltr' id='par_1_111' title="bbox 1712 5343 1970 5413">
     <span class='ocr_line' id='line_1_111' title="bbox 1712 5343 1970 5413; baseline -0.008 -16"><span class='ocrx_word' id='word_1_807' title='bbox 1712 5360 1741 5397; x_wconf 90' lang='lat' dir='ltr'><strong>a</strong></span> <span class='ocrx_word' id='word_1_808' title='bbox 1774 5343 1970 5413; x_wconf 80' lang='lat' dir='ltr'><strong>gratia.</strong></span> 
     </span>
    </p>
   </div>
   <div class='ocr_carea' id='block_1_112' title="bbox 1781 5429 3293 5506">
    <p class='ocr_par' dir='ltr' id='par_1_112' title="bbox 1781 5429 3293 5506">
     <span class='ocr_line' id='line_1_112' title="bbox 1781 5429 3293 5506; baseline -0.003 -17"><span class='ocrx_word' id='word_1_809' title='bbox 1781 5435 1892 5506; x_wconf 81' lang='lat'><strong>69</strong></span> <span class='ocrx_word' id='word_1_810' title='bbox 1916 5435 2003 5490; x_wconf 83' lang='grc' dir='ltr'><strong>ΙΙΙ.</strong></span> <span class='ocrx_word' id='word_1_811' title='bbox 2025 5435 2164 5491; x_wconf 88' lang='lat' dir='ltr'><strong>Sunt</strong></span> <span class='ocrx_word' id='word_1_812' title='bbox 2182 5434 2455 5500; x_wconf 91' lang='lat' dir='ltr'><strong>nonnulli,</strong></span> <span class='ocrx_word' id='word_1_813' title='bbox 2473 5434 2566 5503; x_wconf 93' lang='lat' dir='ltr'><strong>qui</strong></span> <span class='ocrx_word' id='word_1_814' title='bbox 2595 5433 2724 5488; x_wconf 88' lang='lat' dir='ltr'><strong>licet</strong></span> <span class='ocrx_word' id='word_1_815' title='bbox 2746 5443 2965 5503; x_wconf 81' lang='lat' dir='ltr'><strong>gustum</strong></span> <span class='ocrx_word' id='word_1_816' title='bbox 2986 5429 3293 5486; x_wconf 80' lang='lat' dir='ltr'><strong>divinitatis</strong></span> 
     </span>
    </p>
   </div>
   <div class='ocr_carea' id='block_1_113' title="bbox 1710 5526 3293 5598">
    <p class='ocr_par' dir='ltr' id='par_1_113' title="bbox 1710 5526 3293 5598">
     <span class='ocr_line' id='line_1_113' title="bbox 1710 5526 3293 5598; baseline -0.003 -15"><span class='ocrx_word' id='word_1_817' title='bbox 1710 5528 2079 5598; x_wconf 87' lang='lat' dir='ltr'><strong>perceperint,</strong></span> <span class='ocrx_word' id='word_1_818' title='bbox 2105 5528 2287 5584; x_wconf 90' lang='lat' dir='ltr'><strong>adhuc</strong></span> <span class='ocrx_word' id='word_1_819' title='bbox 2304 5537 2487 5583; x_wconf 87' lang='lat' dir='ltr'><strong>tamen</strong></span> <span class='ocrx_word' id='word_1_820' title='bbox 2512 5529 2579 5584; x_wconf 90' lang='lat' dir='ltr'><strong>ab</strong></span> <span class='ocrx_word' id='word_1_821' title='bbox 2600 5526 2916 5581; x_wconf 83' lang='lat' dir='ltr'><strong>adversario</strong></span> <span class='ocrx_word' id='word_1_822' title='bbox 2938 5527 3213 5596; x_wconf 82' lang='lat' dir='ltr'><strong>agitantur</strong></span> <span class='ocrx_word' id='word_1_823' title='bbox 3233 5532 3293 5578; x_wconf 85' lang='lat' dir='ltr'><strong>et</strong></span> 
     </span>
    </p>
   </div>
   <div class='ocr_carea' id='block_1_114' title="bbox 1709 5616 3287 5690">
    <p class='ocr_par' dir='ltr' id='par_1_114' title="bbox 1709 5616 3287 5690">
     <span class='ocr_line' id='line_1_114' title="bbox 1709 5616 3287 5690; baseline -0.003 -16"><span class='ocrx_word' id='word_1_824' title='bbox 1709 5630 1999 5688; x_wconf 73' lang='lat' dir='ltr'><strong>vexantur,</strong></span> <span class='ocrx_word' id='word_1_825' title='bbox 2022 5620 2161 5676; x_wconf 88' lang='lat' dir='ltr'><strong>adeo</strong></span> <span class='ocrx_word' id='word_1_826' title='bbox 2188 5632 2247 5677; x_wconf 90' lang='lat' dir='ltr'><strong>ut</strong></span> <span class='ocrx_word' id='word_1_827' title='bbox 2275 5620 2686 5690; x_wconf 87' lang='lat' dir='ltr'><strong>obstupescant,</strong></span> <span class='ocrx_word' id='word_1_828' title='bbox 2705 5620 2858 5675; x_wconf 82' lang='lat' dir='ltr'><strong>velut</strong></span> <span class='ocrx_word' id='word_1_829' title='bbox 2882 5619 3063 5674; x_wconf 86' lang='lat' dir='ltr'><strong>adhuc</strong></span> <span class='ocrx_word' id='word_1_830' title='bbox 3089 5616 3287 5688; x_wconf 78' lang='lat' dir='ltr'><strong>ignari,</strong></span> 
     </span>
    </p>
   </div>
  </div>
