3966 6500
632 332 738 398 615

1874 329 1934 387 S.
1976 327 2294 387 M.\CARlI
2336 327 2658 389 ᾸΞΟΥΡΤΙΙ

3767 335 3852 397 616

631 441 776 514 quod
816 447 938 510 post
987 439 1357 494 visitationem
1408 437 1648 493 divinam
1700 437 2057 508 cogitationes
2096 436 2202 489 vim

2318 440 2554 509 λογισμοὶ
2590 443 2670 502 είς
2691 439 2760 492 τὰ
2796 442 3070 513 μυστήρια
3122 441 3217 494 τοῦ
3254 440 3716 512 Χριστιανισμοῦ’
3741 443 3786 494 οἱ
3810 447 3856 498 ἐν

629 550 784 591 suam
807 542 1063 589 exserant
1083 532 1151 587 ad
1171 534 1423 604 mysteria
1439 532 1763 587 Christiana:
1786 529 2084 600 religionis.
2104 529 2205 594 Qui

628 645 761 685 vero
791 630 846 683 in
872 629 938 683 iis
967 627 1494 691 consenuere,nulla
1513 624 1880 680 admiratione
1905 623 2206 677 ducuntur.

629 724 708 776 Ac
729 719 959 791 perinde
991 727 1053 773 ut
1082 719 1336 790 agricola:
1371 718 1559 789 periti,
1604 734 1672 773 ex
1704 719 1865 788 longa
1905 723 2209 772 consuetu-

626 813 780 881 dine,
828 813 872 868 si
919 812 1154 868 feracior
1176 828 1240 868 ac
1274 811 1501 866 uberior
1530 810 1696 867 fuerit
1724 811 1855 866 anni
1885 820 2203 882 tempestas,

629 923 737 961 non
768 908 926 976 plane
961 906 1172 975 absque
1225 920 1358 960 cura
1399 905 1615 968 vivunt,
1645 903 1743 959 sed
1770 912 2097 974 exspectant
2127 902 2209 956 fa-

628 1013 772 1053 mem
797 1006 850 1052 et
885 996 1223 1065 angustiam:
1248 1012 1352 1052 nec
1372 1012 1402 1051 e
1437 995 1678 1062 diverso,
1705 996 1750 1050 si
1781 996 1954 1051 fames
1985 1005 2079 1050 aut
2107 1010 2208 1049 an-

631 1089 810 1160 gustia
840 1103 936 1143 eos
959 1088 1257 1158 opprimat,
1295 1103 1450 1158 spem
1478 1104 1700 1143 onmem
1723 1088 2029 1157 deponunt,
2082 1100 2207 1139 cum

623 1176 1065 1234 vicissitudinem
1113 1178 1320 1248 optime
1381 1178 1655 1248 cognitam
1706 1178 1978 1232 habeant:
2014 1177 2207 1231 eodem

628 1272 792 1328 modo
822 1288 879 1327 se
909 1288 998 1325 res
1025 1270 1191 1324 habet
1224 1271 1278 1324 in
1311 1270 1726 1341 spiritualibus;
1755 1271 1848 1324 ubi
1875 1269 2022 1323 enim
2044 1268 2210 1322 variis

637 1363 1036 1420 tentationibus
1065 1377 1326 1432 oppressa
1356 1361 1520 1416 fuerit
1551 1362 1753 1428 anima,
1811 1377 1916 1414 non
1947 1361 2210 1429 obstupe-

632 1459 762 1521 scit,
792 1471 975 1526 neque
1002 1470 1154 1525 spem
1187 1453 1374 1524 abjicit
1400 1471 1414 1519 ;
1451 1454 1580 1523 quia
1613 1454 1769 1508 novit
1801 1469 1858 1507 se
1887 1469 1952 1506 ex
1983 1453 2212 1522 permis-

629 1549 784 1605 sione
814 1547 1118 1618 expositam
1145 1561 1264 1600 esse
1301 1545 1741 1614 probationibus,
1789 1560 1853 1598 ac
1890 1545 2147 1615 castigari
2179 1559 2210 1597 a

629 1638 864 1694 malitia:
895 1653 998 1692 nec
1021 1636 1264 1690 vicissim
1295 1636 1516 1706 quando
1546 1652 1732 1691 rerum
1779 1637 2025 1690 omnium
2051 1636 2210 1705 copia

629 1737 686 1784 et
715 1728 907 1799 requie
940 1728 1135 1790 allluit,
1160 1742 1296 1781 cura
1335 1735 1514 1791 vacat,
1538 1726 1634 1782 sed
1673 1737 1954 1797 exspectat
1993 1726 2210 1782 vicissi-

630 1819 903 1876 tudinem.
953 1821 1133 1890 Atque
1161 1822 1240 1876 sol
1302 1836 1426 1875 cum
1459 1820 1534 1874 sit
1573 1835 1774 1890 corpus
1815 1829 1871 1874 et
1905 1820 2209 1889 opiﬁcium,

630 1915 950 1969 illuminans
973 1929 1194 1984 quoque
1231 1913 1352 1969 loca
1390 1912 1595 1979 fetida,
1647 1927 1804 1967 emno
1851 1928 1914 1967 ac
1953 1912 2212 1966 sordibus

635 2007 820 2082 plena,
849 2006 989 2060 nihil
1015 2006 1234 2061 laeditur
1266 2013 1362 2060 aut
1395 2007 1733 2061 infuscatur:
1784 2015 1991 2075 quanto
2041 2005 2214 2076 magis

637 2116 814 2174 purus
837 2109 894 2155 et
933 2109 1157 2155 sanctus
1188 2099 1450 2169 Spiritus,
1479 2100 1806 2170 conjunctus
1833 2100 2048 2160 animre,
2092 2113 2214 2168 quae

643 2190 826 2246 adhuc
905 2205 938 2244 a
988 2190 1131 2244 malo
1177 2190 1454 2260 allligitur,
1529 2190 1665 2244 nihil
1736 2190 1864 2244 inde
1939 2188 2215 2244 contrahit

631 2280 787 2336 vitii?
808 2281 1061 2337 Etenim:
1093 2281 1206 2335 Lux
1227 2284 1282 2335 in
1312 2282 1535 2335 tenebris
1569 2281 1724 2343 lucet,
1763 2291 1811 2334 et
1840 2283 2064 2335 Μηρὸν-ω
2096 2298 2214 2334 eam

630 2393 737 2430 non
767 2375 1279 2446 comprehenderunt
1315 2378 1379 2430 ’9.

702 2469 791 2523 IV.
828 2465 1091 2534 Quamvis
1128 2466 1296 2538 igitur
1332 2468 1500 2522 homo
1530 2467 1585 2520 in
1610 2465 1986 2536 profunditate
2021 2467 2112 2528 sit,
2151 2481 2215 2520 ac

633 2561 868 2616 ditescat
890 2559 1086 2630 gratia,
1115 2559 1481 2614 nihilominus
1516 2559 1674 2614 adest
1706 2560 1757 2614 ei
1783 2560 1905 2614 olus
1928 2560 1994 2614 ad
2025 2559 2214 2613 foven-

633 2649 762 2704 dam
799 2647 1087 2703 malitiam.
1120 2648 1297 2702 Habet
1335 2665 1467 2703 vero
1489 2659 1859 2718 protectorem
1903 2648 2004 2703 sibi
2039 2649 2218 2718 opitu-

631 2739 859 2795 lantem.
888 2738 1068 2805 Quare
1101 2739 1145 2794 si
1169 2740 1293 2810 quis
1320 2740 1710 2796 aﬂlictionibus
1746 2749 1842 2796 aut
1864 2740 2217 2795 atl‘ectionum

628 2831 894 2888 ﬂuctibus
919 2831 1157 2888 obrutus
1186 2832 1374 2898 fuerit,
1408 2849 1563 2904 spem
1601 2850 1712 2888 non
1756 2835 2000 2905 abjicere
2027 2833 2214 2890 debet.

630 2925 802 2996 Magis
834 2925 986 2980 enim
1036 2925 1142 2980 hoc
1187 2925 1351 2980 modo
1401 2935 1688 2997 peccatum
1742 2927 2122 2981 accumulatur
2162 2935 2220 2982 et

633 3017 931 3073 subintrat.
960 3017 1017 3072 Si
1043 3017 1168 3086 quis
1203 3032 1336 3072 vero
1359 3028 1630 3088 perpetuo
1653 3033 1805 3089 spem
1837 3034 1993 3073 suam
2029 3018 2085 3075 in
2107 3019 2219 3074 Deo

631 3109 937 3173 collocarit,
976 3116 1293 3164 attenuatur
1340 3110 1769 3180 quodammodo,
1800 3121 1857 3167 et
1908 3114 2220 3168 exsiccatur

635 3201 860 3255 malum.
889 3200 1048 3268 Quod
1073 3201 1241 3271 igitur
1265 3202 1487 3270 quidam
1514 3217 1581 3255 ex
1603 3203 1861 3274 paralysi,
1879 3219 1946 3258 ex
1977 3205 2217 3274 partium

636 3293 1005 3362 quarumdam
1065 3292 1434 3356 mutilatione,
1496 3310 1561 3348 ex
1613 3295 1776 3361 febri,
1825 3305 1882 3350 et
1914 3311 1981 3350 ex
2012 3297 2218 3353 morbis

634 3385 908 3449 laborent,
951 3384 1058 3440 hoc
1095 3393 1270 3440 totum
1321 3403 1352 3441 a
1391 3396 1616 3456 peccato
1661 3389 2053 3457 proﬁciscitur.
2102 3388 2219 3444 Hoc

637 3476 909 3548 siquidem
940 3477 1096 3532 radix
1115 3488 1199 3532 est
1219 3480 1466 3534 omnium
1485 3479 1755 3534 malorum
1775 3497 1789 3533 :
1821 3489 1877 3536 et
1898 3480 2218 3537 aﬂcctiones

637 3570 1218 3641 concupiscentiarum
1251 3572 1468 3637 animae,
1508 3583 1565 3627 et
1591 3590 1889 3644 pravarum
1932 3575 2218 3646 cogitatio-

634 3675 792 3726 num,
815 3677 883 3718 ex
907 3678 975 3718 eo
1006 3663 1339 3718 scaturiunt.
1364 3665 1599 3720 Perinde
1617 3681 1681 3721 ac
1713 3667 1758 3721 si
1786 3667 1908 3722 fons
1937 3668 2214 3733 decurrat,

637 3753 728 3807 cui
757 3753 878 3808 loca
897 3753 1146 3823 proxime
1178 3755 1429 3825 subjecta
1449 3757 1560 3810 sint
1582 3757 1850 3827 uliginosa
1878 3769 1934 3813 et
1953 3757 2214 3813 humida:

637 3845 821 3899 calore
844 3858 976 3898 vero
1000 3845 1311 3916 ingruente,
1335 3853 1448 3899 tam
1472 3844 1612 3910 fons,
1639 3861 1802 3915 quam
1820 3846 1938 3901 loca
1969 3847 2217 3916 proxima

635 3937 1015 4001 exsiccantur;
1071 3938 1152 3994 sic
1199 3954 1421 4009 quoque
1482 3939 1658 3995 servis
1725 3940 1820 3995 Dei
1879 3941 2104 4002 accidit,
2162 3941 2218 3995 in

636 4029 840 4099 quibus
869 4030 1115 4086 abundat
1145 4032 1357 4102 gratia;
1409 4033 1650 4086 exsiccat
1687 4033 1834 4087 enim
1887 4050 1996 4088 non
2040 4035 2219 4090 solum

637 4121 1118 4191 concupiscentias
1159 4137 1188 4176 a
1229 4121 1452 4187 Satana,
1498 4137 1693 4178 verum
1738 4124 1904 4180 etiam
1949 4141 1979 4180 a
2019 4133 2218 4180 natura

637 4221 950 4280 suggestas:
976 4227 1043 4267 eo
1072 4212 1220 4283 quod
1249 4228 1398 4267 nunc
1421 4213 1525 4267 viri
1555 4213 1648 4270 Dei
1676 4215 2090 4284 praestantiores
2110 4215 2220 4270 sint

638 4303 820 4370 primo
854 4303 992 4357 Ada.

713 4395 778 4448 V.
806 4395 952 4450 Deus
979 4395 1493 4465 incircumscriptus
1519 4403 1606 4450 est
1627 4403 1682 4449 et
1706 4393 2216 4467 incomprehensus,

641 4485 849 4554 ubique
872 4501 1162 4555 apparens,
1194 4495 1251 4540 et
1289 4485 1346 4540 in
1391 4487 1694 4550 montibus,
1745 4494 1802 4542 et
1848 4486 1903 4540 in
1947 4486 2107 4549 mari,
2164 4495 2221 4542 et

640 4580 832 4635 subter
851 4579 1112 4651 abyssum
1135 4595 1150 4645 ;
1175 4587 1231 4633 et
1245 4579 1299 4632 id
1321 4578 1546 4649 quidem
1567 4593 1679 4633 non
1697 4577 1912 4632 ratione
1932 4578 2220 4644 transitus,

640 4673 785 4728 sicut
816 4671 995 4744 angeli
1015 4672 1357 4728 descendunt
1387 4687 1419 4727 e
1447 4673 1588 4727 caelo
1610 4672 1669 4727 in
1703 4679 1927 4728 terram.
1959 4671 2056 4727 Est
2074 4671 2223 4726 enim

642 4763 702 4818 iu
728 4763 895 4829 caelo,
924 4772 1010 4818 est
1041 4778 1262 4833 quoque
1290 4762 1404 4818 hic.
1441 4760 1644 4818 Verum
1672 4762 1901 4835 objicies
1918 4763 2077 4828 mihi,
2113 4779 2224 4832 quo

639 4865 804 4929 pacto
832 4864 1017 4928 potest
1043 4856 1194 4912 Deus
1220 4871 1344 4913 esse
1371 4857 1427 4910 in
1457 4856 1730 4928 gehenna,
1776 4865 1872 4910 aut
1899 4871 2012 4925 quo
2063 4863 2225 4926 pacto

639 4957 823 5021 potest
839 4951 896 5004 in
920 4949 1170 5005 tenebris
1193 4965 1337 5015 esse,
1371 4958 1467 5004 aut
1498 4949 1556 5003 in
1602 4948 1825 5015 Satana,
1862 4959 1958 5005 aut
1999 4949 2054 5003 in
2088 4949 2227 5005 locis

640 5042 1013 5112 graveolentia
1070 5041 1290 5098 fetidis?
1339 5040 1665 5112 Respondco
1724 5041 1846 5104 tibi,
1899 5042 2012 5112 pati
2044 5041 2224 5111 ipsum

639 5147 752 5187 non
768 5148 951 5203 posse,
968 5143 1135 5206 atque
1161 5135 1344 5190 omnia
1371 5134 1693 5189 continere:
1715 5133 2225 5204 incircumscriptus

641 5223 788 5278 enim
817 5235 938 5292 est;
975 5225 1210 5281 Satanas
1238 5242 1391 5293 vero,
1420 5227 1514 5296 qui
1553 5234 1638 5282 est
1681 5227 1800 5297 ejus
1845 5233 2122 5290 creatura,
2161 5223 2228 5280 li-

644 5325 824 5386 gatur.
859 5316 1071 5372 Bonum
1103 5328 1286 5375 autem
1316 5319 1496 5390 ipsum
1527 5334 1630 5375 nec
1667 5319 1926 5376 sordibus
1971 5317 2228 5389 inquina~

643 5416 753 5473 tur,
786 5423 891 5463 nec
947 5409 1198 5465 tenebris
1227 5409 1556 5466 offunditur.
1603 5409 1762 5477 Quod
1813 5412 1860 5466 si
1893 5426 2060 5482 neges
2100 5425 2229 5465 eum

643 5501 826 5554 omnia
847 5502 1154 5567 continere,
1186 5512 1245 5557 et
1273 5502 1601 5573 gehennam,
1622 5511 1679 5557 et
1720 5503 2000 5566 Satanam,
2043 5500 2229 5570 ipsum

644 5589 777 5647 facis
816 5593 1316 5664 circumscriptum,
1364 5595 1546 5666 quoad
1590 5610 1719 5652 eum
1782 5595 1963 5650 locum
2016 5593 2073 5649 in
2117 5608 2228 5663 quo

714 5778 758 5811 "
789 5779 949 5839 Joan.
980 5779 1130 5846 1,15.

2311 532 2492 594 αὐτοῖς
2537 532 2594 586 δὲ
2627 535 2970 604 γηράσαντες
3015 536 3076 587 ού
3113 535 3430 600 ξενίζονται.
3469 535 3579 587 Καὶ
3609 533 3789 604 ῶσπερ
3816 541 3853 589 οι

2310 623 2563 696 ἔμπειροι
2610 630 2848 698 γεωργοὶ
2911 631 2972 681 ὲκ
3003 629 3101 699 τῆς
3141 629 3343 698 πολλῆς
3394 627 3706 699 συνηθείας,
3752 630 3857 682 ὅταν

2310 717 2540 790 γένηται
2571 720 2819 791 εὐφορία,
2859 721 2921 776 ού
2981 721 3204 786 τελείως
3234 722 3531 792 ἁμέριμνοί
3559 723 3716 786 εἰσιν,

2310 811 2626 883 ἐκδέχονται
2648 815 2740 865 καὶ
2761 812 2918 884 λιμὸν
2944 815 3039 866 καὶ
3066 814 3430 886 στενοχωρίαν
3450 833 3463 844 ο
3484 814 3610 867 οὒτε
3625 815 3680 867 δὲ
3706 816 3861 878 πάλιν,

2309 905 2438 959 ὅταν
2467 903 2750 975 καταλάὸῃ
2774 906 2970 968 αὐτοὺς
2998 905 3176 977 λιμὸς,
3211 909 3244 978 ἢ
3267 907 3626 977 στενοχωρία,
3659 909 3862 961 επιποῆ

2309 995 2704 1060 ἀπελπίζουσι,
2760 998 3122 1070 γνωρίζοντες
3186 1000 3287 1069 τὴν
3347 998 3685 1068 μεταϐολήν·
3725 999 3866 1061 οὕτως

2311 1093 2406 1146 καὶ
2439 1095 2517 1156 είς
2551 1091 2611 1145 τὸ
2640 1092 3034 1165 πνευματικὸν.
3066 1095 3196 1147 ὅταν
3249 1095 3580 1162 πειρασμοῖς
3633 1093 3868 1154 nontam;

2311 1189 2588 1260 περιπέσῃ
2649 1192 2682 1260 ἡ
2714 1188 2883 1260 ψυχὴ,
2932 1188 2994 1240 οὐ
3059 1184 3347 1252 ξενίζεται,
3389 1184 3516 1237 ούτε
3584 1183 3866 1246 ἀπελπίζει,

2311 1282 2501 1353 ἐπειδὴ
2544 1279 2704 1346 οἶδεν,
2737 1285 2819 1335 ὅτι
2850 1283 2991 1335 κατὰ
3020 1279 3366 1350 συγχώρησιν
3397 1279 3622 1347 ἀφίεται
3667 1277 3866 1345 δοκιμα-

2313 1375 2530 1445 σθῆναι,
2569 1375 2666 1427 καὶ
2710 1374 3068 1443 παιδευθῆναι
3101 1373 3206 1425 ὑπὸ
3254 1372 3356 1441 τῆς
3409 1370 3639 1431 κακίας.
3675 1366 3803 1420 Οὔτε
3830 1369 3870 1420 εξ

2313 1469 2498 1534 πάλιν,
2560 1469 2647 1521 ὅτε
2693 1470 2752 1520 ἐν
2809 1467 3027 1536 πλούτῳ
3065 1465 3246 1535 πολλῷ
3282 1466 3401 1517 ἐστι
3441 1465 3535 1516 καὶ
3591 1461 3871 1514 ἁναπαὲεει

2312 1563 2630 1633 ἁμεριμνεί,
2674 1560 2788 1614 ἀλλ’
2819 1560 3103 1630 ἐκδέχεται
3163 1558 3260 1629 τὴν
3330 1554 3667 1627 μεταϐολήν.
3721 1554 3872 1606 Καὶί

2310 1656 2463 1726 ἥλιος
2502 1657 2660 1727 σῶμα
2707 1656 2799 1709 καὶ
2836 1653 3232 1724 δημιούργημα
3280 1651 3379 1714 ὢν,
3414 1648 3795 1718 καταλάμπων
3832 1649 3872 1700 δὲ

2316 1751 2396 1812 είς
2422 1748 2620 1812 τόπους
2644 1747 2922 1811 δυσώδεις,
2946 1745 3075 1800 ἔνθα
3102 1746 3220 1798 ἐστὶ
3242 1744 3504 1816 βόρὸορος
3527 1741 3632 1795 καὶ¹
3660 1739 3872 1808 ἀκαθαρ-

2317 1841 2452 1906 σίαι,
2487 1841 2638 1894 οὐδὲν
2659 1840 3017 1911 βλάπτεταιῆ
3051 1838 3372 1908 μολύνεται·
3416 1835 3574 1905 πόσῳ
3609 1833 3806 1904 μᾶλλον
3832 1835 3872 1885 τὸ

2314 1933 2557 2006 καθαρὸν
2589 1933 2684 1986 καὶ
2718 1934 2872 2001 ἆγιον
2902 1931 3129 2003 Πνεῦμα
3161 1931 3319 1983 συνὸν
3341 1931 3408 2000 τῇ
3438 1927 3595 1998 ψυχῇ
3638 1926 3721 1978 ἐτι
3753 1925 3872 1994 ἐνερ-

2315 2028 2556 2097 γουμένη
2593 2026 2698 2080 ὑπὸ
2752 2024 2848 2078 τοῦ
2893 2024 3156 2096 πονηροῦ,
3197 2022 3350 2076 οὐδὲν
3375 2016 3870 2090 συμπεριλαμεὲίει

2316 2118 2412 2170 ἀπ’
2441 2117 2620 2171 αὐτῶν
2643 2135 2656 2179 ;
2681 2119 2775 2170 καὶ
2798 2115 2908 2187 γὰρ
2939 2114 3015 2169 Τὸ
3047 2113 3173 2184 φῶς
3221 2113 3293 2166 ἐν
3319 2112 3396 2181 τῇ
3428 2113 3658 2178 σκοτίᾳ
3688 2112 3869 2180 φαίνει,

2320 2213 2417 2263 καὶ
2443 2211 2481 2277 ὴ
2509 2211 2722 2264 σκοτία
2749 2208 2896 2262 αὐτὸ
2935 2209 3008 2261 οὐ
3056 2207 3365 2262 κατέλαϐε.

2245 1790 2287 1846 Β

2389 2473 2462 2525 Δ’.
2497 2470 2606 2523 Καὶ
2637 2471 2726 2522 ὅτε
2751 2465 2844 2522 οὖν
2874 2471 2933 2522 ὲν
2956 2467 3112 2538 βάθει
3134 2469 3274 2529 ἐστὶ,
3308 2467 3405 2521 καὶ
3433 2467 3676 2520 πλουτεῖ
3717 2467 3778 2533 τῇ
3803 2464 3873 2533 χά-

2322 2581 2428 2635 ριτι
2460 2565 2488 2617 ό
2529 2562 2838 2632 ἄνθρωπος,
2879 2560 2996 2614 ἔστι
3039 2560 3272 2631 λάχανον
3303 2559 3383 2613 ἔτι
3429 2559 3572 2630 παρ’
3617 2556 3764 2626 αὐτῷ
3803 2557 3875 2618 τὲς

2319 2653 2518 2716 κακίας
2547 2669 2560 2682 ο
2617 2653 2731 2724 ἔχει
2786 2653 2880 2704 τὸν
2935 2651 3308 2722 ἀντιλήπτορα
3363 2649 3681 2720 βοηθοῦντα
3742 2647 3874 2713 αὐτῷ.

2321 2746 2491 2798 Ὅταν
2520 2742 2614 2798 οὖν
2642 2762 2728 2808 τις
2762 2747 2820 2798 ὲν
2847 2743 3091 2814 θλίψεσιν
3189 2743 3288 2796 καὶ
3329 2741 3524 2794 παθῶν
3567 2739 3873 2810 τρικυμίαις,

2319 2834 2420 2888 οὐκ
2454 2835 2661 2905 ὀφείλει
2684 2833 2989 2887 ἀπελπίσαι
3015 2850 3029 2862 ·
3061 2834 3155 2886 ἐπὶ
3184 2834 3369 2886 πλεῖον
3392 2831 3508 2902 γὰρ
3540 2830 3696 2884 οὕτω
3738 2829 3877 2898 παχύ-

2319 2944 2468 2982 νεται
2489 2928 2523 2998 ἡ
2547 2925 2792 2998 ἁμαρτία
2820 2926 2915 2979 καὶ
2941 2924 3346 2995 ἐπεισέρχεται.
3376 2924 3555 2978 Ὅταν
3611 2922 3672 2974 δὲ
3703 2923 3793 2993 ἔχη
3818 2937 3877 2980 τις

2322 3019 2552 3074 πάντοτε
2579 3017 2676 3089 τὴν
2708 3017 2900 3070 ἐλπίδα
2929 3017 3022 3070 τοῦ
3049 3017 3208 3083 Θεοῦ,
3239 3016 3430 3086 ὥσπερ
3464 3015 3791 3068 λεπτύνεται
3811 3015 3876 3063 καὶ

2247 3149 2293 3211 C
2323 3111 2674 3183 ἐξυδαροῦται
2699 3110 2760 3164 τὸ
2783 3109 2977 3164 κακόν.
3013 3109 3086 3162 Τὸ
3122 3105 3215 3164 οὖν
3246 3103 3385 3161 εἷναί
3416 3125 3582 3170 τινας
3603 3106 3875 3178 παραλελυ-

2327 3206 2541 3276 μένους,
2590 3204 2624 3274 ἢ
2679 3201 3114 3272 λελωϐημένους,
3169 3201 3561 3272 πυρέσσοντας
3604 3200 3703 3253 καὶ
3751 3198 3876 3252 d562-

2323 3297 2566 3362 νοῦντας,
2594 3294 2754 3349 τοῦτο
2791 3297 2855 3349 ὲκ
2886 3297 2984 3361 τῆς
3017 3293 3292 3366 ἁμαρτίας
3336 3293 3738 3364 προσεγένετο.
3762 3288 3875 3353 Αὗτη

2323 3387 2433 3459 γὰρ
2461 3387 2588 3458 ῥίζα
2625 3385 2744 3439 ἐστὶ
2780 3385 2998 3439 πάντων
3029 3383 3140 3437 τῶν
3181 3384 3390 3448 κακῶν,
3444 3385 3542 3437 καὶ
3580 3385 3653 3437 τὰ
3683 3382 3878 3451 πάθηᾶ

2323 3479 2431 3533 τῶν
2465 3477 2770 3548 ἐπιθυμιῶν
2799 3475 2900 3546 τῆς
2953 3473 3152 3546 ψυχῆς,
3196 3476 3291 3529 καὶ
3336 3477 3448 3529 τῶν
3500 3475 3700 3530 κακῶν
3736 3475 3877 3528 orsis-

2323 3572 2538 3644 γισμῶν
2561 3571 2619 3638 ἐξ
2653 3571 2824 3642 αὐτῆς
2853 3571 3012 3625 εἰσιν.
3059 3571 3272 3638 Ὠσπερ
3303 3570 3398 3622 ἐὰν
3433 3566 3656 3642 ᾗπηγὴ
3697 3568 3876 3640 ῥέουσι.

2324 3669 2420 3721 καὶ
2449 3666 2552 3738 ἔχῃ
2602 3665 2728 3727 τοὺς
2779 3663 3227 3734 παρακειμένους
3278 3663 3482 3726 τόπους
3530 3663 3788 3733 διΰγραις
3815 3661 3878 3711 n‘:

2325 3759 2574 3831 νπεροῦς
2600 3773 2615 3788 °
2651 3757 2861 3830 Θέρμης
2911 3758 2970 3811 δὲ
3006 3756 3328 3826 γενομένης,
3375 3757 3473 3809 καὶ
3520 3755 3668 3826 αὑτὴ
3725 3756 3810 3808 καὶ
3846 3753 3878 3802 οὶ

2325 3853 2551 3921 ἔγγιστα
2586 3852 2741 3906 τόποι
2777 3850 3124 3923 ξηραίνονται
3145 3866 3159 3880 °
3189 3849 3366 3912 οὕτως
3399 3850 3500 3903 καὶ
3523 3850 3611 3910 είς
3639 3849 3761 3910 τοὺς

2325 3944 2450 4007 λους
2484 3943 2580 3996 τοῦ
2606 3942 2764 4010 Θεοῦ,
2793 3945 2874 4006 είς
2905 3943 3000 4006 οὒς
3053 3941 3341 4006 πλεονάζει
3372 3944 3404 4014 ή
3431 3943 3623 4013 χάρις,
3671 3942 3880 4012 ξηραίνει
3964 3935 3966 3950 ⁵

2324 4034 2422 4105 τὴν
2456 4033 2551 4087 τοῦ
2578 4033 2822 4105 πονηροῦ
2848 4033 3168 4103 ἐπιθυμίαν,
3196 4032 3401 4103 ὁμοίως
3433 4033 3495 4086 δὲ
3538 4033 3642 4087 καὶ
3673 4033 3768 4102 τὴν
3803 4050 3880 4096 φυ-

2327 4125 2508 4194 σικὴν,
2557 4124 2750 4192 ἐπειδὴ
2803 4123 2898 4177 νῦν
2927 4126 2975 4176 oi
3009 4123 3103 4176 τοῦ
3152 4122 3289 4176 Θεοῦ
3323 4123 3614 4194 ἄνθρωποι
3671 4123 3880 4193 μείζονες

2329 4217 2608 4285 γίγνονται
2640 4217 2736 4270 τοῦ
2761 4215 2978 4288 πρώτου
3024 4214 3216 4285 Ἀδάμ.

2399 4396 2476 4454 E'.
2519 4397 2580 4452 Ὀ
2613 4397 2746 4460 Θεὸς
2771 4395 3189 4468 ἀπερίγραιττός
3219 4394 3339 4447 ἐστι
3371 4397 3472 4448 καὶ
3501 4395 3880 4465 ἀκατάληπτα,

2257 4516 2297 4568 ι)
2327 4489 2602 4560 πανταχοῦ
2641 4487 3082 4558 ἐπιφαινόμενος,
3109 4489 3202 4542 καὶ
3225 4489 3284 4540 ὲν
3312 4489 3426 4550 τοῖς
3461 4489 3618 4558 δρεσι
3650 4489 3739 4540 καὶ
3763 4488 3878 4551 Evt-ﬁ

2331 4579 2599 4651 θαλάσσῃ,
2629 4579 2725 4632 καὶ
2755 4579 3015 4633 ὑποκάτω
3040 4578 3138 4647 τῆς
3169 4577 3412 4631 ἀϐύσσου
3441 4594 3456 4607 ·
3489 4579 3589 4631 καὶ
3615 4579 3740 4648 οὐχὶ
3770 4583 3880 4631 κατὰ

2333 4671 2656 4745 μετάϐασιν,
2715 4671 2776 4725 ὃν
2828 4672 3032 4742 τρόπον
3085 4673 3133 4724 οἱ
3168 4669 3392 4740 ἄγγελοι
3426 4671 3812 4742 κατερχόμενα
3837 4667 3878 4728 ἐξ

2329 4764 2560 4834 ούρανοῦ
2589 4764 2684 4818 ἐπὶ
2706 4764 2806 4835 τὴν
2827 4763 2954 4834 γῆν.
2981 4762 3140 4816 Ἔστι
3161 4762 3272 4834 γὰρ
3295 4765 3354 4816 ἐν
3374 4762 3623 4834 οὐρανῷ,
3647 4766 3743 4817 καὶ
3765 4763 3883 4814 ἐστιν

2330 4853 2450 4916 ὧδε.
2492 4858 2632 4911 Ἀλλ’
2653 4861 2798 4930 ἐρεῖς
2824 4875 2916 4929 μοι
2940 4857 3057 4921 πῶς
3079 4857 3302 4911 δύναται
3321 4857 3352 4909 ὁ
3379 4856 3511 4920 Θεὸς
3540 4858 3602 4909 ὲν
3627 4861 3695 4927 τῇ
3720 4856 3883 4923 γεέννῃ

2329 4946 2489 5012 εἶναι,
2516 4948 2550 5018 ἢ
2590 4947 2708 5011 πῶς
2737 4946 2962 5001 δύναται
3010 4949 3068 5000 ὲν
3115 4946 3195 5016 τῷ
3250 4947 3435 4998 σκότει
3471 4939 3641 5010 εἶναι,
3672 4945 3706 5014 ἢ
3738 4947 3794 4998 ἑν
3825 4942 3886 5009 τῷ
3964 5001 3966 5016 ί

2331 5041 2566 5111 Σατανᾷ,
2600 5039 2634 5110 ἢ
2663 5040 2852 5102 τόποις
2878 5039 3016 5092 ὅπου
3043 5040 3162 5092 ἐστὶ
3193 5037 3468 5105 δυσωδία;
3517 5032 3885 5106 ’Δποκρίνομεί

2333 5149 2416 5186 σοι
2446 5131 2628 5202 κάγὼ,
2683 5133 2766 5185 ὅτι
2807 5130 3030 5203 ἀπαθής
3087 5133 3201 5186 ἐστι
3242 5133 3338 5186 καὶ
3396 5132 3579 5186 πάντα
3626 5130 3888 5200 περιέχει’
3964 5187 3966 5194 η

2329 5224 2742 5296 ἁπερίγραπτος
2765 5224 2874 5297 γάρ
2901 5225 3043 5289 ἐστι,
3078 5224 3172 5278 καὶ
3221 5226 3249 5277 ό
3297 5224 3547 5287 Σατανᾶς
3582 5221 3655 5275 ῶν
3703 5221 3887 5287 κτίσμα
3964 5285 3966 5288 ι

2327 5319 2492 5373 αὐτοῦ
2524 5319 2825 5390 δεσμεῖται.
2867 5318 2942 5371 Τὸ
2965 5318 3022 5371 δὲ
3049 5317 3256 5388 ἀγαθδν
3307 5317 3432 5371 οὔτε
3462 5316 3746 5388 ρυποῦται,
3783 5314 3887 5365 ait:

2332 5412 2660 5477 σκοτίζεται.
2693 5411 2756 5464 Εἰ
2777 5410 2833 5465 δὲ
2854 5411 2914 5464 ού
2936 5411 3115 5479 λέγεις
3135 5410 3301 5464 αὐτὸν
3325 5409 3600 5481 περιέχειν
3617 5408 3685 5460 τὰ
3706 5407 3884 5462 πάντας
3964 5465 3966 5478 Ι

2331 5505 2426 5556 καὶ
2448 5502 2550 5574 τὴν
2577 5503 2822 5572 γέενναν,
2858 5503 2952 5556 καὶ
2984 5503 3076 5556 τὸν
3111 5503 3379 5563 Σατανᾶν,
3413 5504 3585 5565 ποιεῖς
3607 5499 3774 5552 αὑτὸν
3805 5512 3890 5546 :3-

2336 5594 2636 5664 ρίγραπτον
2683 5597 2763 5657 εἰς
2796 5596 3000 5647 ἐκεῖνον
3041 5593 3132 5647 τὸν
3167 5595 3357 5660 τόπον,
3385 5596 3444 5650 ὲν
3567 5593 3711 5646 ἐστιν
3745 5592 3776 5643 ὁ
3807 5603 3891 5639 περ·
