3966 6532
110 373 203 437 617

1295 365 1662 426 ΗΟΜΙΙᾸίΕ.
1693 390 1761 400 -
1785 365 1969 425 ΗοΜ.
2004 365 2156 425 XVI.

3237 371 3350 438 618’

108 491 274 560 νηρὸς,
307 488 393 541 ἵνα
427 487 679 558 ζητῶμεν
711 485 866 540 ἄλλον
896 484 1168 552 ἀνώτερον
1191 481 1380 535 αὑτοῦ.
1423 479 1662 547 ’Λνᾰιγκη

1784 477 1979 532 ιαὺίιθι
2009 478 2101 532 ille
2142 492 2401 548 nequam,
2437 486 2496 532 ut
2523 476 2651 532 inde
2698 478 3044 560 inquiramus
3074 481 3241 538 alium
3270 502 3340 544 eo

105 581 205 650 γὰρ
225 578 308 632 τὸν
336 577 469 630 Θεὸν
509 575 789 647 πανταχοῦ
840 572 1108 644 ἀνώτερον
1159 570 1320 624 αὐτὸν
1361 566 1501 624 εἶναι
1527 586 1542 600 ο
1575 569 1662 622 διὰ

102 671 158 725 δὲ
183 670 238 723 τὸ
262 668 559 738 μυστήριον
591 667 688 737 τῆς
715 665 971 734 θεότητος
1019 663 1114 716 καὶ
1145 662 1237 714 τὸν
1277 660 1583 730 λεπτότητα
1609 661 1666 714 ὲν

104 761 242 831 αὐτῷ
268 757 658 831 περιεχόμενον
688 757 750 809 τὸ
783 756 993 819 σκότος,
1025 753 1088 807 οὐ
1113 751 1528 822 καταλαμϐάνει
1563 752 1666 806 αὐ-

102 856 218 908 τόν’
243 852 362 907 οὔτε
409 849 638 905 δύναται
681 848 743 901 τὸ
794 845 964 901 κακὸν
1004 844 1252 916 μετέχειν
1299 843 1401 912 τῆς
1429 842 1667 912 καθαρό-

101 963 269 1017 τητος,
304 944 339 1015 ἢ
369 945 427 997 ἐν
458 940 606 1012 αὐτῷ
621 941 756 993 ἐστι.
791 939 881 1009 Τῷ
908 933 1000 992 οὖν
1017 937 1135 1008 Θεῷ
1157 936 1308 991 οὐδὲν
1355 935 1524 992 κακὸν
1583 937 1667 989 ἐν·

104 1038 412 1100 υπόστατον,
445 1033 567 1086 ἐπεὶ
596 1031 748 1087 οὐδὲν
776 1030 1061 1084 ἀδικεῖται.

171 1218 255 1284 ς’.
296 1215 456 1284 Ἢμῖν
480 1211 536 1266 δέ
571 1213 687 1264 ἐστι
709 1209 877 1264 κακὸν
909 1206 999 1262 διά
1038 1208 1100 1262 τὸ
1123 1209 1322 1262 οἰκεῖον
1351 1209 1409 1260 ἐν
1430 1210 1497 1278 τῇ
1532 1225 1667 1277 καρ-

99 1308 203 1379 δίᾳ,
235 1307 327 1362 καὶ
353 1307 618 1377 ἐνεργεῖν,
643 1303 945 1358 ὑποσὰλλον
966 1301 1261 1372 λογισμοὺς
1285 1300 1554 1370 πονηροὺς
1575 1301 1669 1352 ml.

99 1401 391 1471 ῥυπαροὺς,
441 1396 649 1467 καὶμὴ
698 1393 1018 1466 συγχωροῦν
1074 1392 1332 1461 καθαρῶς
1363 1391 1668 1462 προσεύχε-

98 1493 240 1550 σθαι,
274 1491 388 1544 ἀλλ’
418 1488 824 1559 αἰχμαλωτίζον
851 1489 941 1540 τὸν
964 1485 1090 1539 νοῦν
1117 1487 1197 1547 εἰς
1223 1486 1314 1538 τὸν
1344 1485 1516 1538 αἰῶνα
1547 1484 1671 1538 τοῦ·

95 1601 208 1637 τον,
247 1583 550 1636 Ἑνδέδυται
589 1581 681 1636 οὖν
709 1580 808 1644 τὰς
834 1580 1033 1650 ψυχὰς,
1066 1579 1246 1649 ἥψατο
1277 1579 1333 1632 δὲ
1362 1579 1456 1633 καὶ
1488 1578 1670 1632 αὐτῶν

97 1676 202 1728 τῶν
229 1676 432 1729 ὀστέων
467 1675 664 1745 μελῶν.
701 1675 910 1743 Ὠσπερ
937 1669 1027 1726 οὖν
1060 1675 1208 1725 ἐστιν
1238 1674 1318 1735 εἰς
1346 1673 1441 1724 τὸν
1465 1673 1606 1743 ἀέρα
1641 1672 1669 1723 ό

93 1770 361 1832 Σατανᾶς,
411 1770 503 1822 καὶ
541 1769 570 1819 ὁ
617 1768 750 1830 Θεὸς
789 1766 982 1837 παρὼν
1025 1768 1144 1820 ἐκεῖ
1186 1766 1336 1818 οὐδὲν
1378 1765 1668 1825 ἀδικεῖται,

93 1861 268 1924 οὕτως
296 1863 387 1914 καὶ
420 1861 479 1914 ἐν
521 1864 586 1931 τῇ
638 1861 780 1931 ψυχῇ
823 1861 970 1912 ἐστιν
1003 1861 1034 1930 ἡ
1071 1859 1334 1928 ἁμαρτία,
1377 1843 1578 1927 ὁμοίως
1612 1856 1670 1910 δὲ
1704 1837 1745 1894 Β

93 1952 192 2003 καὶ
230 1950 388 2019 χάρις
426 1949 562 2002 Θεοῦ
622 1948 834 2002 σύνεστι
888 1947 1052 2017 μηδὲν
1082 1946 1434 2017 ἀδικουμένη.
1461 1947 1672 2016 Ὥσπερ

91 2043 193 2095 ἐὰν
291 2041 472 2105 δοῦλος
503 2042 673 2108 ἐγγὺς
711 2041 803 2094 τοῦ
833 2039 1093 2093 δεσπότου
1131 2037 1318 2105 αὑτοῦ,
1354 2031 1511 2100 οὗτος
1539 2037 1675 2091 πάν-

89 2155 223 2192 τοτε
244 2138 462 2206 ἔγγιστα
492 2135 660 2188 αὑτοῦ
693 2133 767 2187 ὢν
805 2134 910 2186 ὑπὸ
966 2133 1130 2202 φόϐον
1159 2133 1292 2196 ἐστὶ,
1331 2129 1498 2202 μηδὲν
1542 2131 1672 2184 ἄνευ

94 2230 271 2284 αὐτοῦ
293 2227 754 2298 διαπραττόμενος
778 2243 789 2255 ·
821 2227 993 2287 οὕτως
1015 2227 1110 2278 καὶ
1135 2227 1299 2295 ἡμεῖς
1322 2223 1398 2293 τῷ
1427 2222 1671 2294 Δεσπότῃ

84 2322 323 2392 Χριστῷ
355 2321 429 2390 τῷ
456 2319 862 2391 καρδιογνώστῃ
891 2320 1012 2382 τοὺς
1040 2319 1333 2387 λογισμοὺς
1353 2317 1510 2388 ἡμῶν
1543 2316 1677 2371 ἀνα-

82 2413 303 2465 τιθέναι
327 2412 420 2464 καὶ
447 2409 716 2482 φανεροῦν
751 2410 1061 2480 ὀφείλομεν,
1084 2409 1178 2462 καὶ
1198 2409 1344 2478 ἔχειν
1361 2408 1458 2480 τὴν
1484 2407 1676 2462 ἐλπίδα

86 2507 189 2557 καὶ
216 2505 318 2573 τὴν
347 2504 672 2572 πεποίθησιν
707 2503 794 2555 ἐπ’
821 2502 1002 2566 αὑτὸν,
1049 2502 1130 2555 ὅτι
1168 2503 1361 2567 Αὐτός
1395 2502 1513 2570 μού
1542 2501 1676 2556 ἐστι

79 2595 267 2657 δόξα,
309 2594 409 2647 καὶ
439 2595 624 2659 αὑτός
649 2593 768 2662 μού
807 2593 937 2646 ἐστι
972 2591 1194 2660 Πατὴρ,
1221 2592 1318 2646 καὶ
1355 2593 1540 2657 αὐτός
1555 2591 1674 2661 μού

76 2686 226 2740 ἐστι
270 2684 557 2750 πλοῦτος.
608 2685 846 2737 Πάντοτε
874 2677 968 2735 οὖν
1016 2683 1073 2734 ὲν
1109 2685 1174 2753 τῇ
1201 2681 1501 2750 συνειδήσει
1528 2681 1678 2750 ὀφεῖ-

76 2777 205 2840 λεις
249 2775 396 2846 ἔχειν
420 2777 516 2846 τὴν
541 2774 814 2845 μέριμναν
858 2774 954 2827 καὶ
984 2774 1078 2827 τὸν
1112 2773 1298 2841 φόϐον.
1340 2774 1467 2828 Ἐὰν
1497 2774 1554 2826 δὲ
1585 2775 1679 2826 καί

72 2887 176 2932 τις
209 2868 288 2939 μὴ
321 2869 423 2940 ἔχῃ
451 2867 550 2937 τὴν
579 2867 738 2938 χάριν
789 2866 884 2920 τοῦ
938 2866 1075 2920 Θεοῦ
1119 2867 1541 2936 πεφυτευμένην
1583 2868 1679 2920 καὶ¹

72 2960 464 3030 πεπηγμένην
487 2961 543 3011 έν
569 2959 764 3029 ἐαυτῷ,
812 2959 952 3012 ἔστω
996 2958 1190 3021 νυκτὸς
1223 2959 1317 3010 καὶ
1357 2957 1571 3028 ἡμέρας
1603 2959 1678 3023 ὡς

69 3053 334 3121 φυσικὸν
378 3050 517 3104 εἶναι
560 3051 1106 3122 προσκεκολλημένον
1134 3054 1200 3122 τῇ
1244 3051 1414 3122 ψυχῇ,
1448 3053 1510 3104 τὸ
1553 3052 1678 3106 καθ’

69 3143 248 3214 ὥραν
280 3143 508 3212 ὁδηγοῦν
534 3144 696 3196 αὑτὸν
730 3144 823 3196 καὶ
849 3143 1148 3207 διῡπνὶζον,
1183 3144 1278 3196 καὶ
1304 3143 1577 3214 ὑπορθοῦν
1598 3146 1678 3208 εἰς

67 3238 160 3288 τὰ
199 3236 387 3303 ἀγαθά
409 3253 422 3264 ·
463 3236 551 3288 ἵνα
581 3235 711 3303 γοῦν
744 3237 848 3306 τὴν
899 3235 1167 3306 μέριμναν
1199 3235 1317 3306 ἔχῃ,
1349 3235 1440 3288 τὸν
1491 3235 1676 3305 φόϐον,

62 3329 189 3382 τὸν
229 3329 412 3389 πόνον,
445 3327 520 3392 ὡς
552 3327 781 3396 φυσικὸν
806 3328 902 3380 καὶ
929 3327 1196 3400 ἄτρεπτον
1225 3328 1314 3381 τὸν
1344 3329 1680 3400 συντριμμδν

61 3423 204 3491 τῆς
234 3422 456 3490 καρδίας
485 3422 716 3474 πάντοτε
748 3421 1122 3491 πεπηγμένον.

177 3513 256 3566 Z'.
293 3514 496 3582 Ὥσπερ
553 3513 609 3564 δὲ
659 3512 890 3581 μέλισσα
938 3513 1199 3582 κρυπτῶς
1243 3513 1584 3585 ἐργαζομένη
1621 3515 1681 3568 τὸ

66 3605 306 3674 κηρίον
338 3604 393 3655 ἐν
423 3603 500 3672 τῷ
526 3604 782 3673 κοσκίνῳ,
815 3601 987 3665 οὕτως
1035 3604 1130 3656 καὶ
1174 3605 1206 3673 ἡ
1241 3605 1398 3674 χάρις
1421 3605 1681 3675 κρυπτῶς

50 3696 398 3768 ἐργάζεται
433 3697 490 3748 ὲν
528 3699 652 3760 ταῖς
685 3695 934 3765 καρδίαις
954 3695 1052 3765 τὴν
1087 3697 1288 3764 ἑαυτῆς
1313 3696 1554 3767 ἀγάπην,
1587 3698 1682 3751 καὶ

43 3789 434 3861 μεταϐάλλει
469 3790 576 3841 ἀπὸ
603 3791 930 3858 πικρότητος
947 3788 1028 3851 εἰς
1053 3788 1390 3858 γλυκύτητα,
1416 3791 1524 3844 ἀπὸ
1548 3808 1682 3860 τρα-

31 3883 338 3955 χύτητος
388 3883 466 3944 εἰς
496 3880 768 3947 λειότητα.
825 3880 1036 3947 ’Ὠσπερ
1073 3880 1132 3932 δὲ
1180 3880 1562 3950 ἀργυροκόπος
1593 3883 1685 3934 καὶ

24 3974 514 4044 ἀναγλυφάριος
542 3971 868 4040 ἀναγλύφων
895 3971 1080 4024 δίσκον
1103 3971 1244 4025 κατὰ
1279 3973 1443 4043 μέρος
1475 3973 1683 4025 σκεπά-

20 4071 148 4134 ζει
204 4065 369 4136 ἅπερ
400 4065 594 4132 γλύφει
615 4064 844 4135 διάφορα
874 4063 1060 4128 ζὼδια,
1081 4063 1219 4116 ἐπὰν
1237 4064 1290 4116 δὲ
1324 4064 1539 4134 τελέσῃ,
1566 4065 1684 4117 τότε

17 4157 337 4231 φανεροῖ
359 4155 522 4208 αὐτὸν
547 4154 987 4225 ἐξαστράπτοντα
1035 4153 1112 4223 τῷ
1160 4155 1298 4221 φωτί
1323 4171 1334 4182 ο
1364 4154 1538 4218 οὕτως
1593 4158 1688 4208 καὶ

17 4259 51 4308 ὁ
112 4248 382 4317 Κύριος
412 4247 663 4316 ἀληθινὸς
691 4247 942 4317 τεχνίτης
978 4245 1276 4313 ἀναγλύφει
1327 4248 1426 4309 τὰς
1460 4247 1689 4318 καρδίας

17 4345 284 4417 ῇμών,
315 4341 410 4392 καὶ
456 4337 793 4401 ἀνακαινὶζει
829 4339 888 4390 ὲν
936 4337 1220 4408 μυστηρίῳ
1244 4378 1257 4400 ,
1297 4338 1401 4400 ἕως
1431 4332 1492 4391 οὗ
1527 4339 1688 4406 ἐκδη-

18 4441 362 4510 ιιήσωσιν
406 4435 472 4486 ἐκ
511 4431 604 4484 τοῦ
669 4430 941 4498 σώματος,
1005 4431 1098 4483 καὶ
1127 4429 1250 4482 τότε
1302 4431 1547 4499 φαίνεται
1590 4431 1688 4499 τῆς

1767 571 2128 637 superiorem.
2159 569 2393 624 Necesse
2429 577 2513 623 est
2545 569 2690 623 enim
2731 551 2904 624 Dcuth
2928 569 3106 640 ipsum
3135 573 3342 644 ubique

1767 661 2111 732 superiorem
2131 677 2272 716 esse.
2288 662 2491 716 Verum
2515 670 2740 731 propter
2761 662 3017 733 mysteria
3039 661 3343 722 divinitatis

1765 762 1822 809 et
1849 753 2211 810 subtilitatem
2243 753 2382 825 ejus,
2411 753 2655 809 tenebrae
2679 769 2801 823 qua:
2831 754 2900 808 ab
2921 770 2987 809 eo
3023 757 3341 825 capiuntur,

1765 861 1894 901 eum
1944 862 2056 902 non
2106 846 2616 917 comprehendunt:
2673 861 2780 901 nec
2829 846 2976 917 quod
3001 848 3206 902 malum
3237 858 3342 914 est,

1765 938 2042 1008 particeps
2059 954 2180 994 esse
2206 945 2388 1008 potest
2405 938 2682 1008 puritatis,
2709 953 2833 1008 qua:
2859 946 2944 994 est
2980 939 3126 1010 apud
3148 941 3341 996 Deum.

1767 1031 1826 1084 In
1876 1031 1990 1085 Deo
2030 1045 2161 1102 ergo
2198 1031 2338 1085 nihil
2369 1031 2499 1086 mali
2547 1031 2819 1097 subsistit,
2863 1029 2994 1102 quia
3027 1045 3088 1085 re
3118 1034 3345 1088 omnino

1767 1125 1920 1179 nulla
1944 1124 2067 1178 laedi
2090 1132 2296 1194 potest.

1841 1217 1950 1286 70
1973 1217 2058 1272 VI.
2088 1217 2147 1271 In
2163 1216 2325 1270 nobis
2343 1231 2471 1271 vero
2494 1218 2664 1273 haeret
2681 1219 2907 1284 malum,
2926 1235 2992 1275 eo
3011 1221 3157 1291 quod
3187 1220 3344 1277 habi—

1769 1317 1848 1365 tet
1879 1309 1934 1364 in
1959 1309 2148 1374 corde,
2183 1318 2240 1364 et
2266 1309 2412 1364 vires
2441 1325 2568 1365 suas
2614 1310 2819 1365 ibidem
2863 1322 3105 1378 exserat,
3150 1329 3343 1384 sugge-

1770 1417 1898 1456 rens
1913 1400 2272 1470 cogitationes
2292 1417 2487 1470 pravas
2521 1410 2578 1456 et
2600 1401 2885 1468 obscenas,
2905 1418 3008 1458 nec
3021 1406 3348 1473 permittens

1769 1507 1964 1562 preces
2004 1491 2287 1546 effundere
2319 1507 2508 1562 puras,
2544 1492 2639 1547 sed
2674 1493 2943 1562 captivam
2969 1493 3177 1549 ducens
3197 1510 3350 1549 men-

1775 1593 1883 1638 tem
1934 1585 1990 1638 in
2039 1584 2147 1639 hoc
2174 1585 2455 1639 saeculum.
2499 1585 2686 1639 Induit
2718 1585 2886 1656 igitur
2911 1586 3147 1650 animas,
3184 1595 3350 1656 atque

1771 1675 1952 1746 attigit
1973 1690 2194 1746 quoque
2215 1691 2372 1730 ossea
2399 1677 2664 1730 membra.
2681 1675 3158 1743 Quemadmodum
3182 1679 3351 1750 igitur

1773 1768 2006 1823 Satanas
2028 1776 2112 1822 est
2143 1767 2198 1821 in
2227 1783 2374 1833 aere,
2407 1777 2464 1822 et
2512 1769 2680 1832 Deus,
2728 1769 2822 1838 qui
2871 1777 3072 1839 prazsto
3117 1769 3193 1824 ibi
3241 1779 3348 1834 est,

1772 1862 1909 1916 nihil
1934 1862 2154 1917 laeditur
2182 1862 2444 1915 omnino:
2500 1863 2580 1916 sic
2621 1869 2910 1932 peccatum
2939 1871 3026 1917 est
3054 1862 3110 1916 in
3143 1862 3348 1926 anima,

1773 1954 2030 2009 similiter
2061 1969 2280 2024 quoque
2313 1954 2487 2024 gratia
2517 1953 2724 2016 divina,
2761 1969 2867 2008 nec
2894 1962 3078 2009 tamen
3107 1953 3350 2010 laeditur.

1773 2045 2010 2102 Perinde
2039 2060 2104 2100 ac
2126 2045 2172 2100 si
2195 2044 2267 2099 sit
2289 2059 2482 2099 servus
2511 2044 2664 2113 juxta
2718 2044 3005 2097 dominum
3037 2061 3218 2110 suum,
3255 2047 3351 2116 qui

1773 2152 1900 2193 cum
1926 2146 2214 2206 perpetuo,
2243 2137 2374 2190 dum
2400 2136 2470 2190 ab
2492 2137 2610 2203 ejus
2630 2136 2802 2190 latere
2833 2146 2938 2200 εει,
2965 2137 3034 2191 sit
3055 2137 3157 2191 sub
3177 2147 3350 2201 metu,

1773 2229 1910 2284 nihil
1946 2229 2152 2297 absque
2181 2229 2300 2298 ejus
2323 2229 2481 2298 jussu
2532 2227 2798 2297 suscipit:
2855 2229 2936 2282 sic
2983 2244 3205 2298 quoque
3251 2243 3356 2284 nos

1773 2321 2004 2377 Domino
2036 2320 2256 2376 Christo
2301 2319 2554 2374 cordium
2603 2319 2940 2388 exploratori
2992 2319 3356 2389 cogitationes

1773 2420 1994 2467 nostras
2015 2427 2288 2481 exponere
2312 2421 2475 2481 atque
2496 2412 2734 2481 aperire.
2755 2427 2818 2465 ac
2839 2427 2991 2481 spem
3016 2421 3072 2466 et
3097 2412 3354 2467 fiduciam

1775 2503 1830 2558 in
1864 2519 1930 2558 eo
1969 2503 2289 2558 collocatam
2322 2503 2527 2558 habere
2558 2503 2847 2569 debemus,
2898 2504 3189 2560 dicentes:
3235 2505 3356 2575 Ipse

1777 2611 1851 2650 est
1907 2596 2080 2666 gloria
2135 2613 2273 2658 mea,
2309 2597 2418 2665 ipse
2477 2606 2554 2649 cst
2599 2594 2764 2649 Pater
2811 2613 2976 2660 meus,
3010 2598 3117 2667 ipse
3163 2598 3357 2651 divitia:

1778 2703 1926 2742 mete.
1955 2689 2280 2757 Perpetuam
2317 2687 2485 2757 igitur
2509 2687 2565 2740 in
2597 2688 2939 2744 conscientia
2964 2689 3168 2742 habere
3188 2689 3356 2742 debes

1777 2779 2204 2834 sollicitudinem
2240 2794 2305 2832 ac
2335 2787 2564 2832 metum.
2595 2778 2751 2844 Quod
2783 2779 2829 2834 si
2854 2779 2980 2849 quis
3005 2782 3235 2850 gratiam
3271 2780 3357 2834 di—

1777 2874 1959 2927 vinam
2002 2873 2302 2941 plantatam
2349 2881 2403 2925 et
2464 2872 2682 2926 infixam
2723 2872 2779 2926 in
2816 2889 2936 2929 sese
2984 2890 3095 2929 non
3135 2875 3355 2940 habeat,

1778 2974 1944 3019 noctu
1979 2963 2184 3033 diuque
2214 2971 2391 3027 curet,
2423 2971 2503 3027 ut,
2537 2972 2794 3034 tanquam
2820 2968 3071 3021 naturale
3115 2968 3207 3032 sit,
3257 2967 3357 3021 ad-

1779 3057 1986 3111 hzereat
2032 3056 2227 3110 anima:
2276 3055 2352 3119 id,
2413 3056 2561 3125 quod
2609 3057 2678 3110 ad
2728 3057 2918 3113 horam
2972 3059 3152 3129 ipsum
3182 3060 3356 3123 ducit,

1723 3193 1744 3210 η
1779 3150 1986 3204 excitat
2026 3156 2188 3216 atque
2235 3147 2423 3217 dirigit
2465 3149 2532 3202 ad
2586 3163 2652 3203 ea
2722 3165 2844 3218 qua:
2900 3149 3045 3205 bona
3102 3161 3249 3218 sunt,
3295 3160 3358 3206 ut

1781 3242 1973 3296 saltem
1999 3254 2188 3293 curam
2227 3237 2446 3302 habeat,
2478 3249 2687 3294 metum
2711 3257 2775 3294 ac
2798 3241 3063 3308 laborem,
3097 3250 3356 3311 tanquam

1781 3333 2084 3387 naturalem
2108 3339 2165 3384 et
2189 3329 2588 3384 immutabilem
2609 3333 2996 3388 rontritionem
3020 3333 3204 3388 cordis
3226 3349 3360 3403 per-

1781 3432 1949 3497 petuo
1972 3424 2211 3479 infixam.
3211 3415 3225 3428 ”

1853 3517 1962 3572 Vll.
1999 3517 2471 3584 Quemadmodum
2523 3525 2710 3571 autem
2752 3515 2872 3585 apis
2921 3524 3137 3570 secreto
3172 3515 3356 3571 favum

1783 3611 1935 3680 fingit
1960 3626 2023 3665 ac
2059 3612 2332 3664 construit
2366 3611 2418 3664 in
2453 3610 2643 3674 alveo;
2694 3607 2774 3662 sic
2815 3623 3036 3678 quoque
3062 3608 3236 3679 gratia
3275 3624 3361 3664 se—

1783 3714 1934 3760 creto
1947 3713 2166 3758 exercet
2193 3705 2244 3756 in
2273 3702 2533 3756 cordibus
2566 3700 2915 3755 dilectionem
2940 3717 3116 3765 suam,
3137 3701 3360 3770 etquod

1784 3811 2028 3848 amarum
2053 3804 2135 3848 est
2172 3802 2346 3846 mutat
2389 3794 2444 3845 in
2475 3791 2655 3855 dulce,
2685 3791 2832 3860 quod
2869 3800 3051 3846 autem
3079 3807 3359 3861 asperum,

1786 3887 1840 3940 in
1867 3886 1920 3940 id
1945 3885 2091 3955 quod
2126 3884 2245 3938 leve
2272 3892 2374 3937 est.
2407 3882 2562 3937 Sicut
2595 3891 2776 3937 autem
2826 3881 2980 3937 faber
3008 3883 3360 3953 argentarius

1786 3985 1841 4032 et
1855 3977 2121 4045 sculptor,
2139 3975 2358 4045 quando
2377 3974 2588 4028 discum
2613 3973 2833 4042 sculpit,
2857 3973 3202 4042 aliquatenus
3227 3989 3360 4043 ope-

1789 4065 1860 4118 rit
1887 4065 2034 4118 varia
2073 4064 2184 4128 illa,
2213 4078 2335 4132 qute
2386 4061 2585 4130 sculpit
2612 4061 2905 4115 animalia:
2942 4061 3034 4115 ubi
3066 4077 3198 4116 vero
3221 4076 3362 4132 Opus

1790 4157 2002 4221 fecerit,
2028 4164 2159 4209 tunc
2183 4153 2390 4225 profert
2423 4153 2578 4207 illum
2598 4151 2652 4205 in
2677 4153 2800 4206 luce
2831 4153 3212 4221 splendentem
3244 4170 3257 4206 :
3283 4153 3364 4208 sic

1790 4264 2009 4319 quoque
2035 4248 2322 4311 Dominus,
2355 4261 2523 4300 verus
2550 4243 2641 4298 ille
2672 4244 2888 4308 artifex,
2945 4245 3148 4313 sculpit
3197 4245 3366 4299 corda

1792 4352 1999 4403 nostra,
2037 4356 2100 4395 ac
2132 4339 2346 4394 occulte
2370 4346 2619 4401 renovat,
2651 4337 2828 4390 donec
2863 4352 2893 4390 e
2926 4353 3158 4406 corpore
3190 4337 3368 4391 disce-

1792 4434 1942 4497 dant,
1971 4439 2132 4500 atque
2160 4441 2274 4484 tum
2306 4427 2603 4497 conspicua
2644 4427 2704 4480 fit
2757 4428 2953 4481 animae
2989 4427 3366 4497 pulchritudo.

17 4529 284 4602 ξκυχῆς
316 4527 375 4578 τὸ
405 4524 620 4588 κάλλος.
656 4526 718 4578 Οἱ
743 4524 851 4594 γὰρ
887 4523 1132 4586 θέλοντες
1165 4522 1334 4594 σκεύη
1381 4541 1673 4576 κατασκευ-

1792 4525 1896 4592 Qui
1924 4523 2072 4578 enim
2101 4519 2498 4590 supellectilem
2522 4533 2714 4587 parare
2751 4518 2809 4571 in
2837 4533 3008 4588 eaque
3039 4518 3372 4572 animalcula

17 4627 238 4680 ἰσαε,
288 4617 387 4670 καὶ
432 4617 696 4683 ὲνυφάναι
735 4614 936 4680 ζώδια,
969 4614 1184 4686 πρῶτον
1228 4615 1688 4684 κηροπλαστοῦσι,

17 4722 130 4777 ταὶ
181 4713 411 4773 οὕτως
438 4711 690 4782 ἐκχέουσι
729 4711 852 4763 καθ’
881 4709 1177 4778 ὁμοιότητα
1204 4709 1436 4774 ἐκείνου,
1465 4707 1604 4761 ὥστε
1635 4710 1693 4762 τὸ

23 4827 248 4887 ργον
302 4803 430 4859 κατ’
458 4807 639 4859 ἐκεῖνο
701 4804 1130 4874 ἀποτελεσθῆναι
1165 4803 1225 4856 τὸ
1274 4804 1491 4874 σχῆμα·
1522 4805 1694 4868 οὕτως

31 4907 124 4960 1".
186 4904 238 4971 ἦ
291 4896 546 4967 ἁμαρτία
578 4895 796 4965 πνεῦμα
851 4891 986 4949 οὖσα
1031 4895 1216 4948 εἰκόνα
1243 4895 1378 4964 ἔχει,
1408 4897 1501 4948 καὶ
1534 4914 1695 4965 μετα-

25 4998 373 5055 ἅλλεται
407 4991 485 5051 εἰς
527 4990 744 5058 μορφὰς
771 4988 990 5050 πολλάς.
1031 4987 1261 5056 Ὁμοίως
1300 4987 1356 5039 δὲ
1393 4988 1484 5040 καὶ
1529 4991 1556 5041 ό
1589 4988 1696 5040 ἔσω

18 5095 114 5146 va
133 5099 402 5162 ρανπος
436 5080 629 5145 ζώδιόν
653 5079 769 5132 ἐστι
799 5097 870 5144 τι,
892 5079 1014 5147 ἕχον
1046 5078 1232 5131 εἰκόνα
1267 5080 1361 5130 καὶ
1385 5079 1692 5148 μόρφωσιν.

18 5179 415 5256 Γξιμοιξιιυμοι
453 5173 562 5244 γάρ
593 5174 709 5226 ἐστι
734 5171 827 5225 τοῦ
856 5171 960 5236 ἔξω
988 5171 1274 5241 ἀνθρώπου
1307 5172 1333 5223 ό
1377 5172 1504 5224 ἔσω.
1537 5174 1696 5240 Μέγα

17 5279 98 5334 ἓν
163 5278 356 5328 ἐστι
383 5266 448 5319 τὸ
497 5265 694 5327 σκεῦος
722 5268 816 5319 καὶ
852 5265 1052 5333 τίμιον,
1085 5263 1272 5332 ἐπειδὴ
1324 5264 1430 5316 ἀπὸ
1480 5265 1697 5318 πάντων

17 5378 122 5426 δν
179 5360 578 5429 κτισμάτων
641 5359 757 5410 ἐκεῖ
813 5357 1103 5427 εὐδόκησεν
1155 5357 1182 5406 ὁ
1217 5355 1439 5423 Κύριος.
1491 5356 1598 5408 Καὶ
1648 5359 1694 5408 οἱ

17 5470 104 5519 ὲν
163 5451 446 5524 ἀγαθοὶ
467 5451 721 5520 λογισμοὶ
745 5450 845 5518 τῆς
868 5449 1044 5518 ψυχῆς
1069 5447 1279 5500 ἐοίκασι
1308 5447 1475 5509 λίθοις
1495 5448 1696 5517 τιμίοις

17 5562 85 5612 ιὶ
162 5544 652 5622 μαργαρίταις,
682 5544 729 5595 οἱ
783 5541 839 5594 δὲ
872 5540 1175 5610 ἀκάθαρτοι
1228 5538 1476 5608 λογισμοὶ
1531 5555 1700 5608 μεμε-

18 5671 112 5706 -ω
122 5643 390 5719 μένοι
425 5638 559 5689 εἰσὶν
585 5635 789 5689 ὀστέων
840 5633 1050 5704 νεκρῶν
1101 5631 1196 5685 καὶ
1230 5630 1412 5701 πάσης
1449 5629 1695 5699 ἀκαθαρ-

17 5761 174 5806 ag,
223 5731 385 5790 καὶ
409 5728 693 5790 δυσωδίας.

35 5838 190 5892 ιιι,
305 5821 398 5874 Οἱ
442 5816 533 5874 οὖν
565 5821 880 5890 Χριστιανοῖ
935 5820 1093 5875 ἄλλον
1156 5817 1349 5881 αἰῶνός
1385 5818 1540 5886 εἰσιν,
1593 5815 1699 5868 υἱοὶ

1790 4612 2102 4680 exprimere
2122 4608 2336 4671 volunt,
2376 4605 2617 4676 primum
2667 4620 2852 4659 ceram
2898 4604 3159 4673 effigiant,
3203 4615 3369 4674 atque

1793 4714 1907 4757 tum
1959 4701 2026 4756 ad
2046 4700 2338 4770 imaginem
2360 4698 2510 4752 illam
2543 4697 2801 4759 fundunt,
2824 4705 2883 4749 ut
2910 4712 3048 4766 opus
3065 4696 3368 4750 secundum

1793 4793 2025 4864 efﬁgiem
2061 4792 2209 4846 illam
2243 4790 2556 4844 absolutum
2589 4788 2852 4843 reddatur
2876 4806 2888 4840 :
2911 4803 3024 4840 non
3060 4787 3219 4841 aliter
3240 4802 3369 4856 pec-

1795 4897 2000 4948 catum,
2037 4899 2164 4940 cum
2205 4883 2280 4936 sit
2329 4881 2582 4950 spiritus,
2620 4880 2913 4949 imaginem
2961 4879 3147 4943 habet,
3207 4894 3270 4933 ac
3311 4879 3367 4932 in

1795 4978 1974 5032 varias
1999 4977 2206 5030 formas
2229 4972 2590 5028 convertitur.
2615 4971 2880 5026 Similiter
2899 4969 3130 5022 interior
3149 4985 3369 5038 quoque

1795 5073 1962 5126 homo
1984 5069 2374 5125 animalculum
2430 5063 2706 5135 quoddam
2755 5071 2857 5125 est,
2921 5060 3155 5131 imagine
3183 5063 3370 5115 etfor-

1797 5181 1886 5219 ma
1913 5163 2241 5233 praaditum.
2294 5158 2569 5228 siquidem
2606 5154 2907 5209 similitudo
2957 5164 3042 5209 est
3082 5153 3372 5208 exterioris

1799 5255 2036 5311 hominis
2058 5251 2312 5307 interior.
2346 5250 2674 5304 Prmclarum
2696 5262 2826 5316 ergo
2850 5260 2913 5299 ac
2944 5245 3247 5314 pretiosum
3277 5259 3373 5297 vas

1799 5357 1902 5412 est,
1931 5347 2062 5416 quia
2084 5359 2193 5415 pra:
2210 5342 2466 5398 erunibus
2487 5338 2760 5394 creaturis
2783 5338 2836 5390 in
2870 5351 2937 5389 eo
2968 5335 3202 5389 Domino
3224 5350 3375 5388 com-

1801 5441 2060 5512 placitum
2086 5445 2192 5491 est.
2217 5435 2286 5489 Et
2324 5434 2481 5488 bonae
2512 5430 2734 5500 quidem
2760 5426 3122 5498 cogitationes
3160 5425 3373 5480 assimi-

1800 5536 1986 5589 lantur
2034 5530 2314 5600 lapidibus
2351 5524 2607 5596 pretiosis
2644 5531 2700 5577 et
2749 5520 3090 5590 margaritis;
3142 5519 3374 5588 impune

1805 5643 1940 5683 vero
1961 5623 2321 5696 cogitationes
2344 5621 2519 5689 plena:
2541 5626 2667 5670 sunt
2693 5615 2896 5670 ossium
2933 5621 3295 5674 mortuorum,
3318 5619 3373 5663 et

1808 5721 1985 5775 omnis
2017 5713 2298 5786 spurcitici
2324 5729 2385 5767 ac
2417 5711 2629 5766 l'etoris.

1876 5810 2010 5865 Vill.
2055 5805 2353 5866 Christiani
2395 5819 2523 5875 ergo
2569 5803 2798 5857 alterius
2846 5809 2974 5855 sunt
3025 5797 3230 5864 saeculi,
3276 5791 3371 5849 filii
