3966 6516
641 5119 651 5167 i

706 378 814 444 619

1944 382 2004 443 S.
2041 381 2360 442 MACARII
2399 384 2517 445 [EG
2529 386 2722 449 YPTII

3761 407 3825 469 ill

702 494 834 552 Atla:
854 493 1113 561 cmlestis,
1145 511 1369 568 germen
1397 511 1622 560 novum,
1657 494 1757 550 ﬁlii
1812 492 2051 565 Spiritus
2075 494 2261 561 sancti,

2302 496 2354 557 Α
2391 498 2562 570 Ἀδὰμ
2585 499 2678 553 τοῦ
2704 500 3052 571 ἐπουρανίου,
3084 504 3333 575 γέννημα
3355 503 3548 569 καινὸν,
3573 507 3701 565 τέκνα
3715 514 3826 572 Hm.

700 586 945 643 illustres
966 586 1167 644 fratres
1187 586 1412 653 Christi,
1448 586 1654 642 similes
1672 586 1854 642 Patris
1876 585 1984 652 sui,
2000 586 2129 642 Adae
2154 585 2271 656 spi-

701 679 922 734 ritualis
938 719 954 744 ,
976 689 1033 734 et
1048 678 1279 734 illustris
1305 678 1454 733 illius
1474 678 1735 744 civitatis,
1782 677 1931 733 illius
1964 678 2183 749 generis
2207 694 2273 735 ac

654 780 655 783 ‘
700 771 847 824 illius
872 770 1131 836 virtutis;
1165 785 1515 840 nequaquam
1546 776 1675 824 sunt.
1707 769 1871 841 hujus
1917 769 2131 835 mundi,
2175 771 2272 827 sed

699 861 927 916 alterius
966 860 1156 915 mundi
1185 874 1335 915 sunt.
1362 862 1481 931 Ipse
1515 860 1663 916 enim
1684 860 1794 915 ait:
1818 859 1935 915 Non
1962 861 2082 915 estis
2101 861 2163 915 de
2176 863 2270 915 hoc

698 950 913 1014 mundo,
932 951 1185 1020 quoniam
1207 966 1302 1004 nec
1317 966 1408 1019 ego
1423 968 1541 1004 sum
1559 951 1622 1004 de
1636 952 1731 1005 hoc
1752 953 1948 1005 mundo
1973 950 2039 1002 ⁸ο.
2066 950 2271 1006 Verum

697 1038 928 1108 perinde
956 1052 1021 1093 ac
1035 1046 1310 1094 mercator
1332 1054 1398 1095 ex
1415 1039 1577 1111 longa
1596 1040 2039 1111 peregrinatione
2082 1054 2272 1097 rever-

697 1142 812 1192 sus,
851 1135 1126 1198 auctaque
1147 1143 1247 1184 sua
1278 1129 1651 1201 negotiatione
1686 1129 1757 1183 ad
1799 1144 1929 1185 suos
1977 1130 2169 1197 mittit,
2210 1139 2271 1184 ut

696 1228 1023 1279 construant
1044 1220 1151 1276 sibi
1182 1222 1376 1279 domos
1391 1230 1449 1278 et
1467 1223 1678 1288 hortos,
1711 1239 1775 1279 ac
1790 1223 2117 1279 vestimenta
2138 1238 2272 1279 con-

697 1309 887 1365 ﬁciant
906 1312 1261 1368 necessaria:
1293 1322 1350 1369 et
1379 1329 1504 1369 cum
1542 1315 1858 1385 pervenerit
1901 1314 1968 1369 ad
2005 1330 2126 1381 sua,
2150 1326 2268 1370 tum

694 1415 923 1471 magnas
947 1401 1171 1459 divitias
1198 1403 1397 1471 aﬂ‘ert;
1433 1420 1630 1476 magna
1659 1421 1794 1461 vero
1827 1406 2112 1476 excipiunt
2140 1422 2266 1462 eum

693 1492 907 1559 laetitia,
944 1502 1059 1548 tum
1091 1494 1401 1562 domestici,
1456 1505 1573 1552 tum
1617 1497 1874 1568 cognati;
1907 1498 1989 1553 sic
2046 1514 2267 1570 quoque

696 1600 757 1638 se
780 1599 871 1639 res
902 1584 1071 1641 habet
1096 1585 1149 1640 in
1169 1587 1548 1656 spiritualibus
1578 1589 1764 1654 rebus,
1792 1590 1837 1645 si
1871 1590 2095 1660 quidam
2122 1608 2270 1647 mer-

692 1675 800 1729 cati
821 1672 1027 1729 fuerint
1052 1676 1303 1733 coelestes
1320 1677 1564 1744 divitias,
1583 1686 1789 1734 norunt
1809 1679 1861 1734 id
1880 1696 2068 1735 eorum
2096 1681 2267 1750 cives,

691 1764 800 1821 hoc
855 1775 968 1834 est,
1017 1767 1244 1837 spiritus
1303 1777 1619 1825 sanctorum
1687 1780 1743 1828 et
1794 1774 2147 1843 angelorum,
2213 1784 2270 1831 et

688 1857 1055 1915 admiratione
1088 1859 1260 1928 ducti,
1296 1861 1520 1917 dicunt:
1560 1861 1856 1918 Immensas
1893 1865 2101 1919 divitias
2142 1883 2264 1920 con-

689 1951 998 2004 secutisunt
1032 1951 1228 2022 fratres
1254 1954 1438 2018 nostri,
1463 1955 1555 2024 qui
1587 1956 1643 2009 in
1669 1955 1823 2009 terris
1844 1965 1989 2010 sunt.
2027 1956 2093 2020 Hi
2132 1973 2263 2029 ergo

693 2042 798 2111 71
824 2057 949 2097 cum
972 2058 1158 2099 secum
1184 2045 1422 2101 habeant
1443 2046 1755 2115 Dominum,
1788 2064 1911 2104 cum
1952 2049 2260 2118 discedunt,

694 2150 891 2205 magna
910 2151 1034 2191 cum
1059 2136 1249 2192 laetitia
1272 2138 1575 2194 veniuntad
1598 2140 2103 2210 cmlestesincolas;
2127 2158 2265 2213 quos

693 2229 998 2297 excipiunt,
1032 2229 1128 2298 qui
1158 2238 1286 2285 sunt
1314 2230 1544 2286 alatere
1596 2232 1835 2303 Domini,
1886 2249 1951 2288 ac
1996 2234 2090 2304 qui
2152 2234 2264 2290 illic

692 2321 776 2377 eis
806 2321 1000 2378 domos
1019 2332 1076 2378 et
1097 2322 1286 2378 hortos
1317 2332 1374 2378 et
1398 2324 1684 2393 splendida
1726 2335 1891 2398 atque
1944 2337 2261 2397 sumptuosa

693 2401 1018 2471 vestimenta
1046 2425 1371 2487 praeparant,
1402 2417 1702 2487 excipiunt.

762 2590 854 2646 IX.
887 2590 1193 2649 Sobrietate
1233 2593 1400 2665 igitur
1436 2594 1493 2648 in
1534 2596 1793 2650 omnibus
1835 2611 1974 2666 opus
2015 2605 2128 2663 est,
2158 2613 2258 2664 ne,

690 2699 814 2755 qua
837 2684 1089 2739 videmur
1111 2685 1394 2755 possidere
1422 2686 1587 2754 bona,
1611 2687 1666 2741 in
1693 2687 1993 2757 perniciem
2017 2699 2259 2744 nostram

688 2782 992 2830 vertantur.
1028 2775 1165 2830 Nam
1208 2775 1305 2846 qui
1351 2785 1549 2832 natura
1594 2786 1724 2832 sunt
1770 2777 2022 2849 benigni,
2055 2780 2113 2834 ni
2157 2780 2261 2835 sibi

688 2875 947 2933 caveant,
976 2883 1173 2938 parum
1213 2869 1398 2935 abest,
1428 2868 1563 2939 quin
1599 2871 1666 2925 ab
1701 2871 1816 2941 ipsa
1848 2871 2097 2927 bonitate
2128 2874 2260 2927 sub-

688 2958 980 3013 trahantur
1008 2977 1023 3013 :
1051 2966 1108 3014 et
1129 2958 1224 3029 qui
1253 2959 1523 3030 sapientia
1546 2962 1775 3031 pollent,
1801 2963 1935 3032 quin
1960 2964 2028 3018 ab
2054 2979 2119 3019 ea
2145 2966 2261 3035 ipsa

686 3050 1077 3120 surripiantur.
1118 3049 1349 3122 Oportet
1401 3068 1533 3125 ergo
1571 3054 1629 3109 in
1679 3056 1935 3111 omnibus
1976 3058 2257 3127 partibus,

687 3152 1055 3213 temperatum
1101 3160 1223 3199 esse
1269 3146 1577 3213 hominem,
1620 3163 1818 3219 nempe
1861 3150 2259 3206 humanitatem

688 3249 817 3291 cum
851 3235 1142 3291 severitate
1175 3236 1491 3306 permistam
1526 3238 1751 3305 habere,
1776 3241 2103 3311 sapientiam
2134 3258 2259 3298 cum

685 3325 920 3397 judicio,
952 3341 1261 3382 sermonem
1297 3343 1420 3383 cum
1453 3344 1641 3400 opere,
1669 3340 1833 3402 atque
1866 3332 2091 3389 omnino
2120 3333 2264 3390 ﬁdu-

689 3417 833 3473 ciam
862 3434 1016 3475 suam
1046 3416 1103 3475 in
1126 3421 1381 3489 Domino,
1399 3439 1511 3479 non
1543 3439 1602 3481 se
1632 3425 1752 3496 ipso
1776 3428 2265 3487 collocare.Virtus

682 3509 832 3565 enim
867 3510 1124 3565 conditur
1143 3511 1311 3567 variis
1340 3514 1540 3580 modis,
1565 3523 1825 3587 tanquam
1856 3518 2013 3574 cibus
2040 3520 2261 3590 quidam

682 3601 1032 3659 necessarius
1067 3602 1295 3659 conditu
1334 3614 1429 3663 aut
1466 3606 1576 3662 alio
1613 3608 1883 3678 quodam,
1913 3619 1970 3665 et
2004 3611 2109 3668 hoc
2151 3628 2262 3668 non

685 3700 904 3749 tantum
950 3695 1136 3764 melle,
1167 3696 1267 3753 sed
1312 3697 1481 3753 etiam
1522 3699 1733 3771 pipere,
1764 3710 1821 3757 et
1866 3702 1941 3759 ita
1989 3707 2264 3777 reperitur

684 3785 864 3841 utilis.

756 3875 829 3935 X.
860 3877 965 3945 Qui
998 3888 1256 3936 asserunt
1305 3897 1418 3938 non
1451 3899 1577 3940 esse
1608 3894 1893 3956 peccatum
1928 3889 1984 3943 in
2017 3890 2260 3958 homine,

680 3970 916 4041 perinde
948 3980 1099 4039 sunt,
1125 3988 1193 4029 ac
1222 3974 1317 4044 qui
1352 3976 1713 4035 inundatione
1746 3980 2052 4051 ingentium
2087 4000 2261 4055 aqua-

682 4079 809 4119 rum
832 4064 1093 4132 demersi,
1114 4066 1223 4123 hoc
1246 4068 1425 4138 ipsum
1452 4069 1613 4127 fateri
1634 4081 1918 4142 verentur,
1941 4075 2037 4131 sed
2063 4077 2218 4132 aiunt
2242 4096 2257 4131 :

681 4153 885 4211 Sanum
925 4174 1191 4227 aquarum
1229 4160 1547 4218 audivimus.
1581 4162 1673 4219 Sic
1712 4180 1932 4236 quoque
1971 4167 2262 4239 profundis

679 4246 906 4302 malitia)
937 4248 1200 4305 ﬂuctibus
1228 4250 1489 4320 demersi,
1512 4264 1716 4326 negant
1740 4259 1793 4312 in
1821 4267 2006 4315 mente
2032 4276 2096 4317 ac
2116 4264 2263 4334 cogi-

683 4337 989 4394 tationibus
1023 4340 1140 4395 suis
1176 4351 1464 4411 peccatum
1505 4345 1736 4403 haerere.
1764 4349 1871 4403 Alii
1911 4360 2039 4406 sunt
2073 4353 2257 4424 igitur,

679 4426 777 4495 qui
826 4443 1080 4484 sermone
1130 4431 1354 4501 quidem
1396 4435 1615 4501 valent,
1665 4446 1721 4493 et
1768 4438 2103 4510 loquuntur,
2147 4460 2258 4499 non

2374 609 2544 662 ματος
2561 593 2739 664 ἁγίου,
2764 594 2983 665 ἀδελφοὶ
3000 597 3235 667 Χριστοῦ
3261 598 3523 668 φωτεινοὶ,
3542 601 3683 671 ὅμοιοι
3700 611 3755 680 τῷ
3768 632 3827 667 πα.

2372 702 2404 739 τ
2413 687 2465 757 pi
2482 684 2679 754 αύτῶιΐ,
2698 688 2870 759 Ἀδὰμ
2880 688 2958 758 τῷ
2972 706 3105 742 πνευ
3113 690 3327 763 ματικῷ
3342 691 3435 744 καὶ
3452 696 3679 767 φωτεινῷ,
3692 700 3829 777 ἐκείνης

2370 781 2470 850 τῆς
2494 778 2722 843 πόλεως,
2741 779 2951 835 ἐκείνου
2964 782 3059 835 τοῦ
3076 782 3284 848 γένους,
3299 782 3509 854 ἐκείνης
3526 787 3609 857 τῆς
3620 789 3827 863 δυνάμεως,

2371 868 2471 923 οὐκ
2492 870 2599 923 είσὶ
2633 869 2729 924 τοῦ
2748 872 2952 943 κόσμου
2968 872 3180 937 τούτου,
3200 873 3337 927 ἀλλὰ
3362 873 3516 927 ἄλλου
3536 878 3705 951 κόσμου
3721 888 3829 939 εἰσίν

2371 961 2534 1027 αὐτὸς
2560 963 2670 1034 γὰρ
2707 962 2875 1032 λέγει,
2910 967 3033 1020 Οὐκ
3053 965 3196 1020 ἐστὲ
3216 966 3285 1019 ἐκ
3302 966 3410 1021 τοῦ
3435 968 3639 1038 κόσμου
3673 978 3828 1041 τούτου,

2370 1055 2567 1120 καθὼς
2588 1055 2703 1126 ἐγὼ
2730 1058 2841 1110 οὐκ
2868 1059 2985 1127 ειμι
3010 1059 3080 1112 ἐκ
3101 1059 3208 1112 τοῦ
3235 1059 3468 1129 κόσμου
3506 1064 3703 1119 τούτου.
3744 1070 3831 1123 ‘A‘d.’

2370 1144 2562 1216 ῶσπερ
2591 1146 2837 1218 ἔμπορος
2890 1149 2997 1204 ἀπὸ
3048 1152 3262 1205 πολλῶν
3316 1151 3493 1223 μονῶν
3539 1155 3829 1230 ἀηρχόμενος,

2370 1238 2465 1290 καὶ
2495 1236 2951 1305 πολυπλασιάζων
2983 1241 3147 1295 αὐτοῦ
3169 1242 3269 1312 τὴν
3296 1243 3577 1313 ἐμπορίαν,
3605 1247 3830 1307 damma:

2372 1326 2505 1397 πρὸς
2534 1329 2660 1393 τοὺς
2687 1328 2851 1394 ίδίους
2875 1330 2968 1386 ἐπὶ
2995 1331 3072 1403 τῷ
3102 1331 3389 1403 κτισθῆναι
3422 1333 3561 1404 αύτῷ
3588 1338 3748 1405 οίκους,
3769 1362 3829 1396 τι.

2372 1423 2675 1495 ραδείσους,
2702 1424 2979 1496 ἐνδύματα
3000 1426 3292 1494 ἀναγκαῖαο
3318 1426 3415 1479 καὶ
3434 1427 3555 1481 ὅταν
3576 1429 3765 1506 ἀναλύσῃ
3788 1442 3832 1501 εἷς

2366 1516 2436 1570 τὰ
2463 1516 2591 1584 ἴδια,
2625 1518 2747 1573 τότε
2786 1517 3019 1573 πλοῦτον
3046 1519 3212 1574 πολὺν
3232 1519 3551 1593 ἐπιφέρεται
3567 1520 3589 1554 ·’
3630 1526 3739 1594 μετὰ
3758 1534 3832 1581 :21.

2366 1607 2467 1678 λῆς
2485 1607 2541 1661 δὲ
2589 1612 2765 1683 χαρᾶς
2789 1610 3178 1682 προσδέχονται
3212 1612 3374 1667 αὐτὸν
3402 1613 3452 1665 οἱ
3483 1612 3595 1667 ἴδιοι
3634 1617 3760 1670 αὐτοῦ
3779 1626 3833 1675 καὶ

2368 1704 2727 1773 προσγενείς·
2767 1702 2913 1756 οὕτω
2957 1705 3060 1757 κάν
3108 1706 3222 1769 τοῖς
3271 1708 3663 1775 πνευματικοῖς,
3693 1711 3735 1761 εί
3749 1728 3831 1776 τινες

2370 1792 2769 1866 ἐμπορεύονται
2804 1795 2897 1848 τὸν
2952 1795 3275 1867 ἐπουράνιον
3331 1794 3586 1859 πλοῦτον,
3640 1800 3772 1852 ίσασιν
3807 1805 3832 1853 οἱ

2374 1884 2724 1955 συμπολῖται,
2755 1886 3003 1941 τουτέστι
3055 1888 3124 1941 τὰ
3176 1887 3465 1959 πνεύματα
3492 1888 3596 1942 τῶν
3632 1891 3765 1958 ἁγίων
3781 1898 3833 1944 καὶ

2369 1972 2479 2028 τῶν
2499 1974 2768 2043 ἀγγέλων,
2818 1976 2913 2030 καὶ
2943 1976 3284 2048 θαυμάζουσι
3315 1978 3580 2047 λέγοντες,
3614 1982 3699 2047 εις
3720 1982 3833 2050 μίτοι

2369 2065 2641 2120 πλοῦτον
2653 2068 2945 2137 εἰσῆλθον
2962 2071 3016 2123 ol
3036 2069 3287 2138 ἀδελφοὶ
3304 2068 3473 2139 ἡμῶν
3487 2074 3539 2125 οἱ
3552 2072 3637 2126 ἐπὶ
3656 2071 3740 2140 τῆς
3756 2074 3831 2141 γῆς.

2373 2159 2627 2229 Ἔχοντες
2652 2156 2744 2214 οὖν
2791 2154 2937 2214 οὗτοι
2992 2162 3113 2233 μεθ’
3150 2164 3356 2218 ἐαυτῶν
3394 2164 3484 2218 τὸν
3527 2164 3705 2236 Κύριον
3737 2168 3829 2235 ὲντῗ

2369 2248 2646 2317 ἀναλύσει,
2676 2251 2735 2305 ἐν
2769 2251 2980 2325 μεγάλῃ
3006 2254 3153 2324 χαρᾷ
3196 2253 3452 2325 ἔρχονται
3482 2254 3611 2327 πρὸς
3640 2258 3739 2318 τοὺς
3757 2258 3831 2317 ἄνω,

2366 2346 2463 2399 καὶ
2486 2344 2733 2415 δέχονται
2754 2346 2952 2411 αὐτοὺς
2975 2348 3025 2400 οί
3053 2348 3148 2401 τοῦ
3175 2348 3403 2420 Κυρίου,
3440 2350 3552 2402 ἐκεῖ
3574 2348 3829 2418 surpuit»

2364 2451 2458 2497 τες
2487 2435 2671 2499 αὐτοῖς
2692 2436 2873 2499 οἴκους
2897 2437 2991 2489 καὶ
3014 2438 3396 2508 παραδείσους,
3420 2438 3514 2493 καὶ
3532 2437 3755 2508 ἐνδύματα
3769 2438 3833 2489 ἐλί-

2366 2526 2597 2597 λαμπρα
2618 2527 2716 2580 καὶ
2753 2526 3043 2598 πολυτελῆ.

2439 2617 2516 2671 Θ¹.
2542 2616 2778 2688 Νήψεως
2802 2615 2895 2671 οὖν
2927 2620 2985 2672 ἐν
3037 2619 3172 2673 πᾶσι
3213 2619 3393 2690 χρεία,
3418 2619 3505 2673 ἵνα
3536 2620 3605 2691 μὴ
3637 2622 3712 2676 καὶ
3743 2621 3834 2673 iia-

2367 2709 2570 2781 κοῦμεν
2601 2710 2746 2782 ἔχειν
2793 2711 2997 2781 ἀγαθὰ,
3043 2712 3179 2783 πρὸς
3210 2711 3418 2784 βλάϐην
3458 2714 3606 2784 ἡμῶν
3638 2713 3831 2782 γένωνται.

2367 2804 2480 2857 Καὶ
2517 2802 2625 2874 γὰρ
2676 2805 2725 2857 οί
2758 2804 2985 2876 χρηστοὶ
3033 2804 3178 2858 κατὰ
3233 2803 3420 2874 φύσιν,
3455 2806 3548 2859 ἐὰν
3592 2806 3657 2876 μὴ
3692 2806 3835 2872 dacili-

2369 2912 2589 2961 σωνται,
2642 2895 2785 2951 κατὰ
2838 2897 3032 2967 μικρὸν
3079 2897 3146 2950 δι’
3193 2898 3364 2969 αὐτῆς
3419 2899 3520 2969 τῆς
3570 2899 3835 2967 χρηστότητθς

2368 2988 2761 3059 ὑποσύρονται,
2798 2990 2894 3043 καὶ
2919 2990 2969 3043 οἱ
3017 2989 3233 3060 ἔχοντες
3284 2991 3503 3060 σοφίαν,
3545 2992 3606 3045 δι’
3635 2989 3836 3057 αὖτῆςτῆς

2372 3079 2562 3148 σοφίας
2610 3078 2957 3134 κλέπτονται.
3015 3081 3109 3134 Δεῖ
3152 3077 3246 3135 οὖν
3309 3084 3366 3135 ἐν
3408 3083 3543 3135 πᾶσι
3576 3084 3674 3143 τοῖς
3703 3082 3834 3150 μέρεα,

2286 3204 2330 3264 c
2372 3168 2816 3242 συγκεκραμένον
2840 3164 2983 3226 εἶναι
3004 3170 3094 3225 τὸν
3120 3171 3433 3243 ἄνθρωπον,
3460 3174 3521 3227 τὸ
3547 3170 3743 3243 χρηστὸν
3759 3170 3838 3239 μετὰ

2367 3260 2462 3314 τοῦ
2512 3261 2812 3332 ἀποτόμου,
2838 3265 2899 3317 τὸ
2933 3264 3097 3332 σοφὸν
3121 3265 3259 3336 μετὰ
3284 3266 3622 3336 διακρίσεως,
3648 3266 3720 3318 τδν
3746 3264 3835 3329 λέγω

2368 3351 2510 3421 μετὰ
2540 3351 2636 3405 τοῦ
2675 3352 2867 3424 ἔργου,
2900 3354 2961 3408 τὺ
2989 3354 3109 3409 ὅλον
3138 3355 3461 3410 πεποιθέναι
3481 3357 3569 3410 ἐπί
3593 3356 3768 3425 Κύριον,
3788 3353 3838 3406 11".

2369 3444 2444 3514 μὴ
2476 3442 2561 3513 ἐφ’
2592 3445 2804 3501 ἑαυτόν.
2840 3446 2907 3502 Ἦ
2937 3448 3044 3516 γὰρ
3087 3448 3257 3520 ἀρετὴ
3305 3448 3395 3503 διὰ
3422 3448 3621 3502 πολλῶν
3649 3448 3835 3518 aptis-at,

2366 3534 2555 3605 ὥσπερ
2594 3533 2797 3607 ἔδεσμά
2821 3556 2872 3592 τι
2904 3539 3011 3592 τῶν
3037 3540 3350 3610 ἀναγκαίων
3381 3542 3475 3596 διὰ
3497 3542 3711 3596 κονδίτου
3734 3538 3836 3611 ﬁtti-

2371 3642 2464 3696 ρου
2502 3626 2670 3692 τινὸς,
2704 3628 2797 3680 καὶ
2828 3628 2986 3683 τοῦτο
3010 3630 3070 3683 ού
3104 3630 3268 3700 μόνον
3293 3630 3383 3685 διὰ
3422 3632 3647 3702 μέλιτος,
3667 3630 3767 3685 ἀλλὰ
3786 3630 3836 3681 xa‘

2365 3716 2677 3789 πεπέρεως,
2708 3719 2804 3773 καὶ
2831 3719 3005 3785 οὕτως
3028 3722 3344 3794 εὑρίσκεται
3365 3724 3651 3796 χρήσιμον.

2436 3897 2492 3951 ιν.
2522 3897 2585 3951 Οί
2610 3896 2859 3966 λέγοντες
2891 3898 2966 3969 μὴ
2992 3892 3131 3952 εἴναι
3162 3898 3262 3970 τὴν
3311 3900 3583 3972 ἁμαρτίαν
3621 3900 3671 3953 ἐν
3692 3897 3750 3966 τῷ
3783 3897 3835 3949 ἂν·

2364 3986 2588 4060 θρώπῳ,
2638 3988 2810 4053 οὕτως
2860 3992 3019 4057 είσὶν,
3064 3990 3140 4057 ὡς
3172 3991 3279 4046 ὑπὸ
3336 3992 3667 4064 πλημμύρας
3704 3989 3835 4044 ὑδάτων

2364 4080 2576 4135 πολλῶν
2634 4084 3219 4154 καταπεποντισμένοι,
3266 4084 3361 4137 καὶ
3425 4085 3580 4137 τοῦτο
3619 4084 3685 4155 μὴ
3721 4080 3837 4150 δμὼ-

2362 4171 2606 4237 γοῦντες,
2630 4172 2767 4225 ἀλλὰ
2784 4174 3056 4242 λέγοντες,
3080 4170 3276 4244 ἸΙχον
3298 4171 3539 4229 ὑδάτων
3553 4176 3835 4243 ἠκούσαμεν

2361 4262 2507 4317 οὕτω
2554 4264 2648 4318 καὶ
2686 4266 2840 4319 αὐτοὶ
2878 4269 3450 4339 καταπεποντισμένοι
3499 4268 3598 4320 ὑπὸ
3625 4267 3704 4319 τοῦ
3740 4260 3836 4333 βυθεῖ

2364 4356 2475 4411 τῶν
2510 4357 2769 4427 κυμάτων
2791 4358 2890 4427 τῆς
2915 4359 3133 4424 κακίας,
3158 4362 3218 4414 οὐ
3243 4361 3499 4429 λέγουσιν
3516 4360 3644 4415 εἶναι
3664 4362 3710 4412 ἐν
3729 4357 3780 4426 τῷ
3798 4354 3838 4421 ’βᾷ

2366 4449 2461 4502 καὶ⁸
2493 4452 2605 4513 τοῖς
2635 4448 2917 4521 λογισμοῖς
2945 4451 3125 4505 αὐτῶν
3154 4452 3253 4523 τὴν
3306 4453 3581 4525 ἁμαρτίαν
3607 4470 3621 4484 ο
3658 4452 3769 4504 ἄλλοι
3785 4443 3837 4497 οἷν

681 4524 866 4573 tamen
901 4517 1016 4573 sale
1046 4519 1259 4575 caelesti
1289 4520 1496 4575 conditi
1526 4533 1682 4589 sunt;
1717 4535 2054 4597 narrantque
2084 4531 2253 4585 multa

2286 4545 2333 4605 ι)
2361 4539 2522 4601 εἰσιν,
2557 4541 2603 4592 oi
2630 4517 2810 4608 λόγον-
2829 4543 2926 4611 μὲν
2957 4541 3171 4613 ἔχοντες
3193 4517 3289 4597 καὶ
3312 4517 3615 4611 λαλοῦντες,
3653 4544 3714 4614 μὴ
3738 4543 3838 4610 ἡρπ-

680 4607 753 4661 de
782 4622 971 4662 mensa
1000 4609 1178 4679 regia;
1212 4625 1338 4665 cum
1371 4619 1555 4667 tamen
1584 4615 1720 4669 nihil
1758 4618 2119 4683 comederint,
2153 4637 2257 4677 nec

681 4697 987 4768 quidquam
1017 4700 1201 4771 adepti
1226 4701 1355 4756 sint.
1378 4703 1531 4759 Alius
1554 4721 1688 4761 vero
1718 4716 1822 4773 est,
1844 4709 1938 4778 qui
1965 4722 2258 4781 conspecto

679 4806 830 4862 rege,
855 4793 1171 4863 apertisque
1197 4794 1299 4850 sibi
1332 4796 1625 4865 thesauris,
1650 4800 1976 4872 ingreditur,
1999 4822 2062 4859 ac
2088 4807 2258 4863 haere-

676 4884 907 4940 ditatem
934 4887 1135 4954 cernit,
1155 4886 1327 4948 edens
1355 4900 1412 4945 et
1434 4890 1630 4948 bibens
1656 4894 1723 4951 de
1750 4896 1893 4952 cibis
1920 4898 2026 4957 illis
2048 4902 2254 4970 pretio-

677 4990 933 5031 8188111118.

754 5158 845 5212 XI.
874 5160 1110 5216 Perinde
1143 5177 1276 5218 vero
1309 5178 1374 5219 ac
1408 5175 1660 5234 matrem,
1692 5169 1985 5227 habentem
2025 5174 2251 5231 unicum

680 5250 879 5315 lilium,
909 5252 1393 5322 formosissimum,
1446 5260 1751 5330 sapientem
1787 5266 2047 5336 omnique
2080 5267 2256 5324 bono-

677 5359 801 5398 rum
830 5361 1030 5415 genere
1055 5360 1399 5416 exornatum,
1430 5352 1486 5407 in
1514 5369 1625 5424 quo
1657 5372 1874 5411 omnem
1908 5374 2059 5429 spem
2092 5361 2251 5417 sitam

676 5433 872 5498 habet,
906 5435 950 5489 si
1003 5451 1129 5491 eum
1177 5442 1459 5513 contingat
1498 5444 1567 5499 ab
1616 5447 1708 5501 illa
1754 5449 1921 5504 terris
1966 5453 2247 5517 mandari,

673 5523 812 5577 nihil
854 5524 959 5579 nisi
1000 5525 1158 5582 dolor
1194 5531 1469 5599 as’siduus,
1500 5543 1557 5589 et
1597 5536 1779 5592 luctus
1817 5541 2249 5599 consolationem

676 5628 787 5670 non
821 5616 1118 5674 admittens
1149 5634 1381 5694 occupat
1414 5644 1426 5683 :
1467 5626 1546 5683 sic
1576 5644 1796 5701 quoque
1830 5649 2004 5703 mens,
2030 5638 2183 5706 quasi
2218 5654 2247 5692 a

738 5792 785 5826 ”
812 5793 968 5855 Joan.
998 5813 1127 5863 χιιι,
1167 5800 1251 5855 16.

2370 4632 2520 4702 μένοι
2551 4631 2607 4685 δὲ
2653 4632 2732 4703 τῷ
2763 4634 3067 4706 ἐπουρανίῳ
3092 4636 3270 4702 ἅλατι,
3293 4641 3392 4691 καὶ
3452 4639 3730 4710 διηγοῦνται
3763 4636 3835 4699 ﬁgi

2365 4725 2647 4797 τραπέζης
2687 4725 2977 4796 βασιλικῆς
3015 4728 3182 4798 μηδὲν
3212 4731 3552 4801 φαγόντες,ἧ
3579 4728 3836 4800 κτησάμεναι

2366 4819 2561 4883 Ἀλλος
2589 4818 2647 4873 δέ
2674 4820 2822 4872 ἐστιν
2851 4824 2878 4873 ὁ
2899 4821 3235 4892 θεασάμενος
3257 4823 3423 4876 αὑτὸν
3445 4825 3534 4876 τὸν
3564 4818 3763 4893 βασιλέα,
3784 4814 3838 4866 ιείί

2364 4909 2691 4977 ἁνοιγέντων
2720 4910 2869 4980 αὐτῷ
2893 4909 3204 4983 θησαυρῶν,
3238 4912 3520 4975 εἰσελθὼν,
3560 4913 3645 4965 καὶ
3670 4908 3840 4976 κληρωτι-

2365 5003 2547 5073 μήσας
2576 5002 2674 5056 καὶ
2701 5002 2892 5071 φαγὼν
2918 5003 3011 5057 καὶ
3044 5003 3185 5057 πιὼν
3214 5005 3277 5059 ἐκ
3303 5004 3414 5058 τῶν
3444 5005 3724 5073 ἐδεσμάτων
3748 5002 3835 5049 ἐχειν

2361 5111 2467 5147 νων
2490 5094 2600 5147 τῶν
2630 5095 2959 5149 πολυτελῶν.

2433 5187 2540 5239 IA'.
2583 5186 2795 5259 Ὥσπερ
2830 5184 2978 5262 ἐὰνῇ
3015 5191 3196 5261 μήτηρ
3246 5189 3449 5261 ἔχουσα
3491 5204 3599 5245 υιον
3636 5180 3837 5259 μονογενῆ

2361 5278 2754 5345 εὐειδέστατον,
2813 5280 2997 5349 σοφὸν,
3052 5284 3184 5335 πᾶσι
3226 5284 3633 5353 κεκοσμημένον
3669 5274 3837 5343 ἀγαθοῖς.

2361 5367 2445 5438 ἐφ’
2486 5362 2531 5437 ᾧ
2560 5369 2671 5441 ἔχει
2730 5373 2911 5436 πάσας
2956 5372 3055 5437 τὰς
3092 5374 3333 5439 ἐλπίδας
3374 5377 3468 5427 καὶ
3516 5372 3677 5442 συμϐῇ
3714 5364 3837 5417 ποεῖς-ι

2358 5463 2599 5532 ταφῆναι
2624 5464 2715 5517 ὑπ’
2750 5466 2943 5536 αὐτῆς,
2967 5467 3156 5520 λοιπὸν
3185 5468 3535 5538 προσγίνεται
3576 5464 3693 5531 αὐτῇ
3729 5456 3835 5513 sive;

2358 5552 2661 5619 ἄπαυστος.
2701 5557 2797 5612 καὶ
2823 5558 3015 5623 πένθος
3053 5560 3484 5632 ἀπαραμύθητον
3510 5578 3521 5589 -
3551 5558 3698 5615 οὕτως
3735 5548 3836 5602 κε’ῖά

2357 5644 2480 5709 νοῦς
2512 5646 2587 5711 ὡς
2614 5648 2989 5722 ἀποθανούσης
3037 5652 3144 5705 ἀπὸ
3194 5651 3327 5705 Θεοῦ
3360 5652 3459 5720 τῆς
3494 5648 3671 5719 ψύχῆὢ
3693 5637 3835 5711 ἀφεθέτ
