3966 6558
152 403 247 469 621

1342 395 1704 460 HOMILIIE.
1728 418 1797 429 ’-

1821 394 2008 455 ΗΟΜ.
2047 397 2200 457 XVI.
3266 389 3369 453 622

153 516 339 580 πένθος
356 512 643 568 ἀναλαϐεῖν
673 512 767 566 καὶ
790 511 1020 581 δάκρυα,
1063 511 1223 564 πόνον
1244 510 1540 576 άπαυστον,
1583 526 1706 562 συν-

1813 509 1920 561 Deo
1946 516 2160 561 mortua
2191 506 2261 561 sit
2294 506 2496 568 anima,
2548 504 2733 575 lugere
2772 502 2955 566 debet,
3005 518 3068 557 ac
3106 504 3370 574 lacrymas

152 608 510 680 τετριμμένην
540 604 684 675 ἔχειν
714 605 960 675 καρδίαν,
996 603 1100 656 ὑπὸ
1129 602 1292 671 φόϐον
1324 598 1462 655 εἶναι
1488 602 1579 654 καὶ
1614 602 1711 671 μέ-

155 717 367 773 ριμναν,
399 698 545 767 ἔχειν
579 698 634 749 δὲ
670 698 764 749 καὶ
784 697 883 765 τὴν
914 697 1102 748 πεῖναν
1128 696 1220 747 καὶ
1269 693 1430 763 δίψαν
1453 692 1546 746 τοῦ
1570 694 1707 761 ἀγα-

152 796 241 849 θοῦ
270 794 496 846 πάντοτε
520 806 533 819 ⁸
574 790 666 842 τὸν
715 788 951 841 τοιοῦτον
997 788 1183 840 λοιπὸν
1216 787 1516 856 διαδέχεται
1553 785 1711 856 χάρις

149 884 279 939 Θεοῦ
309 883 403 936 καὶ
435 880 611 945 ἐλπὶς,
647 880 739 931 καὶ
760 878 945 932 οὐκέτι
973 880 1121 930 ἐστὶν
1143 879 1201 930 ὲν
1223 876 1300 947 τῷ
1328 876 1553 947 τοιούτῳ
1578 878 1708 929 πέν-

152 975 256 1040 θος,
290 972 425 1026 ἀλλὰ
456 971 633 1042 χαίρει
691 968 765 1032 ὼς
797 968 824 1020 6
873 966 1051 1038 εὑρὼν
1090 968 1379 1038 θησαυρὸν,
1423 967 1517 1020 καὶ
1552 967 1710 1020 πάλιν

148 1067 335 1136 τρέμει
372 1064 446 1133 μή
479 1079 593 1123 πως
624 1059 864 1129 ἀπολέσῃ
900 1058 1081 1111 αὐτόν.
1129 1059 1480 1128 Ἐπέρχονται
1519 1059 1626 1131 γὰρ
1659 1061 1708 1112 οἱ

148 1150 359 1219 λῃσταί.
396 1150 606 1218 Ὠσπερ
632 1148 727 1201 ὲάν
757 1163 839 1210 τις
867 1149 946 1210 εἰς
975 1146 1177 1210 πολλάς
1202 1147 1590 1219 λῃστουργίας,
1615 1151 1710 1202 καὶ

148 1240 346 1309 ζημίας
394 1237 672 1310 ἐμπεσὼν,
720 1238 860 1307 μετὰ
928 1237 1123 1291 πολλοῦ
1162 1239 1411 1307 καμάτου
1447 1239 1706 1309 διαφύγῃ,

148 1329 239 1381 καὶ
274 1328 409 1397 μετά
434 1327 607 1381 ταῦτα
634 1326 771 1398 εὕρῃ
806 1326 1124 1396 περιουσίαν
1158 1329 1418 1399 μεγάλην,
1463 1346 1554 1381 και
1588 1329 1709 1381 ἰπό-

148 1434 336 1471 στασιν
389 1416 609 1488 πολλὴν,
657 1418 751 1468 κα)⁴
779 1417 961 1469 οὐκέτι
992 1416 1196 1469 δέδοικε
1247 1417 1448 1487 ζημίαν
1500 1418 1586 1470 διά
1620 1418 1709 1471 τὸν

148 1510 521 1562 πλεονάσαντα
565 1506 791 1561 πλοῦτον
820 1525 834 1541 ·
888 1508 1059 1569 οὕτως
1108 1510 1201 1562 καὶ
1246 1511 1295 1562 οἱ
1330 1513 1706 1580 πνευματικοὶ,

150 1601 361 1670 πρῶτον
396 1600 697 1664 διελθόντες
725 1601 783 1654 ὲν
816 1600 1029 1664 πολλοῖς
1068 1604 1394 1671 πειρασμοῖς
1426 1604 1519 1656 καὶ
1550 1602 1709 1671 φοϐε-

150 1691 265 1760 ροῖς
296 1690 500 1753 τόποις.
534 1685 666 1744 Εἶτα
724 1691 941 1761 χάριτος
994 1692 1364 1761 πληρωθέντες
1417 1694 1510 1746 καὶ
1538 1711 1707 1763 μεμε-

151 1782 414 1849 στωμένοι
439 1780 546 1833 τῶν
572 1781 812 1849 ἀγαθῶν,
851 1782 1032 1834 οὐκέτι
1062 1782 1330 1836 δεδοίκασι
1358 1786 1485 1847 τοὺς
1523 1784 1704 1837 θέλονσ

1813 599 2097 654 effundere
2122 639 2137 662 ,
2173 598 2541 665 continuoque
2585 610 2817 649 maerore
2864 593 3035 656 allici,
3074 596 3370 649 contritum

1814 691 2017 744 habere
2047 705 2163 753 cor,
2194 704 2317 743 cum
2350 696 2499 743 metu
2524 695 2579 741 et
2601 684 2969 740 sollicitudine
2996 685 3160 737 vitam
3190 700 3370 754 agere,

1810 791 1865 836 et
1888 782 2145 835 continua
2174 781 2314 835 fame
2341 796 2401 834 ac
2428 780 2518 833 siti
2549 779 2721 846 ipsius
2746 777 2874 831 boni
2899 774 3167 831 laborare.
3186 776 3373 830 Talem

1811 872 2160 940 postmodum
2186 872 2534 941 amplectitur
2553 872 2722 943 gratia
2745 871 2842 925 Dei
2864 878 2919 926 et
2940 884 3085 940 spes,
3104 884 3206 924 nec
3229 869 3371 922 ultra

1810 969 1894 1015 est
1921 962 1975 1015 in
2005 961 2176 1027 luctu,
2199 961 2293 1015 sed
2324 962 2519 1031 gaudio
2546 960 2916 1031 perfunditur,
2939 958 3166 1030 perinde
3192 974 3254 1013 ac
3285 959 3373 1012 ille

1810 1051 1903 1121 qui
1947 1051 2261 1107 thesaurum
2307 1052 2541 1121 reperit,
2580 1065 2644 1106 ac
2680 1066 2871 1105 rursus
2909 1047 3265 1111 intremiscit,
3302 1064 3371 1101 ne

1809 1159 1919 1213 quo
1961 1151 2121 1213 pacto
2164 1158 2291 1198 eum
2340 1144 2548 1213 perdat.
2582 1144 2877 1214 lnsurgunt
2915 1143 3061 1197 enim
3106 1143 3370 1196 latrones.

1809 1235 2042 1290 Perinde
2071 1250 2204 1291 vero
2230 1252 2293 1291 ac
2321 1236 2415 1305 qui
2446 1236 2501 1290 in
2532 1236 2731 1290 multas
2757 1236 3030 1289 latronum
3064 1234 3283 1303 rapinas
3316 1241 3372 1285 et

1809 1326 2051 1395 pericula
2083 1327 2328 1397 illapsus,
2354 1342 2464 1380 non
2492 1327 2698 1396 absque
2724 1341 2919 1395 magno
2950 1326 3137 1378 labore
3166 1324 3367 1386 evadit,

1807 1431 1871 1469 ac
1902 1424 2112 1485 postea,
2137 1416 2454 1486 ingentibus
2484 1416 2683 1486 opibus
2712 1431 2773 1469 ac
2796 1415 3147 1471 facultatibus
3178 1415 3371 1468 inven-

1810 1508 1901 1567 tis,
1929 1523 2040 1562 non
2074 1507 2309 1578 amplius
2338 1508 2595 1562 damnum
2627 1507 2758 1561 illud
2787 1516 3015 1577 propter
3041 1505 3369 1560 afﬂuentiam

1808 1597 2125 1653 divitiarum
2152 1600 2347 1654 metuit
2374 1617 2389 1653 :
2420 1600 2499 1653 sic
2522 1614 2737 1668 quoque
2763 1598 3077 1667 spirituales
3099 1595 3367 1654 homines,

1808 1688 1903 1757 qui
1949 1687 2104 1757 prius
2146 1702 2244 1756 per
2291 1687 2489 1741 multas
2534 1687 2863 1745 tentationes
2904 1696 2960 1739 et
3004 1684 3371 1739 formidabilia

1808 1777 1927 1831 loca
1963 1777 2299 1833 transierunt
2330 1796 2344 1833 :
2379 1776 2579 1833 deinde
2616 1778 2790 1848 gratia
2828 1777 3067 1845 impleti,
3101 1775 3369 1842 bonisque

148 1887 243 1931 τας
294 1870 491 1933 αὐτοὺς
536 1870 784 1941 συλῆσαι,
841 1872 1030 1943 ἐπειδὴ
1080 1873 1109 1924 6
1152 1872 1380 1937 πλοῦτος
1432 1875 1709 1929 οὐκέστιν

1813 1869 2076 1923 cumulati
2123 1878 2284 1935 sunt,
2317 1885 2427 1922 non
2476 1868 2708 1937 amplius
2754 1867 2874 1920 illos
2916 1865 3239 1927 formidant,
3276 1863 3369 1931 qui

149 1959 332 2022 αὐτοῖς
355 1960 531 2027 ὀλίγος
559 1976 573 1991 ο
600 1960 780 2030 ἔχουσι
812 1961 868 2015 δὲ
891 1964 982 2015 καὶ
1020 1962 1203 2031 φόϐον,
1256 1964 1316 2016 οὐ
1366 1965 1472 2017 τῶν
1511 1966 1708 2034 φοϐου·

155 2050 333 2119 μένων
362 2051 426 2103 τά
468 2051 679 2121 πονηρὰ
710 2052 1012 2121 πνεύματα,
1044 2052 1183 2106 ἀλλὰ
1216 2053 1380 2122 φόϐον
1417 2056 1512 2108 καὶ
1553 2057 1707 2126 μέρι-

158 2158 319 2210 μναν,
363 2141 477 2205 πῶς
542 2142 879 2213 διοικήσουσι
925 2143 995 2197 τά
1046 2145 1473 2216 ὲμπιστευθέντα
1526 2149 1709 2213 αὐτοῖς

158 2236 491 2305 πνευματικά
525 2237 653 2307 χαρὶ
662 2254 863 2307 σματα.

217 2493 319 2548 IB'.
379 2496 530 2564 Ἔχει
568 2495 623 2548 δὲ
670 2497 700 2549 6
747 2496 985 2562 τοιοῦτος
1036 2499 1475 2573 ὲξουδενούμενον
1521 2506 1709 2561 ἑαυτὸν

147 2584 293 2651 παρά
326 2583 536 2648 πάντας
568 2586 944 2656 ἁμαρτωλοὺς,
998 2591 1092 2668 καὶ
1129 2592 1241 2661 ἕχει
1299 2596 1358 2647 ἐν
1405 2595 1583 2664 ἑαυτῷ
1616 2599 1709 2651 τὸν

142 2673 388 2727 τοιοῦτον
445 2674 702 2746 λογισμὸν
760 2680 1166 2754 ὲμφυτευθέντα
1207 2683 1283 2745 ὠς
1332 2688 1581 2754 φυσικὸν,
1614 2690 1709 2742 καὶ

142 2764 265 2817 ὅσον
294 2766 601 2836 εἰσέρχεται
636 2771 715 2831 εἰς
743 2769 943 2836 γνῶσιν
977 2771 1134 2837 Θεοῦ,
1173 2774 1427 2829 τοσοῦτον
1463 2778 1573 2848 ἔχει
1606 2781 1707 2834 αὐ-

140 2853 233 2906 τὸν
273 2853 511 2923 ἰδιώτην,
544 2856 636 2909 καὶ
699 2859 822 2911 ὅσον
882 2860 1166 2928 μανθάνει,
1219 2865 1299 2927 είς
1349 2866 1515 2935 μηδὲν
1554 2869 1709 2932 εἰδώς

140 2948 279 2999 ἐστι.
311 2945 495 3001 Ταῦτα
516 2949 569 3001 δὲ
603 2951 635 3020 ἡ
665 2952 823 3021 χάρις
853 2951 1198 3020 διακονοῦσα,
1229 2955 1303 3017 ὡς
1333 2958 1537 3025 φυσικά
1559 2960 1618 3012 ὲν
1642 2962 1707 3031 τῇ

138 3037 287 3109 ψυχῇ
320 3040 714 3111 ἀπεργάζεται.
742 3043 951 3114 Ὥσπερ
979 3045 1074 3098 ἐὰν
1169 3048 1379 3100 παιδίον
1396 3049 1498 3102 ὑπὸ
1532 3053 1708 3104 νεανί-

142 3146 276 3183 σκου
304 3130 705 3203 βασταζόμενον
733 3138 828 3190 καὶ
856 3138 884 3189 ὁ
916 3138 1217 3207 βαστάζων,
1253 3140 1385 3194 αὐτὸ
1415 3146 1706 3215 περιφέρει

138 3221 277 3273 ὅπου
309 3222 493 3287 θέλει,
533 3224 675 3277 οὕτω
703 3227 793 3279 καὶ
818 3228 957 3281 κατά
985 3228 1145 3298 βάθος
1165 3233 1527 3303 ἐνεργουμένη
1550 3235 1707 3305 χάρις

143 3310 405 3380 βαστάζει
432 3315 524 3367 τὸν
550 3316 693 3381 νοῦν,
735 3318 828 3370 καὶ
854 3320 1113 3391 ἀναφέρει
1145 3323 1226 3386 εἰς
1266 3326 1392 3388 τοὺς
1421 3328 1706 3397 οὐρανοὺς,

145 3405 226 3466 εις
266 3405 357 3457 τὸν
386 3406 589 3461 τέλειον
607 3409 834 3478 κόσμον,
864 3412 945 3474 εἰς
966 3412 1066 3483 τὴν
1091 3414 1309 3470 αἰώνιον
1338 3419 1706 3472 κατάπαυσιν.

148 3494 268 3546 Καὶ
297 3497 356 3548 ὲν
379 3497 512 3568 αὐτῇ
544 3499 598 3551 δὲ
620 3503 683 3571 τῇ
708 3501 892 3572 χάριτί
925 3504 1032 3557 είσι
1060 3507 1232 3577 μέτρα
1261 3510 1354 3562 καὶ
1392 3509 1702 3581 ἀξιώματα.

153 3586 347 3650 ’Δλλος
374 3589 515 3641 ἐστὶν
569 3593 599 3643 6
652 3594 1028 3665 στρατηλάτης
1063 3596 1201 3667 ἔχων
1233 3600 1545 3670 παρρησίαν
1576 3604 1711 3673 πρὸς

140 3678 235 3765 τόν
278 3678 522 3748 βασιλέα,
559 3681 652 3736 καὶ
684 3686 713 3737 6
744 3685 900 3749 ἄλλος
949 3690 1094 3741 ἐστὶν
1148 3693 1176 3743 6
1221 3692 1463 3763 ἡγεμών.
1499 3694 1711 3765 Ὥσπερ

133 3761 292 3829 οἶκος
317 3770 748 3841 πεπληρωμένος
802 3776 1011 3829 καπνοῦ
1046 3761 1340 3850 ὑπερεκχεί
1376 3784 1583 3847 τοῦτον,
1617 3761 1712 3837 καὶ

129 3860 214 3923 είς
256 3859 352 3913 τὸν
383 3861 485 3925 ἔξω
522 3864 659 3935 ἀέρα
680 3880 693 3894 ·
730 3864 903 3930 οὕτως
925 3870 1028 3922 κάν
1059 3874 1126 3941 τῇ
1148 3871 1288 3942 ὡυχῇ
1316 3876 1711 3948 μεμεστωμένη

127 3954 160 4020 ή
200 3954 383 4007 κακία
411 3956 794 4027 ὑπερεκχείται
824 3960 1020 4024 ἔξωθεν
1049 3965 1141 4017 καὶ
1169 3965 1407 4019 ἐπιτελεῖ
1436 3970 1708 4038 καρπούς.

136 4046 233 4109 Ὠς
275 4047 331 4099 οἱ
377 4048 842 4120 ἐγκεχειρισμένα
888 4053 1062 4123 ἀρχάς
1102 4055 1490 4128 ὲπαρχότητος,
1542 4060 1574 4130 ἢ
1616 4062 1713 4131 θη-

120 4137 347 4209 σαυρὸν
369 4139 664 4207 βασιλικὸν,
694 4142 872 4196 πάντα
901 4145 993 4197 τὸν
1015 4146 1202 4215 χρόνον
1233 4149 1290 4200 ἐν
1324 4149 1562 4222 μερίμνῃ
1586 4152 1710 4213 εἰσὶ,

120 4233 347 4301 μήπως
384 4232 490 4303 ἀρα
524 4233 945 4304 προσκρούσωσι
980 4237 1058 4307 τῷ
1080 4237 1289 4306 βασιλεί
1314 4256 1329 4270 ·
1367 4240 1507 4293 οὕτω
1542 4245 1634 4294 καὶ
1662 4246 1711 4295 οἱ

112 4324 606 4393 ἐμπιστευθέντες
632 4325 791 4397 ἔργον
823 4329 1193 4398 πνευματικὸν
1246 4333 1332 4384 ἀεὶ
1372 4333 1430 4385 ὲν
1471 4333 1711 4408 μερίμνῃ

112 4419 258 4483 εἰσὶ,
298 4419 402 4471 καὶ
433 4418 646 4488 ἔχοντες
678 4421 1000 4484 ἀνάπαυσιν,
1036 4420 1225 4494 ὥσπερ
1259 4424 1357 4478 οῦκ
1395 4427 1530 4479 εἰσιν
1583 4430 1711 4479 ἁνα-

1811 1959 2114 2029 depraedari
2142 1974 2237 2014 eos
2261 1958 2538 2023 volebant,
2556 1958 2812 2027 quoniam
2843 1956 2988 2010 haud
3012 1956 3217 2025 exigum
3244 1962 3372 2007 sunt

1811 2052 2055 2121 ipsorum
2086 2066 2248 2120 opes;
2287 2066 2397 2104 non
2431 2058 2610 2104 tamen
2644 2065 2871 2119 prorsus
2902 2056 3055 2101 metu
3082 2063 3147 2102 ac
3175 2047 3370 2102 timore

1809 2143 1957 2197 omni
1998 2150 2218 2207 carent,
2254 2150 2434 2204 metu,
2468 2141 2723 2209 inquam,
2757 2155 2866 2193 non
2908 2138 3087 2209 qualis
3133 2148 3245 2201 est,
3277 2139 3371 2206 qui

1807 2232 2171 2287 extimescunt
2201 2231 2377 2286 malos
2405 2229 2678 2300 spiritus;-
2694 2228 2789 2283 sed
2819 2229 2925 2282 hoc
2952 2234 3100 2281 metu
3132 2242 3195 2282 ac
3222 2228 3373 2281 sollir

1808 2323 2052 2378 citudine
2078 2331 2365 2393 urgentur,
2390 2320 2666 2391 quomodo
2694 2319 2798 2374 rite
2828 2318 3214 2373 administrent
3241 2333 3372 2373 con-

1808 2413 2017 2468 credita
2045 2414 2149 2469 sibi
2175 2414 2480 2483 spiritualia
2507 2414 2668 2469 dona.

1876 2506 1992 2561 Xll.
2012 2507 2214 2562 Verum
2241 2507 2333 2576 qui
2361 2507 2630 2577 ejusmodi
2658 2514 2762 2573 est,
2783 2515 3003 2577 reputat
3026 2522 3084 2561 se
3111 2506 3371 2576 abjectio-

1807 2612 1924 2652 rem
1953 2598 2209 2652 omnibus
2232 2599 2635 2668 peccatoribus,
2663 2599 2934 2668 talemque
2959 2598 3366 2668 cogitationem,

1806 2689 1957 2743 velut
1998 2690 2339 2753 naturalem,
2387 2690 2490 2743 sibi
2546 2690 2763 2744 insitam
2816 2690 3008 2754 habet,
3064 2697 3119 2743 et
3162 2696 3369 2757 quanto

1806 2782 1980 2852 magis
2010 2783 2066 2836 in
2096 2783 2291 2837 notitia
2322 2783 2415 2837 Dei
2446 2782 2679 2852 proﬁcit,
2708 2792 2859 2839 tanto
2892 2783 3281 2852 simpliciorem
3312 2798 3369 2836 se

1806 2876 2083 2931 existimat
2122 2876 2345 2931 idiotam
2390 2893 2403 2929 :
2444 2884 2500 2931 et
2535 2885 2740 2946 quanto
2786 2877 2956 2948 magis
2994 2877 3274 2939 didicerit,
3302 2892 3371 2931 eo

1808 2966 2087 3021 rudiorem
2131 2982 2189 3021 se
2238 2976 2475 3036 reputat.
2507 2967 2633 3023 Haec
2670 2976 2853 3022 autem
2894 2968 3069 3038 gratia
3111 2969 3370 3023 directrix

1808 3059 1958 3112 velut
1983 3058 2166 3112 innata
2198 3058 2414 3123 animae,
2440 3059 2668 3128 peragit.
2697 3058 3164 3125 Quemadmodum
3191 3060 3295 3128 72
3323 3060 3368 3112 si

1810 3148 1885 3202 sit!
1908 3148 2106 3212 infans,
2133 3148 2226 3217 qui
2256 3164 2285 3201 a
2304 3150 2507 3219 juvene
2532 3158 2796 3219 gestetur,
2820 3149 2866 3202 is
2893 3150 2987 3219 qui
3010 3166 3134 3204 eum
3166 3160 3368 3219 portat,

1813 3240 2128 3295 circumfert
2156 3241 2407 3295 eumdem
2441 3257 2771 3311 quocunque
2803 3242 3033 3297 libuerit
3070 3262 3082 3295 :
3119 3243 3198 3297 sic
3229 3258 3369 3311 quo-

1812 3345 1917 3400 que
1948 3330 2141 3400 gratia,
2169 3330 2225 3383 in
2252 3329 2523 3400 profundo
2548 3330 2696 3385 vires
2730 3344 2857 3385 suas
2892 3346 3171 3396 exserens,
3196 3340 3377 3400 gestata

1811 3420 2085 3481 animum,
2127 3435 2363 3489 eumque
2407 3420 2586 3475 defert
2633 3420 2699 3475 ad
2749 3422 2945 3484 coelos,
2988 3421 3054 3475 ad
3104 3422 3370 3475 mundum

1810 3509 2142 3579 perfectum,
2177 3510 2242 3563 ad
2288 3517 2546 3564 azternam
2596 3511 2863 3579 requiem.
2900 3512 3097 3565 Verum
3148 3513 3204 3565 in
3255 3512 3379 3580 ipsa

1810 3601 1981 3671 gratia
2026 3610 2154 3655 sunt
2194 3601 2395 3670 gradus
2441 3610 2497 3657 et
2543 3602 2858 3672 dignitates.
2898 3604 3052 3658 Alius
3094 3606 3239 3659 enim
3288 3614 3374 3659 est

1810 3691 2100 3760 praefectus
2124 3691 2376 3753 militum,
2396 3693 2489 3762 qui
2515 3693 2743 3747 liberam
2774 3694 2940 3748 habet
2964 3695 3199 3749 adeundi
3231 3698 3371 3764 regis

1812 3790 2135 3851 potestatem
2180 3800 2194 3837 :
2240 3782 2378 3836 alius
2414 3799 2546 3838 vero
2585 3793 2670 3838 est
2707 3785 2834 3837 dux.
2872 3784 3104 3838 Perinde
3140 3800 3270 3839 vero
3311 3794 3373 3839 ut

1811 3874 2007 3929 domus
2034 3875 2186 3929 fumo
2209 3876 2436 3945 repleta,
2464 3890 2591 3929 eum
2624 3875 2857 3929 effundit
2890 3876 2945 3928 in
2977 3890 3159 3929 aerem
3192 3885 3370 3929 exter—

1812 3981 1974 4031 num;
2013 3966 2092 4020 sic
2124 3967 2289 4020 etiam
2321 3966 2377 4019 in
2407 3967 2589 4019 anima
2620 3966 2934 4021 redundans
2957 3967 3159 4021 malitia
3188 3968 3371 4021 effun-

1811 4056 1961 4110 ditur
1991 4055 2157 4121 foras,
2186 4072 2248 4111 ac
2277 4057 2489 4110 fructus
2519 4056 2794 4125 producit.
2828 4057 2895 4111 Et
2922 4058 3066 4113 sicut
3090 4058 3148 4122 ii,
3174 4058 3374 4127 quibus

1812 4147 2062 4217 gerendae
2086 4148 2443 4217 praefectura,
2462 4158 2556 4202 aut
2580 4148 2923 4203 custodiendi
2952 4148 3195 4204 thesauri
3217 4150 3370 4219 regii,

1814 4252 1945 4292 cura
1978 4238 2263 4293 commissa
2297 4247 2402 4302 est,
2434 4254 2713 4308 nunquam
2746 4239 2892 4294 curis
2922 4247 3135 4305 vacant,
3165 4256 3234 4294 ne
3263 4255 3373 4309 quo

1812 4336 1973 4399 pacto
2014 4345 2196 4399 regem
2242 4329 2523 4383 offendant
2558 4347 2574 4382 :
2611 4330 2689 4384 sic
2722 4346 2942 4399 quoque
2977 4346 3209 4400 quorum
3247 4332 3373 4387 ﬁdei

1812 4434 1951 4489 opus
1990 4419 2210 4489 aliquod
2249 4420 2532 4488 spirituale
2574 4421 2927 4475 commissum
2971 4430 3073 4484 est,
3112 4422 3372 4495 continua

113 4506 509 4577 πεπαυμένοι.
558 4508 624 4559 Ἡ
658 4507 905 4577 βασιλεία
955 4511 1065 4581 γὰρ
1091 4511 1185 4564 τοῦ
1218 4514 1439 4577 σκότους
1468 4516 1500 4584 ἡ
1527 4515 1710 4568 ἐπεισ-

1813 4511 2183 4567 sollicitudine
2216 4518 2501 4576 tenentur;
2535 4521 2591 4566 et
2621 4513 2693 4566 ita
2724 4513 2910 4582 quiete
2937 4512 3217 4579 fruuntur,
3244 4530 3374 4584 per-

104 4596 378 4649 ελθοῦσα
406 4599 471 4666 τῇ
506 4597 678 4663 πόλει,
704 4602 949 4653 τουτέστι
989 4604 1054 4672 τῇ
1081 4601 1251 4674 ψυχῇ,
1284 4605 1379 4657 καὶ
1419 4606 1468 4656 οἱ
1500 4604 1713 4659 διακατ-

106 4688 362 4757 έχοντες
396 4685 658 4758 βάρϐαροι
692 4690 791 4753 τὰς
824 4692 996 4762 νομὰς
1049 4696 1239 4765 αὐτῆς,
1264 4695 1589 4761 ἐξωθοῦνται
1616 4698 1710 4749 ἀπ’

100 4779 335 4848 αὐτῆς.

182 4870 309 4924 II".
365 4868 705 4923 Ἀποστέλλει
729 4870 837 4940 γὰρ
870 4873 897 4923 6
929 4871 1178 4942 βασιλεὺς
1210 4874 1439 4945 Χριστὸς
1469 4879 1548 4940 εἰς
1569 4879 1715 4931 ἐκδίο

97 4978 295 5031 κησιν
326 4959 430 5027 τῆς
478 4960 707 5027 πόλεως,
742 4965 835 5016 καὶ
875 4964 1064 5034 δεσμοί
1095 4968 1220 5028 τοὺς
1261 4968 1575 5037 τυράννους,
1619 4971 1714 5023 καὶ

99 5054 486 5125 στρατηγίαν
532 5057 873 5127 ἐπουράνιον,
906 5059 1001 5111 καὶ
1053 5060 1356 5130 παράταξιν
1389 5065 1714 5132 πνευμάτων

89 5150 310 5219 ἁγίων
356 5148 474 5200 ἐκεῖ
527 5148 848 5212 κατοικίζει,
905 5150 1093 5219 ὥσπερ
1136 5152 1366 5223 πατρίδα
1399 5153 1572 5207 ίδίαν·
1624 5156 1717 5209 καὶ

93 5243 327 5296 λοιπὸν
356 5242 537 5309 φαίνει
567 5245 596 5295 6
628 5245 778 5313 ἣλιος
808 5246 865 5295 ἐν
908 5247 974 5314 τῇ
1015 5245 1238 5315 καρδίᾳ,
1261 5245 1356 5296 καὶ
1396 5247 1452 5297 αἱ
1494 5247 1715 5310 ἀκτῖνες

90 5335 300 5388 αὐτοῦ
333 5335 713 5405 διατρέχουσιν
746 5337 826 5397 είς
852 5335 949 5388 ὅλα
978 5335 1046 5387 τά
1088 5336 1245 5406 μέλη.
1285 5338 1394 5388 Καὶ
1419 5338 1566 5389 ἐστιν
1600 5338 1716 5390 ἐκεῖ

90 5426 330 5479 λοιπὸν
369 5425 559 5495 βαθεῖα
616 5428 806 5496 εἰρήνη
865 5428 897 5496 ἠ
931 5425 1311 5495 βασιλεύουσα.
1378 5429 1436 5482 '0
1468 5430 1525 5483 δὲ
1567 5429 1717 5499 ἀγὼν

85 5519 202 5572 τοῦ
253 5515 569 5584 ἀνθρώπου
612 5518 706 5571 καὶ
750 5520 783 5588 ή
817 5516 1060 5587 ἄθλησις,
1096 5521 1191 5570 καὶ
1217 5521 1526 5591 δοκιμασία,
1563 5525 1656 5576 καὶ
1682 5524 1715 5591 ἡ

84 5608 262 5678 πρὸς
342 5603 477 5656 Θεὸν
527 5604 710 5658 εὔνοια
760 5606 882 5659 τότε
914 5608 1183 5674 φαίνεται,
1232 5612 1319 5662 ὅτε
1363 5612 1463 5682 τῆς
1497 5613 1716 5683 χάριτος

83 5694 615 5765 ὕποστελλομένης
663 5697 972 5767 ἀνδρίσεται
1043 5699 1136 5751 καὶ
1183 5698 1365 5768 βοήσει
1433 5702 1568 5770 πρὸς
1626 5702 1714 5754 τὸν

84 5790 253 5844 Θεόπο
285 5804 312 5825 ο
361 5787 493 5841 ἀλλὰ
520 5791 580 5843 σὺ
613 5789 845 5854 ἀκούων,
885 5789 966 5843 ὅτι
988 5791 1095 5844 εἰσὶ
1128 5794 1361 5862 ποταμοὶ
1389 5793 1713 5862 δρακόντων,

1812 4604 1938 4659 inde
1971 4620 2042 4660 ac
2064 4603 2108 4659 si
2142 4619 2205 4658 ea
2239 4612 2510 4659 carerent.
2543 4604 2789 4674 Regnum
2831 4605 2978 4658 enim
3024 4606 3386 4660 tenebrarum.

1811 4696 2133 4750 subintrans
2171 4695 2471 4759 civitatem,
2498 4696 2601 4748 hoc
2643 4706 2746 4761 est,
2778 4696 3035 4758 animam,
3061 4705 3116 4750 et
3157 4696 3376 4751 barbari

1811 4796 2145 4857 occupantes
2171 4789 2289 4857 ejus
2313 4803 2533 4856 pascua,
2560 4803 2629 4841 ex
2654 4788 2744 4841 illa
2774 4788 3144 4857 expelluntur.

1881 4880 2021 4933 Xlll.
2050 4879 2214 4934 Mittit
2242 4880 2390 4933 enim
2423 4895 2516 4934 rex
2552 4878 2825 4943 Christus,
2852 4880 2948 4948 qui
2979 4879 3271 4933 vindictam
3307 4880 3375 4934 de

1812 4972 2033 5026 civitate
2058 4971 2149 5024 illa
2179 4979 2417 5033 sumant,
2445 4980 2502 5025 et
2526 4980 2785 5041 tyrannos
2812 4970 3107 5025 invincula
3133 4969 3375 5039 conjicit,

1812 5078 1876 5117 ac
1918 5063 2221 5117 exercitum
2256 5063 2555 5125 cmlestem,
2582 5070 2637 5115 et
2670 5061 2893 5115 ordines
2923 5060 3215 5128 spirituum
3250 5075 3378 5113 san-

1813 5164 2027 5211 ctorum
2075 5154 2185 5209 illic
2224 5153 2486 5216 collocat,
2519 5162 2773 5221 tanquam
2816 5152 2871 5205 in
2916 5153 3091 5221 patria
3131 5151 3375 5220 propria.

1814 5246 1950 5301 Tum
1976 5260 2106 5300 vero
2138 5245 2213 5299 sol
2249 5244 2303 5297 in
2336 5244 2500 5297 corde
2534 5242 2802 5311 splendet,
2828 5251 2883 5296 et
2908 5242 3045 5296 radii
3073 5243 3191 5312 ejus
3216 5255 3381 5309 pene-

1816 5348 1961 5393 trant
1990 5338 2171 5393 omnia
2205 5338 2466 5400 membra,
2495 5345 2657 5405 atque
2690 5336 2793 5390 sibi
2830 5352 3040 5389 summa
3074 5351 3178 5404 pax
3212 5334 3381 5402 impe-

1815 5430 1959 5483 rium
2005 5436 2172 5482 tenet.
2212 5428 2413 5481 Verum
2460 5436 2737 5481 certamen
2781 5444 2845 5482 ac
2887 5444 3065 5496 pugna
3112 5425 3381 5490 hominis.

1816 5517 2086 5588 probatio,
2128 5526 2185 5571 et
2207 5532 2332 5586 erga
2361 5518 2531 5571 Deum
2564 5517 2946 5571 benevolentia
2976 5524 3107 5569 tunc
3131 5524 3377 5583 apparet,

1815 5609 2053 5679 quando,
2078 5608 2254 5678 gratia
2283 5623 2341 5663 se
2372 5607 2734 5670 subducente,
2766 5607 2942 5659 virum
2973 5621 3031 5660 se
3056 5614 3296 5674 praestat,
3324 5615 3382 5659 et

1817 5701 2013 5755 clamat
2049 5702 2115 5753 ad
2158 5699 2471 5753 Dominum.
2497 5699 2630 5753 Cum
2670 5714 2800 5752 vero
2839 5697 2992 5751 audis
3031 5691 3224 5752 fluvios
3261 5709 3383 5750 esse
3461 5738 3467 5745 .

1818 5795 2139 5857 draconum,
2167 5808 2258 5847 ora
2287 5793 2528 5857 leonum,
2555 5800 2610 5846 et
2639 5797 2935 5861 potestates
2962 5788 3063 5843 sub
3093 5787 3230 5842 cualo
3253 5785 3385 5840 cali~
