3966 6508
601 294 706 358 623

1855 321 1915 379 s.
1956 321 2275 395 MACARII
2314 329 2638 389 IEGYPTII
3726 344 3807 408 ett

600 407 844 475 ginosas,
867 412 1044 483 ignem
1073 428 1349 487 urentem,
1367 430 1422 475 et
1443 424 1820 493 strepitantem
1842 427 1896 481 in
1921 430 2146 484 omnibu

2245 469 2257 491 ι
2281 437 2374 488 καὶ
2404 438 2650 507 στόματα
2696 439 2950 507 λεόντων,
2992 442 3086 496 καὶ
3111 443 3373 514 δυνάμεις
3402 448 3457 499 αἱ
3486 448 3591 500 ὑπὸ
3629 451 3710 503 τὸν
3737 458 3811 509 οὗ.

597 500 865 557 membris
899 506 981 575 (ut
1012 508 1153 564 nihil
1188 512 1295 567 tale
1327 522 1473 568 terra
1507 515 1807 588 continet),
1838 527 1894 573 et
1923 520 2171 591 ignoras,

597 588 702 643 nisi
741 597 1020 664 acceperis
1052 601 1422 657 arrhabonem
1461 602 1700 674 Spiritus
1736 608 1946 673 sancti,
1971 609 2101 664 dum
2141 626 2173 665 e

597 698 830 754 corpore
870 688 1137 758 discedis;
1184 694 1421 749 animam
1462 695 1579 750 haec
1620 705 1767 751 tuam
1806 701 2171 769 comprehen-

595 774 756 841 dunt,
780 796 882 834 nec
901 782 967 836 ad
992 786 1161 839 cmlos
1188 786 1283 840 tibi
1311 802 1599 841 ascensum
1625 790 1955 844 concedunt.
1980 792 2170 847 Itidem

595 865 663 920 de
694 868 956 938 dignitate
984 874 1180 929 anima:
1206 875 1297 929 ubi
1325 876 1588 944 audieris,
1617 895 1780 949 quam
1810 883 2071 951 praeclara
2101 886 2172 939 sit

592 957 900 1015 substantia
954 964 1044 1018 illa
1093 965 1380 1022 intellectu
1427 970 1684 1039 praedita,
1716 988 1828 1027 non
1879 974 2168 1045 intelligis,

593 1050 741 1117 quod
773 1052 918 1107 Deus
952 1070 1063 1110 non
1099 1056 1165 1111 de
1198 1060 1428 1129 angelis,
1462 1062 1556 1116 sed
1592 1063 1660 1116 de
1693 1073 1890 1119 natura
1928 1067 2170 1122 humana

591 1141 795 1197 dixerit
826 1144 960 1200 illud
996 1165 1009 1201 :
1049 1148 1330 1206 Faciamus
1365 1154 1435 1207 ad
1468 1156 1754 1230 imaginem
1786 1167 1834 1211 et
1864 1161 2168 1215 similitudi-

589 1249 709 1287 nem
750 1246 990 1292 nostram
1011 1242 1076 1305 θ’,
1103 1251 1158 1296 et
1186 1244 1334 1313 quod
1365 1247 1564 1301 caelum
1592 1258 1649 1303 et
1676 1260 1824 1305 terra
1862 1261 2165 1319 transeant,

590 1334 648 1378 tu
679 1342 808 1382 vero
836 1329 904 1383 ad
935 1331 1405 1391 immortalitatem
1432 1349 1661 1395 vocatus
1688 1342 1784 1406 sis,
1810 1351 1869 1397 ut
1894 1344 1969 1399 sis
2000 1344 2165 1412 ﬁlius,

586 1417 763 1474 frater
796 1432 850 1476 et
881 1439 1081 1494 sponsa
1120 1429 1296 1499 regis?
1332 1431 1391 1484 In
1429 1433 1596 1489 rebus
1630 1437 1777 1490 enim
1813 1453 1933 1507 quae
1969 1441 2025 1495 in
2062 1441 2166 1495 hoc

587 1514 791 1566 saaculo
819 1514 1102 1581 videntur,
1136 1522 1321 1575 omnia
1350 1539 1472 1592 qua:
1501 1534 1629 1580 sunt
1654 1530 1872 1597 sponsi,
1900 1538 1965 1585 ad
1995 1549 2164 1603 spon-

588 1616 703 1655 sam
726 1607 1030 1674 pertinent;
1057 1610 1134 1665 sic
1155 1628 1374 1683 quoque
1398 1620 1580 1671 omnia
1619 1635 1740 1689 qua:
1772 1634 1900 1676 sunt
1922 1624 2162 1690 Domini,

585 1706 789 1764 quanta
822 1709 1027 1768 quanta
1065 1703 1205 1767 sint,
1231 1708 1527 1761 committit
1562 1710 1652 1766 ille
1687 1721 1795 1766 ture
1829 1713 1975 1769 ﬁdei.
2005 1716 2164 1772 Venit

2282 528 2443 600 ρανδν
2475 531 2772 596 σκοτειναὶ,
2810 534 2904 585 καὶ
2966 532 3075 603 πῦρ
3106 534 3308 604 φλέγον
3340 537 3435 590 καὶ
3482 540 3740 609 καχλάζον
3771 548 3813 599 ἐν

2276 623 2389 684 τοῖς
2418 622 2654 691 μέλεσιν,
2694 622 2771 687 ὡς
2803 624 2954 677 οὐδὲν
3000 626 3032 696 ή
3074 626 3170 695 γῆ,
3216 628 3290 699 μὴ
3320 627 3477 692 εἰδὼς
3517 632 3599 684 ὅτι
3646 634 3731 687 ἐὰν
3760 641 3817 706 μὴ

2274 714 2401 786 δέξῃ
2433 716 2525 767 τὸν
2553 716 2847 787 ἀρραϐῶνα
2878 716 2972 770 τοῦ
3003 718 3319 789 Πνεῦματος
3364 721 3459 774 τοῦ
3497 724 3651 791 ἁγίου
3687 728 3736 777 ἐν
3759 731 3820 797 τῷ

2275 805 2593 876 ἐξέρχεσθαι
2619 807 2713 859 τοῦ
2754 806 3029 877 σώματος,
3058 808 3351 878 κατέχουσί
3383 829 3476 864 σου
3508 812 3606 884 τὴν
3648 814 3821 885 ψυχὴν,

2276 898 2352 968 μὴ
2380 897 2577 961 ἐῶντές
2626 915 2684 950 σε
2712 898 2957 952 ἀνελθεῖν
2996 900 3077 961 είς
3113 902 3240 964 τοὺς
3269 902 3553 973 οὐρανούς.
3617 904 3824 974 Ὁμοίως

2271 990 2329 1042 δὲ
2360 992 2453 1043 καὶ
2484 993 2613 1059 περὶ
2640 991 2734 1043 τοῦ
2768 990 3073 1060 ἀξιώματος
3096 991 3196 1061 τῆς
3240 992 3420 1064 ψυχῆς
3466 994 3703 1061 ἀκούων,
3729 999 3825 1060 πῶς

2271 1083 2387 1134 ἐστι
2419 1082 2575 1152 τιμία
2604 1084 2637 1153 ἡ
2673 1083 2833 1153 νοερὰ
2861 1083 3038 1148 οὐσία,
3088 1085 3150 1136 οὐ
3182 1090 3405 1150 συνιεῖς,
3452 1088 3536 1141 ὅτι
3586 1091 3687 1143 οὐκ
3718 1086 3821 1143 εἷπε

2271 1173 2402 1242 περὶ
2435 1172 2703 1241 ἀγγέλων,
2734 1173 2870 1226 ἀλλά
2900 1173 3030 1244 περὶ
3060 1178 3161 1245 τῆς
3204 1176 3556 1247 ἀνθρωπίνης
3604 1179 3822 1248 φύσεως,

2268 1265 2350 1329 τὸ,
2375 1265 2728 1334 Ποιήσωμεν
2742 1265 2869 1319 κατ’
2886 1268 3090 1320 εἰκόνα
3106 1267 3400 1337 ἡμετέραν
3416 1270 3516 1324 καί
3535 1271 3829 1339 ὁμοίωσιν

2269 1358 2383 1419 καὶ,
2412 1358 2495 1411 ὅτι
2525 1359 2554 1410 ὁ
2584 1359 2813 1429 οὐρανὸς
2850 1359 2945 1412 καὶ
2976 1362 3008 1428 ἡ
3033 1360 3106 1429 γῆ
3168 1360 3536 1431 παρέρχεται·
3576 1364 3642 1415 σὺ
3687 1362 3741 1415 δέ
3766 1367 3831 1427 εἰς

2268 1448 2565 1512 υἱοθεσίαν,
2619 1450 2700 1512 είς
2750 1449 3109 1518 ἀδελφότητα,
3167 1452 3244 1514 είς
3284 1452 3507 1521 νύμφην
3554 1452 3832 1523 βασιλέως.

2280 1539 2370 1593 Ἐν
2404 1542 2515 1605 τοῖς
2550 1543 2896 1610 φαινομένοις
2922 1542 3028 1615 γὰρ
3061 1545 3240 1597 πάντα
3262 1544 3331 1597 τὰ
3349 1545 3444 1598 τοῦ
3477 1546 3713 1615 νυμφίου
3748 1548 3836 1614 ti;

2265 1634 2483 1704 νύμφης
2526 1634 2656 1699 εἰσὶ,
2693 1634 2787 1688 καὶ
2837 1636 3013 1689 πάντα
3069 1636 3139 1689 τὰ
3190 1635 3285 1690 τοῦ
3314 1638 3519 1709 Κυρίου
3563 1640 3668 1692 ὅσα
3709 1641 3837 1691 elabi

2270 1725 2594 1793 ἐμπιστεύει
2647 1742 2752 1778 σοι.
2786 1721 2959 1778 Ἦλθε
3006 1726 3115 1797 γὰρ
3171 1729 3252 1791 εἰς
3300 1729 3601 1799 πρεσϐείαν
3637 1728 3739 1800 σὴν
3779 1731 3838 1783 δι’

584 1787 701 1856 ipse
729 1790 797 1842 ad
824 1791 1151 1861 legationem
1177 1797 1256 1851 tui
1280 1813 1442 1854 causa
1470 1801 1803 1870 obeundam,
1830 1815 1891 1861 ut
1923 1816 1975 1862 te
2006 1824 2146 1865 revo

2275 1812 2470 1866 ἑαυτοῦ
2504 1854 2519 1877 ,
2551 1815 2640 1868 ἵνα
2675 1832 2733 1868 σε
2775 1815 3209 1885 ἀνακαλέσηται’
3244 1819 3338 1870 καὶ
3372 1820 3435 1873 σὺ
3478 1819 3637 1872 οὐδὲν
3684 1822 3837 1883 νοεῖς,

582 1886 751 1933 caret.
775 1878 857 1933 Tu
886 1897 1019 1936 vero
1049 1884 1186 1938 nihil
1219 1887 1500 1960 intelligis,
1524 1907 1703 1962 neque
1730 1897 1970 1965 percipis
1997 1899 2158 1954 nobi-

577 1972 789 2030 litatem
835 1994 847 2030 :
893 1994 957 2033 ac
985 1982 1185 2036 merito
1219 2000 1348 2055 ergo
1380 1984 1629 2056 deplorat
1663 2004 1850 2045 casum
1888 2002 2041 2049 tuum
2068 1996 2159 2051 ille

580 2065 789 2137 Spiritu
814 2070 1031 2140 plenus,
1052 2074 1308 2145 inquiens
1331 2096 1344 2131 :
1366 2079 1535 2134 Homo
1565 2098 1685 2137 cum
1708 2084 1763 2136 in
1790 2085 1984 2139 honore
2005 2098 2154 2153 esset,

580 2176 685 2213 non
717 2163 1012 2221 intellexit:
1035 2180 1373 2239 comparatus
1399 2182 1473 2226 est
1493 2174 1749 2243 jumentis
1772 2177 2153 2246 insipientibus,

581 2261 632 2305 et
660 2254 845 2309 similis
893 2257 1061 2326 factus
1106 2271 1183 2314 est
1227 2262 1334 2316 illis
1352 2263 1626 2320 8'.Gloria
1652 2265 1897 2329 Patri,et
1923 2268 2155 2336 Filio,et

580 2344 811 2413 Spiritui
845 2358 1055 2417 sancto,
1081 2353 1137 2407 in
1174 2356 1389 2410 saecula.
1423 2356 1617 2412 Amen.

1129 2463 1415 2521 llOMILlA
1445 2468 1607 2525 XVII.

576 2543 654 2600 De
694 2550 962 2635 spi'ritnali
1000 2552 1422 2635 Christianorum
1462 2563 1704 2635 tinctione
1743 2574 1792 2615 et
1829 2564 2001 2635 gloria
2038 2584 2057 2620 :
2100 2578 2151 2621 et

644 2620 782 2687 quod
822 2622 1013 2694 absque
1052 2623 1257 2679 Christo
1295 2630 1526 2694 salvari,
1559 2642 1653 2685 aut
1694 2620 1857 2688 vitam
1896 2648 2149 2691 a’ternam

642 2693 885 2760 consequi
908 2693 1223 2763 impossibile
1251 2700 1336 2751 sit.

642 2800 683 2853 l.
711 2801 1014 2859 Christiani
1055 2810 1317 2879 perfecti,
1348 2814 1442 2884 qui
1482 2817 1632 2889 digni
1668 2819 1945 2877 habentur
1976 2824 2145 2878 attin-

569 2907 698 2964 gere
732 2896 958 2966 gradum
994 2902 1374 2972 perfectionis,
1403 2923 1466 2962 ac
1499 2908 1619 2965 ﬁeri
1652 2912 1767 2984 regi
1800 2914 2055 2984 proximi,
2087 2916 2144 2971 hi

568 2988 722 3042 cruci
767 2989 972 3047 Christi
1016 3004 1284 3065 perpetuo
1332 3002 1635 3057 consecrati
1677 3013 1826 3063 sunt.
1869 3006 2143 3073 Quemad-

568 3078 793 3132 modum
827 3082 972 3137 enim
1000 3087 1394 3155 prophetarum
1430 3094 1777 3164 temporibus
1806 3100 1995 3155 unctio
2025 3112 2143 3158 erat

567 3183 661 3223 res
702 3173 928 3229 omnino
970 3178 1241 3246 pretiosa,
1284 3196 1408 3237 cum
1450 3184 1509 3239 in
1552 3202 1711 3258 reges
1752 3199 1809 3245 et
1848 3194 2145 3262 praphetas

568 3262 907 3330 ungerehtur
945 3284 971 3344 ε¹
994 3268 1076 3323 sic
1108 3286 1329 3343 quoque
1370 3292 1517 3333 nunc
1555 3281 1897 3351 spirituales,
1933 3287 2144 3342 caelesti

568 3353 831 3408 unctione
862 3361 1137 3428 peruncti,
1168 3366 1411 3423 evadunt
1435 3368 1734 3429 Christiani
1766 3389 1867 3444 per
1888 3378 2141 3447 gratiam,

566 3451 628 3497 ut
660 3443 760 3513 ipsi
792 3448 904 3502 sint
934 3466 1090 3521 reges
1117 3464 1173 3509 et
1203 3459 1483 3527 prophetae
1514 3443 1822 3522 caelestium
1850 3443 2142 3541 mysterio;

565 3548 708 3587 rum.
740 3534 998 3601 Quinimo
1033 3542 1089 3596 hi
1126 3556 1258 3600 sunt
1292 3547 1389 3602 filii
1422 3560 1477 3604 et
1508 3552 1719 3608 domini
1754 3565 1811 3611 et
1842 3557 1940 3624 dii,
1970 3560 2141 3617 vincti

563 3640 628 3679 ac
677 3628 913 3696 captivi,
965 3633 1348 3705 abjectissimi,
1394 3644 1655 3716 crucifixi:
1690 3662 1754 3703 ac
1810 3655 2138 3709 consecrati.

562 3716 669 3787 73
717 3718 773 3773 Si
816 3724 966 3778 enim
1010 3730 1197 3783 unctio
1241 3733 1379 3797 olei,
1417 3751 1447 3789 a
1492 3737 1677 3805 planta
1720 3743 2041 3810 aspectabili
2084 3756 2142 3802 et

557 3808 709 3880 ligno
741 3813 943 3870 visibili
981 3820 1227 3887 profecta
1248 3865 1262 3887 ,
1293 3834 1499 3881 tantam
1535 3829 1729 3886 habuit
1756 3808 2047 3904 virtutem,
2079 3847 2141 3896 ut

558 3914 627 3955 eo
653 3908 907 3972 peruncti
941 3908 1264 3980 dignitatem
1291 3916 1427 3971 citra
1457 3934 1676 3975 omnem
1707 3932 2137 3985 controversiam

559 4008 1033 4067 consequerentur
1059 4007 1263 4075 (ratum
1294 4011 1442 4065 enim
1477 4025 1615 4078 erat,
1644 4026 1707 4069 ut
1736 4022 2139 4079 constitueren-

559 4096 651 4145 tur
674 4089 777 4159 ipsi
807 4096 984 4165 reges)
1016 4116 1027 4150 :
1057 4114 1166 4168 quo
1188 4102 1352 4157 etiam
1382 4105 1551 4162 David
1583 4108 1925 4175 inunctus",
1953 4118 2135 4171 statim

556 4184 1037 4251 persecutionibus
1076 4201 1134 4245 et
1177 4194 1567 4255 afﬂictionibus
1609 4205 1892 4272 expositus
1930 4218 2041 4274 est,
2074 4226 2137 4264 ac

554 4274 789 4343 septimo
818 4288 943 4347 post
977 4297 1123 4337 anno
1156 4301 1251 4340 rex
1282 4287 1459 4345 factus
1479 4292 1523 4325 ⁸⁸
1560 4312 1572 4346 :
1620 4306 1824 4364 quanto
1879 4301 2049 4371 magis
2089 4302 2127 4357 ii

554 4366 650 4435 qui
697 4372 999 4428 secundum
1056 4389 1295 4433 mentem
1346 4390 1402 4437 et
1449 4384 1768 4443 interiorem
1820 4391 2130 4459 hominem,

2267 1903 2388 1957 οὐδέ
2444 1905 2687 1973 συνῆκας
2739 1908 2839 1977 τὴν
2888 1908 3168 1975 εὐγένειάν
3227 1927 3357 1976 σου;
3404 1910 3643 1974 Δικαίως
3696 1908 3836 1965 οῦνό

2266 1999 2714 2071 πνευματοφὸρος
2741 2000 2927 2053 πενθεῖ
2954 2019 3048 2054 σου
3073 2002 3172 2073 τὴν
3206 2004 3434 2068 πτῶσιν,
3467 2002 3671 2071 λέγων.
3717 2005 3836 2056 Ἀν-

2264 2097 2497 2159 θρωπος
2522 2093 2590 2146 ἐν
2628 2093 2767 2164 τιμῇ
2796 2094 2882 2147 ὢν
2916 2097 2987 2149 οὐ
3026 2095 3263 2161 συνῆκε
3284 2111 3298 2124 ⁸
3341 2098 3833 2163 παρεσυνεϐλήθη

2262 2182 2387 2247 τοῖς
2416 2184 2668 2251 κτήνεσι
2724 2184 2850 2249 τοῖς
2870 2185 3150 2253 ἀνοήτοις
3182 2186 3277 2239 καί
3309 2185 3579 2254 ὡμοιώθη
3616 2191 3833 2251 αὔτως.

2261 2275 2401 2340 Δόξα
2431 2275 2627 2346 Πατρὶ,
2666 2277 2762 2327 καὶ
2790 2276 2924 2348 Υἱῷ,
2962 2278 3056 2329 καὶ
3084 2277 3226 2346 ἁγίῳ
3253 2279 3558 2349 Πνεῦματι,
3593 2281 3678 2341 είς
3726 2284 3833 2342 τοὶς

2262 2366 2485 2428 αἰῶνας.
2525 2367 2718 2437 Ἀμήν.

2842 2485 3085 2543 ΟΜῙΛΙΛ
3127 2488 3224 2542 ΙΖ’.

2258 2580 2990 2664 Περίτῇςκπνευμᾳτιίίῆς
3017 2579 3137 2664 τῶν
3176 2580 3548 2664 ξριστιανῶν
3590 2582 3827 2664 κρίσεως

2329 2650 2426 2734 καὶ
2466 2651 2672 2734 δόξης,
2714 2653 2839 2734 καὶ,
2863 2652 2953 2705 ὅτι
3003 2652 3153 2734 ἄνευ
3200 2651 3460 2734 {pictori}
3495 2651 3771 2734 σωθῆναι
3799 2654 3831 2717 ἦ

2328 2718 2476 2790 ζωῆς
2497 2723 2741 2778 αἰωνίου
2764 2722 3025 2792 μέτοχον
3046 2723 3320 2791 γίνεσθαι
3342 2721 3658 2776 ἀδύνατόν
3691 2724 3827 2775 ἐστι.

2316 2794 2403 2891 λ’.
2436 2838 2499 2890 Οί
2525 2837 2723 2890 τέλειοι
2769 2837 3084 2905 Χριστιανοὶ
3112 2838 3160 2889 oi
3191 2834 3636 2901 καταξιωθέντες
3666 2836 3828 2889 ἐλθεῖν

2252 2929 2331 2991 εἰς
2373 2930 2545 3000 μέτρα
2573 2928 2929 2998 τελειότητος,
2982 2930 3077 2983 καὶ
3109 2928 3362 2997 γενέσθαι
3388 2927 3693 2995 ἐγγύτατοι
3740 2929 3825 2998 βαο

2253 3020 2467 3087 σιλέως,
2521 3014 2668 3075 οὗτοι
2715 3022 2793 3093 τῷ
2860 3019 3079 3091 σταυρῷ
3138 3020 3234 3073 τοῦ
3300 3020 3543 3089 Χριστοῦ
3607 3021 3824 3074 πάντοτε

2172 3150 2215 3208 C
2250 3110 2616 3181 ἀφιερωμένοι
2647 3112 2803 3165 εἰσίν.
2834 3112 3048 3181 Ὥσπερ
3092 3111 3199 3183 γὰρ
3250 3111 3477 3208 ἐπὶ-τῶν
3534 3114 3824 3208 προφητῶν

2245 3204 2308 3257 τὸ
2334 3204 2541 3274 χρίσμα
2565 3200 2632 3276 ἦν
2661 3204 2781 3257 ὅλον
2828 3203 3176 3275 τιμιώτερον,
3226 3205 3414 3276 ἐπειδὴ
3462 3208 3545 3268 εἰς
3597 3206 3823 3276 βασιλεῖς

2246 3294 2341 3349 καὶ
2372 3297 2658 3365 προφήτας
2689 3297 2958 3367 ἐχρίοντο,
3018 3296 3161 3350 οὕτω
3201 3296 3296 3349 νῦν
3355 3301 3404 3350 οἱ
3460 3300 3820 3367 πνευματικοὶ

2244 3385 2305 3439 τὸ
2330 3386 2654 3457 ἐπουράνιον
2685 3388 2897 3458 χρίσμα
2921 3389 3222 3459 χριόμενοι,
3244 3388 3488 3456 γίνονται
3509 3390 3821 3459 Χριστιανοὶ

2245 3480 2387 3533 κατὰ
2421 3480 2601 3551 χάριν,
2643 3479 2786 3533 ὥστε
2811 3476 2950 3534 εἶναι
2987 3481 3183 3543 αὐτοὺς
3215 3480 3454 3551 βασιλεῖς
3488 3485 3588 3535 καὶ
3619 3485 3821 3553 προςῆ-

2241 3590 2342 3634 τας
2379 3573 2720 3642 ἐπουρανίων
2746 3573 3090 3644 μυστηρίων.
3120 3566 3281 3628 Οὗτοί
3308 3576 3412 3628 εἰσι
3442 3575 3539 3630 καὶ
3578 3576 3705 3633 υἱοὶ.
3740 3578 3821 3629 καὶ

2242 3664 2447 3735 κύριοι,
2484 3669 2579 3718 καὶ
2602 3665 2735 3730 θεοὶ,
2782 3666 3081 3737 δεδεμένοι,
3114 3667 3629 3738 ῂχμαλωτισμένοι,
3668 3668 3819 3738 βεϐυ-

2243 3754 2512 3825 θισμὲνοι,
2554 3758 2986 3827 ἐσταυρωμένοι,
3050 3759 3457 3829 ἀφιερωμένοι·
3507 3761 3560 3811 εί
3614 3759 3725 3828 γὰρ
3770 3759 3821 3810 τὸ

2241 3849 2453 3917 χρίσμα.
2478 3849 2573 3901 τοῦ
2600 3848 2802 3911 ἐλαίου,
2834 3850 2970 3919 ὅπερ
2998 3844 3067 3920 ἦν
3108 3850 3279 3917 φυτοῦ
3334 3852 3697 3918 φαινομένου.
3736 3851 3820 3904 καὶ

2242 3936 2399 4001 ξύλου
2444 3936 2662 4008 ὁρατοῦ,
2721 3937 2989 4006 τοσαύτην
3031 3932 3144 4007 εἶχε
3196 3935 3461 4007 δύναμιν,
3508 3938 3654 3990 ὥστε
3704 3942 3819 3997 τοὺς

2240 4032 2561 4101 χριομένους
2590 4031 3000 4101 ἀναντίρρητως
3028 4030 3247 4099 ἀξίωμα
3267 4029 3571 4099 λαμϐάνειν
3598 4027 3690 4102 (ἦν
3719 4031 3818 4099 γὰρ

2239 4121 2645 4192 κεκυρωμένον,
2665 4122 2807 4175 ὥστε
2831 4122 3190 4175 καθίστασθαι
3230 4122 3430 4184 αὐτοὺς
3467 4123 3736 4191 βασιλεῖς)
3753 4141 3768 4154 ο
3793 4122 3817 4173 ὅ

2240 4211 2336 4263 καὶ
2373 4211 2538 4264 Δαῆὶδ
2563 4212 2811 4282 χρισθεὶς
2844 4212 3049 4274 εὐθέως
3076 4212 3338 4281 διωγμοῖς
3384 4214 3689 4284 περιέπεσε
3732 4216 3818 4266 καὶ

2238 4300 2501 4364 ἐθλίϐετο,
2527 4304 2621 4354 καὶ
2653 4303 2794 4371 μετὰ
2818 4303 2957 4354 ἑπτὰ
2979 4302 3072 4373 ἔτη
3108 4304 3326 4370 ἐγένετο
3346 4303 3605 4371 βασιλεύς
3627 4322 3639 4334 ·

2241 4392 2442 4461 μᾶλλον
2474 4393 2589 4447 ὅσοι
2622 4394 2867 4463 χρίονται
2892 4394 3033 4448 κατά
3060 4396 3151 4447 τὸν
3175 4396 3298 4449 νοῦν
3333 4398 3428 4449 καὶ
3457 4398 3551 4449 τὸν
3581 4398 3696 4450 ἔσω
3728 4399 3814 4452 ἄν·

554 4460 933 4521 sanctiﬁcante
958 4477 1015 4521 et
1042 4469 1355 4528 laetificante
1391 4476 1598 4533 etelcsti
1634 4495 1697 4534 ac
1731 4482 2001 4551 spirituali
2038 4501 2131 4539 ex-

2245 4482 2474 4554 θρωπον,
2518 4485 2579 4539 τὸ
2623 4487 2941 4553 ἁγιαστικον
3010 4489 3105 4541 καὶ
3155 4488 3449 4558 χαροποιδν
3499 4491 3686 4543 ἔλαιον
3726 4491 3819 4558 τῆς

551 4549 866 4609 sultationis
906 4555 1027 4611 oleo
1044 4556 1090 4589 ⁸⁸
1118 4562 1369 4629 peruncti
1414 4574 1561 4631 sunt,
1596 4549 1872 4639 recipiunt
1911 4572 2128 4642 signum

552 4642 708 4712 regni
775 4644 924 4701 illius
986 4648 1463 4721 incorruptibilis,
1524 4668 1849 4731 merumque
1908 4665 2131 4721 virtutis

548 4731 921 4790 arrhabonem
952 4738 1167 4795 scilicet
1192 4740 1457 4813 Spiritus,
1485 4748 1663 4817 ipsum
1698 4752 1966 4820 Spiritum
1995 4771 2125 4811 san-

547 4832 699 4877 ctum
748 4835 804 4881 et
846 4831 1219 4897 paracletum?
1266 4835 1541 4910 (intellige
1584 4857 1716 4897 vero
1760 4845 2123 4912 Paracletum,

547 4917 641 4986 qui
688 4921 1025 4989 consoletur,
1063 4935 1119 4980 et
1157 4928 1358 4997 gaudio
1397 4932 1694 5001 perfundat
1738 4935 2129 4996 afﬂictionibus

508 5064 517 5084 α
546 5012 879 5082 oppressos).

620 5102 683 5157 ll.
723 5105 787 5161 Hi
834 5121 1118 5181 unguento
1164 5130 1229 5168 ex
1276 5116 1424 5187 ligno
1466 5119 1591 5173 vitae
1631 5120 1762 5175 Jesu
1803 5120 2038 5189 Christi,
2070 5133 2128 5181 et

543 5196 731 5267 planta
757 5203 967 5257 caelesti
999 5206 1235 5271 inuncti,
1266 5209 1447 5265 idonei
1475 5212 1775 5280 habentur,
1804 5216 1899 5287 qui
1927 5233 2123 5287 pervc-

541 5289 698 5345 niant
740 5292 808 5349 ad
854 5296 1084 5364 gradum
1131 5302 1516 5372 perfectionis,
1554 5308 1738 5378 regni,
1773 5309 2028 5380 inquam,
2065 5321 2120 5367 et

542 5382 893 5453 adoptionis;
932 5390 1136 5460 quippe
1170 5395 1261 5462 qui
1298 5407 1429 5451 sunt
1460 5402 1742 5456 secretarii
1774 5404 1919 5473 regis
1951 5405 2120 5459 cocle-

545 5474 664 5536 stis,
690 5492 753 5531 ac
779 5478 904 5532 freti
935 5480 1133 5537 fiducia
1162 5484 1588 5563 Omnipotentis,
1616 5493 2001 5565 ingrediuntur
2026 5513 2119 5566 pa-

543 5565 734 5621 latium
764 5570 957 5640 ipsius,
980 5574 1074 5629 ubi
1101 5587 1228 5632 sunt
1252 5582 1428 5651 angeli
1451 5593 1507 5639 et
1529 5585 1756 5653 Spiritus
1779 5600 2113 5655 sanctorum,

612 5738 654 5777 "
682 5740 816 5799 Gen.
845 5762 880 5809 ι,
906 5747 976 5802 26
1076 5752 1118 5780 ⁸³
1146 5753 1285 5807 l‘sal.
1312 5771 1452 5819 xmx,
1478 5758 1565 5812 2|.

2240 4576 2633 4644 ἀγαλλιάσεως,
2667 4576 2728 4628 τὸ
2753 4577 3005 4648 οὐράνιον
3029 4580 3122 4630 καὶ
3153 4578 3547 4647 πνευματικὸν,
3573 4580 3817 4649 δέχονται

2236 4667 2297 4719 τὸ
2339 4666 2520 4734 σίγνον
2554 4667 2651 4735 τῆς
2684 4666 2962 4735 βασιλείας
2994 4668 3208 4738 ἐκείνης
3256 4669 3354 4737 τῆς
3396 4669 3685 4740 ἀφθάρτου
3727 4672 3813 4722 καὶ

2238 4758 2407 4810 ἀϊδίου
2461 4758 2758 4826 δυνάμεως,
2785 4759 2877 4810 τὸν
2935 4760 3231 4831 ἀρραϐῶνα
3256 4760 3348 4813 τοῦ
3386 4762 3737 4831 Πνεῦματος,
3766 4764 3817 4813 τὸ

2235 4848 2463 4917 Πνεῦμα
2500 4849 2563 4899 τὸ
2606 4848 2761 4915 ἅγιον
2796 4850 2891 4901 καὶ
2929 4851 3319 4920 παράκλητονς
3371 4854 3573 4904 Ἀκουε
3604 4852 3662 4904 δὲ
3718 4870 3816 4903 :1—

2240 4940 2531 5010 ράκλητον.
2558 4942 2653 4993 καὶ
2679 4941 2739 4992 τὸ
2773 4943 3111 5011 παρακαλεῖν
3136 4945 3229 4996 καὶ
3262 4947 3584 5014 χαροποιεῖν
3607 4946 3742 5005 τοὺς
3764 4947 3816 4994 ἐν

2237 5032 2479 5101 θλίψεσιν
2513 5033 2694 5096 ὄντας.

2306 5123 2379 5177 B'.
2408 5118 2568 5177 Οὗτοι
2600 5127 2664 5177 ἐκ
2693 5124 2787 5176 τοῦ
2847 5123 3001 5189 ξύλου
3032 5124 3130 5194 τῆς
3162 5127 3307 5194 ζωῆς
3341 5127 3519 5193 Ἰησοῦ
3549 5126 3811 5197 Χριστοῦ.

2231 5218 2295 5270 ἐκ
2322 5217 2417 5269 τοῦ
2468 5216 2637 5283 φυτοῦ
2668 5217 2761 5271 τοῦ
2791 5219 3116 5287 ἐπουρανίου
3143 5219 3443 5288 χριόμενοι,
3479 5219 3808 5283 καταξιοῦνο

2226 5329 2315 5366 ται
2362 5311 2535 5364 ἐλθεῖν
2588 5312 2667 5373 εἰς
2695 5311 2869 5381 μέτρα
2894 5311 2992 5379 τῆς
3024 5312 3375 5379 τελειότητος,
3403 5316 3500 5381 τῆς
3536 5311 3813 5379 βασιλείας

2227 5404 2371 5473 λέγω
2395 5403 2487 5457 καὶ
2508 5403 2608 5471 τῆς
2630 5403 2923 5465 υἱοθεσίας,
2956 5402 3109 5467 ὄντες
3132 5404 3450 5472 συμμύσται
3481 5402 3809 5469 ἐπουρανίου

2227 5496 2493 5566 βασιλέως
2532 5494 2747 5565 ἔχοντες
2803 5496 3120 5566 παρρησίαν
3168 5496 3305 5564 πρὸς
3346 5498 3439 5547 τὸν
3493 5494 3807 5563 παντοκρά-

2222 5606 2379 5660 τορα,
2418 5587 2789 5658 εἰσερχόαενοι
2842 5590 2922 5651 εἰς
2960 5588 3021 5640 τὸ
3051 5586 3312 5641 παλάτιον
3366 5586 3547 5651 αὐτοῦ,
3597 5587 3735 5639 ἔνθα
3762 5594 3807 5643 οξ

1644 5761 1732 5815 ⁸³1
1763 5762 1894 5833 Reg.
1917 5780 2025 5831 xw,
2054 5764 2139 5820 15.
2217 5767 2259 5796 ⁸⁸
2283 5766 2326 5821 ll
2355 5766 2487 5837 Reg.
2515 5783 2572 5834 ιι,
2599 5768 2649 5823 4.
2727 5768 2772 5800 ³⁵
2792 5765 2936 5822 Psal.
2960 5782 3080 5832 ειν,
3107 5766 3158 5822 8.
