3966 6550
168 350 266 413 625

1332 358 1700 422 HOMILLE.
1728 388 1800 399 -
1825 363 2012 425 ΗΟΜ.
2050 364 2237 424 XVII.

3298 358 3403 424 626

167 463 378 531 ἄγγελοι
413 462 510 516 καὶ
540 461 609 516 τὰ
637 463 923 536 πνεύματα
968 468 1074 522 τῶν
1106 467 1298 538 ἁγίων,
1346 473 1439 528 καὶ
1463 474 1544 528 ἔτι
1573 474 1725 538 ὄντες

1831 486 1884 532 et
1906 478 2000 547 qui
2034 478 2215 533 adhuc
2249 475 2305 531 in
2339 475 2445 530 hoc
2476 483 2606 531 sunt
2633 474 2860 530 mundo.
2890 475 3046 531 Licet
3074 476 3222 530 enim
3257 475 3403 530 inte-

167 552 223 606 ἐν
248 553 320 625 τῷ
355 554 544 625 κόσμῳ
580 555 781 627 τούτῳ·
814 559 979 628 μήπω
1010 560 1117 631 γὰρ
1140 563 1238 633 τὴν
1263 563 1473 618 τελείαν
1533 566 1729 639 κληρο-

167 647 348 715 νομίαν
370 648 623 711 λαϐόντες
646 649 744 719 τὴν
764 651 919 721 εὐτρε
931 652 1199 723 πισμένην
1235 655 1418 719 αὐτοῖς
1449 657 1507 709 ὲν
1535 658 1729 726 ἐκείνῳ

163 738 237 810 τῷ
280 738 455 803 αἰῶνι,
487 740 751 808 ἀσφαλεῖς
804 743 941 795 εἰσιν
987 745 1096 797 ἀπὸ
1162 746 1257 799 τοῦ
1288 747 1631 818 ἁρραϐῶνος,
1666 744 1727 803 οὗ

164 830 407 895 ἐδέξαντο
445 830 561 895 νῦν,
586 833 661 895 ὡς
691 833 791 904 ἤδη
840 836 1298 907 ἐστεφανωμένοι,
1351 840 1445 891 καὶ
1480 839 1728 909 βασιλεύ-

160 940 327 987 οντες.
371 926 479 977 Kal.
512 926 573 979 ού
617 927 914 993 ξενίζονται
979 929 1265 999 μέλλοντες
1313 931 1729 1001 συμϐασιλεύειν

159 1015 397 1085 Χριστῷ,
427 1018 518 1069 ἐπὶ
568 1018 645 1088 τῷ
692 1019 1040 1092 πλεονασμῷ,
1073 1023 1166 1075 καὶ
1218 1024 1285 1093 τῇ
1331 1022 1613 1093 παρρησίᾳ
1631 1023 1725 1076 τοῦ

159 1104 492 1173 Πνεύματος.
515 1108 614 1161 Διὰ
642 1109 695 1160 τί
717 1126 730 1175 ς
762 1112 950 1182 ἐπειδὴ
978 1112 1130 1175 ὅντες
1166 1112 1248 1165 ἔτι
1267 1115 1323 1165 ἐν
1351 1115 1419 1183 τῇ
1451 1114 1616 1184 σαρκὶ
1650 1110 1728 1167 εἴ·-

156 1212 249 1264 χον
273 1196 363 1251 τὸν
381 1199 566 1252 νόστον
589 1202 792 1253 ἐκεῖνον
811 1203 910 1272 τῆς
941 1203 1301 1277 γλυκύτητος,
1331 1208 1426 1261 καὶ
1447 1206 1543 1279 τὴν
1572 1209 1727 1281 ἐνέρ-

154 1303 308 1355 γειαν
342 1291 556 1361 ἐκείνην
580 1293 678 1362 τῆς
696 1293 997 1364 δυνάμεως.
1713 1355 1719 1361 .

221 1381 297 1436 1".
339 1384 566 1456 Ὃνγὰρ
621 1386 821 1456 τρόπον
866 1385 1047 1463 ὅτανῇ
1100 1408 1185 1455 τις
1227 1391 1382 1461 φίλος
1439 1392 1723 1463 βασιλέως,

152 1475 430 1545 σχολάζων
451 1477 528 1549 τῷ
559 1479 826 1552 παλατίῳ,
856 1484 1139 1553 γνωρίζων
1182 1486 1254 1539 τὰ
1304 1489 1601 1558 μυστήρια,
1633 1489 1729 1541 καὶ

98 1620 108 1630 ,
150 1568 480 1640 ὁρῶ-θαύτοῦ
532 1571 628 1643 τὴν
674 1574 995 1646 πορφύραν
1027 1577 1209 1649 συμϐῇ
1248 1579 1305 1632 δὲ
1350 1579 1540 1633 τοῦτον
1570 1581 1723 1648 γενέ·

151 1661 275 1713 σθαι
307 1661 555 1731 βασιλέα,
589 1664 683 1717 καὶ
717 1667 1148 1736 στεφανωθῆναι,
1188 1671 1250 1722 ού
1295 1671 1580 1736 ξενίζεται,
1603 1671 1726 1724 οὔτε

150 1757 419 1815 πτοεῖται,
450 1756 635 1826 ἐπειδὴ
665 1758 722 1809 ὲν
752 1758 931 1829 πολλῷ
987 1761 1164 1830 χρόνῳ
1206 1762 1583 1833 ὲνεγυμνάσθη
1642 1765 1722 1827 είς

146 1844 218 1897 τὰ
241 1848 514 1917 μυστήρια
564 1848 660 1901 τοῦ
692 1850 979 1905 παλατίου.
1030 1852 1104 1905 Οὐ
1137 1852 1247 1923 γὰρ
1300 1854 1574 1924 ἐνδέχεταί
1601 1872 1723 1908 τινα

146 1938 261 1991 τῶν
295 1939 648 2010 ἀγελημαίων
669 1942 764 1995 καὶ
796 1942 1021 1995 ἰδιωτῶν
1057 1945 1153 1997 καὶ
1184 1943 1349 2008 ξένων
1371 1946 1479 1999 τῶν
1513 1964 1722 2018 μυστη-

151 2030 285 2101 ρίων
319 2032 596 2097 εἰσελθεῖν,
622 2034 714 2087 καὶ
739 2034 1075 2104 βασιλεῦσαι,
1109 2038 1157 2088 εί
1181 2037 1255 2107 μὴ
1281 2037 1405 2101 τοὺς
1426 2038 1724 2108 ἐμπείρους

147 2122 250 2175 καὶ
303 2125 794 2195 πεπαιδευμένουςο
855 2127 1030 2191 οὓτως
1097 2130 1193 2182 καὶ
1221 2132 1267 2183 οἱ
1318 2132 1636 2200 Χριστιανοὶ
1667 2134 1725 2185 ἐν

150 2216 345 2287 ἐκείνῳ
364 2217 435 2287 τῷ
455 2219 610 2271 αἰῶνι
642 2220 927 2290 μέλλοντες
962 2221 1289 2291 βασιλεύειν,
1318 2225 1378 2276 ού
1404 2223 1722 2290 ξενίζονται.

145 2307 250 2378 ἤδη
283 2310 685 2378 προεγνωκότες
704 2312 771 2366 τὰ
804 2314 1079 2384 μυστήρια
1102 2316 1198 2386 τῆς
1225 2316 1466 2385 χάριτος.
1506 2317 1725 2389 Ἐπειδὴ

138 2400 255 2470 γὰρ
286 2404 313 2454 ό
348 2401 630 2473 ἄνθρωπος
685 2407 899 2475 παρέϐη
944 2407 1039 2477 τὴν
1097 2408 1340 2479 ἐντολὴν,
1402 2412 1430 2463 ὁ
1482 2409 1726 2474 διάϐολος

134 2491 271 2562 ὃλην
302 2496 402 2563 τὴν
422 2494 602 2565 ψυχὴν
634 2497 871 2567 ἐκάλυψε
898 2498 1220 2570 καλύμματι
1253 2500 1531 2572 σκοτεινῷ.
1590 2504 1720 2556 Λοι-

136 2584 243 2636 πὸν
270 2583 365 2638 οὖν
383 2585 654 2659 ἐρχεταιή
685 2590 866 2660 χάρις,
894 2592 987 2644 καὶ
1017 2592 1349 2648 ἀπεκδύεται
1368 2594 1490 2648 ὅλον
1516 2596 1576 2649 τὸ
1598 2596 1722 2648 σκέ-

136 2695 362 2748 πασμα,
396 2679 537 2732 ὥστε
566 2682 749 2735 λοιπὸν
788 2683 886 2753 τὴν
926 2683 1105 2756 ψυχὴν
1140 2687 1388 2757 καθαρὰν
1417 2689 1717 2757 γενομένην

133 2771 237 2823 καὶ
270 2771 647 2827 ἀπολαϐοῦσαν
672 2775 770 2842 τὴν
796 2776 932 2830 ἰδίαν
962 2776 1126 2846 φύσιν
1157 2780 1215 2831 τὸ
1239 2779 1445 2850 κτίσμα
1473 2781 1533 2833 τὸ
1561 2780 1722 2851 ἄμω-

132 2882 243 2934 μον
273 2865 370 2917 καὶ
402 2866 669 2937 καθαρὸν,
701 2871 933 2923 πάντοτε
982 2870 1167 2926 λοιπὸν
1212 2872 1467 2944 καθαρῶς
1510 2876 1568 2927 ὲν
1618 2879 1732 2939 τοῖς

129 2956 405 3026 καθαροῖς
452 2958 750 3030 ὀφθαλμοῖς
779 2963 881 3031 τὴν
924 2962 1082 3028 δόξαν
1128 2966 1223 3018 τοῦ
1255 2968 1431 3035 φωτὸς
1470 2968 1563 3021 τοῦ
1599 2967 1731 3036 ἀλη-

131 3046 291 3101 θινοῦ
317 3050 581 3122 καθορᾷν,
603 3055 804 3107 καὶτὸν
836 3056 1085 3126 ἀληθινὸν
1108 3058 1295 3112 Ἥλιον
1326 3061 1425 3124 τῆς
1460 3060 1733 3115 δικαιοσύ-

132 3160 239 3211 νης
295 3145 737 3217 ὲξαστράπτοντα
766 3149 903 3221 αὐτῇ
934 3153 998 3221 τῇ
1018 3153 1234 3222 καρδία.

220 3421 295 3473 Δ’.
330 3421 542 3494 Ὥσπερ
589 3424 697 3496 γὰρ
726 3428 785 3479 ὲν
818 3430 884 3499 τῇ
940 3430 1222 3503 συντελείᾳ
1270 3438 1725 3507 περιαιρουμένου

146 3511 249 3563 τοῦ
282 3513 668 3582 στερεὼματος,
687 3516 869 3570 λοιπὸν
891 3521 937 3572 oi
959 3520 1154 3575 δίκαιοι
1186 3524 1242 3575 ἐν
1262 3527 1327 3593 τῇ
1354 3524 1599 3596 βασιλεία
1631 3532 1725 3583 καὶ

146 3601 233 3671 τῷ
252 3604 385 3670 φωτὶ
416 3605 512 3657 καὶ
535 3610 599 3676 τῇ
621 3607 742 3679 δόξῃ
782 3610 1045 3677 διάγουσι,
1074 3613 1240 3684 μηδὲν
1267 3616 1451 3687 ἕτερον
1472 3620 1725 3686 ὁρῶντες.

140 3693 175 3763 ἤ
217 3694 400 3758 καθὼς
430 3700 458 3750 ὁ
487 3698 721 3767 Χριστὸς
747 3703 803 3753 ὲν
826 3702 951 3774 δόξῃ
979 3705 1098 3757 ἐστὶ
1127 3706 1355 3760 πάντοτε
1380 3710 1436 3761 ἐν
1466 3711 1615 3781 δεξιᾷ
1632 3712 1725 3765 τοῦ

133 3787 363 3857 Πατρός
385 3805 398 3818 ·
432 3788 605 3853 οὕτως
635 3793 729 3846 καὶ
758 3788 904 3847 οὗτοι
937 3796 1045 3848 ἀπὸ
1062 3798 1155 3850 τοῦ
1178 3797 1272 3852 νῦν
1305 3801 1385 3864 εἰς
1405 3801 1611 3856 ἐκεῖνον
1636 3804 1727 3858 τὸν

128 3880 323 3932 αἰῶνα
350 3881 706 3951 ἀπαχθέντες,
736 3886 831 3937 καὶ
862 3887 1412 3957 αἰχμαλωτισθέντες,
1458 3894 1634 3946 πάντα
1661 3898 1727 3949 τὰ

120 3972 265 4024 ἐκεῖ
291 3972 489 4041 κάλλη,
530 3975 620 4026 καὶ
652 3974 751 4033 τὰς
782 3977 1229 4049 θαυματουργίας
1272 3982 1493 4052 ὁρῶσιν.
1536 3986 1727 4054 Ἡμεῖς

115 4064 250 4134 γὰρ
281 4066 377 4118 ἐπὶ
404 4066 509 4134 γῆς
528 4066 702 4132 ὄντες,
737 4070 794 4120 ἐν
813 4071 1057 4140 οὐρανοῖς
1089 4072 1284 4142 ἔχομεν
1311 4075 1373 4127 τὸ
1404 4076 1723 4147 πολίτευμα,

110 4158 216 4218 εἰς
240 4159 455 4209 ἐκεῖνον
483 4157 575 4210 τὸν
603 4159 806 4228 κόσμον
827 4161 1044 4230 ἔχοντες
1074 4164 1172 4233 τὴν
1206 4166 1483 4235 διαγωγὴν
1505 4174 1597 4221 καὶ
1628 4172 1727 4241 τὴν

102 4249 441 4315 πολιτείαν,
481 4252 620 4303 κατὰ
670 4253 759 4305 τὸν
785 4253 909 4307 νοῦν
960 4255 1053 4307 καὶ
1108 4258 1199 4309 τὸν
1253 4258 1361 4311 ἔσω
1416 4262 1724 4331 ἄνθρωπον.

101 4340 359 4407 Ὠσπερ
394 4341 501 4409 γὰρ
524 4343 551 4393 ό
582 4343 904 4411 φαινόμενος
926 4344 1206 4414 ὀφθαλμὸς
1234 4347 1474 4419 καθαρὸς
1497 4350 1589 4412 ὢν,
1625 4369 1726 4405 κα-

94 4431 328 4501 θαρῶς
358 4434 459 4502 ὁρᾷ
489 4436 718 4487 πάντοτε
746 4435 835 4488 τὸν
868 4436 1018 4507 ἥλιον
1045 4454 1056 4467 ·
1093 4437 1267 4502 οὕτως
1315 4442 1411 4494 καὶ
1432 4444 1460 4495 ό
1494 4443 1618 4505 νοῦς
1641 4462 1723 4497 τε-

1827 584 1979 639 gram
2011 569 2404 633 hzereditatem,
2432 566 2538 622 sibi
2569 568 2622 621 in
2653 567 2747 622 illo
2779 568 2983 623 szeculo
3018 574 3400 636 praeparatam,

1828 661 2072 716 nondum
2103 662 2371 725 adierint,
2402 659 2693 715 certissimi
2733 667 2915 713 tamen
2948 668 3078 712 sunt
3108 673 3175 711 ex
3209 657 3403 711 arrha-

1827 754 1972 809 bone
2014 770 2177 824 quem
2218 755 2383 809 modo
2423 762 2779 823 receperunt,
2817 767 2881 806 ac
2924 751 2969 806 si
3003 752 3116 822 jam
3158 747 3404 804 coronati

1826 855 2047 911 essent,
2071 854 2127 901 et
2158 848 2313 918 regni
2349 848 2564 902 clavum
2598 854 2886 911 tenerent;
2923 859 3102 913 neque
3136 842 3403 909 obstupe-

1827 947 2009 1003 scunt,
2037 946 2098 991 ut
2129 938 2182 991 in
2214 953 2273 993 re
2302 939 2521 992 insolita
2556 953 2621 991 ac
2650 953 2813 996 nova,
2844 936 2989 1005 quod
3025 951 3148 989 cum
3182 933 3403 989 Christo

1828 1031 2111 1102 regnaturi
2154 1031 2293 1096 sint,
2340 1039 2565 1100 propter
2610 1029 3001 1084 abundantiam
3047 1038 3103 1083 et
3142 1026 3399 1081 fiduciam

1828 1123 2087 1193 Spiritus.
2133 1120 2538 1188 Quamobrem?
2580 1135 2647 1175 eo
2694 1120 2878 1189 quod,
2932 1134 3057 1174 cum
3110 1118 3293 1173 adhuc
3342 1116 3400 1170 in

1827 1231 1994 1272 carne
2041 1222 2258 1276 essent,
2302 1213 2573 1268 suavitate
2614 1213 2713 1266 illa
2761 1227 2826 1266 ac
2870 1211 3196 1277 dulcedine,
3237 1219 3403 1280 atque

1827 1306 2067 1363 efficacia
2093 1304 2371 1360 facultatis
2398 1304 2547 1358 illius
2576 1302 2932 1357 tenebantur.

1898 1399 1987 1454 Ill.
2017 1395 2491 1465 Quemadmodum
2524 1394 2695 1457 enim,
2730 1394 2777 1449 si
2810 1393 3013 1462 aliquis
3042 1400 3127 1447 est
3160 1391 3254 1461 qui
3289 1397 3408 1445 erat

1827 1490 2038 1545 amicus
2085 1489 2262 1560 regis,
2305 1496 2361 1542 et
2407 1487 2609 1557 palatio
2650 1484 2745 1539 dat
2791 1499 3048 1553 operam,
3087 1497 3149 1539 ac
3196 1491 3407 1535 secreta

1829 1581 1972 1651 regis
2005 1580 2318 1651 cognoscit,
2345 1588 2508 1648 atque
2535 1577 2739 1647 regiam
2774 1572 3046 1643 conspicit
3072 1584 3404 1641 purpuram;

1826 1689 2065 1742 eumque
2094 1672 2374 1743 contingat
2400 1670 2516 1726 fieri
2547 1684 2753 1740 regem,
2777 1676 2833 1723 et
2860 1665 3133 1727 coronari,
3158 1663 3400 1716 novitate

1828 1780 2014 1819 rerum
2056 1779 2169 1818 non
2213 1761 2586 1831 obstupescit,
2623 1773 2727 1812 nec
2773 1764 2920 1810 metu
2966 1752 3303 1824 percellitur,
3339 1764 3408 1803 eo

1830 1857 1979 1927 quod
2026 1856 2192 1925 longo
2240 1863 2485 1924 tempore
2530 1853 2588 1906 in
2627 1849 2843 1905 arcanis
2892 1845 3079 1916 palatii
3130 1842 3407 1898 exercitus

1824 1949 1992 2004 fuerit
2045 1965 2058 2002 :
2108 1961 2455 2016 nequaquam
2508 1944 2659 1999 enim
2710 1940 2829 1995 fieri
2878 1940 3055 2001 solet,
3100 1944 3162 1989 ut
3208 1934 3331 2004 quis
3376 1947 3407 1985 e

1824 2038 2118 2111 gregariis,
2156 2037 2502 2107 simplicibus
2547 2045 2714 2105 atque
2766 2030 3151 2103 mysteriorum
3202 2024 3405 2095 ignaris

1826 2130 2170 2194 hominibus,
2195 2132 2420 2184 accedat
2445 2128 2513 2182 ad
2545 2127 2696 2197 regni
2724 2123 3285 2185 administrationem,
3310 2118 3406 2173 sed

1825 2225 2002 2280 solum
2031 2225 2069 2278 ii
2109 2224 2205 2293 qui
2230 2222 2477 2277 doctrina
2504 2229 2560 2274 et
2602 2217 2940 2288 experientia
2973 2213 3228 2269 instructi
3254 2218 3401 2265 sunt.

1827 2319 1920 2374 Sic
1957 2331 2178 2387 quoque
2218 2312 2580 2377 Christianis,
2613 2311 2706 2380 qui
2743 2307 3027 2379 regnaturi
3062 2313 3189 2361 sunt
3225 2304 3276 2357 in
3315 2304 3409 2357 illo

1827 2409 2061 2473 saeculo,
2092 2406 2231 2460 nihil
2273 2404 2401 2459 novi
2449 2411 2504 2458 et
2548 2400 2906 2470 ineXSpectati
2950 2397 3176 2460 accidit,
3206 2396 3409 2465 quippe

1832 2502 1925 2573 qui
1957 2510 2116 2555 antea
2141 2500 2250 2569 jam
2280 2504 2552 2551 noverunt
2576 2493 2833 2565 mysteria
2861 2491 3049 2561 gratia:
3074 2506 3089 2543 :
3119 2498 3409 2559 prepterea

1832 2593 2010 2657 enim,
2045 2589 2191 2661 quod
2238 2590 2406 2642 homo
2450 2596 2795 2656 trangressus
2840 2582 2911 2638 sit
2954 2582 3090 2636 fines
3135 2580 3406 2642 mandati,

1828 2686 2083 2741 diabolus
2128 2683 2442 2737 universam
2494 2680 2737 2733 animam
2786 2675 3091 2745 caliginoso
3137 2672 3409 2727 velamine

1831 2778 2055 2849 operuit
2110 2793 2124 2829 :
2172 2789 2365 2829 verum
2421 2770 2772 2841 postmodum
2830 2767 3043 2822 accedit
3091 2766 3302 2834 gratia,
3354 2772 3410 2818 et

1830 2870 2054 2926 exuitur
2078 2882 2308 2937 prorsus
2335 2864 2584 2919 velamen
2620 2862 2780 2925 illud,
2800 2861 2875 2915 ita
2906 2867 2965 2913 ut
2990 2867 3178 2929 postea
3204 2857 3406 2918 anima,

1831 2961 2079 3033 pristina:
2108 2957 2335 3029 puritati
2358 2964 2521 3025 atque
2544 2954 2783 3023 propriae
2808 2951 2972 3006 statui
3003 2958 3233 3013 naturze,
3259 2963 3410 3003 crea-

1833 3064 1973 3109 tura:
2001 3052 2213 3107 scilicet
2232 3065 2383 3120 purae
2405 3057 2566 3117 atque
2599 3042 3101 3114 irreprehensibili,
3131 3040 3406 3101 restituta,

1754 3160 1796 3215 ο
1830 3154 2097 3216 perpetuo
2153 3158 2214 3197 ac
2264 3156 2402 3212 pure
2455 3139 2722 3209 purisque
2781 3135 2956 3190 oculis
3011 3133 3236 3205 gloriam
3285 3131 3407 3185 veri

1826 3237 2054 3293 luminis
2108 3234 2444 3303 conspiciat,
2488 3244 2793 3298 verumque
2846 3228 3029 3283 Solem
3076 3225 3303 3296 iustitiae
3350 3224 3407 3277 in

1828 3328 2141 3385 visceribus
2173 3325 2381 3386 cordis,
2408 3322 2640 3393 fulgoris
2673 3321 2728 3375 in
2755 3320 2980 3375 modum
3006 3317 3404 3387 splendentem.

1895 3422 1985 3477 IV.
2017 3419 2175 3475 Sicut
2201 3419 2350 3473 enim
2378 3418 2434 3470 in
2462 3413 2941 3469 consummatione
2966 3409 3199 3480 perituri
3228 3408 3411 3462 firma-

1826 3512 2021 3576 menti,
2050 3510 2186 3581 justi
2239 3509 2293 3563 in
2338 3516 2621 3577 posterum
2672 3506 2727 3559 in
2774 3519 2963 3573 regno,
2993 3502 3201 3556 lumine
3247 3508 3410 3569 atque

1826 3605 1995 3676 gloria
2018 3602 2215 3657 victuri
2244 3610 2391 3664 sunt,
2416 3598 2553 3653 nihil
2585 3597 2731 3651 aliud
2764 3596 3060 3660 intuentes,
3087 3609 3249 3663 quam
3301 3607 3411 3661 quo

1826 3703 1987 3765 pacto
2025 3693 2279 3749 Christus
2320 3692 2377 3745 in
2419 3690 2590 3760 gloria
2630 3697 2897 3758 perpetuo
2938 3686 3009 3740 sit
3048 3685 3116 3739 ad
3160 3685 3408 3739 dextram

1830 3786 2008 3839 Patris
2038 3800 2056 3837 :
2087 3784 2165 3838 sic
2191 3797 2412 3853 quoque
2442 3782 2497 3834 hi
2529 3780 2621 3849 qui
2647 3795 2712 3833 ex
2754 3778 2859 3831 hoc
2887 3778 2942 3830 in
2974 3776 3120 3831 aliud
3148 3775 3407 3829 sweulum

1827 3875 2040 3944 abrepti
2067 3883 2233 3943 atque
2256 3872 2457 3941 captivi
2484 3870 2705 3925 abducti
2734 3877 2883 3932 sunt,
2911 3881 3252 3937 quaecunque
3282 3872 3411 3917 sunt

1833 3967 1907 4021 ibi
1934 3967 2165 4037 pulchra
2189 3974 2355 4034 atque
2374 3964 2737 4017 admiratione
2761 3962 2920 4031 digna
2943 3961 3407 4029 contemplantur.

1826 4057 1938 4113 Nos
1984 4058 2164 4121 cnim,
2210 4057 2303 4125 qui
2357 4055 2541 4109 adhuc
2586 4055 2643 4107 in
2698 4062 2843 4106 terra
2889 4067 3109 4114 sumus,
3151 4052 3203 4104 in
3256 4050 3410 4103 caelis

1827 4152 2100 4205 habemus
2159 4150 2671 4211 conversationem,
2725 4146 2779 4200 in
2842 4146 2935 4201 illo
2989 4145 3188 4200 saeculo
3240 4143 3409 4197 vitam

1828 4252 2083 4313 agentes,
2118 4252 2282 4312 atque
2317 4250 2711 4297 conservantes
2743 4239 3046 4295 secundum
3084 4246 3317 4291 mentem
3352 4246 3409 4291 et

1828 4335 2148 4389 interiorem
2192 4334 2494 4388 hominem.
2522 4332 2996 4398 Quemadmodum
3030 4330 3177 4384 enim
3214 4329 3406 4384 oculus

1829 4428 2093 4490 exterior,
2125 4426 2171 4480 si
2206 4441 2381 4496 purus
2414 4427 2510 4485 sit,
2537 4426 2708 4479 solem
2747 4439 2884 4494 pure
2920 4439 3137 4492 semper
3163 4423 3355 4492 aspicit
3386 4438 3401 4475 :

82 4525 299 4585 λείως
333 4526 703 4596 καθαρισθεὶς,
736 4529 963 4582 πάντοτε
984 4532 1085 4601 ὁρᾷ
1115 4531 1213 4601 τὴν
1241 4533 1398 4599 δόξαν
1421 4535 1511 4587 τοῦ
1547 4538 1723 4604 φωτὸς

1831 4518 1912 4573 sic
1943 4533 2163 4588 quoque
2199 4533 2354 4572 mens
2385 4525 2575 4571 exacte
2607 4516 2836 4586 puritati
2874 4515 3126 4569 restituta
3146 4554 3160 4575 ,
3192 4530 3410 4583 semper

78 4616 219 4669 τοῦ
260 4616 527 4684 Χριστοῦ,
565 4618 659 4669 καὶ
693 4618 907 4671 σύνεστι
930 4616 1007 4689 τῷ
1038 4621 1229 4691 Κυρίῳ
1262 4625 1455 4688 νυκτὸς
1479 4627 1572 4678 καὶ
1596 4628 1728 4696 ἠμέ-

76 4727 256 4781 ρας,
299 4708 359 4760 ὃν
392 4709 594 4778 τρόπον
642 4710 703 4762 τὸ
730 4710 890 4780 σῶμα
937 4712 1031 4765 τοῦ
1078 4714 1283 4785 Κυρίου
1330 4718 1604 4786 συναφθὲν
1659 4722 1724 4790 τῇ

72 4804 380 4864 Θεότητι,
412 4803 641 4858 πάντοτε
676 4802 890 4856 σύνεστι
920 4803 996 4873 τῷ
1029 4802 1167 4875 ἁγίῳ
1211 4808 1509 4875 Πνεύματι.
1566 4809 1725 4862 Ἀλλὰ

64 4893 311 4947 ταῦτα
338 4893 407 4944 τὰ
441 4894 618 4964 μέτρα
642 4893 741 4946 οὐκ
790 4894 990 4955 εύοέως
1017 4897 1534 4966 καταλαμϐάνουσιν
1556 4903 1604 4953 οἱ
1634 4902 1726 4954 ἄν-

62 4988 377 5055 Ορωποι,
413 4985 460 5035 εὶ
486 4984 560 5053 μὴ
595 4985 681 5038 διὰ
709 4986 977 5053 καμάτου,
1003 4987 1096 5038 καὶ
1152 4986 1410 5057 θλίψεως,
1449 4990 1545 5043 καὶ
1572 4991 1723 5060 ἀγῶ-

60 5094 213 5138 νος
245 5073 478 5129 πολλοῦ.
513 5077 634 5127 Εἰσὶ
690 5076 795 5145 γάρ
829 5094 994 5141 τινες,
1050 5079 1131 5131 δτι
1167 5078 1413 5133 σύνεστιν
1445 5083 1628 5145 αὐτοῖς
1689 5086 1722 5151 ἡ

50 5169 297 5241 χάρις
326 5165 629 5234 ἐνεργοῦσα
660 5168 1150 5234 καὶάναπαύουσα,
1184 5170 1398 5224 σύνεστι
1453 5172 1508 5225 δὲ
1542 5174 1636 5226 καὶ
1690 5180 1721 5242 ἡ

51 5259 306 5315 κακία
328 5257 499 5321 ἔνδον,
545 5259 642 5311 καὶ
667 5258 738 5311 τὰ
771 5259 866 5312 δύο
891 5260 1263 5329 πολιτεύματα
1291 5265 1371 5325 εἰς
1419 5264 1546 5334 μίαν
1572 5267 1723 5335 ὲνερο

44 5353 212 5421 γεῖ
248 5348 486 5419 καρδίαν
516 5348 610 5401 τοῦ
644 5351 840 5418 φωτὸς,
870 5352 965 5403 καὶ
992 5351 1084 5404 τοῦ
1117 5353 1363 5416 σκότους.

170 5525 286 5581 Ε’.
323 5523 488 5578 Ἀλλᾶ
538 5525 753 5589 πάντως
786 5526 934 5594 ἐρεῖς
993 5543 1105 5596 μοι,
1140 5526 1223 5589 τίς
1278 5526 1530 5580 κοινωνία
1579 5529 1717 5597 φωτὶ

31 5619 275 5692 πρὸς
305 5614 536 5679 σκότος;
569 5615 679 5667 Ποῦ
714 5614 823 5685 γὰρ
871 5615 931 5667 τὸ
966 5613 1106 5667 θεῖον
1146 5615 1261 5683 φῶς
1320 5616 1718 5679 ἐπισκοτίζεται

30 5714 227 5773 καὶ
267 5707 542 5768 θολοῦται.
598 5707 695 5760 καὶ
745 5708 806 5761 τό
862 5707 1124 5777 ἀμίαντον
1184 5707 1279 5759 καὶ
1336 5708 1573 5778 καθαρὸν
1617 5707 1717 5761 πού

36 5822 231 5879 μισ.
244 5799 459 5866 Eva-rat;
488 5798 802 5868 Γέγραπται
840 5799 970 5867 γὰρ,
990 5799 1100 5854 Καὶ
1124 5798 1189 5852 τὸ
1218 5797 1344 5868 φῶς
1373 5799 1441 5853 ἐν
1467 5797 1543 5867 τῇ
1571 5814 1717 5853 σκο-

1832 4609 2080 4663 intuetur
2111 4608 2342 4678 gloriam
2386 4607 2611 4661 luminis
2652 4604 2887 4668 Christi,
2921 4604 3029 4675 74.
3060 4614 3251 4672 estque
3283 4619 3408 4658 cum

1828 4700 2066 4754 Domino
2114 4707 2281 4753 noctu
2325 4698 2565 4767 diuque,
2598 4696 2827 4766 perinde
2862 4712 2926 4750 ac
2961 4710 3163 4764 corpus
3191 4694 3408 4748 Domini

1827 4790 2100 4845 divinitati
2153 4791 2507 4860 conjunctum
2561 4796 2827 4858 perpetuo
2879 4796 2964 4841 est
3010 4802 3135 4840 cum
3194 4786 3404 4855 Spiritu

1828 4889 2037 4936 sancto.
2063 4882 2265 4936 Verum
2304 4881 2470 4935 hosce
2506 4880 2706 4951 gradus
2742 4894 2851 4932 non
2887 4879 3069 4931 statim
3099 4891 3406 4946 assequun—

1826 4984 1916 5029 tur
1959 4975 2243 5039 homines,
2291 4974 2398 5028 nisi
2443 4988 2566 5027 eum
2621 4972 2845 5037 labore,
2895 4969 3189 5024 afllictione
3243 4980 3407 5037 atque

1825 5083 2004 5138 pugna
2052 5068 2242 5120 multa.
2289 5066 2409 5119 Non
2458 5065 2659 5117 desunt
2704 5062 2890 5125 enim,
2930 5064 2984 5115 in
3033 5060 3233 5129 quibus
3281 5061 3409 5114 licet

1826 5159 1997 5230 gratia
2029 5160 2137 5213 vim
2172 5175 2327 5213 suam
2365 5159 2419 5211 in
2456 5157 2591 5226 ipsis
2626 5163 2843 5209 exserat
2876 5164 3041 5222 atque
3075 5152 3403 5220 requiescat.

1826 5252 1977 5306 intus
2007 5261 2187 5306 tamen
2218 5251 2402 5319 aliqua
2433 5251 2566 5303 latet
2596 5247 2821 5309 malitia,
2853 5258 3018 5314 atque
3052 5244 3174 5298 dua:
3205 5243 3407 5297 adsunt

1827 5343 2193 5398 conversandi
2231 5343 2495 5402 rationes,
2520 5339 2661 5394 lueis
2694 5339 2906 5393 scilicet
2937 5345 2995 5391 et
3028 5335 3403 5400 tenebrarum,

1827 5434 1883 5488 in
1914 5450 2025 5489 uno
2053 5434 2220 5490 corde
2250 5435 2361 5488 vim
2390 5449 2546 5488 suam
2578 5438 2920 5486 exercentes.

1897 5527 1958 5580 V.
1987 5526 2153 5597 Atqui
2197 5524 2443 5591 omnino,
2473 5525 2624 5578 dices
2662 5521 2819 5585 mihi,
2848 5536 2970 5591 quae
3011 5518 3246 5575 societas
3290 5517 3402 5571 luci

1827 5634 1951 5673 cum
1986 5618 2264 5672 tenebris?
2298 5618 2519 5671 ubinam
2550 5617 2646 5670 lux
2674 5615 2858 5670 divina
2886 5611 3132 5668 tenebris
3156 5609 3401 5665 offundi-

1830 5719 1919 5763 tur
1951 5719 2116 5780 atque
2153 5710 2491 5781 inquinatur,
2527 5715 2583 5764 et
2616 5708 2709 5762 ubi
2756 5706 2901 5778 quod
2946 5705 3293 5775 impollutum
3336 5718 3402 5757 ac

1824 5816 2026 5872 purum
2073 5810 2194 5872 est,
2235 5802 2501 5873 polluitur
2552 5810 2719 5872 atque
2774 5798 3067 5857 turbatur?
3120 5796 3400 5869 Scriptum
