3966 6512
618 350 722 414 627

1869 353 1927 412 S.
1968 352 2289 412 MACARII
2330 353 2653 415 IEGYPTII
3756 374 3837 439 ωδ

618 460 765 515 enim
804 466 890 514 est
925 476 940 514 :
979 458 1047 513 Et
1082 458 1178 513 tua:
1209 461 1267 513 in
1301 460 1523 513 tenebris
1560 459 1716 524 lucet,
1748 470 1796 516 et
1829 462 2054 515 tenebrae
2087 478 2179 515 ean

2306 462 2402 529 τίς]
2434 465 2653 532 φαίνει,
2683 465 2782 517 καὶ
2811 467 2847 534 ἡ
2878 469 3096 523 σκοτία
3126 471 3274 527 αὐτὸ
3315 475 3388 529 οὐ
3429 476 3725 532 κατέλαϐε.
3749 485 3835 536 Μο-

620 565 726 602 non
770 550 1356 620 comprehenderunt“.
1400 550 1518 604 Non
1563 566 1695 621 ergo
1735 551 2062 621 simpliciter
2100 568 2203 607 nec

620 658 733 695 uno
767 641 931 695 modo
964 642 1081 697 haec
1116 651 1243 696 sunt
1275 643 1650 712 intelligenda.
1682 642 1916 708 Quidam
1957 644 2103 699 cnim
2145 646 2201 700 in

621 741 835 787 tantum
870 733 1269 802 conquiescunt
1304 732 1359 785 in
1394 732 1566 801 gratia
1602 733 1733 796 Dei,
1761 734 1907 803 quod
1942 735 2201 791 fortiores

618 823 887 885 evadant,
923 840 1086 892 quam
1136 833 1221 877 est
1258 825 1550 894 conjuncta
1599 824 1707 879 illis
1753 826 1991 894 malitia;
2036 838 2200 899 atque

615 930 831 969 suunna
901 930 1030 984 erga
1099 915 1272 968 Deum
1342 915 1635 971 devotione
1712 925 1768 972 et
1831 918 2199 976 oblectatione

616 1013 911 1061 teneantur
959 1023 972 1058 :
1017 1006 1125 1060 alia
1169 1016 1348 1061 tamen
1387 1009 1523 1063 hora
1557 1009 1740 1078 pravis
1773 1012 2199 1082 cogitationibus

612 1097 910 1167 agitantur,
936 1112 1002 1152 ac
1032 1098 1418 1169 subripiuntur
1448 1118 1476 1155 a
1514 1111 1770 1171 peccato,
1800 1105 1981 1161 adhuc
2016 1115 2197 1162 tamen

612 1192 946 1246 exsistcntcs
987 1192 1043 1246 in
1084 1195 1255 1264 gratia
1299 1195 1417 1250 Dei.
1455 1196 1835 1269 Simpliciores
1870 1219 2000 1257 vero
2032 1213 2197 1274 atque

611 1280 821 1346 idiotze,
855 1282 949 1336 ubi
977 1283 1126 1339 vires
1160 1301 1286 1340 suas
1320 1287 1502 1357 aliqua
1530 1306 1599 1345 ex
1628 1303 1783 1362 parte
1816 1295 1870 1349 in
1902 1296 2010 1351 illis
2035 1312 2195 1353 exse-

610 1372 788 1426 ruerit
826 1374 1022 1443 gratia,
1050 1390 1109 1431 se
1150 1392 1379 1447 prorsus
1417 1395 1446 1433 a
1487 1393 1713 1450 peccato
1751 1385 1960 1442 liberos
2003 1390 2195 1444 existi-

608 1475 783 1519 mant.
820 1468 891 1520 At
923 1467 1016 1537 qui
1048 1470 1301 1524 acumine
1326 1471 1521 1541 judicii
1548 1490 1612 1528 ac
1637 1477 1929 1544 prudentia
1960 1481 2190 1549 pollent,

608 1566 875 1609 verentur
912 1573 1139 1627 negare,
1174 1559 1342 1626 quod,
1382 1560 1511 1615 licet
1547 1566 1722 1632 gratia
1758 1566 1945 1622 divina
1998 1570 2191 1626 donati

606 1648 801 1713 simus,
830 1650 1084 1720 turpibus
1114 1661 1277 1721 atque
1325 1653 1579 1711 obscenis
1622 1660 2051 1730 cogitationibus
2080 1681 2191 1721 non

605 1756 929 1798 exerceamu
939 1762 984 1802 ι’.

677 1881 765 1937 VI.
819 1882 1209 1955 Saapenumero
1269 1892 1417 1945 enim
1477 1891 1746 1962 quosdam
1806 1894 1863 1947 in
1920 1894 2188 1953 fratribus

605 1974 935 2043 reperimus,
969 1988 1181 2035 tantum
1225 1983 1374 2053 ipsos
1416 1986 1678 2055 gaudium
1718 1997 1774 2041 et
1802 1988 2034 2058 gratiam
2064 2004 2186 2045 esse

602 2076 949 2134 consecutos,
982 2080 1044 2124 ut
1080 2072 1147 2127 ad
1188 2075 1435 2146 quinque
1478 2088 1574 2133 aut
1604 2094 1701 2133 sex
1743 2096 2014 2135 annorum
2059 2098 2186 2152 spa-

603 2159 741 2216 tium
785 2166 1292 2236 concupiscentiam
1332 2175 1614 2232 exaruisse
1656 2187 1989 2244 assererent,
2020 2189 2184 2250 atque

601 2251 657 2307 in
703 2266 984 2323 posterum
1037 2261 1105 2315 ab
1153 2278 1217 2317 ca
1264 2279 1323 2318 se
1365 2264 1628 2323 liberatos
1669 2277 1947 2338 putarent.
1982 2270 2183 2327 Verum

598 2343 796 2399 vitium
824 2347 1000 2405 latens
1028 2351 1325 2410 insurrcxit
1350 2356 1403 2410 in
1432 2357 1574 2423 illos,
1595 2369 1761 2430 atque
1788 2364 2183 2433 concupiscen-

600 2434 690 2490 tia:
718 2437 830 2508 igni
859 2441 998 2497 adeo
1030 2445 1304 2502 combusti
1331 2456 1480 2513 sunt,
1510 2458 1570 2504 ut
1598 2454 1819 2508 attoniti
1845 2470 1909 2511 ac
1940 2457 2179 2525 perculsi

598 2526 866 2597 dicerent,
897 2534 1181 2590 Undenam
1214 2546 1365 2594 tanto
1399 2551 1523 2611 post
1564 2550 1812 2616 tempore
1853 2549 2014 2604 nobis
2050 2566 2179 2619 pro-

598 2620 703 2674 diit
734 2631 943 2678 tantum
976 2628 1404 2687 vitium?Nemo
1434 2650 1565 2705 ergo
1594 2652 1739 2693 same
1768 2639 1969 2694 mentis
1994 2640 2179 2697 dicere

596 2714 816 2781 audeat,
848 2716 987 2783 Quia
1026 2735 1245 2777 mecura
1278 2735 1360 2779 est
1394 2729 1586 2795 gratia,
1617 2746 1647 2784 a
1679 2732 1920 2800 peccatis
1953 2748 2178 2801 prorsus

593 2806 861 2865 liberatus
911 2827 1033 2866 sum
1084 2814 1231 2870 :sed
1282 2817 1404 2873 duae
1446 2837 1696 2890 persona:
1746 2825 1855 2879 vim
1905 2842 2061 2881 suam
2120 2827 2177 2881 in

593 2907 779 2955 mente
808 2914 1088 2960 exercent.
1112 2907 1360 2978 Imperiti
1389 2914 1535 2967 enim
1567 2916 1662 2985 qui
1691 2928 1820 2971 sunt
1848 2935 2054 2985 rerum,
2080 2921 2176 2975 ubi

592 2992 873 3048 modicum
898 2997 1031 3065 quid
1064 2998 1119 3052 in
1152 3000 1261 3056 illis
1292 3014 1515 3071 operata
1546 3007 1715 3062 fuerit
1742 3011 1935 3079 gratia,
1968 3026 2027 3067 se
2063 3014 2175 3083 jam

590 3083 792 3139 vicisse
836 3097 1001 3156 atque
1046 3092 1322 3160 perfectos
1357 3094 1702 3154 Christianos
1739 3116 1861 3156 esse
1902 3112 2171 3160 statuunt.

2306 555 2582 626 νοτρόπως
2616 552 2710 610 οῦν
2736 559 2797 610 ού
2853 562 2955 630 χρὴ
2985 561 3055 614 τὰ
3108 564 3412 635 πράγματα
3441 570 3695 635 νοεῖσθαι,
3746 575 3839 629 οὔτε

2308 649 2646 718 μονομερῶς.
2688 650 2782 711 Εἰς
2803 653 3058 706 τοσοῦτον
3088 657 3195 724 γάρ
3239 675 3385 722 τινες
3420 661 3775 717 ἀναπαύονται
3802 670 3843 719 ἐν

2302 742 2367 810 τῇ
2394 739 2489 793 τοῦ
2541 741 2676 794 Θεοῦ
2710 743 2916 816 χάριτι,
2964 746 3045 799 ὅτι
3084 748 3446 821 ἀνδρειότεροι
3494 754 3729 819 γίνονται
3769 760 3842 825 τῆς

2305 834 2571 903 συνούσης
2597 836 2780 899 αὐτοῖς
2805 837 3027 902 κακίας,
3054 840 3147 893 καὶ
3172 842 3389 911 ἔχοντες
3408 844 3591 915 εὐχὴν,
3615 847 3705 900 καὶ
3740 850 3842 903 ἀνά-

2305 941 2506 978 παυσιν
2530 926 2731 997 πολλὴν
2758 929 2895 1000 πρὸς
2913 930 3008 984 τὸν
3040 932 3193 997 Θεὸν,
3218 935 3352 1006 ἄλλῃ
3382 936 3500 1008 ὥρᾳ
3530 941 3611 990 ὲνε
3624 940 3843 1007 ργοῦνται

2303 1018 2407 1070 ὑπὸ
2470 1019 2744 1089 λογισμῶν
2781 1023 3058 1097 πονηρῶν,
3098 1029 3194 1080 καὶ
3250 1030 3577 1083 κλέπτονται
3624 1033 3726 1084 ὑτὼ
3768 1036 3844 1104 τῆς

2302 1110 2595 1181 ἁμαρτίας,
2632 1112 2711 1166 ἔτι
2749 1114 2901 1180 ὄντες
2935 1119 2992 1171 ὲν
3019 1121 3084 1189 τῇ
3142 1118 3325 1190 χάριτι
3373 1122 3466 1174 τοῦ
3501 1123 3659 1178 Θεοῦ.
3705 1126 3761 1177 ΟΞ
3804 1128 3844 1180 ἑὲ

2301 1204 2529 1274 ἐλαφροὶ
2560 1206 2655 1259 καὶ
2690 1207 2916 1274 ἰδιῶται,
2953 1212 3197 1281 μερικῶς
3249 1215 3580 1284 ἐνεργούσης
3614 1218 3672 1268 ἐν
3698 1218 3845 1283 αὐτοῖς

2298 1298 2398 1367 τῆς
2440 1299 2682 1369 χάριτος,
2726 1303 3008 1371 νομίζουσι
3029 1304 3231 1375 μηκέτι
3261 1303 3401 1359 εἶναι
3429 1306 3528 1377 τὴν
3565 1309 3843 1378 ἁμαρτίαν·

2296 1390 2345 1442 οἱ
2374 1389 2431 1442 δὲ
2458 1390 2671 1460 ἔχοντες
2693 1393 2983 1465 διάκρισιν,
3025 1397 3119 1449 καὶ
3155 1396 3309 1461 ὄντες
3346 1398 3626 1468 φρόνιμοι,
3676 1401 3735 1452 ού
3760 1403 3845 1452 τολ-

2300 1480 2474 1551 μῶσιν
2494 1483 2858 1553 ἀρνήσασθαι,
2890 1486 2972 1538 ὅτι
3018 1486 3234 1555 ἔχοντες
3259 1488 3358 1559 τὴν
3388 1491 3549 1558 χάριν
3577 1488 3674 1541 τοῦ
3722 1491 3843 1555 θεοῦ,

2296 1572 2395 1625 οὐκ
2454 1574 2827 1645 ὲνεργούμεθα
2868 1576 2971 1630 ὑπὸ
3016 1579 3257 1649 αἰσχρῶν
3321 1581 3420 1634 καὶ
3477 1582 3741 1652 ῥυπαρῶν
3784 1584 3846 1635 λι.

2297 1683 2534 1736 γισμων.

2368 1892 2458 1957 (τ’.
2480 1891 2746 1958 Πολλάκις
2769 1895 2877 1967 γὰρ
2905 1894 3138 1968 εὕρομεν
3169 1901 3227 1952 ἐν
3255 1903 3368 1964 τοῖς
3392 1901 3667 1971 ἀδελφοῖς,
3690 1906 3845 1959 61:75-

2295 1983 2501 2055 σαύτην
2531 1981 2690 2057 εὗρον
2712 1989 2884 2059 χαρὰν
2913 1990 3006 2042 καὶ
3034 1990 3215 2061 χάριν,
3246 1993 3386 2047 ὥστε
3418 1995 3477 2047 ὲν
3498 1996 3667 2048 πέντε
3708 1998 3845 2065 alii

2293 2074 2438 2130 ἔτεσι
2473 2077 2651 2146 λέγειν
2678 2082 2897 2147 αὐτοὺς,
2922 2084 3005 2138 ὅτι
3064 2086 3335 2156 ἐξηράνθη
3374 2089 3728 2159 ἡέπιθυμία,
3779 2096 3845 2145 καὶ

2294 2167 2435 2237 μετά
2469 2170 2641 2225 ταῦτα
2672 2172 2747 2237 ὼς
2806 2175 3064 2246 ἐνόμισαν
3122 2178 3526 2248 ἠλευθερῶσθαι
3562 2183 3657 2234 ἀπ’
3691 2183 3843 2251 αὐτῆς,

2289 2260 2619 2332 ὲγκρυδεῖσα
2642 2266 2674 2335 ἡ
2708 2268 2873 2320 κακία
2895 2269 3193 2340 ἐπεκινήθη
3219 2270 3419 2335 αὐτοῖς,
3446 2275 3543 2325 καὶ
3604 2278 3843 2328 κατεκαύ-

2290 2352 2462 2423 θησαν
2488 2359 2553 2427 τῇ
2586 2358 2870 2431 ἐπιθυμίᾳ,
2898 2360 3039 2415 ὥστε
3070 2362 3375 2428 ξενίζεσθαι
3433 2367 3638 2430 αὐτοὺς
3667 2370 3756 2421 καὶ

2289 2462 2425 2515 γειν,
2462 2450 2542 2501 ὅτι
2576 2449 2713 2519 μετά
2736 2452 2988 2505 τοσοῦτον
3011 2454 3201 2525 χρόνον
3242 2457 3410 2510 πόθεν
3440 2458 3579 2528 ἡμῖν
3608 2460 3841 2527 ἐπανέστη

2285 2540 2521 2611 τοσαύτη
2577 2544 2786 2609 κακία;
2827 2545 3001 2610 οὐδεὶς
3056 2546 3148 2600 οὖν
3176 2548 3284 2601 τῶν
3328 2549 3651 2621 ἐχεφρόνων
3707 2552 3843 2619 τολμᾷ

2287 2634 2462 2686 εἰπεῖν
2495 2636 2578 2689 ὅτι
2612 2638 2878 2709 συνούσης
2914 2656 3005 2709 μοι
3037 2640 3137 2709 τῆς
3163 2641 3390 2711 χάριτος
3414 2644 3477 2696 τὸ
3501 2645 3629 2697 ὅλον
3658 2646 3845 2713 ἠλευθέ-

2289 2742 2471 2795 ρωμαι
2524 2728 2621 2796 τῆς
2659 2730 2955 2800 ἁμαρτίας,
2996 2733 3135 2785 ἀλλά
3182 2735 3251 2788 τὰ
3283 2735 3376 2789 δύο
3403 2737 3684 2808 πρόσωπα
3711 2740 3761 2789 ἐν
3785 2737 3842 2804 τῷ

2285 2816 2361 2887 νῷ
2388 2820 2709 2889 ἐνεργεῖται.
2732 2822 2796 2876 Οἱ
2828 2824 2935 2896 γὰρ
2986 2824 3205 2896 ἄπειροι
3235 2827 3342 2881 τῶν
3377 2832 3747 2901 πραγμάτων,
3776 2850 3841 2899 μι-

2285 2910 2415 2978 κρόν
2435 2928 2487 2963 τι
2512 2912 2886 2984 ὲνεργησάσηη,
2921 2917 3003 2981 είς
3054 2919 3251 2982 αὐτοὺς
3276 2922 3377 2989 τῆς
3430 2922 3682 2993 χάριτος,
3717 2924 3839 2993 νομί-

2284 3000 2486 3067 ζουσιν,
2511 3003 2590 3057 ὅτι
2620 3005 2720 3076 ἤδη
2749 3007 3031 3079 ἐνίκησαν,
3053 3008 3145 3063 καὶ
3170 3013 3278 3065 εἰσὶ
3300 3014 3632 3083 Χριστιανοὶ
3656 3016 3835 3069 τέλειαι

2296 3096 2439 3164 Ἐγὼ
2466 3097 2521 3150 δὲ
2551 3097 2723 3162 οὕτως
2750 3101 2893 3170 φημὶ
2926 3102 2998 3155 τὰ
3023 3103 3325 3173 πράγματα
3341 3102 3506 3172 εἶναι,
3532 3106 3725 3179 ὥσπερ
3740 3109 3837 3161 ὅταν

591 3176 707 3247 Ego
730 3194 861 3233 vero
891 3181 971 3237 sic
1004 3199 1063 3238 se
1091 3200 1207 3239 rem
1238 3187 1448 3244 habere
1474 3201 1629 3261 puto,
1658 3194 1887 3263 perinde
1923 3212 1988 3251 ac
2026 3197 2071 3252 si
2105 3198 2173 3253 sit

2284 3181 2313 3261 ᾗ
2348 3188 2405 3239 ἐν
2440 3188 2657 3259 οὐρανῷ
2710 3189 2861 3259 ἣλιος
2901 3193 2958 3243 ἒν
3008 3193 3236 3264 καθαρῷ
3276 3195 3401 3267 ἀέρι
3462 3176 3836 3267 καταλάμπων,

592 3266 652 3321 in
679 3269 820 3324 ctelo
850 3273 953 3338 sol,
980 3276 1074 3343 qui
1109 3276 1163 3330 in
1196 3294 1338 3348 puro
1364 3296 1491 3337 aere
1522 3283 1690 3350 lucet,
1718 3294 1774 3339 et
1802 3288 1979 3343 nubes
2008 3290 2177 3345 adve-

590 3361 811 3418 nientes
838 3380 965 3420 eum
994 3369 1267 3438 operiant,
1296 3382 1458 3442 atque
1488 3390 1671 3429 aerem
1701 3379 2026 3435 crassiorem
2054 3381 2171 3436 red-

592 3453 746 3521 dant,
777 3458 929 3512 nullo
964 3468 1126 3529 pacto
1161 3460 1386 3533 (quippe
1421 3481 1547 3520 cum
1581 3467 1816 3524 interius
1850 3470 2041 3542 lateat)
2073 3488 2177 3530 nec

590 3542 651 3598 in
673 3544 901 3611 lumine,
926 3564 1029 3602 nec
1054 3549 1109 3602 in
1135 3551 1439 3607 substantia
1466 3555 1687 3611 laeditur
1711 3575 1724 3611 :
1754 3559 1835 3614 sic
1864 3576 1923 3614 se
1948 3561 2173 3629 habent,

590 3638 686 3705 qui
726 3639 888 3707 plene
930 3641 1173 3696 nondum
1210 3653 1339 3699 sunt
1370 3648 1671 3716 puriticati;
1709 3651 1803 3721 qui
1837 3652 1967 3708 licet
2000 3655 2176 3723 gratia

589 3726 686 3781 Dei
730 3729 943 3798 przediti
991 3730 1130 3796 sint,
1166 3731 1221 3787 in
1268 3734 1395 3789 imis
1445 3745 1627 3791 tamen
1665 3748 1891 3807 peccato
1928 3739 2171 3809 detenti,

588 3818 797 3874 habent
822 3821 985 3875 simul
1016 3832 1199 3879 motus
1228 3827 1534 3893 naturales,
1566 3838 1621 3883 et
1649 3830 2012 3901 cogitationes
2041 3849 2171 3905 erga

586 3911 760 3966 Deum
797 3912 1014 3979 ﬁrmas,
1044 3916 1248 3987 quippe
1288 3933 1319 3972 a
1356 3927 1516 3988 parte
1548 3919 1679 3976 boni
1724 3922 1973 3977 nondum
2011 3924 2173 3995 plene

587 4010 819 4058 stantes.

656 4133 766 4190 νη.
812 4135 904 4191 Sic
958 4154 989 4193 e
1043 4154 1353 4207 converso,
1388 4143 1482 4213 qui
1536 4144 1842 4199 secundum
1893 4146 2033 4205 ima.
2069 4149 2173 4203 sub

582 4226 728 4282 bona
754 4229 1028 4298 portione,
1051 4233 1246 4302 gratia,
1267 4233 1514 4303 inquam,
1535 4244 1813 4301 tenentur,
1836 4238 2016 4295 adhuc
2041 4249 2172 4295 sunt

584 4321 729 4373 servi
776 4328 940 4390 atque
996 4324 1223 4379 obnoxii
1256 4327 1441 4395 pravis
1472 4328 1902 4398 cogitationibus
1934 4346 1998 4387 ac
2027 4333 2170 4402 parti

582 4412 814 4468 vitiosae.
845 4414 1070 4472 Summo
1104 4418 1271 4488 igitur
1301 4420 1513 4490 judicio
1546 4437 1685 4491 opus
1713 4433 1818 4489 est,
1851 4432 1913 4479 ut
1942 4440 2044 4495 per
2071 4442 2169 4481 ex-

2282 3278 2376 3331 καὶ
2404 3277 2600 3332 ἔλθωσι
2624 3282 2752 3350 περὶ
2794 3282 2958 3336 αὑτὸν
2993 3284 3237 3351 νεφέλαι,
3273 3288 3365 3340 καὶ
3398 3288 3837 3343 καλύπτωσιναίτο

2278 3369 2391 3437 τὸν,
2417 3372 2512 3424 καὶ
2540 3373 2854 3443 παχύνωσιν
2874 3376 2967 3429 τὸν
3004 3378 3163 3448 ἀέρα,
3202 3379 3355 3433 οὐδὲν
3404 3380 3672 3450 ἠδίκηται
3703 3383 3837 3443 αὖτίς

2278 3462 2554 3533 ὲνδότερος
2584 3465 2657 3518 ὢν
2680 3466 2745 3519 ὲκ
2772 3466 2866 3520 τοῦ
2892 3468 3068 3537 φωτὸς
3098 3469 3285 3535 αὐτοῦ,
3315 3472 3408 3524 καὶ
3433 3472 3537 3541 τῆς
3579 3474 3712 3536 ἰδίας
3738 3474 3834 3526 ὑπ-

2280 3557 2552 3622 στάσεως·
2580 3558 2754 3623 οὕτως
2782 3562 2919 3613 εἰσιν
2949 3563 2998 3614 οἱ
3035 3562 3110 3631 μὴ
3142 3563 3363 3627 τελείως
3407 3565 3832 3635 καθαρισθέντες.

2280 3650 2471 3716 Ὄντες
2494 3651 2550 3706 δὲ
2573 3654 2631 3705 ἐν
2650 3655 2715 3724 τῇ
2749 3653 2846 3707 τοῦ
2875 3653 3011 3706 Θεοῦ
3043 3655 3245 3726 χάριτι,
3277 3657 3371 3710 καὶ
3402 3659 3761 3726 κατεχόμενοι
3786 3661 3831 3709 ἐν

2278 3741 2433 3811 βάθει
2458 3743 2561 3796 ὑπὸ
2581 3745 2679 3813 τῆς
2704 3744 2998 3815 ἁμαρτίας,
3026 3746 3212 3815 ἔχουσι
3243 3747 3311 3800 τὰ
3347 3750 3561 3815 φυσικά
3594 3752 3832 3819 κινήματα

2274 3834 2510 3898 καὶτοὺς
2529 3835 2819 3906 λογισμοὺς
2840 3837 3037 3899 αὐτοὺς
3055 3839 3403 3909 ἐρρωμένους
3434 3841 3576 3909 πρὸς
3597 3842 3686 3894 τὸν
3703 3840 3830 3901 Θείν,

2275 3926 2371 3980 καὶ
2398 3926 2473 3997 μὴ
2504 3926 2657 3991 ὄντες
2684 3928 2778 3982 τοῦ
2818 3929 3023 3998 ἀγαθοῦ
3052 3930 3332 3995 ὁλοτελῶς.

2343 4153 2418 4225 Z'.
2451 4150 2640 4214 Οὕτως
2674 4151 2835 4205 πάλιν
2867 4152 2916 4205 οἱ
2944 4153 3305 4223 κατεχόμενοι
3339 4156 3399 4207 ἐν
3435 4156 3593 4225 βάθει
3620 4158 3719 4210 ὑπὸ
3755 4155 3829 4209 τοῦ

2272 4242 2479 4311 ἀγαθοῦ
2509 4243 2728 4315 μέρους,
2785 4244 2885 4313 τῆς
2918 4245 3138 4316 χάριτος
3170 4246 3336 4315 λέγω,
3394 4248 3476 4303 ἔτι
3532 4251 3639 4302 εἰσὶ
3677 4249 3827 4302 ὃοῦὶει

2273 4336 2367 4388 καὶ
2395 4334 2699 4406 ὑποχείριοι
2721 4336 2832 4398 τοῖς
2852 4338 3111 4409 πονηροῖς
3136 4336 3444 4409 λογισμοῖς,
3475 4342 3570 4395 καὶ
3596 4341 3670 4411 τῷ
3695 4342 3827 4410 μέρει

2272 4427 2372 4497 τῆς
2406 4426 2625 4491 κακίας.
2659 4427 2869 4497 Πολλῆς
2897 4425 2991 4483 οῦν
3046 4430 3206 4500 χρεία
3261 4431 3615 4502 διακρίσεως,
3640 4435 3726 4487 ἵνα
3756 4434 3827 4486 διὰ

582 4505 913 4573 perientiam
941 4508 1066 4577 quis
1091 4522 1407 4580 cognoscat,
1435 4514 1551 4569 haec
1580 4531 1637 4571 se
1668 4517 1743 4572 ita
1773 4518 1999 4574 habere.
2032 4521 2167 4576 Dico

2284 4518 2467 4588 πείρας
2489 4535 2573 4582 τις
2600 4519 2713 4590 γνῷ
2747 4519 2924 4573 ταῦτα
2950 4519 3140 4574 τοῦτον
3169 4520 3309 4591 ἔχειν
3332 4523 3425 4577 τὸν
3453 4526 3669 4594 τρόπον.
3692 4525 3829 4591 Λέγω

582 4605 769 4651 autem
804 4598 925 4664 tibi,
947 4600 1113 4655 etiam
1139 4606 1435 4672 apostolos,
1460 4608 1662 4677 quibus
1687 4621 1806 4665 erat
1828 4612 2166 4680 Paracletus,

585 4705 697 4744 non
725 4690 897 4746 fuisse
928 4708 994 4747 ex
1028 4696 1177 4749 omni
1210 4707 1368 4766 parte
1403 4714 1660 4769 securos;
1698 4704 1900 4774 gaudio
1933 4707 2081 4761 enim
2115 4718 2171 4763 et

580 4782 937 4838 cxsultationi
968 4785 1160 4840 aderat
1192 4789 1358 4843 timor
1381 4800 1437 4846 et
1463 4801 1693 4859 tremor,
1720 4796 1789 4850 ab
1823 4796 1937 4867 ipsa
1968 4799 2166 4868 gratia,

580 4889 692 4927 non
727 4890 794 4928 ex
828 4886 986 4946 parte
1018 4878 1215 4934 vitiosa
1252 4882 1531 4950 profectus
1570 4904 1582 4939 :
1615 4904 1809 4943 verum
1846 4890 1959 4959 ipsa
1994 4893 2170 4961 gratia

584 4967 847 5022 tuebatur
887 4968 1039 5035 illos,
1071 4987 1142 5026 ne
1179 4974 1264 5027 vel
1307 4976 1595 5031 minimum
1633 4980 1767 5049 quid
1807 4981 2166 5037 diverterent.

582 5059 823 5117 Perinde
856 5064 1006 5118 enim
1037 5080 1101 5119 ac
1130 5066 1176 5119 si
1208 5069 1333 5137 quis
1362 5068 1660 5124 frustulum
1693 5072 1889 5142 lapidis
1920 5075 2168 5144 projece-

582 5149 659 5202 rit
692 5151 746 5204 in
776 5168 1018 5219 murum,
1048 5171 1267 5209 murum
1298 5159 1614 5213 nullatenus
1640 5161 1871 5215 offendit
1897 5172 1994 5216 aut
2020 5179 2169 5218 com-

582 5243 761 5297 movit
790 5262 803 5298 :
836 5254 930 5300 aut
958 5247 1103 5303 sicut
1127 5249 1297 5303 telum
1332 5252 1635 5322 projectum
1669 5263 1859 5306 contra
1890 5270 2039 5319 cum,
2070 5256 2165 5325 qui

580 5333 689 5388 fert
731 5334 1041 5404 clibanum,
1072 5341 1225 5396 nullo
1270 5343 1435 5397 modo
1484 5344 1623 5398 lmsit
1668 5361 1769 5400 nec
1810 5346 2015 5400 ferrum
2066 5363 2169 5403 nec

582 5440 787 5496 corpus
823 5427 1038 5499 (referit
1070 5434 1217 5487 enim
1256 5450 1319 5490 ac
1351 5437 1716 5508 repercutit);
1754 5439 1828 5492 ita
1866 5439 1998 5494 licet
2031 5441 2165 5510 quid

582 5519 705 5573 vitii
740 5520 809 5575 ad
842 5524 1122 5593 apostolos
1153 5529 1656 5599 appropinquaret,
1692 5547 2041 5600 nequaquam
2084 5542 2167 5587 ta-

585 5625 714 5667 men
735 5612 886 5683 ipsos
909 5615 1162 5684 lmdebat,
1177 5618 1381 5690 quippe
1404 5620 1498 5691 qui
1522 5630 1681 5677 erant
1698 5621 1937 5692 perfecta
1958 5621 2163 5679 Christi

668 5788 715 5823 ⁸⁸
731 5790 890 5847 Joan.
916 5810 957 5863 ι,
978 5795 1037 5877 5.

2270 4607 2327 4662 δέ
2360 4626 2465 4674 σοι,
2494 4610 2578 4665 ὅτι
2613 4612 2707 4663 καὶ
2762 4612 2809 4663 οἱ
2858 4611 3148 4666 ἀπόστολοι
3186 4613 3403 4683 ἔχοντες
3433 4617 3530 4668 τὸν
3559 4617 3825 4687 Παρακλη-

2268 4718 2381 4767 τον,
2417 4700 2678 4765 όλοτελῶς
2726 4704 2826 4755 οὐκ
2856 4698 2997 4774 ἦσαν
3046 4703 3368 4775 ἁμέριμνοι.
3428 4709 3601 4778 Συνῆν
3643 4709 3825 4779 γὰρτῇ

2270 4795 2413 4866 χαρᾷ
2434 4796 2529 4848 καὶ
2559 4796 2624 4866 τῇ
2660 4795 2981 4863 ἀγαλλιάσει
3021 4797 3184 4864 φόϐος
3218 4799 3314 4851 καὶ
3346 4800 3552 4868 τρόμος
3588 4801 3643 4866 ἐξ
3676 4801 3827 4867 uini;

2269 4887 2369 4957 τῆς
2400 4887 2644 4957 χάριτος,
2666 4888 2726 4940 οὑ
2750 4886 2842 4941 τοῦ
2875 4889 3076 4959 μέρους
3096 4889 3198 4958 τῆς
3226 4892 3447 4957 κακίας,
3485 4894 3619 4945 ἀλλά
3648 4893 3774 4961 αὑτὴ
3798 4893 3825 4960 ἡ

2270 4977 2429 5049 χάρις
2446 4978 2776 5047 ἡσφαλίζετο
2798 4978 3015 5043 αὐτοὺς,
3046 4980 3134 5032 ἴνα
3176 4981 3250 5052 μὴ
3296 4982 3400 5034 κᾶν
3432 4986 3515 5046 εἰς
3549 4986 3736 5053 μικρόν
3780 5000 3823 5033 τι

2272 5069 2643 5140 ὲκτραπῶσιν.
2680 5070 2889 5141 Ὠσπερ
2918 5070 3028 5141 γὰρ
3062 5071 3115 5124 εί
3133 5089 3217 5134 τις
3247 5073 3495 5141 βιζὰκιον
3523 5076 3665 5127 λίθου
3679 5074 3826 5142 ρίᾦας

2269 5164 2351 5226 είς
2379 5166 2576 5234 τεῖχος,
2601 5165 2754 5219 οὐδὲν
2786 5166 3020 5236 ἔϐλαψεν
3054 5169 3086 5239 ἢ
3116 5172 3459 5242 παρεκίνησε
3481 5173 3543 5225 τὸ
3575 5176 3766 5241 τεῖχος·
3795 5172 3823 5239 ἢ

2269 5252 2460 5324 ὥσπερ
2495 5255 2646 5324 βέλος
2688 5258 3155 5328 ἀποστελλόμενον
3212 5264 3355 5316 κατὰ
3400 5264 3498 5317 τοῦ
3556 5264 3826 5334 φοροῦντος

2270 5346 2543 5415 κλίϐανον,
2573 5350 2725 5404 οὐδὲν
2745 5351 3004 5424 ἠδίκησεν
3030 5354 3062 5424 ἦ
3103 5354 3195 5407 τὸν
3225 5356 3465 5425 σίδηρον,
3489 5358 3521 5428 ἢ
3558 5360 3614 5411 τὸ
3642 5356 3789 5423 σῶμα
3810 5371 3822 5383 ⁸

2271 5442 2578 5512 ἁντικρούει
2608 5444 2718 5516 γὰρ
2750 5446 2845 5499 καὶ
2880 5448 3228 5502 ἀντιπίπτει·
3251 5450 3426 5515 οὕτως
3457 5453 3507 5504 εί
3540 5452 3629 5505 καὶ
3661 5466 3821 5520 προς-

2269 5534 2464 5604 ήγγιξέ
2518 5542 2587 5601 τιξ
2614 5538 2782 5608 μέρος
2808 5540 3143 5604 κακίαςτοῖς
3194 5542 3515 5607 ἀποστόλοις
3540 5545 3631 5595 οὐκ
3674 5542 3824 5593 ἐϐλα-

2270 5643 2403 5680 πτεν
2431 5628 2649 5699 αὐτοὺς,
2698 5631 2887 5704 ἐπειδὴ
2937 5628 3076 5703 ἦσαν
3127 5634 3471 5707 ἐνδεδυμένοι
3516 5637 3606 5707 τὴν
3630 5633 3823 5687 τελείαν
