3966 6530
193 385 291 452 629

194 499 409 570 δύναμιν
430 496 526 553 τοῦ
547 496 785 570 Χριστοῦ
809 497 906 551 καὶ
930 489 1076 551 οῦτοι
1097 495 1152 549 δὲ
1180 496 1334 549 αὐτοὶ
1354 498 1551 552 τέλειοι
1584 500 1757 567 ὄντες,
1787 504 1836 560 Α

194 588 328 664 εἶχον
353 593 454 662 τὴν
483 591 795 664 ἐλευθερίαν
827 591 920 646 τοῦ
944 590 1366 662 ἀπεργάσασθαι
1418 592 1515 657 τὰς
1559 593 1767 649 δικαιοο

194 687 371 749 σύνας.

259 780 338 843 Η’,
390 779 606 849 Ἐπειδὴ
632 774 727 833 οῦν
752 796 896 844 τινες
921 778 1195 847 λέγουσιν,
1222 779 1301 834 ὃτι
1333 779 1472 850 μετὰ
1493 779 1593 851 τὴν
1607 779 1769 851 χάριν

190 872 486 943 ἀμεριμνία
508 873 623 925 ἐστὶ
654 872 754 942 τῆς
771 872 972 943 ψυχῆς,
990 874 1018 926 ὁ
1048 872 1179 937 Θεὸς
1210 873 1303 926 καὶ
1332 874 1391 925 ὲν
1410 875 1525 935 τοῖς
1541 872 1770 936 τελείοις

189 965 433 1034 ἐπιζητεῖ
463 964 526 1018 τὸ
572 963 787 1036 θέλημα
816 964 916 1033 τῆς
956 963 1137 1034 ψυχῆς
1195 965 1276 1026 εἰς
1337 964 1616 1017 διακονίαν
1671 964 1767 1017 τοῦ

189 1058 519 1129 Πνεύματος,
555 1058 702 1122 ὅπως
758 1058 1186 1128 συμφωνήσωσι.
1222 1058 1384 1125 Λέγει
1423 1057 1577 1129 γὰρὸ
1606 1057 1767 1111 Ἀπό-

190 1148 389 1213 στολος,
427 1148 497 1203 Τὸ
524 1148 760 1218 πνεῦμα
781 1148 868 1219 μὴ
889 1150 1204 1202 σϐέννυτε.
1259 1149 1417 1214 Τινὲς
1454 1151 1553 1221 μὲν
1583 1146 1675 1203 οὖν
1709 1152 1768 1203 ὲν

186 1240 365 1304 αὐτοῖς
395 1241 495 1294 ούκ
548 1240 741 1312 ἧθελον
794 1239 1075 1310 ὲπιὸαρεῖς
1121 1240 1301 1305 ἄλλοις
1333 1240 1601 1309 γίνεσθαι,
1627 1241 1769 1303 τινὲς

185 1333 243 1385 δὲ
271 1334 486 1395 ἑαυτοῖς
518 1331 832 1402 ἐστοίχουνυ
876 1332 1027 1386 ἄλλοι
1088 1334 1145 1387 δὲ
1192 1334 1566 1405 λαμϐάνοντες
1618 1333 1771 1404 παρὰ

187 1425 466 1496 κοσμικῶν
491 1424 785 1479 διεδίδοσαν
820 1427 933 1487 τοῖς
962 1428 1198 1495 πτωχοῖς
1219 1442 1233 1456 ’
1268 1425 1426 1481 τοῦτο
1454 1427 1510 1480 δὲ
1541 1425 1769 1492 ἀξιώτε-

190 1518 282 1589 ρόν
312 1520 479 1570 ἐστιν.
519 1518 582 1569 Οἱ
620 1515 718 1586 μὲν
745 1516 855 1587 γὰρ
883 1516 1097 1587 ἔχοντες
1120 1516 1219 1587 τὴν
1253 1517 1444 1588 χάριν,
1468 1520 1530 1571 τὸ
1560 1518 1771 1571 ἑαυτῶν

187 1610 349 1678 μόνον
388 1608 754 1681 μεριμνῶσιν·
783 1608 933 1662 ἄλλοι
955 1609 1034 1671 δὲ,
1070 1611 1164 1663 καὶ
1194 1610 1391 1681 ἑτέρας
1421 1610 1599 1680 ψυχὰς
1626 1610 1771 1680 ὠφε-

180 1702 345 1772 λῆσαι
380 1700 804 1765 σπουδάζουσινο
836 1696 981 1754 οὗτοι
1012 1700 1190 1773 πολλῷ
1213 1701 1444 1755 ἐκείνων
1476 1703 1773 1772 ὑπερέχου-

182 1813 292 1848 σιν.
319 1794 501 1847 1Ἄλλοι
530 1793 584 1845 δὲ
605 1792 704 1863 τὴν
736 1793 896 1862 χάριν
930 1791 1150 1862 ἔχοντες
1197 1793 1341 1864 ὑπὲρ
1390 1792 1483 1846 τοῦ
1510 1792 1772 1861 ὀνόματος

1378 386 1745 449 HOllIILI/E.
1761 408 1835 424 --
1857 386 2043 449 ΗΟΜ.
2080 387 2264 447 XVII.

3343 379 3449 443 630

1863 500 2068 556 virtute
2112 499 2219 570 75
2259 496 2435 552 induti
2478 514 2490 550 :
2541 496 2729 565 illique
2776 510 2902 549 cum
2946 500 3134 549 essent
3180 494 3445 563 perfecti,

1869 599 2126 662 poterant
2149 591 2329 645 libere
2358 587 2577 660 operari
2605 587 2834 661 iustitiae
2860 601 3049 656 opera.

1938 768 2075 823 VIII.
2108 767 2378 835 Quoniam
2410 766 2573 838 igitur
2600 773 2853 821 asserunt
2884 762 3130 835 quidam,
3155 765 3299 833 quod
3328 774 3452 832 post

1871 868 2152 930 acceptam
2178 860 2409 930 gratiam
2434 859 2584 913 nulla
2617 859 2817 913 animm
2846 856 3158 912 sollicitudo
3187 857 3448 925 supersit.

1869 952 2016 1006 Deus
2042 968 2261 1021 quoque
2294 952 2349 1006 in
2381 950 2642 1021 perfectis
2686 949 2920 1020 requirit
2947 949 3287 1003 voluntatem
3331 949 3451 1001 ani-

1871 1060 1973 1099 mae
2021 1046 2076 1098 in
2127 1044 2501 1099 ministerium
2548 1043 2809 1113 Spiritus,
2846 1053 2908 1097 ut
2956 1044 3170 1099 scilicet
3215 1058 3451 1097 consen-

1871 1134 2028 1188 tiant.
2077 1134 2260 1203 Inquit
2305 1134 2450 1187 enim
2496 1133 2829 1203 Apostolus:
2861 1132 3117 1203 Spiritum
3161 1134 3322 1187 nolite
3359 1149 3451 1186 ea:-

1870 1228 2135 1297 stinguere
2164 1228 2230 1281 ⁸⁷.
2259 1226 2518 1280 Nonnulli
2540 1226 2706 1296 igitur
2726 1226 2943 1279 illorum
2970 1226 3165 1279 nolunt
3188 1226 3311 1279 aliis
3332 1242 3452 1279 mo-

1871 1316 1993 1372 lesti
2023 1333 2164 1381 esse,
2195 1315 2286 1369 alii
2315 1330 2447 1369 vero
2478 1314 2585 1370 sibi
2618 1314 2719 1383 ipsi
2752 1330 2975 1384 gressus
3011 1331 3140 1369 suos
3179 1316 3448 1384 dirigunt;

1873 1411 2072 1480 reliqui
2115 1425 2244 1464 vero
2290 1424 2318 1463 a
2354 1408 2714 1463 saecularibus
2763 1408 3095 1476 accipientes
3144 1408 3451 1476 largiuntur

1872 1502 2206 1573 pauperibus
2238 1518 2251 1554 :
2284 1500 2431 1571 quod
2472 1501 2663 1569 utique
2710 1499 3057 1569 praestantius
3084 1506 3186 1554 est.
3218 1498 3452 1564 Quidam

1873 1595 2042 1660 enim,
2067 1594 2160 1664 qui
2190 1593 2363 1664 gratia
2393 1592 2610 1662 prrediti
2638 1601 2784 1655 sunt,
2811 1607 3005 1646 eorum
3032 1606 3153 1660 quae
3184 1607 3281 1645 sua
3304 1599 3450 1655 sunt,

1874 1684 2035 1738 unice
2062 1700 2249 1738 curam
2277 1692 2475 1753 gerunt
2502 1699 2517 1749 ;
2544 1683 2637 1736 alii
2662 1697 2800 1736 vero
2826 1682 3058 1735 aliorum
3083 1696 3302 1750 quoque
3334 1681 3454 1734 ani—

1874 1794 1991 1831 mas
2037 1778 2229 1846 juvare
2276 1777 2529 1831 laborant
2557 1791 2572 1829 :
2600 1775 2658 1829 hi
2696 1776 2819 1830 illos
2868 1777 3099 1829 multum
3148 1784 3452 1844 prtcstant;

178 1890 278 1943 τοῦ
300 1887 435 1941 Θεοῦ
460 1888 531 1941 τὰ
560 1858 789 1957 σώματα
811 1858 1008 1940 αὐτῶν
1038 1858 1423 1959 παραδιδόασιν
1449 1888 1529 1948 είς
1582 1858 1768 1954 ῦὸρεις

1880 1869 1965 1923 alii
1993 1883 2124 1922 vero
2156 1868 2386 1938 gratiam
2418 1868 2685 1922 habentes
2714 1884 2816 1937 pro
2847 1868 3069 1921 nomine
3100 1866 3193 1920 Dei
3225 1882 3453 1935 corpora

182 1981 283 2034 καὶ
319 1979 463 2051 πάθη
486 2019 501 2042 ,
540 1979 704 2033 πάλιν
730 1972 879 2032 οὗτοι
902 1977 1127 2031 ἐκείνων
1159 1976 1425 2049 ἀνώτεροι
1452 1978 1580 2031 είσι.
1612 1976 1767 2038 Τινὲς

188 2074 387 2142 ἀρετὴν
425 2072 703 2143 μετιόντες
737 2070 950 2124 θέλουσι
984 2071 1291 2141 κομπάζειν
1349 2069 1446 2123 καὶ
1502 2066 1766 2139 τιμᾶσθαι

190 2164 417 2219 ὑπὸτῶν
440 2163 766 2234 ἀνθρώπων,
786 2164 1037 2232 λέγοντες
1090 2162 1408 2232 Χριστιανοὶ
1463 2162 1623 2225 εἶναι,
1670 2163 1767 2214 καὶ

192 2259 434 2328 μετέχειν
461 2256 785 2326 Πνεύματος
818 2255 1006 2323 ἁγίουο
1058 2254 1204 2310 ἄλλοι
1232 2255 1289 2308 δὲ
1352 2253 1614 2326 κρύπτειν
1641 2254 1768 2307 ἐαυ-

184 2350 314 2412 τοὺς
360 2347 455 2402 καὶ
502 2345 611 2401 ἀπὸ
643 2345 935 2415 συντυχίας
986 2342 1291 2414 ἀνθρώπων
1342 2342 1765 2405 σπουδάζουσινο

158 2422 334 2493 ὀὗτοι
362 2435 537 2507 πολλῷ
570 2436 791 2489 ἐκείνων
834 2435 1215 2505 ὑπερέχουσιν.
1261 2433 1444 2505 Ὁρᾷς,
1503 2432 1621 2496 πῶς
1672 2432 1771 2486 καὶ⁵

179 2533 244 2584 ὲν
278 2530 415 2599 αὐτῇ
448 2531 513 2598 τῇ
563 2528 860 2594 τελειότητι
910 2526 1227 2595 εὑρίσκεται
1285 2524 1470 2577 εύνοια
1520 2524 1655 2593 πρὸς
1679 2523 1771 2577 τὸν

178 2621 319 2674 Θεὸν
348 2619 457 2674 ἀπὸ
486 2618 718 2687 φυσικοῦ
737 2617 1038 2689 θελήματος
1072 2616 1487 2686 ἐπιτελουμένη,
1516 2616 1771 2687 ἀνωτέρα

178 2714 283 2767 καὶ
316 2710 686 2776 πλεονάζουσα
707 2728 722 2776 ;

256 2803 333 2856 6’.
371 2801 648 2873 Ὠσπερεί
672 2819 757 2864 τις
782 2801 1022 2871 πενιχρὰ
1057 2800 1329 2871 ἐνδύματα
1356 2800 1762 2873 περιϐεϐλημέ-

174 2913 277 2959 νος
306 2898 367 2948 ὲν
390 2896 625 2966 ὁράματι
678 2894 868 2948 ἑαυτὸν
897 2893 979 2964 ἴδῃ
1011 2892 1287 2960 πλούσιον,
1334 2892 1577 2956 ἀναστὰς
1622 2893 1679 2947 δὲ
1713 2892 1773 2958 ἐξ

179 2990 358 3043 ὕπνου
387 2988 547 3041 πάλιν
580 2987 667 3060 ἴδῃ
700 2987 893 3040 ἑαυτὸν
926 2984 1136 3056 πένητα
1177 2985 1271 3038 καὶ
1325 2984 1566 3055 γυμνόν·
1600 2983 1773 3048 οὕτως

177 3080 281 3135 καὶ
316 3081 366 3133 οί
394 3079 552 3148 λόγον
578 3076 948 3148 πνευματικὸν
1014 3074 1302 3138 λαλοῦντες
1358 3078 1425 3144 τῇ
1476 3075 1767 3146 ἀκολουθίᾳ

179 3169 404 3224 δοκοῦσι
436 3169 650 3223 λαλεῖν·
697 3168 772 3238 μὴ
794 3166 1009 3237 ἔχοντες
1036 3165 1173 3219 δὲτὸ
1199 3164 1359 3236 ἔργον
1373 3164 1481 3218 τῶν
1510 3164 1683 3233 λόγων
1714 3166 1771 3217 ὲν

182 3261 379 3331 γεύσει
405 3261 513 3315 τινὶ
545 3259 640 3314 καὶ
671 3259 921 3328 δυνάμει,
952 3259 1046 3310 καὶ
1076 3256 1445 3328 πληροφορίᾳ.
1475 3259 1532 3309 ὲν
1588 3256 1667 3327 τῷ
1694 3256 1769 3327 νῷ

181 3355 570 3427 κεκυρωμένον
596 3355 653 3406 ἐν
696 3352 968 3422 φαντασίᾳ
996 3351 1101 3403 τινὶ
1128 3351 1436 3420 στήκουσιν.
1474 3350 1543 3402 Ἦ
1582 3349 1769 3421 ὥσπερ

187 3445 331 3515 γυνὴ
358 3444 556 3515 ἔχουσα
581 3444 896 3514 ὁλοσήρικα,
926 3442 1021 3494 καὶ
1054 3441 1401 3512 μαργαρίτας
1439 3440 1767 3513 περιϐεϐλη-

195 3536 357 3607 μένη,
384 3537 460 3600 είς
487 3538 733 3606 πορνεῖον
782 3534 1141 3608 προέστηκεν,
1192 3532 1365 3596 οὕτως
1394 3533 1490 3585 καὶ
1517 3533 1609 3586 ἐπὶ
1663 3534 1771 3586 τῶν

185 3628 495 3699 τοιούτωνή
525 3628 724 3699 καρδία
750 3627 929 3681 αὐτῶν
966 3626 1212 3697 πορνεῖόν
1242 3627 1389 3679 ἐστιν
1443 3625 1771 3697 ἀκαθάρτων

178 3718 535 3786 πνευμάτων,
560 3718 653 3770 καὶ
680 3717 863 3771 λαλεῖν
893 3716 1109 3770 θέλουσι
1134 3716 1263 3788 περὶ
1287 3716 1660 3787 δικαιοσύνης,
1692 3719 1769 3787 μὴ

176 3810 607 3881 παρακύψαντις
634 3811 715 3874 είς
742 3811 811 3863 τὰ
834 3810 1161 3882 πράγματα.

1798 3209 1843 3266 C

254 3987 316 4041 1'.
350 3985 562 4054 Ὠσπερ
584 3984 690 4056 γὰρ
714 3984 815 4038 οὐκ
843 3982 958 4037 ἔστι
994 3984 1217 4038 δυνατὸν
1249 3984 1400 4054 ἰχθὺν
1422 3983 1553 4039 ἄνευ
1582 3984 1769 4050 ὓδατος

165 4086 374 4154 ζῆσαι,
399 4084 433 4153 ἢ
464 4084 589 4137 ἄνευ
620 4082 802 4137 ποδῶν
849 4082 1225 4153 περιπατῆσαι
1252 4100 1396 4146 τινα,
1431 4082 1464 4152 ἦ
1496 4084 1624 4137 ἄνευ
1668 4084 1769 4154 όφ-

165 4174 415 4246 Οαλμῶν
453 4175 582 4227 ἰδεῖν
620 4174 757 4243 φῶς,
793 4175 827 4246 ἢ
874 4175 1003 4229 ἄνευ
1027 4175 1282 4245 γλώσσης
1313 4175 1516 4241 λαλεῖν,
1552 4176 1585 4247 ἢ
1637 4176 1767 4231 ἄνευ

159 4269 345 4322 ὢτων
374 4267 627 4321 ἀκούειν’
651 4266 823 4329 οὕτως
877 4266 1006 4321 ἄνευ
1062 4267 1155 4320 τοῦ
1194 4266 1399 4337 Κυρίου
1446 4268 1642 4339 Ἰησοῦ,
1675 4269 1770 4324 καὶ⁴

150 4365 288 4430 τῆς
322 4360 604 4431 ἐνεργείας
644 4359 743 4428 τῆς
775 4359 925 4423 θείας
954 4359 1260 4430 δυνάμεως,
1291 4361 1393 4414 οὐκ
1448 4361 1562 4415 ἔστι
1608 4362 1770 4430 γινώο

153 4470 345 4505 σκειν
376 4452 652 4523 μυστήρια
680 4451 774 4504 καὶ
811 4452 1003 4521 σοφίαν
1036 4452 1195 4519 Θεοῦ,
1227 4454 1260 4523 ἢ
1290 4447 1432 4507 εἷναί
1453 4471 1575 4506 τινα
1605 4454 1770 4507 πλού-⁸

147 4562 305 4598 σιον
333 4545 431 4597 καὶ
460 4545 805 4614 Χριστιανόν.
837 4540 996 4599 Οὗτοι
1025 4546 1133 4617 γάρ
1158 4548 1295 4599 εἰσιν
1343 4547 1559 4617 άληθῶς
1592 4548 1768 4618 σοφοὶ,
1804 4571 1846 4626 D

144 4636 286 4689 καὶ
309 4634 662 4705 πολεμισταὶ,
693 4635 789 4688 καὶ
840 4636 1091 4706 ἀνδρεῖοι,
1147 4638 1242 4691 καὶ
1301 4638 1580 4709 φιλόσοφοι
1610 4638 1769 4706 Θεοῦ,

137 4732 219 4784 οἱ
259 4728 625 4797 ὁδηγούμενοι
651 4731 746 4782 καὶ
778 4730 1190 4799 ποιμαινόμενοι
1220 4731 1359 4785 κατὰ
1391 4730 1483 4785 τὸν
1540 4731 1648 4784 ἔσω
1679 4733 1772 4787 ἅν-

140 4826 410 4893 θρωπον
440 4822 548 4875 ὑπὸ
573 4823 672 4890 τῆς
704 4822 891 4892 θεῖκῆς
924 4822 1226 4892 δυνάμεως.
1259 4824 1321 4877 Οί
1351 4823 1461 4894 γὰρ
1492 4821 1773 4892 φιλόσοφοι

135 4917 297 4972 τῶν
337 4916 628 4985 Ἑλλήνων,
662 4916 856 4983 λόγους
913 4916 1275 4985 μανθάνουσι⁶
1312 4917 1406 4969 καὶ
1453 4916 1603 4970 ἄλλοι
1635 4919 1772 4971 εἰσιν

139 5005 403 5061 ἰδιῶται
437 5004 515 5075 τῷ
535 5005 699 5075 λόγῳ,
721 5006 1137 5077 εὐφραινόμενοι
1171 5007 1267 5059 καὶ
1286 5006 1653 5074 ἀγαλλιῶντες
1682 5008 1775 5061 ἐπὶ

133 5101 247 5167 τῇ
288 5096 391 5149 τοῦ
423 5096 559 5149 Θεοῦ
592 5096 797 5167 χάριτι,
852 5097 1046 5167 ἄνδρες
1076 5097 1371 5161 θεοσεϐεῖς.
1402 5100 1784 5169 Διακρίνωμεν

127 5189 282 5247 νῦν
320 5188 467 5242 ποῖοί
496 5191 602 5241 εἰσι
634 5187 917 5256 βελτίονες.
961 5191 1057 5241 Ἐν
1084 5189 1255 5258 ἔργῳ,
1287 5190 1439 5260 φησὶ,
1478 5193 1574 5245 καὶ
1601 5191 1786 5245 δυνά-

114 5300 282 5357 λιει
308 5282 486 5336 ἐστὶν
512 5283 552 5351 ἡ
577 5282 869 5346 βασιλεία
888 5282 992 5336 τοῦ
1022 5283 1191 5348 Θεοῦ,
1215 5285 1325 5337 οὐκ
1353 5285 1422 5337 ἐν
1443 5284 1629 5354 λόγῳ.

256 5461 370 5514 lA'.
406 5460 481 5513 Τὸ
501 5457 596 5513 οῦν
625 5461 802 5515 εἰπεῖν
846 5478 991 5528 τινα,
1012 5462 1099 5515 ὅτι
1148 5464 1177 5516 ὁ
1225 5462 1392 5535 ἄρτος
1455 5458 1612 5528 οὗτος
1671 5465 1778 5519 ἀπὸ

126 5552 346 5608 σίτου
392 5552 709 5623 γεγένηται,
757 5551 979 5605 εὔκολόν
1016 5555 1153 5607 ἐστι·
1188 5554 1306 5618 πῶς
1343 5555 1400 5608 δὲ
1434 5556 1647 5619 λεπτῶς
1673 5575 1777 5610 κα-

122 5642 620 5710 τασκευάζεται,
675 5646 770 5699 καὶ
806 5646 1062 5700 πέττεται
1102 5647 1286 5718 ἄρτος,
1346 5649 1450 5721 χρὴ
1473 5652 1664 5705 εἰπεῖν.
1706 5653 1781 5705 Τὸ

258 5828 312 5861 ⁸⁷
343 5828 366 5885 ι
395 5825 587 5884 Thess.
621 5844 672 5895 v,
710 5828 793 5886 10.
871 5829 915 5863 ⁸⁸
945 5828 1109 5886 lCor.
1140 5847 1210 5897 ιγ,
1242 5830 1332 5885 20.

1869 1977 1969 2016 sua
1996 1961 2348 2016 contumeliis
2375 1970 2430 2015 et
2459 1960 2852 2014 afﬂictionibus
2892 1969 3178 2029 exponunt
3207 1977 3220 2012 :
3246 1959 3303 2013 hi
3346 1959 3455 2013 illis

1876 2056 2078 2109 iterum
2130 2056 2444 2123 superiores
2477 2060 2626 2108 sunt.
2674 2052 2936 2106 Nonnulli
2970 2052 3229 2105 virtutem
3264 2068 3456 2121 perse-

1877 2157 2128 2219 quentes,
2158 2146 2401 2216 gloriari,
2434 2153 2489 2199 et
2517 2144 2585 2198 ab
2628 2143 2949 2197 hominibus
2977 2143 3281 2196 honoribus
3315 2141 3453 2195 allici

1870 2241 2081 2303 volunt,
2117 2240 2365 2293 dicentes
2412 2253 2471 2292 se
2525 2235 2866 2291 Christianos
2918 2243 2974 2290 et
3014 2235 3251 2305 Spiritus
3280 2234 3455 2289 sancti

1871 2331 2168 2402 participes
2191 2343 2313 2383 esse
2344 2345 2358 2393 ;
2392 2327 2488 2381 alii
2519 2342 2653 2381 vero
2686 2342 2743 2381 se
2773 2326 3053 2381 occultare
3093 2335 3148 2379 et
3180 2326 3247 2379 ab
3274 2325 3455 2378 homi-

1869 2438 2002 2476 num
2049 2436 2282 2475 occursu
2332 2420 2589 2472 nituntur
2622 2436 2635 2471 :
2670 2418 2764 2487 qui
2801 2418 2924 2472 illos
2965 2418 3126 2487 longe
3171 2425 3453 2486 superant.

1872 2513 2039 2568 Vides
2068 2510 2345 2581 quomodo
2376 2510 2462 2563 vel
2502 2509 2557 2562 in
2602 2509 2718 2578 ipsa
2749 2507 3089 2577 perfectione
3120 2506 3456 2561 benevolen-

1875 2605 1951 2660 tia
1984 2619 2109 2674 erga
2140 2604 2333 2665 Deum,
2371 2617 2492 2671 qua:
2523 2617 2553 2654 a
2582 2601 2865 2654 voluntate
2915 2599 3152 2652 naturali
3201 2597 3453 2663 ellicitur,

1874 2696 2224 2769 prmstantior
2249 2704 2414 2761 atque
2439 2691 2809 2747 abundantior
2834 2689 3178 2759 reperiatur?

1942 2789 2037 2846 IX.
2071 2788 2309 2844 Perinde
2342 2803 2405 2841 ac
2436 2786 2481 2840 si
2520 2785 2645 2855 quis
2670 2784 2875 2838 vilibus
2907 2783 3130 2837 indutus
3157 2772 3459 2835 vestimen-

1872 2884 1944 2939 tis
1968 2898 2066 2952 per
2094 2881 2274 2934 visum
2308 2894 2367 2933 se
2395 2879 2574 2949 ipsum
2604 2875 2908 2946 conspiciat
2938 2874 3163 2928 divitem
3186 2892 3200 2939 ;
3228 2887 3461 2943 surgens

1873 2983 2058 3030 autem
2094 2989 2124 3028 e
2170 2987 2384 3035 somno,
2422 2984 2643 3024 rursum
2692 2984 2752 3023 se
2800 2981 3099 3038 pauperem
3147 2974 3203 3020 et
3244 2964 3457 3018 nudum

1874 3068 2057 3121 videat
2094 3083 2107 3119 :
2140 3066 2219 3120 sic
2247 3079 2489 3134 quoque,
2522 3061 2615 3131 qui
2651 3074 2962 3115 sermonem
3003 3057 3343 3128 spiritualem
3373 3057 3456 3111 lo-

1878 3165 2143 3227 quuntur,
2174 3154 2570 3209 convenienter
2597 3151 2749 3221 loqui
2780 3151 3069 3215 videntur;
3112 3149 3157 3202 si
3186 3164 3316 3202 vero
3350 3165 3460 3201 non

1876 3247 2115 3301 habeant
2144 3259 2258 3297 rem
2287 3244 2461 3313 ipsam
2497 3258 2620 3297 cum
2649 3240 2887 3310 quodam
2912 3248 3094 3310 gustu,
3128 3239 3371 3308 potentia
3399 3254 3463 3293 ac

1876 3338 2210 3394 certitudine
2261 3335 2411 3400 fidei,
2458 3334 2513 3389 in
2565 3342 2805 3388 mentem
2852 3330 3150 3397 ﬁrmatam,
3200 3332 3254 3384 in
3314 3330 3463 3385 nuda

1876 3433 2108 3502 quadam
2158 3428 2418 3499 opinione
2466 3429 2794 3483 consistunt.
2841 3426 2952 3480 Aut
2995 3425 3165 3480 veluti
3216 3424 3459 3489 femina,

1877 3522 2310 3579 holosericorum
2371 3536 2435 3575 ac
2486 3520 2907 3591 margaritarum
2956 3518 3109 3573 cultu
3161 3526 3459 3580 exornata,

1876 3622 2087 3686 prostat
2120 3614 2175 3670 in
2211 3613 2463 3683 lupanari
2500 3613 2620 3666 :sic
2663 3628 2883 3681 quoque
2919 3625 3016 3665 cor
3046 3609 3317 3680 ejusmodi
3358 3609 3461 3662 ho-

1876 3710 2086 3763 minum
2109 3708 2342 3777 lupanar
2364 3706 2637 3777 quoddam
2660 3715 2745 3759 est
2769 3705 3012 3774 ipsorum
3048 3702 3463 3757 immundorum

1878 3800 2209 3870 spirituum;
2246 3815 2311 3855 ac
2335 3800 2527 3854 volunt
2567 3813 2700 3853 sane
2732 3812 3013 3851 sermones
3051 3795 3256 3849 habere
3285 3795 3352 3849 de
3375 3796 3464 3865 ju-

1876 3891 2047 3955 stitia,
2080 3906 2205 3944 cum
2233 3905 2400 3959 opera
2440 3894 2556 3959 ipsa
2584 3905 2695 3942 non
2726 3888 3029 3957 attigerint.

1947 3984 2015 4038 Χ.
2052 3982 2525 4049 Quemadmodum
2565 3981 2713 4036 enim
2754 3981 2872 4035 ﬁeri
2916 3997 3023 4034 non
3054 3989 3254 4052 potest,
3290 3990 3349 4034 ut
3376 3979 3462 4048 pi-

1876 4081 1986 4136 scis
2017 4080 2226 4149 absque
2255 4094 2395 4149 aqua
2424 4078 2592 4132 vitam
2642 4077 2829 4143 ducat,
2861 4084 2956 4131 aut
2987 4078 3195 4146 absque
3231 4076 3467 4147 pedibus

1876 4169 2075 4240 aliquis
2104 4167 2508 4239 progrediatur,
2544 4176 2640 4221 aut
2669 4167 2875 4236 absque
2906 4167 3080 4221 oculis
3135 4168 3320 4221 lumen
3374 4167 3464 4219 in-

1876 4272 2115 4328 tueatur,
2167 4270 2261 4317 aut
2308 4261 2514 4331 absque
2560 4260 2746 4331 lingua
2788 4260 3042 4329 loquatur
3075 4290 3099 4323 ,ι
3129 4268 3223 4314 aut
3259 4261 3466 4329 absque

1876 4357 2103 4411 auribus
2136 4354 2366 4410 audiat:
2401 4354 2484 4409 sic
2531 4369 2753 4422 quoque
2801 4352 3010 4421 absque
3059 4352 3291 4406 Domino
3336 4353 3465 4407 Jesu

1877 4460 1934 4508 et
1957 4451 2183 4506 virtutis
2224 4448 2425 4503 divina:
2472 4446 2749 4508 elﬁcacia,
2786 4460 2898 4499 non
2950 4445 3081 4499 licet
3135 4460 3467 4515 Cognoscere

1882 4544 2145 4616 mysteria
2177 4550 2234 4598 et
2279 4540 2605 4610 sapientiam
2656 4538 2789 4605 Dei,
2836 4545 2931 4592 aut
2974 4552 3096 4592 esse
3142 4537 3365 4591 divitem
3410 4548 3469 4592 et

1876 4636 2278 4692 Christianum.
2310 4632 2376 4687 Hi
2406 4632 2554 4687 enim
2592 4640 2721 4685 sunt
2771 4644 2961 4686 revera
2991 4630 3286 4698 sapientes,
3319 4628 3452 4683 milio

1878 4738 1963 4783 tes
2009 4728 2178 4782 fortes
2220 4742 2286 4782 ac
2317 4723 2633 4795 philosophi
2677 4722 2796 4788 Dei,
2829 4723 2925 4792 qui
2953 4722 3269 4791 diriguntur
3293 4730 3348 4775 et
3372 4737 3472 4791 gu-

1878 4819 2183 4873 bernantur
2212 4815 2517 4872 secundum
2553 4813 2878 4868 interiorem
2912 4813 3192 4866 hominem
3224 4828 3253 4865 a
3276 4821 3471 4880 poten-

1880 4914 1955 4969 tia
1985 4912 2170 4967 divina
2198 4928 2211 4965 :
2240 4907 2558 4980 philosophi
2589 4907 2738 4962 enim
2763 4907 3076 4961 Graecorum
3099 4906 3470 4974 eloquentiam

1881 5004 2172 5068 ediscunt;
2207 5000 2299 5055 alii
2331 5015 2462 5054 vero
2490 5007 2621 5053 sunt
2663 4997 2831 5051 rudes
2863 4998 3212 5066 eloquentim,
3249 4996 3344 5050 sed
3378 4997 3473 5051 Ιίιι-

1886 5104 2073 5150 tantur
2101 5100 2158 5147 et
2179 5093 2457 5147 exsultant
2486 5091 2554 5145 de
2584 5090 2756 5160 gratia
2780 5089 2987 5151 divina,
3014 5088 3219 5157 quippe
3245 5088 3336 5157 qui
3361 5089 3473 5143 sint

1887 5188 1993 5242 viri
2024 5185 2199 5241 cultui
2229 5185 2417 5239 divino
2446 5184 2673 5238 addicti.
2702 5183 3013 5237 Iudicemus
3049 5182 3215 5252 igitur
3235 5182 3327 5252 qui
3365 5183 3475 5237 sint

1882 5279 2314 5350 prmstantiores.
2338 5278 2398 5331 In
2424 5294 2600 5348 opere,
2629 5277 2829 5347 inquit,
2858 5285 2907 5331 et
2934 5278 3126 5330 virtute
3150 5283 3227 5329 est
3254 5292 3473 5345 regnum

1883 5369 2002 5432 Dei,
2032 5387 2136 5423 non
2162 5371 2218 5422 in
2249 5386 2490 5423 sermone
2519 5366 2588 5422 ⁸⁸.

1956 5464 2047 5518 XI.
2079 5462 2218 5529 Quid
2254 5478 2384 5533 ergo
2412 5470 2515 5524 est,
2553 5468 2615 5515 ut
2650 5460 2797 5516 dicat
2838 5460 3040 5531 aliquis
3097 5476 3293 5530 panem
3328 5459 3475 5513 hunc

1885 5573 1916 5613 e
1944 5558 2222 5611 frumento
2250 5571 2370 5611 esse
2413 5554 2760 5621 confectum;
2791 5571 2917 5609 nam
2962 5554 3015 5609 id
3047 5554 3204 5609 facile
3230 5563 3335 5608 est.
3366 5553 3474 5607 Ve-

1887 5669 2010 5706 rum
2043 5652 2145 5707 hoc
2187 5650 2446 5707 convenit
2476 5649 2683 5717 dicere,
2710 5666 2819 5721 quo
2845 5660 3004 5721 pacto
3050 5649 3305 5705 minutim
3336 5664 3476 5719 prae-
