3966 6544
560 335 662 404 631

1794 354 1856 414 S.
1897 355 2218 417 MACARII
2259 355 2583 418 EGYPTII
3684 374 3766 439 δῇ

559 459 810 522 paretur,
850 459 908 508 et
951 466 1220 523 coquatur
1253 458 1431 527 panis.
1470 459 1760 531 Disputare
1799 479 1930 536 ergo
1956 465 2025 520 de
2055 465 2138 519 af-

2246 460 2342 518 οῦν
2385 465 2613 538 λαλῆσαι
2651 467 2782 538 περὶ
2811 468 3082 536 ἀπαθείας
3108 471 3203 526 καὶ
3233 472 3583 546 τελειότητος,
3607 477 3766 550 ὀλίγων

560 544 861 600 fectionum
897 550 1169 604 vacuitate
1209 563 1265 606 et
1311 553 1670 622 perfectione,
1717 561 1910 626 paucis
1949 558 2138 614 datum

560 645 667 690 est.
699 637 1055 710 Evangelium
1082 643 1230 698 enim
1259 627 1479 700 concise
1517 647 1763 717 loquitur
1789 666 1803 702 :
1829 650 1907 704 Ne
1933 652 2140 706 irasca-

564 731 638 782 ris
676 746 786 784 :nc
832 736 1187 804 concupiscas.
1229 734 1288 790 Si
1338 739 1454 808 quis
1495 739 1773 810 impegcrit
1815 741 2034 812 alapam
2083 743 2140 796 in

563 823 807 878 dextram
835 826 1130 893 maxillam,
1161 829 1333 898 praebe
1361 847 1565 902 quoque
1589 841 1639 885 et
1667 834 1916 889 alteram.
1940 833 1998 890 Si
2023 835 2140 906 quis

566 925 616 966 te
644 918 824 970 trahat
850 919 902 970 in
926 919 1207 988 judicium,
1240 931 1298 974 ut
1323 925 1558 978 tunicam
1587 925 1760 991 tollat,
1787 927 1910 982 dalo
1938 929 1985 981 ei
2013 945 2142 998 quo-

565 1025 665 1079 que
705 1009 929 1078 pallium
973 1009 1037 1065 ³³.
1089 1013 1293 1068 Verum
1340 1015 1657 1084 Apostolus,
1705 1019 1823 1074 haec
1870 1019 2136 1086 imitatus,

563 1116 669 1168 qua
704 1102 913 1156 ratione
958 1105 1219 1172 paulatim
1251 1123 1390 1178 opus
1434 1110 1690 1180 puritatis
1718 1129 1842 1167 cum
1873 1115 2138 1184 patientia

559 1202 619 1247 et
647 1193 1059 1264 longanimitate
1104 1198 1222 1254 fieri
1268 1200 1462 1257 debeat
1512 1203 1764 1273 pluribus
1801 1207 1981 1270 docet,
2025 1209 2139 1277 pri—

561 1300 712 1338 mum
743 1287 850 1357 76
879 1289 1018 1343 lacte
1048 1292 1298 1350 nutriens
1319 1297 1468 1350 velut
1497 1296 1754 1364 infantes,
1783 1299 1982 1355 deinde
2008 1317 2139 1370 pro-

560 1392 789 1432 movens
820 1380 887 1433 ad
927 1380 1326 1440 incrementum
1363 1396 1420 1441 et
1451 1388 1866 1456 perfectionem.
1897 1393 2140 1462 Evange-

560 1469 696 1524 lium
715 1473 862 1526 enim
879 1473 1020 1529 dixit
1049 1492 1113 1530 ex
1135 1478 1258 1534 lana
1279 1479 1396 1533 ﬁeri
1412 1482 1797 1537 vestimentum
1816 1501 1829 1536 :
1846 1483 2140 1553 Apostolus

559 1581 692 1620 vero
733 1568 1082 1637 significavit,
1117 1587 1215 1642 per
1242 1575 1454 1629 minuta
1493 1577 1770 1645 quomodo
1815 1589 2134 1634 consuatur.

632 1658 746 1713 ΧΙΙ.
773 1660 874 1726 Qui
919 1663 1089 1732 igitur
1112 1666 1279 1719 verba
1321 1667 1626 1735 spiritualia
1657 1668 1964 1739 proferunt,
1996 1687 2140 1741 quo-

559 1765 682 1804 rum
732 1767 842 1806 non
905 1753 1111 1809 habent
1160 1764 1410 1827 gustum,
1459 1759 1668 1815 similes
1715 1771 1842 1816 sunt
1897 1763 1947 1817 ei
2010 1764 2136 1834 qui,

559 1841 798 1896 maximo
842 1853 976 1899 testu
1030 1858 1336 1917 premente,
1382 1850 1660 1907 desertum
1696 1870 1884 1925 agrum
1921 1872 2138 1926 peram-

557 1933 732 1997 bulat,
767 1945 822 1991 et
867 1939 1181 1996 sitibumlus
1213 1942 1460 2015 depingit
1498 1946 1602 2000 sibi
1652 1949 1855 2003 fontem
1884 1951 2141 2006 emitten-

557 2033 669 2081 tem
719 2044 938 2097 aquam,
987 2033 1320 2091 adumbrans
1366 2052 1423 2092 se
1465 2038 1642 2108 ipsum
1677 2040 1978 2106 bibentem,
2013 2059 2139 2098 cum

559 2126 743 2172 tamen
776 2119 929 2175 labra
969 2123 1089 2192 ejus
1128 2141 1192 2180 ac
1216 2123 1401 2196 lingua
1430 2139 1746 2183 exarescant
1780 2147 1889 2200 prae
1917 2133 2005 2186 siti
2033 2149 2140 2202 qua

561 2218 779 2264 tenetur
812 2231 824 2265 :
862 2224 956 2268 aut
991 2216 1035 2269 si
1086 2219 1210 2287 quis
1243 2219 1478 2275 disserat
1513 2222 1580 2276 de
1623 2223 1800 2278 mellis
1847 2228 2138 2293 suavitate,

553 2312 614 2356 et
645 2304 755 2358 vim
803 2305 1115 2364 dulcedinis
1157 2311 1308 2381 ejus,
1359 2329 1426 2368 eo
1459 2315 1604 2385 quod
1650 2333 1760 2372 non
1804 2317 2137 2389 degustarit,

559 2396 775 2465 ignoret
801 2417 816 2453 :
845 2401 926 2455 sic
950 2416 1010 2456 se
1037 2401 1261 2469 habent,
1285 2407 1378 2474 qui
1411 2406 1479 2460 de
1505 2409 1865 2477 perfectione.
1896 2414 2141 2469 exsulta-

557 2487 710 2544 tione
758 2502 854 2546 aut
913 2493 1209 2549 aﬂ'ectuum
1262 2500 1533 2553 vacuitate
1595 2516 1905 2557 sermonem
1966 2505 2142 2559 susci-

557 2579 741 2650 piunt,
779 2583 830 2636 vi
881 2599 946 2640 ac
982 2587 1313 2643 certitudine
1357 2589 1482 2646 fidei
1527 2603 1815 2659 carentes;
1843 2605 1993 2650 certe
2028 2612 2139 2651 non

558 2671 778 2736 omnia,
826 2683 887 2727 ut
937 2675 1271 2744 loquuntur,
1320 2679 1402 2735 sic
1451 2696 1510 2736 se
1565 2683 1784 2737 habent.
1819 2683 1959 2737 Cum
1991 2685 2140 2740 enim

555 2763 827 2833 ejusmodi
858 2769 1024 2824 homo
1054 2771 1253 2842 dignus
1280 2774 1576 2844 aliquando
1606 2777 1775 2832 fuerit
1805 2778 2047 2846 habitus,
2081 2788 2142 2834 ut

557 2867 814 2927 exparte
858 2861 1052 2916 saltem
1097 2864 1153 2918 in
1197 2881 1365 2936 opere
1406 2867 1526 2936 ipso
1570 2872 1900 2938 reperiatur,
1951 2889 2140 2928 secum

558 2948 676 3017 ipse
721 2950 1048 3021 dijudicabit
1091 2973 1104 3008 :
1142 2957 1262 3010 Non
1292 2961 1758 3028 quemadmodum
1806 2965 2137 3034 arbitrabar,

557 3041 639 3096 sic
695 3046 919 3113 reperi;
965 3047 1128 3103 aliter
1165 3051 1314 3106 enim
1358 3053 1648 3123 loquebar,
1692 3057 1853 3111 aliter
1901 3057 2140 3130 Spiritus

558 3136 897 3204 operabatur

632 3226 771 3282 XIII.
802 3227 1242 3287 Christianorum
1271 3236 1417 3290 enim
1453 3238 1638 3293 cultus
1684 3249 1769 3295 est
1805 3256 1934 3297 esus
1976 3252 2140 3315 atque

560 3328 756 3386 potus;
791 3329 848 3373 ct
877 3335 1082 3391 quanto
1114 3325 1238 3394 plus
1278 3327 1402 3395 quis
1434 3345 1502 3383 ex
1542 3346 1610 3385 co
1639 3334 1964 3399 comederit,
1991 3345 2142 3392 tanto

561 3411 944 3467 vehementius
971 3416 1244 3473 suavitate
1272 3420 1362 3473 illa
1392 3421 1631 3476 allicitur
1655 3425 1893 3490 animus,
1917 3428 2055 3484 adeo
2084 3440 2144 3485 ut

562 3504 789 3558 retineri
839 3515 933 3560 aut
971 3509 1180 3578 expleri
1228 3525 1499 3580 nequeat,
1549 3523 1714 3585 atque
1759 3517 2144 3576 insatiabiliter

564 3595 809 3665 inquirat
831 3608 886 3652 et
909 3601 1182 3657 comedat.
1208 3604 1317 3658 Aut
1347 3607 1536 3670 veluti,
1567 3623 1692 3662 cum
1720 3609 1845 3680 quis
1873 3611 1960 3666 siti
1994 3613 2146 3668 labo-

563 3700 668 3752 rat,
703 3691 1128 3763 prmbeaturque
1159 3695 1208 3750 ei
1245 3706 1404 3766 potus
1434 3701 1639 3766 suavis,
1673 3702 1896 3773 ipseque
1924 3706 2018 3760 ubi
2047 3707 2146 3762 de-

563 3794 784 3853 gustare
827 3788 1077 3855 coeperit,
1114 3791 1344 3858 propius
1372 3791 1440 3845 ad
1486 3794 1746 3862 poculum
1775 3797 2017 3863 accedit;
2052 3815 2143 3854 ar-

563 3877 788 3932 dentius
807 3879 1018 3934 scilicet
1040 3896 1304 3936 accensus
1329 3899 1344 3935 :
1375 3885 1455 3938 sic
1483 3895 1678 3956 gustus
1708 3886 1948 3958 Spiritus
1972 3891 2146 3948 ferme

565 3971 745 4024 sedari
766 3973 979 4042 nequit,
1009 3982 1068 4027 ut
1100 3975 1414 4045 hujusmodi
1447 3979 1526 4032 rei
1556 3994 1665 4034 non
1700 3981 1976 4037 immerito
1999 3999 2148 4044 com-

567 4071 809 4132 paretur.
841 4064 909 4119 Et
942 4065 1058 4120 haec
1090 4067 1314 4136 quidem
1344 4083 1456 4122 non
1491 4079 1620 4124 sunt
1651 4070 1817 4126 verba
1850 4073 2018 4138 nuda,
2049 4074 2146 4130 sed

563 4169 706 4222 opus
755 4154 995 4224 Spiritus
1047 4159 1253 4223 sancti,
1305 4175 1504 4214 arcana
1571 4161 1786 4216 ratione
1842 4163 2148 4220 inserviens

565 4246 770 4300 animo.
794 4247 1122 4303 Existimant
1143 4266 1273 4305 vero
1299 4253 1549 4306 nonnulli
1573 4269 1688 4318 eos,
1711 4255 1802 4324 qui
1835 4271 1863 4309 a
1891 4257 2144 4321 muliere,

563 4338 720 4391 etab
751 4340 1028 4403 omnibus,
1077 4357 1200 4411 qua:
1232 4343 1376 4398 visui
1423 4354 1632 4414 patent,
1681 4347 1982 4413 abstinent,
2027 4366 2147 4408 esse

558 4428 674 4498 jam
705 4441 942 4485 sanctos.
979 4433 1179 4487 Verum
1227 4450 1338 4488 non
1387 4436 1460 4489 ita
1507 4451 1564 4490 se
1617 4453 1704 4492 res
1749 4439 1932 4495 habet.
1966 4441 2149 4498 Haeret

563 4518 714 4573 enim
758 4519 962 4572 malum
996 4521 1050 4574 in
1082 4531 1287 4586 mente,
1317 4530 1482 4592 atque
1518 4524 1574 4577 in
1608 4524 1774 4579 corde
1805 4526 1940 4580 vivit
1967 4535 2023 4582 et
2049 4545 2147 4583 ex-
2179 4511 2224 4567 ί)

565 4609 802 4665 tollitur.
853 4611 946 4666 Ille
990 4627 1122 4666 vero
1174 4623 1396 4668 sanctus
1446 4626 1550 4681 est,
1599 4615 1694 4685 qui
1729 4616 2052 4686 puriﬁcatus
2092 4628 2150 4673 et

565 4703 940 4760 sanctiﬁcatus
984 4716 1070 4760 est
1114 4707 1420 4762 secundum
1474 4710 1796 4766 interiorem
1844 4711 2143 4766 hominem.

564 4792 669 4850 Ubi
718 4795 867 4850 enim
911 4798 1117 4854 veritas
1162 4802 1443 4870 paulisper
1508 4801 1782 4872 inspexit,
1833 4803 1946 4857 illic
1990 4818 2149 4858 error

560 4897 772 4954 pugnat
800 4896 966 4958 atque
993 4906 1051 4944 se
1079 4891 1262 4946 velare
1287 4902 1344 4948 et
1371 4892 1632 4965 obtegere
1656 4905 1902 4950 conatur.

645 4977 782 5034 XIV.
819 4979 954 5035 Cum
988 4981 1163 5037 Judaei
1211 4986 1522 5040 sacerdotio
1553 4987 1885 5056 potirentur,
1919 5003 2052 5044 sane
2084 5004 2152 5044 ex

564 5075 660 5129 illa
695 5075 811 5144 ipsa
837 5084 998 5145 gente
1026 5079 1464 5146 persecutionem
1494 5080 1867 5149 patiebantur,
1891 5081 2154 5151 graviter-

564 5185 672 5239 que
699 5170 1101 5241 aiﬂigebantur,
1130 5187 1199 5227 eo
1231 5173 1379 5242 quod
1410 5172 1467 5227 in
1493 5174 1726 5229 veritate
1763 5174 2149 5243 persistebant,

563 5261 860 5318 Eleazarus
881 5273 939 5318 et
970 5263 1288 5319 Machabtei.
1326 5265 1484 5320 Nunc
1508 5280 1660 5329 vero,
1689 5281 1814 5320 cum
1843 5282 1873 5319 a
1906 5274 2148 5336 tempore

563 5354 752 5409 crucis
771 5362 828 5410 et
844 5355 951 5410 veli
981 5357 1138 5411 scissi
1165 5358 1460 5413 recesserit
1486 5357 1554 5413 ab
1583 5358 1665 5412 eis
1691 5357 1955 5427 Spiritus;
1982 5367 2148 5429 atque

563 5444 658 5500 hic
689 5447 927 5502 revelata
969 5448 1060 5512 sit,
1091 5456 1148 5503 et
1192 5459 1456 5519 operetur
1488 5449 1544 5503 in
1575 5449 1738 5504 nobis
1769 5451 1994 5514 veritas,
2023 5465 2150 5520 pro-

565 5546 754 5607 pterea
780 5555 1000 5593 rursum
1030 5541 1254 5610 quidam
1279 5557 1346 5595 ex
1389 5542 1492 5597 bac
1517 5549 1678 5612 gente
1707 5542 2147 5612 persecutionem

563 5630 861 5686 sustinent.
899 5631 977 5686 Ex
1020 5631 1112 5687 illa
1145 5647 1279 5688 vero
1310 5643 1472 5704 gente
1503 5634 1886 5704 persecutione
1919 5644 1976 5690 ct
2008 5633 2145 5688 allii-

638 5811 684 5844 "
709 5810 846 5868 Luc.
871 5829 951 5878 vt,
974 5813 1081 5880 29;
1118 5813 1311 5870 Matth.
1337 5830 1389 5883 ν,
1420 5815 1504 5869 40.

2241 557 2377 611 ἐστί.
2397 556 2470 610 Τὸ
2496 558 2605 628 γὰρ
2631 558 2962 627 Εὐαγγέλιον
2991 563 3049 614 ἐν
3081 564 3328 636 συντόμῳ
3354 567 3673 638 ἀπεφήνατο,
3693 578 3766 644 Μὴ

2241 648 2548 718 ὀργισθῇς.
2581 649 2666 718 μὴ
2697 651 3098 722 ἐπιθυμήσῃς·
3124 654 3234 710 ἐὰν
3251 657 3342 724 τίς
3368 675 3444 712 σε
3466 661 3680 732 paulun
3702 671 3770 734 εις

2241 740 2357 807 τὴν
2385 741 2595 806 δεξιάν
2634 757 2752 798 σου
2786 746 3061 814 σιαγόνα,
3103 749 3367 817 παράθες
3405 753 3505 806 καί
3558 754 3661 822 τὴν
3684 758 3771 812 ἀλ-

2238 836 2384 898 λην*
2431 832 2541 886 ἐάν
2584 851 2674 900 τις
2731 837 2906 906 κρίνῃ
2963 831 3104 906 ἆραι
3152 857 3269 895 σου
3305 842 3372 894 τὸ
3411 841 3649 912 ἱμάτιον,
3690 849 3774 917 δὸς

2239 921 2400 989 αὐτῷ
2428 924 2525 978 καὶ
2575 925 2684 979 τὸν
2705 925 2946 995 χιτῶνα.
2984 929 3042 982 '0
3071 929 3128 982 δέ
3173 931 3494 996 Ἀπόστολος
3521 936 3775 991 ἐπακολουο

2243 1015 2374 1081 θῶν,
2400 1017 2517 1078 πῶς
2539 1019 2645 1088 χρὴ
2677 1019 2820 1073 κατὰ
2861 1020 3058 1094 μικρὸν
3093 1022 3154 1075 τὸ
3179 1021 3338 1092 ἔργον
3360 1028 3462 1095 τῆς
3503 1027 3776 1099 καθάρσεως

2243 1109 2383 1178 μετά
2424 1109 2700 1180 ὑπομονῆς
2722 1112 2816 1164 καὶ
2851 1112 3239 1184 μακροθυμίας
3266 1116 3535 1184 γίνεσθαι,
3570 1118 3650 1171 διὰ
3675 1123 3778 1174 πολ-

2237 1200 2348 1255 λῶν
2395 1201 2657 1268 διδάσκει,
2705 1202 2922 1276 πρῶτον
2953 1203 3414 1276 γαλακτοτροερῶν
3459 1208 3535 1271 ὡς
3566 1212 3776 1281 νηπίους,

2241 1291 2359 1348 εἶτα
2390 1295 2572 1364 φέρων
2602 1296 2682 1358 εἰς
2703 1293 2930 1366 αὔξησιν
2957 1296 3052 1349 καὶ
3084 1297 3422 1367 τελειότητα.
3459 1297 3590 1353 Εἷπε
3620 1304 3714 1368 γὰρ
3735 1307 3782 1357 τὸ

2240 1385 2572 1452 Εὐαγγέλιον
2593 1384 2846 1453 γενέσθαι
2868 1385 2978 1438 ἀπὸ
3001 1386 3162 1457 ἐρέας
3186 1390 3486 1457 στιχάριον’
3511 1393 3539 1442 ὁ
3570 1391 3621 1442 δέ
3652 1392 3780 1444 ’Λπό-

2241 1477 2426 1540 στολος
2483 1479 2725 1550 ἐμήνυσε
2806 1477 2906 1547 τὴν
2949 1477 3276 1550 λεπτότητα,
3307 1480 3424 1543 πῶς
3488 1484 3783 1534 κατασκευά-

2241 1565 2410 1630 ζεται.

2313 1660 2413 1713 ΙΒ’.
2437 1661 2500 1713 Oi
2529 1659 2621 1713 οῦν
2637 1660 2828 1730 λόγους
2843 1665 3248 1735 πνευματικοὺς
3265 1664 3557 1730 λαλοῦντες
3573 1666 3690 1719 ἄνευ
3705 1667 3781 1737 τῆς

2241 1750 2507 1820 γεύσεως,
2539 1753 2768 1824 τοιούτῳ
2794 1755 2902 1808 τινὶ
2944 1755 3208 1823 ἐοίκασιν,
3240 1755 3432 1829 ῶσπερ
3461 1757 3550 1810 ἵνα
3577 1775 3657 1819 τις
3688 1759 3783 1810 ἐπι-

2244 1843 2500 1908 ϐαλόντος
2552 1846 2834 1911 καύσωνος
2858 1847 3162 1919 διοδεύηται
3188 1849 3360 1920 πεδίῳ
3389 1852 3605 1920 ἐρήμῳ,
3631 1852 3712 1904 καὶ
3727 1853 3784 1904 ὢν

2243 1937 2460 2008 ἔκδιψος
2489 1939 2768 2014 διαγράφῃ
2798 1940 2983 2014 πηγὴν
3008 1942 3240 2012 ῥέουσαν
3271 1942 3443 2013 ὕδωρ,
3472 1945 3783 2012 σκιογρατῶν

2243 2033 2438 2086 ἑαυτὸν
2468 2033 2712 2099 πίνοντα,
2730 2034 2891 2088 ὁπότε
2922 2034 2989 2089 τά
3021 2037 3173 2108 χείλη
3205 2035 3372 2089 αὐτοῦ
3394 2037 3782 2106 κατεξήρανται,

2244 2123 2335 2176 καὶ
2372 2125 2405 2194 ἡ
2443 2122 2692 2190 γλῶσσα,
2725 2125 2788 2176 ἐκ
2837 2124 2937 2194 τῆς
2980 2125 3399 2198 καταλαϐούσης
3439 2125 3620 2195 δίψης⁸
3660 2127 3782 2196 ῆίνα

2242 2232 2323 2276 τις
2355 2213 2564 2284 λαλήσῃ
2592 2214 2719 2284 περὶ
2753 2213 2989 2283 μέλιτος,
3027 2216 3108 2268 ὅτι
3142 2215 3315 2284 γλυκύ
3343 2218 3485 2279 ἐστι,
3517 2215 3589 2286 μὴ
3622 2218 3782 2283 γευσά-

2245 2323 2405 2374 μενος
2425 2306 2504 2370 δέ,
2532 2307 2630 2358 οὐκ
2670 2303 2780 2358 οἶδε
2810 2307 2907 2376 τὴν
2937 2305 3164 2377 δύναμιν
3191 2307 3289 2377 τῆς
3318 2306 3652 2376 γλυκύτητος
3673 2324 3686 2337 ·
3713 2307 3783 2360 οὖ-

2241 2411 2350 2457 τως
2382 2396 2476 2448 καὶ
2520 2395 2570 2448 οἱ
2610 2395 2770 2463 λόγον
2819 2395 3108 2459 λαλοῦντες
3149 2398 3279 2466 περὶ
3320 2397 3687 2466 τελειότητος,
3713 2400 3781 2450 καὶ

2243 2485 2642 2557 ἀγαλλιασμοῦ,
2677 2487 2796 2557 ἤτοι
2827 2487 3118 2551 ἀπαθείας,
3168 2490 3243 2558 μὴ
3294 2489 3512 2558 ἔχοντες
3549 2488 3782 2556 ἐνέργειαν

2243 2577 2339 2631 καὶ
2378 2577 2775 2649 πληροφορίαν,
2831 2578 2899 2632 τὰ
2954 2579 3254 2649 πράγματα
3303 2581 3403 2650 οὐχ
3443 2579 3520 2643 ὼς
3555 2579 3780 2644 λαλοῦσπ,

2242 2670 2414 2735 οῦτως
2433 2673 2568 2724 εἰσὶν
2597 2672 2836 2725 ἅπαντα.
2865 2672 3034 2725 Ὅταν
3058 2672 3163 2742 γὰρ
3193 2673 3220 2725 ὁ
3251 2672 3495 2736 τοιοῦτος
3519 2674 3780 2744 καταξιωθῇ

2243 2781 2375 2816 ποτε
2427 2764 2668 2836 μερικῶς
2713 2766 2772 2817 ἐν
2819 2764 2967 2836 ἔργῳ
3010 2766 3323 2836 εὑρεθῆναι,
3378 2767 3646 2835 διακρίνει
3691 2767 3781 2819 καθ’

2243 2861 2456 2926 ἐαυτὸν,
2480 2861 2561 2913 ὅτι
2581 2861 2642 2912 οὐ
2673 2859 2857 2925 καθὼς
2888 2860 3272 2931 ὑπελάμϐανον
3302 2860 3482 2924 οὕτως
3521 2855 3694 2930 εὗρον*
3713 2861 3782 2912 ἄλο

2243 2951 2352 3016 λως
2396 2951 2505 3023 γὰρ
2545 2953 2806 3020 ἐλάλουν,
2843 2953 2937 3006 καὶ
2979 2953 3154 3018 ἄλλως
3208 2953 3270 3006 τὸ
3323 2953 3548 3024 πνεῦμα
3598 2953 3781 3024 ἐργάζεο

2243 3062 2354 3100 ται.

2319 3232 2417 3284 ll".
2451 3229 2509 3284 '0
2538 3230 2648 3301 γὰρ
2680 3230 3106 3301 Χριστιανισμὸς
3145 3228 3351 3300 βρῶσίς
3380 3229 3502 3282 ἐστι
3527 3230 3618 3281 καὶ
3646 3229 3781 3288 πόσις·

2247 3327 2343 3378 καὶ
2365 3326 2490 3378 ὅσον
2518 3342 2602 3388 τις
2628 3323 2801 3377 ἐσθίει
2839 3325 2934 3376 ἀπ’
2953 3322 3141 3386 αὐτοῦ,
3180 3324 3246 3376 ἐκ
3291 3319 3391 3391 τῆς
3423 3322 3676 3392 ἠδύτητος
3695 3323 3784 3372 ἐπι.

2245 3419 2432 3471 πλεῖον
2456 3415 2762 3485 ἐρεθίζεται
2797 3417 2826 3469 ὁ
2856 3414 2982 3478 νοῦς
3004 3415 3380 3485 ἀκατάσχετος
3409 3416 3505 3467 καὶ
3533 3415 3783 3482 ἀκόρεστος

2247 3512 2529 3582 ὑπάρχων,
2575 3511 2670 3563 καὶ
2715 3509 3009 3578 ἀπλήστως
3045 3508 3320 3578 ἐπιζητῶν
3370 3510 3468 3561 καὶ
3520 3506 3714 3560 ἐσθίων·
3737 3506 3784 3558 Ἠ

2246 3605 2437 3675 ὥσπερ
2471 3599 2632 3678 ἐάνῇ
2680 3619 2762 3666 τις
2809 3601 3001 3670 διψῶν,
3061 3601 3159 3654 καὶ
3203 3600 3431 3670 ἐπιδοθῇ
3481 3599 3627 3669 αὐτῷ
3671 3598 3785 3665 πόμα

2246 3697 2443 3766 γλυκὺ,
2485 3691 2604 3747 εἶτα
2649 3692 2956 3763 ἀρξάμενος
3009 3691 3110 3760 τῆς
3161 3690 3404 3756 γεύσεως
3460 3688 3785 3759 σφοεροτέρως

2247 3787 2454 3856 ἐγγίζει
2489 3785 2567 3856 τῷ
2595 3783 2765 3855 ποτῷ,
2804 3783 3067 3853 μειζόνως
3097 3783 3483 3854 ἐκκαιόμενος,
3515 3782 3608 3834 καὶ
3641 3779 3786 3848 σχεδὸν

2247 3877 2524 3940 ἄπαυστός
2553 3878 2699 3928 ἐστιν
2723 3876 2757 3945 ἡ
2791 3873 2979 3943 γεῦσις
3008 3873 3100 3926 τοῦ
3134 3873 3272 3926 Πνεύ
3283 3891 3476 3943 ματος,
3509 3873 3583 3937 ὡς
3605 3871 3786 3938 τοιούτῳ

2247 3970 2354 4024 τινὶ
2395 3967 2621 4030 δικαίως
2653 3963 3069 4029 ἁπεικάξεσθαι·
3116 3965 3211 4017 καὶ
3240 3963 3415 4018 ταῦτα
3459 3965 3522 4017 οὐ
3554 3963 3690 4031 λόγοι
3717 3963 3784 4030 ψι-

2247 4065 2349 4116 λοι.
2391 4062 2653 4131 Ἐργασία
2680 4059 2788 4129 γάρ
2819 4061 2937 4112 ἐστι
2969 4057 3062 4112 τοῦ
3104 4057 3259 4126 ἁγίου
3288 4056 3609 4126 Πνεύματος
3634 4059 3684 4106 ἐν
3714 4071 3787 4122 μυ·

2251 4153 2458 4225 στηρίῳ
2484 4150 2811 4206 διακονοῦσα
2859 4150 2937 4222 τῷ
2978 4149 3077 4220 νῷ.
3118 4148 3421 4218 Νομίζουσι.
3473 4149 3530 4200 δέ
3579 4163 3707 4208 τινες
3727 4145 3785 4196 ὅτι

2249 4245 2577 4316 ἀπεχόμενοι
2614 4243 2892 4312 γυναικὸς,
2940 4243 3034 4296 καὶ
3067 4242 3283 4296 πάντων
3321 4240 3432 4293 τῶν
3469 4237 3782 4309 φαινομένων,

2249 4340 2350 4411 ἤδη
2395 4338 2538 4407 ἆγιοί
2565 4340 2721 4390 εἰσιψ
2759 4337 2873 4390 ἀλλ’
2912 4336 3013 4405 οὐχ
3058 4333 3230 4397 οὕτως
3260 4333 3435 4387 ἐστίν.
3469 4333 3622 4384 Ἔστι
3651 4330 3784 4399 γὰρὴ

2250 4433 2420 4487 κακία
2443 4434 2500 4484 ἐν
2526 4430 2604 4500 τῷ
2626 4430 2724 4499 νῷ,
2765 4430 2862 4482 καὶ
2889 4430 2946 4481 ἐν
2969 4430 3034 4498 τῇ
3067 4427 3263 4498 καρδία
3284 4425 3350 4497 ζῇ
3385 4426 3484 4478 καὶ
3523 4422 3782 4492 ἐπαίρεται’

2251 4519 2406 4587 οὗτος
2433 4523 2491 4576 δέ
2521 4524 2668 4575 ἐστιν
2697 4521 2871 4588 ἅγιος,
2897 4521 2925 4571 ὁ
2955 4518 3249 4588 καθαρθεὶς
3273 4519 3368 4570 καὶ
3385 4515 3660 4585 ἀγιασθεὶς
3681 4511 3784 4566 κατὰ

2252 4618 2344 4670 τὸν
2377 4615 2486 4668 ἔσω
2510 4615 2816 4685 ἄνθρωπον.
2852 4613 3029 4664 Ὅπου
3061 4611 3169 4678 γὰρ
3198 4611 3231 4679 ή
3255 4609 3486 4680 ἀλήθεια
3508 4605 3781 4664 ἀνακύπτει,

2207 4705 2220 4714 ’
2253 4714 2370 4766 ἐκεῖ
2427 4712 2657 4783 μάχεται
2713 4712 2745 4781 ἡ
2792 4708 3002 4775 πλάνη,
3057 4705 3437 4769 σπουδάζουσα
3470 4702 3692 4772 καλύψαι
3714 4697 3782 4752 καὶ

2256 4805 2507 4859 θολῶσαι.

2319 4987 2416 5038 1Δ’.
2458 4984 2586 5034 Ὅτε
2640 4981 2689 5032 οἱ
2743 4979 2985 5032 Ἰουδαῖοι
3028 4977 3292 5047 ἐκράτουν
3346 4976 3444 5046 τὴν
3484 4972 3781 5045 ἱερωσύνην.

2250 5081 2344 5134 καὶ
2387 5077 2446 5142 ἐξ
2493 5074 2657 5128 αὐτοῦ
2687 5074 2780 5127 τοῦ
2814 5073 2998 5135 ἔθνους
3035 5070 3320 5124 ἐδιώκοντο
3381 5069 3474 5120 καὶ
3536 5066 3781 5122 ἐθλίϐοντο,

2249 5174 2438 5242 ἐπειδὴ
2471 5173 2817 5242 εἰστήκεισαν
2860 5170 2916 5221 ἐν
2953 5171 3018 5238 τῇ
3063 5165 3290 5236 ἀληθείᾳ
3312 5205 3326 5229 ,
3382 5163 3689 5232 Ἐλεάζαρος
3715 5156 3784 5209 καὶ

2251 5269 2302 5319 οἱ
2335 5263 2668 5319 Μακαὸαἴοι.
2704 5260 2819 5314 Νῦν
2855 5260 2910 5312 δέ
2955 5259 3139 5327 ἐπειδὴ
3185 5257 3294 5310 ἀπὸ
3322 5255 3415 5310 τοῦ
3461 5251 3680 5324 σταυροῦ
3714 5247 3783 5300 καὶ

2253 5359 2348 5414 τοῦ
2383 5357 2874 5426 καταπετάσματος
2900 5353 3248 5423 ἀνεχώρησεν
3285 5353 3342 5418 ἐξ
3370 5351 3547 5405 αὐτῶν
3577 5349 3632 5402 τὸ
3659 5349 3783 5400 Πνευ-

2259 5466 2355 5519 μα,
2387 5447 2571 5500 λοιπὸν
2612 5440 2713 5498 ὦδε
2758 5443 3120 5513 ἀπεκαλύφθη
3151 5445 3245 5496 καὶ
3280 5443 3547 5513 ἐνεργείή
3575 5438 3778 5532 ἁλήθειαῖ

2257 5539 2427 5594 Πάλιν
2455 5538 2547 5592 οὖν
2576 5539 2635 5604 ἐξ
2667 5537 2831 5591 αὐτοῦ
2862 5535 2956 5590 τοῦ
2987 5536 3172 5598 ἔθνους
3200 5533 3506 5589 διώκονται.
3549 5531 3629 5597 Ἐξ
3651 5529 3781 5583 αὐτου

2255 5630 2311 5683 δέ
2347 5629 2439 5682 τοῦ
2473 5629 2658 5694 ἔθνους
2683 5628 2965 5683 ἐδιώκοντο
2997 5627 3090 5681 καὶ
3123 5624 3419 5692 ἐθλίϐοντο,
3451 5625 3535 5679 ἵνα
3563 5622 3781 5692 γένωνται
