3966 6534
186 338 301 407 633

1386 344 1757 406 HOMILIIE.
1779 367 1848 383 -

1872 343 2058 405 HOM.
2082 344 2299 407 XVIII.
3367 345 3472 410 634

191 458 479 530 μάρτυρες
502 459 553 512 οἱ
597 457 933 530 φιλαλήθεις.
969 457 1093 522 Πῶς
1118 458 1228 530 γὰρ
1256 458 1557 528 φανήσεται
1586 461 1620 529 ὴ
1647 457 1773 528 ἀλή-

1885 458 2068 513 ctione
2098 455 2577 527 opprimebantur,
2620 465 2683 512 ut
2713 468 2985 529 martyres
3020 459 3343 527 evaderent,
3373 462 3470 530 qui

186 551 338 613 θεία,
383 552 433 604 εί
458 550 534 622 μὴ
563 551 675 622 ἔχει
702 553 829 615 τοὺς
858 551 1215 615 ὑπεναντίους
1243 552 1459 621 ψευδεῖς
1492 552 1655 613 ὄντας
1682 552 1778 604 καὶ

183 642 338 695 κατά
365 643 628 713 ἀληθείας
658 644 984 715 τρέχοντας;
1028 644 1147 697 Εἰσὶ
1177 645 1235 698 δὲ
1273 643 1370 699 καὶ
1398 645 1456 697 ἐν
1482 646 1596 707 τοῖς
1624 644 1779 697 ἀδελ-

181 740 313 802 φοῖς
341 736 701 804 βαστάζοντες
728 737 875 809 πάθη
907 739 1001 791 καὶ
1032 737 1260 801 θλίψεις·
1314 736 1519 806 πολλῆς
1549 735 1605 788 δὲ
1648 735 1780 805 χρῄ-

184 828 378 892 ζουσιν
402 831 720 899 ἀσφαλείας,
754 832 840 884 ἵνα
873 831 947 902 μὴ
977 832 1236 885 πέσωσιν.
1272 824 1365 893 Εἷς
1404 832 1513 902 γάρ
1557 846 1641 893 τις
1669 828 1778 882 τῶν

181 922 439 991 ἀδελφῶν
469 924 862 995 συνευχόμενός
894 942 1023 981 τινι.
1061 924 1449 995 ᾐχμαλωτίσθη
1494 923 1601 976 ὑπὸ
1627 921 1777 985 θείας

180 1012 495 1081 δυνάμεως,
527 1016 621 1067 καὶ
656 1017 958 1086 ἁρπαχθεὶς
984 1013 1091 1070 εἶδε
1122 1017 1218 1088 τὴν
1246 1019 1359 1071 ἄνω
1388 1017 1543 1070 πόλιν
1577 1017 1776 1088 Ἰερου-

185 1103 399 1172 σαλὴμ,
442 1106 535 1157 καὶ
575 1107 790 1171 εἰκόνας
826 1108 1093 1178 φωτεινὰς
1124 1111 1216 1162 καὶ
1250 1108 1366 1176 φῶς
1393 1108 1640 1178 ἄπειρον·
1684 1110 1779 1161 καὶ

181 1195 395 1262 ἤκουσε
438 1197 622 1267 φωνῆς
646 1198 933 1271 λεγούσης,
962 1197 1144 1266 οὗτός
1180 1202 1351 1255 ἐστιν
1383 1202 1414 1254 ὁ
1454 1202 1639 1266 τόπος
1667 1201 1779 1268 τῆς

180 1290 625 1357 καταπαύσεως
666 1291 787 1345 τῶν
815 1292 1079 1347 δικαίων·
1113 1296 1206 1347 καὶ
1256 1294 1395 1362 μετά
1450 1294 1646 1364 μικρὸν
1677 1312 1777 1362 φυ-

184 1380 431 1443 σιωθεὶς,
482 1382 577 1434 καὶ
604 1384 832 1453 νομίσας
860 1386 989 1456 περὶ
1039 1386 1235 1440 ἑαυτοῦ
1266 1386 1594 1458 ἑωρακέναι,
1635 1387 1775 1456 μετά

185 1470 357 1524 τοῦτο
387 1474 585 1546 εὑρέθη
619 1476 877 1547 ἐμπεσὼν
922 1480 1001 1542 εἰς
1046 1480 1114 1532 τὰ
1164 1479 1333 1534 ἄδυτα
1376 1479 1471 1532 καὶ
1501 1479 1779 1538 βαθύτατα

184 1565 296 1637 τῆς
323 1568 619 1639 ἁμαρτίας,
658 1572 736 1633 είς
770 1572 941 1642 μυρία
968 1574 1119 1627 κακά

259 1831 365 1888 IE'.
408 1834 470 1887 Εί
513 1830 604 1889 οὖν
657 1839 685 1891 6
728 1838 998 1910 ὲσὼτερος
1037 1840 1131 1894 καὶ
1170 1841 1375 1913 ὑψηλὸς
1429 1844 1612 1908 ἔπεσε,
1656 1845 1774 1909 πῶς

179 1926 413 1980 δύναται
467 1929 646 1997 λέγειν
683 1933 711 1984 6
736 1931 939 2001 τυχὼν,
984 1934 1066 1987 ὅτι
1093 1937 1424 2003 Νηστεύων
1469 1939 1566 1993 καὶ
1600 1940 1775 2008 ξενη-

179 2018 379 2072 τεύων
408 2020 506 2074 καὶ
531 2021 967 2093 διασκορπίζων
997 2026 1069 2079 τὰ
1089 2026 1441 2097 ὑπάρχοντα
1467 2030 1583 2099 ἤδη
1606 2032 1775 2101 ἅγιός

182 2112 345 2178 εὶμι;
377 2111 436 2164 ού
468 2114 575 2184 γὰρ
608 2115 641 2183 ἠ
674 2114 855 2185 ἀποχὴ
892 2117 1000 2169 τῶν
1040 2117 1226 2171 κακῶν
1269 2118 1409 2190 αὕτη
1444 2123 1593 2175 ἐστὶν
1621 2125 1654 2192 ἡ
1687 2140 1776 2175 τε·

187 2201 429 2267 λείωσις,
469 2205 583 2258 ἀλλ’
610 2208 658 2259 εί
683 2209 931 2276 εἰσῆλθες
960 2212 1040 2274 είς
1068 2212 1159 2263 τὸν
1186 2212 1311 2265 νοῦν
1344 2214 1434 2266 τὸν
1466 2216 1773 2286 ἠφανισμέ-

188 2312 303 2359 νον,
329 2297 419 2348 καὶ
449 2297 777 2363 ἀπέκτεινας
806 2301 895 2354 τὸν
922 2301 1047 2371 ὅφιν
1076 2302 1168 2357 τὸν
1190 2307 1502 2377 κατώτερον
1532 2308 1626 2360 τοῦ
1655 2309 1769 2374 νοῦ,

183 2388 286 2440 καὶ
320 2388 618 2460 βαθύτερον
660 2392 770 2446 τῶν
808 2393 1110 2463 λογισμῶν,
1164 2397 1245 2461 είς
1276 2397 1345 2451 τὰ
1374 2398 1641 2469 λεγόμενα
1670 2419 1772 2454 τα-

183 2482 341 2546 μιεῖα
389 2482 482 2535 καὶ
511 2483 796 2554 ἀποθήκας
842 2484 945 2554 τῆς
981 2485 1161 2557 ψυχῆς
1218 2490 1513 2560 φονεύοντά
1573 2510 1632 2545 σε
1679 2493 1774 2547 καὶ

181 2572 528 2636 φωλεύοντα·
566 2573 800 2639 ἄϐυσσος
850 2577 959 2647 γάρ
994 2582 1142 2632 ἐστιν
1177 2581 1210 2651 ἡ
1250 2582 1468 2652 καρδία’
1517 2585 1565 2636 εἰ
1595 2585 1773 2637 τοίνυν

180 2664 396 2716 ἐκεῖνον
463 2665 796 2733 ἐφόνευσας,
855 2669 949 2722 καὶ
998 2672 1180 2724 πᾶσαν
1240 2671 1340 2742 τὴν
1404 2675 1463 2727 ὲν
1512 2675 1594 2726 σοὶ
1634 2676 1774 2728 ἀκα-

181 2755 422 2827 θαρσίαν
489 2759 784 2824 ἐξέὸαλεςο
836 2762 947 2815 ὅλοι
1006 2763 1115 2832 γὰρ
1167 2765 1217 2817 οἱ
1274 2767 1553 2836 φιλόσοφοι
1604 2769 1697 2821 καὶ
1746 2770 1774 2821 ὁ

180 2850 354 2918 νόμος
387 2852 481 2903 καὶ
522 2853 572 2903 οἱ
610 2853 919 2919 ἀπόστολοι,
950 2858 1043 2908 καὶ
1075 2858 1107 2926 ἠ
1140 2856 1234 2909 τοῦ
1278 2858 1530 2929 Σωτῆρος
1561 2860 1775 2924 ἔλευσις

179 2942 317 3011 περὶ
350 2944 719 3013 καθαρότητος
747 2946 1045 3002 ποιοῦνται.
1075 2950 1193 3012 Πᾶς
1217 2949 1325 3019 γὰρ
1341 2950 1642 3022 ἀνθρώπων
1662 2954 1773 3006 εἴτε

192 3029 491 3095 Ἰουδαίων,
525 3035 634 3087 εἴτε
681 3033 977 3106 Ἑλλήνων,
1022 3037 1210 3109 ἀγαπᾷ
1256 3040 1356 3110 τὴν
1398 3041 1770 3113 καθαρότητα,

1880 549 2101 605 veritati
2147 548 2464 605 studebant.
2496 548 2785 617 Quomodo
2814 550 2966 605 enim
3008 551 3297 620 apparebit
3325 552 3472 606 veri-

1881 653 1988 709 tas,
2017 643 2125 699 nisi
2154 644 2415 699 habuerit
2448 644 2813 708 adversarios,
2851 644 2948 713 qui
2991 652 3047 700 et
3095 645 3208 699 sint
3238 645 3470 700 menda-

1879 750 1992 801 ces,
2020 743 2077 790 et
2102 736 2389 791 veritatem
2423 736 2717 790 invadant?
2740 737 2880 792 Sunt
2903 752 3126 806 quoque
3150 737 3205 791 in
3236 736 3471 792 fratrum

1879 843 2136 889 numero,
2160 828 2255 898 qui
2280 829 2668 884 affectionibus
2695 836 2789 883 aut
2823 828 3217 885 aﬂlictionibus
3246 829 3471 885 obnoxii

1880 929 2027 974 sunt.
2059 920 2271 987 Quibus
2310 921 2535 990 quidem
2570 937 2766 992 magna
2797 922 2981 976 cautio
3016 921 3330 976 adhibenda
3361 931 3468 987 est,

1879 1027 1951 1067 ne
1984 1013 2260 1067 labantur.
2292 1012 2527 1080 Quidam
2561 1014 2711 1068 enim
2743 1029 2808 1068 ex
2839 1013 3134 1079 fratribus,
3168 1029 3295 1069 cum
3339 1029 3470 1083 pre-

1881 1116 2100 1161 caretur
2126 1121 2253 1160 cum
2297 1106 2427 1172 alio,
2464 1115 2659 1175 captus
2692 1114 2779 1161 est
2810 1106 2997 1162 divina
3031 1107 3259 1171 virtute,
3294 1122 3471 1177 eaque

1880 1197 2146 1265 abreptus
2188 1195 2328 1249 vidit
2374 1211 2669 1266 supernam
2716 1196 2996 1252 civitatem
3042 1198 3373 1261 Jerusalem,
3415 1209 3473 1254 et

1879 1303 2144 1360 personas
2192 1288 2472 1350 illustres,
2522 1288 2823 1357 lumenque
2888 1289 3249 1356 immensum;
3306 1301 3472 1361 atque

1879 1383 2091 1439 audivit
2120 1396 2312 1436 vocem
2349 1381 2627 1437 dicentem
2664 1399 2676 1434 :
2706 1382 2805 1435 Hic
2833 1390 2909 1436 est
2941 1383 3083 1437 locus
3113 1386 3354 1454 requietis
3384 1386 3473 1454 ju-

1878 1488 2083 1531 storum
2108 1492 2127 1529 :
2149 1475 2422 1544 pauloque
2451 1483 2578 1544 post
2612 1473 2855 1537 inflatus,
2882 1484 2939 1529 et
2963 1477 3287 1531 existimans
3317 1477 3385 1532 de
3411 1494 3472 1533 se

1881 1568 2000 1639 ipso
2027 1583 2092 1623 ea
2136 1566 2369 1634 vidisse,
2414 1576 2605 1636 postea
2650 1578 2903 1637 repertus
2974 1577 3061 1623 est
3114 1568 3172 1622 in
3222 1569 3381 1641 adyta
3415 1577 3472 1625 et

1878 1659 2310 1732 profundissima
2349 1669 2727 1729 peccatorum,
2762 1669 2928 1731 atque
2972 1662 3031 1715 in
3072 1660 3287 1717 inﬁnita
3328 1662 3472 1718 mala

1880 1753 2159 1809 incidisse.

1807 1816 1849 1871 Β
1948 1846 2064 1903 XV.
2115 1847 2172 1902 Si
2222 1863 2353 1919 ergo
2403 1848 2655 1902 internus
2697 1855 2753 1901 et
2792 1845 3045 1901 sublimis
3089 1846 3256 1900 homo
3284 1846 3472 1915 lapsus

1875 1947 1981 2002 est,
2014 1954 2125 2008 quo
2157 1948 2317 2009 pacto
2358 1947 2542 2009 potest
2577 1938 2763 1993 dicere
2796 1937 2979 2005 quivis
3027 1937 3169 1992 alius
3196 1952 3228 1991 e
3262 1938 3426 2008 vulgo
3453 1956 3466 1992 :

1878 2028 2018 2095 Quia
2060 2030 2273 2101 jejuno,
2324 2030 2740 2101 hospitalitatem
2790 2046 3040 2095 exerceo,
3090 2047 3153 2083 ac
3184 2030 3319 2083 bona
3350 2044 3469 2083 mea

1876 2120 2150 2180 diatribae.
2176 2122 2297 2190 jam
2329 2137 2422 2191 ego
2446 2129 2660 2174 sanctus
2692 2121 2849 2174 sum?
2887 2120 3008 2175 Non
3043 2119 3194 2174 enim
3238 2134 3270 2172 a
3310 2120 3470 2174 malis

1875 2227 1935 2266 se
1973 2212 2239 2267 cohibere
2285 2213 2401 2283 ipsa
2442 2213 2715 2282 perfectio
2755 2223 2861 2305 es’t,
2911 2212 3005 2269 sed
3034 2213 3081 2268 si
3125 2212 3469 2283 inquinatam

1876 2314 2117 2359 mentem
2161 2313 2313 2359 tuam
2358 2305 2675 2375 ingressus,
2724 2304 2998 2360 oeCideris
3046 2312 3359 2373 serpentem
3411 2304 3469 2358 in

1876 2397 2236 2451 interioribus
2260 2397 2461 2452 mentis
2494 2413 2559 2453 ac
2592 2397 3047 2468 profundioribus
3070 2397 3469 2468 cogitationum

1875 2497 2093 2543 tuarum
2122 2490 2227 2559 77
2252 2488 2693 2554 delitescentem,
2720 2490 2927 2559 quippe
2953 2490 3010 2544 in
3034 2490 3391 2545 conclavibus
3412 2499 3470 2544 et

1876 2580 2223 2649 repositoriis
2242 2581 2440 2637 anima:
2464 2582 2530 2636 ad
2558 2592 2610 2636 te
2638 2581 3071 2636 interimendum
3093 2581 3286 2636 nidum
3305 2597 3467 2636 suum

1875 2673 2159 2741 componit
2188 2673 2305 2741 (cor
2329 2675 2478 2729 enim
2506 2683 2593 2728 est
2627 2673 2903 2745 abyssus),
2933 2672 3001 2738 si,
3034 2674 3280 2742 inquam,
3312 2671 3467 2726 illum

1876 2763 2244 2831 interfeceris,
2270 2775 2326 2820 et
2351 2782 2592 2831 omnem,
2619 2783 2726 2836 qua
2762 2767 3079 2837 inquinatus
3120 2782 3203 2831 es,
3252 2766 3469 2835 spurci.

1876 2857 2008 2911 tiem
2037 2858 2290 2927 eieceris.
2324 2857 2530 2914 Omnes
2570 2860 2720 2914 enim
2762 2858 3101 2930 philosophi,
3133 2859 3221 2912 lex
3247 2867 3303 2912 et
3332 2873 3469 2927 apo-

1877 2948 2003 3003 stoli
2035 2958 2201 3019 atque
2225 2950 2393 3005 etiam
2424 2951 2725 3007 Salvatoris
2758 2952 3033 3007 adventus
3062 2952 3209 3006 circa
3250 2951 3466 3021 purita-

1878 3050 1988 3095 tem
2052 3042 2325 3097 laborant.
2396 3042 2603 3099 Omnes
2667 3043 2945 3114 siquidem
3023 3044 3297 3107 bomines,
3349 3042 3466 3097 sive

181 3126 278 3178 καὶ
324 3126 387 3178 ού
437 3124 689 3179 δύνανται
720 3128 1070 3199 καθαρεύειν.
1118 3132 1239 3202 Χρὴ
1279 3131 1371 3185 οὖν
1416 3134 1767 3206 ἐπιζητῆσαι,

1879 3134 2076 3198 Judaei,
2115 3135 2230 3190 sive
2257 3135 2453 3201 Graeci,
2489 3137 2790 3206 puritatem
2831 3144 3114 3205 exoptant,
3156 3142 3213 3190 et
3246 3134 3467 3204 assequi

184 3222 303 3285 πῶς
340 3222 440 3274 καὶ
469 3222 557 3275 διὰ
584 3223 746 3277 τίνων
774 3225 1000 3279 δύναται
1038 3226 1101 3279 τὸ
1145 3228 1386 3298 καθαρὸν
1412 3230 1513 3300 τῆς
1540 3231 1771 3302 καρδίας

182 3317 462 3384 γενέσθαι.
501 3319 765 3388 Ούδαμῶς
814 3320 1102 3392 ἑτέρωθεν,
1155 3324 1203 3374 εί
1251 3324 1326 3393 μὴ
1372 3323 1459 3377 διά
1496 3323 1588 3376 τοῦ
1631 3323 1771 3396 ὑπὲρ

186 3408 345 3477 ἡμῶν
373 3410 800 3480 σταυρωθέντοςο
834 3411 997 3475 αὐτὸς
1023 3413 1132 3483 γάρ
1164 3416 1310 3467 ἐστιν
1339 3416 1371 3483 ὴ
1406 3415 1542 3479 ὁδὸς,
1570 3416 1602 3487 ἡ
1634 3414 1769 3485 ζωὴ,

195 3500 231 3567 ἠ
258 3500 499 3570 ἀλήθεια,
527 3503 560 3573 ἡ
614 3502 774 3573 θύρα,
816 3505 843 3556 ὁ
884 3507 1254 3575 μαργαρίτης,
1286 3507 1313 3559 6
1338 3507 1446 3573 ζῶν
1487 3509 1583 3563 καὶ
1616 3510 1643 3561 6
1676 3509 1770 3561 ού-

198 3590 380 3661 ράνιος
406 3593 587 3661 ἄρτος.
634 3594 746 3647 Καὶ
794 3594 895 3647 ούκ
940 3598 1175 3667 ἐγχωρεῖ
1222 3615 1344 3652 τινα
1388 3601 1515 3653 ἄνευ
1554 3600 1772 3669 ἐκείνης

188 3685 285 3753 τῆς
314 3686 591 3754 ἀληθείας,
633 3686 890 3758 ἀλήθειαν
933 3689 1157 3756 γνῶναι,
1194 3690 1223 3761 ἢ
1260 3690 1521 3762 σωθῆναι.
1553 3692 1768 3761 Ὠσπερ

184 3774 279 3831 οὖν
335 3781 416 3841 εἰς
446 3780 537 3832 τὸν
581 3778 685 3844 ἔξω
730 3781 1019 3846 ἄνθρωπον
1080 3782 1173 3835 καὶ
1226 3783 1307 3845 είς
1342 3782 1411 3837 τὰ
1467 3784 1771 3855 φαινόμενα

182 3872 514 3943 πράγματα,
546 3873 803 3938 emeda.)
838 3876 993 3939 πᾶσι,
1027 3876 1121 3928 καὶ
1157 3875 1419 3939 διέδωκας
1464 3878 1563 3946 τὴν
1594 3875 1773 3947 ὓπαρ-

180 3966 264 4031 ξὶν
295 3983 417 4019 σουο
451 3964 594 4019 οὕτω
620 3967 716 4019 καὶ⁹
742 3968 799 4018 ἐν
822 3969 886 4037 τῇ
924 3968 1087 4038 σοφία
1107 3972 1172 4038 τῇ
1208 3971 1469 4038 κοσμικῇ,
1496 3969 1546 4019 εἰ
1571 3967 1772 4036 γνῶσιν

178 4054 331 4121 ἔχεις
367 4056 465 4105 καὶ
509 4054 686 4122 λόγων
742 4058 917 4125 ἰσχὺν,
949 4056 1369 4129 ἀπορρίψασθαι
1407 4059 1585 4111 πάντα
1619 4058 1772 4127 ὀφεί-

174 4145 321 4209 λεις,
366 4147 462 4199 καὶ
508 4148 672 4218 μηδὲν
718 4150 1067 4219 ἡγήσασθαι,
1118 4151 1184 4202 ἵν’
1227 4150 1369 4204 οὕτω
1411 4150 1650 4223 δυνηθῇς
1679 4154 1773 4204 ἐπὶ

172 4240 245 4308 τῇ
290 4238 480 4309 μωρίᾳ
524 4239 617 4292 τοῦ
651 4241 1005 4312 κηρύγματος
1030 4244 1474 4315 οἰκοδομηθῆναι,
1501 4246 1637 4318 ὅπερ
1676 4247 1773 4315 κή-

174 4333 381 4401 ρυγμά
409 4334 559 4384 ἐστιν
611 4334 644 4402 ἡ
683 4333 891 4404 ἀληθὴς
937 4334 1119 4402 σοφία,
1169 4336 1269 4389 οὐκ
1311 4335 1510 4406 ἔχουσα
1559 4337 1773 4406 κόμπον

172 4420 385 4489 λόγων,
417 4423 553 4475 ἀλλὰ
594 4423 824 4494 δύναμιν
861 4424 930 4478 δι’
967 4426 1124 4494 ἁγίου
1165 4428 1399 4498 σταυροῦ
1450 4430 1774 4501 ἐνεργουμέ-

1873 3235 2179 3295 nequeunt.
2208 3227 2604 3295 lnquirendum
2634 3227 2801 3298 igitur
2828 3236 2932 3292 est,
2960 3227 3238 3297 quomodo
3259 3236 3315 3281 et
3342 3226 3468 3295 qui-

1873 3316 1977 3370 bus
2013 3316 2193 3369 modis
2226 3316 2438 3385 puritas
2467 3316 2652 3370 cordis
2680 3316 2986 3385 comparari
3027 3315 3218 3384 possit.
3243 3314 3466 3384 Nequa-

1872 3425 2036 3479 quam
2066 3409 2308 3474 aliunde,
2347 3425 2510 3478 quam
2546 3425 2644 3479 per
2673 3424 2823 3473 eum,
2853 3408 2945 3477 qui
2970 3423 3072 3478 pro
3102 3408 3262 3461 nobis
3285 3406 3467 3462 cruci-

1874 3500 2014 3556 ﬁxus
2045 3511 2149 3556 est.
2180 3501 2301 3571 Ipse
2335 3502 2482 3556 enim
2515 3510 2600 3556 est
2645 3501 2754 3564 via,
2799 3501 2934 3566 vita,
2983 3500 3207 3564 veritas,
3234 3500 3462 3564 ostium,

1875 3595 2188 3664 margarita,
2219 3596 2379 3648 vivus
2403 3609 2467 3649 ac
2503 3592 2743 3649 caelestis
2772 3592 2961 3661 panis;
2990 3607 3094 3645 nec
3116 3591 3244 3645 licet
3272 3590 3461 3657 alicui,

1874 3686 2082 3756 absque
2117 3687 2209 3741 illa
2239 3688 2496 3750 veritate,
2528 3685 2812 3740 veritatem
2860 3699 3213 3753 cognoscere,
3244 3691 3302 3738 et
3344 3698 3465 3738 ser-

1872 3778 2013 3832 vari.
2053 3778 2528 3845 Quemadmodum
2562 3777 2742 3847 quoad
2782 3776 3114 3831 exteriorem
3157 3776 3462 3842 hominem,

1874 3882 1932 3927 et
1972 3887 2037 3926 ea
2066 3888 2187 3942 qum
2229 3872 2512 3942 subiacent
2542 3871 2751 3935 oculis,
2798 3869 3060 3924 omnibus
3103 3867 3459 3933 renuntiasti,

1874 3971 1930 4017 et
1972 3962 2117 4017 bona
2151 3972 2244 4016 tua
2277 3961 2609 4017 distribuisti
2639 3979 2653 4014 :
2686 3961 2767 4015 sic
2794 3976 3014 4030 quoque
3041 3960 3107 4013 ad
3136 3960 3462 4029 sapientiam

1875 4054 2236 4117 mundanam,
2274 4055 2319 4108 si
2368 4070 2555 4108 rerum
2589 4054 2843 4107 notitiam
2888 4064 2985 4107 aut
3028 4053 3344 4107 facultatem
3378 4053 3464 4106 di-

1874 4147 2036 4201 cendi
2070 4162 2131 4201 es
2160 4146 2414 4217 adeptus,
2451 4146 2567 4200 hzec
2598 4145 2854 4199 universa
2902 4145 3142 4216 abjicere
3173 4144 3360 4206 debes.
3398 4158 3464 4199 ac

1874 4253 1976 4309 pro
2020 4239 2197 4292 nihilo
2253 4238 2488 4303 ducere,
2543 4246 2605 4292 ut
2653 4239 2725 4292 ita
2777 4237 2954 4307 possis
3012 4252 3180 4307 super
3226 4236 3461 4292 stultitia

1874 4330 2281 4400 pmdicationis
2308 4330 2590 4395 aediﬁcari,
2618 4346 2738 4400 qua?
2776 4329 2999 4399 quidem
3032 4330 3351 4399 praadicatio
3378 4339 3465 4385 est

1874 4438 2006 4476 vera
2040 4423 2333 4493 sapientia,
2369 4438 2565 4477 carens
2598 4432 2795 4477 ornatu
2840 4423 3162 4486 verborum,
3196 4423 3289 4477 sed
3328 4439 3465 4493 pra:-

172 4532 305 4583 νην.
344 4513 485 4579 Δόξα
546 4516 603 4585 τῇ
663 4518 934 4589 ὁμοουσίῳ
979 4518 1169 4591 Τριάδι
1220 4521 1302 4583 εἰς
1360 4520 1486 4584 τοὺς
1547 4521 1770 4585 αἰῶνας.

1880 4515 1993 4572 dita
2022 4516 2247 4581 virtute,
2282 4533 2380 4587 per
2424 4525 2668 4572 sanctam
2706 4531 2927 4572 crucem
2960 4524 3248 4585 operante.
3277 4515 3465 4572 Gloria

186 4606 251 4658 ’A
262 4606 396 4676 μήν.

792 4747 1033 4800 OMIAIA
1067 4747 1175 4803 ΠΡ.

168 4836 327 4904 Περὶ
355 4837 463 4890 τοῦ
490 4838 799 4909 θησαυροῦ
830 4838 950 4892 τῶν
976 4840 1368 4909 Χριστιανῶν,
1405 4841 1641 4909 δηλαδὴ
1669 4842 1773 4897 τοῦ

252 4908 521 4982 Χρέστοῦ
574 4908 671 4982 καὶ
704 4908 1061 4982 ⁸Πνεύιτιατος
1090 4913 1294 4980 ἁγίου,
1336 4908 1637 4982 διαφόρως(
1660 4914 1778 4968 ἀσ-

248 4978 517 5043 κοῦντος
543 4978 766 5045 αὐτοὺς
795 4981 946 5048 πρὸς
974 4981 1041 5034 τὸ
1062 4978 1281 5051 spodi-at
1307 4985 1395 5049 εὶς
1421 4978 1537 5052 ἑὴῶ*
1555 4978 1776 5038 τέλειό-

250 5066 429 5117 τητα.

247 5165 337 5217 Δ’.
377 5164 444 5217 Et
462 5181 546 5225 τις
573 5166 631 5218 ὲν
656 5164 733 5235 τῷ
758 5166 949 5237 κόσμῳ
976 5166 1235 5232 πλούσιος
1258 5169 1466 5240 σφόδρα
1488 5170 1771 5240 τυγχάνει,

170 5258 286 5310 καὶ
315 5255 593 5326 θησαυρὸν
622 5256 947 5328 ἀπόκρυφον
975 5258 1259 5330 κέκτηται,
1290 5261 1355 5313 ὲκ
1375 5258 1469 5313 τοῦ
1492 5259 1773 5330 θησαυροῦ

169 5346 285 5399 καὶ
327 5344 563 5398 πλούτου
610 5341 783 5416 οὗπερ
821 5346 970 5417 ἔχει,
1018 5349 1197 5402 πάντα
1224 5349 1325 5402 ὃσα
1350 5347 1516 5413 θέλει,
1551 5350 1770 5402 κτᾶται·

171 5439 288 5493 καὶ
334 5433 425 5492 οἷα
474 5438 721 5509 βούλεται
758 5440 817 5492 ὲν
849 5439 928 5508 τῷ
956 5440 1148 5511 κόσμῳ
1177 5441 1436 5512 κτήματα
1462 5481 1479 5507 ,
1531 5441 1774 5512 εὐχερῶς

171 5532 515 5602 ἐπισυνάγει
538 5574 554 5599 ,
608 5532 688 5604 τῷ
737 5532 997 5604 θησαυρῷ
1041 5533 1355 5599 πεποιθὼς,
1393 5534 1475 5588 ὅτι
1508 5533 1574 5589 δι’
1606 5535 1772 5590 αὐτοῦ

173 5626 377 5681 πᾶσαν
407 5625 622 5695 κτῆσιν,
652 5626 719 5696 ἣν
746 5624 813 5679 ἂν
841 5625 1118 5696 βούληται,
1152 5626 1391 5689 εὐκόλως
1417 5628 1637 5682 κτᾶται.
1671 5626 1775 5681 Οὖ-

171 5735 300 5779 τως
334 5717 430 5769 καὶ
460 5718 509 5769 οἱ
540 5718 758 5789 πρῶτον
789 5716 1081 5787 ζητοῦντες
1112 5718 1262 5789 παρά
1292 5717 1433 5787 Θεῷ,
1469 5718 1562 5771 καὶ
1589 5720 1775 5790 εὑρόν-

171 5824 282 5873 τες
302 5851 317 5877 ,
356 5809 451 5864 καὶ
482 5809 695 5883 ἔχοντες
725 5810 817 5864 τὸν
845 5812 1168 5881 ἐπουράνιον
1197 5808 1292 5865 τοῦ
1322 5809 1642 5882 Πνεύματος
1672 5811 1773 5883 θη-

1879 4607 2334 4664 consubstantiali
2364 4607 2623 4662 Trinitati
2651 4607 2708 4661 in
2737 4607 2956 4661 saecula.
2982 4608 3180 4661 Amen.

2417 4743 2703 4799 HOMILIA
2740 4741 2929 4798 XVIII.

1877 4837 1957 4892 De
1987 4840 2231 4892 thesauro
2274 4836 2719 4897 Christianorum,
2750 4835 2986 4889 videlicet
3034 4833 3240 4890 Christo
3269 4842 3319 4886 et
3344 4830 3465 4903 Spi-

1948 4911 2055 4963 ritu
2085 4919 2288 4973 sancto,
2324 4910 2483 4962 variis
2525 4908 2689 4961 modis
2716 4915 2987 4960 exercente
3020 4923 3126 4972 eos,
3155 4914 3214 4958 ut
3250 4906 3320 4958 ad
3346 4920 3466 4974 per-

1952 4982 2222 5050 fectionem
2252 4980 2581 5050 perveniant.

1947 5170 1988 5224 Ι.
2033 5169 2091 5225 Si
2136 5169 2260 5239 quis
2307 5169 2362 5223 in
2410 5168 2517 5223 hoe
2566 5167 2772 5222 mundo
2812 5165 2971 5221 valde
3010 5164 3305 5235 opulentus
3354 5163 3460 5227 sit,

1877 5262 2338 5333 reconditumque
2399 5264 2723 5318 thesaurum
2784 5260 3102 5331 possideat,
3172 5275 3271 5328 per
3330 5273 3460 5313 eum

1877 5362 2042 5423 atque
2080 5352 2302 5407 divitias
2349 5354 2553 5417 omnia,
2592 5367 2934 5423 quaecunque
2976 5350 3225 5415 libuerit,
3270 5364 3465 5404 conse-

1877 5445 2067 5516 quitur
2104 5462 2117 5499 :
2150 5453 2207 5500 et
2248 5460 2606 5515 quascunque
2636 5445 2876 5501 voluerit
2908 5445 2964 5499 in
2997 5444 3205 5500 mundo
3237 5459 3462 5515 possis

1878 5538 2083 5601 siones,
2122 5538 2329 5609 absque
2372 5539 2524 5593 omni
2573 5539 2785 5606 labore,
2818 5540 3077 5594 thesauro
3118 5554 3219 5594 suo
3263 5538 3461 5601 fretus,

1877 5629 2154 5697 corradit;
2189 5645 2255 5684 eo
2293 5629 2441 5699 quod
2485 5630 2610 5703 ejus
2640 5645 2744 5700 ope
2780 5644 2997 5684 omnem
3031 5628 3459 5699 possessionem,

1875 5738 2264 5794 quamcunque
2298 5723 2554 5789 voluerit,
2592 5724 2751 5779 facile
2789 5732 3183 5793 consequatur.
3238 5720 3330 5777 Sic
3363 5722 3461 5791 qui

1875 5814 2115 5884 primum
2150 5822 2207 5871 et
2232 5822 2362 5872 ante
2396 5814 2580 5874 omnia
2612 5823 2867 5888 quaerunt
2894 5831 2927 5870 a
2948 5814 3061 5872 Deo
3085 5824 3140 5870 et
3170 5813 3465 5878 inveniunt
