3966 6500
559 331 665 395 635

1806 326 1865 385 S.
1907 320 2143 387 ΜΜΣΑΙἸ

2266 316 2590 377 [ΈΟΥΡΤῙΙ
3699 318 3779 381 θὲὕ

559 458 625 497 ac
676 443 1091 507 consequuntur
1142 434 1425 489 C(elestem
1484 434 1803 489 thesaurum
1866 431 2139 512 Spiritus,

2248 425 2447 495 σαυρὸν
2468 466 2482 489 ,
2536 424 2697 479 αὐτὸν
2740 424 2833 478 τὸν
2871 425 3079 496 Κύριον
3125 425 3184 478 ἐν
3214 428 3335 490 ταῖς
3365 426 3616 495 καρδίαις
3637 430 3783 483 αὐτῶν

561 535 742 603 ipsum
787 530 999 586 scilicet
1031 525 1345 589 Dominum,
1375 526 1431 579 in
1479 526 1739 580 cordibus
1788 525 2029 587 illorum,
2062 521 2143 575 illi

560 640 783 679 omnem
822 623 1089 695 justitiam
1133 621 1427 681 virtutum,
1468 631 1798 686 omnemque
1834 614 2142 684 possessio-

566 733 694 772 nem
746 715 1011 771 bonitatis
1068 720 1471 783 praeceptorum
1522 708 1780 772 Domini,
1835 722 1938 776 ope
1992 704 2144 759 illius

564 807 834 873 thesauri,
869 806 963 876 qui
989 806 1159 859 haeret
1181 804 1234 857 in
1258 803 1339 857 eis
1360 800 1603 864 Christo,
1632 799 1945 869 perﬁciunt,
1978 804 2143 867 atque

561 902 681 972 ejus
725 914 829 969 ope
882 898 1136 952 caelestes
1186 895 1408 948 divitias
1452 892 1821 947 accumulant.
1874 890 2144 947 Thesauri

560 993 709 1047 enim
756 990 997 1046 caelestis
1041 986 1313 1043 beneﬁcio
1342 1001 1561 1041 omnem
1603 985 1865 1039 virtutem
1896 984 2141 1054 justitize,

560 1083 685 1137 freti
710 1082 866 1151 copia
890 1081 1206 1135 divitiarum
1241 1079 1610 1150 spiritualium
1639 1094 1762 1149 qua:
1786 1086 1916 1133 sunt
1955 1077 2011 1131 in
2053 1077 2141 1143 iis,

558 1180 878 1242 operantur,
913 1172 1174 1241 nulloque
1223 1171 1444 1240 negotio
1497 1186 1717 1225 omnem
1764 1169 2036 1239 justitiam
2076 1184 2142 1223 ac

558 1265 879 1319 mandatum
913 1265 1152 1327 Domini,
1191 1262 1556 1317 invisibilium
1582 1262 1900 1316 divitiarum
1933 1260 2140 1333 gratize,

558 1374 680 1429 quae
706 1368 791 1413 est
823 1358 879 1411 in
910 1358 1064 1427 ipsis,
1091 1338 1221 1426 ope,
1250 1356 1430 1426 reipsa
1470 1364 1757 1425 peragunt.
1791 1355 1973 1423 lnquit
2009 1368 2141 1408 vero

557 1460 616 1505 et
642 1451 942 1520 Apostolus
971 1465 1191 1519 quoque
1221 1467 1235 1503 :
1263 1450 1521 1503 Habentes
1552 1449 1856 1500 thesaurum
1888 1448 2049 1499 istum
2085 1447 2140 1499 in

558 1543 697 1595 vasis
723 1541 970 1609 ﬁctilibus
997 1542 1063 1605 9°,
1091 1540 1194 1595 hoc
1224 1546 1327 1604 est,
1351 1554 1538 1608 quem,
1564 1540 1657 1608 qui
1685 1539 1741 1591 in
1768 1553 1931 1591 carne
1961 1536 2141 1590 adhuc

559 1642 708 1700 sunt,
732 1622 998 1703 consequi
1029 1633 1179 1702 digni
1216 1632 1391 1686 habiti
1440 1642 1589 1694 sunt,
1620 1632 1881 1685 virtutem
1930 1629 2141 1685 scilicet

560 1726 800 1795 Spiritus
832 1724 1331 1779 sanetiﬁeatricem.
1360 1725 1425 1779 Et
1450 1740 1679 1779 rursus:
1714 1722 1817 1788 Qui
1845 1724 2013 1793 factus
2046 1741 2140 1776 no-

2245 516 2591 586 ὲλλάμποντα
2612 556 2625 581 ,
2664 517 2847 570 πᾶσαν
2877 516 3223 588 δικαιοσύνην
3253 518 3487 589 ἀρετῶν,
3519 520 3611 571 καὶ
3638 524 3787 576 πᾶσαν

2244 611 2438 679 κτῆσιν
2468 608 2808 679 ἁγαθότητος
2835 608 2943 662 τῶν
2973 609 3204 663 ἐντολῶν
3235 607 3329 661 τοῦ
3353 608 3561 679 Κυρίου
3579 650 3593 673 ,
3632 611 3689 662 ἐκ
3713 614 3790 667 τοῦ

2242 699 2520 770 θησαυροῦ
2569 700 2665 753 τοῦ
2716 702 2775 754 ἐν
2819 702 3001 764 αὐτοῖς
3029 700 3183 765 ὄντος
3208 700 3447 772 Χριστοῦ
3492 701 3792 768 ἐπιτελοῦσι,

2242 792 2337 843 καὶ
2388 791 2465 845 δι’
2512 791 2679 845 αὐτοῦ
2734 792 2957 845 πλείονα
3001 790 3231 846 πλοῦτον
3273 793 3527 863 οὐράνιον
3595 794 3795 847 ἐπισυνς

2244 882 2459 951 άγουσι.
2516 883 2616 936 Διά
2664 884 2775 954 γὰρ
2824 885 2919 937 τοῦ
2950 884 3275 956 ἐπουρανίου
3304 883 3579 955 θησαυροῦ
3634 887 3791 941 πᾶσαν

2243 974 2444 1045 ἀρετὴν
2475 974 2822 1044 δικαιοσύνης
2853 973 3322 1046 κατεργάζονται,
3378 976 3694 1039 πεποιθότες
3724 980 3799 1033 ἐπὶ

2242 1066 2320 1137 τῷ
2350 1067 2543 1139 πλήθει
2591 1066 2684 1121 τοῦ
2720 1068 2778 1121 ἐν
2814 1068 3001 1130 αὐτοῖς
3033 1068 3265 1121 πλούτου
3295 1068 3689 1138 πνευματικοῦ,
3721 1070 3801 1123 καὶ

2243 1157 2481 1221 εὐκόλως
2525 1158 2706 1211 πᾶσαν
2736 1156 3088 1229 δικαιοσύνην
3122 1158 3217 1211 καὶ
3245 1158 3467 1230 ἐντολὴν
3496 1159 3592 1212 τοῦ
3620 1161 3802 1229 Κυρίου

2242 1249 2330 1303 διὰ
2358 1248 2451 1301 τοῦ
2478 1250 2711 1317 ἀοράτου
2741 1251 2839 1320 τῆς
2860 1251 3084 1321 χάριτος
3112 1250 3169 1303 ἐν
3194 1251 3380 1314 αὐτοῖς
3405 1251 3640 1304 πλούτου
3666 1252 3805 1321 ἑργάο

2243 1338 2451 1403 ζονται.
2500 1341 2637 1412 Φησὶ
2681 1341 2737 1393 δὲ
2786 1342 2878 1394 καὶ
2917 1345 2944 1394 ὁ
2988 1342 3342 1405 Ἀπόστολος·
3394 1342 3680 1411 Ἔχοντες
3716 1345 3806 1397 τὸν

2243 1436 2552 1503 θησαυρὸν
2580 1437 2795 1490 τοῦτον
2825 1437 2896 1491 ἐν
2928 1438 3311 1503 ὀστρακίνοις
3343 1438 3629 1502 σκεύεσι,
3668 1456 3803 1491 τουτ-

2242 1530 2390 1581 έστιν
2418 1571 2432 1595 ,
2489 1530 2548 1582 ὃν
2578 1532 2636 1583 ἐν
2664 1530 2829 1601 σαρκὶ
2857 1531 3011 1594 ὄντες
3048 1529 3354 1600 κτήσασθαι
3394 1530 3451 1582 ἐν
3481 1532 3668 1593 αὐτοῖς
3694 1547 3804 1583 κατ-

2241 1620 2573 1691 ηξιώθησαν,
2608 1622 2707 1693 τὴν
2739 1624 3065 1692 ἀγιαστικὴν
3091 1623 3321 1691 δύναμιν
3349 1623 3443 1675 τοῦ
3470 1622 3798 1691 Πνεύματος’

2243 1716 2338 1769 καὶ
2367 1716 2547 1780 πάλιν,
2584 1718 2688 1783 Ὃς
2707 1716 2960 1786 ἐγενήθη
2987 1717 3132 1785 ἡμῖν
3158 1717 3343 1785 σοφία
3371 1716 3490 1770 ἀπὸ
3518 1714 3626 1769 τοῦ
3653 1715 3798 1783 Θεοῦ,

559 1818 633 1871 bis
667 1827 743 1872 est
779 1836 809 1872 a
839 1818 949 1871 Deo
972 1816 1237 1885 sapientia
1259 1857 1273 1881 ,
1301 1817 1511 1885 justitia
1532 1856 1547 1881 ,
1589 1814 1938 1884 sanctiﬁcatio
1980 1824 2028 1868 et
2059 1832 2141 1869 re-

2248 1806 2602 1875 δικαιοσύνη
2631 1823 2693 1861 τε
2722 1784 2822 1860 καὶ
2846 1784 3161 1878 ἁγιασμὸς,
3192 1784 3291 1860 καὶ
3319 1807 3749 1875 ἀπολύτρωσις.

559 1910 787 1976 demptio
801 1910 869 1964 ⁹¹.

632 2000 696 2055 ll.
730 2001 1057 2071 Quicunque
1082 2001 1252 2071 igitur
1282 2000 1491 2070 reperit
1533 2015 1597 2054 ac
1639 1998 1883 2069 possidet
1909 1997 2053 2069 apud
2082 2013 2140 2052 se

560 2094 839 2148 cmlestem
891 2094 1040 2148 hunc
1090 2094 1412 2147 thesaurum
1468 2091 1743 2161 Spiritus,
1787 2090 1878 2145 ille
1921 2105 2142 2144 onmem

556 2184 827 2255 justitiam
876 2194 1314 2254 praeceptorum,
1376 2199 1441 2238 ac
1493 2199 1716 2237 omnem
1767 2183 2142 2252 operationem

559 2276 852 2341 virtutum,
888 2278 1096 2347 absque
1142 2277 1287 2331 omni
1326 2275 1756 2346 reprehensione
1806 2284 1863 2329 et
1909 2275 2140 2337 macula,

559 2369 680 2437 ejus
707 2383 811 2437 ope
836 2369 1064 2438 peragit,
1102 2376 1158 2423 et
1184 2365 1406 2437 quidem
1443 2366 1596 2420 nullo
1625 2365 1869 2436 negotio,
1900 2379 2004 2418 nec
2034 2363 2144 2417 ulla

560 2460 637 2514 vi.
670 2459 1033 2516 Obsecremus
1064 2460 1235 2530 igitur
1263 2476 1365 2514 nos
1403 2473 1625 2529 quoque
1659 2458 1854 2518 Deum,
1898 2455 2145 2525 postule-

561 2553 740 2607 lemus
785 2567 848 2606 ac
876 2553 1238 2622 deprecemur
1278 2566 1427 2615 eum,
1462 2559 1520 2604 ut
1553 2549 1872 2603 thesaurum
1905 2546 2145 2617 Spiritus

561 2644 650 2698 sui
681 2644 841 2698 nobis
882 2644 1169 2715 largiatur,
1202 2650 1263 2696 ut
1296 2642 1401 2697 hoc
1446 2641 1609 2696 modo
1642 2642 1699 2695 in
1728 2640 2001 2695 mandatis
2026 2641 2145 2710 ejus

561 2736 817 2791 omnibus
853 2736 971 2790 sine
1004 2735 1434 2805 reprehensione
1479 2743 1535 2789 et
1576 2734 1787 2788 macula
1829 2732 2059 2796 versari,
2089 2740 2145 2786 et

560 2844 780 2884 omnem
820 2828 1092 2898 justitiam
1140 2826 1382 2896 Spiritus
1426 2841 1563 2895 pure
1608 2840 1673 2879 ac
1718 2824 1959 2894 perfecte
1991 2838 2143 2877 com-

561 2920 735 2991 plere,
767 2920 1008 2975 caelestis
1051 2918 1321 2983 thesauri,
1351 2918 1446 2989 qui
1472 2926 1556 2973 est
1578 2916 1853 2982 Christus,
1876 2914 2145 2970 beneﬁcio

562 3011 856 3081 possimus.
887 3012 1104 3080 Pauper
1135 3010 1282 3065 enim
1326 3025 1390 3064 ac
1423 3008 1731 3072 mendicus,
1762 3015 1819 3061 et
1862 3007 1957 3076 qui
2003 3005 2145 3059 fame

2315 1992 2395 2045 B'.
2439 1990 2500 2044 '0
2531 1986 2624 2044 οὖν
2660 1990 2839 2061 εὑρὼν
2867 1991 2963 2044 καὶ
2987 1990 3125 2061 ἔχων
3156 1992 3212 2044 ἐν
3239 1990 3421 2060 ἐαυτῷ
3463 1992 3555 2044 τὸν
3585 1992 3800 2061 ἐπουρά-

2245 2102 2355 2139 νιον
2403 2085 2497 2138 τοῦ
2547 2083 2867 2154 Πνεύματος
2914 2085 3219 2156 θησαυρὸν,
3246 2082 3447 2138 πᾶσαν
3476 2085 3803 2155 δικαιοσύνην

2246 2176 2506 2242 ἐντολῶν,
2558 2177 2655 2231 καὶ
2686 2178 2865 2230 πᾶσαν
2896 2177 3158 2246 ἐργασίαν
3183 2175 3418 2245 ἀρετῶν,
3452 2178 3700 2247 ἀμώμως
3724 2180 3805 2230 καὶ

2246 2268 2503 2339 καθαρῶς
2555 2270 2612 2319 ἐν
2656 2266 2828 2335 τούτῳ
2871 2265 3293 2333 κατεργάζεται,
3328 2265 3605 2327 ἀϐιάστως
3636 2264 3802 2318 λοιπὸν

2246 2359 2339 2413 καὶ
2392 2358 2648 2421 εὐκόλως.
2713 2357 3195 2428 Παρακαλέσωμεν
3244 2352 3337 2409 οὖν
3387 2356 3483 2408 καὶ
3524 2358 3687 2425 ἡμεῖς
3730 2358 3807 2409 τὸν

2245 2452 2376 2506 Θεὸν
2403 2491 2418 2516 ,
2476 2452 2570 2505 καὶ
2616 2450 3011 2521 ἐκζητήσωμεν
3058 2450 3153 2503 καί
3198 2449 3484 2518 δεηθῶμεν
3513 2448 3701 2513 αὑτοῦ,
3734 2450 3809 2503 ἵνα

2244 2544 2336 2597 τὸν
2369 2543 2641 2614 θησαυρὸν
2673 2542 2769 2595 τοῦ
2803 2542 3119 2613 Πνεύματος
3145 2542 3310 2595 αὑτοῦ
3346 2543 3645 2613 χαρίσηται
3672 2543 3807 2611 ἡμῖν,

2248 2635 2341 2688 καὶ
2388 2634 2562 2697 οὐτως
2610 2634 2669 2687 ἐν
2712 2635 2833 2697 ταῖς
2874 2632 3116 2695 ἐντολαῖς
3145 2632 3311 2685 αὐτοῦ
3345 2633 3549 2695 πάσαις
3582 2630 3811 2700 ἀμῶμως

2245 2731 2342 2782 καὶ
2388 2729 2647 2800 καθαρῶς
2694 2729 3112 2798 ἀναστραφῆναι
3162 2726 3521 2796 δυνηθῶμεν,
3585 2726 3684 2778 καὶ
3729 2726 3812 2794 τὴν

2245 2821 2595 2891 δικαιοσύνην
2640 2821 2735 2874 τοῦ
2774 2821 3092 2887 Πνεύματος
3122 2821 3301 2872 πᾶσαν
3327 2817 3588 2887 καθαρῶς
3622 2818 3715 2870 καὶ
3740 2833 3813 2868 τε·

2246 2913 2404 2973 λείως
2434 2911 2832 2982 ἀποπληρῶσαι
2861 2952 2876 2977 ,
2928 2911 3016 2965 διὰ
3047 2910 3141 2963 τοῦ
3172 2909 3499 2979 ἐπουρανίου
3527 2907 3812 2978 θησαυροῦ,

2246 3005 2305 3069 ὃς
2332 3006 2448 3058 ἐστι
2474 3004 2730 3075 Χριστός.
2750 3004 2807 3057 Ὀ
2831 3005 2940 3071 γὰρ
2965 3003 3131 3072 πένης
3160 3002 3255 3056 καλ⁸
3276 3002 3492 3071 πτωχὸς
3513 3004 3610 3054 καὶ
3632 3000 3814 3067 λιμώτ-

562 3104 795 3169 laborat,
827 3104 884 3157 in
912 3102 1117 3156 mundo
1147 3100 1284 3154 nihil
1327 3110 1509 3170 potest
1540 3113 1878 3169 comparare,
1907 3112 2143 3167 pauper-

2250 3116 2380 3161 των,
2415 3098 2473 3149 ἐν
2500 3097 2691 3167 κόσμῳ
2721 3097 2871 3149 οὐδὲν
2900 3096 3127 3148 δύναται
3157 3093 3483 3164 κτήσασθαι,
3514 3093 3618 3161 τῆς
3643 3092 3812 3152 πενίας

565 3203 675 3248 tate
705 3210 831 3248 eum
865 3202 1167 3262 premente.
1214 3191 1318 3258 Qui
1354 3208 1488 3246 vero
1530 3192 1849 3245 thesaurum
1880 3189 2145 3259 possidet,

567 3294 629 3340 ut
659 3286 983 3355 praedictum
1011 3285 1121 3354 78
1148 3292 1251 3347 est,
1287 3284 1492 3353 absque
1522 3283 1670 3337 omni
1699 3282 1921 3352 negotio
1949 3290 2005 3336 et
2034 3295 2151 3334 mo-

565 3377 745 3442 lestia,
778 3392 1135 3446 quascunque
1186 3376 1460 3446 exeptarit
1503 3374 1903 3445 possessiones,
1952 3386 2149 3426 conse-

566 3463 793 3533 quitur:
822 3462 903 3517 sic
928 3478 1146 3532 quoque
1174 3463 1355 3517 anima
1386 3464 1552 3527 nuda,
1588 3476 1652 3517 ac
1682 3463 1941 3516 societate
1971 3459 2148 3529 Spiri-

569 3564 660 3610 tus
704 3554 1003 3620 destituta,
1060 3564 1116 3612 et
1161 3556 1230 3611 ad
1275 3556 1467 3611 duram
1519 3564 1895 3625 paupertatem
1937 3553 2147 3623 peccati

568 3648 811 3710 redacta,
847 3648 1060 3703 nullum
1107 3657 1309 3718 potest,
1341 3656 1681 3718 quantopere
1724 3645 1985 3710 voluerit,
2022 3644 2149 3714 Spi-

566 3738 710 3792 ritus
736 3736 965 3808 justitiae
994 3738 1233 3793 fructum
1282 3754 1473 3793 revera
1503 3738 1827 3808 producere,
1856 3744 2147 3806 antequam

568 3827 806 3897 Spiritus
837 3829 1108 3900 particeps
1142 3829 1283 3884 facta
1318 3831 1406 3884 sit.

638 3917 728 3971 Ill.
768 3918 1153 3973 Verumtamen
1200 3920 1254 3974 vi
1303 3919 1537 3990 quadam
1585 3935 1644 3975 se
1692 3935 1965 3990 quemque
1998 3935 2148 3975 com-

567 4013 771 4083 pellere
820 4022 1078 4083 oportet,
1135 4014 1203 4068 ad
1254 4014 1553 4086 rogandum
1603 4015 1808 4079 Deum,
1845 4022 1905 4067 ut
1949 4013 2147 4083 dignus

563 4104 878 4174 judicetur,
910 4106 1004 4175 qui
1054 4115 1425 4175 consequatur
1469 4114 1525 4161 et
1577 4105 1821 4161 inveniat
1864 4106 2146 4160 caelestem

571 4196 889 4251 thesaurum
911 4196 1169 4266 Spiritus,
1198 4212 1261 4252 ac
1287 4198 1458 4266 possit
1483 4197 1688 4268 absque
1717 4197 1867 4251 omni
1898 4195 2146 4251 molestia

568 4297 626 4342 et
666 4288 854 4342 labore
886 4288 1149 4357 perlicere
1184 4290 1369 4343 omnia
1418 4298 1690 4359 praecepta
1726 4289 1965 4353 Domini,
2009 4305 2146 4359 pure

569 4397 634 4436 ac
676 4383 795 4436 sine
838 4381 1302 4451 reprehensione,
1338 4398 1459 4451 quae
1510 4383 1694 4452 prius,
1730 4398 1798 4436 ne
1831 4383 1885 4437 vi
1922 4382 2143 4452 quidem

564 4472 839 4537 adhibita,
870 4488 981 4527 non
1021 4480 1237 4541 poterat
1265 4482 1411 4528 recte
1442 4474 1726 4543 perlicere.
1756 4474 1969 4543 Pauper
1995 4474 2141 4528 enim
2174 4465 2220 4520 Ῑ)

569 4582 695 4621 eum
738 4575 886 4620 esset
912 4573 967 4619 et
996 4565 1200 4630 nudus,
1248 4580 1313 4620 ac
1356 4565 1617 4620 societate
1646 4564 1886 4635 Spiritus
1916 4565 2146 4620 destitu-

571 4669 679 4721 tus,
710 4673 817 4727 qua
877 4657 1090 4713 ratione
1146 4657 1292 4713 bona
1352 4659 1469 4714 Ι)ωο
1526 4658 1830 4728 spiritualia
1879 4658 2143 4728 consequi

567 4751 768 4821 potuit,
806 4749 1013 4820 absque
1057 4750 1317 4805 thesauro
1364 4760 1422 4805 et
1471 4750 1856 4822 spiritualibus
1903 4750 2144 4805 divitiis?

569 4842 773 4896 Verum
807 4843 1010 4910 anima,
1045 4860 1167 4913 quae
1192 4844 1505 4907 Dominum,
1541 4860 1638 4913 per
1670 4843 2141 4913 investigationem

570 4930 828 4999 Spiritus,
848 4930 1011 4987 ﬁdem
1031 4948 1095 4987 ac
1120 4933 1347 4987 multam
1374 4933 1713 5003 patientiam,
1733 4949 1924 4989 verum
1946 4948 2143 5003 nempe

570 5023 891 5079 thesaurum
942 5025 1167 5095 reperit,
1218 5026 1434 5081 fruetus
1484 5024 1721 5096 Spiritus
1765 5024 2039 5094 producit,
2082 5033 2144 5080 ut

569 5117 777 5171 dictum
806 5127 908 5184 est,
942 5118 1151 5188 absque
1198 5119 1347 5173 omni
1394 5118 1601 5180 labore,
1629 5132 1957 5188 omnemque
1979 5116 2142 5188 justi-

570 5210 723 5275 tiam,
754 5226 817 5264 ac
848 5220 1118 5281 praecepta
1150 5211 1388 5274 Domini,
1424 5226 1545 5280 qua:
1578 5210 1813 5280 Spiritus
1842 5210 2139 5273 mandavit,

569 5303 627 5356 in
661 5318 739 5365 se,
774 5310 830 5356 et
856 5318 955 5371 per
985 5318 1063 5367 se,
1092 5318 1227 5372 pure
1255 5311 1310 5358 et
1337 5302 1569 5374 integre,
1607 5310 1663 5357 et
1694 5302 1813 5357 sine
1841 5302 2140 5371 reprehen-

570 5396 723 5449 sione
760 5394 995 5464 perﬁcit.

640 5485 726 5539 IV.
762 5484 871 5541 Aut
922 5502 1113 5541 rursus
1158 5487 1266 5542 alio
1315 5495 1533 5541 utamur
1574 5487 1844 5557 exemplo.
1873 5485 2146 5553 Quemad-

571 5575 794 5630 modum
826 5577 872 5631 si
908 5577 978 5632 sit
1006 5578 1204 5649 aliquis
1231 5578 1403 5645 dives,
1437 5578 1531 5649 qui
1559 5594 1685 5633 cum
1717 5594 1927 5635 cwnam
1958 5578 2149 5647 exqui-

644 5752 688 5783 9ο
720 5751 765 5807 ll
793 5751 920 5808 Cor.
958 5773 1027 5823 tv,
1059 5757 1109 5811 6.
1187 5758 1228 5787 ⁹¹
1266 5756 1284 5809 l
1314 5754 1439 5811 Cor.
1465 5770 1502 5821 ι,
1533 5754 1616 5809 50.

2252 3189 2414 3243 αὐτὸν
2443 3188 2794 3260 συνεχούσης.
2838 3189 2896 3240 ’0
2926 3187 2983 3240 δὲ
3016 3187 3154 3257 ἔχων
3182 3186 3454 3256 θησαυρὸν
3475 3227 3490 3251 ,
3528 3186 3609 3246 ὡς
3642 3184 3810 3253 προεί-

2253 3300 2435 3354 ρηται,
2462 3282 2726 3353 εὐχερῶς,
2750 3278 2835 3335 οἷα
2861 3281 3113 3352 βούλεται
3139 3284 3411 3351 κτήματα,
3430 3279 3525 3332 καὶ
3544 3279 3813 3332 ἀνωδίνως

2252 3376 2468 3429 κτᾶται.
2524 3374 2709 3437 Οὕτως
2754 3374 2850 3427 καὶ
2892 3374 3039 3443 ψυχὴ
3084 3375 3117 3443 ἡ
3149 3372 3330 3443 γυμνὴ
3363 3373 3456 3425 καὶ
3483 3370 3693 3442 ἔρημος
3724 3369 3813 3422 diri

2251 3467 2535 3530 κοινωνίας
2568 3467 2885 3537 Ιῐνεύματος
2908 3506 2922 3530 ,
2960 3466 3056 3518 καὶ
3084 3466 3189 3517 ὑπὸ
3215 3467 3313 3537 τὴν
3343 3464 3523 3534 δεινὴν
3554 3463 3812 3532 πτωχείαν

2249 3558 2349 3627 τῆς
2397 3559 2671 3629 ἁμαρτίας
2714 3553 2883 3622 οὖσα,
2934 3558 3085 3610 οὐδὲν
3126 3557 3381 3620 δύναται,
3432 3558 3536 3609 κᾶν
3585 3556 3711 3626 θέλῃ
3739 3559 3813 3606 τὶν

2249 3650 2462 3721 καρπὸν
2504 3648 2596 3703 τοῦ
2629 3649 2946 3719 Πνεύματος
2980 3650 3078 3719 τῆς
3104 3648 3449 3719 δικαιοσύνης
3483 3649 3541 3713 ἐξ
3572 3648 3813 3716 ἀληθείας

2252 3742 2496 3810 ποιῆσαι,
2532 3741 2639 3813 πρὸ
2670 3745 2767 3813 τῆς
2797 3740 3153 3812 μεταλήῴεως
3178 3740 3271 3793 τοῦ
3296 3740 3641 3810 Πνεύματος.

2318 3924 2394 3977 Γ’.
2434 3923 2623 3992 Ὅμως
2675 3920 2957 3991 βιάζεσθαι
2987 3921 3094 3991 χρὴ
3132 3921 3362 3975 ἕκαστον
3393 3921 3589 3975 ἑαυτὸν
3623 3924 3701 3983 είς
3726 3923 3813 3993 τὴν

2248 4016 2464 4086 αἴτησιν
2486 4014 2578 4068 τοῦ
2604 4015 2834 4085 Κυρίου,
2860 4014 2947 4066 ’ίνα
2969 4013 3283 4085 καταξιωθῇ
3305 4014 3515 4079 λαΰεῖν,
3535 4016 3632 4068 καὶ
3648 4017 3812 4084 εὑρεῖν

2247 4108 2337 4163 τὸν
2366 4110 2690 4178 ἐπουράνιον
2725 4108 2821 4161 τοῦ
2850 4107 3167 4178 Πνεύματος
3200 4107 3495 4178 θησαυρὸν,
3529 4110 3667 4162 ὥστε
3696 4112 3811 4163 ἀκο-

2247 4200 2493 4263 πιάστως
2537 4200 2632 4254 καὶ
2670 4199 2911 4270 εὐχερῶς
2940 4199 3237 4269 δυνηθῆναι
3264 4201 3489 4269 ποιῆσαι
3520 4201 3700 4264 πάσας
3726 4204 3809 4262 τὰς

2246 4292 2467 4355 ἐντολὰς
2496 4294 2588 4346 τοῦ
2614 4292 2843 4363 Κυρίου,
2873 4293 3119 4363 ἀμώμως
3150 4293 3245 4345 καὶ
3270 4292 3530 4362 καθαρῶς
3551 4333 3566 4356 ,
3602 4293 3665 4356 ἃς
3696 4294 3809 4364 πρὶν

2251 4386 2393 4457 μετὰ
2426 4385 2548 4455 βίας
2590 4386 2690 4438 οὐκ
2725 4384 2957 4453 ἠδύνατο
2988 4384 3355 4456 κατορθῶσαι.
3392 4386 3573 4455 Πένης
3596 4386 3701 4457 γάρ
3727 4386 3808 4439 καὶ

2246 4477 2453 4549 γυμνὸς
2503 4477 2612 4532 ἀπὸ
2654 4477 2941 4540 κοινωνίας
2986 4478 3300 4547 Πνεύματος
3344 4478 3647 4549 ὑπάρχων,
3706 4480 3809 4542 πῶς

2248 4570 2478 4641 ἠδύνατο
2521 4569 2747 4624 τοιαῦτα
2791 4569 3137 4638 πνευματικά
3179 4572 3433 4639 κτήματα
3482 4572 3804 4641 κτήσασθαι,

2248 4664 2377 4717 ἄνευ
2403 4661 2679 4733 θησαυροῦ
2702 4664 2795 4715 καὶ
2815 4662 3046 4714 πλούτου
3066 4662 3437 4729 πνευματικοῦ
3454 4680 3468 4727 ;
3488 4663 3550 4716 Ἦ
3567 4664 3621 4717 δὲ
3637 4663 3806 4733 εὑροῦ·

2251 4772 2318 4807 σα
2338 4752 2483 4824 ψυχὴ
2510 4754 2600 4807 τὸν
2620 4754 2842 4825 Κύριον,
2863 4755 2951 4807 διὰ
2974 4756 3254 4825 ζητήσεως
3278 4756 3714 4827 Πνεύματος,καὶ
3734 4756 3808 4807 πί-

2250 4864 2420 4910 στεως
2450 4848 2543 4900 καὶ¹
2571 4848 2848 4917 ὑπομονῆς
2872 4847 3090 4917 πολλῆς,
3126 4848 3217 4900 τὸν
3242 4848 3499 4915 ἀληθινὸν
3526 4850 3805 4919 θησαυιών,

2245 4938 2371 5001 τοὺς
2425 4939 2673 5009 καρποὺς
2731 4938 2825 4991 τοῦ
2873 4938 3190 5009 Πνεύματος
3242 4942 3678 5010 κατεργάζεται,
3740 4941 3807 5001 ὡς

2248 5030 2608 5102 προείρηται,
2644 5032 2906 5102 εὐχερῶς,
2938 5032 3120 5085 πᾶσάν
3147 5050 3206 5085 τε
3232 5033 3578 5104 δικαιοσύνην
3611 5038 3701 5087 καὶ
3727 5033 3806 5083 ἓν·

2247 5123 2408 5186 τολάς
2434 5123 2527 5176 τοῦ
2553 5124 2780 5195 Κυρίου,
2811 5123 2876 5184 ἃς
2904 5124 3209 5179 ἐνετείλατο
3240 5125 3299 5177 τὸ
3326 5124 3554 5196 Πνεῦμα
3578 5128 3633 5177 ἐν
3658 5126 3802 5192 αὐτῇ.

2252 5215 2341 5267 καὶ
2374 5214 2440 5268 δι’
2470 5215 2638 5286 αὐτῆς
2686 5218 2831 5267 ποιεῖ
2865 5214 3121 5286 καθαρῶς
3162 5219 3253 5268 καὶ
3285 5216 3509 5278 τελείως
3546 5217 3637 5269 καὶ
3659 5214 3803 5283 ape-

2248 5323 2382 5376 μωςο

2262 5533 2269 5550 ,
2317 5489 2391 5542 Δ’.
2434 5487 2504 5541 Ἢ
2534 5488 2696 5542 πάλιν
2723 5489 2894 5559 ἑτέρῳ
2920 5488 3275 5558 ὑποδείγματι
3302 5487 3645 5558 χρησώμεθα.
3679 5486 3801 5535 Ὠσ-

2249 5594 2355 5648 περ
2404 5576 2498 5631 ἐάν
2543 5595 2626 5641 τις
2751 5576 3001 5641 πλούσιος
3048 5577 3144 5631 καὶ
3184 5576 3383 5648 ποιήσῃ
3418 5576 3619 5630 δεῖπνον
3643 5573 3801 5625 mlu-
