3966 6558
130 369 242 434 637

1306 361 1767 422 HOMILIIE.-
1789 359 1974 420 HOM.
2017 360 2235 421 XVIII.

3298 362 3404 426 638

131 484 334 551 τελὲς,
389 482 453 535 ἑκ
499 479 594 533 τοῦ
639 479 871 533 πλούτου
901 479 1067 533 αὐτοῦ
1107 479 1203 531 καὶ
1238 476 1515 550 θησαυροῦ
1552 470 1718 550 οὗπερ

1826 474 2103 532 sitissimis
2148 474 2316 529 rebus
2364 472 2689 529 instructam
2736 485 3038 545 przeparet,
3084 492 3150 531 ex
3193 476 3405 535 divitiis

130 576 277 646 ἔχει,
310 572 628 635 ἀναλίσκει,
670 573 775 624 οιαὶ
818 572 878 623 οὐ
912 570 1139 637 δέδοικε,
1178 570 1251 640 μή
1282 586 1425 631 τινος
1455 568 1605 639 αὐτῷ
1635 570 1723 621 ἑνο·

127 665 323 737 δεήσει
372 661 601 716 πλοῦτον
640 660 816 729 ἔχοντι
860 660 1071 729 μέγαν’
1125 660 1218 713 καὶ
1246 659 1418 722 οὕτως
1443 660 1723 729 εὐφραίνει

126 758 267 819 τοὺς
306 752 634 821 δαιτυμόνας
677 748 986 812 πολυτελῶς
1021 748 1114 802 καὶ
1142 748 1409 820 λαμπρῶς
1434 751 1560 814 τοὺς
1588 750 1723 819 κλη-

128 846 334 910 θέντας
382 844 471 897 ὐπ’
503 840 667 894 αὐτοῦ
694 882 708 905 ,
755 841 989 912 διάφορα
1024 841 1121 896 καὶ
1149 842 1439 911 καινότερα
1466 842 1721 912 παρέχων

126 940 324 999 αὐτοῖς
367 935 661 1004 ἐδέσματα.
706 934 765 985 'U
815 934 873 986 δὲ
916 933 1085 1003 πένης
1116 933 1212 987 καὶ
1238 933 1421 1004 ἐνδεὴς
1451 934 1719 998 πλούτου,

126 1032 231 1083 ἐὰν
256 1026 495 1099 βουληθῇ
518 1027 731 1079 δεῖπνον
754 1027 1166 1079 κατασκευάσαι
1184 1026 1311 1089 τινὶ,
1333 1027 1513 1080 πάντα
1535 1027 1722 1096 κιχρᾶ-

122 1138 245 1182 ται,
281 1120 377 1171 καὶ
405 1118 545 1171 αὐτὰ
574 1116 643 1171 τά
674 1117 867 1187 σκεύη,
900 1117 997 1170 καὶ
1029 1118 1248 1187 ἱμάτια,
1280 1118 1375 1171 καὶ
1404 1117 1539 1171 ἄλλα
1567 1118 1723 1189 εῐδηε

124 1212 225 1265 καὶ
258 1208 362 1264 εἷθ’
393 1210 565 1272 οὓτως
618 1210 755 1279 μετά
803 1209 863 1262 τὸ
903 1209 1190 1281 δειπνῆσαι
1233 1211 1361 1274 τοὺς
1399 1211 1721 1283 κληθέντας,

123 1304 202 1364 ὡς
255 1305 316 1356 ἑν
360 1302 563 1370 δείπνῳ
609 1302 841 1369 πένητος
864 1339 879 1364 ,
916 1299 1145 1372 ὕστερον
1178 1301 1257 1353 ἑνὶ
1286 1302 1501 1372 ἑκάστῳ
1530 1302 1720 1355 ἀποδί-

124 1396 325 1457 δωσιν,
380 1394 502 1446 ὅθεν
544 1392 815 1461 ἐχρήσατο
858 1390 1051 1455 σκεῦος
1087 1392 1381 1462 ἀργυροῦν,
1417 1394 1451 1465 ἢ
1486 1396 1719 1463 ἱμάτιον,

125 1486 159 1556 ἦ
186 1486 384 1556 ἕτερον
412 1480 572 1548 εἶδος·
625 1483 720 1537 καὶ
747 1483 919 1547 οὓτως
949 1484 1163 1554 ἑκάστῳ
1195 1486 1563 1539 ἀποδοθέντων
1589 1488 1722 1541 πάν-

123 1596 239 1631 των
264 1619 279 1642 ,
336 1578 499 1641 αὐτὸς
543 1578 713 1647 πένης
759 1578 853 1630 καὶ
894 1577 1101 1648 γυμνὸς
1146 1579 1442 1648 ἀπομένει,
1480 1578 1555 1650 μὴ
1583 1579 1721 1650 ἔχων

130 1671 263 1723 ἴδιον
298 1668 531 1723 πλοῦτον
567 1668 625 1733 ἐξ
650 1662 712 1722 οὐ
741 1668 1126 1739 εὐφραίνεσθαι
1156 1669 1399 1726 δύναται.

203 1931 281 1985 E'.
325 1930 513 1994 Οὕτως
557 1949 653 1985 και
685 1932 735 1986 οί
769 1931 1016 1987 πλούσιοι
1046 1951 1122 2003 τῳ
1148 1934 1427 2005 Πνεύματι
1452 1934 1531 2005 τῷ
1557 1936 1718 2005 ἁγίῳ,

130 2026 351 2094 ἔχοντες
383 2025 474 2077 τὸν
510 2024 740 2077 πλοῦτον
780 2025 870 2078 τὸν
900 2026 1218 2095 ἐπουράνιον
1246 2027 1302 2078 ἑν
1328 2026 1553 2098 ἀληθείᾳ
1575 2070 1590 2094 ,
1629 2028 1723 2080 καὶ

132 2117 425 2170 κοινωνίαν
475 2116 793 2188 Πνεύματος
844 2119 902 2169 ἑν
948 2118 1167 2181 αὐτοῖς,
1214 2118 1353 2170 ἐπάν
1382 2135 1491 2171 τισι
1518 2118 1720 2172 λαλῶσι

134 2209 230 2263 τὸν
256 2209 411 2276 λόγον
443 2210 540 2279 τῆς
566 2209 843 2280 ἀληθείας,
880 2210 973 2261 καὶ
1004 2208 1141 2261 ἐπάν
1170 2226 1280 2262 τισι
1306 2209 1605 2263 κοινωνῶσι
1635 2209 1721 2263 λόο

136 2316 237 2368 γον
285 2302 683 2371 πνευματικὸν,
735 2302 829 2353 καὶ
874 2300 1141 2370 εὐφρᾶναι
1185 2300 1359 2371 ψυχὰς
1398 2302 1718 2371 θελήσωσιν,

131 2394 198 2445 ἑκ
228 2392 327 2445 τοῦ
370 2393 501 2446 ἰδίου
533 2392 763 2446 πλούτου
797 2394 891 2446 καὶ
921 2396 985 2445 ἐκ
1011 2394 1103 2446 τοῦ
1136 2393 1267 2446 ίδίου
1295 2394 1569 2466 θησαυροῦ
1592 2436 1607 2460 ,
1657 2388 1719 2449 οὐ

134 2490 430 2559 κέκτηνται
460 2488 517 2539 ἑν
545 2487 778 2553 ἑαυτοῖς,
806 2488 864 2554 ἑξ
891 2487 1055 2541 αὐτοῦ
1083 2488 1333 2556 λαλοῦσι,
1358 2492 1454 2543 καὶ
1474 2492 1533 2558 ἑξ
1555 2491 1719 2545 αὐτοῦ

135 2580 497 2649 εὐφραίνουσι
546 2578 644 2642 τὰς
683 2578 857 2647 ψυχάς
888 2579 996 2631 τῶν
1020 2580 1325 2633 ἀκουόντων
1358 2580 1448 2633 τὸν
1476 2599 1720 2652 πνευμα-

134 2674 279 2727 τικὸν
311 2673 475 2739 λόγον
497 2711 512 2737 ,
552 2671 649 2726 κα)⁸
680 2673 739 2725 οὐ
771 2671 1041 2725 δεδοίκασι
1080 2672 1153 2743 μὴ
1179 2674 1486 2745 ἑνδεήσειεν
1514 2676 1716 2740 αὐτοῖς,

133 2768 213 2821 ὃτι
240 2768 541 2835 κέκτηνται
574 2767 631 2818 ἑν
658 2765 843 2828 αὐτοῖς
871 2765 1143 2837 θησαυρὸν
1165 2767 1416 2837 οὐράνιον
1437 2768 1722 2836 ἀγαθωσύ-

134 2878 248 2928 νης,
282 2860 349 2924 ἐξ
372 2853 435 2913 οὗ
464 2858 801 2930 προφέρουσι
835 2859 929 2912 καὶ
956 2860 1307 2930 εὐφραίνουσι
1330 2860 1456 2924 τούς
1479 2877 1721 2930 πνευμα-

133 2952 302 3015 τικῶς
336 2951 722 3020 ἑστιωμένους.
768 2949 828 3002 '0
860 2950 916 3002 δὲ
951 2952 1121 3021 πένης
1155 2952 1248 3005 καὶ
1281 2952 1354 3022 μὴ
1384 2953 1721 3023 κεκτημένος

135 3044 197 3094 ἑκ
242 3040 340 3095 τοῦ
386 3040 619 3093 πλούτου
669 3039 762 3093 τοῦ
810 3041 1081 3111 Χριστοῦ,
1134 3044 1269 3113 μήτε
1314 3042 1454 3112 ἔχων
1492 3042 1721 3097 πλοῦτον

138 3134 505 3205 πνευματικὸν
553 3136 610 3186 ὲν
653 3136 719 3205 τῇ
762 3134 907 3204 ψυχῇ
935 3176 950 3199 ,
984 3134 1074 3187 τὸν
1107 3134 1343 3205 βρύοντα
1372 3138 1555 3189 πᾶσαν
1580 3138 1718 3204 ἀγα-

140 3226 383 3297 θωσύνην
395 3226 567 3292 λόγων
585 3241 644 3277 τε
667 3226 761 3277 καὶ
781 3224 981 3295 ἔργων,
1002 3227 1093 3278 καὶ
1115 3226 1513 3297 ἐνθυμημάτων
1534 3226 1716 3293 θείων,

142 3321 228 3372 καὶ
260 3318 578 3388 μυστηρίων
606 3317 912 3388 ἀλαλήτων,
932 3320 978 3370 εἰ
1010 3319 1105 3370 καὶ
1130 3318 1379 3389 βούλεται
1400 3314 1552 3383 οὗτος
1565 3320 1718 3389 λόγον

145 3410 394 3480 ἀληθείας
428 3409 607 3462 λαλεῖν
634 3449 649 3474 ,
689 3410 781 3461 καὶ
814 3408 1131 3480 εὐφραίνειν
1160 3410 1315 3473 τινὰς
1344 3409 1451 3463 τῶν
1483 3410 1716 3463 ἀκουόν-

150 3517 277 3564 των,
308 3500 416 3552 ἀλλ’
444 3502 499 3553 ἑν
531 3499 759 3569 δυνάμει
793 3499 887 3552 καὶ
915 3498 1145 3569 ἀληθείᾳ
1167 3499 1259 3551 τὸν
1281 3498 1439 3567 λόγον
1464 3498 1559 3552 τοῦ
1583 3499 1717 3552 Θεοῦ

158 3592 229 3661 μὴ
288 3591 613 3659 κεκτημένος
678 3592 735 3641 ἐν
789 3588 967 3658 ἑαυτῷ
994 3629 1007 3651 ,
1078 3588 1215 3641 ἀλλά
1262 3588 1422 3658 μόνον
1468 3588 1717 3659 ἀπομνη-

150 3682 382 3752 μονεύων
404 3683 497 3735 καὶ
525 3680 861 3752 κιχρώμενος
882 3681 1073 3750 λόγους
1098 3680 1156 3746 ἐξ
1176 3682 1410 3751 ἑκάστης
1426 3683 1665 3752 γραφῆς,
1683 3681 1716 3752 ἢ

146 3775 291 3845 παρὰ
322 3774 706 3844 πνευματικῶν
730 3774 941 3845 ἀνδρῶν
974 3774 1215 3837 ἀκούσας
1246 3776 1339 3828 καὶ
1362 3774 1716 3844 διηγούμενος

143 3869 232 3921 καὶ
258 3868 553 3934 διδάσκων,
594 3866 703 3921 ἰδοὺ
735 3866 926 3931 ἄλλους
960 3869 1057 3940 μὲν
1087 3867 1234 3919 δοκεῖ
1260 3866 1591 3937 εὐφραίνειν,
1626 3866 1719 3919 καὶ

137 3962 280 4015 ἄλλοι
331 3961 665 4015 ἀπολαύουσι
718 3962 826 4015 τῶν
871 3961 1043 4030 λόγων
1068 3975 1083 3989 ⁸
1138 3961 1277 4031 μετὰ
1326 3961 1382 4014 δὲ
1429 3961 1490 4014 τὸ
1530 3961 1719 4033 διηγή-

140 4056 336 4107 σασθαι
386 4054 551 4108 αὐτὸν
576 4093 593 4120 ,
654 4054 886 4117 ἕκαστος
921 4054 1079 4122 λόγος
1113 4054 1249 4125 πρὸς
1279 4055 1348 4107 τά
1380 4054 1487 4107 ίδια
1519 4054 1613 4122 ἀφ’
1641 4049 1718 4107 ὧν

134 4147 273 4219 ἤρθη
298 4188 315 4213 ,
357 4147 681 4217 ἀπέρχεται,
717 4148 809 4201 καὶ
840 4146 1002 4209 αὐτὸς
1032 4146 1196 4200 πάλιν
1222 4145 1427 4216 γυμνὸς
1452 4146 1716 4216 ἀπομένει

135 4242 225 4293 καὶ
280 4241 458 4311 πένης
485 4280 500 4302 ,
566 4240 640 4309 μὴ
686 4239 826 4308 ἔχων
878 4238 1011 4291 ἴδιον
1058 4239 1331 4307 θησαυρὸν
1375 4238 1713 4309 Πνεύματος,

136 4333 223 4402 ἀφ’
252 4325 315 4385 οὗ
354 4332 639 4401 προφέρει,
674 4333 769 4384 καὶ
793 4331 1012 4400 ὠφελεῖ,
1040 4332 1136 4385 καλ⁵
1164 4330 1444 4403 εὐφραίνει
1472 4332 1713 4401 ἑτέρους⁹

134 4427 289 4488 αὐτὸς
324 4424 544 4495 πρῶτος
572 4422 649 4496 μὴ
675 4423 1123 4496 εὐφραινόμενος,
1148 4424 1283 4495 μηδὲ
1307 4424 1715 4495 ἀγαλλιώμενος

132 4514 205 4584 τῷ
236 4514 542 4585 Πνεύματι.

198 4608 289 4672 ς’.
356 4603 458 4658 Διά
498 4605 657 4661 τοῦτο
701 4607 807 4681 χρὴ
856 4606 1072 4678 πρῶτον
1117 4604 1351 4678 ζητῆσαι
1394 4605 1545 4678 παρά
1580 4606 1715 4660 Θεοῦ

133 4701 187 4751 ὲν
213 4700 371 4769 πόνῳ
397 4699 627 4769 καρδίας
666 4701 761 4754 καὶ
788 4700 969 4753 πίστει
992 4741 1007 4765 ,
1042 4702 1129 4753 ἴνα
1156 4699 1231 4771 δῷ
1256 4703 1387 4771 ἡμῖν
1416 4701 1597 4771 εὑρεῖν
1626 4700 1717 4753 τὸν

133 4791 365 4844 πλοῦτον
398 4791 561 4844 αὐτοῦ
588 4832 603 4857 ,
651 4792 743 4845 τὸν
776 4792 1027 4864 ἀληθινὸν
1058 4792 1330 4863 θησαυρὸν
1356 4791 1452 4845 τοῦ
1476 4790 1715 4862 Χριστοῦ

131 4888 186 4937 ἑν
232 4888 363 4948 ταῖς
408 4885 657 4956 καρδίαις
700 4884 898 4956 ἡμῶν,
954 4886 1013 4939 ἑν
1058 4884 1284 4955 δυνάμει
1332 4884 1425 4938 καὶ
1462 4882 1717 4955 ἐνεργείᾳ

132 4979 477 5047 Πνεύματος.
506 4979 617 5031 Καὶ
637 4976 809 5042 οὕτως
831 4977 1095 5049 πρότερον
1116 4976 1383 5045 ὠφέλειαν
1404 4977 1461 5029 ἑν
1478 4976 1712 5040 ἑαυτοῖς,

131 5071 222 5123 καὶ
243 5070 550 5139 σωτηρίαν,
573 5071 666 5123 καὶ
687 5070 830 5141 ζωὴν
846 5070 1063 5123 αἰώνιον
1085 5070 1357 5139 εὑρόντες,
1379 5068 1471 5121 τὸν
1489 5068 1713 5138 Κύριον,

131 5162 248 5214 τότε
284 5161 390 5214 καὶ
415 5161 628 5225 ἄλλους,
662 5162 736 5224 ὡς
761 5161 982 5215 δυνατὸν
1012 5161 1106 5213 καὶ
1132 5160 1351 5229 ἐφικτόν
1375 5160 1543 5224 ἑστιν,
1574 5158 1717 5225 ὡφε-

133 5253 392 5325 λήσωμεν
410 5294 425 5320 ,
456 5254 565 5307 ἀπὸ
593 5254 686 5307 τοῦ
713 5254 861 5307 ἑνδον
891 5252 1165 5324 θησαυροῦ
1195 5253 1287 5306 τοῦ
1312 5250 1551 5321 Χριστοῦ
1579 5267 1715 5321 προ-

136 5343 402 5413 φέροντες
455 5345 636 5398 πᾶσαν
678 5345 1036 5414 ἀγαθωσύνην
1084 5344 1257 5412 λόγων
1296 5342 1714 5413 πνευματικῶν,

135 5434 225 5485 καὶ
259 5436 583 5505 μυστηρίων
615 5435 951 5506 ἐπουρανίων
980 5435 1290 5504 ποιούμενοι
1310 5433 1583 5504 διήγησιν.
1613 5430 1718 5506 Οὐ-

134 5542 238 5590 τως
274 5528 392 5599 γὰρ
428 5528 717 5600 εὐδόκησεν
756 5504 799 5599 ἡὴ
838 5527 1114 5597 άγαθότης
1158 5526 1252 5579 τοῦ
1285 5526 1587 5595 θελήματος
1619 5504 1715 5577 τοῦ

137 5618 375 5691 Πατρὸς,
411 5620 505 5673 τοῦ
536 5622 858 5691 κατοικῆσαι
902 5622 959 5673 ὲν
986 5619 1152 5672 παντὶ
1182 5617 1261 5689 τῷ
1284 5615 1590 5669 πιστεύοντι
1622 5615 1718 5669 καὶ

137 5710 449 5782 αἰτουμένῳ
487 5710 670 5765 αὐτόν.
710 5711 772 5763 '0
806 5711 918 5779 γὰρ
958 5707 1205 5777 ἀγαπῶν
1231 5724 1324 5776 με,
1352 5706 1538 5777 φησὶν,
1570 5704 1715 5773 ἀγα-

135 5802 477 5873 πηθήσεται
516 5803 638 5858 ὑπὸ
668 5802 774 5857 τοῦ
800 5804 1028 5870 Πατρός
1045 5820 1164 5872 μου
1186 5840 1201 5867 ,
1238 5798 1398 5869 κάγὼ
1425 5795 1715 5867 ἀγαπήσω

1733 4516 1789 4576 D

1826 566 1941 621 suis
1986 574 2041 619 et
2086 566 2370 629 thesauro,
2418 580 2583 634 quem
2632 566 2897 635 possidet,
2951 576 3204 637 sumptus
3250 569 3403 635 facit,

1824 673 1927 713 nec
1974 659 2189 723 metuit,
2227 674 2295 713 ne
2339 657 2444 713 sibi
2491 658 2701 729 aliquid
2745 658 2907 724 desit,
2941 658 3162 714 divitias
3204 660 3406 715 multas

1822 749 2127 819 possidenti
2158 768 2171 803 :
2207 750 2395 820 sicque
2425 751 2571 806 laute
2600 760 2657 805 et
2687 750 2971 821 splendide
3002 752 3263 807 convivas
3291 769 3321 805 a
3346 768 3405 807 se

1821 850 2047 895 vocatos
2072 842 2360 905 cxhilarat,
2396 843 2561 897 variis
2593 858 2656 897 ac
2687 844 2843 897 novis
2872 843 3108 898 subinde
3138 845 3405 913 appositis

1822 931 1981 985 cibis.
2008 932 2076 985 At
2099 948 2308 1002 pauper
2343 934 2438 1003 qui
2466 946 2570 999 est,
2602 935 2865 1004 omnique
2908 951 3091 989 rerum
3117 936 3404 990 abundan-

1823 1020 1900 1076 tia
1925 1021 2243 1087 deStitutus,
2270 1025 2315 1079 si
2342 1026 2580 1080 voluerit
2616 1026 2947 1095 quibusdam
2985 1042 3196 1082 caznam
3234 1044 3403 1097 appa-

1822 1131 1964 1181 rare,
2019 1125 2303 1170 mutuatur
2345 1118 2551 1183 omnia,
2583 1120 2670 1173 vel
2721 1119 2898 1188 ipsam
2978 1120 3401 1189 supellectilem,

1819 1216 2041 1272 vestes,
2098 1222 2161 1261 ac
2209 1209 2451 1278 reliquas
2494 1210 2750 1278 species:
2797 1211 2985 1280 sicque
3034 1222 3254 1281 postea,
3309 1212 3404 1265 ubi

1821 1300 2182 1368 coenaverint,
2215 1301 2309 1371 qui
2336 1310 2497 1357 erant
2523 1302 2721 1365 vocati,
2755 1311 2816 1355 ut
2862 1303 2979 1358 fieri
3017 1304 3155 1357 solet
3184 1305 3239 1357 in
3267 1320 3403 1357 con—

1820 1394 1967 1447 vivio
2016 1394 2303 1463 pauperis,
2354 1394 2593 1465 denique
2644 1395 2973 1465 unicuique,
3024 1397 3170 1450 unde
3210 1406 3403 1451 mutuo

1820 1494 2148 1554 sumpserat,
2188 1486 2429 1541 restituit
2469 1487 2863 1555 supellectilem
2923 1496 3233 1557 argenteam
3265 1529 3279 1553 ,
3313 1503 3405 1541 vc-

1819 1586 1933 1629 stcs
1979 1592 2043 1631 ac
2093 1578 2367 1647 reliquum
2411 1586 2664 1633 ornatum
2699 1596 2713 1631 :
2743 1578 2943 1648 quibus
2990 1579 3247 1632 omnibus
3277 1578 3403 1632 uni-

1821 1668 2019 1738 cuique
2048 1669 2128 1724 sic
2150 1670 2442 1733 restitutis,
2471 1670 2585 1738 ipse
2608 1686 2819 1739 pauper
2846 1685 2911 1724 ac
2932 1670 3112 1725 nudus
3134 1680 3401 1731 remanet,

1820 1774 1931 1813 non
1966 1760 2176 1815 habens
2223 1761 2473 1830 proprias
2521 1761 2840 1827 facultates,
2884 1777 2952 1815 ex
2998 1762 3199 1832 quibus
3228 1762 3404 1831 possit

1744 1835 1792 1893 B
1822 1850 2082 1903 recreari.

1896 1939 1957 1994 V.
1996 1939 2086 1994 Sic
2116 1954 2357 2009 quoque,
2395 1940 2487 2009 qui
2523 1948 2653 1994 sunt
2686 1939 2894 2010 Spiritu
2935 1951 3123 1995 sancto
3154 1941 3398 2011 locuple-

1822 2038 1924 2095 tes,
1958 2047 2021 2086 ac
2052 2034 2304 2087 caelestes
2333 2033 2552 2087 divitias
2593 2049 2785 2087 revera
2828 2034 3109 2087 consecuti
3158 2048 3402 2087 commu-

1822 2125 2043 2178 nionem
2080 2125 2316 2194 Spiritus
2353 2126 2411 2180 in
2442 2142 2500 2181 se
2537 2127 2761 2190 habent,
2791 2127 2835 2181 si
2879 2126 3207 2196 quibusdam
3231 2128 3400 2183 verba

1822 2217 2071 2271 veritatis
2103 2218 2421 2287 loquantur,
2458 2228 2514 2273 et
2544 2235 2853 2273 sermonem
2899 2218 3243 2288 spiritualem
3277 2219 3399 2288 qui-

1820 2308 2052 2363 busdam
2091 2310 2523 2375 communicent,
2556 2326 2620 2363 ac
2666 2311 2875 2365 animas
2918 2309 3142 2364 reficere
3188 2318 3399 2365 statue-

1822 2402 1962 2466 rint;
1994 2417 2061 2456 ex
2091 2402 2332 2472 propriis
2362 2403 2589 2471 opibus,
2633 2412 2687 2456 et
2727 2418 2795 2457 ex
2832 2402 3054 2471 proprio
3100 2402 3396 2467 thesauro,

1819 2504 1983 2557 quem
2010 2490 2292 2559 possident
2318 2491 2461 2561 apud
2498 2507 2576 2556 se,
2601 2507 2667 2545 ex
2689 2506 2775 2555 eo,
2802 2491 3047 2561 inquam,
3071 2491 3396 2560 loquuntur,

1820 2596 1888 2634 ex
1913 2596 2088 2651 eoque
2129 2581 2387 2636 reficiunt
2430 2583 2641 2637 animas
2678 2583 3020 2638 audientium
3051 2584 3398 2653 spiritualem

1819 2688 2152 2739 sermonem,
2180 2690 2284 2729 nec
2308 2676 2725 2744 pertimescunt,
2744 2692 2811 2730 ne
2836 2677 2965 2746 quid
2996 2678 3100 2731 sibi
3123 2678 3265 2732 dcsit
3292 2694 3307 2731 :
3332 2693 3399 2732 eo

1820 2764 1964 2832 quod
2000 2764 2316 2833 possideant
2362 2765 2418 2819 in
2460 2781 2518 2820 se
2550 2767 2827 2821 caelestem
2876 2768 3136 2839 bonitatis
3178 2769 3399 2823 thesau-

1820 2871 1963 2921 rum,
1988 2872 2017 2911 e
2038 2872 2147 2926 quo
2175 2857 2463 2926 proferunt
2492 2865 2547 2912 et
2577 2867 2829 2912 recreant
2856 2874 2952 2913 eos
2986 2860 3081 2929 qui
3125 2860 3399 2929 spirituali

1820 2948 1944 3002 cibo
1971 2958 2291 3003 vescuntur.
2320 2950 2535 3019 Pauper
2558 2966 2707 3016 vero,
2734 2952 2829 3021 qui
2859 2968 2961 3007 nec
2990 2952 3211 3007 divitias
3236 2952 3400 3007 Chri-

1822 3040 1888 3094 sti
1922 3041 2185 3109 possidet,
2223 3058 2325 3097 nec
2362 3042 2677 3112 spirituales
2702 3042 2923 3103 obtinet
2952 3044 3008 3097 in
3032 3044 3211 3098 anima
3241 3060 3395 3113 opes,

1821 3133 2189 3201 producentes
2236 3135 2588 3206 scaturiginis
2635 3135 2808 3190 instar
2835 3151 3051 3192 omnem
3096 3136 3399 3192 bonitatem

1822 3240 2160 3289 sermonum,
2207 3241 2465 3296 operum,
2519 3228 2911 3298 cogitationum
2964 3227 3297 3295 divinarum,
3341 3239 3399 3285 et

1821 3318 2207 3387 mysteriorum
2259 3318 2641 3385 inefl‘abilium,
2687 3319 2797 3383 hic,
2826 3320 3068 3390 inquam,
3103 3321 3233 3376 licet
3265 3321 3401 3375 velit

1818 3408 2048 3461 verbum
2083 3408 2331 3464 veritatis
2361 3410 2564 3479 eloqui,
2600 3426 2665 3465 ac
2694 3426 2944 3465 recreare
2985 3412 3251 3481 quosdam
3296 3426 3399 3467 au-

1819 3499 2053 3564 dientes,
2086 3515 2211 3555 cum
2247 3511 2427 3555 tamen
2461 3502 2764 3555 secundum
2793 3503 3055 3557 virtutem
3082 3520 3145 3558 ac
3169 3504 3225 3559 in
3255 3504 3400 3559 veri-

1820 3599 1930 3645 tate
1960 3606 2269 3646 sermonem
2298 3592 2395 3646 Dei
2426 3609 2535 3646 non
2566 3593 2841 3659 obtineat;
2866 3609 3057 3648 verum
3086 3595 3205 3650 illos
3233 3596 3398 3653 modo

1817 3692 2121 3745 sermones,
2156 3695 2296 3749 quos
2327 3687 2420 3734 aut
2444 3696 2474 3735 a
2504 3696 2829 3751 quacunque
2876 3684 3147 3753 scriptura
3179 3696 3398 3742 mutua-

1823 3778 1931 3833 tur,
1961 3780 2059 3826 aut
2099 3771 2168 3825 ab
2210 3771 2334 3826 aliis
2377 3772 2760 3841 spiritualibus
2807 3774 3037 3839 audivit,
3068 3786 3303 3845 exponat
3339 3790 3398 3833 et

1819 3861 2047 3930 doceat;
2097 3879 2165 3919 en
2199 3865 2420 3920 videtur
2451 3866 2674 3936 quidem
2712 3867 2801 3921 ille
2843 3870 2981 3923 alios
3025 3885 3299 3937 recreare,
3339 3884 3397 3927 et

1817 3969 1950 4010 sane
1980 3954 2240 4010 fruuntur
2269 3958 2363 4011 alii
2405 3959 2755 4014 sermonibus
2785 3978 2797 4013 :
2827 3961 2919 4016 ubi
2946 3978 3079 4017 vero
3118 3980 3243 4018 cum
3277 3981 3395 4019 ser-

1818 4063 2036 4102 monem
2080 4049 2411 4117 recitaverit,
2444 4052 2876 4123 unumquodque
2905 4054 3134 4109 verbum
3167 4056 3234 4109 ad
3273 4072 3392 4121 sua,

1818 4139 1963 4195 unde
2009 4143 2335 4197 translatum
2381 4152 2520 4210 erat,
2566 4144 2864 4200 revertitur
2896 4163 2909 4198 ε
2944 4156 3055 4200 tum
3088 4147 3178 4201 ille
3209 4148 3398 4207 denuo.

1815 4232 2001 4287 nudus
2028 4248 2093 4288 ac
2120 4250 2329 4304 pauper
2356 4244 2622 4300 remanet,
2655 4251 2850 4292 carens
2874 4238 3101 4307 proprio
3132 4240 3393 4295 thesauro

1817 4324 2077 4394 Spiritus,
2107 4340 2138 4379 e
2172 4342 2281 4395 quo
2314 4335 2550 4395 promat,
2581 4328 2735 4397 juvet
2776 4338 2830 4382 et
2870 4337 3083 4384 recreet
3124 4330 3283 4396 alios,
3328 4346 3392 4386 ac

1814 4416 2030 4488 primus
2052 4417 2167 4488 ipse
2200 4434 2311 4473 non
2336 4419 2599 4486 reﬁcitur,
2628 4435 2732 4475 nec
2756 4420 2963 4492 Spiritu
2993 4423 3251 4478 exsultat.

1893 4602 2004 4673 79
2040 4603 2127 4659 Vl.
2155 4603 2451 4672 Propterea
2482 4602 2537 4657 in
2576 4602 2773 4672 primis
2819 4601 3209 4673 postulandum
3245 4612 3329 4657 est
3360 4618 3391 4657 a

1814 4697 1928 4752 Deo
1958 4712 2083 4752 cum
2116 4696 2473 4751 contentione
2515 4695 2698 4750 cordis
2741 4710 2806 4749 ac
2833 4694 2961 4760 ﬁde,
2993 4695 3086 4750 det
3122 4695 3303 4759 nobis,
3330 4704 3393 4748 ut

1817 4790 2168 4846 inveniamus
2192 4788 2415 4843 divitias
2444 4789 2586 4859 ejus,
2621 4802 2813 4843 verum
2839 4788 3158 4842 thesaurum
3185 4787 3390 4842 Christi

1817 4883 1873 4937 in
1898 4883 2165 4937 cordibus
2195 4882 2400 4936 nostris
2429 4881 2484 4934 in
2511 4880 2717 4935 virtute
2757 4895 2821 4934 ac
2850 4880 3088 4935 efﬁcacia
3129 4880 3389 4949 Spiritus.

1816 4975 1885 5029 Et
1908 4975 2011 5028 hac
2038 4974 2275 5037 ratione,
2308 4972 2402 5027 ubi
2432 4971 2587 5041 prius
2616 4971 2673 5025 in
2712 4970 2872 5024 nobis
2902 4972 3271 5034 commodum,
3307 4986 3395 5025 sa-

1815 5066 1986 5120 lutem
2039 5082 2104 5121 ac
2141 5064 2309 5118 vitam
2338 5072 2621 5125 aatcrnam,
2654 5062 2945 5116 Dominum
2994 5062 3224 5125 scilicet,
3256 5077 3392 5117 cono

1816 5158 1991 5213 secuti
2020 5158 2318 5221 fuerimus,
2349 5157 2699 5227 postmodum
2738 5170 2959 5225 quoque
3002 5155 3137 5209 alios
3174 5170 3275 5224 pro
3306 5154 3392 5209 fa-

1818 5247 2020 5303 cultate
2055 5254 2111 5299 et
2153 5244 2365 5299 viribus
2402 5244 2608 5299 nostris
2646 5243 2990 5312 adjuvemus,
3031 5258 3097 5296 ex
3140 5242 3391 5298 interiori

1816 5337 2020 5393 Christi
2047 5336 2306 5390 thesauro
2326 5343 2643 5403 prementes
2665 5347 2883 5386 omnem
2904 5331 3205 5385 bonitatem
3231 5333 3395 5402 spiri-

1818 5430 2050 5485 tualium
2073 5440 2412 5491 sermonum,
2428 5439 2491 5479 ac
2508 5424 2818 5479 cwlestium
2835 5422 3221 5495 mysteriorum
3235 5440 3396 5478 enar-

1819 5521 2090 5576 rationem
2146 5518 2520 5574 instituentes.
2573 5517 2667 5571 Sic
2711 5515 2860 5570 enim
2910 5516 3119 5586 placuit
3158 5516 3393 5571 bonitati

1818 5608 2119 5664 voluntatis
2148 5607 2345 5672 Patris,
2375 5607 2621 5661 habitare
2647 5606 2793 5677 apud
2834 5621 3051 5660 omnem
3090 5607 3184 5675 qui
3216 5607 3396 5662 credit

1818 5701 1875 5754 in
1910 5714 2038 5754 eum
2093 5713 2331 5768 eumque
2391 5697 2653 5767 postulat.
2725 5698 2830 5762 Qui
2874 5699 3012 5751 enim
3066 5698 3237 5769 diligit
3288 5715 3393 5765 me,

1819 5794 2017 5864 inquit,
2044 5792 2293 5863 diligetur
2320 5808 2351 5844 a
2384 5789 2546 5845 Patre
2568 5807 2701 5858 meo,
2730 5800 2779 5845 et
2800 5807 2893 5862 ego
2929 5791 3150 5861 diligam
3173 5809 3311 5854 eum,
3346 5809 3397 5846 ct
