3966 6484
551 296 654 359 639

1791 282 1854 343 S.
1892 276 2208 340 MACARII
2247 273 2569 335 ᾸΞΟΥΡΤΙΙ

3683 270 3779 333 649

563 407 910 478 manifestabo
957 406 1002 458 ei
1034 419 1114 458 me
1163 402 1413 473 ipsum”.
1481 397 1550 452 Et
1597 398 1835 451 iterum:
1865 395 2137 448 Veniemus

2261 387 2454 452 ιύτὸν,
2503 383 2601 439 καί
2641 381 2949 452 ἐμφανίσω
2982 381 3141 446 αὐτῷ
3171 381 3452 450 ἐμαυτόν.
3485 381 3594 435 Καὶ
3620 385 3778 438 πόλιν·

561 517 654 574 ego
697 508 743 552 et
782 498 941 551 Pater
976 513 1138 558 meus,
1174 503 1220 547 et
1270 492 1594 547 mansionem
1637 489 1778 560 apud
1820 503 1939 540 eum
1974 486 2135 554 facie-

566 592 764 648 mus”.
799 591 890 645 Sic
949 588 1175 642 inﬁnita:
1222 582 1525 638 clementia:
1578 579 1755 634 Patris
1801 579 1979 631 visum
2027 585 2132 641 est,

564 684 644 739 sic
704 674 1249 750 incomprehensibili
1309 670 1560 726 eharitati
1625 668 1829 724 Christi
1879 666 2132 737 placuit:

566 777 647 830 sic
679 773 972 828 ineffabilis
1005 769 1224 823 bonitas
1255 765 1492 834 Spiritus
1543 761 1815 832 promisit.
1844 759 2027 813 Gloria
2066 757 2136 812 sit

567 863 830 920 ineffabili
864 858 1257 916 misericordia:
1291 863 1491 910 sanctae
1514 852 1820 908 Trinitatis.

635 1047 745 1101 VII.
778 1044 879 1110 Qui
920 1042 1064 1097 enim
1120 1041 1354 1096 evadere
1403 1039 1526 1093 Filii
1575 1038 1693 1101 Dei,
1717 1048 1773 1094 et
1814 1053 1881 1094 ex
1930 1035 2135 1107 Spiritu

567 1146 756 1193 saneto
804 1133 1042 1202 desuper
1089 1131 1303 1186 renasci
1351 1130 1500 1199 digni
1550 1138 1679 1184 sunt
1728 1127 1925 1194 habiti,
1973 1136 2139 1196 atque

564 1226 843 1281 Christum
895 1221 1297 1276 illuminantem
1354 1236 1418 1274 ac
1465 1229 1803 1274 rccreantem
1845 1234 1941 1273 eos
1982 1219 2034 1272 in
2079 1233 2138 1272 se

567 1314 868 1386 possident,
896 1311 1062 1366 variis
1095 1327 1157 1364 ac
1207 1310 1443 1363 diversis
1485 1308 1662 1362 modis
1693 1323 1724 1361 a
1771 1306 1978 1376 Spiritu
2001 1305 2139 1358 diri-

568 1417 793 1477 guntur,
836 1411 891 1459 et
917 1401 1269 1457 invisibiliter
1301 1399 1355 1452 in
1386 1399 1550 1453 corde
1590 1413 1713 1452 cum
1747 1397 1933 1466 requie
1974 1395 2140 1465 spiri-

573 1496 705 1551 tuali
750 1512 780 1550 a
821 1493 994 1566 gratia
1037 1493 1336 1546 ducuntur.
1396 1489 1743 1544 Proferamus
1770 1503 1900 1542 vero
1925 1504 1992 1542 ex
2051 1487 2139 1551 iis,

571 1605 693 1660 qua:
727 1588 780 1644 in
807 1586 1012 1640 mundo
1040 1592 1166 1639 sunt
1190 1583 1506 1651 conspicua,
1526 1597 1884 1652 personarum
1916 1581 2138 1650 ﬁguras,

574 1690 655 1745 ut,
682 1696 789 1750 qua
811 1679 1026 1734 ratione
1065 1675 1237 1746 gratia
1265 1674 1318 1728 in
1358 1674 1538 1727 anima
1578 1688 1639 1727 se
1676 1683 1847 1743 gerat,
1875 1673 2057 1741 aliqua
2074 1687 2144 1726 ex

2251 479 2657 541 Ἔλευσόμεθα
2703 475 2816 544 ἐγὼ
2863 472 2963 526 καί
3010 475 3042 526 ὁ
3082 472 3281 540 Πατήρ
3307 490 3461 541 μου,
3495 472 3591 526 καί
3613 478 3784 543 μονὴν

2233 569 2369 638 παρ’
2395 568 2558 635 αὐτῷ
2587 568 2941 636 ποιήσομεν.
2979 565 3164 625 Οῦτως
3196 566 3231 636 ἡ
3256 565 3482 636 ἄπειρος
3510 570 3787 639 χρηστότης

2232 663 2328 715 τοῦ
2361 663 2575 732 Πατρδς
2612 660 2876 730 ἠθέλησεν
2900 699 2915 722 ,
2968 657 3140 721 οὕτως
3177 657 3210 727 ὴ
3243 657 3593 728 ἀνεννότητος
3624 660 3790 732 ἀγάπη

2233 754 2328 808 τοῦ
2355 752 2590 826 Χριστοῦ
2620 753 2910 821 εὐδόκησεν
2937 791 2952 815 ,
3003 749 3175 814 οὕτως
3211 751 3244 819 ἡ
3276 750 3516 819 demo;
3546 751 3792 820 ἁγαθότης

2235 846 2330 900 τοῦ
2377 845 2694 916 Πνεύματος
2742 843 3127 914 ἐπηγγείλατο.
3167 841 3304 905 Δόξα
3346 845 3412 911 τῇ
3459 841 3680 914 ἀρρήτῳ
3719 847 3793 897 εὖ.

2238 939 2543 1008 σπλαγχνία
2572 939 2668 1008 τῇς
2697 937 2854 1004 ἁγίας
2879 934 3127 1005 Τριάδος.

2307 1034 2381 1085 Z'.
2438 1031 2501 1080 0i.
2541 1031 2650 1098 γὰρ
2699 1026 3125 1093 καταξιωθέντες
3165 1025 3334 1079 τέκνα
3376 1024 3637 1091 γενέσθαι
3663 1025 3802 1090 Θεοῦ,

2238 1123 2331 1175 καὶ
2360 1123 2423 1173 ἐκ
2450 1118 2767 1188 Πνεῦματος
2795 1117 2953 1184 ἁγίου
2987 1115 3191 1169 ἀνωθεν
3217 1115 3578 1184 γεννηθῆναι,
3609 1115 3707 1167 καὶ
3730 1117 3806 1166 τὴν

2238 1210 2472 1280 Χριστὸν
2507 1207 2719 1277 ἔχοντες
2752 1209 2809 1260 ἐν
2837 1207 3051 1268 ἑαυτοῖς
3082 1204 3432 1275 ἐλλάμποντα
3458 1204 3554 1257 καὶ
3580 1206 3808 1257 ἀναπαύ-

2239 1317 2368 1354 οντα
2416 1299 2650 1364 αὐτοὺς,
2709 1299 2766 1352 ὲν
2822 1296 3088 1359 ποικίλοις
3140 1296 3236 1350 καὶ⁵
3279 1297 3562 1365 διαφόροις
3602 1296 3809 1362 τρόποις

2239 1390 2556 1461 Πνεύματός
2611 1390 2748 1442 εἰσιν
2798 1387 3188 1458 ὁδηγούμενοι,
3244 1387 3338 1440 καὶ
3380 1389 3632 1458 ἀοράτως
3671 1391 3725 1440 ἐν
3753 1392 3807 1458 τῇ

2241 1484 2467 1557 καρδία,
2519 1485 2576 1536 ὲν
2617 1480 2922 1536 ἀναπαύσει
2953 1483 3298 1550 πνευματικῇ
3334 1481 3439 1532 ὑπὸ
3467 1483 3570 1550 τῆς
3599 1481 3810 1557 χάριτος

2242 1575 2462 1648 ὲνεργού
2473 1593 2642 1646 μενοι.
2677 1574 2950 1643 Πρόσωπα
2975 1573 3031 1625 δὲ
3060 1575 3125 1625 ὲκ
3151 1572 3262 1625 τῶν
3286 1571 3636 1641 φαινομένων
3661 1573 3718 1624 ἐν
3738 1573 3811 1624 xti-

2252 1688 2372 1742 σμῳ
2423 1667 2774 1723 ἀπολαύσεων
2823 1666 3177 1736 ἐνέγκωμεν,
3243 1665 3336 1719 καὶ
3386 1666 3445 1717 ὲν
3492 1664 3645 1734 ψυχῇ
3697 1666 3811 1717 ἀναο

572 1745 727 1842 parte
763 1767 1027 1837 exemplis
1069 1745 1238 1820 veluti
1285 1765 1746 1820 demonstremus.
1776 1763 1915 1819 Sunt
1968 1764 2143 1818 inter-

2261 1761 2484 1834 ςτροφάς
2537 1762 2636 1830 τῆς
2682 1759 2900 1830 χάριτος
2951 1759 3014 1809 ἐκ
3061 1757 3531 1828 παραδειγμάτων
3588 1758 3812 1828 μερικῶς

573 1861 726 1925 dum,
757 1859 851 1930 qui
884 1873 915 1913 a
950 1856 1125 1928 gratia
1153 1856 1452 1920 ducuntur,
1477 1864 1537 1910 ut
1562 1855 1655 1925 qui
1692 1855 1746 1908 in
1786 1869 1942 1910 omna
1993 1853 2142 1922 regia

581 1955 856 2014 lmtantur,
886 1959 943 2006 et
976 1949 1252 2006 exsultant
1281 1949 1647 2004 exsultatione
1677 1964 1741 2002 ac
1786 1947 1971 2002 laetitia
2001 1945 2144 2000 inef-

579 2043 731 2098 fabili
770 2059 782 2093 ε
818 2040 925 2094 alia
963 2055 1096 2095 vero
1151 2040 1284 2093 hora
1332 2039 1538 2093 similes
1578 2047 1708 2092 sunt
1742 2052 1974 2107 sponsze,
2025 2050 2147 2106 quae

577 2135 780 2191 fruitur
811 2132 866 2187 in
900 2133 1154 2203 conjugio
1207 2147 1331 2186 cum
1379 2145 1581 2201 sponso
1617 2145 1717 2183 suo
1749 2129 2028 2198 voluptate
2059 2127 2146 2182 di-

577 2223 724 2278 vina.
761 2222 1072 2293 Aliquando
1123 2221 1259 2275 fiunt
1314 2220 1480 2276 veluti
1519 2219 1697 2291 angeli
1730 2217 2061 2288 incorporei,
2090 2217 2147 2271 in

579 2326 728 2371 tanta
761 2317 987 2371 levitate
1018 2331 1080 2370 ac
1118 2315 1421 2368 subtilitate
1456 2329 1563 2367 una
1603 2328 1728 2367 cum
1755 2325 1985 2380 corpore
2014 2325 2149 2364 con-

578 2409 776 2463 stituti.
811 2407 1093 2463 Interdum
1118 2416 1265 2469 sunt,
1295 2416 1355 2461 ut
1376 2408 1469 2477 qui
1498 2414 1630 2476 potu
1661 2405 1919 2458 inebriati
1950 2414 2005 2458 et
2027 2403 2150 2472 Spi-

579 2504 689 2556 ritu
727 2502 1088 2563 delectantur.
1119 2501 1486 2564 inebriantur,
1521 2499 1790 2554 ebrietate
1832 2497 2044 2553 scilicet
2066 2494 2153 2550 di-

582 2593 838 2645 vinorum
884 2607 947 2646 ac
977 2589 1345 2660 spiritualium
1377 2589 1785 2661 mysteriorum.

653 2685 788 2740 VIII.
823 2683 1103 2738 Interdum
1133 2691 1262 2738 sunt
1290 2683 1442 2737 velut
1493 2683 1549 2736 in
1599 2681 1752 2735 luctu
1792 2689 1848 2734 et
1890 2681 2156 2734 lamenta-

583 2777 730 2830 tione
759 2783 986 2846 pr0pter
1023 2781 1208 2845 ‘genus
1255 2775 1584 2838 humanum,
1635 2788 1701 2828 ac
1747 2771 2007 2843 precibus
2054 2785 2156 2840 pro

585 2876 700 2924 toto
736 2884 936 2940 genere
967 2867 1206 2922 humano
1236 2866 1450 2931 effusis,
1491 2865 1558 2920 ad
1581 2865 1869 2936 lacrymas,
1894 2871 1951 2918 et
1984 2863 2052 2918 ad
2074 2862 2158 2918 lu-

587 2972 737 3017 ctum
763 2961 1152 3032 prolabuntur,
1199 2959 1496 3016 dilectione
1516 2957 1791 3029 spirituali
1814 2972 1943 3028 erga
1972 2956 2160 3010 huma-

585 3070 715 3108 num
746 3071 918 3125 genus
951 3051 1193 3109 acc'ensi.
1234 3053 1516 3108 Interdum
1549 3068 1681 3106 vero
1726 3052 1794 3106 ad
1825 3060 2032 3106 tantam
2059 3066 2161 3106 ex-

587 3147 943 3201 sultationem
970 3161 1034 3201 ac
1064 3144 1418 3200 dilectionem
1436 3160 1466 3198 a
1488 3143 1698 3214 Spiritu
1727 3141 2158 3207 inflammantur,

589 3247 669 3301 ut,
703 3238 749 3291 si
804 3236 923 3292 ﬁeri
955 3235 1154 3307 possit,
1189 3251 1383 3290 omnes
1430 3235 1684 3290 homines
1735 3235 1790 3289 in
1821 3249 1921 3289 sua
1955 3234 2163 3288 viscera

591 3327 952 3398 conjicerent,
987 3326 1140 3380 nulla
1191 3341 1293 3380 nec
1333 3325 1616 3380 bonorum
1644 3340 1748 3379 nec
1777 3324 2046 3378 malorum
2076 3323 2167 3378 ha-

591 3421 708 3476 bita
763 3419 997 3474 ratione.
1052 3419 1337 3476 Interdum
1397 3433 1530 3472 vero
1600 3417 1967 3473 demittuntur
2021 3417 2165 3472 infra

592 3528 786 3568 omnes
819 3512 1076 3566 homines
1102 3513 1156 3566 in
1183 3511 1497 3566 humilitate
1528 3510 1794 3581 Spiritus,
1830 3520 1891 3566 ut
1909 3526 1969 3568 se
2015 3510 2167 3582 ipsos

593 3605 844 3659 omnium
875 3604 1258 3675 abjeetissima:
1288 3619 1351 3658 ac
1384 3603 1585 3658 inﬁmae
1619 3602 1954 3659 conditionis
1995 3619 2166 3674 repu-

596 3706 735 3751 tent.
772 3696 1054 3750 Interdum
1106 3696 1161 3750 in
1194 3696 1395 3766 gaudio
1435 3695 1701 3752 ineffabili
1732 3712 1762 3750 a
1799 3695 2006 3766 Spiritu
2037 3710 2170 3749 con-

596 3799 909 3844 servantur.
963 3787 1243 3842 lnterdum
1303 3795 1433 3844 sunt
1481 3789 1632 3843 velut
1680 3787 1840 3843 fortis
1867 3787 2166 3857 quispiam,

593 3880 712 3950 qui,
740 3879 1056 3933 universam
1112 3887 1450 3934 armaturam
1499 3878 1644 3949 regis
1697 3878 1956 3944 induens,
1991 3888 2047 3934 et
2110 3878 2169 3932 in

594 3971 843 4041 praelium
879 3968 1239 4034 descendens,
1276 3969 1541 4024 adversds
1589 3970 1778 4025 hostes
1821 3969 2042 4024 fortiter
2086 3968 2173 4024 di-

596 4063 797 4127 micat,
852 4077 1059 4132 eosque
1112 4061 1308 4117 vincit.
1357 4061 1565 4118 Eodem
1643 4061 1808 4118 modo
1865 4062 2172 4133 spiritualis

598 4159 788 4224 homo,
822 4157 1120 4230 assumptis
1147 4158 1470 4213 caelestibus
1499 4157 1669 4213 armis
1696 4158 1955 4228 Spiritus,
1983 4158 2172 4212 hostes

599 4251 827 4316 invadit,
860 4250 1164 4320 praelioque
1187 4250 1483 4306 commisso
1519 4251 1750 4322 subjicit
1782 4251 1907 4308 illos
1937 4251 2173 4323 pedibus

601 4340 796 4394 suis".

2247 1853 2680 1916 ὐποδεικνύντες.
2719 1852 2904 1904 Ἔστιν
2954 1850 3042 1903 ὅτε
3067 1851 3307 1918 γίνονται
3354 1849 3431 1913 ὡς
3481 1852 3542 1903 ὲν
3571 1850 3812 1920 βασιλικῷ

2245 1951 2444 2020 δείπνῳ
2479 1948 2929 2020 εὐφραινόμενοι,
2983 1947 3077 2000 καὶ
3111 1945 3480 2014 ἀγαλλιῶντες
3511 1946 3812 2013 ἀγαλλιάσει

2247 2045 2343 2098 καὶ
2374 2042 2685 2114 εὐφροσύνῃ
2717 2041 3099 2110 ἀνεκλαλήτῳ·
3154 2039 3289 2112 ἀλλῃ
3321 2040 3442 2110 ὥρᾳ
3477 2040 3618 2092 εἰσὶν
3648 2039 3812 2108 (Lamp

2247 2135 2432 2207 νύμφη
2506 2135 2989 2205 συναναπαυομὲνη
3053 2134 3111 2185 ὲν
3170 2135 3424 2204 κοινωνίᾳ
3481 2132 3564 2201 τῷ
3619 2133 3813 2202 νυμφίῳ

2251 2227 2421 2296 αὐτῆς
2452 2226 2758 2281 ἀναπαύσει
2789 2224 2967 2296 θεῖ.κῇ.
3000 2224 3219 2277 Ἀλλοτε
3249 2224 3490 2291 γίνονται
3521 2220 3717 2292 ὥσπερ
3739 2225 3814 2288 ἀγα

2251 2323 2399 2391 γελοι
2449 2319 2768 2390 ἀσώματοι,
2818 2319 2876 2371 ὲν
2917 2319 3155 2388 τοσαύτῃ
3187 2317 3480 2386 κουφότητι
3513 2316 3670 2377 ὅντες
3703 2317 3814 2384 μετὰ

2250 2415 2345 2469 τοῦ
2393 2413 2642 2483 σώματος
2666 2427 2680 2443 ο
2733 2410 2921 2465 ἄλλοτέ
2971 2413 3110 2463 εἰσιν
3152 2408 3341 2478 ὥσπερ
3381 2409 3440 2460 ὲν
3477 2407 3623 2480 μέθῃ
3651 2409 3812 2472 ποτοῦ,

2254 2506 2670 2577 εὐφραινόμενοι
2719 2505 2813 2557 καὶ
2866 2501 3155 2574 μεθύοντες
3192 2501 3270 2571 τῷ
3307 2501 3630 2568 Πνεῦματι,
3672 2503 3816 2570 μέθην

2256 2599 2415 2653 θείων
2448 2595 2764 2669 μυστηρίων
2793 2593 3199 2664 πνευματικῶν.

2326 2691 2408 2745 II'.
2470 2687 2694 2742 ’Λλλοτέ
2739 2687 2876 2740 εἰσιν
2934 2686 3007 2749 ὡς
3057 2686 3114 2738 ὲν
3159 2684 3424 2755 κλαυθμῷ
3479 2684 3577 2737 καὶ
3625 2683 3818 2753 ὀδυρμῷ

2259 2784 2398 2855 ὑπὲρ
2427 2782 2520 2835 τοῦ
2549 2781 2739 2848 γένους
2767 2779 2876 2832 τῶν
2902 2777 3206 2849 ἀνθρώπων
3225 2819 3240 2843 ,
3290 2778 3382 2830 καὶ
3412 2777 3677 2847 δεόμενον
3710 2779 3819 2844 ὑπὲρ

2259 2874 2380 2929 ὅλου
2425 2873 2521 2928 τοῦ
2559 2872 2767 2942 Ἀδὰμ,
2826 2871 3018 2934 πένθος
3067 2872 3161 2923 καὶ
3203 2869 3479 2938 κλαυθμὸν
3523 2869 3818 2937 ἀναλαμεὶο

2261 2982 2442 3019 νουσιν
2491 2964 2597 3018 ὑπὸ
2638 2965 2738 3034 τῆς
2765 2964 2986 3033 ἀγάπης
3025 2961 3119 3016 τοῦ
3158 2962 3476 3030 Πνεῦματος
3511 2963 3593 3023 εἰς
3624 2961 3722 3030 τὴν
3748 2961 3817 3012 5-:-

2189 3086 2233 3148 ε
2264 3057 2593 3130 θρωπότητα
2637 3053 3008 3124 ἐκκαιόμενοι.
3055 3050 3278 3105 Ἀλλοτε
3312 3053 3371 3103 ὲν
3401 3049 3648 3119 τοσαύτῃ
3682 3051 3820 3116 ἀγαλ-

2262 3151 2438 3205 λιάσει
2481 3149 2573 3201 καὶ
2610 3148 2802 3218 ἀγάπῃ
2837 3147 2942 3200 ὐπὸ
2971 3144 3064 3198 τοῦ
3098 3145 3417 3215 Πνεῦματος
3450 3142 3820 3212 tumea-Sam,

2262 3239 2377 3305 ὡς,
2433 3239 2483 3292 εἰ
2530 3237 2796 3302 δυνατὸν,
2853 3236 3028 3289 πάντα
3081 3234 3367 3303 ἄνθρωπον
3423 3235 3482 3285 ὲν
3535 3238 3653 3295 τοῖς
3702 3233 3823 3292 ίδίοις

2267 3330 2595 3400 σπλάγχνοις
2650 3324 2912 3398 ἐμϐαλεῖν
2936 3365 2951 3390 ,
3014 3326 3089 3396 μὴ
3134 3325 3501 3396 διακρίνοντες
3539 3324 3710 3377 κακὸν
3741 3323 3826 3375 arb

2265 3423 2472 3492 ἀγαθοῦ
2503 3440 2517 3454 ⁸
2589 3421 2778 3478 ἄλλοτε
2841 3419 3095 3474 τοσοῦτον
3154 3417 3538 3472 ταπεινοῦνται
3600 3419 3826 3470 ὑποκάτω

2267 3517 2466 3578 παντὸς
2493 3513 2782 3585 ἀνθρώπου
2815 3514 2871 3566 ὲν
2895 3510 3367 3580 ταπεινοφροσύνῃ
3389 3509 3483 3562 τοῦ
3512 3507 3822 3578 Πνεύματος.

2267 3610 2344 3674 ὡς
2376 3608 2604 3670 ἑαυτοὺς
2626 3606 2844 3661 πάντων
2869 3604 3273 3675 ὲσχατωτέρους
3300 3603 3396 3656 καὶ
3418 3601 3686 3662 ἐλάττους
3707 3599 3825 3668 νομί-

2269 3701 2637 3765 ζειν.Ἀλλοτε
2663 3701 2720 3751 ὲν
2744 3697 2893 3769 χαρᾷ
2911 3695 3262 3766 ἀνεκλαλήτῳ
3288 3693 3392 3746 ὑπὸ
3413 3692 3510 3746 τοῦ
3540 3693 3682 3746 [ινεύ
3689 3709 3826 3763 ματος

2268 3789 2905 3864 διατηροῦνται.”Αλλοτέ
2927 3790 3065 3844 εἰσιν
3091 3788 3278 3858 ὥσπερ
3300 3805 3384 3850 τις
3404 3786 3655 3849 δυνατὸς,
3679 3785 3826 3838 λαὸὼν

2272 3886 2569 3939 πανοπλίαν
2604 3882 2886 3954 βασιλικὴν
2906 3923 2922 3947 ,
2972 3883 3067 3936 καὶ
3106 3880 3384 3934 κατελθὼν
3417 3882 3476 3932 ἐν
3505 3879 3732 3947 πολέμῳ
3756 3877 3828 3927 ἐπὶ

2271 3977 2396 4039 τοὺς
2429 3975 2657 4046 ἐχθφὺς
2711 3972 2945 4044 ἰσχυρῶς
2975 3971 3410 4039 καταγωνίσεται
3445 3969 3674 4030 τούτους
3699 3970 3826 4033 νιιή-

2275 4085 2394 4129 σας.
2437 4066 2669 4136 Ὁμοίως
2703 4064 2812 4133 γὰρ
2863 4063 2960 4116 καὶ
3003 4060 3380 4131 πνευματικὸς
3412 4058 3684 4128 λαμϐάνει
3717 4058 3826 4110 ὅπλα

2275 4157 2576 4228 ἐπουράνια
2619 4155 2710 4208 τοῦ
2759 4154 3115 4225 Πνεύματος,
3181 4153 3277 4205 καὶ
3325 4153 3416 4203 ἐπὶ
3457 4151 3589 4214 τοὺς
3633 4150 3827 4218 eximis;

2275 4251 2599 4320 κατέρχεται
2632 4249 2726 4301 καὶ
2757 4247 3010 4318 πολεμεῖ,
3031 4245 3123 4299 καὶ
3154 4244 3486 4297 ὐποστάσσει
3515 4243 3718 4305 αὐτοὺς
3746 4240 3826 4292 ὑπὸ

2273 4345 2400 4407 τοὺς
2431 4343 2597 4405 πόδας
2629 4339 2819 4394 αὐτοῦ.

671 4429 761 4483 1X.
802 4428 1083 4483 Interdum
1128 4428 1184 4483 in
1231 4445 1446 4485 summo
1487 4431 1728 4497 silentio,
1776 4431 2158 4502 tranquillitate

2346 4433 2424 4488 ϐ’.
2465 4432 2688 4486 Ἀλλοτε
2740 4434 2798 4484 ἐν
2845 4430 3014 4500 πολλῇ
3060 4446 3168 4482 τινι
3209 4428 3446 4499 ἠσυχίᾳ,
3493 4428 3591 4480 καὶ
3628 4426 3827 4494 γαλήνῃ.

604 4528 660 4575 et
683 4534 821 4590 pace
874 4519 1178 4590 requiescit
1229 4520 1432 4585 anima,
1469 4521 1524 4575 in
1553 4521 1669 4576 sola
1715 4523 1985 4594 spirituali
2015 4525 2175 4578 volu-

606 4621 776 4684 ptate,
807 4621 862 4667 et
899 4611 1166 4667 ineffabili
1198 4613 1390 4683 requie
1434 4622 1598 4682 atque
1647 4614 1704 4667 in
1765 4616 1977 4684 optimo
2029 4625 2174 4672 statu

602 4703 891 4760 exsistens.
917 4702 1201 4757 Interdum
1229 4703 1284 4756 in
1307 4703 1671 4773 intelligentia
1709 4704 1944 4773 quadam
1979 4720 2044 4760 ac
2086 4721 2176 4761 sa-

603 4795 812 4866 pientia
844 4795 1134 4859 ineffabili,
1161 4804 1219 4848 et
1246 4794 1441 4850 notitia
1485 4794 1726 4865 Spiritus
1768 4796 2114 4852 inscrutabili
2144 4813 2176 4853 a

604 4888 775 4959 gratia
803 4887 1135 4950 instituitur,
1177 4888 1325 4942 circa
1355 4903 1440 4952 ea,
1471 4903 1595 4958 qua:
1628 4903 1730 4943 nec
1750 4889 1937 4959 lingua
1961 4905 2063 4945 nec
2083 4905 2180 4948 ore

609 4982 798 5038 efferri
843 4992 1073 5052 queunt.
1121 4980 1405 5036 Interdum
1438 4991 1499 5036 ut
1562 4981 1746 5052 quivis
1785 4981 2068 5038 hominum
2098 4984 2178 5039 ﬁt.

609 5077 690 5131 Ita
719 5075 870 5130 varie
915 5074 1091 5145 gratia
1147 5081 1402 5128 versatur
1455 5074 1509 5128 in
1563 5074 1652 5139 iis,
1684 5090 1749 5130 ac
1776 5075 1964 5130 multis
2003 5077 2184 5132 modis

613 5167 766 5221 ducit
796 5167 1055 5229 animam,
1079 5182 1342 5222 recreans
1368 5167 1521 5238 juxta
1549 5167 1891 5222 voluntatem
1915 5168 2179 5236 divinam,

614 5268 944 5329 exercetque
1003 5275 1122 5314 eam
1167 5257 1558 5323 diversimode,
1584 5268 1645 5314 ut
1695 5259 1844 5314 illam
1891 5260 2180 5331 integram,

613 5353 725 5422 80
781 5353 1327 5422 irreprehensibilem
1368 5361 1533 5422 atque
1578 5368 1777 5423 puram
1823 5353 1967 5422 apud
2020 5353 2187 5408 coele-

614 5455 753 5499 stctn
783 5444 1000 5498 Patrem
1031 5444 1352 5498 constituat.

687 5534 755 5588 Χ.
781 5535 1049 5590 Caeterum
1090 5535 1362 5605 praedicta:
1400 5516 1500 5590 hze
1535 5534 1776 5605 Spiritus
1821 5535 2187 5606 operationes,

692 5709 736 5739 ⁸⁸
765 5708 922 5764 Joan.
954 5727 1051 5777 xu,
1080 5711 1173 5765 9|.

2283 4528 2316 4598 ἠ
2346 4525 2492 4596 ψυχὴ
2525 4523 2862 4577 ἀναπαύεται
2886 4565 2900 4587 ,
2942 4524 3023 4586 εἰς
3060 4522 3227 4592 μόνην
3258 4520 3450 4590 ἡδονὴν
3486 4516 3826 4587 πνευματικὴν

2281 4621 2378 4674 καὶ
2406 4618 2711 4672 ἀνάπαυσιν
2744 4615 2985 4687 ἄρρητον
3011 4610 3166 4676 οὖσα,
3205 4613 3297 4666 καὶ
3322 4611 3604 4681 εὐθηνίαν.
3635 4611 3827 4663 ’Δλλοτε

2283 4715 2343 4766 ἐν
2369 4710 2585 4765 συνέσει
2607 4709 2716 4762 τινὶ
2744 4709 2839 4762 καὶ
2870 4709 3033 4778 σοφίᾳ
3057 4706 3303 4777 ἀρρήτῳ,
3337 4705 3433 4757 καὶ
3461 4703 3661 4772 γνώσει
3688 4700 3828 4754 11νεύ-

2288 4820 2457 4875 ματος
2505 4799 2932 4871 ἀνεξερευνήτου
2990 4799 3096 4852 ὑπὸ
3143 4798 3241 4867 τῆς
3289 4798 3512 4867 χάριτος
3559 4793 3827 4861 σοφίζεται.

2287 4895 2430 4966 ἆπερ
2471 4893 2562 4948 διὰ
2605 4890 2858 4963 γλώσσης
2893 4890 2990 4944 καὶ
3021 4890 3288 4961 στόματος
3317 4888 3553 4958 λαλῆσαι
3579 4885 3827 4937 ἀδύνατον.

2293 4988 2518 5042 Ἀλλοτε
2569 4985 2760 5055 ὥσπερ
2803 4979 2882 5048 εἷς
2915 4983 3025 5037 τῶν
3056 4981 3360 5054 ἀνθρώπων
3393 4981 3662 5048 γίγνεται.
3701 4975 3831 5029 Οὕτω

2290 5081 2552 5144 ποικίλως
2596 5083 2655 5133 ἐν
2694 5081 2878 5143 αὐτοῖς
2919 5081 2952 5150 ἡ
2985 5079 3145 5151 χάρις
3175 5079 3603 5147 ἀναστρέφεται,
3638 5075 3727 5126 καὶ
3753 5088 3831 5122 πο-

2288 5172 2573 5244 λυτρόπως
2599 5174 2786 5243 ὁδηγεῖ
2815 5173 2911 5242 τὴν
2940 5171 3118 5241 ψυχὴν
3140 5170 3499 5224 ἀναπαύουσα
3529 5168 3667 5220 κατὰ
3693 5168 3747 5218 τὺ
3763 5163 3833 5214 Θέ-

2289 5265 2441 5335 λημα
2474 5264 2568 5317 τοῦ
2600 5264 2770 5329 Θεοῦ,
2817 5264 2913 5318 καὶ
2947 5262 3214 5332 γυμνάζει
3247 5261 3416 5330 αὐτὴν
3446 5262 3730 5326 διαφόρως,
3765 5255 3832 5305 iv:

2289 5357 2503 5410 τελείαν
2559 5357 2654 5410 καὶ
2699 5357 2929 5426 ἄμωμον
2982 5355 3078 5408 καὶ
3122 5354 3368 5425 καθαράν
3433 5353 3512 5422 τῷ
3558 5348 3832 5419 ἐπουρανίῳ

2293 5449 2471 5519 Πατρὶ
2499 5450 2949 5522 ἀποκαταστήσῃ.

2367 5540 2425 5592 I'.
2487 5538 2673 5594 Ταῦτα
2705 5539 2762 5594 δὲ
2814 5539 2882 5594 τά
2916 5536 3292 5612 προειρημένα
3317 5535 3413 5591 τοῦ
3438 5535 3740 5604 Πνεύματος
3763 5527 3833 5576 ἐν·

1249 5711 1466 5767 ”Joan.
1496 5726 1604 5779 xiv,
1630 5709 1722 5766 25.
1800 5710 1844 5745 ’⁸
1881 5711 2084 5782 Ephes.
2111 5727 2186 5781 vt,
2226 5712 2294 5768 i2
2317 5728 2433 5784 seq.
