3966 6508
190 347 294 411 ϐίί

1415 344 1768 411 ΗΟΜΙΙᾸιΕ
1814 370 1884 384 --
1920 346 2105 408 HOM.
2143 345 2309 412 XIX.

3374 341 3481 406 65!

191 460 507 530 εργήματα,
554 459 807 531 μεγάλων
837 458 1053 531 μέτρων
1082 460 1191 514 elei.
1226 458 1335 514 τῶν
1367 460 1534 530 ἐγγὺς
1565 460 1665 529 τῆς
1691 474 1779 511 τε·

1898 455 1952 511 id
1983 470 2264 513 summum
2298 454 2528 529 gradum
2552 456 2833 529 pertinent
2860 471 3077 525 eorum,
3106 457 3199 529 qui
3225 472 3478 531 proxime

191 550 471 622 λειότητος
499 552 692 605 ὅντων.
742 552 811 604 Ai
844 551 953 621 γὰρ
1001 553 1402 625 προειρημέναι
1432 554 1532 624 τῆς
1562 553 1788 624 χάριτος

190 644 443 698 1ποικίλαι
472 644 830 708 ἀναπαύσεις,
862 643 1137 715 διαφόρως
1167 646 1266 714 μὲν
1292 644 1603 712 λαλοῦνται,
1637 645 1791 698 ἀδια-

193 733 438 798 λείπτως
483 735 542 789 δὲ
593 738 673 801 είς
722 737 920 800 αὐτοὺς
968 739 1348 808 ὲνεργοῦνται,
1384 738 1668 809 ἐνέργειαν
1698 739 1789 791 ὲν-

194 828 420 898 εργείας
467 827 875 899 διαδεχομένης.
912 829 1087 884 Ὅταν
1126 830 1235 900 γὰρ
1272 832 1305 901 ή
1336 829 1484 902 ψυχὴ
1521 830 1660 902 πρὸς
1688 830 1790 901 τὴν

194 920 518 991 τελειότητα
547 920 643 973 τοῦ
673 922 998 991 πνεύματος
1025 922 1338 995 καταντήσῃ
1356 961 1371 987 ,
1403 922 1625 986 τελείως
1651 923 1791 976 πάν·

194 1030 311 1066 των
338 1013 447 1066 τῶν
472 1011 663 1065 παθῶν
693 1012 1229 1084 ἀποκαθαρισοεϊσα,
1262 1016 1356 1068 καλ⁵
1386 1014 1465 1086 τῷ
1492 1014 1790 1087 Παρακλήο

194 1118 279 1174 up
309 1101 591 1172 Πνεῦματι
641 1101 732 1156 διά
780 1102 878 1174 τῆς
922 1105 1164 1176 ἀρρήτου
1208 1106 1495 1171 κοινωνίας
1524 1107 1791 1160 ἑνωθείσα

195 1192 299 1248 καὶ
342 1194 710 1265 ἀνακραθείσα
733 1233 749 1258 ,
800 1195 895 1249 καὶ
933 1197 1244 1270 καταξιωθῇ
1287 1197 1505 1269 πνεῦμα
1530 1197 1792 1266 γενέσθαι

199 1286 627 1356 συγκεκραμὲνη
684 1285 763 1357 τῷ
821 1286 1126 1358 Πνεὺματι,
1182 1289 1303 1343 τότε
1355 1290 1451 1362 ὅλη
1496 1291 1646 1361 φῶς,
1694 1290 1790 1361 ὅλη

190 1376 479 1447 ὀφθαλμὸς
497 1417 513 1443 ,
541 1376 637 1448 ὅλη
687 1376 937 1449 πνεῦμα,
982 1380 1102 1434 ὅλον
1120 1380 1295 1453 χαρὰ,
1322 1382 1443 1435 ὅλον
1468 1381 1789 1445 ἀνάπαυσις,

190 1468 323 1522 ὅλον
367 1467 725 1536 ἀγαλλίασις,
770 1468 893 1523 ὅλον
924 1470 1150 1541 ἀγάπη,
1183 1471 1304 1525 ὅλον
1335 1471 1641 1543 σπλάγχνα,
1672 1473 1792 1527 ὅλον

190 1560 476 1631 ἁγαθότης
496 1562 590 1615 καὶ
608 1562 914 1634 χρηστότης
934 1565 1383 1639 γίνεται.”Ωσπερ
1404 1567 1512 1639 γὰρ
1538 1570 1593 1622 ὲν
1624 1568 1794 1622 ἀϐύσ-

196 1669 282 1724 σῳ
337 1653 611 1727 θαλάσσης
661 1654 809 1720 λίθος
859 1659 1195 1729 πανταχόθεν
1247 1658 1400 1713 ὕδατι
1452 1660 1790 1731 περιέχεταιο

188 1743 377 1810 οὕτως
404 1740 582 1810 οῦτοι,
641 1750 808 1803 παντὶ
848 1750 1036 1822 τρόπῳ
1082 1749 1363 1822 Πνεῦματι
1403 1750 1548 1824 ἁγίῳ
1594 1752 1795 1807 ἀνακε-

1895 561 1928 600 a
1965 544 2312 616 perfectione
2345 545 2570 602 absunt.
2602 547 2713 603 ille
2744 548 2918 615 enim,
2951 564 3189 621 quarum
3241 551 3479 607 ruentiu-

1895 650 2023 691 nem
2062 635 2318 702 fecimus,
2362 637 2530 692 variae
2593 634 3009 694 moderationes
3059 639 3269 710 gratiae,
3325 639 3480 697 varie

1895 728 2121 798 quidem
2149 730 2560 800 exprimuntur,
2594 731 2817 787 assidue
2866 740 3051 786 tamen
3099 731 3154 786 in
3226 731 3484 788 homines

1896 828 2102 891 agunt,
2152 820 2371 877 actione
2426 821 2706 879 actionem
2760 821 3095 893 excipiente.
3161 821 3268 880 Ubi
3330 823 3483 878 enim

1892 911 2081 966 anima
2098 912 2166 968 ad
2187 912 2585 983 perfectionem
2616 914 2852 985 spiritus
2883 914 3221 985 pervenerit,
3239 913 3486 983 perfeCte

1906 1003 1975 1059 ab
2008 1004 2269 1060 omnibus
2294 1005 2589 1063 aﬁ‘ectibus
2616 1016 2936 1078 expurgatu,
2961 1016 3017 1063 et
3058 1006 3287 1078 Spiritui
3318 1001 3485 1062 Para-

1898 1094 2049 1149 cleto
2066 1108 2265 1149 arcana
2284 1094 2545 1151 societate
2560 1096 2712 1150 unita
2729 1097 3080 1166 etpermista,
3094 1112 3158 1151 ac
3175 1104 3483 1166 temperata

1899 1199 2026 1240 cum
2069 1184 2278 1255 Spiritu
2302 1184 2467 1256 digna
2497 1185 2737 1241 habetur
2757 1186 2878 1242 ﬁeri
2915 1188 3187 1257 spiritus;
3219 1197 3337 1243 tum
3371 1196 3484 1245 tota

1897 1275 1989 1330 lux
2016 1316 2032 1341 ,
2062 1283 2176 1332 tota
2207 1276 2424 1342 oculus,
2458 1284 2575 1333 tota
2616 1277 2869 1348 spiritus,
2910 1286 3024 1334 tota
3057 1279 3338 1351 gaudium,
3367 1288 3485 1336 tota

1898 1366 2215 1434 delectatio,
2243 1378 2357 1426 tota
2398 1370 2717 1438 exsultatio,
2749 1380 2861 1427 tota
2894 1371 3140 1437 dilectio,
3164 1381 3280 1427 tota
3306 1372 3487 1429 visce-

1901 1476 1982 1526 ra,
2006 1468 2123 1516 tota
2169 1460 2388 1519 bonitas
2436 1472 2493 1518 et
2525 1462 2820 1518 clementia
2846 1462 2930 1518 ﬁt.
2977 1462 3133 1519 Sicut
3161 1463 3312 1520 enim
3342 1463 3485 1534 lapis

1901 1552 1955 1606 in
1982 1552 2257 1623 profundo
2283 1554 2452 1609 maris
2476 1554 2724 1624 undique
2767 1570 2909 1624 aqua
2934 1553 3314 1610 circumdatur
3349 1568 3365 1608 :
3400 1554 3485 1610 sic

1900 1640 1981 1702 hi,
2013 1640 2164 1695 omni
2199 1641 2363 1696 modo
2412 1639 2647 1711 Spiritui
2704 1649 2899 1697 sancto
2948 1641 3219 1712 permisti,
3274 1641 3486 1697 similes

1901 1733 2042 1787 ﬁunt
2068 1733 2298 1798 Christi,
2332 1734 2565 1790 virtutes
2598 1735 2861 1805 potentiae
2890 1733 3134 1806 Spiritus
3161 1743 3482 1790 constanter

190 1835 508 1906 κραμένοι,
562 1818 957 1910 ἀφομοιοῦν-ται
1135 1818 1389 1914 Χριστῷ,
1593 1842 1788 1915 ἀρετὰς

1898 1818 1954 1874 in
1986 1834 2045 1875 se
2072 1819 2208 1891 ipsis
2224 1820 2563 1885 obtinentes,
2579 1820 2729 1875 intus
2759 1819 3114 1886 exsistentes,
3146 1820 3329 1876 omnis
3356 1835 3477 1875 ma-

192 1928 302 1998 τῆς
339 1928 630 2000 δυνάμεως
684 1930 781 1986 τοῦ
814 1932 1137 2005 Πνεῦματος
1169 1934 1460 2007 ἀτρέπτως
1496 1938 1555 1990 ὲν
1580 1936 1795 2000 ἑαυτοῖς

192 2018 421 2089 ἔχοντες
440 2062 456 2089 ,
494 2022 701 2081 ἔσωθεν
722 2023 882 2090 ὅντες
906 2026 1170 2099 ἄμωμοι,
1203 2026 1300 2082 καὶ
1328 2026 1549 2082 ἄσπιλοι
1578 2029 1672 2081 καὶ
1696 2044 1796 2082 κα-

190 2112 384 2184 θαροί.

276 2209 382 2262 IA'.
422 2207 522 2263 Διά
548 2207 659 2283 γὰρ
689 2209 783 2264 τοῦ
813 2210 1136 2281 Πνεῦματος
1167 2208 1646 2282 καταρτισθέντες,
1675 2207 1793 2272 πῶς

184 2298 458 2353 δύνανται
503 2299 715 2371 καρπὸν
756 2299 957 2365 ἔξωθεν
986 2301 1184 2364 κακίας
1217 2302 1557 2372 προαγαγεῖν
1570 2316 1591 2367 η;
1634 2299 1794 2355 Ἀλλά

194 2390 437 2443 πάντοτε
487 2388 578 2443 διὰ
628 2388 887 2454 πάντων,
936 2390 987 2443 oi
1024 2389 1230 2461 καρποὶ
1261 2386 1355 2442 τοῦ
1384 2388 1707 2458 Πνεύματος
1735 2388 1794 2440 ὲν

189 2482 390 2543 αὐτοῖς
450 2479 838 2551 διαλάμπουσι.
913 2479 1405 2552 Παρακαλὼωμεν
1455 2479 1639 2531 τοίνυν
1699 2478 1794 2531 καλ⁸

192 2572 365 2639 ἡμεῖς
380 2569 471 2623 τδν
492 2570 646 2632 Θεὸν,
666 2569 761 2623 καὶ
787 2568 1171 2640 πιστεύσωμεν
1198 2569 1255 2623 ὲν
1279 2569 1471 2641 ἀγάπῃ
1494 2570 1589 2621 καὶ
1615 2567 1793 2621 ἐλπίδι

195 2661 373 2734 πολλῇ
399 2701 416 2725 ,
472 2661 560 2715 ἵνα
611 2661 723 2733 δῴη
770 2664 903 2733 ἡμῖν
956 2662 1056 2734 τὴν
1105 2661 1430 2733 ἐπουράνιον
1483 2662 1645 2732 χάριν
1693 2664 1793 2730 τῆς

186 2754 413 2824 δωρεᾶς
437 2753 531 2808 τοῦ
557 2754 699 2808 lived
707 2771 896 2825 ματος,
929 2754 1017 2809 ἴνα
1044 2755 1139 2808 καὶ
1157 2755 1308 2826 ἡμᾶς
1331 2752 1465 2807 αὐτὸ
1486 2754 1547 2807 τδ
1570 2752 1793 2824 Πνεῦμα

193 2846 517 2918 κυϐερνήσῃ
545 2847 641 2901 καὶ
667 2847 913 2921 ὁδηγήσῃ
943 2848 1022 2911 εἰς
1050 2848 1160 2899 πᾶν
1187 2846 1249 2900 τὸ
1274 2845 1489 2919 θέλημα
1518 2845 1611 2900 τοῦ
1630 2846 1789 2910 Θεοῦ,

188 2939 298 2992 καὶ
345 2939 638 3010 ἀναπαύσῃ
668 2941 817 3011 ἡμᾶς
849 2941 908 2993 ἐν
939 2942 1006 3011 τῇ
1038 2939 1376 3010 ποικιλότητι
1406 2939 1509 3011 τῆς
1537 2938 1790 2994 ἀναπαύ-

190 3045 346 3093 σεως
380 3028 546 3084 αὐτοῦ
568 3069 585 3096 ,
624 3030 711 3084 ἴνα
750 3030 842 3084 διὰ
866 3030 967 3101 τῆς
996 3029 1251 3101 τοιαύτης
1281 3030 1662 3102 κυϐερνήσεως
1693 3030 1790 3085 καὶ

193 3121 296 3174 τοῦ
331 3121 661 3194 γυμνασμοῦ
689 3123 790 3193 τῆς
814 3122 1060 3194 χάριτος,
1096 3125 1193 3177 καὶ
1209 3123 1510 3206 εροκοπῆς
1539 3138 1789 3189 πνευμα-

192 3212 382 3283 τικῆς,
400 3211 832 3284 καταξωθῶμεν
864 3215 945 3277 είς
973 3213 1073 3283 τὴν
1101 3214 1417 3285 τελειότητα
1445 3212 1540 3268 τοῦ
1570 3213 1791 3286 πληρώ-

189 3319 376 3371 ματος
407 3302 505 3357 τοῦ
533 3303 771 3374 Χριστοῦ
806 3303 1011 3375 φθάσαι
1035 3344 1051 3371 ,
1087 3303 1163 3369 ὥς
1194 3321 1360 3377 φησιν
1384 3306 1414 3358 ό
1438 3305 1782 3371 ’Δπόστολοςο

196 3391 343 3446 Ἵνα
394 3390 754 3461 πληρωθῆτε
793 3394 884 3458 εις
928 3391 1057 3451 πᾶν
1096 3393 1163 3448 τὸ
1196 3393 1489 3464 πλήρωμα
1519 3395 1629 3449 τοῦ
1657 3397 1789 3465 Χρι-

192 3483 377 3537 στοῦ·
408 3484 505 3538 καὶ
532 3484 697 3538 πάλιν
716 3522 735 3549 ,
765 3486 956 3554 Μέχρι
983 3484 1458 3555 καταντήσωμεν
1485 3488 1540 3541 oi
1564 3484 1787 3554 πάντες

193 3577 296 3640 είς
320 3573 510 3643 ἄνδρα
533 3574 791 3639 τέλειον,
816 3578 905 3641 εὶς
921 3575 1142 3646 μέτρον
1160 3576 1404 3645 ἡλικίας
1426 3577 1531 3632 τοῦ
1550 3578 1790 3646 πληρώ-

184 3683 386 3737 ματος
430 3667 539 3724 τοῦ
586 3668 872 3738 Χριστοῦ.
922 3669 1316 3740 Ἐπηγγείλατο
1348 3670 1377 3722 ό
1408 3669 1611 3741 Κύριος
1652 3672 1786 3725 πᾶσι

189 3761 313 3822 τοῖς
360 3758 711 3814 πιστεύουσιν
750 3760 900 3830 αὐτῷ
922 3801 936 3826 ,
984 3762 1080 3814 καλ⁸
1108 3761 1448 3832 αἰτουμένοις
1477 3764 1536 3816 ἐν
1558 3761 1788 3834 ἀληθείᾳ

184 3849 555 3922 δωρήσασθαι
581 3851 653 3905 τά
684 3855 964 3923 μυστήρια
992 3853 1090 3924 τῆς
1113 3854 1357 3925 ἀρρήτου
1385 3854 1667 3917 κοινωνίας
1692 3855 1785 3907 τοῦ

190 3941 545 4012 Πνεύματος.
608 3944 718 3998 Καὶ
772 3944 935 4015 ἡμεῖς
974 3942 1069 3997 οὖν
1112 3943 1374 4008 ὁλοτελῶς
1423 3944 1650 4008 ἑαυτοὺς
1704 3945 1787 4016 τῷ

188 4034 396 4105 Κυρίῳ
425 4035 720 4099 ἀναθέντες
760 4036 869 4089 τῶν
904 4034 1322 4106 προειρημένων
1347 4034 1571 4104 ἀγαθῶν
1602 4038 1786 4107 τυχεῖν

187 4126 563 4197 σπεύσωμεν,
620 4127 768 4199 ψυχῇ
820 4129 918 4182 καὶ
967 4127 1182 4197 σώματι
1217 4128 1653 4198 ἀφιερωθὼτες,
1689 4130 1786 4183 καὶ

183 4220 271 4292 τῷ
318 4220 541 4292 σταυρῷ
584 4221 680 4275 τοῦ
714 4219 952 4292 Χριστοῦ
998 4219 1473 4292 προσηλωθέντες,
1512 4222 1653 4288 ἄξιοι
1685 4223 1785 4294 τῆς

184 4310 422 4366 αἰωνίου
474 4311 753 4384 βασιλείας
801 4310 1090 4383 γενώμεθα
1113 4351 1130 4378 ,
1185 4311 1499 4379 δοξάζοντες
1543 4314 1781 4386 Πατέρα,

184 4404 291 4459 καὶ
316 4403 468 4470 Υίὸν,
493 4405 588 4459 καὶ
612 4405 766 4475 ἆγιον
795 4403 1040 4475 Πνεῦμα,
1068 4405 1149 4468 είς
1176 4404 1305 4467 τοὺς
1329 4404 1555 4460 αίῶνα·.
1587 4406 1780 4479 Ἀμήν.

797 4518 1043 4572 ΟΜΙΛΙΛ
1078 4518 1178 4572 18'.

180 4612 257 4665 Οί
282 4610 635 4679 Χριστιανοὶ
657 4627 731 4681 πί
742 4612 1026 4665 οκόπτειν
1049 4611 1148 4665 καὶ
1168 4610 1539 4675 αὐξάνεσθαι
1556 4613 1782 4677 ,βουλό-

250 4698 434 4753 μενοι
495 4682 850 4753 ὀφείλορσιν
875 4682 1132 4753 ἑαυτοὺς
1153 4681 1467 4753 βιάζεσθαι
1493 4684 1636 4751 πρὸς
1659 4682 1783 4753 πᾶν

255 4751 333 4805 τὸ
373 4752 633 4820 ἀγαθὸν,
682 4751 838 4805 ὥστε
875 4751 1246 4821 λυτροῦσθαι
1268 4752 1495 4820 αὐτοὺς
1520 4754 1639 4808 ἀπὸ
1670 4752 1782 4821 τῆς
1816 4773 1824 4779 ·

255 4823 631 4893 ἐνοικορσης
678 4821 1006 4893 ἁμαρτίας,
1066 4823 1165 4876 καί
1211 4823 1561 4893 Πνεύματος
1606 4824 1781 4893 ἁγίου

256 4890 666 4959 πληροῦσθαι.

256 5013 350 5064 Ar.
388 5008 449 5064 ὀ
474 5007 804 5081 βουλόμενος
830 5007 1152 5080 προσελθεῖν
1176 5008 1254 5081 τῷ
1280 5010 1490 5083 Κυρίῳ,
1518 5011 1611 5065 καὶ
1635 5010 1781 5081 ξωῆς

180 5098 421 5155 αἰωνίου
443 5099 851 5170 καταξιωθῆναι
873 5101 969 5154 καὶ
990 5103 1409 5173 κατοικητήριον
1430 5102 1523 5156 τοῦ
1541 5102 1779 5173 Χριστοῦ

178 5190 494 5261 γενέσθαι,
544 5193 640 5245 καὶ
688 5191 1007 5262 Πνεύματος
1052 5192 1210 5260 ἁγίου
1265 5194 1656 5266 πληρωθῆναι,
1693 5195 1781 5251 ἵνα

177 5282 321 5343 τοὺς
379 5281 628 5351 καρποὺς
687 5278 783 5333 τοῦ
841 5279 1155 5353 Πνεῦματος
1184 5324 1200 5347 ,
1264 5283 1359 5335 καὶ
1411 5282 1510 5347 τάς
1561 5284 1780 5350 ἐντολὰς

175 5370 282 5427 τοῦ
311 5370 554 5441 Χριστοῦ
586 5370 787 5444 δυνηθῇ
820 5372 1041 5445 ποιῆσαι
1083 5374 1339 5445 καθαρῶς
1381 5376 1474 5429 καὶ
1508 5376 1777 5449 ἀμώμως,

176 5463 351 5531 οὗτος
392 5463 601 5536 ὀφείλει
632 5463 900 5535 ἄρξασθαι
933 5465 1150 5536 πρῶτον
1180 5465 1459 5519 πιστεύειν
1485 5468 1563 5539 τῷ
1589 5470 1780 5541 Κυρίῳ

179 5556 472 5631 βεϐαίως,
525 5555 619 5609 καὶ
669 5555 944 5609 ἐπιδοῦναι
984 5554 1179 5609 ὲαυτδν
1221 5556 1280 5621 ἐξ
1305 5557 1431 5612 ὅλου
1460 5562 1573 5625 τοῖς
1598 5561 1780 5631 λόγοις

176 5648 299 5702 τῶν
348 5642 583 5699 επολῶν
630 5642 800 5698 αὐτοῦ
826 5684 841 5709 ,
898 5643 993 5696 καὶ
1046 5643 1424 5711 ἀποτάξασθαι
1471 5647 1550 5720 τῷ
1586 5649 1777 5723 κόσμῳ

259 5784 316 5815 ⁸⁸
349 5780 554 5852 pres.
580 5797 659 5846 ιιι,
687 5781 776 5837 10.
850 5782 897 5815 ’⁸
926 5782 1129 5852 Ephes.
1150 5798 1225 5847 ιν,
1260 5783 1345 5839 15.

566 5876 839 5936 Fumea.
874 5875 989 5934 Gn.
1030 5875 1313 5935 XXXIV.

1806 4509 1862 4570 D

1898 1907 2036 1961 culae
2052 1922 2117 1963 ac
2140 1907 2591 1977 reprehensionis
2613 1915 2872 1977 expertes
2894 1918 3068 1978 atque
3094 1905 3243 1978 puri.

1967 2179 2062 2235 XI.
2089 2179 2228 2236 Cum
2247 2179 2395 2234 enim
2421 2194 2526 2251 per
2547 2178 2817 2250 Spiritum
2850 2179 2964 2235 sint
2988 2179 3311 2242 restaurati,
3336 2194 3479 2250 quo-

1895 2270 2061 2327 modo
2086 2280 2241 2327 extra
2272 2280 2507 2341 possunt
2536 2270 2779 2327 fructum
2808 2271 3029 2326 malitiae
3063 2271 3350 2342 proferre?
3376 2270 3482 2327 Ve-

1897 2378 2019 2418 rum
2047 2371 2319 2434 perpetuo
2342 2378 2442 2433 per
2459 2363 2647 2418 omnia
2672 2362 2892 2419 fructus
2910 2363 3153 2435 Spiritus
3176 2364 3233 2419 in
3259 2364 3330 2421 iis
3353 2365 3478 2421 eni-

1897 2462 2134 2511 tescunt.
2161 2454 2401 2512 Oremus
2436 2454 2608 2526 igitur
2634 2470 2857 2525 quoque
2888 2469 2991 2512 nos
3014 2456 3216 2521 Deum,
3250 2465 3308 2511 et
3353 2470 3479 2512 cre-

1895 2548 2093 2603 damus
2136 2547 2195 2602 in
2242 2546 2633 2602 dilectioneac
2676 2561 2776 2617 spe
2822 2562 3041 2618 magna,
3097 2556 3161 2603 ut
3215 2548 3480 2618 largiatur

1892 2638 2058 2694 nobis
2110 2639 2391 2695 caelestem
2440 2637 2670 2709 gratiam
2700 2636 2832 2693 doni
2861 2637 3122 2709 Spiritus,
3154 2648 3215 2695 ut
3262 2649 3320 2695 et
3374 2653 3480 2696 nos

1894 2730 2013 2801 ipse
2046 2730 2287 2802 Spiritus
2314 2730 2605 2802 gubernet,
2649 2738 2707 2784 et
2738 2730 2904 2786 ducat
2932 2730 3006 2786 ad
3031 2746 3252 2787 omnem
3276 2730 3478 2786 volun-

1896 2830 2063 2877 tatem
2082 2821 2350 2887 divinam,
2371 2836 2438 2877 ac
2471 2837 2574 2878 nos
2604 2823 2814 2879 reﬁciat
2844 2823 3011 2878 variis
3032 2821 3245 2893 requiei
3274 2821 3475 2887 modis,

1894 2922 1957 2968 ut
1975 2928 2079 2985 ope
2110 2912 2274 2985 hujus
2291 2913 2728 2984 gubernationis,
2744 2923 2801 2970 et
2829 2912 3243 2970 exercitationis
3263 2913 3476 2985 gratiae,

1889 3018 1958 3059 ac
2006 3004 2377 3074 promotionis
2447 3003 2788 3075 spiritualis,
2841 3005 2994 3078 digni
3042 3005 3347 3061 habeamur
3407 3004 3478 3062 ad

1894 3094 2294 3166 perfectionem
2326 3096 2688 3167 plenitudinis
2715 3096 2921 3154 Christi
2949 3098 3267 3169 pervenire,
3309 3106 3373 3154 ut
3395 3098 3482 3154 in-

1819 3170 1861 3227 c
1895 3187 2017 3258 quit
2043 3187 2341 3258 Apostolus
2376 3204 2391 3242 :
2426 3188 2495 3244 Ut
2526 3189 2860 3261 impleamini
2883 3191 2939 3244 in
2965 3206 3174 3244 omnem
3196 3190 3480 3261 plenitudi-

1891 3297 2015 3335 nem
2068 3279 2265 3336 Christi
2288 3280 2356 3336 ”.
2402 3281 2473 3336 Et
2522 3297 2747 3337 rursum
2792 3298 2807 3337 :
2863 3281 3043 3336 Donec
3110 3283 3478 3352 perveniamus

1889 3388 2073 3427 omnes
2096 3373 2153 3426 in
2177 3374 2352 3428 uirum
2382 3373 2693 3445 perfectum,
2731 3374 2787 3428 in
2831 3389 3136 3429 mensuram
3166 3375 3341 3429 atatis
3370 3373 3482 3447 ple-

1893 3463 2147 3519 nitudinis
2190 3463 2476 3520 Clu-isti".
2512 3465 2775 3521 Promisit
2814 3465 3085 3521 Dominus
3125 3466 3387 3523 omnibus
3419 3466 3477 3523 in

1889 3572 1950 3613 se
1973 3557 2350 3623 credentibus,
2377 3567 2434 3613 et
2461 3558 2516 3612 in
2548 3559 2782 3613 veritate
2805 3559 3236 3628 postulantibus,
3276 3575 3337 3617 se
3368 3560 3483 3616 lar-

1889 3648 2134 3718 giturum
2162 3649 2423 3721 mysteria
2452 3648 2749 3704 ineﬂ‘abilis
2775 3649 3187 3706 communionis
3212 3650 3474 3721 Spiritus.

1884 3740 2243 3811 Quapropter
2302 3740 2523 3810 penitus
2577 3755 2681 3795 nos
2731 3740 2884 3809 ipsos
2930 3739 3167 3795 Domino
3190 3755 3479 3797 consecre-

1890 3846 2035 3894 mus,
2060 3840 2117 3887 et
2136 3831 2204 3887 ad
2235 3832 2498 3902 praedicta
2533 3831 2676 3887 bona
2715 3832 3102 3901 eonsequenda
3124 3830 3477 3898 festinemus,

1887 3938 2121 3993 corpore
2170 3922 2467 3993 animoque
2537 3922 2883 3986 consecrati,
2938 3930 2996 3978 et
3050 3922 3205 3978 cruci
3263 3920 3474 3978 Christi

1887 4013 2053 4077 aﬁixi,
2121 4012 2272 4084 digni
2327 4028 2498 4084 regno
2552 4020 2761 4067 aeterno
2823 4012 3050 4078 fiamus,
3100 4011 3477 4083 gloriﬁcantes

1886 4103 2141 4171 Patrem,
2202 4104 2403 4161 Filium
2448 4104 2796 4175 etSpiritum
2845 4113 3097 4159 sanctum
3146 4104 3204 4159 in
3245 4103 3469 4161 saecula.

1886 4194 2080 4250 Amen.

2437 4500 2720 4559 HOMILIA
2772 4501 2916 4558 XIX.

2278 4592 2493 4659 roﬁcere
2540 4606 2588 4648 et
2634 4611 2863 4649 crescere
2885 4595 3134 4660 volentes,
3180 4595 3364 4651 debent
3409 4612 3468 4651 se

1955 4665 2006 4717 vi
2045 4662 2357 4735 compellere
2399 4664 2468 4735 ad
2502 4682 2657 4719 amne
2684 4667 2739 4719 id
2787 4667 2925 4735 quod
2951 4667 3143 4720 bonum
3172 4675 3268 4730 est,
3298 4675 3357 4720 ut
3400 4667 3467 4722 li-

1954 4735 2203 4875 bemtu:
2227 4734 2291 4788 ab
2324 4734 2651 4789 inhabitante
2681 4734 2914 4805 peccato,
2945 4745 2995 4792 et
3028 4736 3233 4808 Spiritu
3278 4746 3466 4792 sancto

1956 4820 2012 4857 re
2102 4821 2171 4859 an
2201 4820 2284 4857 ur.

1887 4591 2173 4647 Christiani

1955 5005 1996 5060 l.
2022 5003 2131 5072 Qui
2170 5011 2396 5074 exoptat
2447 5004 2715 5062 accedere
2759 5004 2831 5059 ad
2890 5004 3210 5070 Dominum,
3256 5015 3314 5061 et
3352 5008 3463 5061 vita

1883 5108 2089 5152 .eterna
2119 5095 2320 5166 dignus
2354 5095 2569 5157 haberi.
2596 5095 2939 5152 domicilium
2974 5094 3183 5152 Christi
3222 5095 3365 5163 fieri,
3400 5112 3464 5152 ac

1882 5188 2089 5259 Spiritu
2138 5195 2328 5243 sancto
2372 5187 2602 5258 repleri,
2649 5203 2761 5257 quo
2785 5186 2996 5243 fructus
3057 5188 3299 5258 Spiritus
3329 5201 3462 5257 pro-

1889 5282 2121 5346 ducere,
2145 5288 2203 5336 et
2236 5279 2494 5335 mandata
2522 5279 2729 5334 Christi
2776 5279 2958 5336 facere
2996 5295 3133 5352 pure
3174 5289 3229 5335 et
3252 5279 3463 5348 absque

1883 5373 2320 5445 reprehensione
2352 5373 2548 5443 possit,
2585 5373 2679 5427 ille
2713 5372 2845 5429 hinc
2882 5373 3102 5429 initium
3151 5381 3351 5439 sumat,
3403 5380 3464 5425 ut

1881 5468 1939 5523 in
1976 5466 2173 5538 primis
2231 5463 2465 5520 ﬁrmiter
2511 5462 2745 5519 Domino
2802 5465 3034 5533 credat,
3077 5479 3246 5536 seque
3284 5470 3459 5519 totum

1883 5558 2062 5615 tradat
2114 5554 2404 5629 praeceptis
2446 5569 2511 5610 ac
2555 5556 2826 5612 mandatis
2881 5558 3024 5628 ejus,
3053 5572 3119 5612 ac
3178 5553 3462 5611 renuntiet

1881 5649 2088 5706 mundo
2141 5662 2241 5719 per
2284 5645 2492 5712 omnia,
2532 5662 2603 5703 ne
2651 5647 2763 5704 ullo
2815 5648 2977 5704 modo
3025 5649 3172 5705 circa
3203 5663 3291 5723 ea,
3336 5659 3460 5716 qua

3060 5870 3134 5947 21
