3966 6514
570 348 678 410 643
1844 341 1902 402 S.
1947 335 2266 401 MACARII
2308 335 2632 397 {EGYPTII
3700 336 3781 399 6H

576 457 754 511 oculis
788 459 999 524 patent,
1053 461 1165 508 tota
1220 452 1341 523 ejus
1383 466 1537 505 mens
1580 460 1904 520 occupetur.
1952 446 2142 503 Deindi

2216 464 2239 517 ι
2267 448 2410 501 κατά
2454 447 2634 502 πάντα
2659 485 2673 510 ,
2728 445 2816 498 ἵνα
2858 460 2934 514 μη
2967 442 3094 513 περί
3124 458 3176 495 τι
3212 440 3320 493 τῶν
3347 440 3664 509 φαινομένων
3689 445 3782 499 ὅλος

564 562 791 619 quoque
821 556 1045 616 oportet
1070 562 1196 600 eum
1236 551 1507 615 perpetuo
1539 544 1594 597 in
1624 543 1875 597 oratione
1902 553 2128 611 perseve

2258 542 2288 594 6
2312 539 2437 606 νοῦς
2462 538 2779 610 ἀσχολῆται.
2814 536 2925 591 Καὶ
2953 536 3033 598 είς
3059 534 3161 605 τὴν
3184 533 3349 603 εὐχὴν
3377 531 3483 602 χρὴ
3510 533 3659 585 αὑτὸν
3681 538 3786 590 πάν-

568 654 716 703 rare,
764 638 820 692 in
875 637 982 692 [ide
1015 652 1138 707 qua:
1182 642 1463 705 exspectat
1520 632 1837 697 Dominum,
1890 631 2134 687 visitatio

2258 649 2380 686 τοτε
2403 631 2859 702 προσκαρτερεῖν,
2888 629 2947 681 ἐν
2968 627 3151 681 πίστει
3173 625 3495 696 προσδοκίας
3516 624 3601 677 τοῦ
3618 627 3787 697 Κυρίου

569 745 699 784 nem
743 736 802 783 et
825 728 1089 783 auxilium
1132 728 1254 797 ejus
1296 741 1516 795 semper
1562 732 1998 795 exspectantem,
2034 738 2135 779 sco

2258 725 2358 793 τὴν
2391 722 2682 793 ἐπίσκεψιν
2726 723 2822 776 καὶ
2876 719 3134 792 βοήθειαν
3162 717 3329 773 αὐτοῦ
3367 718 3591 771 πάντοτε
3617 718 3791 788 ἐκδεχό-

571 836 816 890 pumque
851 820 1052 874 mentis
1077 834 1190 872 suae
1220 832 1286 871 eo
1332 832 1547 886 semper
1576 816 1927 888 dirigentem.
1948 816 2137 871 Deindi

2264 834 2425 887 μενον
2449 856 2465 880 ,
2519 816 2614 871 τὸν
2646 814 2849 868 σκοπὸν
2890 813 2986 867 τοῦ
3014 813 3133 877 νοὸς
3161 809 3328 866 αὐτοῦ
3364 812 3443 872 είς
3464 808 3615 862 τοῦτο
3640 809 3793 880 ἔχοντα

575 911 911 980 compellere
936 915 1154 977 oportet
1187 922 1246 961 se
1268 907 1447 976 ipsum
1484 906 1550 961 ad
1577 922 1739 961 omne
1762 922 1902 976 opus
1926 906 2141 960 bonum.

2259 908 2346 963 διὰ
2378 910 2604 973 παντός.
2662 903 2796 961 Εἶτα
2830 904 3117 977 βιάζεσθαι
3148 904 3255 977 χρὴ
3288 904 3482 957 ἐαυτὸν
3509 906 3586 965 είς
3612 907 3703 958 πᾶν
3723 906 3793 975 ἐρ-

574 1004 681 1074 81
715 1011 772 1055 et
800 999 868 1055 ad
917 999 1103 1054 omnia
1157 999 1414 1054 mandata
1452 998 1691 1062 Domini,
1724 1006 1952 1068 propter
2000 998 2140 1052 inna-

2260 1019 2356 1072 γον
2390 1002 2592 1072 ἀγαθὸν
2643 1001 2740 1055 καὶ
2785 1002 2867 1064 είς
2898 1000 3079 1063 πάσας
3115 1000 3214 1063 τὰς
3248 997 3467 1062 ἐντολὰς
3492 997 3583 1051 τοῦ
3609 1000 3794 1070 Κυρίου,

576 1104 694 1147 tum
729 1092 833 1147 sibi
866 1098 1173 1161 peccatum.
1228 1090 1412 1146 Veluti
1450 1090 1745 1160 compellat
1786 1104 1845 1145 se
1879 1090 2058 1159 ipsum
2091 1105 2142 1144 at

2261 1095 2351 1148 διά
2394 1096 2494 1165 τὴν
2530 1093 2799 1147 συνοῦσαν
2831 1091 2980 1163 αύτῷ
3008 1090 3285 1164 ἁμαρτίαν
3310 1107 3325 1122 ·
3383 1084 3496 1143 οἷον
3520 1128 3536 1157 ,
3572 1089 3798 1159 βιαζέσθω

576 1182 975 1238 demissionem
1002 1182 1174 1236 animi
1199 1196 1385 1236 coram
1425 1181 1685 1236 omnibus
1720 1181 2059 1247 hominibus,
2097 1195 2142 1233 ιιι

2263 1189 2454 1242 ἑαυτὸν
2487 1188 2568 1251 είς
2591 1187 2652 1241 τὸ
2680 1187 3121 1257 ταπεινοφρονείν
3152 1184 3381 1238 ἐνώπιον
3413 1181 3610 1247 παντὸς
3630 1184 3800 1255 ἀνθρώ-

576 1291 635 1330 se
661 1275 985 1329 inferiorem
1020 1281 1077 1329 et
1113 1274 1468 1345 abjectiorem
1517 1273 1812 1338 existimet,
1857 1288 1970 1327 non
2021 1288 2142 1343 quae

2263 1297 2368 1335 που
2393 1321 2408 1346 ,
2460 1280 2555 1333 καὶ
2601 1278 2792 1332 ἐαυτὸν
2843 1277 3051 1332 ἐλάττω
3080 1275 3332 1348 ἡγεῖσθαι
3368 1274 3467 1328 καὶ
3492 1274 3714 1345 χείρονα,
3745 1276 3802 1347 μή

584 1381 717 1420 rens
772 1366 1064 1430 honorem,
1107 1365 1347 1428 laudem,
1383 1373 1479 1418 aut
1524 1364 1753 1435 gloriam
1803 1378 1834 1417 a
1882 1378 2150 1433 quoquam

2263 1371 2444 1444 ζητῶν
2485 1372 2655 1443 τιμὴν
2682 1411 2698 1438 ,
2747 1372 2783 1444 ἢ
2829 1370 3075 1438 ἔπαινον,
3110 1370 3143 1441 ἦ
3172 1369 3334 1434 δόξαν
3358 1366 3657 1439 ἀνθρώπων
3683 1372 3801 1439 παρά

581 1458 897 1523 hominum,
935 1466 995 1512 ut
1026 1457 1079 1511 in
1103 1456 1401 1527 Evangelio
1428 1457 1689 1526 scriptum
1710 1463 1827 1509 est:
1861 1455 1956 1511 sed
1984 1456 2147 1510 solun

2261 1481 2428 1530 τινος,
2462 1464 2654 1528 καθὼς
2683 1466 2742 1517 ἐν
2768 1463 2846 1534 τῷ
2870 1462 3192 1533 Εὑαγγελίῳ
3218 1462 3552 1532 γέγραπταιο
3586 1461 3710 1515 ἀλλὰ
3732 1464 3804 1531 μό-

581 1552 874 1606 Dominum
936 1566 1152 1620 semper
1184 1550 1257 1604 ob
1308 1550 1498 1604 oculos
1548 1548 1768 1611 habeat,
1811 1556 1867 1602 et
1906 1548 2147 1603 mandata

2264 1575 2353 1614 νον
2398 1558 2487 1611 ἀεὶ
2525 1558 2616 1612 τὸν
2644 1556 2850 1630 Κύριον
2882 1556 2989 1628 πρὸ
3016 1555 3310 1627 ὀφθαλμῶν
3337 1556 3477 1626 ἔχων
3507 1554 3600 1609 καὶ
3625 1556 3713 1620 τὰς
3737 1558 3802 1610 ἐν-

583 1642 726 1712 ejus,
778 1641 879 1710 ipsi
922 1642 1025 1695 soli
1074 1642 1292 1711 placere
1342 1639 1573 1694 studens
1619 1640 1672 1692 in
1735 1640 2149 1695 mansuetudine

2262 1652 2423 1716 τολάς
2443 1650 2631 1717 αὐτοῦ,
2662 1651 2809 1721 αύτῷ
2837 1650 3158 1721 βουλόμενος
3186 1648 3441 1720 ἀρέσκειν
3474 1647 3618 1720 μόνῳ
3642 1651 3712 1712 είς
3732 1650 3806 1720 τὴν

581 1732 788 1794 cordis,
820 1740 880 1785 ut
925 1732 1103 1803 inquit
1141 1730 1446 1785 Dominus:
1488 1729 1685 1783 Discite
1713 1748 1743 1782 (ι
1779 1746 1861 1783 me
1892 1731 2029 1799 quod
2058 1731 2147 1782 mi-

2266 1746 2551 1817 πραότητα
2580 1744 2680 1814 τῆς
2707 1744 2957 1815 καρδίας,
2992 1742 3068 1805 ὥς
3098 1759 3265 1813 φησιν
3290 1743 3319 1794 6
3344 1740 3552 1812 Κύριος
3576 1757 3590 1771 ·
3619 1742 3805 1797 Μὰθετε

580 1825 644 1877 tis
672 1840 788 1876 sum
842 1833 889 1876 et
931 1822 1141 1877 humilis
1169 1822 1344 1887 corde,
1373 1831 1421 1875 et
1464 1823 1742 1877 invenietis
1785 1824 2017 1892 requiem
2049 1824 2146 1876 ani

2262 1808 2364 1890 ἀὲτθ
2392 1808 2540 1904 ἐμοῦ
2584 1808 2673 1887 ὅτι
2704 1808 2896 1903 «pudt;
2923 1834 3042 1904 ειμι
3075 1808 3175 1887 κάξ
3204 1808 3489 1899 ταπεινύς
3519 1830 3591 1900 τῇ
3615 1832 3806 1901 καρδίᾳ,

580 1916 765 1970 melius
789 1917 973 1969 vestris
991 1916 1064 1968 "-
2264 1928 2364 1982 καὶ
2393 1926 2682 1996 εὑρήσετε
2707 1925 3058 1983 ἀνάπαυσιν
3084 1925 3215 1993 ταῖς
3240 1924 3469 1996 ψυχαῖς
3492 1925 3672 1996 ὑμῶν.

651 2006 716 2062 ιι.
752 2006 945 2060 Itidem
982 2013 1038 2060 ut
1087 2006 1159 2060 sit
1212 2004 1553 2069 misericors,
1602 2005 1898 2076 benignus,
1950 2020 2163 2077 pronus

2338 2018 2414 2074 B'.
2483 2019 2722 2090 Ὁμοίως
2777 2022 2861 2083 είς
2918 2018 2979 2072 τὸ
3030 2013 3172 2072 εἶναι
3225 2016 3537 2089 ἐλεήμονα,
3584 2016 3808 2087 χρηστὸν,

581 2096 647 2150 ad
687 2096 1059 2151 miserandum
1082 2112 1147 2151 ac
1171 2096 1370 2161 bonus,
1401 2111 1496 2166 pro
1527 2096 1739 2150 viribus
1763 2097 1880 2152 suis
1895 2112 1953 2151 se
1972 2112 2147 2153 assue-

2264 2112 2661 2183 εὖσπλαγχνον,
2692 2111 2921 2182 ἀγαθὸν,
2960 2111 3059 2183 ὅση
3093 2110 3349 2182 δύναμις,
3381 2108 3577 2163 ἑαυτὸν
3604 2108 3808 2173 ἐθιζέτω,

581 2187 770 2251 iaciat,
803 2198 865 2241 ut
904 2188 1083 2257 inquit
1116 2188 1382 2242 Dominus
1417 2206 1430 2241 :
1470 2187 1649 2240 Estote
1680 2188 1798 2241 boni
1829 2205 1892 2241 ac
1932 2188 2142 2258 benigni

2264 2203 2342 2268 ῶς
2382 2221 2548 2274 φησιν
2579 2205 2609 2257 6
2641 2204 2865 2275 Κύριοςο
2898 2205 3155 2259 Γίνεσθε
3191 2201 3405 2272 ἀγαθοὶ
3438 2200 3542 2256 καὶ
3573 2208 3808 2270 χρηστοί,

579 2276 713 2331 sicut
759 2276 915 2329 Pater
950 2283 1118 2329 vester
1150 2274 1366 2328 cazlestis
1414 2276 1707 2329 misericors
1737 2284 1811 2328 est
1829 2276 1895 2327 ⁸⁸.
1931 2275 1999 2328 Et
2040 2291 2145 2329 ruri

2264 2295 2461 2361 καθὼς
2503 2295 2603 2349 καὶ
2643 2297 2677 2349 ό
2721 2274 2925 2363 Πατὴρ
2956 2292 3124 2364 ὑμῶν
3160 2296 3193 2348 ὁ
3218 2293 3504 2362 οὐράνιος
3537 2294 3808 2361 olm/ppu

582 2383 679 2423 sus
705 2367 923 2438 inquit:
957 2365 1014 2422 Si
1037 2366 1256 2437 diligitis
1292 2383 1394 2430 me,
1416 2375 1676 2437 prwcepta
1720 2383 1837 2420 mea
1877 2368 2139 2420 servate”

2263 2386 2418 2439 ἐστί.
2483 2386 2592 2439 Καὶ
2641 2385 2804 2439 πάλιν
2851 2385 3048 2455 φησιν·
3112 2385 3248 2439 Ἐὰν
3288 2383 3561 2454 ἁγαπᾶτέ
3594 2400 3698 2453 με,
3730 2385 3809 2450 τὸς

582 2460 651 2521 Ει
699 2474 932 2514 rursus:
982 2458 1040 2513 Si
1076 2459 1372 2511 contendite
1418 2460 1624 2511 intrare
1668 2475 1763 2528 per
1804 2468 2015 2528 portam
2064 2475 2148 2511 on-

2264 2476 2521 2543 ἐντολάς
2580 2494 2701 2546 μου
2756 2476 3094 2547 τηρήσατε·
3158 2476 3253 2530 καὶ
3311 2476 3505 2531 πάλιν·
3574 2475 3809 2536 Βιάζεσθε

583 2560 799 2622 gnatam
827 2553 865 2603 '.
899 2550 1013 2605 Prae
1043 2550 1303 2604 omnibus
1346 2549 1714 2603 humilitatem
1749 2550 1988 2617 Domini,
2017 2552 2149 2622 ejus-

2263 2567 2565 2623 εἰσελθεῖν
2606 2569 2705 2623 διὰ
2742 2568 2852 2636 τῆς
2885 2568 3110 2637 στενῆς
3158 2569 3361 2638 θύρας.
3426 2568 3556 2622 Ἐπὶ
3585 2569 3709 2621 πᾶσι
3737 2566 3810 2637 τίν

581 2659 689 2711 que
734 2642 953 2697 vivendi
982 2642 1275 2708 rationem,
1309 2641 1794 2697 mansuetudinem
1847 2657 1911 2697 ac
1935 2657 2147 2697 conver-

2264 2660 2359 2713 τοῦ
2390 2660 2596 2732 Κυρίου
2620 2659 2954 2715 ταπείνωσιν
2983 2662 3080 2715 καὶ
3103 2661 3405 2724 πολιτείαν,
3437 2660 3537 2714 καὶ
3558 2659 3653 2732 τὴν
3677 2660 3810 2730 πραό-

581 2732 871 2799 sationem,
937 2740 1196 2801 tanquam
1244 2732 1526 2801 exemplar
1585 2732 1640 2785 in
1697 2731 1849 2785 omni
1902 2731 2147 2787 memori:

2264 2769 2427 2823 τητα,
2471 2731 2568 2806 καὶ
2600 2751 2698 2824 τὴν
2731 2750 3081 2824 ἀναστροφὴν
3105 2792 3119 2818 ,
3161 2749 3355 2823 ὥσπερ
3389 2731 3744 2821 ὑπογραμμὸν
3767 2752 3810 2802 ἐν

580 2825 807 2879 minimc
862 2823 1135 2878 obliviosa
1183 2822 1439 2887 retineat,
1467 2824 1524 2877 in
1569 2823 1921 2879 orationibus
1972 2839 2146 2894 perse-

2266 2843 2419 2916 πάσῃ
2452 2822 3049 2917 μνήμῃήάληθαργήτιμ
3072 2844 3261 2913 ἐχέτω,
3293 2845 3417 2909 ταῖς
3440 2843 3632 2913 εὐχαῖς
3671 2859 3808 2913 προσ-

579 2923 756 2979 reret,
791 2930 1011 2984 semper
1040 2929 1203 2969 orans
1226 2914 1282 2967 in
1311 2914 1438 2980 ﬁde,
1464 2923 1525 2969 ut
1548 2914 1815 2968 Dominus
1842 2914 2049 2978 veniat,
2069 2915 2145 2969 ha-

2264 2914 2642 3008 mprspslrw,
2728 2936 2817 2991 διὰ
2851 2914 3053 3001 παντὸς
3099 2936 3353 3007 δεόμενος
3396 2936 3494 2990 καὶ
3546 2935 3808 3000 πιστεύων,

582 3006 720 3059 bitet
778 3006 832 3058 in
890 3020 979 3068 eo,
1033 3015 1382 3060 consummet
1431 3020 1495 3061 ac
1543 3007 1865 3061 corroboret
1909 3020 2035 3061 eum
2105 3010 2148 3063 ir

2267 3006 2354 3083 ἵνα
2385 3006 2555 3082 ἐλθὼν
2576 3031 2604 3083 6
2632 3030 2834 3101 Κύριος
2862 3030 3122 3101 ἐνοικήσῃ
3144 3006 3202 3081 ἐν
3228 3028 3399 3099 αὐτῷ,
3427 3027 3525 3081 καὶ
3550 3027 3808 3099 καταρτίσῃ

580 3100 840 3155 omnibus
874 3101 1147 3155 mandatis
1176 3101 1326 3166 suis;
1360 3110 1526 3171 atque
1560 3102 1725 3156 etiam
1753 3103 1869 3173 ipse
1897 3106 2146 3159 Dominus

2266 3118 2360 3174 καὶ
2394 3117 2689 3191 δυναμώσῃ
2723 3119 2886 3199 αῇδν
2905 3120 2964 3171 ἐν
2999 3117 3203 3182 πάσαις
3225 3120 3348 3181 ταῖς
3377 3117 3624 3181 ἐντολαῖς
3644 3115 3806 3170 αὐτοῦ*

584 3192 677 3244 ﬁat
719 3190 1060 3244 domicilium
1111 3190 1349 3257 animae;
1384 3200 1440 3245 et
1478 3192 1555 3246 ita
1584 3207 1708 3261 quae
1744 3209 1893 3247 nunc
1922 3195 1974 3248 vi
2006 3195 2150 3250 inviti

2267 3212 2362 3266 καὶ
2390 3212 2477 3265 ἵνα
2509 3190 2674 3273 αὐτὸς
2710 3212 2738 3264 6
2769 3190 2976 3280 Κύριος
3018 3210 3245 3281 γένηται
3282 3211 3706 3281 κατοικητήριον
3738 3209 3811 3277 τῆς

582 3282 769 3337 cordis
796 3281 948 3343 facit,
973 3290 1170 3350 sponte
1189 3282 1487 3352 aliquando
1522 3293 1764 3355 peragat,
1793 3287 2148 3341 assuefaciem

2263 3304 2443 3375 ψυχῆς
2462 3321 2477 3336 ’
2510 3304 2605 3357 καὶ
2633 3302 2808 3367 οὕτως
2829 3303 2866 3357 ἃ.
2889 3301 2985 3357 νῦν
3017 3302 3155 3374 μετά
3186 3301 3305 3373 βίας
3327 3302 3578 3373 ἀκούσης
3595 3302 3688 3373 τῆς
3706 3318 3810 3370 καρ-

582 3391 641 3430 se
678 3374 856 3445 ipsum
882 3384 1150 3444 perpetuo
1187 3374 1256 3429 ad
1304 3375 1359 3430 id
1392 3376 1539 3445 quod
1564 3376 1770 3431 bonum
1804 3388 1908 3441 est,
1946 3380 2139 3434 Domin

2263 3374 2383 3457 δίας
2402 3374 2581 3459 ποιεῖ,
2613 3392 2877 3456 ἑκουσίως
2905 3391 3101 3464 πράξει
3128 3392 3280 3459 ποτὲ,
3312 3392 3514 3457 ἐθίζων
3542 3391 3725 3446 ἐαυτὸν
3749 3390 3811 3443 διὰ

560 3478 801 3535 semper
832 3464 1157 3530 recordans,
1183 3475 1239 3520 et
1266 3474 1594 3536 exspectans
1638 3483 1765 3522 eum
1807 3476 2076 3539 perpetuo
2106 3468 2121 3521 i

2265 3486 2467 3550 παντὸς
2495 3486 2575 3550 είς
2612 3484 2673 3538 τὸ
2713 3485 2941 3555 ἀγαθὸν,
2970 3484 3069 3539 καὶ
3098 3482 3190 3539 τοῦ
3243 3484 3452 3555 Κυρίου
3497 3482 3810 3556 μνημονεύων

580 3572 795 3612 summa
841 3555 1161 3612 dilectione.
1212 3555 1353 3612 Tum
1415 3572 1549 3612 vero
1611 3558 1901 3624 Dominus,
1943 3559 2146 3629 cognit<

2264 3576 2370 3641 ἀεὶ,
2396 3575 2494 3630 καὶ
2524 3575 2840 3644 προσδοκῶν
2869 3576 2959 3629 ἀεὶ
2987 3577 3045 3630 ἐν
3071 3575 3238 3648 πολλῇ
3267 3577 3463 3649 ἀγάπῃ
3497 3555 3677 3631 αὐτόν.
3710 3576 3810 3628 Τότε

583 3658 737 3703 tanto
771 3649 892 3719 ejus
935 3648 1222 3719 proposito
1267 3658 1326 3705 et
1371 3649 1606 3704 consilio
1631 3665 1695 3705 ac
1728 3650 1989 3705 laudabili
2042 3651 2149 3721 ejus

2265 3667 2485 3739 θεωρῶν
2519 3670 2546 3721 6
2579 3667 2783 3739 Κύριος
2826 3668 2926 3738 τὴν
2962 3667 3220 3739 τοιαύτην
3247 3648 3600 3740 προαίρεσιν,
3628 3670 3712 3721 καὶ
3737 3668 3811 3736 τὴν

580 3741 787 3805 studio,
820 3739 1053 3793 nimium
1100 3739 1382 3809 quomodo
1410 3755 1470 3795 se
1534 3741 1827 3810 compellat
1868 3750 1929 3795 ut
1972 3741 2146 3795 Domi

2262 3759 2476 3829 ἀγαθὴν
2529 3759 2694 3812 αὑτοῦ
2753 3759 3010 3830 σπουδὴν,
3069 3760 3186 3823 πῶς
3241 3739 3495 3830 βιάζεται
3539 3760 3719 3814 ἐαυτὸν
3753 3760 3812 3820 είς

579 3847 711 3885 ηιιιιι
732 3831 790 3885 in
824 3831 1092 3885 memoria
1128 3831 1384 3896 retineat,
1407 3840 1464 3885 et
1483 3830 1553 3885 ad
1585 3831 1637 3885 id
1660 3830 1805 3901 quod
1824 3830 2030 3885 bonum
2051 3841 2136 3887 est

2266 3851 2487 3921 μνήμην
2532 3849 2629 3902 τοῦ
2659 3850 2891 3922 Κυρίου,
2932 3852 3027 3905 καὶ
3055 3853 3137 3915 είς
3176 3850 3239 3905 τὸ
3275 3852 3488 3919 ἀγαθὸν
3528 3853 3617 3905 ἀεὶ
3647 3852 3731 3904 καὶ
3751 3850 3809 3909 εἰς

581 3925 647 3979 ad
687 3924 1173 3979 mansuetudinem
1204 3939 1268 3979 ac
1302 3924 1656 3979 dilectionem
1696 3939 1793 3978 cor
1819 3926 1904 3980 vel
1928 3925 2147 3979 invitum

2259 3941 2359 4013 τὴν
2381 3942 2883 4013 ταπεινοφροσύνην
2917 3943 3012 3997 καὶ
3034 3943 3322 4014 πραότητα
3353 3945 3449 3997 καὶ
3478 3945 3694 4013 ἀγάπην
3714 3942 3808 4009 ἄγει

579 4016 898 4086 compellat,
927 4031 993 4071 ac
1022 4016 1226 4087 dirigat
1259 4031 1362 4087 pro
1386 4017 1601 4072 viribus
1636 4018 1753 4071 suis
1775 4018 1923 4071 omni
1950 4017 2145 4072 violen-

2261 4032 2355 4084 καὶ
2386 4032 2460 4104 μὴ
2490 4032 2753 4087 θέλουσαν
2787 4034 2887 4103 τὴν
2918 4032 3168 4104 καρδίαν,
3209 4033 3303 4087 καὶ
3329 4033 3458 4102 ἀγει
3484 4035 3588 4105 ὅση
3618 4033 3808 4102 δύναμις

580 4110 685 4174 tia;
717 4118 939 4163 exercet
963 4109 1018 4162 in
1045 4124 1172 4162 eum
1219 4108 1660 4164 misericordiam
1696 4124 1871 4175 suam,
1904 4119 1962 4164 et
2011 4110 2146 4165 redi-

2260 4125 2411 4194 αὐτῷ
2453 4126 2590 4195 μετά
2640 4125 2779 4196 βίας,
2818 4129 2961 4179 ποιεί
3008 4124 3130 4196 μετ’
3156 4126 3324 4183 αὐτοῦ
3354 4127 3439 4191 είς
3481 4127 3630 4191 ἐλεος
3654 4123 3803 4188 αὑτοῦ,

578 4202 678 4255 mit
705 4215 832 4255 eum
880 4200 950 4255 ab
981 4201 1224 4256 inimicis
1248 4202 1383 4268 suis,
1425 4212 1482 4256 et
1519 4201 1865 4257 inhabilante
1908 4211 2144 4273 peccato1

2259 4219 2353 4271 καλ⁵
2394 4217 2685 4290 λυτροῦται
2714 4219 2877 4273 αὑτὸν
2906 4220 3014 4273 ἀπὸ
3043 4219 3151 4272 τῶν
3174 4218 3387 4291 ἐχθρῶν
3418 4220 3590 4275 αὐτοῦ
3619 4222 3705 4273 καὶ
3732 4219 3804 4285 τῆς

580 4291 784 4360 Spiritu
833 4305 961 4346 eum
1034 4300 1225 4345 sancto
1279 4290 1497 4361 replens
1533 4299 1631 4357 ;et
1681 4292 1755 4345 ita
1806 4290 2146 4361 postmodum

2260 4309 2575 4379 ἐνοικούσης
2614 4310 2926 4380 ἁμαρτίας,
2971 4290 3288 4381 Πνεύματος
3336 4312 3503 4382 ἁγίου
3556 4309 3805 4383 ἐμπιπλῶν

577 4385 786 4453 absque
817 4385 925 4437 ulla
958 4383 1011 4437 vi
1043 4399 1105 4437 ac
1130 4382 1318 4438 labore
1348 4398 1479 4438 vere
1520 4383 1650 4438 facit
1678 4385 1863 4439 omnia
1901 4384 2143 4440 mandata

2259 4399 2455 4454 αὐτόν’
2511 4402 2608 4456 καὶ
2656 4401 2800 4456 οὕτω
2843 4402 3031 4457 λοιπὸν
3084 4404 3215 4458 ἄνευ
3276 4404 3401 4475 βίας
3452 4408 3550 4459 καὶ
3594 4382 3801 4474 καμάτου

582 4475 816 4529 Domini.
837 4474 1096 4541 Quinimo
1128 4475 1401 4529 Dominus
1424 4475 1480 4529 in
1503 4490 1570 4529 eo
1591 4492 1689 4531 sua
1723 4476 1979 4532 mandata
2003 4476 2148 4544 facit,

2260 4494 2403 4544 ποιεί
2436 4494 2616 4557 πάσας
2653 4494 2751 4558 τὰς
2798 4494 3018 4558 ἐντολὰς
3062 4494 3158 4549 τοῦ
3191 4474 3400 4567 Κυρίου
3437 4498 3499 4564 ἐξ
3543 4496 3800 4567 ἀληθείας·

575 4575 632 4621 et
664 4565 1229 4643 fructus'spirituales
1263 4574 1395 4621 tunc
1424 4582 1561 4635 pure
1592 4565 1869 4636 producit.

2264 4583 2465 4654 μᾶλλον
2486 4584 2542 4638 δὲ
2564 4588 2593 4639 6
2621 4586 2826 4658 Κύριος
2856 4590 3002 4640 ποιεῖ
3026 4588 3083 4641 ἐν
3113 4588 3264 4660 αὐτῷ
3283 4565 3393 4654 τὰς
3430 4591 3574 4655 ἰδίας
3599 4565 3800 4650 ἐντολὰς.

2260 4677 2359 4730 καὶ
2401 4677 2526 4741 τοὺς
2562 4679 2809 4749 καρποὺς
2844 4680 2937 4733 τοῦ
2975 4682 3290 4753 [Ινεύματος
3333 4682 3456 4736 τότε
3502 4680 3805 4754 καρποφορεῖ

2257 4766 2532 4839 καθαρῶς.

630 4852 733 4932 ill.
761 4851 989 4922 Oportet
1017 4859 1199 4907 autem
1228 4852 1469 4923 primum
1495 4853 1809 4923 quempiam
1859 4852 1940 4908 sic
1990 4868 2150 4908 acce-

2329 4860 2404 4915 l".
2438 4862 2559 4933 Χρὴ
2589 4862 2647 4915 δέ
2678 4863 2944 4936 πρότερον
2970 4865 3336 4937 προσελθόντα
3363 4867 3489 4922 τινὰ
3522 4868 3601 4939 τῷ
3627 4865 3800 4937 Κυρίφι

573 4942 791 4996 dentem
826 4939 894 4994 ad
936 4940 1229 4995 Dominum
1284 4940 1339 4994 vi
1385 4940 1716 5009 compellere
1763 4954 1821 4995 se
1865 4939 2043 5011 ipsum
2085 4943 2136 4996 at

2253 4949 2397 5003 οὕτω
2437 4951 2723 5020 βιάζεσθαι
2754 4956 2946 5010 ἐαυτὸν
2973 4960 3053 5021 είς
3076 4958 3138 5009 τὸ
3162 4958 3367 5027 ἀγαθὸν
3400 4959 3498 5013 καὶ
3535 4960 3612 5030 μὴ
3654 4957 3802 5010 θελού-

575 5032 805 5095 bonum,
853 5030 1108 5101 quamvis
1156 5031 1429 5086 renitatur
1482 5033 1718 5096 animus,
1744 5040 2141 5102 exspectantem

2256 5059 2356 5112 σης
2385 5044 2484 5113 τῆς
2512 5044 2760 5115 καρδίας,
2791 5048 3179 5118 προσδοκῶντα
3206 5050 3297 5103 διὰ
3331 5053 3535 5115 παντὸς
3569 5052 3626 5102 ἐν
3656 5050 3800 5101 πίστει

571 5130 833 5192 perpetuo
876 5121 931 5175 in
974 5121 1079 5177 [ide
1112 5122 1420 5177 indubitata
1442 5122 1873 5177 misericordiam
1911 5124 2050 5194 ejus,
2088 5140 2137 5179 at

2253 5130 2561 5204 ἀδιστάκτῳ
2586 5135 2646 5188 τὸ
2687 5137 2831 5201 ἕλεος
2858 5140 3048 5205 αὐτοῦ,
3086 5142 3180 5195 καὶ
3208 5140 3493 5212 βιάζεσθαι
3531 5144 3713 5197 ἐαυτὸν
3742 5141 3800 5200 εἰς

569 5214 899 5283 compellere
929 5230 987 5269 se
1034 5215 1213 5285 ipsum
1263 5215 1330 5269 ad
1365 5215 1741 5279 dilectionem,
1778 5216 1825 5271 si
1856 5214 2135 5271 dilectioni

2251 5220 2349 5290 τὴν
2393 5222 2634 5294 ἀγάπην,
2679 5224 2753 5296 μὴ
2797 5225 2990 5297 ἔχοντα
3035 5229 3291 5300 ἀγάπην·
3325 5229 3614 5300 βιάζεσθαι
3642 5226 3798 5281 ἑαυτὸν

568 5305 869 5360 destitutus
903 5305 975 5360 sit
1007 5323 1021 5361 :
1054 5307 1389 5377 compellere
1421 5321 1478 5361 se
1519 5307 1696 5375 ipsum
1729 5306 1796 5361 ad
1829 5316 2134 5362 mansuetu-

2251 5313 2333 5374 είς
2364 5312 2463 5380 τὴν
2508 5317 2815 5387 πραότητα,
2852 5319 2927 5390 μὴ
2959 5318 3153 5390 ἔχοντα
3186 5322 3470 5393 πραότητα
3499 5338 3514 5353 °
3552 5319 3798 5392 βιάζεσθαι

567 5394 774 5461 dinem,
804 5396 848 5450 si
876 5412 941 5451 ea
976 5409 1158 5453 careat
1186 5416 1199 5451 :
1235 5399 1564 5470 compellere
1596 5414 1657 5453 se
1684 5398 1862 5467 ipsum
1890 5399 1955 5453 ad
1980 5400 2133 5454 mise-

2252 5403 2443 5455 ἑαυτὸν
2476 5407 2556 5468 εἰς
2599 5406 2659 5459 τδ
2698 5409 3007 5481 οἰκτείρειν,
3050 5415 3146 5467 καὶ
3196 5414 3468 5486 ἐλεήμονα
3518 5416 3657 5485 ἔχειν
3687 5428 3797 5481 κειρ⁴

566 5487 883 5555 ricordiam,
907 5498 964 5544 et
985 5490 1051 5544 ad
1084 5491 1329 5557 animum
1367 5491 1435 5544 ad
1464 5491 1837 5544 miserendum
1863 5507 2096 5559 pronum
2124 5506 2132 5545 τ

2250 5494 2366 5547 δίαν
2388 5511 2401 5525 ·
2429 5495 2711 5566 βιάζεσθαι
2738 5502 2932 5557 ἑαυτὸν
2960 5507 3041 5570 είς
3070 5506 3132 5559 τὸ
3156 5507 3637 5577 καταφρονεῖσθαι,
3662 5506 3730 5567 εἰς
3752 5503 3798 5555 τὸ

563 5582 893 5649 compellere
923 5597 979 5636 se
1012 5584 1188 5650 ipsum
1232 5583 1295 5637 ad
1316 5593 1690 5651 contemptum
1723 5583 2129 5652 perferendum

2254 5591 2769 5662 καταφρονούμενον
2810 5596 3207 5671 μακροθυμεῖν,
3257 5601 3349 5654 κα¹ι
3387 5597 3797 5668 ἐξουδενούμενιν

630 5764 674 5798 ⁸⁷
698 5762 891 5817 Matth.
938 5778 1011 5827 ιι,
1049 5761 1139 5815 9.9.
1214 5764 1258 5792 9"
1288 5760 1419 5815 Luc.
1454 5777 1525 5826 vi,
1560 5760 1647 5814 36.
1722 5760 1765 5790 ⁹⁹
1789 5759 1945 5814 Joan.
2006 5776 2114 5823 xiv,
2152 5763 2196 5817 ιε

1214 5764 1258 5792 9"
1288 5760 1419 5815 Luc.
1454 5777 1525 5826 vi,
1560 5760 1647 5814 36.
1722 5760 1765 5790 ’9
1789 5759 1945 5814 Joan.
2006 5776 2114 5823 xiv,
2152 5763 2237 5819 15.
2316 5766 2330 5797 ¹
2361 5766 2493 5821 Luc.
2528 5782 2642 5832 xm,
2670 5767 2760 5821 ΕΜ.
