3966 6526
190 357 309 425 645

1386 351 1753 414 ΗΟΜΙΙΛᾸΞ.
1790 377 1859 386 ·-·
1884 352 2070 413 ΗΟΜ-
2113 353 2273 414 ΧΙΧ.

3372 357 3472 423 846

200 466 236 535 ἢ
253 461 664 535 ἁτιμαζόμενον
700 459 776 531 μὴ
815 459 1172 530 ἀγανακτεῖν,
1208 457 1351 514 κατά
1377 459 1439 514 τὸ
1466 458 1757 532 εἰρημένον
1777 475 1789 490 ο

1909 469 1953 516 3t
1984 460 2039 515 in
2071 477 2138 519 eo
2176 461 2395 517 fortiter
2424 462 2860 533 perdurandum,
2889 481 2959 521 ne
2988 465 3275 537 despectui
3315 467 3463 524 habi~

202 554 303 623 Μὴ
372 550 629 617 ἑαυτοὺς
684 548 1429 619 ὲκδικοῦντες,ἀγαπητοι.
1498 549 1789 614 Βιάζεσθαι

205 645 399 699 ἑαυτὸν
420 644 500 709 είς
522 644 623 714 τὴν
650 636 837 713 εὐχὴν,
860 641 935 714 μὴ
957 641 1152 714 ἔχοντα
1175 643 1342 715 εὐχὴν
1366 643 1748 714 πνευματικήν
1772 658 1788 676 ο

202 741 302 793 καὶ
331 737 501 801 οὕτως
535 738 564 791 ό
589 737 745 802 Θεὸς,
778 736 1000 806 θεωρῶν
1028 735 1119 790 τὸν
1147 735 1321 800 οὕτως
1364 735 1789 806 ἀγωνιζόμενον,

203 832 301 885 και
330 830 422 903 βία
462 830 659 884 ἑαυτὸν
698 828 959 899 ἀγχοντα,
996 827 1070 899 μὴ
1100 826 1364 898 θελούσης
1392 828 1492 898 τῆς
1538 827 1789 897 καρδίας,

201 924 418 979 δίδωσιν
450 924 618 995 εὐχὴν
650 920 910 993 ἀληθινὴν
939 919 1280 991 Πνεύματος,
1312 919 1528 974 δίδωσιν
1569 919 1791 991 ἀγάπην

204 1016 489 1086 ἀληθινὴν,
529 1014 817 1087 πραότητα
842 1012 1122 1085 ἀληθείας,
1158 1011 1445 1081 σπλάγχνα
1467 1010 1789 1082 οἰκτιρμῶν,

204 1106 553 1178 χρηστότητα
588 1103 850 1176 ἀληθινὴν
870 1143 886 1168 ,
916 1104 1013 1158 καὶ
1047 1102 1419 1170 ἁπαξαπλῶς,
1453 1102 1655 1175 πληροῖ
1694 1102 1794 1158 αύ-

204 1199 301 1254 τὺν
318 1199 427 1253 τῶν
447 1197 676 1270 καρπῶν
696 1197 794 1252 τοῦ
819 1195 961 1251 Πνεύ
966 1213 1160 1269 ματος.

282 1470 355 1520 Δ’.
386 1467 449 1519 ΕΞ
484 1466 542 1521 δέ
574 1483 658 1531 τις
676 1467 761 1530 είς
780 1463 879 1537 τὴν
905 1463 1070 1536 εὐχὴν
1096 1464 1265 1536 μόνην
1299 1462 1493 1519 ἐαυτὸν
1524 1461 1793 1535 βιάζεται,

203 1558 291 1630 μὴ
348 1559 485 1628 ἔχων
532 1558 723 1628 εὐχὴν,
769 1556 859 1610 ἵνα
903 1557 1006 1625 σχῇ
1056 1556 1222 1627 εὐχῆς
1275 1555 1459 1625 χάριν,
1493 1555 1575 1618 είς
1603 1553 1659 1607 δὲ
1697 1551 1796 1624 τὴν

204 1650 497 1723 πραότητα
531 1650 626 1704 καὶ
654 1647 1163 1720 ταπεινοφροσύνην
1193 1648 1289 1701 καὶ
1317 1646 1541 1715 ἀγάπην
1568 1645 1664 1699 καὶ
1697 1644 1798 1709 τὰς

1892 564 1983 612 tus
2032 564 2127 611 aut
2184 554 2583 613 dehonestatus
2637 556 2978 630 indignetur,
3018 558 3174 630 juxta
3216 560 3472 616 dictum:

1890 649 2010 704 Non
2042 650 2382 721 vosmetipsos
2432 649 2760 717 ulciscentes,
2800 652 3137 706 charissimi’
3184 653 3476 724 :eompel~

1893 741 2007 797 lere
2036 757 2094 798 se
2122 743 2303 814 ipsum
2350 742 2419 798 ad
2449 757 2663 814 preces,
2695 744 2741 799 si
2775 759 2972 814 preces
2999 743 3319 814 spirituales
3362 761 3476 800 non

1894 831 2115 888 habeat.
2150 834 2243 890 Sic
2265 834 2450 905 itaque
2480 836 3019 906 Deus,conspiciens
3043 851 3194 899 eum,
3230 836 3326 906 qui
3359 846 3481 891 tan-

1894 933 2086 996 topere
2114 928 2419 994 contendit,
2443 942 2508 983 ac
2538 930 2616 992 vi,
2641 929 2947 984 reluctante
2974 929 3180 995 animo,
3211 944 3270 985 se
3294 930 3477 1000 ipsum

1895 1016 2246 1087 constringit,
2282 1033 2473 1073 veram
2509 1017 2750 1088 Spiritus
2790 1020 3167 1090 precationem
3214 1020 3471 1090 largitur,

1894 1120 2080 1161 veram
2141 1107 2494 1163 dilectionem
2536 1109 2809 1175 concedit,
2850 1126 3036 1166 veram
3083 1112 3480 1167 mansuetudi-

1894 1213 2060 1264 nem,
2109 1200 2323 1255 viscera
2379 1200 2807 1267 misericordiae,
2856 1202 3207 1258 clementiam
3266 1221 3476 1271 veram,

1896 1296 2083 1358 atque,
2128 1298 2191 1343 ut
2238 1290 2404 1346 unico
2436 1291 2609 1345 verbo
2641 1289 2843 1357 dicam,
2889 1292 3066 1362 replet
3112 1308 3240 1348 eum
3292 1294 3476 1349 fructu

1898 1380 2158 1451 Spiritus.

1969 1475 2057 1531 ιν.
2088 1475 2246 1542 Quod
2285 1476 2332 1531 si
2368 1476 2513 1547 quis,
2548 1491 2676 1531 cum
2720 1476 2921 1533 aﬂ'ectu
2958 1479 3221 1549 precandi
3268 1492 3472 1548 careat,

1898 1568 1969 1623 ad
2005 1582 2199 1638 preces
2252 1569 2397 1624 solas
2428 1584 2487 1624 se
2530 1568 2712 1639 ipsum
2743 1568 2947 1640 adigat,
2990 1578 3051 1625 ut
3103 1583 3479 1643 consequatur

1898 1660 2237 1732 precationis
2294 1660 2575 1732 gratiam:
2621 1660 2690 1716 ad
2758 1662 3243 1720 mansuetudinem
3319 1681 3476 1731 vero,

203 1744 407 1807 λοιπὰς
432 1742 652 1805 ἐντολὰς
681 1742 776 1796 τοῦ
809 1742 1015 1814 Κυρίου
1043 1742 1235 1795 ἐαυτὸν
1272 1740 1333 1794 οὐ
1370 1736 1638 1810 βιάζεται,
1671 1736 1796 1791 οὔτε

1909 1752 2269 1807 humilitatem
2301 1751 2861 1813 animi,dilectionem
2904 1763 2959 1809 et
2979 1754 3193 1825 reliqua
3219 1758 3479 1813 mandata

205 1838 489 1908 μέριμναν
536 1836 633 1890 καὶ
678 1836 839 1889 πόνον
868 1835 963 1889 καὶ
998 1834 1187 1903 ἀγῶνα
1228 1833 1341 1905 ἔχει
1370 1834 1556 1887 ἐκεῖνα
1593 1847 1795 1902 κατορ-

1909 1845 2140 1910 Domini,
2199 1844 2385 1901 minus
2439 1860 2498 1900 se
2553 1846 2732 1915 ipsum
2788 1847 3100 1916 compellat,
3147 1864 3251 1904 nec
3309 1850 3479 1904 ullam

207 1929 427 1993 θῶσαι,
460 1930 583 1981 ὅσον
628 1926 689 1979 τὸ
736 1929 801 1981 ἐκ
840 1926 1235 1999 προαιρέσεως,
1289 1926 1386 1979 καὶ
1441 1922 1796 1988 αὑτεξουσίου

203 2020 545 2091 θελήματος,
578 2020 750 2073 ἐνίοτε
778 2020 980 2073 δίδοται
1019 2019 1169 2088 αύτῷ
1202 2017 1370 2089 εὐχῆς
1398 2017 1560 2089 χάρις
1584 2016 1643 2070 ὲν
1664 2015 1797 2068 ἀνα-

207 2111 421 2165 παύσει
447 2113 540 2165 καὶ
568 2110 878 2183 εὐφροσύνῃ
902 2111 997 2165 τοῦ
1030 2109 1347 2180 Πνεύματος
1382 2105 1626 2179 μερικῶς
1656 2104 1800 2161 κατά

207 2206 275 2258 τὸ
309 2206 517 2275 αἴτημα
554 2204 741 2260 αὑτοῦ.
792 2205 918 2268 Τοῖς
949 2204 1008 2259 δέ
1038 2204 1262 2274 τρόποις
1292 2202 1477 2272 ὅμοιός
1509 2202 1626 2254 ἐστι
1674 2198 1798 2253 καθ’

205 2296 237 2349 ὃ
273 2297 370 2351 καὶ
411 2299 541 2368 πρὶν
567 2292 657 2368 ἦν,
687 2296 789 2350 οὐκ
824 2296 936 2367 ἔχει
967 2295 1271 2368 πραότητα,
1306 2294 1388 2348 ὅτι
1430 2294 1533 2347 οὐκ
1568 2292 1799 2363 ἐζήτησε

210 2396 403 2461 πόνον,
442 2393 540 2447 καὶ
575 2393 1007 2463 προευτρεπισεν
1045 2380 1237 2444 ἑαυτὸν
1292 2387 1465 2451 οὕτως
1511 2385 1796 2455 γενέσθαι⁹

206 2488 317 2541 οὐκ
350 2486 464 2557 ἔχει
518 2483 1042 2555 ταπεινοφροσύνην,
1082 2480 1271 2551 ἐπειδὴ
1325 2479 1426 2533 οὐκ
1475 2478 1667 2549 ᾔτησε,
1707 2475 1803 2531 καὶ

205 2578 414 2633 ἑαυτὸν
460 2579 563 2631 οὐκ
600 2576 857 2632 ἐϐιάσατο
908 2576 988 2640 είς
1039 2572 1218 2629 τοῦτο.
1267 2573 1381 2628 Οὐκ
1417 2571 1532 2643 ἔχει
1578 2570 1802 2639 ἀγάπην

209 2671 359 2742 πρὸς
414 2670 660 2734 πάντας,
714 2666 901 2738 ἐπειδὴ
946 2666 1077 2736 περὶ
1126 2665 1320 2719 τούτου
1375 2664 1649 2735 μέριμναν
1708 2658 1803 2714 καὶ

212 2763 409 2831 ἀγῶνα
456 2763 554 2815 οὐκ
584 2761 741 2831 ἔσχεν
775 2762 834 2814 ἐν
882 2762 947 2830 τῇ
980 2758 1196 2828 αἰτήσει
1242 2757 1342 2827 τῆς
1373 2756 1539 2827 εὐχῆς
1560 2773 1573 2787 ·
1617 2754 1712 2809 καὶ
1746 2755 1804 2806 ἐν

209 2856 361 2926 αὐτῇ
392 2858 460 2926 τῇ
487 2853 834 2925 ἐπιτηδεύσει
856 2852 951 2906 τοῦ
986 2854 1150 2924 ἔργου
1169 2892 1184 2917 ,
1219 2851 1323 2904 οὐκ
1346 2847 1461 2920 ἔχει
1492 2846 1677 2901 πίστιν
1711 2845 1806 2899 καὶ

212 2949 551 3020 πεποίθησιν
587 2948 725 3019 πρὸς
752 2947 844 3000 τὸν
877 2945 1012 3000 Θεὸν
1033 2985 1048 3011 ,
1077 2943 1265 3015 ἐπειδὴ
1299 2942 1539 3012 ἔγνωκεν
1576 2939 1767 2993 ἐαυτὸν
1786 2977 1802 3003 ,

212 3043 325 3096 οὐκ
360 3040 683 3110 ἐδοκίμασεν
719 3037 794 3108 μὴ
839 3036 1005 3108 ἔχειν,
1042 3036 1136 3090 καὶ
1165 3035 1268 3089 οὐκ
1296 3033 1561 3103 ἐπόνησεν
1597 3033 1654 3085 ἐν
1690 3029 1805 3084 θλί-

1897 1953 2108 1998 curam.
2142 1937 2388 1992 laborem
2420 1952 2484 1992 ac
2527 1938 2771 1993 studium
2818 1939 3097 2004 adhibeat,
3131 1949 3191 1994 ut
3231 1957 3297 1996 ea
3330 1951 3480 1997 recte

1898 2031 2007 2100 82
2032 2029 2330 2084 constituat
2356 2045 2370 2083 :
2396 2029 2577 2099 quoad
2611 2030 2758 2085 illius
2789 2032 3133 2101 propositum
3162 2048 3225 2088 ac
3247 2034 3481 2090 liberam

1900 2122 2279 2183 voluntatem,
2341 2121 2667 2176 conceditur
2742 2122 2818 2176 illi
2874 2123 3152 2178 interdum
3220 2123 3486 2193 precandi

1902 2212 2078 2283 gratia
2109 2228 2233 2267 cum
2255 2211 2622 2266 delectatione
2642 2227 2707 2267 ac
2736 2212 2924 2267 laetitia
2958 2213 3216 2283 Spiritus,
3236 2229 3303 2269 ex
3325 2223 3483 2284 parte

1903 2313 2089 2359 tamen
2116 2306 2268 2375 juxta
2304 2303 2627 2373 petitionem
2667 2304 2789 2375 ejus
2820 2321 2833 2357 :
2859 2304 3109 2359 moribus
3131 2312 3312 2359 tamen
3338 2305 3482 2360 idem

1902 2404 2008 2462 est,
2042 2397 2243 2465 quibus
2286 2406 2445 2450 antea
2490 2404 2631 2461 erat,
2690 2395 2987 2450 destitutus
3036 2397 3483 2465 mansuetudine,

1901 2503 1970 2544 co
2001 2488 2146 2555 quod
2175 2504 2284 2543 non
2316 2487 2605 2549 laborarit,
2634 2503 2735 2541 nec
2761 2502 2820 2542 se
2887 2489 3229 2557 prtepararit,
3270 2496 3331 2544 ut
3360 2489 3488 2546 talis

1916 2584 2210 2639 evaderet:
2248 2583 2546 2638 destitutus
2595 2582 2929 2647 humilitate,
2951 2597 3019 2637 eo
3048 2582 3193 2652 quod
3223 2599 3329 2637 non
3357 2599 3488 2654 posc

1905 2675 2116 2738 tularit,
2152 2690 2256 2730 nec
2277 2690 2335 2729 se
2360 2674 2538 2744 ipsum
2560 2673 2626 2728 ad
2651 2689 2771 2727 eam
2796 2675 3159 2743 compulerit:
3188 2674 3489 2730 destitutus

1906 2767 2202 2821 dilectione
2231 2781 2359 2837 erga
2387 2780 2600 2829 omnes,
2632 2781 2698 2820 eo
2728 2765 2875 2836 quod
2903 2766 2971 2820 de
3001 2782 3065 2821 ea
3096 2767 3233 2822 nihil
3262 2767 3489 2825 omnino

1906 2858 2178 2914 sollicitus
2205 2857 2373 2912 fuerit
2400 2858 2454 2913 in
2481 2858 2849 2928 postulatione
2875 2858 3141 2915 orationis
3168 2875 3316 2915 suae:
3341 2868 3399 2915 et
3433 2860 3489 2915 in

1908 2950 2026 3020 ipsa
2058 2950 2244 3019 operis
2286 2949 2767 3005 administratione
2793 2965 2905 3004 non
2953 2950 3119 3005 habet
3161 2951 3348 3018 ﬁdem,
3386 2968 3491 3009 nec

1908 3040 2169 3097 ﬁduciam
2202 3056 2328 3112 erga
2380 3042 2575 3107 Deum,
2626 3055 2694 3096 eo
2733 3040 2881 3112 quod
2928 3040 2983 3095 in
3037 3043 3353 3113 cognitione
3401 3045 3488 3099 sui

214 3133 348 3202 ψει,
382 3131 562 3201 ζητῶν
608 3129 760 3200 παρά
789 3127 998 3200 Κυρίου
1036 3129 1182 3198 σχεῖν
1210 3126 1310 3196 τὴν
1338 3124 1478 3195 πρὸς
1517 3122 1681 3178 αὑτὸν
1714 3121 1802 3193 βε-

1911 3150 2103 3190 carere
2136 3151 2192 3189 sc
2219 3151 2329 3189 non
2376 3144 2634 3204 expertus
2663 3142 2768 3200 est,
2813 3150 2994 3206 neque
3031 3135 3317 3190 contendit
3364 3151 3488 3197 cum

214 3226 389 3279 σαίαν
424 3224 641 3292 πίστιν,
674 3222 770 3277 καὶ
805 3220 1134 3293 πεποίθησιν
1168 3218 1453 3291 ἀληθινήν.

295 3424 376 3481 E'.
408 3424 529 3497 Χρὴ
556 3422 668 3495 γὰρ
692 3423 928 3476 ἕκαστον
964 3419 1154 3492 ὥσπερ
1191 3420 1273 3483 είς
1304 3418 1403 3490 τὴν
1428 3415 1595 3487 εὐχὴν
1630 3414 1811 3487 βιάζεο

226 3519 358 3572 σθαι
396 3518 589 3571 ἐαυτὸν
630 3516 727 3571 καί⁵
756 3516 969 3586 ἄγχειν,
1003 3514 1077 3586 μὴ
1109 3510 1371 3582 θελούσης
1406 3511 1507 3581 τῆς
1547 3508 1808 3580 καρδίαςο

222 3610 405 3673 οὕτως
444 3609 541 3663 καὶ
590 3608 671 3669 είς
698 3606 798 3678 τὴν
847 3605 1200 3675 πεποίθησιν,
1238 3601 1415 3663 οὕτως
1465 3600 1561 3655 καὶ
1590 3600 1672 3662 είς
1713 3599 1812 3666 τὴν

216 3701 767 3773 ταπεινοφροσύνην,
798 3699 973 3762 οὕτως
1001 3700 1079 3762 εἰς
1112 3696 1212 3768 τὴν
1239 3695 1492 3766 ἀίδάπην,
1527 3692 1700 3754 οὕτως
1734 3691 1813 3754 είς

214 3797 328 3866 τὴν
359 3794 661 3867 πραότητα,
690 3789 1063 3864 ἀκεραιότητά
1091 3807 1151 3842 τε
1178 3789 1274 3842 καὶ
1298 3786 1578 3856 ἁπλότητα
1599 3802 1611 3815 ·
1641 3783 1816 3847 οὕτως

214 3892 307 3953 είς
341 3890 524 3943 πᾶσαν
558 3886 836 3958 ὑπομονὴν
871 3886 965 3940 καὶ
999 3881 1382 3955 μακροθυμίαν
1424 3894 1814 3949 καταγεγραμ-

219 3982 402 4051 μένον
452 3977 588 4051 μετά
617 3978 794 4049 χαρᾶς
820 3993 835 4009 ο
881 3975 1057 4038 οὕτως
1108 3971 1391 4046 βιάζεσθαι
1420 3973 1499 4035 είς
1532 3971 1593 4024 τὸ
1623 3968 1813 4024 ἐαυτὸν

213 4072 561 4141 ἐξουθενεῖᾭ.
610 4071 724 4125 Καὶ
770 4069 988 4140 πτωχὸν
1033 4068 1129 4123 καὶ
1186 4066 1414 4137 ἔσχατον
1461 4061 1811 4133 λογίζεσθαι·

210 4163 407 4227 οὕτως
436 4165 516 4226 είς
547 4162 608 4216 τὸ
656 4162 730 4234 μὴ
766 4162 977 4233 όμιλεῖν
1004 4161 1073 4214 τὰ
1101 4158 1176 4232 μὴ
1213 4160 1344 4213 ὄντα
1372 4160 1640 4230 χρήσιμα,
1678 4157 1816 4211 ἀλλὰ

214 4259 317 4313 ἀεὶ
365 4256 437 4310 τὰ
485 4256 580 4309 τοῦ
609 4254 749 4308 Θεοῦ
784 4254 1050 4326 μελετᾷν,
1100 4254 1195 4305 καὶ
1224 4251 1405 4306 λαλεῖν
1452 4252 1680 4322 στόματι
1724 4250 1819 4304 καὶ

214 4352 459 4423 καρδίᾳ.
508 4349 695 4413 Οὕτως
734 4352 814 4415 είς
857 4349 919 4403 τὸ
956 4349 1039 4421 μὴ’
1071 4347 1407 4420 θυμοῦσθαι,
1440 4347 1537 4401 καὶ⁵
1573 4346 1819 4416 κραυγά-

211 4447 352 4512 (etv
382 4442 521 4497 κατὰ
546 4442 608 4495 τὸ
646 4440 934 4512 εἰρημένον
954 4482 969 4503 .
998 4439 1173 4497 Πᾶσα
1204 4438 1436 4509 πικρία,
1475 4441 1576 4492 καὶ
1607 4437 1816 4506 θυμὸς,

1912 3225 2207 3281 alllictione
2238 3225 2529 3279 Dominum
2566 3225 2867 3295 postulare,
2894 3234 2955 3279 ut
2986 3225 3233 3281 obtineat
3276 3226 3490 3282 ﬁrmam

1915 3317 1968 3372 in
1997 3317 2148 3372 illum
2171 3316 2335 3372 tidem
2369 3332 2434 3371 ac
2472 3331 2659 3371 veram
2690 3315 2972 3373 ﬁduciam.

1987 3423 2048 3479 V.
2077 3421 2307 3493 Oportet
2340 3421 2487 3476 enim
2530 3438 2981 3494 unumquemque
3026 3424 3260 3495 perinde
3316 3432 3378 3480 ut
3423 3424 3493 3482 ad

1913 3530 2107 3587 preces
2156 3531 2213 3570 se
2263 3513 2593 3583 compellere
2641 3524 2808 3586 atque
2863 3516 3102 3586 adigere,
3154 3527 3495 3589 repugnante

1915 3608 2134 3671 animo;
2167 3608 2247 3663 sic
2273 3624 2493 3679 quoque
2524 3608 2591 3663 ad
2626 3608 2905 3670 ﬁduciam,
2933 3608 3012 3663 sic
3038 3624 3258 3679 quoque
3287 3609 3355 3664 ad
3385 3610 3494 3665 hu-

1916 3699 2229 3765 militatem,
2260 3700 2339 3754 sic
2377 3715 2598 3770 quoque
2646 3699 2714 3754 ad
2762 3699 3139 3765 dilectionem,
3166 3700 3246 3756 sic
3271 3716 3495 3771 quoque

1915 3784 1984 3840 ad
2015 3786 2522 3852 mansuetudinem,
2570 3786 2944 3842 sinceritatem
2970 3798 3025 3843 et
3051 3788 3493 3859 simplicitatem:

1917 3879 1997 3934 sic
2027 3896 2245 3951 quoque
2268 3882 2335 3937 ad
2365 3897 2583 3937 omnem
2607 3881 2925 3952 patientiam
2946 3890 3002 3935 et
3026 3881 3495 3952 longanimitatem

1920 3987 2043 4026 cum
2070 3971 2272 4043 gaudio
2315 3988 2379 4028 ac
2412 3982 2666 4043 prompte
2695 3971 2976 4027 collimare
3020 3989 3033 4026 :
3067 3971 3147 4026 sic
3174 3988 3394 4044 quoque
3438 3989 3499 4031 se

1920 4066 2249 4134 compellere
2285 4065 2352 4120 ad
2378 4065 2462 4120 sui
2498 4065 2671 4135 ipsius
2715 4065 3058 4135 despectum,
3094 4080 3157 4120 ac
3181 4080 3239 4120 se
3290 4080 3501 4137 paupeo

1922 4171 2037 4210 rem
2066 4156 2378 4226 inﬁmthue
2411 4156 2576 4211 sortis
2604 4155 3033 4211 homuncionem
3072 4164 3333 4227 reputare
3358 4175 3371 4211 :
3396 4159 3499 4224 sic,

1921 4266 1987 4305 ne
2022 4251 2268 4305 intentus
2302 4250 2375 4305 sit
2433 4249 2598 4305 rebus
2639 4250 2822 4305 minus
2853 4249 3103 4313 utilibus.
3142 4250 3237 4305 sed
3285 4265 3504 4322 semper

1921 4358 2043 4412 qure
2078 4342 2173 4396 Dei
2217 4350 2347 4397 sunt
2376 4341 2693 4409 meditetur,
2732 4350 2788 4396 et
2818 4340 3062 4411 proferat
3083 4356 3181 4396 ore
3206 4351 3263 4396 et
3288 4341 3454 4397 corde
3487 4360 3502 4397 :

1921 4434 2002 4488 sic
2045 4450 2111 4488 ne
2158 4434 2239 4487 ira
2277 4432 2642 4488 excandescat
2669 4441 2763 4487 aut
2793 4432 3060 4497 clamitet,
3105 4432 3269 4488 sicuti
3294 4433 3506 4487 dictum

211 4537 328 4593 καὶ
379 4533 548 4604 ὀργὴ,
596 4533 691 4587 καί
729 4530 984 4600 κραυγὴ,
1043 4529 1143 4585 καί
1181 4530 1548 4599 βλασφημία
1586 4528 1802 4598 ἀρθήτο

1922 4534 2006 4581 est
2044 4544 2056 4578 :
2091 4525 2275 4581 Omnis
2309 4525 2693 4589 amarulentia,
2729 4533 2779 4578 et
2822 4524 3045 4589 clamor,
3077 4534 3126 4577 et
3150 4526 3256 4590 ira,
3286 4533 3335 4577 et
3365 4528 3508 4579 voci-

210 4629 333 4699 ἀφ’
395 4626 566 4696 ὑμῶν
610 4624 734 4678 σὺν
789 4624 958 4693 πάσῃ
998 4622 1197 4689 κακίᾳ.
1250 4620 1440 4684 Οὕτως
1495 4621 1575 4684 είς
1611 4620 1802 4681 πάντας

1929 4618 2140 4689 feratio,
2175 4625 2225 4671 et
2281 4616 2653 4671 maledicentia
2691 4615 2914 4670 tollatur
2951 4635 2982 4670 (ι
3027 4617 3165 4671 vobis
3199 4634 3316 4671 cum
3365 4618 3510 4672 omni

211 4726 360 4786 τοὺς
391 4718 486 4773 τοῦ
511 4718 720 4790 Κυρίου
740 4716 999 4789 τρόπους,
1029 4718 1107 4780 εἰς
1137 4718 1321 4769 πᾶσαν
1342 4715 1575 4785 ἄσκησιν
1596 4712 1796 4783 ἀρετῆς

1930 4714 2138 4767 malitia
2166 4713 2205 4767 ³.
2240 4711 2331 4769 Sic
2362 4711 2430 4767 ad
2476 4727 2669 4767 omnes
2718 4727 2902 4767 mores
2927 4712 3141 4766 Domini
3175 4711 3507 4778 induendos,

210 4817 329 4870 καὶ
389 4812 666 4875 πολιτείας
711 4811 925 4881 ἀγαθῆς
970 4811 1063 4864 καὶ
1097 4810 1303 4880 καλῆς’
1343 4810 1422 4871 είς
1467 4809 1647 4861 πᾶσαν
1691 4806 1802 4859 ἀνα⁴

1930 4802 1996 4856 ad
2022 4818 2241 4857 omnem
2277 4801 2520 4868 virtutis,
2552 4800 2711 4872 probi
2737 4801 3072 4871 honestique
3105 4801 3234 4855 vitae
3266 4802 3511 4859 instituti

212 4905 483 4978 στροφὴν
527 4903 887 4974 ἀγαθότητος,
948 4905 1027 4967 εἰς
1081 4904 1265 4955 πᾶσαν
1317 4897 1802 4971 ταπεινοφροσύνηπ

1930 4894 2403 4960 exercitationem,
2442 4893 2510 4949 ad
2532 4909 2754 4949 omnem
2784 4894 3260 4948 conversationem
3296 4892 3514 4947 bonita-

211 4996 568 5069 πραότητος,
596 4995 676 5057 είς
705 4993 767 5047 τὸ
802 4994 876 5064 μὴ
903 4992 1254 5064 ἐπαίρεσθαι,
1286 4992 1379 5046 καὶ
1408 4990 1799 5063 ὑψηλοφρονεῖν

1935 4989 2024 5052 tis,
2067 4987 2135 5043 ad
2186 5004 2406 5043 omnem
2460 4989 2832 5043 humilitatem
2880 4986 3361 5054 mansuetudinis;
3408 5001 3515 5045 nec

209 5090 326 5144 καὶ
362 5086 713 5158 φυσιοῦσθαι,
744 5088 837 5140 καὶ
866 5086 1049 5139 λαλεῖν
1079 5087 1221 5140 κατά
1252 5102 1414 5150 τινος.

1933 5078 2250 5142 extollatur,
2281 5094 2385 5133 nec
2426 5079 2599 5133 altum
2646 5078 2845 5149 sapiat,
2878 5086 2973 5132 aut
3019 5076 3261 5143 inﬂetur,
3292 5077 3380 5134 vel
3411 5093 3518 5134 cu-

1930 5170 2148 5242 jusdam
2185 5172 2384 5225 famam
2414 5171 2712 5227 detrectet.

298 5267 407 5336 (τ’.
448 5268 543 5330 Ei;
576 5266 747 5320 ταῦτα
791 5266 969 5319 πάντα
1001 5263 1207 5334 ὀφείλει
1242 5261 1525 5333 βιάζεσθαι
1558 5260 1769 5326 ἐαυτὸν,
1798 5284 1802 5304 ‹

2002 5258 2091 5317 Ἦ.
2119 5262 2199 5316 Ad
2237 5263 2352 5317 haec
2377 5262 2562 5317 omnia
2585 5276 2644 5316 se
2673 5260 3007 5331 compellere
3041 5262 3208 5317 debet
3232 5263 3325 5334 qui
3360 5264 3515 5334 cupit

214 5364 418 5418 θέλων
474 5360 831 5430 εὐδοκιμῆσαι
888 5358 985 5411 καὶ
1042 5356 1409 5427 εὐαρεστῆσαι
1453 5352 1704 5424 Χριστῷ,
1759 5352 1802 5405 ἵν

1934 5355 2158 5426 probari
2188 5371 2252 5410 ac
2301 5356 2517 5425 placere
2550 5353 2796 5418 Christo,
2842 5354 2915 5408 ita
2945 5364 3006 5408 ut
3051 5354 3338 5421 Dominus,
3382 5372 3518 5411 con-

214 5455 482 5518 οὖτωςό
530 5451 734 5525 Κύριος
787 5449 911 5505 ίδὼν
969 5447 1136 5503 αὑτοῦ
1192 5448 1293 5516 τὴν
1346 5445 1691 5517 προθυμίαν,
1737 5461 1802 5496 κα

1943 5457 2135 5518 specta
2185 5449 2307 5519 eius
2360 5446 2832 5517 promptitudine,
2894 5461 2958 5503 ac
3014 5447 3338 5513 intentione,
3372 5449 3514 5519 ejus,

217 5546 602 5620 προαίρεσιν,
646 5545 741 5599 τοῦ
792 5542 968 5606 οὕτως
1025 5543 1107 5604 είς
1154 5541 1340 5593 πᾶσαν
1378 5537 1691 5610 ἀγαθότητα
1733 5554 1802 5590 κα

1940 5537 2296 5608 inquam,qui
2325 5536 2393 5591 ad
2424 5535 2777 5607 probitatem,
2809 5535 3239 5608 simplicitatem,
3262 5538 3518 5610 benigni-

214 5639 554 5708 ἁπλότητα,
600 5637 697 5693 καὶ
745 5633 1111 5707 χρηστότητα,
1159 5633 1255 5686 καὶ
1305 5630 1802 5703 ταπεινοφροσύνην

1942 5638 2131 5697 tatem,
2182 5629 2575 5696 humilitatem,
2626 5629 2978 5686 dilectionem
3036 5640 3093 5687 et
3138 5632 3516 5701 precationem

303 5822 331 5853 ³
355 5816 520 5877 Rom,
550 5830 650 5884 xu,
684 5812 773 5871 i9.
850 5812 1089 5885 'Ephes.
1119 5826 1192 5879 tv,
1223 5812 1312 5866 51.
