3966 6528
573 343 677 408 647

1806 350 1865 410 S.
1905 350 2225 411 MACARII
2265 346 2585 414 IEGYPTII
3686 364 3770 426 648

575 474 633 511 se
667 460 846 530 ipsum
880 456 1182 527 compellit,
1212 470 1275 513 ac
1309 457 1361 512 vi
1390 458 1625 527 quadam
1658 457 1849 529 adigit,
1873 475 1932 514 se
1967 466 2121 514 totun

2245 462 2341 515 καὶ
2412 464 2670 535 ἀγάπην,
2736 462 2832 517 καὶ
2892 462 3058 535 εὐχὴν
3124 462 3383 536 ἄγχοντος
3439 465 3652 533 ἑαυτὸν,
3699 479 3771 527 καὶ

570 548 652 603 illi
689 549 884 603 oll‘erat
923 566 937 604 :
970 548 1109 618 ipse,
1154 547 1400 618 inquam,
1444 548 1735 612 Dominus,
1783 548 2020 618 implens
2056 565 2147 604 re-

570 655 701 695 vera
728 640 845 695 haec
866 639 1051 695 omnia
1085 641 1140 694 in
1171 655 1237 695 eo
1266 654 1403 709 pure
1440 639 1648 708 absque
1691 639 1802 695 ullo
1843 639 2033 697 labore
2088 649 2144 697 et

568 733 644 798 vi,
679 748 801 803 qua:
854 749 924 788 ne
960 733 1013 787 vi
1049 731 1273 803 quidem
1315 731 1426 785 ulla
1454 739 1616 785 antea
1657 730 1954 786 observare
1983 740 2142 800 pote-

570 834 677 889 rat,
702 834 931 896 propter
960 823 1274 878 inhabitans
1319 822 1375 877 in
1416 838 1483 878 eo
1514 830 1822 893 peccatum.
1867 823 2141 892 Fiuntque

568 916 649 971 illi
684 917 800 971 hcce
838 916 1023 971 omnia
1061 915 1327 969 virtutum
1358 914 1621 969 exercitia
1666 922 1722 970 et
1744 914 1947 981 studia,
1988 915 2141 970 velut

566 1008 741 1061 altera
782 1015 999 1061 natura.
1051 1006 1407 1062 Postmodum
1434 1006 1700 1061 Dominus
1741 1006 2041 1061 adveniens
2083 1015 2140 1061 et

564 1107 819 1153 versatus
872 1113 999 1153 cum
1074 1113 1174 1163 eo,
1229 1106 1286 1153 et
1322 1098 1445 1175 ille
1508 1114 1633 1153 cum
1703 1099 1966 1165 Domino,
2023 1099 2138 1168 ipse

565 1186 780 1256 perﬁcit
815 1188 869 1242 in
908 1203 975 1243 eo
1008 1202 1107 1243 sua
1169 1188 1425 1243 mandata
1460 1189 1599 1245 citra
1628 1205 1844 1245 omnem
1871 1190 2137 1257 laborem,

562 1278 785 1347 replens
806 1294 931 1333 eum
971 1278 1154 1336 fructu
1188 1279 1447 1349 Spiritus.
1467 1278 1625 1346 Quod
1656 1280 1701 1334 si
1720 1295 1852 1335 vero
1880 1280 1946 1335 ad
1966 1280 2135 1334 solam

560 1369 932 1439 precationem
1003 1386 1063 1427 se
1115 1371 1241 1441 quis
1301 1371 1492 1442 adigit,
1541 1372 1717 1426 donec
1768 1384 2138 1441 consequatur

561 1462 795 1533 gratiam
861 1464 1004 1519 hanc
1046 1479 1076 1518 a
1117 1465 1271 1528 Deo;
1315 1464 1383 1520 ad
1412 1480 1476 1519 ea
1509 1481 1661 1528 vero,
1713 1479 1835 1534 quae
1874 1465 2134 1535 praedicta

562 1562 713 1619 sunt,
750 1569 808 1610 se
846 1570 956 1610 non
1001 1555 1313 1625 compellat,
1367 1564 1525 1626 cogat
1567 1562 1623 1611 et
1668 1554 2018 1621 assuefaciat,
2042 1556 2135 1611 ille

560 1659 713 1710 vere,
748 1660 884 1714 pure
932 1660 997 1701 ac
1041 1646 1160 1700 sine
1208 1645 1639 1715 reprehensione
1681 1645 1797 1701 hzec
1829 1646 2134 1716 adimplere

559 1737 772 1805 nequit.
799 1737 1000 1792 Verum
1031 1738 1106 1792 ita
1140 1738 1398 1793 convenit
1424 1753 1481 1792 se
1514 1750 1824 1808 praaparare
1864 1754 1965 1808 pro
1996 1738 2131 1793 viri-

558 1825 662 1881 bus
684 1826 750 1880 ad
775 1827 831 1881 id
858 1827 1004 1897 quod
1032 1828 1237 1882 bonum
1257 1838 1361 1883 cst.
1398 1829 1678 1883 interdum
1705 1830 1855 1884 enim
1879 1831 2131 1900 pervenit.
2164 1808 2207 1867 Β

564 1916 632 1970 ad
663 1917 790 1969 euln
822 1926 1097 1986 petentem
1120 1933 1183 1974 ac
1207 1926 1518 1988 precantem
1535 1920 1707 1990 gratia
1728 1919 1932 1975 divina.
1951 1921 2135 1977 Bonus

559 2005 709 2059 enim
741 2014 798 2061 et
830 2006 1100 2078 benignus
1124 2018 1203 2063 est
1232 2008 1395 2073 Deus,
1431 2024 1493 2064 ac
1521 2010 1878 2079 petentibusa
1896 2011 2135 2083 selargio

569 2104 662 2150 tur
692 2113 813 2167 qua:
843 2100 1137 2168 petierant.
1171 2101 1373 2156 Verum
1400 2102 1495 2172 qui
1525 2111 1676 2157 caret
1703 2102 1790 2169 iis,
1832 2102 1899 2159 de
1930 2104 2133 2174 quibus

555 2184 725 2241 locuti
758 2203 945 2244 sumus
986 2198 1166 2254 antea,
1212 2206 1315 2245 nec
1359 2206 1419 2247 se
1465 2191 1534 2245 ad
1580 2207 1646 2247 ea
1685 2191 1982 2248 assuefacit
2039 2203 2134 2249 aut

556 2289 850 2348 praeparat,
881 2281 1114 2351 gratiam
1148 2298 1312 2352 quam
1339 2292 1671 2339 consecutus
1695 2285 1807 2356 jam
1841 2293 1979 2351 erat,
2003 2301 2131 2356 per-

559 2370 661 2436 dit,
702 2386 765 2425 ac
796 2372 943 2427 cadit
970 2389 1081 2444 pm
1108 2376 1278 2429 nimia
1303 2375 1649 2446 arrogantia;
1678 2386 1771 2431 aut
1794 2378 1934 2432 nihil
1958 2378 2129 2449 proﬁ-

566 2463 662 2529 cit,
692 2480 794 2518 nec
841 2475 1073 2536 augetur
1117 2467 1173 2543 in
1218 2468 1390 2539 gratia
1418 2468 1522 2523 sibi
1554 2484 1836 2536 concessa,
1871 2471 2131 2541 quoniam

555 2554 834 2610 mandatis
860 2556 1078 2612 Domini
1104 2558 1413 2614 deliberato
1443 2560 1629 2616 animo
1677 2575 1736 2616 se
1779 2577 1893 2616 non
1924 2562 2079 2617 dedit
2112 2577 2127 2617 :

553 2642 752 2698 domus
808 2645 957 2699 enim
1017 2655 1074 2701 et
1132 2648 1353 2717 requies
1391 2649 1631 2719 Spiritus
1684 2658 1771 2706 est
1818 2651 2127 2718 humilitas,

550 2732 775 2789 dilectio
821 2744 877 2791 et
930 2738 1318 2805 mansuetudo,
1347 2748 1404 2794 et
1436 2740 1647 2813 reliqua
1695 2742 1914 2798 Domini
1976 2759 2131 2799 man-

549 2824 698 2881 data.

618 3016 727 3087 83
749 3017 864 3073 Vll.
887 3018 1061 3074 Debet
1083 3034 1240 3091 ergo,
1265 3022 1583 3093 quicunque
1608 3024 1725 3080 Deo
1752 3040 1881 3081 vere
1911 3026 2129 3097 placere

546 3110 717 3181 cupit,
740 3110 809 3163 ab
853 3097 1030 3180 coque
1055 3113 1301 3182 recipere
1331 3116 1610 3170 caelestem
1635 3116 1874 3186 Spiritus
1896 3120 2126 3190 gratiam

542 3207 601 3254 et
632 3199 688 3254 in
727 3199 930 3270 Spiritu
980 3213 1169 3258 sancto
1208 3219 1457 3261 crescere
1483 3221 1547 3261 ac
1587 3206 1799 3278 perfici,
1836 3210 1905 3265 ad
1935 3213 2120 3268 omnia

543 3301 815 3359 praecepta
860 3292 955 3346 Dei
999 3308 1057 3348 sc
1094 3294 1271 3365 ipsum
1302 3298 1652 3368 compellere,
1681 3309 1738 3356 et
1767 3302 1853 3357 vel
1884 3302 2119 3360 invitum

543 3379 789 3434 animum
821 3382 1134 3453 subjugare,
1171 3386 1474 3442 secundum
1514 3390 1661 3459 quod
1701 3390 1943 3448 dicitur:
1985 3394 2121 3449 Pro—

541 3478 725 3541 plerea
746 3471 816 3523 ad
840 3474 1016 3526 omnia
1038 3477 1291 3530 mandata
1316 3487 1408 3532 tua
1432 3479 1698 3550 dirigebar
1715 3498 1734 3537 :
1750 3498 1956 3538 omnem
1979 3486 2120 3539 viam

540 3560 783 3630 iniquam
828 3561 947 3615 odio
989 3563 1147 3617 habui
1169 3569 1207 3619 ⁵.
1238 3564 1709 3632 Quemadmodum
1740 3572 1889 3627 enim
1919 3573 2121 3644 aliquis

538 3652 605 3705 ad
640 3656 1099 3722 perseverandum
1135 3658 1188 3713 in
1224 3661 1544 3730 precatione
1578 3679 1637 3719 se
1666 3664 1845 3735 ipsum
1873 3668 2118 3738 compel-

538 3742 600 3795 lit
632 3752 798 3814 atque
823 3745 1014 3816 adigit,
1040 3746 1217 3803 donec
1243 3751 1297 3804 id
1323 3762 1471 3807 recte
1496 3756 1885 3812 constituerit:
1920 3759 2117 3815 eodem

538 3836 723 3902 modo,
759 3836 805 3891 si
835 3837 1081 3903 libuerit,
1118 3841 1187 3895 ad
1218 3845 1402 3899 omnia
1428 3861 1648 3917 quoque
1672 3849 1939 3905 virtutum
1961 3866 2119 3908 exer-

535 3928 665 3982 citia
693 3944 752 3984 se
784 3929 962 4001 ipsum
993 3935 1270 4004 compellit
1290 3947 1457 4008 atque
1482 3940 1674 4010 adigit,
1700 3941 1859 3998 bona:
1881 3959 2115 4001 consue-

537 4020 716 4073 tudini
765 4037 1121 4092 assuescens;
1158 4035 1213 4081 et
1257 4029 1356 4094 sic,
1404 4031 1497 4085 ubi
1552 4033 1770 4089 assidue
1820 4036 2113 4094 Dominum

534 4109 843 4166 obtestatus
886 4129 950 4167 ac
996 4113 1346 4185 dcprecatus,
1377 4128 1433 4174 et
1461 4137 1582 4190 quae
1608 4124 1851 4191 petierit,
1884 4126 2116 4196 adeptus

535 4204 723 4268 fuerit,
756 4205 925 4258 Dcum
952 4215 1173 4277 gustare
1197 4211 1383 4279 cmpit,
1424 4229 1487 4267 ac
1518 4214 1759 4283 Spiritus
1785 4219 1957 4271 sancti
1988 4233 2116 4288 par-

536 4294 707 4364 ticeps
735 4297 910 4352 factus
957 4300 1146 4364 luerit,
1190 4301 1294 4355 hoc
1335 4304 1463 4372 agit,
1501 4316 1560 4359 ut
1588 4316 1801 4361 crescat
1835 4318 1892 4363 et
1933 4311 2114 4367 foveat

532 4390 760 4456 gratiam
800 4390 903 4443 sibi
934 4406 1277 4456 concessam,
1328 4397 1768 4466 requiescentem
1800 4401 1853 4456 in
1887 4403 2110 4460 humili-

532 4486 664 4545 tate,
689 4479 743 4532 in
768 4479 1063 4537 dilectione
1083 4494 1137 4538 et
1166 4489 1586 4545 mansuetudine
1614 4493 1754 4562 ejus.

601 4656 735 4711 Vlll.
766 4658 886 4728 Ipse
910 4659 1150 4731 Spiritus
1174 4663 1404 4736 largitur
1437 4667 1555 4725 haec
1585 4670 1660 4736 ei,
1690 4680 1856 4744 atque
1880 4674 2107 4732 instruit

526 4762 652 4802 eum
688 4766 817 4805 vera
852 4756 1113 4822 precandi
1161 4759 1395 4825 ratione,
1448 4778 1577 4820 vera
1620 4765 1939 4835 dilectione,
1977 4786 2105 4828 vera

525 4845 969 4913 mansuetudine,
1015 4848 1083 4902 ad
1133 4866 1256 4921 quae
1297 4865 1459 4909 antea
1499 4856 1550 4911 vi
1601 4873 1660 4913 se
1713 4864 2099 4932 compellebat,

522 4944 644 5000 qua:
672 4931 1009 5004 inquirebat,
1049 4938 1117 4993 de
1155 4942 1359 5012 quibus
1398 4947 1668 5005 sollicitus
1698 4931 1853 5019 erat,
1875 4970 1939 5011 ac
1976 4972 2100 5025 qua:

521 5023 911 5093 meditabatur,
949 5044 1179 5103 quasque
1226 5036 1427 5092 donata
1476 5042 1695 5098 tandem
1747 5046 1799 5099 ei
1840 5023 2009 5103 sunt;
2040 5060 2096 5105 et

519 5115 593 5170 ita
623 5128 821 5173 auctus
849 5130 904 5174 et
929 5137 1344 5183 consummatus
1374 5131 1430 5185 in
1469 5132 1600 5201 Deo,
1628 5137 1723 5206 qui
1745 5137 1919 5195 haeres
1942 5144 2096 5213 regni

517 5207 732 5272 evadat,
780 5209 978 5280 dignus
1028 5214 1281 5273 habetur.
1333 5221 1568 5280 Humilis
1617 5229 1764 5282 enim
1813 5207 2093 5303 nunquam

516 5296 740 5352 labitur.
768 5298 920 5358 Unde
943 5306 1089 5360 enim
1117 5308 1226 5364 labi
1260 5311 1453 5369 liceret
1479 5317 1553 5383 ei,
1585 5320 1679 5389 qui
1709 5321 1813 5377 sub
1835 5296 2096 5382 omnibus

512 5389 643 5444 est?
672 5391 851 5448 Nimia
888 5395 1070 5467 itaque
1101 5403 1270 5457 animi
1305 5406 1470 5462 elatio
1500 5424 1715 5468 summa
1744 5426 1830 5469 est
1864 5416 2091 5473 humili-

515 5489 636 5570 tas:
674 5483 956 5543 humilitas
986 5506 1117 5546 vero
1149 5510 1345 5566 magna
1376 5507 1461 5553 est
1489 5502 1771 5570 exaltatio,
1805 5508 2093 5565 existima-

513 5566 590 5622 tio
617 5578 781 5640 atque
810 5573 1067 5646 dignitas.
1100 5580 1211 5637 Nos
1236 5599 1369 5656 ergo
1409 5603 1634 5652 quoque
1662 5566 1766 5650 nos
1790 5598 2086 5668 compella-

578 5744 602 5776 ⁴
630 5746 827 5803 Psalm.
869 5767 1050 5819 cxvm,
1099 5757 1218 5811 104.

2243 554 2468 622 ἄγοντος
2503 556 2641 626 μετά
2671 556 2814 627 βίας,
2850 557 2995 630 δώσῃ
3022 559 3214 612 ἑαυτὸν
3236 559 3355 633 ὄζον
3393 559 3555 629 αὐτῷ,
3586 562 3771 629 αὐτδςό

2244 649 2448 721 Κύριος
2477 647 2739 714 ποιῶνὲξ
2767 650 3022 720 ἀληθείας
3052 649 3224 704 ταῦτα
3255 651 3430 704 πάντα
3464 650 3701 724 καθαρῶς
3730 659 3774 711 ἐν

2242 743 2393 815 αὐτῷ
2417 743 2638 807 άκόπως
2698 742 2791 796 καὶ
2817 742 3115 809 ἀδιάστως,
3146 742 3182 796 ἃ
3220 744 3350 813 πρὶν
3374 743 3492 797 οὐδὲ
3526 746 3654 814 μετὰ
3680 747 3776 816 βίας

2244 833 2478 904 φυλάξαι
2521 834 2774 904 ἠδύνατο,
2814 834 2902 888 διὰ
2934 835 3032 908 τὴν
3079 836 3135 887 ὲν
3162 833 3312 905 αὐτῷ
3349 835 3595 889 οἰκοῦσαν
3624 838 3775 909 ἁμαρ-

2241 920 2365 978 τίαν
2385 940 2400 955 ο
2451 924 2544 979 xal.
2581 925 2790 993 γίνεται
2824 925 2974 996 αὐτῷ
3005 925 3073 978 τά
3120 927 3218 996 τῆς
3246 926 3449 998 ἀρετῆς
3490 927 3656 981 πάντα
3680 932 3776 983 ἐπι-

2239 1017 2553 1090 τηδεύματα
2597 1019 2673 1083 ὡς
2721 1019 2903 1087 φύσις.
2944 1020 3018 1072 Τὸ
3063 1019 3249 1074 λοιπὸν
3298 1019 3469 1074 ἐλθὼν
3507 1023 3536 1075 ὁ
3575 1023 3777 1095 Κύριος,

2239 1110 2334 1163 καὶ
2381 1109 2675 1181 γενόμενος
2731 1111 2790 1163 ὲν
2831 1110 3003 1179 αὐτῷ,
3057 1112 3150 1165 καὶ
3198 1111 3363 1176 αὐτὸς
3400 1114 3457 1167 ὲν
3489 1113 3566 1184 τῷ
3601 1103 3777 1185 Κυρίῳ,

2240 1201 2401 1265 αὐτὸς
2431 1203 2576 1254 ποιεί
2603 1202 2660 1255 ὲν
2703 1200 2856 1271 αὐτῷ
2898 1202 2997 1265 τὰς
3034 1202 3171 1267 ἰδίας
3214 1204 3436 1268 ἐντολὰς
3468 1205 3594 1258 ἄνευ
3626 1208 3779 1278 καμά-

2237 1308 2331 1346 του
2354 1332 2369 1355 ,
2416 1292 2640 1364 πληρῶν
2672 1292 2835 1346 αὐτὸν
2879 1293 2972 1346 τὸν
3000 1295 3213 1365 καρπὸν
3239 1294 3334 1348 τοῦ
3370 1296 3694 1365 Πνεύματος.
3733 1300 3781 1353 Εἰ

2236 1385 2292 1438 δὲ
2318 1386 2399 1449 είς
2432 1383 2598 1455 εὐχὴν
2630 1384 2793 1454 μόνον
2825 1383 3072 1455 βιάζεταί
3100 1403 3185 1450 τις
3220 1388 3436 1454 ἑαυτὸν,
3460 1388 3564 1451 ἕως
3587 1382 3645 1441 οὐ
3668 1389 3781 1462 λάθῃ

2237 1473 2485 1545 χάρισμα
2516 1473 2670 1544 παρὰ
2718 1472 2854 1526 Θεοῦ
2877 1514 2892 1537 ,
2928 1474 3008 1536 εἰς
3037 1474 3211 1528 ταῦτα
3234 1476 3290 1530 δὲ
3325 1476 3397 1529 τά
3439 1480 3781 1548 προειρημένα

2234 1566 2436 1635 ὁμοίως
2465 1565 2656 1619 ἑαυτὸν
2682 1563 2743 1617 οὐ
2778 1564 3045 1635 βιάζεται,
3082 1566 3179 1620 καὶ
3218 1566 3379 1637 ἄγχει
3409 1569 3506 1622 καὶ
3534 1569 3710 1635 ἐθίζει,
3733 1572 3781 1625 οὐ

2233 1656 2458 1710 δύναται
2498 1655 2557 1723 ιξ
2606 1655 2889 1726 ἀληθείας,
2936 1656 3197 1730 καθαρῶς
3234 1659 3332 1714 καὶ
3380 1660 3629 1732 ἀμώμως
3669 1664 3785 1717 αὐτὰ

2236 1750 2483 1820 ποιῆσαι.
2551 1747 2691 1802 Ἀλλ’
2745 1748 2889 1802 οὕτω
2934 1749 3041 1820 χρὴ
3100 1750 3559 1822 προευτρεπίζειν
3603 1754 3781 1817 ἑαυτὸν,

2234 1841 2357 1895 ὅσον
2379 1839 2605 1915 δυνατρν
2634 1842 2715 1903 εἰς
2743 1840 2805 1893 τὸ
2830 1839 3033 1908 ἀγαθόν
3057 1858 3070 1871 ·
3100 1842 3271 1895 ἐνίοτε
3298 1843 3409 1915 γὰρ
3447 1843 3655 1912 γίνεται
3676 1847 3784 1914 πρὸς

2233 1931 2457 2003 αὐτὸνή
2498 1911 2616 1985 θεία
2645 1932 2804 2003 χάρις
2841 1932 3096 1986 αἰτοῦντα
3134 1935 3229 1987 καὶ
3266 1911 3546 2003 δεόμενον.
3593 1911 3786 2005 ’Δγαθὸς

2232 2025 2343 2097 γάρ
2375 2025 2470 2078 καὶ
2517 2024 2754 2096 χρηστός
2803 2026 2953 2077 ἐστιν
2988 2024 3019 2077 ὁ
3061 2024 3226 2091 Θεὸς,
3272 2026 3370 2079 καὶ
3415 2030 3536 2092 τοῖς
3574 2029 3785 2083 αἰτοῦσιν

2232 2116 2394 2172 αὐτὸν
2439 2117 2624 2171 δίδωσι
2672 2118 2742 2171 τὰ
2788 2119 3075 2188 αἰτήματα
3128 2118 3344 2173 αὐτῶν
3400 2121 3481 2193 μὴ
3538 2120 3672 2191 ἔχων
3709 2123 3783 2190 δὲ,

2236 2210 2373 2280 μήτε
2426 2208 2645 2276 ἐθίσας,
2701 2210 2837 2280 μήτε
2871 2212 3314 2282 προευτρεπίσας
3364 2213 3565 2268 ἑαυτὸν
3596 2214 3675 2278 είς
3708 2215 3785 2279 τάς

2231 2303 2671 2374 προειρημένας,
2726 2302 2843 2372 είγε
2880 2302 3033 2357 λάϐοι
3057 2344 3073 2370 ,
3131 2305 3325 2359 ἀπολεῖ
3370 2308 3479 2377 τὴν
3531 2308 3685 2380 χάριν
3732 2309 3785 2379 ἦν

2230 2392 2413 2457 ἔλαθε,
2446 2395 2540 2447 καὶ
2578 2392 2768 2447 πίπτει
2820 2394 3295 2469 ὐψηλοφρονήσας,
3339 2399 3469 2469 ἢού
3517 2400 3784 2471 προκόπτει

2231 2484 2327 2537 καὶ
2360 2483 2514 2551 αὐξει
2567 2485 2627 2539 ὲν
2677 2487 2744 2556 τῇ
2784 2485 2969 2557 χάριτι
3013 2489 3079 2557 τῇ
3128 2487 3266 2559 πρὸς
3308 2488 3476 2543 αὐτὸν
3508 2493 3783 2561 γενομένῃ,

2230 2573 2416 2644 ἐπειδὴ
2453 2576 2573 2637 ταῖς
2630 2573 2871 2637 ἐντολαῖς
2908 2574 3004 2628 τοῦ
3059 2577 3267 2649 Κυρίου
3318 2579 3384 2633 ἑκ
3436 2582 3785 2652 προαιρέσεως

2230 2664 2424 2718 ἑαυτὸν
2485 2664 2547 2718 οὐ
2601 2663 2815 2718 δίδωσι·
2870 2664 2933 2719 τὸ
2988 2665 3097 2740 γὰρ
3149 2671 3581 2742 κατοικητήριον
3628 2672 3715 2724 καὶ
3756 2675 3783 2741 ἡ

2231 2756 2541 2822 ἀνάπαυσις
2567 2754 2662 2810 τοῦ
2687 2755 3030 2828 Πνεύματος,
3063 2760 3098 2829 ὴ
3138 2761 3616 2834 ταπεινοφροσύνη
3645 2763 3786 2829 ἐστὶν,

2229 2849 2266 2919 η
2304 2848 2496 2920 ἀγάπη
2525 2864 2587 2901 τε
2615 2846 2712 2901 καὶ
2750 2847 3019 2921 πραότης,
3052 2849 3149 2904 καὶ
3174 2852 3232 2905 αἰ
3260 2852 3446 2909 λοιπαὶ
3476 2853 3577 2907 τοῦ
3606 2854 3783 2925 Κυρίου

2229 2939 2461 2995 ὲντολαί.

2298 3034 2373 3087 Z'.
2422 3034 2658 3105 Ὀφείλει
2691 3036 2789 3093 οὖν
2819 3040 2848 3092 ὁ
2882 3037 3205 3110 βουλόμενος
3242 3036 3303 3104 ἐξ
3330 3036 3601 3109 ἀληθείας
3625 3035 3785 3109 εὐαρε-

2232 3129 2428 3197 στῆσαι
2455 3128 2534 3199 τῷ
2566 3128 2708 3201 Θεῷ,
2740 3131 2837 3185 καὶ
2862 3132 3121 3197 δέξασθαι
3150 3132 3281 3202 παρ’
3308 3131 3480 3185 αὐτοῦ
3510 3132 3611 3202 τὴν
3648 3134 3783 3185 tum»

2229 3219 2413 3291 ράνιον
2444 3220 2538 3274 τοῦ
2572 3222 2892 3293 Πνεύματος
2938 3224 3133 3295 χάριν,
3168 3224 3265 3277 καὶ
3310 3225 3551 3295 αὐξῆσαι
3592 3226 3681 3278 καὶ
3714 3242 3783 3278 τε·

2228 3312 2517 3384 λειωθῆναι
2573 3317 2634 3369 ὲν
2667 3316 2747 3386 τῷ
2801 3317 2943 3388 ἁγίῳ
2994 3316 3312 3388 Πνεύματι,
3354 3320 3435 3382 εἰς
3488 3319 3667 3384 πάσας
3705 3320 3783 3382 τὰς

2227 3407 2449 3472 ἐντολάς
2471 3408 2567 3462 τοῦ
2597 3409 2733 3463 Θεοῦ
2765 3408 3050 3480 βιάζεσθαι
3077 3411 3294 3477 ἑαυτὸν,
3320 3412 3415 3466 καὶ
3442 3414 3527 3482 μὴ
3553 3412 3784 3467 θέλουσαν

2222 3501 2323 3570 τὴν
2380 3501 2607 3573 καρδίαν
2656 3501 2987 3558 ὐποτάσσειν
3033 3502 3178 3558 κατὰ
3230 3504 3293 3559 τὸ
3340 3506 3668 3576 εἰρημένονο
3699 3503 3783 3557 Διά

2223 3592 2401 3646 τοῦτο
2444 3592 2597 3662 πρὸς
2625 3593 2825 3658 πάσας
2856 3593 2965 3662 τὰς
3004 3594 3263 3661 ἐντολάς
3308 3611 3426 3651 σου
3475 3597 3782 3664 κατωρθούο

2218 3701 2364 3754 μην,
2396 3682 2607 3741 πᾶσαν
2633 3686 2779 3740 ὁδὸν
2805 3686 3020 3743 ἄδικον
3034 3688 3322 3758 ἐμίσησα.
3353 3689 3534 3742 Ὠσπε
3542 3706 3577 3761 ρ
3595 3690 3695 3760 γάρ
3715 3704 3781 3751 τις

2222 3778 2302 3841 εἰς
2334 3777 2433 3848 τὴν
2462 3780 2941 3853 προσκαρτέρησιν
2975 3782 3076 3851 τῆς
3117 3782 3281 3852 εὐχῆς
3326 3781 3586 3852 βιάζεται
3616 3784 3781 3837 ἑαυτὸν

2221 3870 2315 3923 καί⁵
2338 3870 2518 3939 άγχει,
2540 3870 2645 3934 ἕως
2667 3866 2729 3926 οὐ
2750 3872 2912 3927 τοῦτο
2939 3874 3265 3947 κατορθώσῃ
3284 3889 3299 3904 °
3319 3875 3533 3944 ὁμοίως
3559 3876 3654 3928 ἑὰν
3673 3874 3780 3945 θέλῃ

2220 3960 2315 4013 καὶ
2345 3962 2423 4024 εἰς
2449 3962 2628 4016 πάντα
2651 3963 2721 4018 τά
2756 3964 2856 4035 τῆς
2885 3966 3089 4037 ἀρετῆς
3118 3966 3536 4039 ἐπιτηδεύματα
3560 3967 3778 4038 βιάζεται

2218 4053 2412 4107 ἑαυτὸν
2439 4056 2534 4109 καὶ
2560 4054 2740 4126 ἄγχει,
2776 4057 2872 4111 καὶ
2897 4057 3067 4123 ἐθίζει
3092 4058 3214 4123 ἔθος
3238 4060 3467 4129 ἀγαθὸν,
3504 4062 3599 4114 καὶ
3632 4060 3778 4121 οὕτως

2217 4143 2537 4215 αἰτούμενος
2564 4145 2662 4199 καὶ
2686 4146 2938 4218 δεόμενος
2970 4147 3066 4202 τοῦ
3099 4150 3310 4220 Κυρίου
3334 4151 3423 4204 διὰ
3456 4152 3683 4215 παντὸς,
3704 4151 3778 4204 καὶ

2215 4233 2395 4305 τυχὼν
2417 4236 2516 4306 τῆς
2550 4238 2844 4309 αἰτήσεως,
2876 4241 2972 4295 καὶ
3011 4241 3334 4311 μεταλαϐὼν
3363 4242 3614 4311 γεύσεως
3640 4243 3773 4306 Θεοῦ,

2215 4328 2311 4380 καὶ
2368 4327 2685 4399 ῐΙνεύματος
2739 4330 2895 4399 ἁγίου
2952 4332 3176 4403 μέτοχος
3224 4334 3558 4403 γενόμενος,
3616 4333 3775 4401 αὔξειν

2216 4421 2361 4472 ποιεῖ
2399 4421 2496 4474 καὶ
2542 4420 2759 4477 θάλλειν
2802 4424 2864 4477 τὸ
2892 4425 3139 4496 χάρισμα
3176 4424 3239 4479 τὸ
3272 4425 3426 4479 δοθὲν
3459 4428 3636 4493 αὐτῷ,
3665 4428 3774 4481 dva-

2140 4548 2186 4606 D
2216 4507 2526 4576 παυόμενον
2580 4512 2643 4562 ὲν
2693 4512 2761 4582 τῇ
2816 4513 3285 4586 ταπεινοφροσύνῃ
3347 4514 3551 4583 αὐτοῦ,
3608 4520 3664 4571 ὲν
3720 4518 3772 4587 τῇ

2212 4599 2436 4672 ἀγάπῃ,
2469 4602 2528 4655 ὲν
2552 4604 2618 4674 τῇ
2654 4605 2940 4675 πραότητι.

2284 4688 2368 4744 Η’.
2399 4692 2542 4746 Αὐτὸ
2571 4694 2634 4747 τὸ
2674 4695 2900 4768 Πνεῦμα
2952 4701 3235 4772 χαρίζεται
3278 4705 3429 4778 αὐτῷ
3456 4704 3656 4767 ταῦτα,
3694 4705 3772 4757 καὶ

2207 4783 2448 4839 διδάσκει
2486 4786 2647 4844 αὐτὸν
2676 4789 2939 4864 ἀληθινὴν
2981 4795 3180 4867 εὐχὴν,
3234 4798 3499 4870 ἀληθινὴν
3532 4801 3769 4867 ἀγάπην.

2206 4876 2463 4949 ἀληθινὴν
2495 4880 2802 4952 πραότητα,
2827 4882 2864 4938 ἃ
2890 4886 3257 4956 προεϐιάσατο
3280 4890 3379 4944 ιιαί⁵
3406 4890 3665 4961 ἐζήτησε,
3692 4889 3769 4944 κιὶ

2206 4968 2581 5043 ἐμερίμνησε,
2632 4976 2731 5029 καὶ
2774 4976 3098 5049 ἐμελέτησε,
3137 4982 3234 5036 καὶ
3262 4983 3423 5055 ἐδόθη
3470 4984 3651 5053 αὐτῷ·
3692 4984 3769 5035 καὶ

2205 5058 2377 5122 οὕτως
2408 5062 2651 5132 αὐξήσας
2678 5066 2774 5118 καὶ
2816 5068 3127 5134 τελειωθεὶς
3156 5072 3216 5126 ὲν
3260 5071 3402 5142 Θεῷ,
3450 5071 3768 5144 κληρονόμος

2203 5155 2298 5222 τῆς
2328 5153 2603 5223 βασιλείας
2625 5159 2880 5226 γενέσθαι
2906 5163 3283 5229 καταξιοῦται.
3316 5165 3376 5218 'U
3402 5165 3513 5237 γὰρ
3536 5164 3766 5224 ταπεινὸς

2202 5242 2459 5299 οὐδέποτε
2528 5249 2718 5303 πίπτει
2739 5266 2753 5280 ·
2788 5252 2954 5307 πόθεν
2984 5254 3094 5325 γάρ
3129 5257 3319 5309 πεσεῖν
3358 5255 3474 5326 εχει
3526 5255 3764 5309 ὑποκάτω

2203 5336 2421 5390 πάντων
2449 5336 2563 5405 ὥν;
2599 5341 2810 5412 μεγάλη
2840 5344 3192 5409 ταπείνωσις,
3232 5349 3268 5418 ἠ
3321 5346 3761 5418 ὑψηλοφροσύνη’

2200 5426 2297 5480 καὶ
2339 5429 2548 5500 μεγάλη
2601 5430 2841 5500 ὐψωσις,
2880 5437 2973 5488 καὶ
3006 5437 3289 5509 τιμιότης,
3333 5440 3431 5493 καὶ
3460 5438 3758 5510 άξίωμα,ἠ

2198 5520 2687 5593 ταπεινοφροσύνη.
2738 5525 2849 5577 Καὶ
2890 5527 3051 5596 ἡμεῖς
3095 5527 3276 5582 τοίνυν
3324 5528 3639 5599 βιασώμεθα
3678 5528 3759 5580 καὶ

2197 5605 2456 5680 ἄγχωμεν
2487 5612 2712 5677 ἑαυτοὺς
2745 5616 2825 5679 εἰς
2877 5615 2977 5688 τὴν
3014 5619 3538 5691 ταπεινοφροσύνην,
3568 5620 3661 5676 καὶ
3690 5618 3755 5689 μὴ
