3966 6524
191 328 296 394 649

1389 331 1755 392 ΗΟΜΙΙᾸιΕ.
1787 355 1855 371 -ε-
1895 331 2080 392 ΗΘΜ.
2120 332 2249 395 XX.

3340 337 3450 400 650

193 442 451 515 θελούσης
476 444 576 516 τῆς
603 444 851 517 καρδίας,
876 444 973 499 καὶ
997 444 1079 509 εἰς
1102 442 1203 517 τὴν
1231 443 1535 516 πραότητα,
1566 445 1661 500 καὶ
1683 445 1759 509 εἰς

1871 461 1994 501 mus
2032 454 2197 517 atque
2245 459 2504 517 cogamus
2536 460 2640 501 nos
2668 443 2819 516 ipsos
2848 444 2915 500 ad
2943 445 3334 514 humilitatem,
3365 448 3453 503 vel

189 534 289 609 τὴν
318 537 539 607 ἀγάπην
565 537 809 607 δεόμενοι
835 537 931 591 καὶ
956 534 1402 607 παρακαλοῦντες
1424 535 1515 590 τὸν
1547 536 1680 590 Θεὸν
1706 537 1766 589 ἐν

189 628 390 691 πίστει,
420 626 516 681 καὶ
545 626 741 695 ἐλπίδι,
764 627 859 681 καὶ
886 624 1098 699 ἀγάπῃ,
1131 625 1492 689 ἀδιαλείπτως
1508 627 1566 678 ἐν
1595 643 1765 696 προσ-

186 718 341 789 δοκία
363 718 587 793 τοιαύτῃ
615 718 710 773 καί
732 719 938 790 σκοπῷ,
971 718 1060 772 ἵνα
1104 716 1402 788 ἀποστείλῃ
1431 718 1493 771 τὸ
1539 717 1764 786 Πνεῦμα

185 808 355 864 αὐτοῦ
371 810 449 873 εἰς
472 809 573 872 τὰς
599 809 828 881 καρδίας
849 809 1131 881 ἡμῶν,ῖνα
1159 808 1447 879 εύξώμεθα
1470 810 1568 862 καὶ
1592 827 1764 880 προσ-

184 902 514 973 κυνήσωμεν
542 901 619 973 τῷ
648 900 768 973 Θεῷ
794 902 853 955 ἐν
882 900 1163 974 Πνεύματι
1195 902 1291 957 καὶ
1319 900 1570 974 ἀληθείᾳ.

258 1076 337 1131 Θν.
372 1076 482 1130 Καὶ
518 1076 653 1130 αύτὸ
682 1076 744 1130 τὸ
770 1074 999 1147 Πνεῦμα
1023 1074 1224 1142 διδάξει
1256 1074 1406 1145 ἡμᾶς
1429 1072 1597 1146 εὐχὴν
1629 1072 1763 1144 άλη-

187 1168 365 1239 θινὴν,
405 1167 473 1239 ῆν
517 1166 612 1223 νῦν
659 1168 753 1222 καὶ
802 1165 941 1238 μετά
979 1165 1100 1236 βίας
1123 1166 1184 1222 οὐ
1225 1164 1502 1236 δυνάμεθα
1546 1165 1758 1220 ποιεῖν·

188 1262 480 1332 σπλάγχνα
508 1260 843 1332 οἰκτιρμῶν,
900 1259 1263 1330 χρηστότητα,
1314 1258 1411 1312 καὶ
1457 1258 1636 1322 πάσας
1665 1256 1762 1321 τάς

185 1352 410 1415 ἐντολάς
451 1349 546 1404 τοῦ
577 1350 804 1421 Κυρίου,
859 1349 1060 1416 διδάξει
1092 1350 1240 1420 ἡμᾶς
1282 1348 1508 1417 ποιῆσαι
1545 1347 1603 1412 ἐξ
1631 1348 1763 1417 ἀλη-

184 1442 341 1505 θείας
372 1442 592 1503 ἀλύπως
617 1442 711 1494 καὶ
738 1440 1034 1505 ἀϐιάστως,
1059 1438 1135 1502 ώς
1168 1438 1300 1493 αὐτὸ
1324 1438 1384 1491 τὸ
1405 1438 1629 1508 Πνεῦμα
1654 1434 1761 1491 οἶδε

183 1518 441 1602 πληροῦν
472 1532 621 1602 ἡμᾶς
675 1530 770 1582 τὸν
817 1529 1031 1599 καρπὸν
1075 1528 1271 1594 αὑτοῦ,
1313 1529 1411 1582 καί⁵
1442 1527 1612 1592 οὕτως
1649 1528 1761 1583 τῶν

182 1624 416 1677 ἐντολῶν
464 1622 561 1677 τοῦ
604 1622 741 1677 Θεοῦ
775 1620 1169 1692 πληρωθεισῶν
1218 1619 1308 1689 ὑφ’
1343 1620 1499 1691 ἡμῶν
1533 1620 1620 1673 διὰ
1663 1618 1760 1673 τοῦ

182 1712 508 1782 Πνεύματος
534 1710 723 1776 αὐτοῦ,
753 1710 846 1764 τοῦ
878 1711 1040 1780 μόνου
1070 1709 1431 1779 γινώσκοντος
1456 1708 1519 1764 τὺ
1548 1709 1760 1782 θέλημα

1871 536 2046 592 invito
2073 536 2278 601 animo,
2308 544 2364 591 et
2399 537 2468 592 ad
2505 536 2986 592 mansuetudinem
3012 546 3069 591 et
3099 538 3167 593 ad
3203 538 3454 594 dilectio-

1871 642 2019 693 nem,
2063 635 2354 698 precantes
2398 638 2564 698 atque
2604 628 2962 684 obsecrantes
3016 630 3183 683 Deum
3231 630 3285 682 in
3321 629 3448 694 ﬁde,

1869 734 1967 790 spe
2010 735 2075 774 ac
2119 719 2435 785 dilectione,
2474 720 2853 775 indesinenter
2888 721 2990 774 hac
3032 721 3447 789 exspectatione

1869 821 2036 882 atque
2089 828 2258 884 scopo
2309 813 2462 879 freti,
2520 822 2579 868 ut
2628 815 2810 869 mittat
2859 814 3125 884 Spiritum
3188 828 3349 867 suum
3394 814 3451 867 in

1867 905 2033 959 corda
2063 913 2271 970 nostra,
2310 921 2421 975 quo
2450 921 2742 976 precemur
2773 915 2828 961 et
2858 906 3153 961 adoremus
3192 905 3361 960 Deum
3392 905 3450 960 in

1867 995 2077 1067 Spiritu
2116 1005 2175 1051 et
2206 997 2459 1051 veritate.

1940 1085 2032 1146 IX.
2073 1086 2193 1156 Ipse
2225 1102 2443 1157 quoque
2480 1086 2721 1157 Spiritus
2750 1088 2971 1145 docebit
2996 1105 3096 1145 nos
3113 1105 3301 1145 veram
3328 1104 3453 1159 pre-

1865 1194 1990 1235 cum
2043 1180 2330 1244 rationem,
2362 1195 2499 1249 quas
2528 1196 2695 1245 nunc,
2726 1198 2795 1236 ne
2825 1182 2876 1235 vi
2907 1182 3132 1251 quidem
3178 1180 3446 1245 adhibita,

1866 1285 2162 1341 possumus
2221 1269 2428 1325 facere.
2480 1270 2700 1327 Viscera
2746 1288 2966 1342 quoque
3020 1272 3444 1334 misericordiae,

1866 1362 2261 1434 benignitatem
2302 1370 2358 1417 et
2415 1364 2599 1419 omnia
2642 1364 2895 1418 mandata
2948 1364 3163 1419 Domini
3227 1364 3448 1418 docebit

1865 1470 1967 1510 nos
1997 1455 2176 1510 facere
2202 1470 2396 1511 revera
2422 1456 2631 1525 absque
2661 1456 2769 1511 ulla
2804 1456 3057 1510 molestia
3084 1456 3445 1511 aut‘coactio-

1864 1561 1955 1613 ne,
1986 1554 2151 1616 prout
2189 1546 2343 1601 novit
2376 1545 2614 1617 Spiritus
2643 1546 2733 1601 ille
2760 1547 2971 1615 replere
2992 1561 3092 1601 nos
3114 1545 3293 1600 fructu
3321 1559 3443 1599 suo.

1862 1638 2043 1707 Atque
2097 1638 2204 1692 hoc
2251 1648 2413 1708 pacto
2464 1638 2738 1693 mandatis
2784 1638 2879 1693 Dei
2921 1654 2951 1692 a
3004 1637 3166 1692 nobis
3205 1636 3445 1706 impletis

1864 1728 2138 1785 beneflcio
2178 1728 2418 1798 Spiritus
2449 1729 2567 1794 sui,
2602 1729 2695 1799 qui
2735 1730 2887 1785 solus
2920 1730 3073 1784 novit
3104 1730 3441 1784 voluntatem

179 1806 277 1858 τοῦ
312 1805 515 1876 Κυρίου
536 1845 550 1867 ,
581 1803 677 1856 καὶ
723 1801 1105 1865 τελειώσαντος
1136 1801 1285 1871 ἡμᾶς
1312 1799 1406 1859 τοῦ
1444 1799 1759 1870 Πνεύματος

1871 1818 2104 1884 Domini,
2138 1819 2342 1889 quique
2375 1818 2616 1889 Spiritus
2647 1834 2747 1873 nos
2775 1826 3123 1874 consummat
3161 1818 3216 1872 in
3259 1833 3339 1881 se,
3379 1832 3445 1873 ac

179 1900 260 1960 εἰς
280 1897 465 1963 ἑαυτὸ,
499 1897 593 1952 καὶ
626 1895 1004 1957 τελειωθέντος
1035 1896 1114 1956 εἰς
1146 1895 1293 1964 ἡμᾶς
1325 1891 1758 1963 καθαρισθέντας

179 1989 292 2050 ἀπὸ
349 1988 551 2057 παντὸς
607 1985 884 2059 μολυσμοῦ
943 1986 1039 2045 καὶ
1079 1984 1268 2039 σπίλου
1310 1986 1410 2055 τῆς
1447 1984 1755 2054 ἁμαρτίας,

178 2085 372 2155 ὥσπερ
396 2081 613 2152 νύμφας
639 2079 829 2145 καλὰς,
864 2079 962 2142 τὰς
993 2078 1171 2148 ψυχὰς
1207 2077 1362 2148 ἡμῶν
1389 2076 1636 2148 καθαρὰς
1665 2075 1759 2128 καὶ

178 2172 448 2243 ἀμώμους
502 2171 844 2243 παραστήσει
894 2168 972 2237 τῷ
1028 2167 1281 2239 Χριστῷ,
1332 2166 1758 2238 ἀναπαυομένων

176 2263 339 2333 ἡμῶν
374 2264 432 2321 ἐν
459 2258 597 2332 Θεῷ,
633 2262 691 2318 ἐν
720 2262 785 2331 τῇ
829 2260 1078 2332 βασιλείᾳ
1130 2258 1317 2322 αὐτοῦ,
1358 2259 1455 2313 καὶ
1485 2260 1760 2313 ἀναπαυο-

180 2348 351 2417 μένου
372 2346 466 2401 τοῦ
501 2345 636 2400 Θεοῦ
663 2348 721 2399 ἐν
748 2349 880 2417 ἡμῖν
904 2348 985 2413 εἰς
1012 2347 1136 2410 τοὺς
1166 2347 1507 2420 ἀπεράντους
1532 2346 1756 2411 αἰῶνας.

174 2440 321 2505 Δόξα
353 2442 467 2503 τοίς
523 2440 833 2511 οἰκτιρμοῖς
876 2438 1040 2491 αύτοῦ
1092 2438 1187 2492 καὶ
1219 2438 1297 2509 τῷ
1342 2437 1505 2505 ἐλέει,
1549 2440 1644 2493 καὶ
1691 2439 1756 2509 τῇ

176 2532 399 2607 ἀγάπῃ,
434 2533 517 2586 ὅτι
543 2534 621 2596 εἰς
651 2532 908 2604 τοιαύτην
938 2531 1103 2602 τιμὴν
1136 2531 1232 2584 καὶ
1263 2530 1420 2595 δόξαν
1452 2530 1757 2602 κατηξίωσε

172 2626 234 2682 τὸ
286 2626 449 2692 γένος
481 2623 590 2679 τῶν
626 2623 951 2697 ἀνθρώπων,
994 2626 1142 2688 υἱοὺς
1184 2623 1398 2695 Πατρδς
1434 2622 1757 2695 ἐπουρανίου

175 2718 524 2789 κατηξίωσεν
570 2718 798 2783 αὐτοὺς,
847 2719 943 2772 καὶ
981 2716 1147 2781 ἰδίους
1176 2715 1441 2786 ἀδελφοὺς
1486 2714 1759 2791 προσηγόν

176 2828 399 2882 ρευσεν.
435 2810 592 2883 Αὐτῷ
618 2812 652 2884 ἠ
681 2810 810 2879 δόξα
838 2812 918 2875 εἰς
946 2812 1072 2875 τοὺς
1103 2810 1326 2874 αἰῶνας.
1367 2810 1561 2882 Ἀμήν.

773 2925 1022 2980 ΟΜῐΛΙΑ
1062 2923 1149 2979 ις’.

171 3020 382 3087 Μόνος
416 3022 449 3075 ό
478 3018 751 3087 Χριστὸς,
782 3019 817 3072 ό
840 3017 1131 3085 ἀληθινὸς
1154 3016 1272 3087 τοῦ,
1290 3015 1412 3071 ἔσω
1441 3014 1758 3087 ἀνθρώπου

246 3085 487 3171 ἰατρός,
520 3085 883 3171 ρεραπεῦᾳαι
924 3088 1173 3171 aegaeq
1218 3085 1624 3171 τὴνλρὐὴνὲ
1658 3085 1757 3140 καὶ

1863 1907 2144 1978 perfectus
2190 1908 2247 1962 in
2296 1907 2479 1975 nobis,
2537 1908 2838 1978 puriﬁcatis
2868 1909 2938 1964 ab
2990 1908 3140 1963 omni
3191 1906 3444 1977 inquina.

1862 2007 2069 2067 mento,
2098 2014 2164 2054 ac
2188 1998 2445 2054 sordibus
2470 2001 2703 2070 peccati,
2728 2000 2877 2055 velut
2899 2015 3128 2069 sponsas
3158 2007 3441 2065 venustas,

1860 2090 2074 2145 animas
2104 2098 2324 2149 nostras
2351 2106 2519 2159 puras
2542 2099 2602 2146 et
2628 2090 3005 2145 immaculatas
3033 2090 3255 2145 Christo
3281 2089 3440 2144 exhi-

1858 2168 2041 2246 bebit,
2072 2181 2552 2251 requiescentibus
2579 2182 2743 2237 nobis
2770 2182 2825 2237 in
2857 2183 2988 2246 Deo,
3016 2181 3071 2235 in
3101 2196 3270 2251 regno
3297 2183 3441 2252 ejus,

1859 2288 1924 2328 ac
1972 2273 2083 2329 Deo
2127 2273 2477 2342 requiscente
2530 2273 2585 2329 in
2635 2274 2797 2330 nobis
2853 2274 2912 2328 in
2961 2272 3175 2327 inﬁnita
3221 2273 3439 2328 saecula.

1859 2363 2045 2424 Gloria
2094 2362 2167 2421 sit
2218 2363 2674 2421 miserationibus
2731 2365 2872 2435 ejus,
2932 2363 3327 2419 misericordiae
3377 2374 3443 2420 ac

1860 2455 2164 2521 dilectioni,
2195 2455 2343 2525 quod
2374 2465 2525 2511 tanto
2556 2456 2766 2511 honore
2791 2465 2848 2511 et
2873 2457 3046 2528 gloria
3083 2456 3345 2526 dignatus
3370 2455 3443 2509 sit

1857 2564 2030 2619 genus
2078 2548 2412 2615 humanum,
2446 2565 2586 2619 quos
2616 2549 2811 2619 dignos
2846 2549 3195 2620 judicaverit,
3242 2558 3304 2603 ut
3343 2564 3443 2601 vo-

1859 2651 2010 2696 caret
2037 2640 2177 2696 ﬁlios
2205 2642 2382 2696 Patris
2415 2642 2664 2698 caelestis
2694 2658 2756 2698 ac
2787 2641 3045 2719 proprios
3074 2640 3273 2696 fratres
3332 2637 3445 2710 Ipsi

1858 2732 2029 2804 gloria
2065 2732 2118 2788 in
2154 2734 2374 2790 szecula.
2410 2734 2605 2793 Amen.

2418 2933 2705 2991 BOMlLlA
2743 2932 2866 2989 XX.

1857 3023 2015 3081 Solus
2061 3025 2332 3091 Christus,
2388 3042 2542 3080 serus
2590 3025 2820 3079 medicus
2870 3022 3137 3078 interioris
3191 3021 3438 3085 hominis,

1927 3114 2125 3152 sanare
2154 3105 2320 3168 potest
2361 3097 2619 3161 animam,
2658 3110 2878 3166 eamque
2918 3095 3223 3150 vestimento
3253 3093 3452 3164 gratia}

245 3155 452 3230 αὐτὴν
474 3159 553 3226 τῷ
575 3155 688 3229 τῆς
727 3159 969 3229 χάριτος
1008 3156 1291 3228 ἐνδύματι
1323 3155 1752 3226 διακοσμῆσαι.
1783 3201 1826 3259 c
1928 3185 2041 3223 εαιε
2086 3155 2367 3221 επδνηαγε,

243 3273 290 3325 Δ
314 3311 332 3327 .
382 3271 453 3325 Et
480 3289 565 3336 τις
592 3270 799 3343 γυμνός
837 3271 985 3324 ἐστιν
1029 3269 1138 3323 ἀπὸ
1174 3267 1269 3323 τοῦ
1320 3269 1617 3340 ἐνδύματος
1657 3268 1751 3324 τοῦ

174 3361 368 3417 θεῖκοῦ
403 3362 496 3417 καὶ
520 3362 870 3433 ἐπουρανίου,
901 3362 1037 3433 ὅπερ
1069 3362 1217 3414 ἐστὶν
1243 3362 1276 3433 ἡ
1309 3361 1404 3414 τοῦ
1436 3360 1755 3431 Πνεύματος

173 3455 430 3525 δύναμις,
456 3453 641 3517 καθὼς
671 3455 905 3525 εἴρηταιο
939 3452 1008 3508 El
1029 3451 1096 3506 δέ
1118 3471 1203 3521 τις
1228 3451 1470 3522 Πνεῦμα
1496 3452 1755 3522 Χριστοῦ

178 3552 296 3603 οὐκ
338 3549 484 3619 ἔχει,
530 3545 708 3616 οὗτος
757 3551 871 3604 οὐκ
909 3549 1082 3603 ἔστιν
1121 3548 1342 3604 αὐτοῦ’
1385 3549 1620 3603 κλαιέτω
1662 3549 1757 3603 καὶ

176 3642 574 3714 παρακαλείτω
624 3641 716 3696 τὸν
746 3639 974 3713 Κύριον,
1006 3640 1094 3695 ἵνα
1137 3639 1276 3713 λάϐῃ
1317 3641 1380 3698 τὸ
1426 3641 1485 3709 ἐξ
1523 3641 1756 3713 ούρανοῦ

173 3733 554 3804 πνευματικὸν
602 3733 840 3805 ἔνδυμαο
884 3733 972 3789 ἵνα
998 3733 1281 3805 ἀμφιασθῇ
1325 3732 1424 3804 τὴν
1458 3734 1565 3788 ἀπὸ
1608 3734 1759 3798 θείας

170 3826 461 3899 ἐνεργείας
485 3825 918 3898 γεγυμνωμένην
942 3824 1118 3898 ψυχήν
1137 3842 1150 3855 ·
1176 3827 1256 3879 ὅτι
1280 3825 1479 3893 πολλὴν
1498 3825 1760 3898 αἰσχύνην

168 3920 410 3991 ἀτιμίας
461 3918 648 3972 παθῶν
680 3916 1093 3991 περιϐέϐληται,
1130 3917 1159 3971 ὁ
1191 3918 1266 3989 μὴ
1316 3918 1666 3988 ἐνδεδυμένος
1700 3918 1760 3972 τὸ

165 4011 267 4077 τοῦ
317 4012 641 4084 Πνεύματος
670 4011 892 4084 ἔνδυμα.
938 4011 1149 4083 Ὠσπερ
1188 4010 1297 4083 γὰρ
1331 4011 1389 4064 ὲν
1425 4014 1537 4075 τοῖς
1573 4029 1760 4081 φαινο-

167 4107 370 4178 μένοις
400 4106 496 4161 ὲάν
519 4123 604 4168 τις
627 4105 832 4175 γυμνὸς
864 4098 922 4179 ᾖ,
954 4106 1011 4158 ἐν
1042 4104 1210 4174 πολλῇ
1253 4103 1482 4176 αἰσχύνη
1513 4104 1609 4164 καὶ
1639 4104 1760 4158 ἀτι-

165 4200 276 4272 μίᾳ
306 4201 451 4263 ἐστὶ,
492 4198 589 4253 καὶ
621 4198 764 4268 φίλοι
809 4199 998 4268 φίλους
1031 4197 1463 4269 ἀποστρέφονται
1494 4196 1759 4268 γυμνοὺς,

1929 3284 1971 3338 ι.
2014 3283 2070 3337 Si
2105 3282 2230 3352 quis
2256 3281 2438 3336 nudus
2479 3281 2553 3337 sit
2584 3288 2641 3336 et
2673 3288 2857 3336 careat
2888 3277 3214 3333 indumento
3245 3274 3440 3331 divino

1860 3392 1925 3432 ac
1950 3375 2182 3441 caelesti,
2208 3373 2352 3445 quod
2389 3381 2476 3430 est
2503 3372 2745 3445 potentia
2769 3371 3031 3441 Spiritus,
3057 3369 3203 3425 sicut
3228 3368 3441 3424 dictum

1860 3476 1982 3524 est:
2032 3466 2091 3522 Si
2131 3468 2246 3537 quis
2291 3473 2466 3520 autem
2506 3463 2764 3535 Spiritum
2795 3462 2988 3519 Christi
3019 3478 3124 3515 non
3160 3461 3330 3523 habet,
3362 3461 3445 3513 hic

1862 3577 1966 3616 non
1999 3569 2072 3614 est
2112 3560 2226 3630 ejus
2248 3560 2269 3591 '
2302 3577 2316 3613 :
2346 3559 2525 3629 ploret
2558 3567 2723 3627 atque
2750 3556 3005 3611 obsecret
3036 3553 3349 3614 Dominum,
3382 3563 3446 3607 ut

1863 3652 2079 3707 coalitus
2103 3658 2469 3720 consequatur
2491 3647 2775 3719 spirituale
2797 3642 3453 3715 indumentum,8&.quo

1864 3742 2058 3797 induat
2078 3742 2315 3797 animam
2341 3740 2526 3796 divina
2546 3740 2748 3794 virtute
2771 3738 3058 3808 spoliatam
3083 3753 3097 3790 :
3118 3735 3247 3806 quia
3267 3736 3444 3789 multo

1864 3836 2073 3905 pudore
2099 3851 2164 3893 ac
2194 3834 2418 3890 infamia
2445 3832 2801 3889 all‘ectionum
2842 3830 3111 3895 induitur,
3142 3830 3238 3898 qui
3272 3827 3445 3882 vesti.

1865 3936 2052 3984 mento
2092 3925 2330 3996 Spiritus
2376 3925 2610 3980 amictus
2655 3938 2767 3978 non
2816 3931 2920 3977 est.
2968 3918 3440 3987 Quemadmodum

1865 4020 2012 4076 enim
2047 4018 2103 4073 in
2152 4018 2318 4073 rebus
2344 4015 2606 4081 externis,
2638 4015 2684 4070 si
2713 4014 2834 4084 quis
2875 4012 3060 4067 nudus
3105 4012 3198 4075 sit,
3228 4026 3453 4068 summo

1866 4110 2077 4182 pudore
2136 4116 2301 4179 atque
2363 4105 2588 4161 infamia
2642 4104 2903 4170 adicitur;
2953 4111 3010 4157 et
3053 4101 3216 4157 amici
3264 4101 3447 4157 nudos

1867 4209 2190 4257 aversantur
2239 4197 2466 4262 amicos,
2501 4206 2558 4252 et
2585 4195 2831 4268 germani
2862 4210 3013 4261 suos,
3046 4202 3101 4250 et
3126 4193 3285 4249 liberi
3326 4193 3447 4248 viso

162 4293 270 4347 καὶ
302 4291 529 4362 γνήσιοι
560 4292 741 4359 ίδίους,
790 4293 885 4345 καὶ
925 4291 1091 4345 τέκνα
1123 4289 1299 4345 ἰδόντα
1334 4288 1759 4361 γεγυμνωμένον

1871 4291 2016 4347 nudo
2051 4299 2227 4361 patre,
2258 4297 2579 4346 averterunt
2607 4286 2775 4342 facies
2798 4301 2949 4351 suas,
2990 4300 3062 4341 ne
3096 4285 3449 4340 intuerentur

161 4384 400 4456 πατέρα
431 4382 699 4455 ἔστρεψαν
742 4382 839 4447 τὰς
869 4380 1077 4437 ἑαυτῶν
1111 4379 1284 4451 ὄψεις,
1323 4378 1418 4433 τοῦ
1462 4378 1536 4450 μὴ
1573 4380 1759 4432 ἐνατε-

1871 4385 2079 4441 nudum
2104 4398 2306 4453 corpus
2332 4383 2504 4453 patris
2529 4382 2572 4447 ⁸,
2604 4389 2661 4435 et
2691 4387 2993 4434 retrorsum
3022 4375 3296 4448 progressi
3317 4390 3451 4445 ope-e

160 4479 324 4532 νίσαι
346 4475 544 4546 γυμνῷ
558 4475 635 4547 τῷ
652 4475 867 4545 σώματι
887 4472 981 4527 τοῦ
1007 4473 1242 4545 Πατρὸς,
1266 4470 1361 4525 καί⁵
1381 4468 1759 4541 ὀπισθοφανῶς

1871 4484 2104 4533 ruerunt
2150 4489 2300 4540 eum,
2351 4481 2409 4527 et
2462 4472 2543 4527 sic
2591 4476 2910 4526 averterunt
2950 4468 3207 4528 vultum:
3250 4464 3449 4520 eodem

159 4568 516 4630 ἀπελθόντες
549 4566 902 4637 ἐπεκάλυψαν
938 4566 1119 4631 αὑτὸν,
1165 4564 1260 4618 καί⁵
1290 4562 1463 4628 οὕτως
1502 4562 1759 4632 ἐπέστρε-

1871 4570 2031 4626 modo
2093 4568 2241 4623 Deus
2298 4572 2586 4620 aversatur
2660 4562 2907 4624 animas,
2974 4575 3088 4615 non
3156 4566 3450 4615 exornatas

158 4664 278 4731 ψαν
321 4659 433 4726 τάς
456 4658 630 4729 δψεις.
681 4657 837 4711 Οὕτω
868 4657 961 4727 καί,
995 4656 1024 4708 ὁ
1069 4654 1201 4718 Θεὸς
1244 4653 1625 4725 ἀπέστραπται
1665 4651 1759 4716 τάς

1871 4662 2191 4718 indumento
2229 4657 2467 4729 Spiritus
2503 4671 2630 4711 cum
2658 4654 2785 4710 fidei
2815 4651 3167 4714 certitudine,
3205 4664 3323 4714 eos,
3360 4648 3450 4702 ina

157 4754 363 4825 ψυχὰς
394 4753 491 4815 τὰς
521 4752 595 4823 μὴ
626 4748 983 4820 ἐνδεδυμένας
1011 4746 1072 4802 τὸ
1095 4746 1189 4801 τοῦ
1215 4744 1529 4817 Πνεύματος
1559 4743 1759 4813 ἔνδυμα

1871 4769 2055 4825 quam,
2078 4752 2173 4822 qui
2191 4766 2302 4805 non
2323 4748 2623 4809 induerunt
2645 4746 2938 4804 Dominum
2959 4744 3146 4802 Jesum
3166 4741 3449 4798 Christum

159 4849 224 4900 ἐν
282 4843 666 4923 πληροφορίᾳ,
710 4843 839 4907 τοὺς
875 4840 950 4914 μὴ
985 4838 1368 4909 ἐνδεδυμένους
1412 4838 1504 4892 τὸν
1557 4835 1759 4908 Κύριον

1873 4846 1930 4901 in
1962 4846 2165 4900 virtute
2196 4852 2255 4899 et
2281 4842 2532 4898 veritate.

170 4936 411 5010 Ἰησοῦν
442 4934 675 5007 Χριστὸν
705 4935 762 4988 ἐν
792 4932 1018 5003 δυνάμει
1052 4931 1147 4985 καὶ
1172 4929 1420 5001 ἀληθείᾳ.

235 5031 328 5088 Π.
378 5027 551 5091 Αύτδς
587 5028 615 5081 ὁ
645 5025 862 5097 πρῶτος
891 5024 1178 5096 ἄνθρωπος
1212 5021 1545 5091 θεασάμενος
1576 5018 1768 5071 ἐαυτὸν

158 5125 397 5199 γυμνὸν
423 5123 689 5195 ᾐσχύνθη·
710 5120 949 5191 τοσαύτη
978 5121 1171 5192 ἀτιμία
1192 5122 1258 5190 τῇ
1287 5115 1585 5187 γυμνότητι
1604 5113 1759 5183 πρόσ·

1871 5127 2012 5173 esse.
2045 5110 2287 5166 erubuit.
2335 5109 2511 5165 Tanta
2548 5107 2852 5179 ignominia
2877 5106 3183 5160 nuditatem
3214 5102 3450 5157 comita-

157 5238 356 5274 εστιν.
396 5218 461 5270 Εἰ
498 5212 591 5272 οῦν
634 5216 861 5270 ἐπὶτῶν
893 5213 1220 5286 σωματικῶν
1257 5209 1529 5279 τοσαύτην
1579 5204 1759 5276 αἰσχύ·

1873 5212 1962 5259 tur
1986 5202 2033 5263 ⁷.
2052 5200 2109 5255 Si
2129 5215 2261 5271 ergo
2285 5200 2339 5253 in
2366 5199 2531 5253 rebus
2561 5197 2942 5268 corporalibus
2974 5204 3182 5249 tantum
3211 5192 3453 5247 dedecus

157 5333 268 5388 νην
332 5312 615 5367 δείκνυσιν
666 5311 700 5382 ὴ
753 5285 1059 5379 γυμνότης,
1107 5306 1255 5375 πόσῳ
1286 5301 1547 5375 μᾶλλονή
1590 5297 1759 5368 γυμνῦ

1878 5295 2134 5351 conciliat
2161 5294 2403 5358 nuditas,
2436 5298 2642 5361 quanto
2676 5291 2880 5357 majore
2911 5287 3114 5350 anima,
3136 5302 3259 5356 qua:
3280 5285 3455 5340 denu-

156 5384 282 5461 ἀπὸ
323 5404 486 5467 θείας
514 5404 795 5475 δυνάμεως
815 5402 985 5473 ψυχὴ,
1017 5403 1052 5472 ὴ
1080 5399 1156 5473 μὴ
1186 5395 1426 5469 φοροῦσα
1452 5392 1546 5447 καὶ
1572 5392 1759 5461 ὴμφιε·

1880 5389 2005 5443 data
2047 5395 2132 5441 est
2165 5387 2369 5441 virtute
2412 5385 2620 5448 divina,
2670 5399 2773 5438 nec
2814 5389 3018 5453 gestat,
3052 5390 3149 5435 aut
3191 5384 3454 5435 exornata

160 5498 368 5569 σμένη
411 5494 474 5548 τὸ
513 5467 752 5566 ἀρῤηντον
781 5467 1227 5564 κᾴι”ιίφοὰέ›τὸν,
1277 5467 1759 5554 καὶ-πνευματικδκ

1879 5489 1963 5535 est
1989 5476 2275 5541 ineffabili,
2300 5474 2705 5545 iucorruptibili
2726 5489 2790 5529 ac
2811 5470 3081 5542 spirituali
3107 5467 3453 5529 indumento,

158 5558 425 5660 ἔνδυμῖα,
456 5558 621 5642 αὐτὸν
645 5558 750 5641 ’τὸν
783 5558 988 5658 Κύριον
1035 5558 1241 5655 Ἰησοῦν
1273 5577 1511 5653 Χριστὸν
1551 5577 1608 5629 ἐν
1638 5573 1759 5644 ἀλη·

1882 5572 2002 5644 ipso
2067 5572 2276 5631 scilicet
2334 5568 2566 5625 Domino
2619 5567 2747 5623 Jesu
2808 5564 3028 5625 Christo
3083 5561 3139 5621 iu
3190 5558 3459 5625 veritate,

1944 5020 2011 5075 ll.
2048 5019 2265 5075 Primus
2296 5030 2517 5089 quoque
2552 5016 2740 5082 homo,
2769 5012 3117 5084 conspiciens
3151 5026 3212 5067 se
3239 5008 3449 5065 nudum

244 5772 269 5804 ³
320 5770 493 5825 Rom.
536 5783 646 5831 νηί,
688 5768 737 5823 9.
816 5767 833 5796 “
860 5767 994 5821 Gen.
1039 5780 1109 5836 Ix,
1140 5762 1229 5818 “25.
1306 5763 1325 5793 τ
1353 5762 1488 5820 Gen.
1526 5777 1605 5825 ιιι,
1648 5762 1699 5818 Ἰ.
