3966 6562
536 356 637 424 651

1776 356 1835 419 S.
1883 358 2201 419 MACARII
2243 360 2561 423 lEGYPTIl
3665 353 3752 418 652

534 479 743 543 quanto
790 472 1018 542 majore,
1067 467 1310 542 inquam,
1344 460 1557 543 pudore
1596 480 1762 541 atque
1809 470 2103 543 ignominia

2212 473 2351 545 θεία,
2385 476 2605 530 πλείονα
2641 478 2734 530 καὶ
2767 474 3029 547 αἰσχύνην
3064 472 3159 528 καὶ
3196 470 3417 543 ἀτιμίαν
3459 465 3639 521 παθῶν
3667 484 3751 519 κιο

533 558 888 614 atl'ectionutn
924 559 1264 616 circumdata
1292 570 1348 615 et
1373 561 1573 616 amicta
1613 560 1739 615 est?
1781 559 2103 631 Quicunque

2214 565 2559 639 ρισέὄληται;
2591 568 2687 621 καὶ
2720 568 2828 631 πᾶς
2875 584 2958 631 τις
2992 564 3067 619 ὢν
3115 563 3317 633 γυμνὸς
3352 560 3460 615 ἀπὸ
3490 561 3589 629 τῆς
3626 556 3754 620 θείας

530 664 669 721 ergo
700 658 851 706 caret
879 649 1065 705 divina
1110 651 1200 705 illa
1240 651 1433 722 gloria,
1470 652 1545 706 ita
1592 650 1761 705 debet
1805 651 1889 705 sui
1934 651 2103 721 ipsius

2210 658 2425 730 ἐκείνης
2453 658 2632 730 δόξης,
2664 656 2838 721 οὕτως
2865 656 3069 726 ὀφείλει
3109 654 3302 710 ἑαυτὸν
3336 648 3755 721 ἐπαισχύνεσθαι,

534 742 746 810 pudore
777 742 926 806 duci,
951 754 1115 813 atque
1146 759 1440 813 agnoscere
1467 758 1621 797 suam
1657 743 1832 813 ipsius
1880 743 2103 814 ignomi-

2210 748 2306 804 καὶ
2353 748 2645 818 γινώσκειν
2687 748 2908 821 ἀτιμίαν
2958 746 3159 810 αὑτοῦ,
3210 745 3399 814 ὥσπερ
3458 738 3755 809 σωματικῶς

535 836 704 899 niam,
731 837 873 890 sicut
895 837 1066 890 Adam
1091 835 1313 889 erubuit
1333 851 1563 905 corpore
1587 837 1768 890 nudus
1791 852 1915 890 cum
1939 844 2106 891 esset.

532 926 793 994 Quamvis
814 928 1207 982 construxisset
1233 927 1337 982 sibi
1365 944 1429 982 ex
1460 928 1604 982 foliis
1630 927 1766 982 ﬁcus
1788 928 2103 994 amictum”,

532 1019 895 1073 nihilominus
944 1018 1153 1089 pudore
1211 1018 1583 1083 afficiebatur,
1632 1018 1990 1073 mendicitate
2051 1029 2108 1075 et

530 1109 783 1164 nuditate
814 1125 911 1163 sua
939 1110 1155 1181 cognita
1183 1119 1347 1180 atque
1378 1120 1681 1181 perspecta.
1723 1111 1970 1165 Postulet
2008 1110 2107 1180 igi-

534 1209 623 1254 tur
653 1200 926 1269 ejusmodi
957 1202 1138 1256 anima
1181 1216 1211 1255 a
1239 1201 1482 1266 Christo,
1533 1202 1627 1271 qui
1674 1202 1907 1271 largitur
1940 1211 2105 1270 atque

529 1299 761 1345 exornat
788 1306 909 1345 eam
939 1291 1111 1362 gloria
1143 1291 1198 1346 in
1230 1292 1438 1347 lumine
1464 1307 1701 1346 arcano:
1748 1308 1849 1346 nec
1877 1300 2105 1347 consula

531 1381 636 1435 sibi
659 1391 811 1437 veste
832 1398 1097 1438 vanarum
1119 1383 1510 1454 cogitationum
1534 1383 1852 1445 arbitretur,
1872 1384 2107 1452 propria:

528 1471 757 1540 justitiae
784 1474 1045 1542 opinione
1086 1473 1336 1544 decepta,
1371 1488 1432 1528 se
1466 1472 1672 1527 habere
1709 1473 2103 1528 vestimentum

534 1564 706 1635 ipsius
732 1567 1005 1621 salutaris.

603 1656 693 1713 111.
732 1658 788 1713 Si
830 1660 976 1713 enim
1018 1659 1073 1712 in
1120 1673 1216 1713 sua
1258 1657 1471 1728 justitia
1515 1666 1678 1728 atque
1723 1658 2103 1728 redemptione

2223 841 2393 910 Ἀδὰμ
2419 841 2682 913 ᾐσχύνετο
2710 842 2914 911 γυμνὸς
2939 839 3036 903 ὢν,
3074 839 3179 893 κᾶν
3214 837 3470 906 εποίησεν
3510 832 3679 903 ἑαυτῷ
3705 833 3757 885 ὲκ

2211 932 2382 1002 συκῆς
2412 932 2627 1000 φύλλων
2653 931 2988 1002 περίϐλημα,
3019 931 3167 999 ὅμως
3190 925 3288 997 τὴν
3312 922 3577 993 αἰσχύνην
3598 920 3756 989 ἐφόρει

2207 1027 2307 1097 τὴν
2348 1025 2621 1095 πτωχείαν
2670 1023 2864 1079 ἑαυτοῦ
2912 1020 3327 1091 ἐπιγινώσκων·
3362 1017 3584 1071 αἰτείτω
3610 1012 3694 1066 οῦν
3728 1014 3756 1081 ὴ

2210 1117 2430 1186 τοιαύτη
2484 1116 2630 1187 ψυχὴ
2663 1115 2815 1188 παρὰ
2842 1114 2937 1168 τοῦ
2976 1113 3206 1175 διδόντος
3251 1108 3347 1163 καὶ
3390 1104 3760 1178 ἀμφιεννύντος

2207 1209 2365 1274 δόξαν
2412 1208 2647 1280 Χριστοῦ
2681 1209 2740 1262 ὲν
2787 1207 2926 1277 φωτὶ
2954 1205 3201 1277 ἀρρήτῳ,
3235 1201 3310 1273 μὴ
3352 1198 3587 1253 ποιοῦσα
3617 1196 3760 1265 ἑαυτῇ

2210 1302 2425 1371 ἱμάτιον
2448 1299 2723 1370 λογισμῶν
2750 1296 3016 1367 ματαίων,
3038 1295 3261 1366 δοκήσει
3284 1292 3418 1354 ἰδίας
3437 1288 3761 1358 δικαιοσύνης

2207 1391 2544 1463 ἀπατωμένη
2575 1390 2671 1445 κει)⁵
2692 1389 2990 1461 νομίζουσα
3013 1387 3158 1458 ἔχειν
3182 1386 3386 1456 ἀμφιον
3414 1379 3707 1451 σωτηρίου.

2276 1660 2349 1714 I".
2380 1660 2446 1715 Εῖ
2469 1676 2553 1723 τις
2582 1659 2690 1729 γὰρ
2723 1660 2782 1712 ἐν
2817 1660 2882 1729 τῇ
2921 1654 3115 1711 ἑαυτοῦ
3143 1655 3301 1726 μόνον
3334 1651 3567 1715 ἵσταται,
3586 1646 3762 1700 δικαιο-

531 1749 708 1805 ωιυω
755 1750 881 1820 quis
926 1749 1249 1819 perstiterit,
1292 1749 1494 1804 frustra
1535 1764 1599 1803 ac
1641 1758 1848 1803 temere
1884 1750 2103 1805 labores

2209 1751 2343 1825 σύνῃ
2371 1751 2467 1806 καὶ
2513 1749 2906 1822 ἀπολυτρώσει,
2950 1746 3195 1819 ματαίως
3237 1743 3334 1798 καὶ
3366 1740 3546 1807 κενῶς
3592 1737 3761 1806 κοπιᾷ.

530 1841 623 1895 ille
653 1810 899 1911 suscipit.
934 1839 1126 1898 Omnis
1151 1840 1298 1895 enim
1327 1839 1514 1909 opinio
1534 1841 1761 1911 justitiae
1789 1842 1928 1911 eius,
1952 1843 2103 1896 velut

2207 1810 2363 1897 Πᾶσα
2391 1842 2498 1913 γὰρ
2524 1843 2559 1913 ἡ
2580 1810 2758 1913 οἴησις
2793 1810 3266 1910 τῆςδικαιοσύνης
3297 1831 3464 1887 αὑτοῦ
3497 1830 3576 1892 ὡς
3620 1828 3764 1898 ῥάκος

529 1947 747 2002 pannus
799 1940 1156 1987 menstruam
1200 1939 1424 2001 apparet
1476 1932 1534 1986 in
1580 1939 1828 1987 extremo
1881 1932 1991 1999 die,
2045 1942 2107 1988 ut

529 2024 712 2094 inquit
760 2024 1027 2094 propheta
1064 2023 1262 2077 Isaias:
1301 2022 1465 2078 Facta
1500 2034 1576 2077 est
1607 2026 1853 2078 universa
1891 2026 2103 2094 justitia

530 2123 714 2170 nostra
756 2126 1013 2185 tanquam
1041 2131 1245 2185 pannus
1287 2122 1627 2170 menstruam
1650 2118 1690 2169 ³.
1738 2114 2105 2172 Obsecremus

530 2206 698 2278 igitur
730 2208 901 2261 Deum
942 2218 1106 2276 atque
1157 2220 1432 2275 rogemus,
1474 2215 1535 2260 ut
1571 2206 1898 2261 amiciamur
1947 2207 2105 2261 indu-

529 2306 718 2351 mento
746 2295 919 2366 ipsius
944 2296 1217 2360 salutaris,
1246 2295 1479 2350 Domino
1508 2297 1769 2351 nimirum
1798 2297 1925 2353 Jesu
1946 2298 2105 2354 Chri-

529 2399 634 2454 sto,
686 2404 886 2443 arcano
943 2388 1171 2453 lumine,
1221 2404 1387 2458 quem
1434 2398 1711 2459 gestantes
1759 2390 1957 2445 animae
1992 2407 2103 2445 non

526 2493 798 2537 exuentur
820 2482 873 2536 in
895 2482 1190 2547 saeculum;
1220 2482 1317 2537 sed
1349 2482 1403 2536 in
1437 2482 1847 2537 resurrectione
1872 2498 2102 2554 corpora

526 2586 746 2642 quoque
775 2587 966 2627 eorum
1005 2570 1458 2643 gloriﬁcabuntur
1498 2573 1666 2643 gloria
1714 2572 1960 2639 luminis,
1993 2590 2104 2644 quo

526 2662 745 2718 amicta:
791 2678 938 2719 nunc
990 2673 1121 2719 sunt
1182 2663 1370 2718 ﬁdeles
1429 2678 1493 2720 ac
1535 2678 1815 2734 generosae
1876 2665 2100 2732 anima},

525 2755 668 2811 sicut
697 2756 990 2827 Apostolus
1028 2756 1104 2810 ait
1129 2774 1144 2812 :
1178 2754 1280 2821 Qui
1307 2757 1551 2810 emcitavit
1587 2755 1852 2811 Christum
1873 2774 1936 2811 ea:
1958 2775 2102 2811 mor-

525 2852 652 2912 tuis,
693 2849 973 2917 viviﬁcabit
1016 2858 1062 2902 et
1103 2848 1355 2902 mortalia
1394 2863 1616 2918 corpora
1656 2858 1858 2913 nostra,
1890 2860 2104 2920 propter

520 2941 685 3006 ipsius
724 2938 980 3008 Spiritum
1024 2937 1409 2994 inliabitantem
1448 2936 1503 2989 in
1543 2935 1769 2989 nobis“.
1806 2934 1992 2989 Gloria
2032 2935 2106 2989 sit

526 3030 789 3085 ineffabili
830 3031 953 3101 ejus
1000 3027 1342 3084 miserationi
1383 3035 1548 3097 atque
1609 3026 1969 3082 inenarrabili
2002 3027 2103 3081 mi-

523 3121 845 3177 sericordiae
868 3123 1009 3193 ejus.
1041 3145 1049 3153 -

594 3214 684 3270 IV.
725 3215 794 3269 Et
826 3216 1062 3269 iterum:
1093 3210 1546 3279 Quemadmodum
1578 3212 1771 3267 mulier
1801 3215 1946 3284 ﬂuxu
1975 3229 2101 3266 san-

524 3307 699 3376 guinis
741 3305 1013 3369 laborans,
1053 3322 1169 3357 cum
1203 3305 1431 3357 crederet
1469 3303 1733 3371 ﬁdevera,
1763 3311 1811 3357 et
1835 3303 2101 3372 ﬁmbriam

526 3398 823 3456 uestimenti
861 3397 1074 3450 Domini
1124 3395 1531 3465 contingeret“,
1582 3394 1766 3449 statim
1813 3393 2100 3448 sanitatem

525 3497 823 3549 consecuta
854 3496 960 3548 est.
1008 3499 1173 3556 atque
1205 3485 1516 3540 cxsiccatus
1554 3493 1641 3539 est
1677 3484 1856 3538 ﬂuxus
1898 3483 2101 3553 impuri

524 3582 697 3639 t'ontis
728 3579 1044 3652 sanguinis:
1082 3577 1162 3633 sic
1203 3576 1384 3631 omnis
1415 3575 1597 3630 anima
1634 3574 1924 3630 incurabili
1974 3576 2099 3629 vul—

526 3690 659 3731 nere
683 3672 891 3745 peccati
929 3682 1206 3741 percussa,
1239 3683 1303 3723 ac
1333 3666 1481 3722 fonte
1530 3668 1890 3722 obscenarum
1913 3681 2104 3736 prava-

527 3782 758 3837 rumque
820 3765 1219 3836 cogitationum
1292 3762 1523 3828 obruta,
1586 3762 1630 3817 si
1686 3776 1974 3832 progressa
2033 3760 2101 3815 ad

524 3858 806 3912 Christum
835 3856 1116 3926 supplices
1143 3869 1336 3926 preces
1364 3853 1578 3919 fecerit,
1622 3854 1787 3922 eique
1822 3868 1952 3907 vere
1980 3866 2101 3906 cre-

526 3948 749 4013 diderit,
798 3947 1087 4001 sanitatem
1142 3946 1437 4002 salutarem
1463 3944 1820 4014 consequitur
1846 3944 1915 3998 ab
1944 3942 2103 3999 incu-

530 4038 689 4095 rabili
724 4038 875 4095 fonte
907 4037 1282 4103 aﬁ‘ectionum,
1309 4048 1473 4106 atque
1507 4034 1818 4090 exsiccetur
1856 4034 1978 4088 fons
2012 4035 2104 4088 ille

528 4132 813 4196 deﬁciens,
852 4130 954 4201 qui
982 4130 1295 4187 immundas
1324 4127 1684 4200 cogitationes
1706 4127 2103 4199 ejaculabatur,

528 4224 733 4278 virtute
770 4222 945 4277 solius
987 4220 1151 4277 Iesu:
1185 4221 1329 4275 alius
1359 4234 1489 4281 vero
1517 4218 1623 4274 hoc
1664 4218 1865 4273 vulnus
1909 4233 2103 4273 curare

529 4330 761 4387 prorsus
788 4314 1002 4384 nequit.
1048 4313 1279 4367 Tantam
1327 4313 1475 4367 enim
1515 4326 1735 4383 operam
1767 4326 1832 4366 ac
1867 4311 2104 4382 diligen-

532 4407 659 4460 tiam
710 4405 965 4459 adhibuit
1018 4405 1194 4459 hostis
1247 4404 1303 4458 in
1356 4404 1486 4459 Ada:
1540 4405 2001 4475 transgressione,
2045 4410 2105 4458 ut

2205 1934 2634 2005 ἁποκαθημένης
2665 1930 2991 2002 φανεροῦται
3022 1930 3079 1982 ὲν
3118 1930 3185 1997 τῇ
3216 1925 3419 1996 ἐσχάτῃ
3452 1920 3659 1994 ἡμέρᾳ.
3700 1915 3763 1977 ὦς

2205 2044 2369 2097 φησιν
2408 2025 2636 2086 Ἡσαΐας
2666 2025 2694 2077 ὁ
2722 2022 3029 2094 προφήτης,
3058 2016 3344 2088 Ἐγενήθη
3392 2011 3570 2067 πᾶσα
3616 2008 3652 2075 ἠ
3692 2006 3762 2060 ὄι-

2204 2117 2501 2182 καιοσύνη
2554 2112 2722 2184 ἡμῶν
2752 2113 2832 2179 ὠς
2853 2110 3045 2180 ῥάκος
3085 2103 3579 2174 ἁποκαθημένης.
3617 2098 3761 2167 Atti;-

2206 2226 2387 2279 σωμεν
2434 2202 2526 2261 οὖν
2575 2206 2671 2259 καὶ
2713 2203 2994 2275 δεηθῶμεν
3043 2199 3139 2253 τοῦ
3178 2196 3312 2252 Θεοῦ
3347 2192 3676 2258 ἐνδύσασθαι
3714 2188 3764 2242 τδ

2206 2301 2420 2371 ἱμάτιον
2474 2297 2567 2352 τοῦ
2620 2297 2930 2369 σωτηρίου,
2962 2294 3053 2348 τὸν
3092 2292 3297 2364 Κύριον
3349 2288 3513 2361 ἡμῶν
3580 2284 3764 2354 Ἰησοῦν

2202 2391 2436 2462 Χριστὸν
2456 2430 2471 2452 ,
2503 2388 2563 2442 τὸ
2593 2386 2831 2460 ἄρρητον
2862 2385 2999 2456 φῶς,
3030 2384 3089 2437 ὃν
3140 2381 3443 2454 φορέσασαι
3479 2376 3652 2447 ψυχαὶ
3682 2375 3766 2428 οὐκ

2202 2482 2634 2553 ἀποδυθήσονται
2662 2482 2740 2543 είς
2764 2479 2857 2533 τὸν
2882 2478 3055 2531 αἰῶνα
3079 2491 3095 2505 ·
3136 2475 3249 2529 ἀλλ’
3287 2476 3345 2527 ὲν
3376 2474 3450 2544 τῇ
3491 2467 3761 2524 ἀναστάσει

2202 2575 2299 2629 καὶ
2325 2574 2394 2627 τά
2421 2572 2652 2644 σώματα
2693 2572 2872 2625 αὐτῶν
2899 2567 3322 2639 δοξασθὴσονται
3352 2565 3465 2619 ὑπὸ
3503 2563 3602 2633 τῆς
3629 2559 3763 2632 δόξης

2200 2666 2295 2727 τοῦ
2329 2666 2526 2736 φωτὸς,
2563 2657 2624 2719 οῦ
2662 2652 3081 2736 περιϐέϐληνται
3118 2662 3225 2715 ἀπὸ
3254 2660 3349 2715 τοῦ
3383 2659 3483 2712 νῦν
3516 2658 3575 2711 αἱ
3600 2656 3763 2709 πισταὶ

2200 2757 2296 2810 καὶ
2337 2757 2580 2824 εὐγενεῖς
2616 2754 2810 2825 ψυχαὶ,
2842 2753 3024 2817 καθώς
3055 2770 3221 2824 φησιν
3249 2752 3278 2805 ό
3317 2749 3664 2812 ’Διτιεόστολος⁸
3712 2747 3765 2800 '0

2200 2850 2433 2919 ἐγείρας
2466 2848 2724 2916 Χριστὸν
2768 2846 2836 2900 ἐκ
2875 2843 3143 2913 νεκρῶν,
3179 2841 3540 2908 ζωοποιήσει
3573 2840 3667 2893 καί
3706 2839 3766 2892 τὰ

2202 2940 2388 3008 θνητὰ
2428 2939 2673 3009 σώματα
2704 2937 2872 3007 ἡμῶν
2908 2936 3007 2991 διὰ
3030 2936 3137 2989 τοῦ
3174 2934 3566 2999 ἐνοικοῦντος
3601 2930 3763 2985 αὐτοῦ

2202 3034 2550 3103 Πνεύματος
2583 3031 2653 3086 ἐν
2674 3030 2838 3100 ἡμῖν.
2869 3030 3008 3094 Δόξα
3028 3032 3093 3101 τῇ
3126 3028 3351 3101 ἀρρήτῳ
3380 3023 3762 3094 εὐσπλαγχνίᾳ,

2207 3123 2301 3176 καὶ
2329 3123 2407 3195 τῷ
2434 3121 2698 3193 ἁφράστῳ
2728 3120 2867 3172 ἐλέει
2902 3118 3089 3172 αὑτοῦ.

2273 3214 2461 3268 ΔἌΚαῖ¹
2475 3213 2891 3280 πάλιν,”Ωσπερ
2908 3212 2945 3279 ἡ
2965 3208 3366 3279 αἱμορροοῦσα
3377 3206 3537 3277 γυνὴ
3558 3202 3765 3258 πιστεύ-

2203 3322 2371 3362 σασα
2403 3306 2472 3359 ἐν
2516 3305 2788 3371 ἀληθείᾳ,
2837 3302 2933 3357 καί
2968 3300 3246 3373 ἁψαμένη
3280 3298 3387 3353 τοῦ
3434 3294 3765 3366 κρασπέδου

2204 3399 2311 3453 τοῦ
2354 3398 2595 3468 Κυρίου,
2627 3397 2828 3459 εὐθέως
2864 3395 3059 3457 ἰάσεως
3098 3393 3276 3463 ἔτυχε,
3307 3393 3400 3444 καὶ
3438 3388 3763 3460 ἐξηράνθηὴ

2205 3490 2362 3561 ῥύσις
2408 3490 2507 3560 τῆς
2567 3489 2880 3559 ἀκαθάρτου
2937 3487 3121 3557 πηγῆς
3169 3484 3264 3537 τοῦ
3313 3485 3554 3554 αἵματος
3580 3499 3594 3512 ·
3646 3478 3766 3533 οὓτω

2204 3585 2356 3637 πᾶσα
2380 3581 2527 3653 ψυχὴ
2551 3580 2752 3653 ἔχουσα
2780 3580 2840 3634 τὸ
2863 3579 3081 3634 ἀνίατον
3103 3578 3326 3650 τραῦμα
3351 3577 3452 3649 τῆς
3486 3574 3763 3646 ἁμαρτίας,

2203 3676 2305 3745 τὴν
2334 3675 2516 3747 πηγὴν
2546 3675 2655 3728 τῶν
2699 3673 3027 3744 ἀκαθάρτων
3068 3672 3164 3726 καὶ
3196 3670 3453 3741 πονηρῶν
3484 3666 3761 3738 λογισμῶν,

2203 3768 2299 3821 ἐὰν
2330 3766 2603 3840 προσέλθῃ
2640 3764 2717 3836 τῷ
2751 3764 2971 3837 Χριστῷ
2992 3805 3007 3831 ,
3036 3764 3131 3818 καὶ
3157 3763 3320 3834 δεηθῇ
3352 3761 3692 3815 πιστεύσασα
3718 3760 3766 3811 ἐν

2203 3858 2453 3930 ἀληθείᾳ,
2492 3859 2689 3921 ἰάσεως
2724 3857 2995 3929 σωτηρίου
3029 3857 3288 3927 τυγχάνει
3328 3856 3398 3909 ὲκ
3433 3856 3540 3925 τῆς
3566 3853 3765 3908 ἀνιάτου

2203 3951 2388 4022 πηγῆς
2432 3948 2542 4003 τῶν
2596 3948 2816 4016 παθῶν,
2874 3949 2967 4002 καὶ
3014 3948 3328 4019 ξηραίνεται
3373 3946 3699 4000 ἐκλείπουσα
3737 3942 3766 4010 ἠ

2204 4043 2357 4114 πηγὴ
2387 4042 2594 4113 ἐκείνη,
2617 4044 2651 4114 ἠ
2680 4042 2806 4105 τοὺς
2829 4040 3174 4112 ἀκαθάρτους
3197 4040 3499 4109 λογισμοὺς
3527 4037 3764 4109 βρύουσα,

2202 4136 2291 4191 διὰ
2311 4136 2411 4207 τῆς
2443 4136 2727 4206 δυνάμεως
2774 4134 2951 4205 Ἰησοῦ
2976 4135 3148 4205 μόνου
3170 4150 3184 4165 ·
3225 4132 3369 4203 άλλῳ
3396 4133 3457 4186 δέ
3492 4150 3599 4186 τινι
3635 4132 3764 4184 ἰάσαο

2206 4231 2333 4283 σθαι
2364 4228 2426 4283 τὸ
2452 4228 2674 4299 τραῦμα
2707 4228 2865 4282 τοῦτο
2899 4227 3179 4283 ἀδύνατον.
3215 4226 3403 4289 Οὕτως
3442 4226 3557 4295 γάρ
3596 4224 3766 4291 ἑπτή-

2203 4321 2392 4377 δευσεν
2428 4324 2455 4376 ὁ
2484 4320 2677 4393 ἐχθρὸς
2706 4322 2764 4374 ἐν
2793 4322 2857 4392 τῇ
2893 4319 2985 4373 τοῦ
3036 4319 3209 4389 Ἀδὰμ
3260 4318 3601 4389 παραϐάσει,
3644 4316 3763 4369 ὥστε

2206 4414 2578 4487 τραυματίσαι
2629 4415 2723 4468 καὶ
2756 4414 3000 4467 σκοτίσαι
3049 4413 3140 4466 τὸν
3187 4412 3294 4465 ἔσω
3340 4410 3664 4483 ἄνθρωπον,
3690 4408 3764 4459 τὸν

527 4496 847 4551 vulneraret
873 4509 937 4548 ac
977 4494 1217 4549 tenebris
1240 4493 1554 4548 oﬁ'underet
1578 4493 1896 4549 interiorem
1926 4492 2103 4549 homi-

2207 4508 2451 4580 ἡγεμόνα
2484 4506 2610 4561 νοῦν
2638 4508 2730 4571 τὴν
2761 4508 2971 4581 ὁρῶντα
3003 4508 3157 4562 Θεόν.
3186 4507 3485 4576 Διέόλεψαν
3522 4505 3699 4560 λοιπόν
3723 4502 3764 4555 oi.

527 4603 690 4651 nem,
756 4594 1000 4642 mentem
1056 4587 1317 4641 nimirum
1386 4584 1584 4640 ducem
1645 4582 1918 4651 hominis,
1981 4601 2103 4655 quae

528 4684 702 4737 Deum
755 4680 1092 4735 intuebatur.
1147 4679 1529 4749 Respexerunt
1579 4693 1709 4749 ergo
1754 4678 2101 4749 postmodum

528 4774 676 4828 oculi
718 4773 839 4844 ejus
870 4770 945 4825 ad.
982 4769 1115 4824 vitia
1156 4778 1213 4825 et
1243 4769 1584 4837 adfectiones,
1615 4769 1838 4825 a'bonis
1866 4770 2104 4826 cmlesti-

528 4867 633 4922 bus
664 4864 892 4922 exclusi.

594 4956 706 5029 85
737 4958 804 5013 ν.
849 4955 1043 5011 Tantis
1084 4954 1253 5027 igitur
1289 4953 1613 5009 vulneribus
1646 4952 1877 5009 aﬂ'cctus
1904 4965 2009 5017 est,
2044 4962 2105 5029 ut

526 5028 733 5106 nemini
764 5049 952 5104 datum
997 5040 1070 5103 sit
1112 5056 1176 5103 ea
1209 5061 1435 5111 curare,
1458 5044 1569 5099 nisi
1591 5045 1691 5100 soli
1728 5045 1982 5107 Domino,
2014 5028 2102 5099 cui

528 5142 630 5197 soli
649 5141 910 5212 possibile
927 5148 1031 5196 est.
1055 5141 1174 5210 Ipse
1195 5139 1342 5194 enim
1373 5138 1621 5203 veniens,
1642 5136 1866 5192 Sustulit
1886 5145 2100 5207 peccata

530 5233 715 5287 mundi
731 5234 796 5297 ι’,
829 5233 936 5287 hoc
966 5230 1073 5297 est,
1110 5232 1388 5301 impurum
1437 5229 1591 5283 illum
1644 5229 1849 5283 fontem
1894 5228 2101 5300 eogita-

529 5325 741 5379 tionum
799 5325 995 5378 anima:
1054 5322 1369 5379 exsiccavit.
1428 5319 1900 5387 Quemadmodum
1956 5323 2103 5376 enim

527 5416 638 5479 illa,
669 5431 791 5486 qua:
821 5415 1103 5486 sanguinis
1134 5414 1406 5485 proﬂuvio
1432 5404 1738 5477 laborabat,
1764 5401 1888 5467 cum
1917 5414 2101 5468 omnia

526 5524 627 5563 sua
652 5510 798 5564 bona
826 5509 882 5564 in
912 5508 1163 5563 medicos
1199 5505 1562 5577 impendisset
1583 5506 1649 5572 ι’,
1682 5521 1712 5559 a
1741 5506 1893 5560 nullo
1919 5514 2099 5560 tamen

525 5614 721 5655 eorum
760 5610 953 5656 curata
987 5600 1105 5666 est;
1134 5599 1312 5655 donec
1345 5592 1635 5673 progressa
1682 5590 1747 5653 ad
1784 5598 2098 5665 Dominum,

2207 4598 2478 4669 ὀφθαλμοὶ
2503 4598 2666 4652 αὐτοῦ
2698 4600 2778 4664 είς
2813 4599 2882 4654 τά
2909 4599 3056 4654 κακά
3088 4603 3182 4653 καὶ
3207 4599 3276 4653 τὰ
3309 4598 3463 4671 πάθη
3482 4640 3498 4664 ,
3527 4596 3761 4653 ἀποκλει-

2213 4690 2443 4771 σθέντες
2472 4691 2589 4768 τῶν
2608 4692 2948 4766 ἐπουρανίων
2974 4692 3217 4763 ἀγαθῶν.

2278 4960 2357 5012 E’.
2395 4957 2581 5027 Οῦτως
2625 4954 2719 5035 οῦν
2764 4958 3199 5031 ὲτραυματίσθη,
3248 4959 3394 5014 ὥστε
3449 4960 3637 5033 μηδενὶ
3684 4962 3758 5013 δυ-

2209 5053 2371 5106 νατὸν
2404 5040 2544 5105 εἶναι
2580 5051 2858 5116 ἰάσασθαι,
2892 5052 2939 5105 εἰ
2971 5051 3046 5124 μὴ
3087 5053 3234 5125 μόνῳ
3256 5053 3335 5123 τῷ
3365 5055 3577 5126 Κυρίῳ,
3612 5053 3759 5121 τούτῳ

2215 5144 2360 5214 μόνῳ
2409 5142 2633 5197 δυνατόν
2672 5136 2852 5198 ἐστιν.
2898 5138 3070 5208 Αὐτὸς
3128 5145 3237 5217 γὰρ
3268 5145 3459 5212 ἐλθὼν,
3491 5142 3629 5214 Ἦρε
3665 5145 3762 5210 τὴν

2207 5233 2505 5303 ἁμαρτίαν
2559 5229 2665 5285 τοῦ
2703 5226 2961 5301 κόσμου,
3010 5226 3283 5299 τουτέστι,
3327 5233 3426 5304 τὴν
3476 5234 3758 5301 ἀκάθαρτον

2212 5322 2395 5395 πηγὴν
2421 5318 2529 5375 τῶν
2550 5320 2918 5397 διαλογισμῶν
2939 5324 3039 5391 τῆς
3065 5323 3241 5394 ψυχῆς
3265 5325 3547 5396 ἐξήρανεν.
3576 5325 3761 5391 Ὠσπερ

2210 5414 2317 5485 γὰρ
2349 5413 2532 5484 ἐκείνη
2566 5415 2599 5483 ἡ
2640 5412 3010 5484 αἱμορροοῦσα
3042 5408 3220 5468 πάντα
3262 5416 3331 5468 τὰ
3382 5416 3579 5485 ἑαυτῆς
3609 5414 3757 5467 διαπτ-

2209 5508 2421 5578 νήσασα
2473 5508 2586 5571 τοῖς
2638 5504 2922 5575 ἰατρεῦσαι
2990 5506 3330 5581 δυναμένοις,
3385 5508 3518 5578 παρ’
3570 5506 3757 5563 οὐδενὸς

2208 5597 2557 5669 ἐθεραπεύθη
2586 5586 2810 5666 τούτων,
2847 5592 2951 5662 ἕως
2980 5592 3040 5654 οὗ
3078 5592 3417 5672 προσήξγγισε
3449 5590 3528 5670 τῷ
3565 5598 3753 5669 Κυρὲῳ,

598 5774 780 5835 ‘Gen.
808 5794 893 5843 ιιι,
925 5777 972 5831 7.
1052 5780 1071 5809 ε’
1104 5779 1207 5834 lsa.
1250 5796 1391 5845 thv,
1432 5780 1487 5835 6.
1564 5782 1604 5812 “‘
1637 5781 1794 5857 Rom.
1836 5797 1949 5845 vni,
1997 5779 2074 5832 ll.

2252 5778 2441 5835 Matth.
2486 5797 2562 5857 rx,
2598 5781 2686 5837 20.
2769 5784 2809 5816 η
2852 5783 3010 5840 Joan.
3042 5798 3078 5855 r,
3118 5786 3210 5842 9.0.
3257 5786 3296 5818 ’³
3330 5784 3513 5863 Matth.
3568 5799 3635 5846 rx,
