3966 6530
195 286 298 354 653

1419 300 1787 372 IIOMILIIE.
1810 331 1885 354 r-r-
1905 306 2090 369 ΙΙΟΪιΙ.
2133 311 2260 372 X‘X.

3353 318 3458 389 654

199 400 530 458 πιστεύσασα
555 402 614 457 ἐν
643 403 894 480 ἀληθείᾳ,
929 410 1023 464 καὶ
1046 412 1302 487 ἁψαμένη
1331 415 1426 470 τοῦ
1453 419 1765 488 κρασπέδου

1875 431 1929 476 et
1969 423 2201 481 credens
2236 425 2288 481 in
2327 426 2577 498 veritate,
2612 431 2794 504 tetigit
2829 433 3101 490 ﬁmbriam
3146 438 3457 495 vestimenti

194 493 376 560 αὑτοῦ,
405 495 501 550 καὶ
557 494 733 562 οὕτως
765 500 970 566 εὐθέως
1019 502 1218 576 ᾔσθετο
1254 508 1353 578 τῆς
1405 510 1600 576 ίοὶσεως
1625 529 1639 545 ο
1674 514 1772 566 καὶ

196 588 320 658 ἔστη
350 588 384 659 ἡ
421 587 578 657 ῥύσις
615 589 711 644 τοῦ
755 592 1024 664 αἵματος·
1057 595 1202 651 οὕτω
1231 598 1331 670 τὴν
1380 601 1560 674 ψυχὴν
1601 587 1768 676 τραυ-

196 679 544 751 ματισθεζσαν
595 682 656 749 ἐξ
685 685 859 757 ἀρχῆς
894 687 1119 759 τραῦμα
1172 692 1392 747 ἀνίατον
1441 695 1641 754 παθῶν,
1671 715 1772 752 καμ-

193 769 329 833 κίας.
356 769 531 836 οὐδεὶς
562 771 965 841 ούτεσδικαίων,
1006 777 1130 832 οὔτε
1172 781 1452 852 Πατέρων,
1481 783 1605 840 οὔτε
1635 805 1766 858 προ-

193 861 398 931 φητῶν,
434 861 558 917 οὔτε
586 868 943 940 πατριαρχῶν
971 870 1161 942 ἴσχυσε
1195 871 1557 946 θεραπεῦσαι.

259 1036 351 1115 ς’.
405 1041 647 1114 Μωῦσῆς
693 1038 882 1114 ἦλθεν,
915 1045 1031 1109 ἀλλ’
1064 1048 1166 1102 ούκ
1191 1049 1431 1124 ἠδυνήθη
1457 1053 1603 1108 ἴασιν
1631 1072 1771 1110 παν-

190 1128 316 1202 τελῆ
349 1129 572 1184 δοῦναιο
619 1133 806 1202 ἱερεῖς,
838 1134 1011 1208 δῶρα,
1066 1137 1536 1211 ἀποδεκατώσεις,
1562 1146 1771 1202 σαϐϐα-

189 1224 402 1296 τισμοὶσ-
450 1226 757 1298 νεομηνίαι,
794 1227 1166 1302 βαπτίσματα,
1203 1233 1409 1300 θυσίαι,
1465 1237 1774 1294 ὁλοκαυτώ-

193 1332 324 1384 σεις,
357 1317 453 1372 καὶ
487 1320 636 1376 πᾶσα
669 1321 704 1391 ή
733 1320 897 1394 λοιπὴ
928 1322 1246 1397 δικαιοσύνη
1271 1327 1580 1391 ἐπετελεῖτο
1607 1332 1666 1384 ἐν
1693 1331 1773 1404 τῷ

191 1407 360 1479 νόμῳ,
398 1408 494 1464 καὶ
524 1410 558 1480 ή
592 1408 745 1489 ψυχὴ
774 1411 996 1483 ἰαθῆναι
1033 1413 1142 1476 ἀπὸ
1184 1414 1284 1486 τῆς
1325 1417 1637 1489 ἀκαθάρτου
1673 1419 1772 1489 ρύο

191 1517 328 1564 σεως
360 1501 472 1556 τῶν
522 1502 710 1556 κακῶν
748 1503 1029 1576 λογισμῶν
1056 1507 1159 1561 οὐκ
1191 1508 1456 1580 ἠδυνήθη,
1488 1511 1584 1564 κα)⁸
1620 1514 1774 1569 πᾶσα

188 1595 221 1663 ή
251 1593 567 1667 δικαιοσύνη
607 1596 780 1666 αὐτῆς
811 1597 1157 1670 θεραπεῦσαι
1184 1602 1349 1656 αὑτὸν
1380 1604 1480 1657 ούκ
1527 1605 1770 1676 ἰσχυσεν,

188 1684 292 1749 ἕως
323 1678 388 1738 06
418 1681 582 1758 ἦλθεν
610 1689 639 1740 6
663 1687 854 1760 Σωτὴρ
892 1690 921 1743 6
969 1689 1222 1761 ἀληθινὸς
1256 1693 1469 1764 ἰατρὸς,
1502 1695 1532 1747 6
1565 1695 1774 1767 δωρεὰν

191 1775 441 1848 ίώμενος,
488 1779 518 1832 6
551 1778 743 1844 έαυτὺς
770 1779 913 1852 ὑπὲρ
935 1780 1032 1835 τοῦ
1076 1783 1266 1852 γένους
1307 1787 1417 1841 τῶν
1465 1786 1771 1860 ἀνθρώπων

188 1870 387 1943 λύτρον
413 1871 558 1938 δούς.
586 1873 761 1936 Αὐτὸς
786 1875 948 1946 μόνος
976 1874 1076 1947 τὴν
1109 1878 1355 1949 μεγάλην
1379 1880 1474 1933 καὶ
1505 1883 1770 1952 σωτήριον

187 1960 457 2034 λύτρωσιν
508 1965 602 2018 καὶ
655 1964 801 2019 ἴασιν
863 1966 968 2036 τῆς
1021 1967 1202 2039 ψυχῆς
1258 1970 1550 2038 ἐποίησεν·
1605 1973 1771 2038 αὐτὸς

185 2057 561 2128 ἠλευθέρωσεν
591 2059 764 2132 αὐτὴν
812 2061 876 2114 ἐκ
909 2062 1008 2134 τῆς
1046 2062 1312 2132 δουλείας,
1363 2068 1459 2120 καὶ
1495 2065 1770 2140 ἐξήγαγεν

187 2148 358 2221 αὐτὴν
391 2151 455 2204 ἐκ
490 2150 734 2217 σκοτίας,
769 2152 884 2226 ἰδίῳ
916 2155 1056 2224 φωτὶ
1095 2155 1327 2221 δοξάσας
1364 2159 1570 2232 αὐτήνο
1606 2162 1771 2226 αὐτὸς

183 2241 415 2312 ἐξήρανε
465 2243 566 2316 τὴν
601 2245 659 2298 ἐν
697 2246 835 2319 αὐτῇ
885 2249 1074 2321 πηγὴν
1117 2249 1227 2304 τῶν
1254 2251 1581 2324 ἀκαθάρτων
1622 2254 1770 2324 λογι-

185 2331 333 2403 σμῶν
355 2349 374 2367 ο
405 2333 550 2390 ἰδοὺ
571 2336 702 2406 γὰρ,
725 2339 912 2410 φησιν,
940 2343 973 2395 o'
988 2341 1195 2411 Ἀμνὸς
1217 2343 1324 2398 τοῦ
1341 2345 1510 2414 Θεοῦ,
1527 2349 1560 2402 ό
1585 2347 1770 2418 αῖρων

184 2423 296 2495 τὴν
320 2427 621 2497 ἁμαρτίαν
657 2430 763 2486 τοῦ
788 2434 1045 2503 κόσμου.

251 2519 333 2611 Ζ’.λ
379 2520 456 2574 Οὐ
501 2521 612 2594 γὰρ
641 2521 876 2594 ἠδύνατο
928 2525 996 2580 τὰ
1046 2527 1155 2582 ἴδια
1200 2530 1268 2584 ἐκ
1319 2532 1423 2605 γῆς
1477 2534 1768 2611 φάρμακα,

181 2609 435 2665 τουτέστι
482 2611 549 2666 τὰ
589 2613 794 2686 ἑαυτῆς
818 2615 1169 2690 δικαιώματα
1222 2621 1386 2692 μόνον
1430 2609 1770 2697 θεραπεῦσαι

183 2704 277 2759 καὶ
327 2704 589 2760 ίάσασθαι
648 2707 820 2781 αὐτὴν
881 2711 946 2764 ἐκ
991 2711 1093 2781 τῆς
1144 2714 1478 2788 τηλικαύτης
1533 2720 1768 2791 ἀοράτου

183 2795 422 2868 πληγῆς,
455 2797 594 2853 ἀλλὰ
641 2799 729 2854 διὰ
778 2801 880 2873 τῆς
925 2803 1182 2874 οὐρανίου
1230 2807 1326 2862 καὶ
1370 2807 1520 2874 θείας
1553 2810 1770 2880 φύσεως

181 2891 278 2960 τῆς
297 2891 512 2966 δωρεᾶς
533 2893 630 2947 τοῦ
659 2894 819 2964 ἁγίου
849 2897 1190 2970 Πνεύματος,
1221 2901 1311 2955 διὰ
1328 2902 1521 2957 τούτου
1549 2905 1770 2976 φαρμᾲο

183 3000 278 3038 κου
316 2985 484 3055 μόνου
526 2986 768 3060 ἠδυνήθη
813 2987 1010 3055 ἰάσεως
1037 2995 1224 3063 τυχεῖν
1252 2994 1281 3047 6
1329 2995 1636 3068 ἄνθρωπος,
1674 2998 1770 3051 καὶ

1799 1767 1847 1828 Β

1873 515 2023 591 ejus;
2077 526 2134 572 et
2183 519 2263 574 sic
2310 536 2434 577 mox
2483 525 2773 594 sanitatem
2826 541 2886 583 se
2935 539 3284 596 consecutam
3333 546 3461 586 esse

1875 608 2069 673 sensit,
2109 625 2174 666 ac
2211 613 2366 668 stetit
2399 615 2732 684 proﬂuvium
2771 619 3093 691 sanguinis:
3127 621 3208 675 sic
3239 637 3461 692 quoque

1873 699 2111 755 animam
2170 705 2470 760 sauciatam
2539 709 2609 763 ab
2670 709 2829 765 initio
2886 711 3115 767 vulnere
3169 711 3461 775 incurabili

1873 790 2198 871 vitiosarum
2235 795 2614 863 aii‘ectionum,
2649 800 2836 866 nullus
2879 817 2985 857 nec
3022 802 3317 879 iustorum,
3356 819 3462 858 nec

1874 881 2132 952 Patrum,
2207 903 2310 942 nec
2363 890 2793 960 prophetarum,
2863 909 2966 950 nec
3025 895 3463 973 patriarcharum

1873 989 2069 1032 curare
2119 980 2320 1049 potuit.

1946 1065 2036 1120 Vl.
2069 1066 2249 1123 Moses
2268 1069 2491 1138 quidem
2525 1071 2698 1139 venit,
2721 1073 3133 1130 sedsanitatem
3164 1076 3463 1148 perfectam

1873 1156 2128 1214 conferre
2177 1162 2444 1230 nequivit.
2500 1155 2857 1232 Sacerdotes,
2903 1183 3169 1235 munera,
3216 1169 3460 1225 decimae

1875 1251 2075 1316 tiones,
2120 1251 2465 1319 sabbatismi,
2503 1257 2830 1322 neomeniae,
2873 1259 3206 1326 ablutiones,
3250 1261 3463 1317 sacriﬁ-

1875 1345 1981 1422 cia,
2009 1345 2350 1412 holocausta,
2374 1355 2432 1402 et
2457 1348 2713 1404 universa
2739 1350 2949 1421 reliqua
2967 1352 3181 1421 justitia
3206 1369 3467 1410 consum-

1875 1438 2132 1493 mabatur
2159 1437 2215 1493 in
2245 1438 2398 1509 lege;
2447 1456 2551 1495 nec
2597 1449 2780 1496 tamen
2812 1443 2993 1498 anima
3023 1446 3207 1500 sanari
3246 1461 3312 1500 ac
3358 1463 3463 1516 pu-

1877 1530 2078 1586 riﬁcari
2132 1529 2201 1586 ab
2251 1530 2471 1601 impuro
2519 1530 2669 1587 ﬂuxu
2717 1549 3012 1604 pravarum
3067 1535 3465 1606 cogitationum

1877 1623 2091 1695 potuit;
2143 1640 2248 1681 nec
2298 1622 2557 1679 universa
2607 1625 2821 1696 justitia
2870 1628 2992 1698 ejus
3031 1642 3231 1684 curare
3283 1629 3464 1699 ipsum

1885 1715 2080 1781 valuit,
2108 1714 2287 1770 donec
2332 1714 2483 1770 venit
2533 1714 2809 1782 Salvator,
2844 1733 3012 1773 verus
3041 1717 3314 1784 medicus,
3367 1722 3464 1791 qui

1873 1808 2046 1880 gratis
2069 1816 2264 1864 sanat:
2301 1808 2396 1879 qui
2437 1823 2499 1864 se
2538 1810 2719 1880 ipsum
2751 1827 2852 1882 pro
2882 1813 3124 1868 humano
3163 1829 3365 1886 genere
3406 1815 3464 1870 in

1873 1900 2116 1970 pretium
2153 1900 2553 1972 redemptionis
2599 1903 2842 1971 tradens,
2879 1906 3030 1965 solus
3062 1906 3180 1976 ipse
3211 1924 3464 1980 magnam

1873 1998 1927 2045 et
1975 1991 2271 2045 salutarem
2327 1992 2766 2062 redemptionem
2813 2011 2880 2051 ac
2929 1997 3223 2054 sanitatem
3267 2000 3466 2057 animae

1872 2090 2135 2152 operatus
2181 2093 2284 2139 cst.
2327 2084 2446 2155 ipse
2500 2086 2758 2141 liberavit
2806 2103 2926 2142 eam
2976 2104 3008 2144 a
3063 2091 3356 2158 servitute,
3409 2101 3466 2147 et

1872 2171 2062 2226 eduxit
2088 2189 2208 2236 eam
2236 2190 2303 2238 ex
2329 2175 2596 2241 tenebris,
2629 2192 2730 2231 suo
2753 2176 2964 2234 lumine
2995 2194 3116 2234 eam
3140 2180 3462 2237 illustrans:

1872 2261 1990 2343 ipse
2016 2265 2314 2320 exsiccavit
2355 2265 2411 2320 in
2461 2281 2522 2320 ea
2555 2265 2762 2322 fontem
2791 2267 3202 2324 immundarum
3247 2271 3463 2342 cogita.-

1879 2356 2129 2411 tionum:
2181 2356 2315 2412 Ecce
2355 2358 2518 2424 enim,
2557 2358 2765 2430 inquit,
2795 2359 2979 2430 Agnus
3025 2359 3146 2428 Dei,
3181 2363 3274 2433 qui
3324 2361 3469 2420 tollit

1873 2459 2086 2521 peccata
2127 2450 2311 2504 mundi
2334 2449 2398 2504 “.

1944 2541 2055 2597 νη.
2095 2541 2216 2597 Non
2259 2541 2407 2597 enim
2456 2551 2762 2614 potuerunt
2797 2552 3018 2601 terrena
3058 2545 3180 2618 ejus
3217 2546 3464 2609 medica-

1871 2639 2076 2699 menta,
2118 2633 2225 2688 hoc
2267 2640 2350 2688 est
2371 2633 2799 2708 jiustiiicationes
2836 2635 2966 2706 ejus,
2996 2635 3149 2703 solm,
3185 2652 3382 2694 curare
3405 2646 3465 2694 et

1871 2738 2068 2778 sanare
2122 2723 2270 2790 illam
2301 2741 2332 2780 a
2364 2733 2514 2782 tanta
2546 2726 2811 2790 invisibili
2843 2729 2999 2800 plaga
3025 2745 3039 2784 :
3074 2729 3172 2786 sed
3213 2731 3464 2788 ccelestis

1870 2827 1928 2882 et
1957 2817 2161 2873 divina:
2188 2827 2403 2881 natura:
2431 2819 2727 2887 beneﬁcio,
2764 2821 2894 2877 doni
2922 2822 3188 2878 nimirum
3221 2809 3464 2894 Spiritus

1871 2907 2070 2973 sancti,
2125 2907 2290 2988 hujus
2336 2909 2726 2968 medicamenti
2761 2912 2934 2968 solius
2970 2928 3076 2985 ope
3104 2916 3284 2985 potuit
3315 2915 3474 2972 sani:

1872 3009 2042 3056 tatem
2098 3002 2363 3073 consequi
2420 3003 2617 3070 homo,
2673 3014 2730 3061 et
2779 3006 2848 3061 ad
2900 3006 3070 3062 vitam
3132 3008 3468 3078 pervenire,L

183 3074 325 3146 ζωῆς
354 3077 668 3147 ἐφικέσθαι,
715 3079 1075 3151 καθαρισθεὶς
1128 3085 1233 3151 ὑπὸ
1263 3084 1354 3139 τοῦ
1392 3087 1553 3156 ἁγίου
1595 3088 1767 3142 Πνεύ-

1875 3093 2160 3166 puriticato
2191 3095 2358 3151 corde
2381 3112 2412 3151 a
2434 3096 2642 3166 Spiritu
2668 3108 2881 3154 sancto.
2916 3074 3213 3166 Caeterum,
3262 3117 3462 3172 quem-

186 3185 353 3238 ματος
387 3168 488 3242 τήν
533 3171 780 3243 καρδίαν.
825 3173 988 3241 Ἀλλ’,
1021 3175 1212 3249 ὥσπερ
1241 3179 1359 3233 ἐκεῖ
1399 3180 1433 3251 ή
1479 3180 1616 3252 γυνὴ
1663 3179 1766 3246 κᾶν

187 3261 404 3333 ίαθῆναι
419 3263 520 3318 οὐκ
553 3264 818 3338 ἠδυνήθη,
855 3269 950 3322 καλ
981 3270 1448 3342 τετραυματιστο,
1483 3272 1599 3327 ἀλλ’
1617 3276 1770 3347 ὅμως

185 3355 348 3419 πόδας
382 3352 498 3428 εἶχε
531 3356 628 3412 τοῦ
657 3359 836 3413 ἐλθεῖν
875 3361 1014 3433 πρὸς
1043 3363 1136 3417 τὸν
1168 3364 1394 3436 Κύριον,
1415 3368 1510 3422 καὶ
1537 3367 1770 3437 ἐλθοῦσα

184 3451 369 3519 τυχεῖν
423 3450 654 3515 ίάσεως⁶
690 3453 894 3524 ὁμοίως
938 3457 1034 3510 καὶ
1060 3456 1095 3508 6
1129 3458 1332 3528 τυφλὸς
1385 3461 1615 3530 ἐκεῖνος,
1666 3464 1769 3518 κᾶν

190 3541 496 3612 ὑπερϐῆναι
517 3543 617 3596 οὐκ
644 3543 895 3615 ἠδύνατο,
931 3548 1026 3601 καὶ
1063 3549 1240 3603 ἐλθεῖν
1272 3551 1410 3623 πρὸς
1443 3553 1537 3609 τὸν
1562 3553 1777 3628 Κύριον,

187 3633 270 3687 διὰ
303 3635 368 3689 τὺ
397 3635 470 3708 μὴ
497 3636 740 3708 βλέπειν,
759 3638 876 3694 ἀλλ’
903 3641 1166 3714 ὀξυτέραν
1199 3645 1452 3716 ἀγγέλων
1478 3647 1770 3705 ἀπέστειλε

183 3727 280 3799 τήν
322 3729 533 3802 φωνήν.
569 3731 766 3801 Ἔλεγε
799 3731 928 3804 γὰρ,
987 3735 1083 3790 Υἱὲ
1117 3737 1313 3805 Δαϐίδ,
1353 3740 1619 3810 ἐλέησόν
1660 3760 1766 3815 με’

183 3821 275 3874 καὶ
308 3819 458 3875 οὕτω
522 3824 841 3892 πιστεύσας,
885 3827 1083 3894 ίάσεως
1115 3829 1335 3907 ἔτυχεν,
1376 3833 1621 3901 ἐλθόντος
1673 3837 1770 3892 τοῦ

183 3913 393 3986 Κυρίου
427 3915 564 3988 πρὸς
613 3917 778 3973 αὑτὸν
826 3920 922 3974 καὶ
950 3919 1234 3993 διαϐλέψαι
1267 3926 1640 3997 ποιήσαντος,“
1674 3929 1769 3984 06-

179 4023 286 4072 τως
314 4008 414 4062 καὶ
443 4011 475 4080 ή
506 4009 678 4081 ψυχή,
732 4011 836 4066 κᾶν
867 4015 1329 4086 τετραυμάτισται
1359 4019 1644 4091 τραύμασι,
1667 4039 1771 4078 πα-

181 4097 288 4155 θῶν
320 4102 572 4173 ἀτιμίας,
609 4106 711 4159 κᾶν
746 4107 1084 4176 τετύφλωται
1120 4111 1226 4164 ὑπὸ
1263 4112 1363 4180 τοῦ.
1418 4117 1642 4184 σκότους
1670 4120 1771 4190 τῆς

179 4191 482 4262 ἁμαρτίας,
541 4194 657 4248 ἀλλ’
715 4197 865 4267 ὅμως
906 4198 1022 4269 ἔχει
1057 4201 1273 4273 θέλημα
1302 4203 1400 4257 τοῦ
1428 4204 1626 4278 βοῆσαι
1675 4211 1770 4264 καὶ

179 4284 415 4340 καλέσαι
455 4285 681 4358 Ἰησοῦν,
727 4288 815 4344 ἵνα
854 4290 1018 4358 αὐτὸς
1049 4292 1221 4348 ἐλθὼν
1250 4294 1518 4368 λύτρωσιν
1551 4299 1769 4358 αἰώνιον

176 4378 382 4450 ποιήσῃ
416 4380 482 4450 τῇ
516 4379 685 4452 ψυχῇο
797 4379 809 4393 “

1870 3187 2168 3243 admodum
2220 3188 2296 3243 ibi
2357 3189 2578 3256 mulier,
2628 3193 2880 3262 quamvis
2913 3194 3226 3260 vulnerata,
3277 3194 3469 3253 curari.

1869 3297 1981 3336 non
2020 3290 2275 3350 poterat;
2326 3282 2692 3340 nihilominus
2729 3285 2902 3356 pedes
2952 3287 3212 3349 habebat.
3257 3289 3462 3357 quibus

1871 3373 2164 3429 accederet
2207 3373 2276 3428 ad
2339 3375 2667 3442 Dominum,
2727 3387 2786 3434 et
2831 3379 3062 3435 veniens
3117 3380 3461 3441 sanationem

1871 3475 2338 3535 consequeretur:
2387 3467 2578 3523 itidem
2619 3477 2676 3524 et
2723 3484 2906 3526 caecus
2955 3470 3068 3535 ille,
3101 3471 3355 3542 quamvis
3377 3472 3472 3528 in-.

1870 3555 2067 3612 cedere
2092 3572 2202 3612 non
2232 3565 2470 3628 poterat,
2496 3567 2552 3614 et
2579 3559 2770 3616 venire
2795 3561 2863 3615 ad
2891 3561 3191 3623 Dominum
3218 3577 3287 3618 eo
3311 3564 3471 3633 quod:

1871 3652 1994 3709 visu
2029 3652 2451 3720 destitueretur,
2484 3655 2788 3712 acutiorem
2823 3667 3006 3714 tamen
3033 3658 3246 3729 angelis
3275 3658 3473 3714 emisit-

1870 3760 2082 3802 vocem.
2109 3746 2306 3811 Aiebat
2335 3749 2482 3802 enim
2506 3765 2519 3802 :
2548 3747 2648 3803 Fili
2666 3748 2864 3813 David,
2895 3751 3146 3804 miserere
3176 3752 3278 3805 mei
3299 3752 3378 3806 "z
3404 3761 3464 3806 et

1873 3837 1946 3892 ita
1981 3837 2237 3904 credens,
2273 3839 2565 3895 sanitatem
2590 3849 2922 3902 consecutus
2963 3850 3069 3908 est,
3107 3842 3364 3898 veniente
3387 3844 3458 3897 ad

1872 3929 2027 3985 illum
2059 3929 2314 3995 Domino,
2343 3929 2508 4001 eique
2539 3931 2719 3988 visum
2748 3933 3071 3986 restituente
3097 3950 3112 3985 :
3137 3931 3216 3986 sic
3237 3945 3464 4000 quoque

1872 4021 2076 4088 anima,
2120 4022 2375 4093 quamvis
2410 4023 2658 4078 sauciata
2691 4023 2762 4079 sit
2791 4023 3282 4094 ignominiosarum
3327 4023 3462 4079 aﬂ’e—

1871 4114 2118 4170 ctionum
2146 4114 2490 4182 vulneribus,
2513 4115 2768 4186 quamvis
2797 4115 3078 4178 obcaecata
3110 4115 3182 4171 sit
3210 4115 3470 4172 tenebris

1871 4206 2108 4278 peccati,
2136 4206 2503 4262 nihilominus
2531 4205 2702 4262 habet
2728 4207 3072 4269 voluntatem
3099 4207 3370 4264 clamandi
3401 4216 3461 4264 et

1872 4297 2171 4353 invocandi
2199 4297 2411 4364 Iesum,
2446 4305 2507 4353 ut
2541 4297 2660 4368 ipse
2690 4298 2920 4354 veniens
2946 4306 3210 4360 aeternam
3238 4298 3459 4360 redem-

1871 4392 2116 4463 ptionem
2142 4391 2338 4446 anima:
2360 4398 2640 4461 procuret.

243 4469 332 4524 Il'.
363 4471 584 4543 Ὠσπερ
631 4471 740 4545 γὰρ
771 4474 981 4540 ἐκεῖνος
1004 4476 1032 4530 6
1059 4476 1281 4548 τυφλὸς,
1321 4481 1370 4535 εί
1419 4481 1496 4555 μὴ
1547 4483 1764 4558 ἐϐόησε,

1945 4483 2080 4539 Vlll.
2115 4481 2595 4549 Quemadmodum
2645 4481 2798 4538 enim
2840 4498 3024 4539 caecus
3049 4481 3165 4549 ille,
3197 4482 3459 4540 nisiclav

173 4559 270 4614 καὶ
316 4562 353 4632 ή
397 4562 777 4635 αἱμορροοῦσα
808 4566 1084 4638 προσῆλθε
1136 4569 1213 4640 τῷ
1267 4571 1483 4644 Κυρίῳ,
1545 4576 1647 4631 οὐκ
1697 4577 1765 4632 ἂν

172 4651 484 4724 ἐτύγχανον
538 4654 736 4720 ἰάσεως
758 4673 773 4689 ·
811 4656 1010 4726 οὕτως,
1047 4660 1144 4714 ἐὰν
1173 4662 1246 4741 μή
1287 4679 1372 4728 τις
1400 4666 1466 4719 ἐκ
1499 4667 1592 4720 τοῦ
1631 4669 1764 4724 ίδίου

173 4745 512 4820 θελήματος,
545 4751 638 4804 καὶ
661 4751 793 4822 ὅλης
818 4753 1196 4837 προαιρέσεως
1214 4755 1342 4829 ἔλθῃ
1370 4757 1508 4834 πρὸς
1536 4761 1763 4830 Κύριον,

172 4840 268 4894 καὶ
320 4844 466 4913 μετὰ
517 4843 896 4917 πληροφορίας
945 4846 1182 4912 πίστεως
1213 4847 1402 4923 δεηθῇ,
1466 4852 1664 4918 ἰάσεως
1702 4858 1762 4912 ού

171 4933 461 5002 τυγχάνει.
508 4933 607 4988 Διὰ
649 4935 704 4988 τί
754 4935 865 5007 γὰρ
897 4937 1096 4992 ἐκεῖνοι
1151 4942 1546 5007 πιστεύσαντες
1607 4945 1766 5009 ἰῶντο

173 5022 405 5090 εὐθέως,
449 5027 616 5096 ἡμεῖς
662 5025 718 5080 δέ
780 5026 934 5082 οὔπω
980 5028 1346 5104 διεϐλέψαμεν
1384 5033 1444 5100 ἐξ
1481 5034 1760 5108 ἀληθείας,

171 5116 266 5170 καλ.
320 5118 427 5172 οὐκ
465 5117 701 5190 ίάθημεν
736 5121 802 5174 ἐκ
828 5120 939 5176 τῶν
987 5123 1236 5195 κρυφίων
1301 5125 1526 5194 παθῶν;
1581 5129 1762 5185 καίτοι

173 5210 386 5278 μᾶλλον
430 5213 460 5266 6
490 5213 696 5284 Κύριος
735 5216 992 5287 φροντίδα
1043 5219 1289 5286 ποιεῖται⁴
1312 5219 1455 5289 ὑπὲρ
1487 5220 1587 5291 τῆς
1624 5222 1763 5282 ἀθα-

171 5301 338 5357 νάτου
363 5303 626 5379 ψυχῆς,ἢ
655 5307 795 5379 ὑπὲρ
828 5307 922 5362 τοῦ
948 5308 1216 5379 σώματος’
1237 5310 1359 5383 ἥτις
1388 5313 1482 5367 ἐὰν
1496 5313 1764 5390 διαϐλέψῃ

173 5393 319 5448 κατὰ
355 5393 452 5447 τὸν
487 5395 1190 5469 λέγοντα,Ἀποκάλυψ-ον
1226 5400 1371 5468 τοὺς
1410 5403 1764 5474 ὀφθαλμούς

168 5501 310 5554 μου,
332 5486 527 5542 οὐκέτι
545 5488 623 5554 είς
646 5490 736 5544 τὸν
759 5491 932 5545 αἰῶνα
956 5491 1393 5563 τυφλωθήσεται,
1423 5496 1516 5548 καὶ
1549 5495 1763 5550 ίαθεῖσα

170 5576 360 5634 οὐκέτι
413 5583 982 5655 τραυματισθήσεται.
1037 5585 1100 5639 Εἰ
1135 5585 1244 5655 γὰρ
1278 5585 1600 5657 ἐπιμέλειαν
1655 5587 1764 5644 τῶν

1874 4585 2108 4641 masset,
2149 4584 2206 4630 et
2241 4575 2348 4640 nisi
2375 4591 2498 4646 quae
2527 4574 2801 4646 proﬂuvio
2832 4576 3118 4647 sanguinis
3149 4574 3456 4640 laborabat,

1872 4668 1942 4724 ad
1972 4667 2264 4734 Dominum
2299 4667 2642 4734 accessisset,
2690 4668 3051 4737 sanationem;
3082 4685 3194 4724 non
3223 4667 3460 4724 fuissent

1872 4761 2154 4826 consecuti
2182 4779 2194 4814 :
2223 4761 2418 4816 eodem
2445 4760 2630 4827 modo,
2667 4760 2773 4819 nisi
2802 4762 2928 4832 quis
2961 4761 3185 4832 proprio
3211 4770 3364 4816 motu
3391 4775 3460 4817 ac

1872 4853 2086 4925 integro
2132 4854 2415 4924 proposito
2459 4854 2528 4908 ad
2574 4854 2868 4910 Dominum
2919 4854 3166 4919 accedat,
3223 4862 3280 4910 et
3329 4869 3457 4910 cum

1870 4945 2214 5016 plenitudine
2280 4945 2422 5012 ﬁdei
2459 4962 2587 5002 eum
2655 4946 3022 5017 deprecetur,
3083 4946 3236 5000 nullo
3292 4946 3457 5000 modo

1872 5038 2178 5100 sanationis
2223 5039 2286 5102 Iit
2334 5040 2630 5110 particeps.
2680 5039 2793 5096 Cur
2839 5039 2990 5094 enim
3044 5038 3120 5092 illi
3174 5039 3340 5094 simul
3390 5054 3458 5094 ac

1873 5130 2166 5186 crederent
2205 5131 2563 5198 sanabantur,
2608 5149 2708 5187 nos
2759 5141 2941 5187 autem
2986 5132 3230 5187 nondum
3263 5147 3455 5188 revera

1873 5221 2054 5276 visum
2103 5221 2459 5290 recepimus,
2503 5237 2608 5276 nec
2658 5221 2728 5276 ab
2775 5221 3008 5276 occultis
3065 5218 3456 5274 aﬂ‘ectionibus

1873 5314 2050 5372 sanati
2081 5315 2318 5373 sumus?
2354 5312 2556 5369 Verum
2596 5313 2863 5369 Dominus
2890 5314 3156 5384 majorem
3186 5311 3328 5383 gerit
3352 5327 3454 5366 cu-

1872 5420 1987 5470 ram
2005 5405 2331 5469 immortalis
2356 5406 2572 5471 animae,
2597 5421 2762 5476 quam
2785 5404 3055 5476 corporis.
3078 5405 3210 5472 Quae
3227 5402 3453 5474 quidem

1871 5497 2013 5551 visui
2061 5497 2336 5563 restituta,
2384 5498 2689 5554 secundum
2728 5515 2878 5564 eum,
2928 5499 3024 5569 qui
3051 5498 3224 5554 dicit:
3261 5495 3452 5550 Revela

1872 5586 2045 5642 oculos
2078 5604 2218 5642 meos
2246 5591 2310 5656 ιθ,
2342 5590 2397 5645 in
2429 5597 2700 5646 aeternum
2735 5607 2847 5647 non
2873 5589 3111 5662 amplius
3148 5586 3456 5654 ειςιηςαὶιίτ.

247 5765 488 5824 “Joan.
521 5785 559 5833 l,
599 5770 686 5825 '29.
769 5771 808 5802 ¹⁵
857 5771 1042 5826 Matth.
1088 5790 1174 5852 sv,
1217 5773 1303 5827 ‘22.
1388 5774 1428 5804 ⁸⁵
1479 5773 1675 5830 i'saltn.
1717 5791 1905 5842 enin,
1945 5774 2023 5831 l8.
