3966 6564
1282 240 1307 273 Ι

494 299 603 364 655

1737 308 1803 365 S.
1840 306 2161 368 MACARII
2200 307 2527 370 EGYPTII
3656 310 3747 375 656

496 423 610 479 tur,
642 421 700 467 et
742 422 930 468 sanata
977 428 1089 469 non
1124 415 1361 486 amplius
1409 416 1813 475 vulnerabitur.
1845 419 1901 475 Si
1932 420 2082 475 enim

2212 424 2445 496 :Oapzt'bv
2491 424 2763 496 σωμάτων
2798 427 2827 479 ὀ
2857 424 3065 497 Κύριος
3098 423 3412 493 ἐποιήσατο,
3457 422 3627 478 ἐλθὼν
3668 428 3750 481 ἐπὶ

497 505 940 577 corruptibilium
970 522 1266 578 corporum
1297 523 1485 563 curam
1511 510 1755 580 suscepit
1786 511 2074 577 Dominus,

2183 517 2283 585 τῆς
2302 517 2428 588 γῆς,
2455 517 2609 588 πόσῳ
2634 516 2835 588 μᾶλλον
2861 516 2963 587 τῆς
2984 515 3259 571 ἀθανάτου
3317 515 3411 569 καὶ
3438 517 3567 570 κατ’
3588 518 3753 573 εἰκόνα

499 599 559 655 in
608 598 877 654 mundum
926 612 1051 654 cum
1102 600 1382 666 venisset;
1426 610 1635 670 quanto
1674 600 1853 673 magis
1883 602 2081 661 anim

2212 607 2354 661 ιύτοῦ
2400 606 2782 679 πεποιημένης
2811 606 3029 677 eum;
3074 605 3242 661 ’Δλλά
3269 605 3359 660 διὰ
3390 606 3491 677 τὴν
3517 606 3756 663 ἀπιστίαν

499 691 830 747 immortalis
863 691 977 762 86
1004 700 1061 747 et
1092 692 1399 747 secundum
1426 691 1718 764 imaginem
1743 695 1865 765 ejus
1892 697 2085 753 condi-

498 784 614 839 tae?
641 785 873 857 Pnopter
907 784 1350 841 incredulitatem
1380 796 1568 841 autem
1591 794 1839 843 nostram
1864 788 2087 846 etsedi-

506 877 716 932 tionem
742 886 1009 941 nostram,
1033 877 1180 947 quod
1216 894 1329 934 non
1372 877 1668 950 diligamus
1692 894 1823 936 eum
1859 895 1929 937 ex
1969 889 2087 936 toto

502 969 691 1035 corde,
718 985 897 1040 neque
918 985 1046 1024 vere
1068 970 1119 1024 ei
1138 970 1452 1034 credamus,
1473 972 1719 1028 nondum
1741 973 2087 1045 spiritualem

502 1060 793 1116 sanitatem
838 1075 903 1116 ac
930 1060 1163 1117 salutem
1212 1064 1499 1119 consecuti
1536 1079 1750 1121 sumus.
1781 1065 2090 1123 Credamus

502 1171 637 1227 ergo
668 1155 742 1221 ei,
768 1164 823 1210 et
850 1154 1181 1212 accedamus
1211 1156 1264 1211 in
1292 1158 1547 1223 veritate,
1595 1167 1658 1213 ut
1702 1160 1971 1215 velociter
1992 1177 2089 1216 ve-

504 1262 621 1302 ram
650 1247 993 1303 sanationem
1023 1248 1081 1302 in
1112 1248 1273 1303 nobis
1296 1247 1615 1320 adimpleat.
1653 1250 1916 1306 Promisit
1941 1252 2091 1307 enim

504 1353 564 1393 se
591 1338 922 1411 largiturum
952 1340 1339 1411 postulantibus
1366 1359 1399 1395 a
1434 1357 1491 1396 se
1526 1339 1784 1412 Spiritum
1824 1334 2089 1408 sanctum,

506 1448 571 1486 ac
599 1431 932 1509 pulsantibus
960 1444 1291 1504 aperturum,
1318 1442 1367 1487 et
1396 1434 1798 1505 aquarentibus
1824 1436 2093 1492 inventum

508 1526 660 1580 iri".
684 1526 864 1598 Atque
890 1544 903 1581 :
929 1526 1046 1583 Non
1070 1529 1339 1594 mentitur,
1370 1530 1461 1594 qui
1488 1530 1727 1599 promisit
1747 1530 1809 1584 ¹⁹.
1841 1530 1948 1601 Ipsi
1974 1530 2093 1602 glo-

511 1618 593 1675 ria
624 1629 681 1675 et
712 1621 957 1691 potentia
988 1620 1043 1675 in
1070 1621 1291 1677 saecula.
1323 1621 1518 1676 Amen.

1059 1733 1347 1797 HOMILIA
1392 1734 1535 1791 XXI.

2187 698 2368 770 ἡμῶν,
2397 698 2488 755 διὰ
2511 699 2611 771 τὴν
2633 699 2989 770 διχοστασίαν
3022 698 3205 770 ἡμῶν,
3233 697 3325 751 διὰ
3345 697 3406 750 τὸ
3436 697 3518 769 μὴ
3552 698 3754 768 ἀγαπᾷν

2186 792 2351 848 αὐτὸν
2388 791 2449 858 ἐξ
2479 793 2610 862 ὅλης
2654 792 2904 861 καρδίας,
2943 792 3082 863 μήτε
3113 788 3172 858 ἐξ
3215 791 3480 860 ἀληθείας
3515 790 3663 861 αὐτῷ
3687 809 3762 842 πι-

2190 881 2426 946 στεύειν,
2451 881 2669 935 οὐδέπω
2700 882 2801 952 τῆς
2834 881 3216 953 πνευματικῆς
3250 880 3446 943 ίάσεως
3476 880 3576 933 καὶ
3602 897 3764 951 σωτη-

2194 974 2315 1047 ρίας
2340 973 2625 1045 ἐτύχομεν.
2660 974 3055 1045 Πιστεύσωμεν
3099 972 3195 1027 οὖν
3254 972 3428 1043 αὐτῷ,
3462 971 3565 1026 καὶ
3614 989 3762 1040 προα-

2192 1067 2439 1137 ἐλθωμεν
2487 1068 2545 1120 ἐν
2608 1066 2859 1139 ἀληθεία,
2896 1067 2984 1119 ἵνα
3042 1068 3101 1119 ὲν
3150 1065 3310 1135 τάχει
3371 1063 3474 1135 τὴν
3524 1063 3764 1133 ἀληθινὴν

2194 1157 2342 1213 ίααιν
2404 1159 2463 1211 ὲν
2506 1159 2641 1228 ἡμῖν
2692 1162 2916 1228 ποιήσῃ.
2981 1156 3388 1226 Ἐπηγγείλατο
3434 1154 3551 1224 γὰρ
3584 1154 3766 1208 Gadium

2188 1251 2317 1318 τοῖς
2340 1250 2620 1306 αἰτοῦσιν
2640 1250 2828 1307 αὐτὸν
2858 1248 3102 1319 Πνεῦμα
3120 1248 3314 1319 ἅγιον,
3342 1246 3443 1301 καὶ
3470 1245 3595 1311 τοῖς
3612 1248 3768 1317 κρού-

2192 1357 2377 1399 ουσιν
2399 1342 2689 1412 ἀνοίγειν,
2731 1340 2829 1396 καί
2860 1340 2985 1406 τοῖς
3026 1339 3312 1407 ζητοῦσιν
3344 1340 3733 1408 εὑρίσκεσθαι
3753 1354 3765 1367 ·

2190 1433 2311 1497 καὶ,
2340 1433 2618 1503 ἀψευδής
2667 1433 2841 1487 ἐστιν
2892 1435 2926 1487 ό
2978 1432 3519 1503 ἐπαγγειλάμενος.
3565 1430 3773 1503 Δῦτῷή

2190 1526 2323 1594 δόξα
2343 1528 2439 1581 καὶ⁵
2464 1527 2528 1580 τὸ
2557 1526 2759 1599 κράτος
2799 1526 2880 1592 είς
2905 1528 3033 1590 τοὺς
3064 1527 3289 1591 αἰῶνας.
3338 1526 3545 1596 Ἀμήν.

2764 1722 3009 1778 ΟΜΙΛΙΔ
3048 1722 3183 1778 KA'.

508 1822 807 1899 Christiano
833 1828 1032 1883 homini
1064 1828 1261 1899 duplex
1287 1830 1541 1884 incumbit
1568 1832 1786 1897 bellum,
1826 1833 2095 1888 internum

2212 1817 2288 1886 τῷ
2322 1814 2657 1899 Χριᾳτςανῷ
2679 1814 2971 1899 dre}:ng
3000 1812 3229 1899 6t0"0:(:c'
3249 1814 3567 1899 πρόκειται
3610 1813 3772 1899 πόλε-

575 1897 822 1972 uidelicet
862 1906 913 1952 et
953 1897 1253 1953 externum.
1297 1900 1410 1955 Hoc
1451 1902 1683 1972 quidem,
1729 1920 1849 1957 cum
1900 1904 2095 1959 recedit

576 1969 690 2039 ipse
713 1985 749 2022 α
772 1968 1202 2024 distractionibus
1248 1968 1501 2036 terrenis;
1534 1972 1673 2026 illud
1712 1991 1832 2028 vero
1860 1974 1917 2028 in
1940 1975 2095 2029 corde

577 2040 833 2094 adversus
862 2042 1203 2110 cogitationes
1236 2043 1521 2111 spirituum
1557 2044 1843 2099 malorum.

580 2221 624 2276 1.
664 2222 994 2295 Quicunque
1031 2240 1161 2281 vere
1195 2225 1308 2282 Deo
1332 2227 1554 2297 placere
1583 2238 1825 2299 exoptat,
1850 2246 1916 2287 ac
1937 2247 2097 2289 veras

506 2314 777 2372 adversus
806 2316 1184 2373 adversariam
1229 2328 1440 2388 partem
1486 2320 1808 2378 inimicitias
1841 2325 2094 2395 suscipit,

509 2405 659 2463 hunc
678 2407 885 2480 duplici
902 2409 1159 2467 conﬂictu
1184 2428 1249 2468 ac
1270 2412 1481 2484 duplici
1506 2415 1806 2472 certamine
1828 2415 2097 2475 dimicare

508 2508 765 2569 oportet:
812 2510 931 2557 tum
982 2502 1040 2557 in
1087 2503 1256 2560 rebus
1299 2505 1614 2562 visibilibus
1650 2507 1815 2578 hujus
1857 2508 2005 2573 vitae,
2066 2525 2097 2564 a

509 2593 966 2652 distractionibus
996 2598 1257 2664 terrenis,
1307 2613 1373 2655 ac
1413 2598 1712 2658 dilectione
1741 2602 2097 2658 vinculorum

512 2685 950 2755 mundanorum,
997 2698 1164 2761 atque
1206 2689 1611 2752 aliectionibus.
1638 2694 1851 2764 peccati
1895 2694 2100 2750 abhor-

511 2788 762 2835 rentem:
792 2790 908 2836 tum
931 2781 985 2837 in
1017 2784 1253 2839 occultis
1281 2794 1474 2841 contra
1501 2785 1650 2857 ipsos
1679 2786 1908 2844 malitiae
1932 2788 2098 2859 spiri-

514 2881 604 2926 tus
637 2872 1003 2943 praeliantem,
1039 2875 1109 2932 de
1146 2876 1352 2947 quibus
1388 2878 1688 2949 Apostolus
1714 2879 1931 2935 aiebat:
1980 2880 2101 2935 Non

512 2969 588 3015 est
629 2962 776 3018 nobis
808 2963 1112 3021 colluctatio
1148 2966 1397 3021 adversus
1425 2969 1739 3039 sanguinem
1772 2979 1820 3023 et
1861 2987 2099 3041 carnem,

511 3053 605 3107 sed
632 3053 880 3111 adversus
916 3058 1269 3129 principatus,
1300 3060 1549 3115 adversus
1576 3069 1885 3132 potestates,
1915 3063 2101 3116 adver-

2264 1882 2399 1959 μοῤ.
2429 1886 2723 1954 ἐσώτερος
2747 1882 2983 1959 δηλαδὴ
3008 1883 3105 1937 καί
3125 1883 3437 1959 ἐξώτεροᾼς.
3481 1882 3690 1959 ὈΔμὲγ

2271 1952 2749 2027 τῷ⁷ἀφίσταονθαι
2780 1952 2979 2009 αὑτὸν
3002 1952 3447 2027 περισπασμῶξρ
3470 1954 3711 2021 γηΐνων,
3733 1956 3774 2027 ,δ

2268 2022 2337 2083 δέ
2355 2022 2435 2083 ἐνί
2454 2027 2528 2097 τῇ
2557 2026 2769 2097 καρδίᾳ
2802 2027 2955 2095 πρὸς
2977 2022 3320 2096 λογισμοὺς-ί
3356 2024 3485 2079 τῶν
3518 2022 3773 2092 πνευμά-

2269 2118 2389 2154 των
2415 2098 2526 2167 τῆς
2552 2099 2867 2167 πονηρίας.

2268 2216 2348 2269 A'.
2399 2214 2460 2266 ὐ
2511 2211 2834 2283 βουλόμενος
2866 2208 3233 2281 εὐαρεστῆσαι
3261 2207 3383 2277 Θεῷ
3417 2206 3483 2274 ἐξ
3505 2202 3774 2274 ἀληθείας,

2198 2306 2297 2362 καὶ
2345 2306 2469 2359 κατ’
2518 2302 2782 2375 ἀλήθειαν
2818 2301 2899 2372 τῷ
2927 2300 3160 2370 ἐναντίῳ
3224 2298 3381 2370 μέρει
3440 2296 3552 2367 τῆς
3596 2295 3775 2355 κακίας

2199 2396 2674 2469 ἀπεχθανόμενος,
2726 2393 2865 2466 πρὸς
2914 2391 3008 2447 δύο
3056 2390 3317 2463 ἀθλήσεις
3368 2390 3472 2444 καὶ
3512 2387 3652 2459 πρὸς
3696 2385 3777 2440 δύο

2199 2491 2420 2561 ἀγῶνας
2446 2490 2559 2560 ἔχει
2586 2488 2697 2560 τὴν
2726 2486 2905 2558 πάλην
2927 2503 2944 2518 ⁸
2988 2484 3048 2538 εν
3076 2501 3139 2538 τε
3168 2485 3285 2547 τοῖς
3313 2480 3673 2551 φαινομένοις
3694 2477 3778 2530 τοῦ

2201 2581 2318 2654 βίου
2372 2581 2568 2641 τούτου
2614 2579 2929 2651 πράγμασι,
2979 2574 3385 2645 περισπασμῶν
3415 2573 3631 2643 γηΐνων
3683 2570 3775 2638 ἀφο

2206 2677 2523 2747 ιστάμενος,
2544 2673 2641 2728 καὶ
2665 2673 2889 2743 ἀγάπης
2915 2669 3133 2742 δεσμῶν
3162 2666 3451 2738 κοσμικῶν
3473 2664 3578 2720 καὶ
3605 2663 3777 2717 παθῶν

2199 2770 2299 2841 τῆς
2330 2768 2609 2842 ἁμαρτίας
2631 2784 2647 2801 ·
2688 2769 2783 2822 καὶ
2810 2770 2869 2823 ἐν
2900 2768 3012 2831 τοῖς
3058 2765 3344 2837 κρυπτοῖς,
3378 2762 3524 2834 πρὸς
3559 2760 3693 2814 αὐτὰ
3718 2758 3775 2811 τὰ

2202 2862 2302 2931 τῆς
2334 2862 2602 2933 πονηρίας
2646 2858 3067 2931 ἀπομαχόμενος
3106 2855 3418 2927 πνεύματα,
3472 2854 3608 2924 περὶ
3651 2845 3720 2906 ὧν
3756 2850 3779 2905 3

2216 2953 2540 3017 Ἀπόστολος
2572 2953 2780 3023 ἔλεγεν,
2816 2954 2939 3007 Οὐκ
2978 2951 3153 3006 ἐστιν
3182 2949 3326 3020 ἡμῖν
3357 2949 3397 3017 ἠ
3433 2950 3609 3015 πάλη
3648 2945 3780 3016 πρὸς

2203 3040 2348 3115 αἷμα
2379 3044 2476 3099 καί
2502 3043 2724 3113 σάρκα,
2754 3044 2915 3099 ἀλλὰ
2940 3044 3093 3115 πρὸς
3122 3044 3228 3111 τὰς
3256 3043 3475 3113 ἀρχὰς,
3508 3040 3660 3109 πρὸς
3687 3040 3775 3105 τὰς

511 3162 602 3201 sus
625 3147 811 3201 mundi
828 3147 1088 3212 dominos,
1108 3158 1338 3205 rectores
1365 3151 1703 3207 tenebrarum
1722 3154 1899 3209 saeculi
1918 3155 2097 3225 hujus,

2212 3136 2516 3202 ἐξουσίας,
2542 3135 2695 3205 πρὸς
2716 3134 2861 3202 τοὺς
2889 3133 3379 3205 κοσμοκράτορας
3402 3132 3521 3187 τοῦ
3537 3130 3776 3194 σκότους

513 3235 767 3294 adversus
784 3239 1091 3312 spirituales
1113 3245 1338 3297 astutias
1360 3244 1416 3296 in
1437 3241 1722 3298 ctelcstibus
1751 3246 1814 3298 ”.

586 3416 652 3474 11.
706 3416 937 3474 Duobus
985 3418 1136 3475 enim
1188 3419 1370 3476 modis
1421 3428 1479 3475 et
1530 3420 1768 3475 vinculis
1814 3420 2106 3498 devinctqs

516 3508 686 3563 homo
713 3517 822 3573 est,
858 3516 1152 3579 postquam
1190 3508 1509 3564 mandatum
1542 3519 1919 3581 transgressus
1948 3522 2104 3567 extra

518 3600 723 3658 limites
751 3601 994 3673 paradisi
1028 3603 1308 3673 projectus
1339 3612 1444 3659 est.
1472 3601 1530 3658 In
1555 3602 1656 3658 bac
1678 3602 1939 3660 nimirum
1967 3606 2100 3670 vita,

520 3694 688 3750 rebus
724 3695 793 3750 ad
818 3695 987 3750 vitam
1017 3696 1444 3766 pertinentibus,
1477 3712 1542 3752 ac
1568 3697 1864 3753 dilectione
1886 3698 2100 3763 mundi,

518 3784 822 3846 carnalium
844 3800 1042 3856 nempe
1076 3787 1419 3857 voluptatum
1452 3795 1509 3843 et
1538 3787 1919 3854 all'ectionum,
1957 3790 2103 3846 divi-

522 3876 719 3932 tiarum
748 3884 806 3933 et
829 3877 1049 3948 gloriae;
1073 3893 1150 3934 ac.
1173 3886 1574 3943 creaturarum,
1608 3880 1795 3937 uxoris
1822 3890 1876 3936 et
1902 3881 2106 3936 libero-

519 3984 678 4036 rum;
713 3970 1234 4041 consanguinitatis,
1282 3972 1494 4043 patriat,
1525 3972 1797 4039 locorum,
1843 3982 1900 4029 et
1939 3974 2104 4029 indu-

520 4071 955 4129 mentorum,et,
996 4071 1058 4118 ut
1098 4064 1415 4120 summatim
1456 4065 1656 4131 dicam,
1699 4067 1950 4122 omnium
1983 4083 2107 4138 quae

516 4153 660 4209 visui
702 4162 913 4225 patent,
962 4171 999 4229 α
1034 4157 1238 4227 quibus
1278 4158 1509 4213 verbum
1540 4158 1638 4214 Dei
1680 4159 1930 4230 praecipit
1975 4176 2103 4216 cum

518 4246 727 4307 cxsolvi
758 4247 982 4318 propria
1024 4247 1309 4304 voluntate
1342 4249 1459 4320 (qui
1492 4265 1578 4315 ea,
1610 4266 1740 4321 qua:
1760 4251 1937 4306 oculis
1969 4252 2105 4308 sub-

514 4335 663 4407 jecta
711 4346 862 4401 sunt,
922 4346 1123 4407 sponte
1176 4338 1412 4409 quisque
1467 4339 1761 4411 sectatur),
1815 4348 1876 4396 ut
1922 4341 1992 4397 ab
2038 4343 2107 4398 iis

517 4427 780 4483 omnibus
810 4444 869 4483 se
900 4429 1201 4501 expediens
1228 4446 1293 4486 ac
1314 4431 1578 4496 libemus,
1603 4432 1847 4503 perfecte
1878 4434 2094 4489 manda-

520 4527 637 4573 tum
671 4516 967 4575 observare
1002 4521 1195 4590 possit.
1228 4520 1382 4577 lutus
1405 4524 1840 4594 verointricata,
1867 4526 2103 4581 circum-
2138 4509 2189 4563 θη

518 4600 740 4673 vallata,
792 4610 969 4685 muris
1012 4610 1213 4676 cincta,
1261 4624 1427 4683 atque
1486 4615 1700 4683 catenis
1750 4617 2103 4671 tenebrarum

519 4703 776 4759 devincta
825 4713 911 4769 est
962 4704 1166 4771 anima,
1220 4721 1321 4776 per
1367 4706 1597 4777 spiritus
1644 4709 1886 4775 malitiae,
1933 4710 2006 4764 ita
2048 4719 2108 4765 ut

519 4810 631 4850 non
664 4795 842 4867 possit
875 4811 977 4867 pro
1004 4795 1184 4858 lubitu
1229 4797 1458 4869 diligere
1498 4799 1817 4865 Dominum,
1862 4815 1967 4856 nec
2006 4818 2106 4872 pro

519 4887 701 4944 lubitu
735 4888 983 4954 credere,
1019 4904 1122 4945 nec
1148 4905 1254 4961 pro
1279 4891 1461 4946 lubitu
1492 4876 1744 4948 adorare.
1774 4893 1910 4948 Nam
1944 4896 2103 4965 peni-

520 4988 609 5038 tus
660 4981 1023 5049 contrarietas
1071 4984 1270 5039 tamin
1300 4984 1610 5042 manifestis
1654 5002 1819 5056 quam
1871 4988 2107 5043 occultis

518 5074 686 5130 rebus
743 5085 868 5145 post
935 5076 1431 5146 transgressionem
1494 5076 1659 5155 primi
1710 5078 1950 5156 hominis
2005 5094 2121 5149 nos

520 5166 740 5225 invasit.

586 5258 680 5315 lll.
731 5257 789 5314 Si
834 5259 962 5329 quis
1011 5258 1199 5330 itaque
1247 5258 1439 5315 audito
1491 5259 1662 5321 verbo
1709 5260 1807 5321 Dei
1862 5276 2102 5333 pugnam

517 5353 728 5418 inierit,
752 5360 922 5422 atque
948 5351 1017 5406 ad
1054 5351 1196 5406 hanc
1223 5352 1392 5407 vitam
1430 5354 1735 5423 spectantia
1775 5362 1841 5415 et
1878 5355 2109 5425 laqueos

518 5445 709 5501 mundi
741 5460 772 5500 a
807 5459 867 5500 se
896 5445 1212 5516 proiecerit,
1242 5460 1543 5516 omnesque
1573 5446 1758 5519 carnis
1796 5447 2109 5517 voluptates

520 5537 914 5609 repudiaverit,
958 5552 1027 5593 ex
1076 5537 1165 5594 his
1203 5552 1262 5594 se
1296 5537 1478 5608 ipsum
1506 5538 1843 5609 expediens;
1889 5548 2003 5592 tum
2052 5536 2108 5590 in

522 5631 741 5692 Domini
775 5631 1084 5688 intentione
1121 5635 1563 5705 perseveraverit
1593 5653 1605 5688 :
1654 5648 1988 5704 cognoscere
2018 5632 2111 5689 hic

2205 3226 2313 3281 τοῦ
2343 3225 2560 3291 αἰῶνος
2586 3226 2825 3289 τούτου,
2852 3224 3005 3294 πρὸς
3038 3226 3110 3283 τὰ
3135 3222 3521 3294 πνευματικὰ
3553 3220 3661 3291 τῆς
3690 3236 3779 3275 κο-

2204 3320 2418 3388 νηρίας
2446 3318 2515 3372 ἐν
2545 3317 2669 3383 τοῖς
2697 3318 3102 3386 catomum-low.

2276 3414 2352 3467 Β.
2394 3411 2555 3467 Κατά
2581 3411 2675 3466 δύο
2712 3412 2823 3483 γὰρ
2851 3412 3088 3483 τρόπους
3122 3409 3219 3465 καὶ
3264 3409 3504 3481 δεσμοὺς
3559 3405 3709 3477 ἐδέθη
3753 3405 3779 3456 ό

2206 3506 2493 3577 ἄνθρωπος
2525 3504 2784 3577 παραϐὰς
2814 3505 2915 3575 τὴν
2954 3503 3201 3575 ἐντολὴν,
3232 3503 3326 3557 καὶ
3354 3500 3665 3573 ὲξορισθεὶς
3688 3498 3780 3552 ἀπὸ

2208 3598 2305 3653 τοῦ
2336 3597 2692 3670 παραδείσου,
2717 3600 2774 3652 ὲν
2801 3597 2880 3667 τῷ
2911 3596 3011 3667 βίῳ
3048 3596 3246 3667 τούτῳ,
3283 3597 3342 3649 ὲν
3371 3596 3490 3658 τοῖς
3528 3594 3783 3664 βιωτικοῖς

2205 3688 2524 3759 πράγμασι,
2555 3688 2652 3740 καὶ
2676 3689 2735 3741 ὲν
2762 3690 2830 3758 τῇ
2866 3686 2969 3753 τοῦ,
2991 3686 3200 3757 κόσμου
3231 3686 3445 3758 ἀγάπῃ,
3495 3685 3664 3756 ἧγουν
3686 3681 3778 3735 τῶν

2208 3779 2488 3852 σαρκικῶν
2515 3778 2744 3851 ἡδονῶν,
2794 3778 2889 3837 καὶ
2922 3778 3131 3846 παθῶν,
3164 3778 3423 3844 πλούτου,
3482 3779 3583 3831 καὶ
3619 3775 3776 3844 δόξης.

2208 3873 2306 3927 καὶ
2352 3873 2693 3945 κτισμάτων,
2736 3873 3029 3944 γυναικὸς,
3062 3874 3159 3928 καὶ
3187 3874 3417 3939 τέκνων,
3448 3871 3783 3943 συγγενείας.

2208 3964 2509 4037 πατρίδων,
2544 3964 2748 4028 τόπων,
2795 3964 3135 4034 ἐνδυμάτων,
3168 3964 3263 4018 καὶ
3290 3963 3635 4029 ἁπαξαπλῶς
3664 3962 3780 4016 πάν-

2207 4074 2320 4111 των
2351 4057 2463 4109 τῶν
2513 4055 2884 4127 φαινομένων,
2914 4056 3007 4124 ἀφ’
3032 4048 3107 4111 ὧν
3136 4056 3165 4108 ὁ
3192 4055 3351 4122 λόγος
3405 4055 3508 4110 τοῦ
3537 4054 3673 4109 Θεοῦ
3702 4071 3778 4107 κε-

2208 4149 2359 4205 λεύει
2412 4148 2578 4203 αύτὺν
2634 4148 2862 4220 λυθῆναι
2924 4147 3030 4219 ἰδία
3076 4148 3419 4219 προαιρέσει,
3477 4148 3667 4219 ἐπειδὴ
3712 4148 3779 4209 εἰς

2210 4244 2390 4299 πάντα
2417 4243 2488 4297 τά
2518 4244 2820 4314 φαινόμενα
2854 4244 3117 4306 ἑκουσίως
3151 4242 3383 4307 ἕκαστος
3419 4243 3657 4304 δέδεται,
3687 4242 3778 4303 ἴνα,

2211 4336 2422 4391 τούτων
2474 4336 2695 4391 πάντων
2727 4337 2922 4390 ἑαυτὸν
2955 4334 3126 4399 λύσας
3160 4333 3672 4405 καὶὲλευθερώσας,
3702 4333 3778 4386 δυ-

2212 4429 2353 4502 νηθῇ
2386 4428 2611 4492 τελείως
2638 4428 2738 4498 τῆς
2785 4429 3007 4499 ἐντολῆς
3051 4428 3328 4501 ἐγκρατὴς
3358 4426 3644 4496 γενέσθαι.
3686 4425 3776 4478 Καὶ

2213 4526 2272 4577 ὲν
2290 4522 2369 4592 τῷ
2389 4520 2688 4593 κρυπτῷδὲ
2714 4537 2780 4573 πε
2789 4537 2935 4592 ριτετ
2948 4519 3198 4592 ρίχωται,
3216 4520 3309 4573 καὶ
3328 4520 3772 4591 περιπέφρακται,

2214 4614 2310 4669 καὶ
2341 4612 2829 4686 περιτετείχισται,
2864 4613 2959 4666 καὶ
2990 4612 3200 4666 δέδεται
3242 4610 3467 4668 ἁλύσεσι
3510 4609 3777 4677 σκότουςή

2212 4707 2361 4780 ψυχὴ
2392 4708 2498 4762 ὑπὸ
2532 4707 2641 4760 τῶν
2677 4706 2779 4776 τῆς
2813 4705 3080 4779 πονηρίας
3112 4706 3467 4777 πνευμάτων,
3519 4703 3596 4777 μὴ
3636 4704 3774 4758 δυνα-

2218 4801 2378 4871 μένη,
2407 4799 2483 4863 ὡς
2517 4797 2686 4865 θέλει,
2718 4798 2940 4870 ἀγαπᾷν
2966 4798 3059 4852 τὸν
3108 4799 3339 4870 Κύριον,
3391 4799 3486 4853 καί¹
3514 4799 3590 4862 ὡς
3630 4795 3773 4857 θέλει,

2217 4890 2519 4957 πιστεύειν,
2554 4891 2651 4945 καὶ
2681 4890 2758 4955 ὡς
2801 4890 2968 4955 θέλει,
3010 4890 3437 4963 προσεύξασθαι.
3471 4891 3653 4961 Πάντη
3682 4887 3774 4959 γὰρ

2215 4983 2252 5055 ἡ
2285 4982 2597 5054 ἐναντιότης
2622 4982 2681 5035 ὲν
2706 4984 2819 5046 τοῖς
2854 4986 3132 5053 φανεροῖς,
3158 4982 3255 5037 καὶ
3276 4984 3335 5036 ὲν
3361 4985 3476 5048 τοῖς
3512 4982 3773 5053 κρυπτοξ,

2213 5072 2323 5129 ἀπὸ
2349 5073 2451 5144 τῆς
2474 5073 2842 5147 παραόᾁσεως
2858 5072 2955 5128 τοῦ
2983 5075 3201 5146 πρώτου
3233 5073 3525 5147 ἀνθρώπου
3553 5077 3630 5139 εἰς
3648 5074 3773 5144 ἡμᾶς

2218 5168 2578 5240 κατήντησεν.

2280 5260 2360 5315 Γ’.
2413 5260 2583 5328 Ἐπάν
2611 5276 2696 5324 τις
2724 5261 2906 5315 τοίνυν
2936 5260 3179 5326 ἀκούσας
3207 5260 3301 5314 τὸν
3324 5260 3483 5329 λόγον
3523 5258 3619 5315 τοῦ
3658 5255 3771 5313 Θεοῦ

2214 5353 2575 5424 ἀγωνίσηται,
2627 5355 2723 5427 καὶ
2752 5354 3039 5431 ἀπορρίψῃ
3066 5357 3136 5412 τὰ
3180 5352 3275 5409 τοῦ
3318 5354 3436 5426 βίου
3472 5355 3768 5426 πράγματα,

2215 5431 2321 5501 καί
2341 5446 2517 5518 δεσμὰ
2546 5446 2779 5519 κόσμου,
2812 5448 2908 5501 καὶ
2948 5447 3131 5511 πάσας
3163 5447 3263 5511 τὰς
3303 5448 3572 5519 σαρκικὰς
3604 5442 3770 5516 ἡδονάς

2215 5539 2547 5611 ἀρνήσηται,
2577 5538 2748 5604 λύσας
2801 5540 2995 5607 ἑαυτὸν
3052 5540 3161 5594 ἀπὸ
3206 5541 3434 5607 τούτων,
3464 5542 3586 5595 τότε
3625 5551 3768 5609 προπ-

2221 5631 2507 5703 καρτερῶν
2534 5630 2612 5697 τῷ
2644 5633 2835 5706 Κυρίῳ
2863 5634 2960 5688 καὶ
2992 5633 3290 5705 σχολάζων,
3314 5633 3537 5687 δύναται
3570 5630 3766 5701 γνῶναι,

599 5789 637 5820 ³⁷
670 5789 803 5844 Luc.
846 5807 923 5859 XI,
966 5791 1053 5862 lli;
1090 5792 1283 5853 Matth.
1323 5810 1421 5860 vn,
1461 5795 1511 5848 7.
1600 5794 1639 5826 ³⁸
1678 5792 1788 5850 Tit.
1832 5808 1869 5859 ι,
1909 5791 1961 5845 2.
2042 5790 2084 5821 ¹⁹
2121 5788 2322 5863 Eplies.
2366 5803 2441 5859 vt,
2475 5785 2560 5844 1'2.
2610 5801 2725 5864 seq.
