3966 6516
143 324 252 397 ϐ.δῖ

1318 324 1693 392 ΗΟΜΗᾸΕ.
1718 350 1793 367 ·-·
1810 324 2002 391 ΗΟΜ.
2043 324 2213 392 XXI.

3312 329 3431 394 658

142 442 229 495 ὅτι
266 441 423 494 Ξστιν
455 436 515 492 ἐν
542 438 612 509 τῇ
644 436 849 510 καρδία
874 434 1010 508 ἄλλη
1044 435 1215 510 πάλη,
1249 437 1386 511 άλλη
1416 440 1735 504 ἐναντίωσις

1840 440 2061 511 poterit,
2091 454 2216 497 esse
2242 440 2302 496 in
2333 438 2497 499 corde
2526 440 2691 498 aliam
2719 442 2949 507 luctam,
2988 440 3153 497 aliam
3197 450 3426 497 contra-

149 529 397 604 κρυπτὴ,
429 529 529 585 καὶ
582 528 743 593 ἄλλος
808 527 1050 599 πόλεμος
1094 529 1372 599 λογισμῶν
1413 531 1737 602 πνευμάτων

150 623 441 695 πονηρίας,
494 622 593 677 καὶ
627 620 789 687 ἄλλος
826 620 979 692 ἀγὼν
1032 621 1343 693 πρόκειται.
1405 623 1517 678 Kal
1566 622 1741 686 οὕτως

148 716 379 773 δύναται
413 714 753 788 παραμένων
790 716 888 769 καὶ
936 713 1369 785 ἐπικαλούμενος
1408 714 1500 768 τὸν
1534 712 1741 786 Κύριον

147 811 209 862 ἐν
262 807 448 861 πίστει
481 807 790 879 ἀδιστάκτῳ
846 807 945 862 καὶ
980 806 1229 879 ὑπομονῇ
1259 805 1456 879 πολλῇ,
1496 806 1594 861 καὶ
1640 806 1740 878 τὴν

150 900 289 970 παρ’
317 898 482 954 αὐτοῦ
507 899 761 972 βοήθειαν
781 900 1165 971 ἐκδεχόμενος,
1186 902 1374 972 τυχεῖν
1400 899 1612 955 ἐκεῖθεν
1638 901 1741 972 τῆς

147 993 370 1047 ἔνδοθεν
419 993 745 1063 λυτρὼσεως
798 994 907 1048 τῶν
940 994 1178 1066 δεσμῶν,
1214 993 1309 1048 καὶ
1353 993 1583 1066 τριχῶν,
1643 995 1741 1049 καὶ

146 1085 450 1156 φραγμῶν,
485 1087 578 1141 καὶ
612 1086 839 1151 σκότους
885 1088 1214 1158 πνευμάτων
1266 1086 1553 1158 πονηρίας,
1594 1087 1738 1159 ἅπερ

147 1177 293 1231 είσὶν
325 1178 387 1231 ai
414 1178 521 1231 τῶν
555 1177 815 1248 κρυπτῶν
843 1178 1036 1232 παθῶν
1068 1178 1362 1250 ἐνέργειαι.

223 1271 296 1322 Δ⁰.
335 1262 505 1334 Οὗτος
533 1269 591 1322 δὲ
626 1272 653 1323 ὁ
679 1269 914 1341 πόλεμος
939 1270 1030 1324 διὰ
1063 1270 1285 1342 χάριτος
1332 1271 1431 1326 καὶ
1456 1271 1741 1343 δυνάμεως

148 1360 291 1416 Θεοῦ
334 1361 731 1431 καταργεῐσθαι
753 1361 1007 1416 δύναται·
1043 1361 1112 1415 δι’
1160 1361 1356 1417 ἐαυτοῦ
1387 1362 1495 1434 γάρ
1530 1380 1615 1427 τις
1641 1363 1741 1434 ῥύ-

152 1454 358 1507 σασθαι
398 1454 589 1507 ἐαυτὸν
643 1454 743 1524 τῆς
790 1454 1189 1526 ἐναντιότητος,
1224 1456 1319 1508 καὶ
1368 1455 1579 1527 πλάνης
1630 1454 1740 1509 τῶν

146 1544 455 1616 λογισμῶν,
504 1546 597 1600 καὶ
649 1546 840 1601 παθῶν
884 1547 1137 1619 ἀοράτων
1185 1547 1281 1601 καὶ
1333 1548 1594 1619 μηχανῶν
1642 1546 1738 1601 τοῦ

147 1636 418 1707 πονηροῦ,
448 1636 721 1693 ἀδυνατεῖ.
772 1636 836 1690 Εί
887 1637 944 1690 δὲ
982 1638 1041 1691 ἐν
1094 1638 1209 1701 τοῖς
1258 1638 1608 1709 φαινομένοις
1656 1656 1742 1704 τις

144 1727 400 1797 ἐνέχεται
422 1725 516 1779 τοῦ
555 1726 761 1798 κόσμου
805 1728 1000 1782 τούτου
1050 1729 1366 1801 πράγμασι,
1393 1729 1487 1782 καὶ
1516 1727 1735 1798 δεσμοῖς

148 1816 425 1879 ποικίλοις
454 1817 667 1887 γηῖνοις
691 1816 1093 1888 ἐμπέπλεκται,
1139 1818 1235 1871 καὶ
1260 1818 1374 1881 τοῖς
1406 1817 1606 1873 πάθεσι
1632 1818 1734 1889 τῆς
1764 1801 1807 1858 Β

143 1911 353 1971 κακίας
402 1910 816 1979 συναπάγεται,
871 1910 992 1965 οὐδὲ
1045 1909 1399 1978 ἐπιγινώσκει
1443 1912 1528 1965 ὅτι
1578 1910 1737 1965 ἔστιν

145 2000 288 2070 ἄλλη
322 2002 468 2073 πάλη
513 2002 607 2055 καὶ
645 2001 824 2073 πυκτὴ
869 2004 963 2057 καὶ
1011 2002 1246 2073 πόλεμος
1291 2002 1440 2058 ἔνδον
1461 2020 1476 2035 ·
1526 2004 1737 2072 γένοιτο

144 2095 283 2164 γὰρ,
339 2095 426 2149 ἵνα
470 2095 599 2147 ὅταν
642 2111 728 2157 τις
769 2094 877 2166 ἄρῃ
911 2095 1106 2149 ἑαυτὸν
1158 2095 1589 2164 ἀγωνισάμενος,
1640 2097 1737 2150 καὶ

141 2187 287 2258 λυσῃ
324 2187 516 2240 ἑαυτὸν
549 2186 660 2241 ἀπὸ
694 2186 903 2240 τούτων
955 2185 1066 2241 τῶν
1118 2188 1467 2257 φαινομένων
1521 2186 1737 2256 δεσμῶν

145 2276 438 2347 κοσμικῶν
460 2277 555 2329 καί
578 2275 779 2330 ὑλικῶν
809 2275 1176 2347 πραγμάτων,
1196 2277 1292 2330 καὶ
1318 2276 1518 2346 ἡδονῶν
1542 2294 1739 2347 σαρκι·

147 2370 289 2433 κῶν,
324 2372 418 2425 καὶ
459 2370 695 2442 ἄρξηται
725 2370 802 2440 τῷ
832 2370 1025 2445 Κυρίω
1068 2358 1528 2442 προσκαρτερεῖν,
1562 2372 1737 2427 κενῶν

144 2461 343 2516 ἑαυτὸν
396 2461 505 2515 ἀπὸ
558 2460 652 2513 τοῦ
708 2461 914 2529 κόσμου
967 2459 1181 2523 τούτου,
1218 2460 1320 2513 κάν
1358 2461 1477 2514 τότε
1532 2461 1734 2535 δυνηθῇ

145 2552 455 2622 ιπιγνῶναι
486 2552 587 2623 τὴν
615 2552 763 2606 ἔνδον
785 2551 962 2621 πάλην
990 2550 1101 2604 τῶν
1124 2550 1314 2607 παθῶν
1348 2551 1741 2624 αὺλιζομὲνην,

146 2642 245 2696 καὶ
267 2642 365 2695 τὸν
384 2641 534 2695 ἔνδον
553 2641 813 2712 πόλεμον,
841 2639 938 2694 xal
967 2640 1092 2704 τοὺς
1115 2642 1386 2713 πονηροὺς
1400 2643 1698 2713 λογισμούς
1716 2660 1742 2687 ο.

143 2734 241 2788 ἐάν
275 2734 389 2805 γὰρ
430 2734 527 2806 μὴ,
580 2734 655 2798 ὼς
681 2733 1027 2805 προέφημεν,
1075 2734 1489 2804 ἀγωνισάμενος
1557 2736 1734 2808 ἀρνή-

144 2844 315 2897 σηται
343 2826 436 2880 τὸν
469 2826 695 2897 κόσμον,
731 2828 827 2881 καὶ
855 2826 995 2898 λύσῃ
1027 2827 1224 2880 ἑαυτὸν
1254 2828 1363 2881 ἀπὸ
1386 2828 1495 2881 τῶν
1529 2830 1737 2901 γηΐνων

143 2918 461 2988 ἐπιθυμιῶν
494 2918 554 2984 ἐξ
592 2917 721 2989 ὅλης
758 2917 1008 2989 καρδίας,
1041 2917 1136 2972 καὶ
1186 2917 1307 2983 ὅλος
1339 2919 1403 2985 ἐξ
1430 2919 1553 2973 ὅλου
1607 2921 1733 2993 θέλῃ

141 3012 587 3085 προσκολλᾶσθαι
632 3010 711 3083 τῷ
776 3012 998 3083 Κυρίῳ,
1049 3011 1150 3066 οὐκ
1206 3011 1559 3083 ἐπιγινώσκει
1626 3014 1738 3069 τῶν

1842 532 2094 588 rietatem
2164 531 2469 600 occultam,
2542 534 2693 591 aliud
2755 534 2963 592 bellum
3029 534 3425 606 cogitationum

1840 623 2140 694 spirituum
2178 625 2457 695 nequitiae,
2507 632 2673 696 atque
2708 626 2860 682 aliud
2898 635 3179 681 certamen
3212 625 3427 695 impen-

1840 713 1991 770 dere.
2024 713 2131 781 Qui
2176 715 2257 771 sic
2288 723 2610 786 perseverat
2635 715 2693 770 in
2721 716 3067 771 invocatione
3097 714 3337 777 Domini.
3369 715 3428 770 in

1841 804 1949 861 ﬁde
1995 804 2306 861 indubitata
2363 821 2429 862 ac
2463 807 2755 862 tolerantia
2785 808 2978 872 multa,
3014 808 3245 878 ejusque
3266 806 3429 861 auxi-

1839 898 1980 953 lium
2015 906 2316 969 exspectat,
2370 900 2574 971 poterit
2619 900 2746 955 inde
2792 899 3060 972 consequi
3104 900 3428 956 interiorem

1840 990 2226 1047 liberationem
2271 1006 2304 1046 a
2347 991 2581 1063 laqueis,
2630 992 2804 1059 tricis,
2869 992 3029 1047 vallis
3076 1000 3136 1048 et
3178 992 3428 1050 tenebris

1840 1084 2135 1155 spirituum
2160 1084 2443 1153 nequitize,
2483 1100 2607 1156 qua:
2644 1093 2775 1140 sunt
2798 1086 3145 1141 occultarum
3175 1084 3426 1141 aﬂectio-

1840 1192 1974 1232 num
2002 1175 2375 1246 operationes.

1913 1270 1999 1326 IV.
2041 1270 2157 1325 Hoc
2188 1278 2373 1325 autem
2409 1270 2613 1326 bellum
2647 1285 2746 1340 per
2781 1270 3017 1342 gratiam
3062 1280 3120 1327 et
3162 1272 3427 1327 virtutem

1839 1366 1938 1422 Dei
1963 1364 2160 1422 conﬁci
2184 1374 2383 1435 potest.
2408 1363 2520 1419 Sua
2546 1364 2696 1420 enim
2719 1365 2929 1420 virtute
2954 1379 2986 1419 a
3007 1364 3424 1430 contrarietate,

1837 1462 1949 1533 87
1981 1470 2037 1518 et
2069 1476 2260 1519 errore
2292 1460 2712 1532 cogitationum,
2753 1469 2811 1516 et
2847 1460 3201 1516 atl‘ectionum
3232 1460 3427 1515 invisi-

1838 1553 2059 1619 bilium,
2106 1562 2167 1609 et
2216 1553 2719 1609 machinationibus
2771 1553 2918 1608 illius
2962 1552 3310 1623 nequissimi,
3367 1567 3429 1607 se

1836 1646 2041 1716 aliquis
2077 1645 2317 1701 liberare
2348 1646 2561 1717 nequit.
2606 1644 2763 1712 Quod
2797 1645 2841 1701 si
2878 1643 3027 1716 quis,
3070 1643 3430 1700 saecularibus

1839 1738 2008 1810 hujus
2056 1739 2251 1794 mundi
2302 1737 2469 1794 rebus
2526 1736 2807 1800 detentus,
2864 1738 3139 1807 variisque
3191 1737 3429 1792 vinculis

1838 1832 2075 1888 terrenis
2095 1831 2428 1902 implicatus,
2453 1829 2840 1886 affectionibus
2860 1831 3082 1885 malitiae
3099 1829 3426 1895 seducatur;

1838 1939 2071 1995 prorsus
2102 1939 2213 1979 non
2242 1938 2579 1995 cognoscere
2603 1931 2807 1994 potest,
2842 1924 3007 1977 aliam
3041 1938 3164 1978 esse
3192 1923 3424 1984 luctam.

1838 2032 2077 2089 pugnam
2122 2024 2181 2072 et
2229 2015 2438 2071 bellum
2475 2016 2775 2071 internum.
2829 2015 2975 2071 Fieri
3025 2015 3172 2070 enim
3222 2024 3426 2084 potest,

1838 2118 1935 2174 ut,
1985 2110 2033 2166 si
2072 2109 2199 2182 quis
2247 2108 2565 2165 dimicando
2612 2123 2673 2164 se
2713 2109 2917 2164 eximat
2966 2118 3132 2178 atque
3178 2108 3429 2162 exsolvat

1837 2204 1909 2260 ab
1954 2205 2042 2260 bis
2084 2204 2327 2260 externis
2348 2202 2589 2258 vinculis
2613 2201 2930 2262 mundanis,
2954 2216 3018 2255 ac
3048 2200 3428 2256 materialibus

1836 2296 2028 2364 rebus,
2059 2305 2117 2352 et
2155 2294 2533 2365 voluptatibus
2577 2295 2783 2352 carnis.
2821 2292 3161 2363 incipiatque
3196 2292 3429 2347 Domino

1839 2389 2161 2454 adhaerere,
2213 2386 2458 2456 spolians
2505 2400 2565 2441 se
2612 2385 2717 2441 hoc
2767 2385 2998 2449 saeculo,
3048 2384 3241 2457 utique
3295 2392 3429 2439 tunc

1837 2481 2013 2553 possit
2052 2480 2376 2551 dignoscere
2408 2493 2647 2550 pugnam
2677 2476 3037 2533 aﬂ‘ectionutn
3066 2476 3217 2530 intus
3247 2484 3435 2533 castra

1839 2581 2158 2635 metantem,
2190 2571 2512 2626 intestinum
2540 2569 2770 2635 bellum,
2794 2576 2960 2638 atque
2993 2584 3191 2638 pravas
3222 2570 3429 2639 cogita-

1839 2666 2041 2730 tiones.
2106 2663 2224 2719 Nisi
2285 2664 2472 2729 enim,
2536 2671 2597 2717 ut
2654 2660 3046 2733 praediximus,
3109 2660 3441 2716 dimicando.

1838 2757 2190 2829 abnegaverit
2251 2756 2520 2811 mundum
2567 2764 2625 2810 et
2681 2753 2990 2824 expedierit
3047 2768 3106 2809 se
3159 2754 3341 2824 ipsum
3395 2770 3428 2810 e

1839 2852 2076 2908 terrenis
2108 2850 2505 2922 cupiditatibus
2534 2865 2600 2905 ex
2643 2857 2759 2906 toto
2790 2850 2979 2914 corde,
3009 2858 3269 2918 totusque
3310 2864 3431 2904 om-

1838 2942 1975 2997 nino
2006 2940 2240 2995 Domino
2287 2938 2615 3011 agglutinari
2660 2938 2924 3005 voluerit,
2972 2953 3083 2992 non
3134 2946 3433 3009 cognoscet

1837 3035 2181 3091 occultorum
2222 3032 2520 3103 spirituum
2550 3031 2770 3097 malitiae
2793 3029 3200 3100 deceptionem,
3262 3037 3442 3100 atque

144 3106 416 3179 κρυπτῶν
446 3109 773 3177 πνευμάτων
800 3106 901 3177 τῆς
935 3106 1205 3177 πονηρίας
1231 3106 1331 3177 τὴν
1377 3107 1609 3178 πλάνην,
1639 3110 1734 3162 καὶ

1840 3127 2081 3183 occultas
2124 3125 2348 3185 malitiae
2392 3123 2744 3186 amactiones;
2782 3122 2879 3178 sed
2922 3133 3009 3179 est
3055 3123 3271 3179 alienus
3321 3124 3429 3179 sibi

138 3203 210 3256 τὰ
240 3202 468 3275 κρυπτά
509 3204 609 3273 τῆς
659 3201 859 3265 κακίας
888 3200 1060 3272 πάθη,
1109 3200 1227 3255 ἀλλ’
1270 3199 1419 3255 ἐστιν
1454 3200 1735 3273 ἀλλότριος

142 3296 368 3358 ἑαυτοῦ,
420 3295 492 3361 ὡς
542 3295 644 3349 οὐκ
694 3288 803 3348 οἵδε
854 3293 1146 3365 τραύματα
1173 3335 1188 3360 ,
1243 3295 1340 3349 καὶ
1384 3294 1532 3364 πάθη
1595 3296 1736 3367 ἔχων

142 3388 375 3459 κρυπτά
426 3388 521 3442 καὶ
553 3386 801 3453 ἀγνοῶν
832 3384 913 3440 ἔτι
953 3386 1010 3440 δὲ
1055 3386 1138 3451 εἰς
1166 3386 1237 3441 τά
1288 3387 1592 3459 φαινόμενα
1644 3386 1733 3441 δέ·

141 3482 322 3547 δεται,
362 3481 462 3535 καὶ
513 3480 591 3544 είς
621 3479 689 3533 τά
736 3476 833 3532 τοῦ
886 3478 1096 3551 κόσμου
1142 3478 1446 3551 πράγματα
1488 3478 1733 3550 ἐνέχεται

141 3575 310 3630 ἑκών.

215 3667 298 3721 Ε’.
345 3666 405 3720 ’0
447 3666 557 3739 γὰρ
588 3666 975 3738 ἀρνησάμενος
1003 3664 1147 3719 κατά
1192 3662 1456 3735 ἀλήθειαν
1498 3664 1590 3718 τὸν
1638 3665 1735 3719 κόι-

146 3777 313 3831 σμον,
346 3759 442 3814 καὶ
471 3758 906 3829 ἀγωνισάμενος,
934 3755 1030 3811 καὶ
1055 3755 1370 3829 ἀπορρίψας
1409 3758 1503 3826 ἀφ’
1534 3757 1733 3811 ἑαυτοῦ

141 3853 205 3906 τὸ
263 3851 490 3925 φορτίον
513 3852 613 3920 τῆς
642 3851 769 3921 γῆς,
804 3849 900 3903 καὶ
948 3848 1058 3902 τῶν
1108 3848 1352 3919 ματαίων
1406 3847 1731 3919 ἐπιθυμιῶν,

138 3947 237 4001 καὶ⁵
284 3945 496 4018 ἡδονῶν
549 3942 853 4015 σαρκικῶν,
884 3943 980 3996 καὶ
1012 3942 1195 4013 δόξης,
1252 3942 1350 3996 καὶ
1402 3942 1599 4015 ἀρχῆς,
1640 3944 1735 3997 καὶ

135 4042 330 4113 τιμῶν
358 4038 718 4112 ἀνθρωπίνων
743 4039 882 4109 ἄρας
904 4038 1118 4103 ἑαυτὸν,
1145 4037 1243 4091 καὶ
1269 4036 1329 4102 ἐξ
1347 4037 1474 4105 ὅλης
1504 4036 1734 4107 καρδίας

134 4132 344 4188 τοῦτον
380 4129 711 4200 ἀπαγαγὼν,
744 4130 905 4185 ὁπότε
934 4130 1031 4185 καὶ
1063 4130 1142 4195 είς
1158 4128 1347 4183 τοῦτον
1380 4128 1472 4182 τὸν
1498 4128 1733 4199 φανερὸν

132 4223 341 4293 ἀγῶνα
380 4222 409 4275 ό
452 4221 657 4294 Κύριος
694 4220 957 4288 κρυπτῶς
1005 4219 1209 4292 βοηθεῖ,
1246 4217 1386 4273 κατὰ
1421 4218 1483 4272 τὸ
1535 4219 1736 4291 μέτρον

131 4316 236 4387 τῆς
268 4315 561 4387 ἀρνήσεως
589 4314 687 4367 τοῦ
723 4312 1030 4385 θελήματος
1057 4311 1154 4367 τοῦ
1185 4313 1416 4383 κόσμου,
1464 4314 1558 4368 καὶ
1599 4330 1733 4367 στα-

130 4401 254 4466 θεὶς
286 4402 375 4466 είς
420 4402 519 4474 τὴν
548 4401 645 4456 τοῦ
675 4402 883 4475 Κυρίου
914 4401 1198 4475 λατρείαν,
1244 4405 1342 4457 καὶ
1381 4419 1729 4475 προσκαρτε-

1838 3220 1961 3290 ipsi,
1989 3218 2164 3289 utqui
2186 3233 2295 3273 non
2321 3224 2616 3287 cognoscat
2639 3215 2892 3278 vulnera,
2917 3222 3082 3286 atque
3107 3214 3431 3271 atl‘ectioncs

1837 3314 2039 3369 habeat
2070 3313 2337 3374 occultas,
2367 3310 2463 3376 vel.
2498 3309 2796 3380 ignorans:
2841 3308 3024 3365 adhuc
3062 3306 3211 3362 enim
3261 3308 3436 3366 rebus.

1836 3405 2082 3463 externis
2127 3403 2349 3460 deditus
2398 3409 2504 3460 cst.
2554 3410 2719 3472 atque
2762 3400 2931 3474 hujus
2970 3398 3163 3454 mundi
3189 3414 3431 3470 occupa-

1835 3499 2082 3556 tionibus
2111 3497 2306 3553 volens
2339 3504 2579 3552 tenetur.

1907 3674 1972 3732 ν.
2008 3674 2113 3742 Qui
2140 3674 2290 3730 enim
2341 3672 2553 3729 mundo
2590 3688 2782 3729 revera
2819 3670 3092 3743 abnegato
3121 3669 3431 3726 dimicave~

1835 3764 1930 3829 rit,
1953 3780 2021 3819 ac
2050 3763 2269 3833 pondus
2307 3770 2591 3819 terrenum
2619 3779 2649 3818 a
2691 3779 2749 3818 se
2789 3762 3092 3834 projecerit
3121 3774 3187 3816 ac
3214 3776 3246 3817 a
3271 3760 3436 3824 vanis

1834 3855 2237 3927 cupiditatibus
2273 3871 2339 3911 ac
2364 3855 2745 3925 voluptatibus
2772 3855 2979 3921 carnis,
3004 3853 3215 3926 gloriae,
3263 3854 3429 3924 prin-t

1836 3949 2073 4021 cipatus,
2115 3960 2173 4006 et
2218 3950 2495 4005 bonorum
2534 3950 2906 4004 humanorum
2937 3964 2997 4004 se
3027 3948 3209 4019 ipsum
3256 3963 3429 4019 expe-t

1836 4039 2025 4105 dierit,
2069 4046 2237 4110 atque
2275 4054 2344 4095 ex
2395 4046 2514 4095 toto
2563 4039 2730 4095 corde
2756 4054 2815 4095 se
2864 4038 3046 4110 ipsum
3079 4037 3434 4108 avocaverit.~

1834 4140 2195 4202 posteaquam
2234 4128 2289 4183 in
2318 4129 2427 4184 hoc
2459 4136 2654 4200 aperto
2690 4128 2997 4183 certamine
3034 4126 3305 4182 Dominus
3335 4140 3423 4180 θος

1834 4231 1990 4278 creto
2038 4221 2321 4292 suppetias
2365 4219 2496 4284 fert,
2542 4235 2649 4290 pro
2686 4219 2852 4275 modo
2900 4218 3207 4274 voluntatis
3256 4216 3445 4276 abne-x

1834 4310 2018 4386 gantis
2048 4311 2317 4368 mundum
2346 4329 2361 4364 :
2391 4321 2558 4382 atque
2587 4312 2678 4367 ille
2707 4310 3016 4383 perstiterit
3040 4310 3095 4365 in
3134 4310 3285 4365 cultu
3318 4310 3442 4368 Do~.

1836 4405 1995 4473 mini,
2030 4420 2094 4461 ac
2129 4405 2538 4471 totusomnino,
2567 4419 2826 4475 corpore,
2848 4404 3099 4474 inquam,
3123 4413 3180 4459 et
3210 4403 3428 4469 anima,

132 4493 327 4565 ρήσας
357 4491 474 4557 ὅλος
502 4491 564 4557 ἐξ
593 4491 738 4554 ὅλου,
764 4490 981 4561 σώματι
1011 4491 1109 4546 καὶ
1144 4489 1291 4563 ψυχῇ
1320 4489 1487 4559 λέγω,
1524 4492 1732 4555 ἐκεῖνος

1840 4499 2268 4572 perduraverit:
2327 4498 2421 4555 ille
2456 4514 2590 4554 vero
2640 4497 2852 4570 reperit
2876 4498 3320 4569 repugnantiam,
3347 4496 3431 4551 af-

130 4588 395 4659 εὐρίσκει
429 4586 802 4656 ἐναντιότητα,
836 4585 930 4638 καὶ
955 4583 1103 4655 πάθη
1127 4583 1349 4656 κρυπτά
1373 4582 1468 4637 καὶ
1495 4582 1730 4654 δεσμοὺς

127 4679 437 4750 ἀοράτους,
477 4679 572 4732 καὶ
623 4678 860 4749 πόλεμον
917 4676 1136 4747 ἀφανῆ,
1202 4675 1297 4729 καὶ
1356 4675 1568 4745 ἀγῶνα,
1636 4674 1731 4728 καὶ

126 4768 377 4841 ἄθλησιν
409 4769 702 4839 κρυπτήνσ
750 4768 844 4822 καὶ
889 4766 1063 4831 οὕτως
1108 4766 1319 4839 δεηθεὶς
1360 4766 1457 4821 τοῦ
1494 4767 1727 4839 Κυρίου,

127 4862 230 4917 καὶ
267 4860 457 4915 λαϐὼν
490 4861 630 4915 ὅπλα
670 4861 731 4926 ἐξ
767 4858 1001 4931 οὐρανοῦ
1042 4857 1137 4913 τοῦ
1177 4858 1517 4931 Πνεῦματος,
1541 4859 1731 4933 ῶσπερ

127 4952 436 5018 κατέλεξεν
470 4954 499 5007 ό
531 4954 803 5024 μακάριος
844 4951 1187 5017 Ἀπόστολος,
1221 4954 1336 5008 Τὸν
1360 4951 1597 5022 θώρακα
1622 4953 1733 5022 τῆς

126 5046 570 5113 δικαιοσύνης,
614 5044 715 5100 καί
745 5046 862 5114 τὴν
896 5045 1374 5114 περικεφαλαίαν
1405 5043 1514 5099 τοῦ
1542 5059 1736 5109 σωτη-

118 5138 294 5206 ρίου,
353 5138 453 5190 και
510 5135 619 5189 τὸν
651 5137 869 5205 θυρεὸν
898 5135 1009 5204 τῆς
1043 5137 1322 5201 πίστεως,
1356 5135 1457 5190 καὶ
1478 5134 1594 5204 τὴν
1616 5137 1734 5206 μά-

127 5246 364 5300 χαιραν
383 5228 492 5283 τοῦ
515 5230 882 5299 Πνεύμιιτος,
902 5232 996 5284 xal
1015 5230 1103 5284 διὰ
1125 5229 1330 5284 τούτων
1347 5229 1730 5299 ὁπλισάμενος,

123 5323 439 5393 δυνήσεται
474 5322 665 5393 στῆναι
698 5323 835 5393 πρὸς
870 5321 970 5386 τάς
1012 5321 1265 5393 κρυπτὰς
1313 5321 1595 5393 μεθοδείας
1633 5319 1729 5375 τοῦ

124 5415 397 5470 διαϐόλου
426 5416 485 5469 ἐν
514 5416 636 5480 ταῖς
665 5413 995 5481 ἐνεστὼσαις
1029 5417 1343 5487 πονηρίαις.
1382 5416 1562 5487 "Amp
1588 5416 1732 5471 ὅπλα

123 5507 219 5562 διὰ
264 5506 461 5577 πάσης
509 5507 842 5578 προσευχῆς,
889 5508 985 5562 καὶ
1042 5508 1596 5580 προσκαρτερήσεως,
1637 5507 1734 5563 καὶ

124 5600 407 5673 ἰεήσεως,
437 5598 534 5653 καὶ
573 5598 850 5669 νηστείας,
883 5598 944 5654 τὸ
987 5598 1043 5654 δὲ
1074 5600 1182 5655 πᾶν
1229 5599 1317 5655 διὰ
1350 5600 1447 5673 τῆς
1496 5600 1733 5665 πίστεως

195 5779 253 5818 ⁸⁸
305 5777 513 5850 Ephes.
543 5793 616 5841 vt,
646 5777 731 5834 Η.

1838 4592 2107 4649 lectiones
2145 4592 2417 4653 occultas,
2455 4592 2685 4661 laqueos
2726 4589 3060 4653 invisibiles,
3084 4590 3289 4645 bellum
3331 4604 3431 4643 οε,

1839 4684 2074 4751 cultum,
2107 4692 2391 4739 certamen
2431 4693 2598 4754 atque
2633 4698 2875 4755 pugnam
2904 4685 3202 4738 internam.
3244 4680 3429 4751 Atque

1836 4777 1918 4833 sic
1942 4777 2115 4832 Deum
2146 4776 2445 4831 obsecrans
2479 4776 2683 4846 accipit
2720 4775 2945 4831 coalitus
2978 4789 3130 4828 arma
3162 4772 3425 4843 Spiritus,

1837 4885 1962 4940 qua
1982 4867 2265 4924 recensuit
2289 4867 2485 4924 beatus
2509 4867 2843 4938 Apostolus:
2877 4866 3160 4920 Thoracem
3187 4864 3438 4933 iustitiw,_

1836 4961 2050 5033 galeam
2064 4960 2341 5025 salutaris,
2359 4958 2707 5028 scutumﬁdei
2754 4968 2803 5012 et
2828 4957 3070 5030 gladium
3092 4956 3331 5029 Spiritus
3354 4956 3422 5009 ’°.

1835 5049 2051 5116 Quibus
2103 5049 2275 5104 armis
2331 5049 2653 5105 succinctus
2704 5058 2853 5104 stare
2918 5056 3102 5119 potest
3154 5046 3426 5101 adversus

1835 5142 2085 5198 occultas
2137 5143 2367 5200 teebnas
2422 5141 2630 5197 diaboli
2692 5140 2925 5197 malitiis
2982 5138 3437 5205 imminentibus.

1837 5233 2051 5302 Quibus
2099 5234 2271 5291 armis
2305 5235 2455 5290 omni
2510 5233 2784 5295 oratione,
2828 5233 3297 5304 perseveratione,
3329 5230 3434 5286 ob-t

1838 5328 2149 5383 sccrationc
2202 5343 2269 5383 ac
2321 5327 2555 5398 jejunio,
2604 5327 2716 5381 imo
2746 5341 2878 5380 vero
2910 5340 3010 5395 per
3035 5322 3199 5380 ﬁdem
3232 5324 3426 5394 acqui-

1840 5418 1982 5481 sitis,
2029 5418 2237 5473 bellum
2274 5418 2543 5474 adversus
2583 5418 2962 5489 principatus,
2994 5427 3053 5473 et
3092 5424 3433 5487 potestates,

1837 5523 1903 5564 ac
1942 5516 2187 5563 rectores
2231 5506 2422 5561 mundi
2458 5522 2653 5578 gerere
2680 5506 2922 5577 poterit:
2961 5504 3153 5577 sicque
3184 5503 3437 5563 devictis.

1840 5599 2172 5659 adversariis
2206 5598 2600 5671 potestatibus,
2651 5598 2924 5656 beneﬁcio
2968 5609 3026 5656 et
3056 5596 3266 5654 auxilio
3296 5594 3441 5667 Spit
