3966 6538
161 350 269 421 661

1226 354 1601 417 HOMILIE.
1629 380 1699 393 --
1727 353 1920 418 HOM.
1955 353 2371 417 ΧΧΙΙ-ΧΧΝ.

3347 354 3455 419 (ἱῦὲ

171 478 322 536 ρακα
356 460 519 531 λέγω,
548 462 645 517 καὶ
663 461 734 516 τὰ
760 462 1151 533 κατάφρακτα,
1180 465 1277 519 καὶ⁵
1300 466 1515 537 πρῶτον
1538 466 1752 538 χαλινὸν

1864 466 1984 533 mis,
2010 465 2264 533 thorace,
2320 464 2570 536 inquam,
2621 473 2680 521 et
2724 464 2922 532 lorica,
2971 479 3213 537 eumque
3264 468 3452 538 priore

161 554 440 626 κρεμιῖωι,
471 555 569 609 καὶ
614 554 923 609 συσσείουσι
964 556 1252 612 κατέναντι
1298 558 1411 614 τῶν
1454 560 1752 631 ὀφθαλμῶν

159 644 357 705 αὐτοῦ,
386 644 525 714 πρὸς
553 643 617 697 τὸ
646 643 1052 717 συνεθισθῆναι,
1088 648 1181 701 καὶ
1230 648 1307 719 μὴ
1341 649 1750 722 ἀποπτηγῆναιο

155 739 337 801 οῦτως
370 738 756 809 διδασκόμενος
786 738 892 791 ὑπὸ
926 737 1019 792 τοῦ
1060 739 1349 806 ὲπιδάτου,
1404 742 1455 793 εί
1509 741 1583 813 μὴ
1620 759 1753 812 μαν-

157 833 338 899 θάνει,
389 834 653 903 πολεμεῖν
698 835 760 888 οὑ
818 833 1068 889 δύναταιο
1105 835 1243 889 ὲπὰν
1303 836 1361 889 δὲ
1414 823 1596 909 μάθῃ,
1656 838 1753 891 καὶ

156 926 453 997 συνεθισθῇ
477 928 561 990 εἰς
578 926 669 980 τὸν
695 925 953 996 πόλεμον,
976 928 1105 981 ὅταν
1129 928 1410 1000 ὀσφρανθῇ
1428 930 1520 983 κα)⁵
1541 931 1753 1004 ἀκούσῃ

155 1020 351 1089 φωνὴν
380 1018 646 1088 πολέμου,
706 1018 871 1082 αὐτὸς
921 1019 1157 1090 ἑτοίμως
1207 1019 1425 1091 ἔρχεται
1479 1021 1574 1074 ἐπὶ
1625 1022 1753 1087 τοὺς

152 1109 425 1179 ιχθροὺς,
477 1108 620 1163 ὥστε
670 1108 775 1179 acad]
810 1108 910 1164 ἀπ’
961 1111 1135 1182 αὐτῆς
1182 1111 1284 1181 τῆς
1334 1113 1521 1183 φωνῆς
1582 1114 1754 1185 πτόη-

154 1217 247 1253 σιν
303 1201 552 1271 ἐμποιεῖν
614 1202 727 1263 τοῖς
802 1200 1100 1271 πολεμίοις.
1167 1201 1272 1255 Τὸν
1337 1202 1502 1255 αὑτὸν
1548 1203 1754 1275 τρόπον

152 1293 253 1346 καὶ
278 1295 314 1363 ἡ
364 1293 512 1363 ψυχὴ
562 1292 672 1347 ἀπὸ
726 1294 826 1363 τῆς
868 1293 1234 1365 παραϐάσεως
1266 1292 1401 1347 οῦσα
1428 1295 1597 1366 ἀγρία
1658 1296 1754 1351 καὶ

152 1383 534 1446 ἀνυπότακτος
561 1420 579 1448 ,
632 1384 689 1435 ὲν
742 1382 949 1454 ἐρημίᾳ
1014 1381 1112 1436 τοῦ
1187 1382 1393 1454 κόσμου
1459 1384 1751 1449 πελάζεται

156 1476 305 1546 μετὰ
362 1475 589 1547 θηρίων,
637 1475 751 1527 τῶν
782 1473 1110 1545 πνευμάτων
1164 1474 1267 1545 τῆς
1309 1475 1593 1547 πονηρίας,
1650 1476 1753 1548 τὴν

151 1566 439 1622 διακονίαν
470 1569 529 1621 ἐν
570 1568 639 1638 τῇ
671 1566 919 1637 ἁμαρτίᾳ
951 1566 1295 1637 κατέχουσα·
1324 1566 1453 1621 ὅταν
1484 1567 1547 1620 δὲ
1586 1566 1754 1622 ἀκού-

154 1676 234 1734 σῃ
296 1660 453 1730 λόγον
514 1658 652 1712 Θεοῦ
679 1700 694 1723 ,
734 1660 829 1712 καὶ
869 1658 1159 1731 πιστεύσῃ,
1231 1657 1748 1730 χαλιναγωγουμένη

150 1754 266 1807 ὑπὸ
310 1753 407 1807 τοῦ
458 1752 810 1823 Πνεύματος,
855 1750 1171 1805 ἀποτίθεται
1216 1750 1278 1804 τὸ
1323 1751 1514 1821 ἄγριον
1580 1747 1752 1823 ἦθος,

1854 562 2015 617 freno
2046 576 2319 632 suspenso
2341 601 2356 627 ,
2385 569 2443 616 et
2476 560 2683 633 agitato
2705 570 2835 617 ante
2856 561 3049 617 oculos
3070 562 3213 633 ejus,
3254 578 3450 618 assue-

1853 654 2086 718 faciunt,
2137 668 2207 707 ne
2263 652 2375 707 ullo
2444 662 2657 707 terrore
2706 651 3091 723 percutiatur;
3143 661 3308 724 atque
3367 654 3452 709 sic

1854 744 2090 799 edoctus
2116 742 2187 798 ab
2216 742 2515 807 insessore,
2544 742 2651 799 nisi
2674 743 2951 807 didicerit,
2981 743 3182 814 praelio
3217 753 3451 799 conten-

1854 835 1989 889 dere
2040 834 2269 905 nequit:
2308 834 2404 890 ubi
2458 849 2594 889 vero
2646 833 2928 901 didicerit,
2969 843 3025 891 et
3085 835 3232 891 bello
3283 836 3452 892 fuerit

1853 929 2218 994 assuefactus,
2251 928 2297 983 si
2342 927 2505 983 modo
2526 928 2858 994 suboluerit,
2905 937 2961 983 et
2991 930 3339 985 subaudierit
3360 946 3449 985 so-

1853 1037 1987 1077 num
2014 1021 2298 1086 bellicum,
2333 1020 2453 1091 ipse
2495 1020 2565 1074 ad
2586 1036 2654 1075 eo
2676 1028 2933 1092 prompte
2964 1022 3233 1078 adversus
3260 1023 3448 1078 hostes

1854 1112 2231 1184 progreditur,
2253 1121 2315 1167 ut
2340 1113 2457 1168 sola
2470 1126 2603 1168 voce
2617 1121 2887 1168 terrorem
2954 1110 3185 1165 incutiat
3262 1110 3401 1165 hosti
3420 1140 3446 1153 -

1854 1207 1975 1263 bus.
2000 1205 2210 1261 Eodem
2274 1219 2500 1276 quoque
2554 1204 2720 1259 modo
2770 1204 2954 1259 anima
2991 1212 3116 1273 post
3142 1212 3446 1271 transgres-

1857 1295 2066 1353 sionem
2093 1288 2326 1369 agrestis
2349 1305 2405 1353 et
2437 1296 2726 1361 indomita,
2753 1296 2807 1350 in
2828 1296 3047 1351 deserto
3073 1296 3240 1366 hujus
3258 1296 3450 1350 mundi

1855 1396 2218 1443 conversatur
2267 1403 2396 1442 cum
2437 1386 2592 1451 feris,
2646 1386 2935 1457 spiritibus
2980 1386 3197 1442 scilicet
3251 1387 3447 1457 nequi-

1854 1479 1965 1545 tiae,
2027 1478 2402 1533 ministerium
2461 1478 2519 1533 in
2572 1486 2801 1549 peccato
2866 1478 3083 1533 obiens.
3146 1479 3249 1536 Ubi
3318 1494 3450 1533 vero

1853 1569 2095 1626 audierit
2130 1568 2361 1625 verbum
2407 1570 2530 1637 Dei,
2584 1554 2649 1624 ac
2693 1568 3019 1633 crediderit,
3071 1569 3384 1624 refrenatur
3416 1585 3449 1624 a

1858 1663 2069 1734 Spiritu
2107 1678 2172 1718 ac
2201 1662 2432 1733 deponit
2470 1676 2653 1717 mores
2702 1670 2947 1733 agrestes
3000 1673 3056 1717 et
3089 1661 3455 1732 cogitationes

1855 1757 2059 1822 carnis,
2120 1756 2425 1827 gubernata
2458 1755 2527 1810 ab
2578 1756 2857 1811 insessore
2899 1756 3143 1811 Christo.
3175 1757 3366 1810 Postea
3394 1756 3451 1809 in

151 1846 259 1899 καὶ
306 1844 368 1900 τὸ
410 1844 678 1916 σαρκικὸν
713 1842 988 1915 φρόνημα,
1054 1842 1413 1913 ἠνιοχουμένη
1485 1842 1590 1897 ὑπὸ
1650 1844 1744 1897 τοῦ

1864 1846 2226 1910 amictionem,
2251 1844 2546 1901 edomandi
2569 1845 2782 1915 iugum,
2802 1852 2857 1898 et
2892 1843 3203 1914 angustiam
3230 1841 3448 1905 incidit,

149 1934 424 1990 ὲπιὸἀτου
466 1932 708 2005 Χριστοῦ
736 1948 752 1965 ο
812 1930 931 1985 εἶτα
972 1933 1053 1995 εἰς
1096 1931 1278 2000 θλῖψιν
1318 1932 1413 1985 καὶ
1435 1932 1748 2004 δαμασμὸν,

154 2029 261 2081 καὶ
299 2024 666 2098 στενοχωρίαν
698 2024 943 2095 ἔρχεται,
998 2023 1085 2087 είς-
1116 2021 1178 2076 τὸ
1210 2022 1609 2093 δοκιμασθῆναι
1650 2024 1752 2076 αὐ-

148 2119 284 2190 τὴν,
326 2118 413 2172 ἵνα
443 2118 565 2171 κατ’
597 2116 777 2185 ὀλίγον
811 2115 1077 2187 ἡμερωθῇ
1113 2115 1219 2169 ὑπὸ
1263 2115 1361 2169 τοῦ
1410 2114 1751 2186 Πνεύματος,

149 2208 528 2279 ἐκλειπούσης
582 2209 705 2261 κατ’
762 2206 943 2277 ὀλίγον
974 2206 1069 2259 καὶ
1112 2205 1523 2276 ἀφανιζομένης
1560 2206 1663 2276 τῆς
1696 2207 1754 2258 ἐν

149 2302 301 2371 αὐτῇ
334 2300 634 2372 ἁμαρτίας.
684 2298 794 2352 Καὶ
848 2296 1023 2360 οὕτως
1071 2298 1103 2367 ἡ
1134 2296 1285 2367 ψυχὴ
1322 2296 1624 2367 ἐνδυομένη
1661 2295 1753 2348 τὸν

149 2391 389 2463 θώρακα
416 2392 513 2461 τῆς
533 2389 900 2460 δικαιοσύνης,
942 2389 1035 2441 καὶ
1057 2388 1163 2459 τὴν
1193 2386 1633 2459 περικεφαλαίαν
1654 2386 1751 2440 τοῦ

150 2485 457 2555 σωτηρίου,
518 2484 613 2535 καὶ
667 2482 760 2535 τὸν
800 2480 993 2552 θυρεὸν
1040 2481 1139 2550 τῆς
1201 2481 1460 2546 πίστεως,
1502 2481 1598 2535 καὶ
1653 2482 1754 2553 τὴν

153 2578 447 2648 μάχαιραν
480 2574 575 2628 τοῦ
627 2573 973 2645 Πνεύματος,
1006 2573 1321 2628 διδάσκεται
1348 2573 1608 2644 πολεμεῖν
1640 2578 1753 2639 τοῖς

149 2670 381 2742 ἐχθροῖς
411 2669 595 2732 αὐτοῖς
618 2684 635 2700 ⁸
671 2669 761 2721 καὶ
795 2667 971 2731 οὕτως
1022 2667 1367 2738 ὀπλισαμένη
1412 2667 1492 2739 τῷ
1516 2669 1610 2722 τοῦ
1638 2672 1753 2724 κυ-

153 2764 280 2834 ρίου
329 2760 631 2832 Πνεύματι,
667 2761 1001 2829 ἀγωνίζεται
1029 2761 1165 2831 πρὸς
1214 2761 1284 2814 τὰ
1334 2762 1624 2833 πνεύματα
1654 2764 1754 2833 τῆς

148 2856 453 2927 πονηρίας,
520 2855 616 2909 καὶ
658 2854 728 2908 τὰ
770 2854 1144 2926 πεπυρωμένα
1194 2852 1324 2924 βέλη
1371 2854 1465 2907 τοῦ
1514 2854 1752 2926 πονηροῦ

150 2950 440 3003 σὸέννυσι.
477 2949 664 3019 Χωρὶς
692 2949 803 3019 γὰρ
827 2947 937 3001 τῶν
963 2947 1058 3001 τοῦ
1083 2948 1223 3002 Πνεύ
1234 2964 1401 3019 ματος
1426 2947 1629 3011 ὃπλων,
1654 2946 1755 3021 ούκ

148 3042 453 3111 ἀνέρχεται
486 3041 566 3103 εἰς
619 3039 963 3110 παράταξινο
1017 3039 1217 3111 ἔχουσα
1271 3039 1328 3093 δὲ
1379 3041 1449 3092 τὰ
1478 3038 1619 3092 ὅπλα
1657 3037 1752 3092 τοῦ

149 3133 395 3204 Κυρίου,
428 3133 557 3186 ὃταν
593 3132 801 3203 ἀκούσῃ
842 3133 937 3185 καὶ
992 3131 1255 3201 αῐσθηται
1314 3130 1563 3203 σφοδρῶν
1595 3130 1754 3185 πολέ-

153 3246 305 3299 μων,
340 3230 398 3282 ὲν
414 3228 764 3299 ἀλαλάγματι
791 3228 884 3280 καί
906 3229 1120 3298 κραυγῇ
1154 3227 1537 3297 ἐκπορεύεται,
1565 3225 1751 3291 καθὼς

148 3322 216 3375 ὲν
249 3319 331 3391 τῷ
385 3319 506 3373 ’1ὼὸ
546 3321 783 3389 εἴρηται,
833 3321 915 3371 ὄτι
964 3318 1058 3371 καὶ
1090 3317 1187 3371 ἀπ’
1218 3318 1391 3386 αὐτῆς
1422 3317 1520 3385 τῆς
1564 3316 1750 3386 φωνῆς

1859 1944 1923 1991 ut
1977 1936 2266 2006 probetur,
2315 1950 2379 1990 ac
2435 1935 2702 2005 paulatim
2756 1948 2787 1989 a
2838 1933 3047 2004 Spiritu
3101 1931 3449 1997 mansueﬁat,

1853 2027 2151 2083 deﬁciente
2185 2027 2583 2096 scnsimatque
2607 2027 2955 2082 exolescente
2982 2026 3039 2080 in
3068 2026 3159 2081 illa
3190 2036 3445 2096 peccato.

1852 2119 1945 2174 Sic
1997 2127 2055 2173 et
2113 2119 2297 2173 anima
2358 2127 2569 2173 armata
2630 2117 2862 2173 thorace
2903 2116 3155 2189 justitiae,
3211 2126 3267 2172 et
3297 2117 3450 2188 galea

1851 2211 2069 2276 salutis,
2098 2208 2163 2265 ‘et
2207 2220 2364 2266 scuto
2414 2210 2567 2276 ﬁdei,
2610 2219 2667 2266 et
2700 2210 2883 2281 gladio
2913 2209 3176 2279 Spiritus,
3220 2208 3455 2264 docetur

1855 2300 2111 2369 praelium
2160 2315 2457 2355 conserere
2515 2315 2641 2353 cum
2696 2300 2955 2355 hostibus
3009 2299 3125 2354 suis
3146 2300 3226 2353 “:
3274 2307 3333 2354 et
3372 2299 3450 2353 sic

1853 2401 2063 2448 armata
2114 2393 2326 2463 Spiritu
2366 2394 2607 2458 Domini,
2654 2393 2882 2449 dimicat
2914 2393 3181 2449 adversus
3221 2393 3454 2463 spiritus

1854 2484 2096 2549 malitiae,
2120 2495 2176 2540 et
2200 2485 2706 2556 ignita’uequissimi
2740 2486 2845 2540 tela
2869 2487 3195 2557 exstinguit.
3224 2486 3449 2555 Absque

1855 2577 2007 2633 enim
2053 2578 2223 2633 armis
2254 2579 2493 2650 Spiritus
2540 2594 2650 2635 non
2709 2578 3065 2650 progreditur
3130 2580 3187 2634 in
3235 2579 3453 2634 aciem:

1858 2671 2074 2726 habens
2100 2687 2235 2727 vero
2264 2687 2417 2726 arma
2444 2672 2686 2737 Domini,
2726 2672 2820 2726 ubi
2844 2672 3090 2728 audierit
3124 2688 3189 2728 ac
3215 2673 3453 2728 senserit

1854 2764 2203 2821 vehementia
2228 2764 2389 2828 bella,
2416 2780 2538 2819 cum
2557 2764 2923 2819 exsultatione
2940 2781 3005 2819 ac
3019 2766 3258 2820 clamore
3280 2763 3453 2835 proﬁ-

1858 2856 2111 2921 ciscitur,
2138 2856 2283 2911 sicut
2317 2856 2368 2909 in
2404 2857 2545 2917 libro
2574 2855 2676 2910 Job
2720 2856 2930 2911 dictum
2965 2866 3087 2911 est:
3122 2856 3272 2921 Quod
3293 2859 3454 2911 etiam

1855 2951 1973 3021 ipsa
2021 2965 2143 3003 voce
2172 2949 2429 3003 orationis
2456 2948 2765 3001 occumbant
2818 2948 3038 3001 inimici.
3074 2948 3145 3001 Et
3169 2947 3249 3002 sic
3277 2956 3457 3002 trans-

1855 3050 1980 3097 acto
2029 3040 2206 3105 bello,
2264 3048 2531 3109 partaquc
2576 3037 2815 3093 victoria
2862 3036 3137 3093 beneﬁcio
3188 3036 3452 3107 Spiritus,

1856 3132 2029 3189 refert
2055 3132 2168 3203 89
2192 3146 2425 3187 coronas
2455 3131 2775 3185 vicloriales
2800 3146 2926 3185 cum
2959 3131 3120 3200 plena
3147 3130 3373 3195 ﬁducia,
3396 3137 3456 3184 et

1859 3224 1935 3279 ita
1965 3222 2270 3293 requiescit
2304 3237 2431 3278 cum
2469 3221 2680 3277 caalesti
2712 3221 2882 3293 Rege.
2933 3220 3037 3277 Cui
3069 3220 3243 3292 gloria
3274 3228 3331 3274 et
3355 3234 3455 3290 po-

1858 3317 2030 3373 tentia
2058 3316 2115 3371 in
2144 3315 2365 3371 saacula.
2402 3315 2599 3371 Amen.

147 3413 260 3483 τῆς
296 3413 534 3483 δεήσεως
587 3412 755 3482 αὐτῆς
802 3411 1205 3482 προπίπτουσιν
1262 3412 1312 3464 oi
1370 3410 1592 3482 ἐχθροί’
1630 3410 1725 3463 καὶ⁷
1757 3409 1931 3474 οὕτως
1989 3408 2378 3479 ἀγωνισαμένη
2425 3409 2521 3462 καὶ
2554 3408 2828 3479 νικήσασα
2877 3407 2965 3462 διά
3011 3405 3105 3459 τοῦ
3136 3404 3455 3475 Πνεύματος

148 3509 249 3582 τὸν
314 3508 570 3578 πόλεμον,
632 3507 961 3578 νικηφόρους
1017 3507 1314 3577 στεφάνους
1338 3508 1660 3578 ἐπιφέρεται
1691 3507 1829 3577 μετᾶ
1872 3507 2187 3580 παρρησίας
2222 3504 2447 3576 πολλῆς,
2500 3505 2596 3560 καὶ
2643 3504 2820 3573 οὕτως
2882 3505 3323 3560 συναναπαύεται
3376 3505 3455 3575 τῷ

150 3603 471 3675 ἐπουρανίῳ
532 3602 761 3674 βασιλεῖ.
783 3596 855 3673 ᾯ
882 3603 915 3673 ἡ
940 3599 1069 3667 δόξα
1130 3602 1223 3656 καὶ
1249 3603 1310 3656 τὸ
1333 3602 1533 3676 κράτος
1563 3603 1641 3667 είς
1669 3603 1799 3667 τοὺς
1831 3601 2061 3668 αἰῶνας.
2112 3602 2311 3676 Ἀμήν.

758 3738 998 3793 ΟΜΙΛΙΑ
1041 3739 1167 3792 ΚΔ’.

162 3836 232 3891 Ἠ
257 3834 486 3899 στάσις
523 3830 642 3886 τῶν
679 3830 1049 3900 Χριστιανῶν
1083 3831 1239 3885 ἔοικε
1270 3829 1345 3899 τῇ
1369 3829 1622 3900 ἐμπορίᾳ
1654 3828 1752 3884 καί

189 3902 193 3906 ’
226 3906 308 3973 τῇ
343 3906 616 3973 ζυμώσει.
657 3904 883 3970 Ὥσπερ
925 3903 1039 3973 γὰρ
1073 3904 1129 3955 οἱ
1169 3903 1413 3973 ἔμποροι
1469 3902 1541 3973 τὰ
1574 3901 1754 3973 γή-Τνα

471 3971 954 4045 ἐπισυνάγουσιέ
972 3972 1161 4045 οὕτως
1218 3972 1315 4025 καὶ
1362 3971 1582 4045 ἐκεῖνοι
1635 3971 1755 4045 (ita:

226 4042 718 4115 σλέορπισμένους
750 4045 819 4097 ἐν
882 4042 997 4115 τῷη
1019 4043 1186 4115 αἰῶνι
1236 4044 1601 4115 ,λογισμούςτῄ
1644 4042 1753 4096 Καὶ

223 4112 441 4185 ὥσπερ
465 4112 503 4183 ἡ
533 4113 681 4185 ζύμη
708 4116 949 4185 φύραμα
967 4114 1117 4167 ὅλον
1140 4112 1524 4185 ἀπεργάζεται
1544 4112 1753 4185 ζύμην,

223 4181 424 4253 οὕτως
549 4181 1190 4255 ζύμὴσῆςήιὶμαρτίας
1243 4182 1373 4255 πᾶν.
1416 4184 1615 4255 τένοςᾼ
1646 4181 1753 4236 τοῦ

235 4260 432 4328 Ἀδὰμ
471 4253 784 4328 διατρέχει.
846 4253 1019 4328 Πλὴν
1074 4258 1105 4308 ὁ
1164 4253 1428 4328 Χριστὸς
1470 4253 1756 4328 opprimor

239 4276 432 4328 Ἀσαμ
471 4276 784 4326 οιατρεβι.
846 4276 1019 4319 umn-
1074 4276 1103 4308 ο
1164 4276 1419 4321 Αριστυς
1470 4276 1754 4322 ουριινιον

218 4332 598 4400 ἀγαθότητος
641 4276 829 4398 ἀμην
873 4326 1002 4393 ταῖς
1042 4325 1286 4391 πισταῖς
1317 4324 1547 4395 ψυχαῖς
1596 4323 1754 4378 ἐντί-

221 4408 441 4473 ﬁngar.

2398 3737 2687 3793 HOMILIA
2719 3737 2911 3792 XXIV.

1862 3830 2045 3887 Status
2085 3830 2513 3887 Christianorum
2543 3832 2731 3886 similis
2763 3842 2837 3884 est
2880 3838 3194 3882 mercatura:
3246 3837 3295 3881 et
3338 3829 3450 3897 fcr-

1935 3902 2269 3957 mentationi.
2308 3902 2536 3956 Perinde
2579 3903 2719 3955 enim
2760 3919 2821 3954 ac
2866 3910 3179 3953 mercatores
3239 3907 3453 3953 terrena

1933 3974 2189 4043 colligunt
2217 3972 2366 4027 lucra
2385 4014 2399 4038 ,
2432 3974 2507 4026 sic
2528 3972 2609 4025 illi
2633 3973 2898 4043 dispersas
2948 3986 3039 4039 per
3082 3971 3175 4023 hoc
3198 3969 3452 4024 swculum

1934 4046 2301 4116 cogitationes.
2326 4044 2395 4116 Et
2428 4042 2873 4116 quemadmodum
2898 4043 3223 4116 fermentum
3284 4048 3452 4095 totam

1936 4111 2171 4169 massam
2208 4114 2383 4167 reddit
2415 4111 2824 4184 fermentatam;
2863 4113 2937 4165 sic
2977 4111 3291 4184 fermentum
3314 4128 3451 4184 pec-

1940 4131 2171 4169 massam
2208 4130 2383 4167 reaau
2415 4130 2824 4184 ,ermemamm;
2863 4130 2937 4165 διε
2977 4130 3291 4181 [armentum
3366 4130 3451 4165 ec-

1940 4187 2046 4239 cati
2082 4186 2382 4238 universum
2420 4199 2583 4253 genus
2619 4182 2749 4237 Ατίιε
2768 4183 3048 4253 percurrit.
3086 4181 3273 4253 Verum
3296 4130 3453 4236 (Il/iri-

1932 4265 2045 4313 stus
2082 4255 2288 4309 coaleste
2337 4252 2584 4309 bonitatis
2622 4254 2937 4324 fermentum
2973 4252 3214 4321 ﬁdelibus
3260 4253 3453 4307 animis

1933 4328 2187 4397 infundit.

129 4506 185 4607 ξ
217 4542 307 4596 A’.
354 4540 626 4593 Ἐοίκασιν
654 4538 707 4592 οῖ
729 4534 1050 4608 Χριστιανοὶ
1069 4534 1330 4606 ἐμπόροις
1362 4534 1596 4605 μέγιστα
1622 4548 1752 4604 κερ-

1929 4529 1971 4585 I.
2014 4526 2239 4585 Similes
2286 4535 2419 4582 sunt
2444 4524 2745 4582 Christiani
2779 4524 3202 4590 mercatoribus,
3233 4524 3325 4595 qui
3363 4524 3451 4579 in—

139 4635 214 4707 δη
268 4629 764 4703 ἐμπορευομένοις.
798 4628 1010 4697 Ὥσπερ
1048 4624 1157 4707 γάρ
1196 4628 1394 4699 ἐκεῖνοι
1425 4620 1487 4679 ὲκ
1521 4626 1619 4696 τῆς
1649 4627 1752 4693 γῆς

138 4726 216 4781 τὰ
266 4726 443 4797 γήϊνα
497 4722 663 4793 κέρδη
730 4719 1173 4797 ἐπισυνάγουσιν,
1201 4718 1376 4781 οὕτως
1432 4712 1582 4793 οῦτοι
1648 4716 1750 4786 τῆς

138 4794 377 4873 ἑαυτιῖέν
410 4815 641 4887 καρδίας
674 4794 1147 4887 ἐσκορπισμένους
1180 4811 1305 4872 τοὺς
1346 4809 1644 4877 λογισμοὺς
1697 4810 1754 4861 ὲν

136 4911 223 4983 τῷ
264 4910 433 4965 αῖῶνι
459 4908 632 4979 τούτῳ
659 4904 750 4960 διὰ
777 4903 969 4958 πασῶν
1009 4900 1241 4981 ἀρετῶν,
1272 4902 1362 4979 καὶ
1401 4900 1490 4954 διὰ
1517 4903 1618 4970 τῆς
1657 4899 1752 4953 τοῦ

138 5000 483 5070 Πνεύματος
526 4997 832 5067 δυνάμεως,
858 4995 1018 5047 ἐπισυ
1031 4992 1315 5061 λλέγουσιν
1345 4992 1408 5045 ὲκ
1435 4990 1619 5061 πάσης
1651 4990 1750 5059 τῆς

136 5095 291 5165 γῆς’,
330 5092 457 5163 ἥτις
508 5090 627 5167 ἐστι
675 5089 906 5161 μεγίστη
956 5087 1049 5141 κα)⁸
1101 5084 1333 5156 ἀληθινὴ
1363 5084 1631 5155 ἐμπορία.
1692 5082 1750 5135 ’0

135 5187 369 5257 κόσμος
419 5182 530 5255 γὰρ
556 5178 710 5245 οὗτος
754 5180 833 5251 τῷ
881 5179 1076 5250 κόσμῳ
1106 5178 1184 5248 τῷ
1213 5177 1325 5232 ἀνω
1372 5174 1748 5230 ἐναντιοῦται·

137 5278 247 5332 καὶ
274 5280 307 5331 ὁ
343 5275 479 5330 αἰὼν
508 5269 663 5338 οὗτος
689 5272 769 5344 τῷ
801 5272 914 5328 ἀνω
943 5273 1099 5325 αἰῶνι
1142 5254 1491 5344 ἅντίκειταιί
1514 5270 1606 5321 Δεῖ
1644 5266 1756 5320 τοί-

134 5386 242 5422 νυν
296 5366 395 5422 τδν
443 5342 771 5439 Χριστιανὸν
803 5363 942 5435 μετά
970 5362 1070 5426 τὰς
1116 5362 1278 5430 ἁγίας
1312 5342 1536 5433 Γρίφρἀ
1581 5362 1752 5432 ἀρνη-

136 5463 400 5533 σάμενον
436 5462 529 5514 τὸν
579 5442 808 5529 κόσμον,
866 5454 1229 5528 μετατεθῆναι
1288 5456 1383 5509 κα)⁸
1446 5454 1749 5524 μεταϐῆναι

134 5554 224 5627 τῷ
264 5552 375 5624 νῷ,
427 5553 493 5606 ἔκ
540 5552 729 5605 τούτου
781 5548 880 5604 τοῦ
922 5549 1138 5615 αἰῶνος,
1196 5549 1254 5603 ὲν
1296 5541 1342 5617 ᾧ
1373 5546 1619 5617 ἔγκειται
1655 5548 1749 5601 καὶ

136 5645 481 5710 δελεάζεται
527 5646 555 5699 ὁ
591 5642 719 5709 νοῦς
750 5642 861 5698 ἀπὸ
893 5642 994 5712 τῆς
1024 5640 1399 5714 παραϐάσεως
1441 5639 1632 5715 Ἀδάμ,
1667 5637 1748 5702 είς

216 5834 270 5867 ³³
311 5831 519 5905 Ephcs.
553 5847 621 5898 γι,
651 5832 735 5885 Μ.

1850 4631 2070 4694 gentem
2102 4628 2389 4691 quaestum
2449 4635 2518 4675 ex
2559 4625 2874 4674 mercatura
2906 4617 3141 4673 faciunt.
3173 4618 3452 4684 Quemad-

1852 4716 2078 4771 modum
2108 4714 2259 4770 cnim
2309 4713 2367 4768 hi
2421 4728 2452 4768 e
2500 4720 2649 4768 terra
2705 4720 2925 4767 terrena
2954 4712 3226 4782 colligunt
3264 4712 3449 4775 lucra;

1848 4806 2044 4862 eodem
2065 4806 2230 4861 modo
2249 4805 2327 4860 illi
2344 4803 2529 4860 cordis
2551 4804 2637 4859 sui
2657 4803 2943 4875 dispersas
2963 4804 3329 4875 cogitationes
3356 4814 3452 4871 per

1857 4899 1964 4953 hoc
2012 4896 2299 4960 saeculum,
2352 4894 2605 4951 omnium
2631 4894 2907 4949 virtutum
2934 4892 3234 4959 beneﬁcio,
3280 4909 3344 4947 ac
3400 4892 3448 4944 vi

1856 4988 2097 5060 Spiritus
2141 4986 2342 5053 sancti,
2378 4985 2646 5057 colligunt
2687 5000 2757 5040 ex
2794 4985 3056 5040 universa
3107 4994 3288 5049 terra,
3331 4999 3453 5053 quze

1853 5089 1937 5137 est
1971 5081 2206 5137 maxima
2244 5094 2310 5136 ac
2339 5094 2470 5134 vera
2522 5078 2843 5149 negotiatio.
2880 5077 3121 5132 Mundus
3172 5076 3321 5130 enim
3358 5075 3452 5129 hic

1855 5174 2062 5229 mundo
2098 5171 2369 5243 superiori
2421 5171 2785 5236 adversatur;
2821 5178 2877 5225 et
2907 5168 3169 5224 saeculum
3206 5168 3311 5221 hoc
3354 5183 3453 5220 sa:-

1855 5267 1981 5321 culo
2015 5264 2289 5335 superiori
2314 5263 2629 5335 oppositum
2676 5270 2780 5317 est.
2815 5260 3046 5331 Oportet
3078 5260 3247 5330 igitur
3290 5258 3451 5314 Chri-

1859 5359 2100 5415 stianum
2137 5356 2444 5413 secundum
2476 5371 2663 5410 sacras
2696 5354 2935 5409 Litteras
2972 5352 3240 5407 mundum
3277 5352 3447 5405 abne-

1858 5459 2100 5524 gantem,
2131 5448 2439 5513 transferri,
2469 5464 2533 5502 ac
2574 5454 2757 5502 mente
2790 5444 3183 5501 transcendere
3224 5459 3291 5499 ex
3344 5443 3452 5497 hoc

1857 5544 2081 5610 saeculo,
2115 5543 2169 5597 in
2195 5557 2307 5613 quo
2340 5551 2595 5596 versatur
2629 5540 2879 5607 animus,
2912 5554 2977 5594 ac
3006 5537 3286 5595 illecebris
3329 5536 3453 5591 alli-

1856 5641 2002 5693 citur
2030 5653 2059 5692 a
2099 5645 2347 5707 tempore
2400 5631 2857 5706 trangressionis
2905 5630 3059 5699 Adae,
3103 5630 3161 5688 in
3210 5630 3451 5687 alterum
