  <div class='ocr_page' id='page_1' title='image "/cluster/home/n/w/nwhite01/storage/ocr_20150623/34/hvd.32044019207760/343.png"; bbox 0 0 3966 6564; ppageno 0'>
   <div class='ocr_carea' id='block_1_1' title="bbox 600 329 707 395">
    <p class='ocr_par' dir='ltr' id='par_1_1' title="bbox 600 329 707 395">
     <span class='ocr_line' id='line_1_1' title="bbox 600 329 707 395; baseline 0.056 -6"><span class='ocrx_word' id='word_1_1' title='bbox 600 329 707 395; x_wconf 69' lang='grc'><strong>[63</strong></span> 
     </span>
    </p>
   </div>
   <div class='ocr_carea' id='block_1_2' title="bbox 1857 333 3786 400">
    <p class='ocr_par' dir='ltr' id='par_1_2' title="bbox 1857 333 3786 400">
     <span class='ocr_line' id='line_1_2' title="bbox 1857 333 3786 400; baseline 0.002 -5"><span class='ocrx_word' id='word_1_2' title='bbox 1857 334 1919 395; x_wconf 89' lang='lat' dir='ltr'><strong>S.</strong></span> <span class='ocrx_word' id='word_1_3' title='bbox 1958 333 2278 396; x_wconf 76' lang='lat' dir='ltr'><strong>MACARII</strong></span> <span class='ocrx_word' id='word_1_4' title='bbox 2320 333 2640 395; x_wconf 64' lang='lat' dir='ltr'><strong>)EGYPTII</strong></span> <span class='ocrx_word' id='word_1_5' title='bbox 3710 336 3786 400; x_wconf 71' lang='grc' dir='ltr'><strong>ιιι</strong></span> 
     </span>
    </p>
   </div>
   <div class='ocr_carea' id='block_1_3' title="bbox 601 418 2193 516">
    <p class='ocr_par' dir='ltr' id='par_1_3' title="bbox 601 441 2179 514">
     <span class='ocr_line' id='line_1_3' title="bbox 601 441 2179 514; baseline 0.001 -16"><span class='ocrx_word' id='word_1_6' title='bbox 601 443 887 510; x_wconf 66' lang='grc' dir='ltr'>ειεοιιὶιιω,</span> <span class='ocrx_word' id='word_1_7' title='bbox 921 452 978 499; x_wconf 91' lang='lat' dir='ltr'><strong>et</strong></span> <span class='ocrx_word' id='word_1_8' title='bbox 999 441 1285 498; x_wconf 86' lang='lat' dir='ltr'><strong>intellectu</strong></span> <span class='ocrx_word' id='word_1_9' title='bbox 1317 441 1373 499; x_wconf 81' lang='lat' dir='ltr'><strong>in</strong></span> <span class='ocrx_word' id='word_1_10' title='bbox 1411 441 1683 514; x_wconf 82' lang='lat' dir='ltr'><strong>superiori</strong></span> <span class='ocrx_word' id='word_1_11' title='bbox 1712 458 1778 499; x_wconf 87' lang='lat' dir='ltr'><strong>ac</strong></span> <span class='ocrx_word' id='word_1_12' title='bbox 1797 442 1988 499; x_wconf 85' lang='lat' dir='ltr'><strong>divino</strong></span> <span class='ocrx_word' id='word_1_13' title='bbox 2018 459 2179 499; x_wconf 87' lang='lat' dir='ltr'><strong>mun-</strong></span> 
     </span>
    </p>
   </div>
   <div class='ocr_carea' id='block_1_4' title="bbox 2295 418 3787 516">
    <p class='ocr_par' dir='ltr' id='par_1_4' title="bbox 2295 418 3787 516">
     <span class='ocr_line' id='line_1_4' title="bbox 2295 418 3787 516; baseline -0.001 -17"><span class='ocrx_word' id='word_1_14' title='bbox 2295 444 2453 499; x_wconf 84' lang='grc' dir='ltr'>ιίῶνα</span> <span class='ocrx_word' id='word_1_15' title='bbox 2503 444 2714 515; x_wconf 74' lang='grc' dir='ltr'>ἕτερον,</span> <span class='ocrx_word' id='word_1_16' title='bbox 2761 443 2855 499; x_wconf 72' lang='grc' dir='ltr'>καὶ</span> <span class='ocrx_word' id='word_1_17' title='bbox 2902 441 2983 514; x_wconf 81' lang='grc' dir='ltr'>τῷ</span> <span class='ocrx_word' id='word_1_18' title='bbox 3038 440 3353 515; x_wconf 79' lang='grc' dir='ltr'><strong>φρονήματι</strong></span> <span class='ocrx_word' id='word_1_19' title='bbox 3391 439 3469 504; x_wconf 76' lang='grc' dir='ltr'><strong>είς</strong></span> <span class='ocrx_word' id='word_1_20' title='bbox 3492 440 3576 493; x_wconf 75' lang='grc' dir='ltr'><strong>τὸν</strong></span> <span class='ocrx_word' id='word_1_21' title='bbox 3604 440 3698 496; x_wconf 72' lang='grc' dir='ltr'><strong>ἂνω</strong></span> 
     </span>
    </p>
   </div>
   <div class='ocr_carea' id='block_1_5' title="bbox 603 533 2183 598">
    <p class='ocr_par' dir='ltr' id='par_1_5' title="bbox 603 533 2183 598">
     <span class='ocr_line' id='line_1_5' title="bbox 603 533 2183 598; baseline 0.001 -10"><span class='ocrx_word' id='word_1_22' title='bbox 603 533 677 588; x_wconf 89' lang='lat' dir='ltr'><strong>do</strong></span> <span class='ocrx_word' id='word_1_23' title='bbox 721 534 972 589; x_wconf 85' lang='lat' dir='ltr'><strong>versari:</strong></span> <span class='ocrx_word' id='word_1_24' title='bbox 1017 534 1163 589; x_wconf 94' lang='lat' dir='ltr'><strong>sicut</strong></span> <span class='ocrx_word' id='word_1_25' title='bbox 1193 533 1403 590; x_wconf 84' lang='lat' dir='ltr'><strong>dictum</strong></span> <span class='ocrx_word' id='word_1_26' title='bbox 1434 542 1522 593; x_wconf 83' lang='lat' dir='ltr'><strong>est</strong></span> <span class='ocrx_word' id='word_1_27' title='bbox 1564 552 1580 593; x_wconf 85' lang='lat'><strong>:</strong></span> <span class='ocrx_word' id='word_1_28' title='bbox 1609 533 1805 597; x_wconf 69' lang='lat' dir='ltr'><strong>Nostra</strong></span> <span class='ocrx_word' id='word_1_29' title='bbox 1845 543 2025 595; x_wconf 82' lang='lat' dir='ltr'><strong>autem</strong></span> <span class='ocrx_word' id='word_1_30' title='bbox 2059 552 2183 598; x_wconf 76' lang='lat' dir='ltr'><strong>con-</strong></span> 
     </span>
    </p>
   </div>
   <div class='ocr_carea' id='block_1_6' title="bbox 610 626 1276 684">
    <p class='ocr_par' dir='ltr' id='par_1_6' title="bbox 610 626 1276 684">
     <span class='ocr_line' id='line_1_6' title="bbox 610 626 1276 684; baseline 0.003 -2"><span class='ocrx_word' id='word_1_31' title='bbox 610 626 829 682; x_wconf 76' lang='lat' dir='ltr'><strong>versatio</strong></span> <span class='ocrx_word' id='word_1_32' title='bbox 861 629 917 682; x_wconf 81' lang='lat' dir='ltr'><strong>in</strong></span> <span class='ocrx_word' id='word_1_33' title='bbox 953 626 1090 683; x_wconf 72' lang='lat' dir='ltr'><strong>caelis</strong></span> <span class='ocrx_word' id='word_1_34' title='bbox 1112 635 1188 682; x_wconf 79' lang='lat' dir='ltr'><strong>est</strong></span> <span class='ocrx_word' id='word_1_35' title='bbox 1209 627 1276 684; x_wconf 73' lang='grc'><strong>’⁸.</strong></span> 
     </span>
    </p>
   </div>
   <div class='ocr_carea' id='block_1_7' title="bbox 679 719 2183 791">
    <p class='ocr_par' dir='ltr' id='par_1_7' title="bbox 679 719 2183 791">
     <span class='ocr_line' id='line_1_7' title="bbox 679 719 2183 791; baseline 0.002 -17"><span class='ocrx_word' id='word_1_36' title='bbox 679 720 747 775; x_wconf 82' lang='lat' dir='ltr'><strong>ll.</strong></span> <span class='ocrx_word' id='word_1_37' title='bbox 789 719 903 776; x_wconf 84' lang='lat' dir='ltr'><strong>lioc</strong></span> <span class='ocrx_word' id='word_1_38' title='bbox 934 730 1119 776; x_wconf 88' lang='lat' dir='ltr'><strong>autem</strong></span> <span class='ocrx_word' id='word_1_39' title='bbox 1164 721 1317 776; x_wconf 93' lang='lat' dir='ltr'><strong>nullo</strong></span> <span class='ocrx_word' id='word_1_40' title='bbox 1346 719 1512 776; x_wconf 90' lang='lat' dir='ltr'><strong>modo</strong></span> <span class='ocrx_word' id='word_1_41' title='bbox 1540 719 1781 775; x_wconf 83' lang='lat' dir='ltr'><strong>obtineri</strong></span> <span class='ocrx_word' id='word_1_42' title='bbox 1818 730 2022 791; x_wconf 88' lang='lat' dir='ltr'><strong>potest,</strong></span> <span class='ocrx_word' id='word_1_43' title='bbox 2073 721 2183 785; x_wconf 77' lang='lat' dir='ltr'><strong>nisi</strong></span> 
     </span>
    </p>
   </div>
   <div class='ocr_carea' id='block_1_8' title="bbox 612 811 2184 879">
    <p class='ocr_par' dir='ltr' id='par_1_8' title="bbox 612 811 2184 879">
     <span class='ocr_line' id='line_1_8' title="bbox 612 811 2184 879; baseline 0.003 -14"><span class='ocrx_word' id='word_1_44' title='bbox 612 811 794 865; x_wconf 89' lang='lat' dir='ltr'><strong>anima</strong></span> <span class='ocrx_word' id='word_1_45' title='bbox 850 812 1152 867; x_wconf 89' lang='lat' dir='ltr'><strong>crediderit</strong></span> <span class='ocrx_word' id='word_1_46' title='bbox 1195 828 1262 866; x_wconf 85' lang='lat' dir='ltr'><strong>ex</strong></span> <span class='ocrx_word' id='word_1_47' title='bbox 1302 820 1417 866; x_wconf 92' lang='lat' dir='ltr'><strong>toto</strong></span> <span class='ocrx_word' id='word_1_48' title='bbox 1447 811 1614 867; x_wconf 91' lang='lat' dir='ltr'><strong>corde</strong></span> <span class='ocrx_word' id='word_1_49' title='bbox 1644 811 1898 879; x_wconf 90' lang='lat' dir='ltr'><strong>Domino,</strong></span> <span class='ocrx_word' id='word_1_50' title='bbox 1944 813 2052 869; x_wconf 89' lang='lat' dir='ltr'><strong>hoc</strong></span> <span class='ocrx_word' id='word_1_51' title='bbox 2084 830 2184 870; x_wconf 68' lang='lat' dir='ltr'><strong>saa-</strong></span> 
     </span>
    </p>
   </div>
   <div class='ocr_carea' id='block_1_9' title="bbox 614 902 2184 977">
    <p class='ocr_par' dir='ltr' id='par_1_9' title="bbox 614 902 2184 977">
     <span class='ocr_line' id='line_1_9' title="bbox 614 902 2184 977; baseline 0.003 -20"><span class='ocrx_word' id='word_1_52' title='bbox 614 902 798 957; x_wconf 89' lang='lat' dir='ltr'><strong>culum</strong></span> <span class='ocrx_word' id='word_1_53' title='bbox 828 902 1106 973; x_wconf 82' lang='lat' dir='ltr'><strong>abnegans</strong></span> <span class='ocrx_word' id='word_1_54' title='bbox 1134 921 1146 956; x_wconf 94' lang='lat'>:</span> <span class='ocrx_word' id='word_1_55' title='bbox 1175 911 1232 957; x_wconf 92' lang='lat' dir='ltr'><strong>et</strong></span> <span class='ocrx_word' id='word_1_56' title='bbox 1260 902 1436 959; x_wconf 89' lang='lat' dir='ltr'><strong>virtus</strong></span> <span class='ocrx_word' id='word_1_57' title='bbox 1458 903 1630 958; x_wconf 86' lang='lat' dir='ltr'><strong>divini</strong></span> <span class='ocrx_word' id='word_1_58' title='bbox 1663 902 1905 974; x_wconf 75' lang='lat' dir='ltr'><strong>Spiritus</strong></span> <span class='ocrx_word' id='word_1_59' title='bbox 1927 906 2184 977; x_wconf 73' lang='lat' dir='ltr'><strong>colligere</strong></span> 
     </span>
    </p>
   </div>
   <div class='ocr_carea' id='block_1_10' title="bbox 615 992 2188 1066">
    <p class='ocr_par' dir='ltr' id='par_1_10' title="bbox 615 992 2188 1066">
     <span class='ocr_line' id='line_1_10' title="bbox 615 992 2188 1066; baseline 0.003 -18"><span class='ocrx_word' id='word_1_60' title='bbox 615 1000 793 1063; x_wconf 86' lang='lat' dir='ltr'><strong>potest</strong></span> <span class='ocrx_word' id='word_1_61' title='bbox 818 1009 912 1047; x_wconf 91' lang='lat' dir='ltr'><strong>cor</strong></span> <span class='ocrx_word' id='word_1_62' title='bbox 928 1008 1026 1062; x_wconf 89' lang='lat' dir='ltr'><strong>per</strong></span> <span class='ocrx_word' id='word_1_63' title='bbox 1051 992 1362 1048; x_wconf 82' lang='lat' dir='ltr'><strong>universam</strong></span> <span class='ocrx_word' id='word_1_64' title='bbox 1388 1003 1589 1049; x_wconf 88' lang='lat' dir='ltr'><strong>terram</strong></span> <span class='ocrx_word' id='word_1_65' title='bbox 1610 994 1918 1066; x_wconf 83' lang='lat' dir='ltr'><strong>dispersum</strong></span> <span class='ocrx_word' id='word_1_66' title='bbox 1950 996 2017 1051; x_wconf 90' lang='lat' dir='ltr'><strong>ad</strong></span> <span class='ocrx_word' id='word_1_67' title='bbox 2048 997 2188 1052; x_wconf 81' lang='lat' dir='ltr'><strong>dile—</strong></span> 
     </span>
    </p>
   </div>
   <div class='ocr_carea' id='block_1_11' title="bbox 613 1083 2185 1151">
    <p class='ocr_par' dir='ltr' id='par_1_11' title="bbox 613 1083 2185 1151">
     <span class='ocr_line' id='line_1_11' title="bbox 613 1083 2185 1151; baseline 0.001 -10"><span class='ocrx_word' id='word_1_68' title='bbox 613 1085 849 1141; x_wconf 85' lang='lat' dir='ltr'><strong>ctionem</strong></span> <span class='ocrx_word' id='word_1_69' title='bbox 898 1083 1139 1151; x_wconf 87' lang='lat' dir='ltr'><strong>Domini,</strong></span> <span class='ocrx_word' id='word_1_70' title='bbox 1171 1091 1229 1139; x_wconf 91' lang='lat' dir='ltr'><strong>et</strong></span> <span class='ocrx_word' id='word_1_71' title='bbox 1256 1084 1311 1139; x_wconf 91' lang='lat' dir='ltr'><strong>in</strong></span> <span class='ocrx_word' id='word_1_72' title='bbox 1364 1085 1629 1141; x_wconf 91' lang='lat' dir='ltr'><strong>mundum</strong></span> <span class='ocrx_word' id='word_1_73' title='bbox 1666 1094 1934 1142; x_wconf 69' lang='lat' dir='ltr'><strong>aeternum</strong></span> <span class='ocrx_word' id='word_1_74' title='bbox 1965 1086 2185 1144; x_wconf 54' lang='lat' dir='ltr'><strong>intellee</strong></span> 
     </span>
    </p>
   </div>
   <div class='ocr_carea' id='block_1_12' title="bbox 615 1173 2188 1249">
    <p class='ocr_par' dir='ltr' id='par_1_12' title="bbox 615 1173 2188 1249">
     <span class='ocr_line' id='line_1_12' title="bbox 615 1173 2188 1249; baseline 0.003 -19"><span class='ocrx_word' id='word_1_75' title='bbox 615 1182 763 1230; x_wconf 77' lang='lat' dir='ltr'><strong>etum</strong></span> <span class='ocrx_word' id='word_1_76' title='bbox 809 1173 1120 1230; x_wconf 86' lang='lat' dir='ltr'><strong>traducere.</strong></span> <span class='ocrx_word' id='word_1_77' title='bbox 1159 1174 1205 1233; x_wconf 77' lang='grc' dir='ltr'><strong>Α</strong></span> <span class='ocrx_word' id='word_1_78' title='bbox 1244 1182 1493 1245; x_wconf 87' lang='lat' dir='ltr'><strong>tempore</strong></span> <span class='ocrx_word' id='word_1_79' title='bbox 1536 1175 1688 1230; x_wconf 88' lang='lat' dir='ltr'><strong>enim</strong></span> <span class='ocrx_word' id='word_1_80' title='bbox 1734 1178 2188 1249; x_wconf 83' lang='lat' dir='ltr'><strong>transgressionis</strong></span> 
     </span>
    </p>
   </div>
   <div class='ocr_carea' id='block_1_13' title="bbox 614 1264 2188 1345">
    <p class='ocr_par' dir='ltr' id='par_1_13' title="bbox 614 1264 2188 1345">
     <span class='ocr_line' id='line_1_13' title="bbox 614 1264 2188 1345; baseline 0.008 -27"><span class='ocrx_word' id='word_1_81' title='bbox 614 1264 764 1329; x_wconf 70' lang='lat' dir='ltr'><strong>Adae,</strong></span> <span class='ocrx_word' id='word_1_82' title='bbox 799 1265 1059 1337; x_wconf 74' lang='lat' dir='ltr'><strong>dispersae</strong></span> <span class='ocrx_word' id='word_1_83' title='bbox 1090 1276 1221 1324; x_wconf 91' lang='lat' dir='ltr'><strong>sunt</strong></span> <span class='ocrx_word' id='word_1_84' title='bbox 1252 1284 1282 1323; x_wconf 91' lang='lat' dir='ltr'><strong>a</strong></span> <span class='ocrx_word' id='word_1_85' title='bbox 1313 1268 1610 1327; x_wconf 87' lang='lat' dir='ltr'><strong>dilectione</strong></span> <span class='ocrx_word' id='word_1_86' title='bbox 1660 1272 1758 1327; x_wconf 89' lang='lat' dir='ltr'><strong>Dei</strong></span> <span class='ocrx_word' id='word_1_87' title='bbox 1822 1275 2188 1345; x_wconf 82' lang='lat' dir='ltr'><strong>cogitationes</strong></span> 
     </span>
    </p>
   </div>
   <div class='ocr_carea' id='block_1_14' title="bbox 612 1356 2190 1428">
    <p class='ocr_par' dir='ltr' id='par_1_14' title="bbox 612 1356 2190 1428">
     <span class='ocr_line' id='line_1_14' title="bbox 612 1356 2190 1428; baseline 0.009 -19"><span class='ocrx_word' id='word_1_88' title='bbox 612 1356 811 1411; x_wconf 69' lang='lat' dir='ltr'><strong>anima:</strong></span> <span class='ocrx_word' id='word_1_89' title='bbox 842 1373 939 1428; x_wconf 89' lang='lat' dir='ltr'><strong>per</strong></span> <span class='ocrx_word' id='word_1_90' title='bbox 973 1359 1078 1415; x_wconf 91' lang='lat' dir='ltr'><strong>hoc</strong></span> <span class='ocrx_word' id='word_1_91' title='bbox 1104 1362 1389 1427; x_wconf 55' lang='lat' dir='ltr'><strong>saeculum,</strong></span> <span class='ocrx_word' id='word_1_92' title='bbox 1423 1364 1729 1419; x_wconf 81' lang='lat' dir='ltr'><strong>commistae</strong></span> <span class='ocrx_word' id='word_1_93' title='bbox 1753 1367 1956 1423; x_wconf 83' lang='lat' dir='ltr'><strong>crassis</strong></span> <span class='ocrx_word' id='word_1_94' title='bbox 1976 1383 2041 1423; x_wconf 91' lang='lat' dir='ltr'><strong>ac</strong></span> <span class='ocrx_word' id='word_1_95' title='bbox 2076 1377 2190 1422; x_wconf 87' lang='lat' dir='ltr'><strong>ter-</strong></span> 
     </span>
    </p>
   </div>
   <div class='ocr_carea' id='block_1_15' title="bbox 616 1449 2187 1525">
    <p class='ocr_par' dir='ltr' id='par_1_15' title="bbox 616 1449 2187 1525">
     <span class='ocr_line' id='line_1_15' title="bbox 616 1449 2187 1525; baseline 0.008 -23"><span class='ocrx_word' id='word_1_96' title='bbox 616 1449 766 1505; x_wconf 88' lang='lat' dir='ltr'><strong>renis</strong></span> <span class='ocrx_word' id='word_1_97' title='bbox 801 1450 1246 1520; x_wconf 82' lang='lat' dir='ltr'><strong>cogitationibus.</strong></span> <span class='ocrx_word' id='word_1_98' title='bbox 1280 1452 1479 1509; x_wconf 81' lang='lat' dir='ltr'><strong>Verum</strong></span> <span class='ocrx_word' id='word_1_99' title='bbox 1522 1456 1988 1525; x_wconf 86' lang='lat' dir='ltr'><strong>quemadmodum</strong></span> <span class='ocrx_word' id='word_1_100' title='bbox 2012 1459 2187 1521; x_wconf 79' lang='lat' dir='ltr'><strong>Adam</strong></span> 
     </span>
    </p>
   </div>
   <div class='ocr_carea' id='block_1_16' title="bbox 617 1545 2187 1613">
    <p class='ocr_par' dir='ltr' id='par_1_16' title="bbox 617 1545 2187 1613">
     <span class='ocr_line' id='line_1_16' title="bbox 617 1545 2187 1613; baseline 0.007 -18"><span class='ocrx_word' id='word_1_101' title='bbox 617 1550 992 1613; x_wconf 82' lang='lat' dir='ltr'><strong>transgressus</strong></span> <span class='ocrx_word' id='word_1_102' title='bbox 1015 1545 1351 1612; x_wconf 88' lang='lat' dir='ltr'><strong>mandatum,</strong></span> <span class='ocrx_word' id='word_1_103' title='bbox 1403 1545 1736 1603; x_wconf 82' lang='lat' dir='ltr'><strong>fermentum</strong></span> <span class='ocrx_word' id='word_1_104' title='bbox 1787 1550 2187 1606; x_wconf 83' lang='lat' dir='ltr'><strong>malitiosarum</strong></span> 
     </span>
    </p>
   </div>
   <div class='ocr_carea' id='block_1_17' title="bbox 614 1634 2189 1716">
    <p class='ocr_par' dir='ltr' id='par_1_17' title="bbox 614 1634 2189 1716">
     <span class='ocr_line' id='line_1_17' title="bbox 614 1634 2189 1716; baseline 0.007 -28"><span class='ocrx_word' id='word_1_105' title='bbox 614 1634 970 1691; x_wconf 74' lang='lat' dir='ltr'><strong>affectionum</strong></span> <span class='ocrx_word' id='word_1_106' title='bbox 1014 1637 1069 1691; x_wconf 91' lang='lat' dir='ltr'><strong>in</strong></span> <span class='ocrx_word' id='word_1_107' title='bbox 1101 1653 1160 1693; x_wconf 91' lang='lat' dir='ltr'><strong>se</strong></span> <span class='ocrx_word' id='word_1_108' title='bbox 1207 1639 1452 1708; x_wconf 89' lang='lat' dir='ltr'><strong>recepit:</strong></span> <span class='ocrx_word' id='word_1_109' title='bbox 1500 1638 1581 1696; x_wconf 87' lang='lat' dir='ltr'><strong>sic</strong></span> <span class='ocrx_word' id='word_1_110' title='bbox 1615 1658 1833 1713; x_wconf 89' lang='lat' dir='ltr'><strong>quoque</strong></span> <span class='ocrx_word' id='word_1_111' title='bbox 1890 1645 2189 1716; x_wconf 80' lang='lat' dir='ltr'><strong>participa-</strong></span> 
     </span>
    </p>
   </div>
   <div class='ocr_carea' id='block_1_18' title="bbox 618 1727 2185 1798">
    <p class='ocr_par' dir='ltr' id='par_1_18' title="bbox 618 1727 2185 1798">
     <span class='ocr_line' id='line_1_18' title="bbox 618 1727 2185 1798; baseline 0.007 -18"><span class='ocrx_word' id='word_1_112' title='bbox 618 1727 764 1782; x_wconf 89' lang='lat' dir='ltr'><strong>tione</strong></span> <span class='ocrx_word' id='word_1_113' title='bbox 791 1727 1049 1798; x_wconf 89' lang='lat' dir='ltr'><strong>quadam,</strong></span> <span class='ocrx_word' id='word_1_114' title='bbox 1089 1730 1184 1798; x_wconf 89' lang='lat' dir='ltr'><strong>qui</strong></span> <span class='ocrx_word' id='word_1_115' title='bbox 1227 1745 1296 1784; x_wconf 83' lang='lat' dir='ltr'><strong>ex</strong></span> <span class='ocrx_word' id='word_1_116' title='bbox 1326 1746 1395 1786; x_wconf 89' lang='lat' dir='ltr'><strong>eo</strong></span> <span class='ocrx_word' id='word_1_117' title='bbox 1425 1732 1540 1788; x_wconf 88' lang='lat' dir='ltr'><strong>nati</strong></span> <span class='ocrx_word' id='word_1_118' title='bbox 1572 1742 1724 1797; x_wconf 88' lang='lat' dir='ltr'><strong>sunt,</strong></span> <span class='ocrx_word' id='word_1_119' title='bbox 1757 1749 1824 1790; x_wconf 91' lang='lat' dir='ltr'><strong>ac</strong></span> <span class='ocrx_word' id='word_1_120' title='bbox 1866 1736 2185 1791; x_wconf 89' lang='lat' dir='ltr'><strong>universum</strong></span> 
     </span>
    </p>
   </div>
   <div class='ocr_carea' id='block_1_19' title="bbox 613 1820 2185 1897">
    <p class='ocr_par' dir='ltr' id='par_1_19' title="bbox 613 1820 2185 1897">
     <span class='ocr_line' id='line_1_19' title="bbox 613 1820 2185 1897; baseline 0.009 -25"><span class='ocrx_word' id='word_1_121' title='bbox 613 1835 787 1889; x_wconf 86' lang='lat' dir='ltr'><strong>genus</strong></span> <span class='ocrx_word' id='word_1_122' title='bbox 825 1820 955 1876; x_wconf 73' lang='lat' dir='ltr'><strong>Adae</strong></span> <span class='ocrx_word' id='word_1_123' title='bbox 1010 1821 1159 1877; x_wconf 91' lang='lat' dir='ltr'><strong>illius</strong></span> <span class='ocrx_word' id='word_1_124' title='bbox 1206 1822 1463 1881; x_wconf 86' lang='lat' dir='ltr'><strong>fermenti</strong></span> <span class='ocrx_word' id='word_1_125' title='bbox 1495 1827 1775 1897; x_wconf 86' lang='lat' dir='ltr'><strong>particeps</strong></span> <span class='ocrx_word' id='word_1_126' title='bbox 1822 1828 2026 1884; x_wconf 85' lang='lat' dir='ltr'><strong>factum</strong></span> <span class='ocrx_word' id='word_1_127' title='bbox 2071 1841 2185 1893; x_wconf 83' lang='lat' dir='ltr'><strong>est;</strong></span> 
     </span>
    </p>
   </div>
   <div class='ocr_carea' id='block_1_20' title="bbox 614 1917 2187 1985">
    <p class='ocr_par' dir='ltr' id='par_1_20' title="bbox 614 1917 2187 1985">
     <span class='ocr_line' id='line_1_20' title="bbox 614 1917 2187 1985; baseline 0.008 -20"><span class='ocrx_word' id='word_1_128' title='bbox 614 1921 873 1967; x_wconf 67' lang='lat' dir='ltr'><strong>cmterum</strong></span> <span class='ocrx_word' id='word_1_129' title='bbox 910 1924 1097 1983; x_wconf 87' lang='lat' dir='ltr'><strong>postea</strong></span> <span class='ocrx_word' id='word_1_130' title='bbox 1132 1931 1230 1985; x_wconf 91' lang='lat' dir='ltr'><strong>pro</strong></span> <span class='ocrx_word' id='word_1_131' title='bbox 1273 1917 1489 1973; x_wconf 88' lang='lat' dir='ltr'><strong>ratione</strong></span> <span class='ocrx_word' id='word_1_132' title='bbox 1517 1918 1844 1976; x_wconf 86' lang='lat' dir='ltr'><strong>incrementi</strong></span> <span class='ocrx_word' id='word_1_133' title='bbox 1874 1921 1929 1975; x_wconf 91' lang='lat' dir='ltr'><strong>in</strong></span> <span class='ocrx_word' id='word_1_134' title='bbox 1978 1931 2187 1978; x_wconf 88' lang='lat' dir='ltr'><strong>tantum</strong></span> 
     </span>
    </p>
   </div>
   <div class='ocr_carea' id='block_1_21' title="bbox 613 2009 2191 2074">
    <p class='ocr_par' dir='ltr' id='par_1_21' title="bbox 613 2009 2191 2074">
     <span class='ocr_line' id='line_1_21' title="bbox 613 2009 2191 2074; baseline 0.004 -14"><span class='ocrx_word' id='word_1_135' title='bbox 613 2015 1001 2074; x_wconf 84' lang='lat' dir='ltr'><strong>excreverunt,</strong></span> <span class='ocrx_word' id='word_1_136' title='bbox 1036 2016 1092 2063; x_wconf 91' lang='lat' dir='ltr'><strong>et</strong></span> <span class='ocrx_word' id='word_1_137' title='bbox 1134 2009 1384 2067; x_wconf 62' lang='lat' dir='ltr'><strong>adaucta:</strong></span> <span class='ocrx_word' id='word_1_138' title='bbox 1425 2021 1557 2069; x_wconf 88' lang='lat' dir='ltr'><strong>sunt</strong></span> <span class='ocrx_word' id='word_1_139' title='bbox 1602 2012 1658 2068; x_wconf 91' lang='lat' dir='ltr'><strong>in</strong></span> <span class='ocrx_word' id='word_1_140' title='bbox 1690 2013 2009 2070; x_wconf 90' lang='lat' dir='ltr'><strong>hominibus</strong></span> <span class='ocrx_word' id='word_1_141' title='bbox 2055 2017 2191 2072; x_wconf 71' lang='lat' dir='ltr'><strong>all‘e.</strong></span> 
     </span>
    </p>
   </div>
   <div class='ocr_carea' id='block_1_22' title="bbox 613 2098 2187 2177">
    <p class='ocr_par' dir='ltr' id='par_1_22' title="bbox 613 2098 2187 2177">
     <span class='ocr_line' id='line_1_22' title="bbox 613 2098 2187 2177; baseline 0.006 -22"><span class='ocrx_word' id='word_1_142' title='bbox 613 2098 827 2155; x_wconf 87' lang='lat' dir='ltr'><strong>ctiones</strong></span> <span class='ocrx_word' id='word_1_143' title='bbox 856 2101 1087 2170; x_wconf 89' lang='lat' dir='ltr'><strong>peccati,</strong></span> <span class='ocrx_word' id='word_1_144' title='bbox 1128 2110 1190 2157; x_wconf 89' lang='lat' dir='ltr'><strong>ut</strong></span> <span class='ocrx_word' id='word_1_145' title='bbox 1222 2104 1291 2158; x_wconf 90' lang='lat' dir='ltr'><strong>ad</strong></span> <span class='ocrx_word' id='word_1_146' title='bbox 1338 2104 1612 2160; x_wconf 88' lang='lat' dir='ltr'><strong>adulteria</strong></span> <span class='ocrx_word' id='word_1_147' title='bbox 1656 2122 1852 2177; x_wconf 87' lang='lat' dir='ltr'><strong>usque,</strong></span> <span class='ocrx_word' id='word_1_148' title='bbox 1898 2108 2187 2174; x_wconf 86' lang='lat' dir='ltr'><strong>libidines,</strong></span> 
     </span>
    </p>
   </div>
   <div class='ocr_carea' id='block_1_23' title="bbox 615 2189 2191 2263">
    <p class='ocr_par' dir='ltr' id='par_1_23' title="bbox 615 2189 2191 2263">
     <span class='ocr_line' id='line_1_23' title="bbox 615 2189 2191 2263; baseline 0.006 -16"><span class='ocrx_word' id='word_1_149' title='bbox 615 2189 975 2258; x_wconf 74' lang='lat' dir='ltr'><strong>idololatrias,</strong></span> <span class='ocrx_word' id='word_1_150' title='bbox 995 2194 1261 2259; x_wconf 70' lang='lat' dir='ltr'><strong>caedes,et</strong></span> <span class='ocrx_word' id='word_1_151' title='bbox 1276 2196 1381 2251; x_wconf 89' lang='lat' dir='ltr'><strong>alia</strong></span> <span class='ocrx_word' id='word_1_152' title='bbox 1392 2197 1634 2253; x_wconf 86' lang='lat' dir='ltr'><strong>absurda</strong></span> <span class='ocrx_word' id='word_1_153' title='bbox 1652 2198 2001 2263; x_wconf 87' lang='lat' dir='ltr'><strong>devenerint,</strong></span> <span class='ocrx_word' id='word_1_154' title='bbox 2014 2200 2191 2257; x_wconf 90' lang='lat' dir='ltr'><strong>donec</strong></span> 
     </span>
    </p>
   </div>
   <div class='ocr_carea' id='block_1_24' title="bbox 614 2281 2189 2346">
    <p class='ocr_par' dir='ltr' id='par_1_24' title="bbox 614 2281 2189 2346">
     <span class='ocr_line' id='line_1_24' title="bbox 614 2281 2189 2346; baseline 0.008 -11"><span class='ocrx_word' id='word_1_155' title='bbox 614 2282 750 2337; x_wconf 88' lang='lat' dir='ltr'><strong>vitio</strong></span> <span class='ocrx_word' id='word_1_156' title='bbox 797 2281 1127 2341; x_wconf 82' lang='lat' dir='ltr'><strong>fermentata</strong></span> <span class='ocrx_word' id='word_1_157' title='bbox 1167 2295 1313 2342; x_wconf 89' lang='lat' dir='ltr'><strong>esset</strong></span> <span class='ocrx_word' id='word_1_158' title='bbox 1359 2287 1695 2345; x_wconf 86' lang='lat' dir='ltr'><strong>humanitas.</strong></span> <span class='ocrx_word' id='word_1_159' title='bbox 1744 2291 1814 2345; x_wconf 86' lang='lat' dir='ltr'><strong>Et</strong></span> <span class='ocrx_word' id='word_1_160' title='bbox 1861 2291 1917 2345; x_wconf 91' lang='lat' dir='ltr'><strong>in</strong></span> <span class='ocrx_word' id='word_1_161' title='bbox 1975 2298 2189 2346; x_wconf 90' lang='lat' dir='ltr'><strong>tantum</strong></span> 
     </span>
    </p>
   </div>
   <div class='ocr_carea' id='block_1_25' title="bbox 613 2374 2191 2454">
    <p class='ocr_par' dir='ltr' id='par_1_25' title="bbox 613 2374 2191 2454">
     <span class='ocr_line' id='line_1_25' title="bbox 613 2374 2191 2454; baseline 0.006 -25"><span class='ocrx_word' id='word_1_162' title='bbox 613 2374 858 2430; x_wconf 77' lang='lat' dir='ltr'><strong>excrevit</strong></span> <span class='ocrx_word' id='word_1_163' title='bbox 894 2374 949 2430; x_wconf 91' lang='lat' dir='ltr'><strong>in</strong></span> <span class='ocrx_word' id='word_1_164' title='bbox 993 2374 1313 2432; x_wconf 89' lang='lat' dir='ltr'><strong>hominibus</strong></span> <span class='ocrx_word' id='word_1_165' title='bbox 1340 2379 1568 2446; x_wconf 89' lang='lat' dir='ltr'><strong>malum,</strong></span> <span class='ocrx_word' id='word_1_166' title='bbox 1598 2388 1659 2436; x_wconf 91' lang='lat' dir='ltr'><strong>ut</strong></span> <span class='ocrx_word' id='word_1_167' title='bbox 1685 2390 1965 2450; x_wconf 87' lang='lat' dir='ltr'><strong>putarent,</strong></span> <span class='ocrx_word' id='word_1_168' title='bbox 2009 2399 2191 2454; x_wconf 90' lang='lat' dir='ltr'><strong>neque</strong></span> 
     </span>
    </p>
   </div>
   <div class='ocr_carea' id='block_1_26' title="bbox 616 2466 2189 2546">
    <p class='ocr_par' dir='ltr' id='par_1_26' title="bbox 616 2466 2189 2546">
     <span class='ocr_line' id='line_1_26' title="bbox 616 2466 2189 2546; baseline 0.006 -23"><span class='ocrx_word' id='word_1_169' title='bbox 616 2466 787 2523; x_wconf 90' lang='lat' dir='ltr'><strong>Deum</strong></span> <span class='ocrx_word' id='word_1_170' title='bbox 829 2483 989 2534; x_wconf 87' lang='lat' dir='ltr'><strong>esse;</strong></span> <span class='ocrx_word' id='word_1_171' title='bbox 1023 2484 1220 2525; x_wconf 87' lang='lat' dir='ltr'><strong>verum</strong></span> <span class='ocrx_word' id='word_1_172' title='bbox 1263 2471 1595 2529; x_wconf 84' lang='lat' dir='ltr'><strong>inanimatos</strong></span> <span class='ocrx_word' id='word_1_173' title='bbox 1621 2473 1835 2546; x_wconf 88' lang='lat' dir='ltr'><strong>lapides</strong></span> <span class='ocrx_word' id='word_1_174' title='bbox 1870 2476 2189 2545; x_wconf 88' lang='lat' dir='ltr'><strong>adorarent,</strong></span> 
     </span>
    </p>
   </div>
   <div class='ocr_carea' id='block_1_27' title="bbox 615 2555 2191 2637">
    <p class='ocr_par' dir='ltr' id='par_1_27' title="bbox 615 2555 2191 2637">
     <span class='ocr_line' id='line_1_27' title="bbox 615 2555 2191 2637; baseline 0.009 -26"><span class='ocrx_word' id='word_1_175' title='bbox 615 2568 795 2624; x_wconf 81' lang='lat' dir='ltr'><strong>neque</strong></span> <span class='ocrx_word' id='word_1_176' title='bbox 862 2555 1149 2613; x_wconf 84' lang='lat' dir='ltr'><strong>intellectu</strong></span> <span class='ocrx_word' id='word_1_177' title='bbox 1195 2560 1420 2629; x_wconf 89' lang='lat' dir='ltr'><strong>quidem</strong></span> <span class='ocrx_word' id='word_1_178' title='bbox 1474 2563 1649 2618; x_wconf 90' lang='lat' dir='ltr'><strong>Deum</strong></span> <span class='ocrx_word' id='word_1_179' title='bbox 1715 2568 2191 2637; x_wconf 86' lang='lat' dir='ltr'><strong>comprehendere</strong></span> 
     </span>
    </p>
   </div>
   <div class='ocr_carea' id='block_1_28' title="bbox 613 2651 2190 2725">
    <p class='ocr_par' dir='ltr' id='par_1_28' title="bbox 613 2651 2190 2725">
     <span class='ocr_line' id='line_1_28' title="bbox 613 2651 2190 2725; baseline 0.011 -25"><span class='ocrx_word' id='word_1_180' title='bbox 613 2657 857 2719; x_wconf 86' lang='lat' dir='ltr'><strong>possent,</strong></span> <span class='ocrx_word' id='word_1_181' title='bbox 893 2657 1000 2703; x_wconf 90' lang='lat' dir='ltr'><strong>tam</strong></span> <span class='ocrx_word' id='word_1_182' title='bbox 1053 2651 1162 2707; x_wconf 86' lang='lat' dir='ltr'><strong>alte</strong></span> <span class='ocrx_word' id='word_1_183' title='bbox 1217 2665 1603 2725; x_wconf 84' lang='lat' dir='ltr'><strong>consperserat</strong></span> <span class='ocrx_word' id='word_1_184' title='bbox 1659 2656 1997 2715; x_wconf 83' lang='lat' dir='ltr'><strong>fermentum</strong></span> <span class='ocrx_word' id='word_1_185' title='bbox 2028 2663 2190 2718; x_wconf 86' lang='lat' dir='ltr'><strong>mali-</strong></span> 
     </span>
    </p>
   </div>
   <div class='ocr_carea' id='block_1_29' title="bbox 614 2726 2048 2824">
    <p class='ocr_par' dir='ltr' id='par_1_29' title="bbox 614 2726 2048 2824">
     <span class='ocr_line' id='line_1_29' title="bbox 614 2726 2048 2824; baseline 0.01 -27"><span class='ocrx_word' id='word_1_186' title='bbox 614 2726 876 2797; x_wconf 76' lang='lat' dir='ltr'><strong>tiosarum</strong></span> <span class='ocrx_word' id='word_1_187' title='bbox 902 2740 1258 2801; x_wconf 79' lang='lat' dir='ltr'><strong>aﬂ&#39;ectionum</strong></span> <span class='ocrx_word' id='word_1_188' title='bbox 1292 2747 1497 2803; x_wconf 85' lang='lat' dir='ltr'><strong>veteris</strong></span> <span class='ocrx_word' id='word_1_189' title='bbox 1534 2748 1665 2805; x_wconf 67' lang='lat' dir='ltr'><strong>Adae</strong></span> <span class='ocrx_word' id='word_1_190' title='bbox 1704 2754 2048 2824; x_wconf 74' lang='lat' dir='ltr'><strong>progeniem.</strong></span> 
     </span>
    </p>
   </div>
   <div class='ocr_carea' id='block_1_30' title="bbox 682 2922 2189 2999">
    <p class='ocr_par' dir='ltr' id='par_1_30' title="bbox 682 2922 2189 2999">
     <span class='ocr_line' id='line_1_30' title="bbox 682 2922 2189 2999; baseline 0.011 -24"><span class='ocrx_word' id='word_1_191' title='bbox 682 2922 775 2977; x_wconf 91' lang='lat' dir='ltr'><strong>lll.</strong></span> <span class='ocrx_word' id='word_1_192' title='bbox 819 2924 1024 2980; x_wconf 88' lang='lat' dir='ltr'><strong>Eodem</strong></span> <span class='ocrx_word' id='word_1_193' title='bbox 1072 2926 1238 2983; x_wconf 92' lang='lat' dir='ltr'><strong>modo</strong></span> <span class='ocrx_word' id='word_1_194' title='bbox 1287 2928 1496 2999; x_wconf 88' lang='lat' dir='ltr'><strong>placuit</strong></span> <span class='ocrx_word' id='word_1_195' title='bbox 1547 2930 1778 2989; x_wconf 90' lang='lat' dir='ltr'><strong>Domino</strong></span> <span class='ocrx_word' id='word_1_196' title='bbox 1835 2933 1891 2988; x_wconf 90' lang='lat' dir='ltr'><strong>in</strong></span> <span class='ocrx_word' id='word_1_197' title='bbox 1951 2934 2189 2991; x_wconf 82' lang='lat' dir='ltr'><strong>adventu</strong></span> 
     </span>
    </p>
   </div>
   <div class='ocr_carea' id='block_1_31' title="bbox 611 3015 2192 3097">
    <p class='ocr_par' dir='ltr' id='par_1_31' title="bbox 611 3015 2192 3097">
     <span class='ocr_line' id='line_1_31' title="bbox 611 3015 2192 3097; baseline 0.009 -29"><span class='ocrx_word' id='word_1_198' title='bbox 611 3028 714 3069; x_wconf 91' lang='lat' dir='ltr'><strong>suo</strong></span> <span class='ocrx_word' id='word_1_199' title='bbox 766 3015 878 3086; x_wconf 90' lang='lat' dir='ltr'><strong>pati</strong></span> <span class='ocrx_word' id='word_1_200' title='bbox 919 3032 1021 3088; x_wconf 91' lang='lat' dir='ltr'><strong>pro</strong></span> <span class='ocrx_word' id='word_1_201' title='bbox 1055 3019 1338 3086; x_wconf 83' lang='lat' dir='ltr'><strong>omnibus,</strong></span> <span class='ocrx_word' id='word_1_202' title='bbox 1376 3033 1433 3079; x_wconf 90' lang='lat' dir='ltr'><strong>et</strong></span> <span class='ocrx_word' id='word_1_203' title='bbox 1473 3023 1748 3081; x_wconf 85' lang='lat' dir='ltr'><strong>redimere</strong></span> <span class='ocrx_word' id='word_1_204' title='bbox 1807 3042 1906 3081; x_wconf 90' lang='lat' dir='ltr'><strong>eos</strong></span> <span class='ocrx_word' id='word_1_205' title='bbox 1964 3028 2192 3097; x_wconf 85' lang='lat' dir='ltr'><strong>proprio</strong></span> 
     </span>
    </p>
   </div>
   <div class='ocr_carea' id='block_1_32' title="bbox 2285 532 3795 608">
    <p class='ocr_par' dir='ltr' id='par_1_32' title="bbox 2285 532 3795 608">
     <span class='ocr_line' id='line_1_32' title="bbox 2285 532 3795 608; baseline 0.001 -17"><span class='ocrx_word' id='word_1_206' title='bbox 2285 537 2536 608; x_wconf 77' lang='grc' dir='ltr'><strong>θεότητος</strong></span> <span class='ocrx_word' id='word_1_207' title='bbox 2566 537 2770 608; x_wconf 78' lang='grc' dir='ltr'>κόσμον</span> <span class='ocrx_word' id='word_1_208' title='bbox 2800 534 2965 603; x_wconf 81' lang='grc' dir='ltr'>εἶναι,</span> <span class='ocrx_word' id='word_1_209' title='bbox 2994 535 3179 599; x_wconf 82' lang='grc' dir='ltr'>καθὼς</span> <span class='ocrx_word' id='word_1_210' title='bbox 3199 537 3414 606; x_wconf 82' lang='grc' dir='ltr'>εῐρηται</span> <span class='ocrx_word' id='word_1_211' title='bbox 3431 549 3447 567; x_wconf 78' lang='grc'><strong><em>⁸</em></strong></span> <span class='ocrx_word' id='word_1_212' title='bbox 3485 532 3658 605; x_wconf 69' lang='grc' dir='ltr'><strong>Ἡμῶν-</strong></span> <span class='ocrx_word' id='word_1_213' title='bbox 3678 536 3731 591; x_wconf 69' lang='grc' dir='ltr'><strong>δέ</strong></span> <span class='ocrx_word' id='word_1_214' title='bbox 3747 542 3795 593; x_wconf 72' lang='grc' dir='ltr'><strong>τό</strong></span> 
     </span>
    </p>
   </div>
   <div class='ocr_carea' id='block_1_33' title="bbox 2284 625 3363 698">
    <p class='ocr_par' dir='ltr' id='par_1_33' title="bbox 2284 625 3363 698">
     <span class='ocr_line' id='line_1_33' title="bbox 2284 625 3363 698; baseline -0.003 -15"><span class='ocrx_word' id='word_1_215' title='bbox 2284 630 2626 698; x_wconf 75' lang='grc' dir='ltr'>πολίτευμα</span> <span class='ocrx_word' id='word_1_216' title='bbox 2661 629 2732 683; x_wconf 76' lang='grc' dir='ltr'>ἐν</span> <span class='ocrx_word' id='word_1_217' title='bbox 2768 626 3053 696; x_wconf 75' lang='grc' dir='ltr'><strong>οὐρανοῖς</strong></span> <span class='ocrx_word' id='word_1_218' title='bbox 3080 625 3363 695; x_wconf 73' lang='grc' dir='ltr'>ὑπάρχει.</span> 
     </span>
    </p>
   </div>
   <div class='ocr_carea' id='block_1_34' title="bbox 2356 713 3800 790">
    <p class='ocr_par' dir='ltr' id='par_1_34' title="bbox 2356 713 3800 790">
     <span class='ocr_line' id='line_1_34' title="bbox 2356 713 3800 790; baseline -0.001 -16"><span class='ocrx_word' id='word_1_219' title='bbox 2356 721 2435 774; x_wconf 89' lang='lat' dir='ltr'><strong>B&#39;.</strong></span> <span class='ocrx_word' id='word_1_220' title='bbox 2478 719 2649 776; x_wconf 81' lang='grc' dir='ltr'>Τοῦτο</span> <span class='ocrx_word' id='word_1_221' title='bbox 2680 718 2741 774; x_wconf 83' lang='grc' dir='ltr'>δὲ</span> <span class='ocrx_word' id='word_1_222' title='bbox 2789 718 3042 790; x_wconf 80' lang='grc' dir='ltr'><strong>οὐδαμῶς</strong></span> <span class='ocrx_word' id='word_1_223' title='bbox 3086 718 3311 772; x_wconf 86' lang='grc' dir='ltr'>δύναται</span> <span class='ocrx_word' id='word_1_224' title='bbox 3355 713 3745 786; x_wconf 77' lang='grc' dir='ltr'>κατορθωθῆναι.</span> <span class='ocrx_word' id='word_1_225' title='bbox 3766 722 3800 773; x_wconf 80' lang='grc' dir='ltr'><strong>εί</strong></span> 
     </span>
    </p>
   </div>
   <div class='ocr_carea' id='block_1_35' title="bbox 2290 805 3799 884">
    <p class='ocr_par' dir='ltr' id='par_1_35' title="bbox 2290 805 3799 884">
     <span class='ocr_line' id='line_1_35' title="bbox 2290 805 3799 884; baseline -0.005 -18"><span class='ocrx_word' id='word_1_226' title='bbox 2290 811 2365 882; x_wconf 75' lang='grc' dir='ltr'><strong>μὴ</strong></span> <span class='ocrx_word' id='word_1_227' title='bbox 2399 812 2433 881; x_wconf 85' lang='grc' dir='ltr'><strong>ή</strong></span> <span class='ocrx_word' id='word_1_228' title='bbox 2465 810 2612 884; x_wconf 78' lang='grc' dir='ltr'>ψυχὴ</span> <span class='ocrx_word' id='word_1_229' title='bbox 2660 810 2944 868; x_wconf 79' lang='grc' dir='ltr'><strong>πιστεύσει</strong></span> <span class='ocrx_word' id='word_1_230' title='bbox 2991 810 3051 875; x_wconf 80' lang='grc' dir='ltr'>ἐξ</span> <span class='ocrx_word' id='word_1_231' title='bbox 3101 808 3231 878; x_wconf 88' lang='grc' dir='ltr'>ὅλης</span> <span class='ocrx_word' id='word_1_232' title='bbox 3265 806 3494 879; x_wconf 78' lang='grc' dir='ltr'><strong>καρδίας</strong></span> <span class='ocrx_word' id='word_1_233' title='bbox 3535 805 3608 874; x_wconf 81' lang='grc' dir='ltr'>τῷ</span> <span class='ocrx_word' id='word_1_234' title='bbox 3644 808 3799 878; x_wconf 74' lang='grc' dir='ltr'>Κυρίῳ,</span> 
     </span>
    </p>
   </div>
   <div class='ocr_carea' id='block_1_36' title="bbox 2286 896 3801 974">
    <p class='ocr_par' dir='ltr' id='par_1_36' title="bbox 2286 896 3801 974">
     <span class='ocr_line' id='line_1_36' title="bbox 2286 896 3801 974; baseline -0.005 -17"><span class='ocrx_word' id='word_1_235' title='bbox 2286 903 2643 974; x_wconf 77' lang='grc' dir='ltr'>άρνησαμένη</span> <span class='ocrx_word' id='word_1_236' title='bbox 2691 902 2785 956; x_wconf 81' lang='grc' dir='ltr'>τὸν</span> <span class='ocrx_word' id='word_1_237' title='bbox 2828 900 3004 956; x_wconf 83' lang='grc' dir='ltr'>αῑῶνα</span> <span class='ocrx_word' id='word_1_238' title='bbox 3048 900 3262 965; x_wconf 82' lang='grc' dir='ltr'>τοῦτον,</span> <span class='ocrx_word' id='word_1_239' title='bbox 3297 899 3396 952; x_wconf 76' lang='grc' dir='ltr'>καὶ</span> <span class='ocrx_word' id='word_1_240' title='bbox 3436 899 3472 967; x_wconf 78' lang='grc' dir='ltr'><strong>ἡ</strong></span> <span class='ocrx_word' id='word_1_241' title='bbox 3512 896 3713 964; x_wconf 73' lang='grc' dir='ltr'>δυνάμις</span> <span class='ocrx_word' id='word_1_242' title='bbox 3737 901 3801 951; x_wconf 70' lang='grc' dir='ltr'>ιιιῦ</span> 
     </span>
    </p>
   </div>
   <div class='ocr_carea' id='block_1_37' title="bbox 2288 989 3805 1065">
    <p class='ocr_par' dir='ltr' id='par_1_37' title="bbox 2288 989 3805 1065">
     <span class='ocr_line' id='line_1_37' title="bbox 2288 989 3805 1065; baseline -0.006 -16"><span class='ocrx_word' id='word_1_243' title='bbox 2288 993 2472 1050; x_wconf 78' lang='grc' dir='ltr'>θεῖκοῢ</span> <span class='ocrx_word' id='word_1_244' title='bbox 2523 994 2840 1065; x_wconf 85' lang='grc' dir='ltr'>Πνεύματος</span> <span class='ocrx_word' id='word_1_245' title='bbox 2883 992 3206 1059; x_wconf 70' lang='grc' dir='ltr'><strong>ἐπισυνάξαι</strong></span> <span class='ocrx_word' id='word_1_246' title='bbox 3258 990 3489 1045; x_wconf 85' lang='grc' dir='ltr'>δύναται</span> <span class='ocrx_word' id='word_1_247' title='bbox 3536 989 3626 1059; x_wconf 79' lang='grc' dir='ltr'>τὴν</span> <span class='ocrx_word' id='word_1_248' title='bbox 3665 991 3805 1058; x_wconf 56' lang='lat' dir='ltr'><strong>im?-</strong></span> 
     </span>
    </p>
   </div>
   <div class='ocr_carea' id='block_1_38' title="bbox 2288 1079 3804 1159">
    <p class='ocr_par' dir='ltr' id='par_1_38' title="bbox 2288 1079 3804 1159">
     <span class='ocr_line' id='line_1_38' title="bbox 2288 1079 3804 1159; baseline -0.005 -18"><span class='ocrx_word' id='word_1_249' title='bbox 2288 1086 2562 1158; x_wconf 74' lang='grc' dir='ltr'>πισμένην</span> <span class='ocrx_word' id='word_1_250' title='bbox 2594 1086 2825 1158; x_wconf 80' lang='grc' dir='ltr'>καρδίαν</span> <span class='ocrx_word' id='word_1_251' title='bbox 2856 1087 2914 1140; x_wconf 87' lang='grc' dir='ltr'><strong>ἐν</strong></span> <span class='ocrx_word' id='word_1_252' title='bbox 2939 1085 3038 1159; x_wconf 79' lang='grc' dir='ltr'>ὅλῃ</span> <span class='ocrx_word' id='word_1_253' title='bbox 3078 1087 3147 1156; x_wconf 80' lang='grc' dir='ltr'>τῇ</span> <span class='ocrx_word' id='word_1_254' title='bbox 3174 1086 3270 1155; x_wconf 80' lang='grc' dir='ltr'>γῇ,</span> <span class='ocrx_word' id='word_1_255' title='bbox 3306 1083 3389 1147; x_wconf 80' lang='grc' dir='ltr'><strong>είς</strong></span> <span class='ocrx_word' id='word_1_256' title='bbox 3414 1079 3515 1152; x_wconf 82' lang='grc' dir='ltr'>τὴν</span> <span class='ocrx_word' id='word_1_257' title='bbox 3545 1080 3633 1134; x_wconf 81' lang='grc' dir='ltr'>τοῦ</span> <span class='ocrx_word' id='word_1_258' title='bbox 3651 1083 3804 1151; x_wconf 67' lang='grc' dir='ltr'>κυρία)</span> 
     </span>
    </p>
   </div>
   <div class='ocr_carea' id='block_1_39' title="bbox 2288 1170 3807 1248">
    <p class='ocr_par' dir='ltr' id='par_1_39' title="bbox 2288 1170 3807 1248">
     <span class='ocr_line' id='line_1_39' title="bbox 2288 1170 3807 1248; baseline -0.007 -16"><span class='ocrx_word' id='word_1_259' title='bbox 2288 1178 2533 1248; x_wconf 77' lang='grc' dir='ltr'>ἀγάπην,</span> <span class='ocrx_word' id='word_1_260' title='bbox 2568 1176 2665 1231; x_wconf 73' lang='grc' dir='ltr'>καὶ</span> <span class='ocrx_word' id='word_1_261' title='bbox 2695 1178 2774 1240; x_wconf 86' lang='grc' dir='ltr'><strong>είς</strong></span> <span class='ocrx_word' id='word_1_262' title='bbox 2796 1174 2887 1230; x_wconf 75' lang='grc' dir='ltr'>τὸν</span> <span class='ocrx_word' id='word_1_263' title='bbox 2914 1173 3132 1230; x_wconf 76' lang='grc' dir='ltr'>αἰώνιον</span> <span class='ocrx_word' id='word_1_264' title='bbox 3160 1174 3368 1244; x_wconf 82' lang='grc' dir='ltr'>κόσμον</span> <span class='ocrx_word' id='word_1_265' title='bbox 3392 1170 3457 1225; x_wconf 85' lang='grc' dir='ltr'><strong>τδ</strong></span> <span class='ocrx_word' id='word_1_266' title='bbox 3481 1171 3711 1242; x_wconf 79' lang='grc' dir='ltr'>φρόνημα</span> <span class='ocrx_word' id='word_1_267' title='bbox 3740 1190 3807 1241; x_wconf 75' lang='grc' dir='ltr'>με.</span> 
     </span>
    </p>
   </div>
   <div class='ocr_carea' id='block_1_40' title="bbox 2288 1264 3807 1341">
    <p class='ocr_par' dir='ltr' id='par_1_40' title="bbox 2288 1264 3807 1341">
     <span class='ocr_line' id='line_1_40' title="bbox 2288 1264 3807 1341; baseline -0.005 -17"><span class='ocrx_word' id='word_1_268' title='bbox 2288 1270 2603 1340; x_wconf 84' lang='grc' dir='ltr'>τατεθῆναι.</span> <span class='ocrx_word' id='word_1_269' title='bbox 2660 1270 2795 1324; x_wconf 79' lang='grc' dir='ltr'><strong>Ἀπὸ</strong></span> <span class='ocrx_word' id='word_1_270' title='bbox 2832 1270 2941 1341; x_wconf 80' lang='grc' dir='ltr'><strong>γὰρ</strong></span> <span class='ocrx_word' id='word_1_271' title='bbox 2989 1268 3093 1338; x_wconf 83' lang='grc' dir='ltr'>τῆς</span> <span class='ocrx_word' id='word_1_272' title='bbox 3139 1266 3234 1321; x_wconf 79' lang='grc' dir='ltr'>τοῦ</span> <span class='ocrx_word' id='word_1_273' title='bbox 3278 1265 3458 1333; x_wconf 77' lang='grc' dir='ltr'><strong>’Δδάμ</strong></span> <span class='ocrx_word' id='word_1_274' title='bbox 3506 1264 3807 1334; x_wconf 78' lang='grc' dir='ltr'>παραϐάσεως</span> 
     </span>
    </p>
   </div>
   <div class='ocr_carea' id='block_1_41' title="bbox 2289 1352 3807 1431">
    <p class='ocr_par' dir='ltr' id='par_1_41' title="bbox 2289 1352 3807 1431">
     <span class='ocr_line' id='line_1_41' title="bbox 2289 1352 3807 1431; baseline -0.007 -16"><span class='ocrx_word' id='word_1_275' title='bbox 2289 1360 2730 1431; x_wconf 74' lang='grc' dir='ltr'>ἐσκορπίσθησαν</span> <span class='ocrx_word' id='word_1_276' title='bbox 2760 1359 2870 1413; x_wconf 77' lang='grc' dir='ltr'><strong>ἀπὸ</strong></span> <span class='ocrx_word' id='word_1_277' title='bbox 2911 1358 3013 1429; x_wconf 83' lang='grc' dir='ltr'>τῆς</span> <span class='ocrx_word' id='word_1_278' title='bbox 3061 1357 3286 1427; x_wconf 79' lang='grc' dir='ltr'><strong>ἀγάπης</strong></span> <span class='ocrx_word' id='word_1_279' title='bbox 3329 1354 3427 1408; x_wconf 80' lang='grc' dir='ltr'>τοῦ</span> <span class='ocrx_word' id='word_1_280' title='bbox 3472 1352 3606 1407; x_wconf 74' lang='grc' dir='ltr'>Θεοῦ</span> <span class='ocrx_word' id='word_1_281' title='bbox 3642 1354 3807 1420; x_wconf 60' lang='lat' dir='ltr'><strong>ollim.</strong></span> 
     </span>
    </p>
   </div>
   <div class='ocr_carea' id='block_1_42' title="bbox 2291 1448 3807 1525">
    <p class='ocr_par' dir='ltr' id='par_1_42' title="bbox 2291 1448 3807 1525">
     <span class='ocr_line' id='line_1_42' title="bbox 2291 1448 3807 1525; baseline -0.009 -14"><span class='ocrx_word' id='word_1_282' title='bbox 2291 1452 2423 1525; x_wconf 67' lang='grc' dir='ltr'>σμο).</span> <span class='ocrx_word' id='word_1_283' title='bbox 2453 1451 2552 1521; x_wconf 82' lang='grc' dir='ltr'>τῆς</span> <span class='ocrx_word' id='word_1_284' title='bbox 2598 1450 2801 1523; x_wconf 82' lang='grc' dir='ltr'>ψυχῆς,</span> <span class='ocrx_word' id='word_1_285' title='bbox 2837 1452 2919 1515; x_wconf 84' lang='grc' dir='ltr'><strong>είς</strong></span> <span class='ocrx_word' id='word_1_286' title='bbox 2955 1450 3048 1505; x_wconf 81' lang='grc' dir='ltr'>τὸν</span> <span class='ocrx_word' id='word_1_287' title='bbox 3098 1450 3272 1504; x_wconf 85' lang='grc' dir='ltr'>αίῶνα</span> <span class='ocrx_word' id='word_1_288' title='bbox 3306 1448 3521 1508; x_wconf 79' lang='grc' dir='ltr'>τοῦτον,</span> <span class='ocrx_word' id='word_1_289' title='bbox 3560 1448 3807 1514; x_wconf 71' lang='grc' dir='ltr'>συμμιγένο</span> 
     </span>
    </p>
   </div>
   <div class='ocr_carea' id='block_1_43' title="bbox 2290 1538 3808 1613">
    <p class='ocr_par' dir='ltr' id='par_1_43' title="bbox 2290 1538 3808 1613">
     <span class='ocr_line' id='line_1_43' title="bbox 2290 1538 3808 1613; baseline -0.005 -14"><span class='ocrx_word' id='word_1_290' title='bbox 2290 1562 2381 1608; x_wconf 88' lang='grc' dir='ltr'><strong>τες</strong></span> <span class='ocrx_word' id='word_1_291' title='bbox 2436 1544 2639 1608; x_wconf 78' lang='grc' dir='ltr'>ὑλικοῖς</span> <span class='ocrx_word' id='word_1_292' title='bbox 2688 1542 2784 1603; x_wconf 77' lang='grc' dir='ltr'>καὶ</span> <span class='ocrx_word' id='word_1_293' title='bbox 2828 1543 3041 1613; x_wconf 71' lang='grc' dir='ltr'>γηῖνοις</span> <span class='ocrx_word' id='word_1_294' title='bbox 3095 1541 3402 1611; x_wconf 80' lang='grc' dir='ltr'>λογισμοῖς.</span> <span class='ocrx_word' id='word_1_295' title='bbox 3451 1538 3808 1609; x_wconf 49' lang='lat' dir='ltr'><strong>suam“</strong></span> 
     </span>
    </p>
   </div>
   <div class='ocr_carea' id='block_1_44' title="bbox 2304 1631 3809 1709">
    <p class='ocr_par' dir='ltr' id='par_1_44' title="bbox 2304 1631 3809 1709">
     <span class='ocr_line' id='line_1_44' title="bbox 2304 1631 3809 1709; baseline -0.006 -18"><span class='ocrx_word' id='word_1_296' title='bbox 2304 1637 2477 1708; x_wconf 79' lang='grc' dir='ltr'>Ἀδάμ</span> <span class='ocrx_word' id='word_1_297' title='bbox 2505 1636 2761 1708; x_wconf 76' lang='grc' dir='ltr'>παραϐὰς</span> <span class='ocrx_word' id='word_1_298' title='bbox 2792 1637 2975 1709; x_wconf 90' lang='grc' dir='ltr'>ζύμην</span> <span class='ocrx_word' id='word_1_299' title='bbox 3005 1634 3207 1698; x_wconf 80' lang='grc' dir='ltr'>κακίας</span> <span class='ocrx_word' id='word_1_300' title='bbox 3242 1632 3434 1687; x_wconf 86' lang='grc' dir='ltr'>παθῶν</span> <span class='ocrx_word' id='word_1_301' title='bbox 3468 1631 3735 1695; x_wconf 76' lang='grc' dir='ltr'>ὑπεδέξατο</span> <span class='ocrx_word' id='word_1_302' title='bbox 3756 1636 3809 1696; x_wconf 69' lang='grc' dir='ltr'>εἰς</span> 
     </span>
    </p>
   </div>
   <div class='ocr_carea' id='block_1_45' title="bbox 2293 1724 3811 1801">
    <p class='ocr_par' dir='ltr' id='par_1_45' title="bbox 2293 1724 3811 1801">
     <span class='ocr_line' id='line_1_45' title="bbox 2293 1724 3811 1801; baseline -0.009 -14"><span class='ocrx_word' id='word_1_303' title='bbox 2293 1731 2507 1798; x_wconf 78' lang='grc' dir='ltr'>ἑαυτὸν,</span> <span class='ocrx_word' id='word_1_304' title='bbox 2541 1731 2635 1787; x_wconf 74' lang='grc' dir='ltr'>καὶ</span> <span class='ocrx_word' id='word_1_305' title='bbox 2662 1730 2835 1795; x_wconf 79' lang='grc' dir='ltr'>οὕτως</span> <span class='ocrx_word' id='word_1_306' title='bbox 2859 1730 3001 1785; x_wconf 78' lang='grc' dir='ltr'>κατὰ</span> <span class='ocrx_word' id='word_1_307' title='bbox 3054 1728 3289 1801; x_wconf 78' lang='grc' dir='ltr'>μετοχὴν</span> <span class='ocrx_word' id='word_1_308' title='bbox 3316 1727 3367 1780; x_wconf 87' lang='grc' dir='ltr'>οἱ</span> <span class='ocrx_word' id='word_1_309' title='bbox 3394 1725 3457 1793; x_wconf 74' lang='grc' dir='ltr'>ἐξ</span> <span class='ocrx_word' id='word_1_310' title='bbox 3489 1724 3647 1778; x_wconf 76' lang='grc' dir='ltr'>αὐτοῦ</span> <span class='ocrx_word' id='word_1_311' title='bbox 3670 1739 3811 1796; x_wconf 68' lang='grc' dir='ltr'>γεννη.</span> 
     </span>
    </p>
   </div>
   <div class='ocr_carea' id='block_1_46' title="bbox 2221 1789 3811 1892">
    <p class='ocr_par' dir='ltr' id='par_1_46' title="bbox 2221 1789 3811 1892">
     <span class='ocr_line' id='line_1_46' title="bbox 2221 1789 3811 1892; baseline -0.003 -16"><span class='ocrx_word' id='word_1_312' title='bbox 2221 1789 2262 1843; x_wconf 69' lang='grc' dir='ltr'>Β</span> <span class='ocrx_word' id='word_1_313' title='bbox 2294 1789 2504 1890; x_wconf 61' lang='grc' dir='ltr'>θέντες,</span> <span class='ocrx_word' id='word_1_314' title='bbox 2530 1824 2624 1889; x_wconf 76' lang='grc' dir='ltr'>καὶ</span> <span class='ocrx_word' id='word_1_315' title='bbox 2655 1824 2761 1877; x_wconf 82' lang='grc' dir='ltr'><strong>πᾶν</strong></span> <span class='ocrx_word' id='word_1_316' title='bbox 2799 1789 2859 1877; x_wconf 76' lang='grc' dir='ltr'>τὸ</span> <span class='ocrx_word' id='word_1_317' title='bbox 2894 1789 3067 1892; x_wconf 46' lang='grc' dir='ltr'>γένος.</span> <span class='ocrx_word' id='word_1_318' title='bbox 3095 1789 3290 1890; x_wconf 61' lang='grc' dir='ltr'>Ἀδάμ,</span> <span class='ocrx_word' id='word_1_319' title='bbox 3324 1789 3542 1890; x_wconf 67' lang='grc' dir='ltr'>ἐκείνης</span> <span class='ocrx_word' id='word_1_320' title='bbox 3565 1817 3655 1887; x_wconf 79' lang='grc' dir='ltr'>τῆς</span> 
     </span>
    </p>
   </div>
   <div class='ocr_carea' id='block_1_47' title="bbox 2294 1908 3811 1986">
    <p class='ocr_par' dir='ltr' id='par_1_47' title="bbox 2294 1908 3811 1986">
     <span class='ocr_line' id='line_1_47' title="bbox 2294 1908 3811 1986; baseline -0.005 -16"><span class='ocrx_word' id='word_1_321' title='bbox 2294 1914 2556 1986; x_wconf 82' lang='grc' dir='ltr'><strong>μετέσχε·</strong></span> <span class='ocrx_word' id='word_1_322' title='bbox 2590 1915 2682 1977; x_wconf 76' lang='grc' dir='ltr'>καὶ</span> <span class='ocrx_word' id='word_1_323' title='bbox 2715 1915 2900 1969; x_wconf 84' lang='grc' dir='ltr'>λοιπὸν</span> <span class='ocrx_word' id='word_1_324' title='bbox 2928 1916 3069 1968; x_wconf 74' lang='grc' dir='ltr'>κατὰ</span> <span class='ocrx_word' id='word_1_325' title='bbox 3099 1912 3386 1984; x_wconf 78' lang='grc' dir='ltr'>προκοπὴν</span> <span class='ocrx_word' id='word_1_326' title='bbox 3414 1911 3515 1963; x_wconf 77' lang='grc' dir='ltr'>καὶ</span> <span class='ocrx_word' id='word_1_327' title='bbox 3539 1908 3737 1978; x_wconf 69' lang='grc' dir='ltr'>αὔξησιν</span> <span class='ocrx_word' id='word_1_328' title='bbox 3760 1914 3811 1973; x_wconf 52' lang='grc' dir='ltr'>εξ</span> 
     </span>
    </p>
   </div>
   <div class='ocr_carea' id='block_1_48' title="bbox 2290 2001 3812 2078">
    <p class='ocr_par' dir='ltr' id='par_1_48' title="bbox 2290 2001 3812 2078">
     <span class='ocr_line' id='line_1_48' title="bbox 2290 2001 3812 2078; baseline -0.006 -17"><span class='ocrx_word' id='word_1_329' title='bbox 2290 2007 2542 2062; x_wconf 81' lang='grc' dir='ltr'>τοσοῦτον</span> <span class='ocrx_word' id='word_1_330' title='bbox 2590 2006 2829 2078; x_wconf 78' lang='grc' dir='ltr'>ηῦξησεν</span> <span class='ocrx_word' id='word_1_331' title='bbox 2878 2008 2938 2060; x_wconf 88' lang='grc' dir='ltr'><strong>ἐν</strong></span> <span class='ocrx_word' id='word_1_332' title='bbox 2981 2008 3096 2069; x_wconf 79' lang='grc' dir='ltr'>τοῖς</span> <span class='ocrx_word' id='word_1_333' title='bbox 3146 2002 3459 2076; x_wconf 82' lang='grc' dir='ltr'>ἀνθρώποις</span> <span class='ocrx_word' id='word_1_334' title='bbox 3498 2001 3566 2054; x_wconf 71' lang='grc' dir='ltr'><strong>τὰ</strong></span> <span class='ocrx_word' id='word_1_335' title='bbox 3598 2002 3724 2072; x_wconf 76' lang='grc' dir='ltr'>πάθη</span> <span class='ocrx_word' id='word_1_336' title='bbox 3746 2002 3812 2069; x_wconf 63' lang='grc' dir='ltr'>τῆς</span> 
     </span>
    </p>
   </div>
   <div class='ocr_carea' id='block_1_49' title="bbox 2290 2093 3811 2168">
    <p class='ocr_par' dir='ltr' id='par_1_49' title="bbox 2290 2093 3811 2168">
     <span class='ocr_line' id='line_1_49' title="bbox 2290 2093 3811 2168; baseline -0.003 -18"><span class='ocrx_word' id='word_1_337' title='bbox 2290 2096 2588 2168; x_wconf 83' lang='grc' dir='ltr'>ἁμαρτίας,</span> <span class='ocrx_word' id='word_1_338' title='bbox 2619 2095 2760 2163; x_wconf 73' lang='grc' dir='ltr'>ὥστε</span> <span class='ocrx_word' id='word_1_339' title='bbox 2815 2097 2920 2163; x_wconf 70' lang='grc' dir='ltr'><strong>ξως</strong></span> <span class='ocrx_word' id='word_1_340' title='bbox 2966 2094 3262 2168; x_wconf 65' lang='grc' dir='ltr'>πορνειιῖω,</span> <span class='ocrx_word' id='word_1_341' title='bbox 3296 2095 3393 2147; x_wconf 79' lang='grc' dir='ltr'><strong>καὶ</strong></span> <span class='ocrx_word' id='word_1_342' title='bbox 3426 2093 3728 2161; x_wconf 78' lang='grc' dir='ltr'>άσελγειῶν.</span> <span class='ocrx_word' id='word_1_343' title='bbox 3749 2097 3811 2146; x_wconf 74' lang='grc' dir='ltr'>καὶ</span> 
     </span>
    </p>
   </div>
   <div class='ocr_carea' id='block_1_50' title="bbox 2291 2186 3811 2260">
    <p class='ocr_par' dir='ltr' id='par_1_50' title="bbox 2291 2186 3811 2260">
     <span class='ocr_line' id='line_1_50' title="bbox 2291 2186 3811 2260; baseline -0.003 -18"><span class='ocrx_word' id='word_1_344' title='bbox 2291 2187 2772 2260; x_wconf 86' lang='grc' dir='ltr'>είδωλολατρειῶν,</span> <span class='ocrx_word' id='word_1_345' title='bbox 2806 2189 2901 2243; x_wconf 78' lang='grc' dir='ltr'>καὶ</span> <span class='ocrx_word' id='word_1_346' title='bbox 2951 2188 3149 2259; x_wconf 72' lang='grc' dir='ltr'>φόνων,</span> <span class='ocrx_word' id='word_1_347' title='bbox 3204 2186 3299 2252; x_wconf 72' lang='grc' dir='ltr'>καὶ</span> <span class='ocrx_word' id='word_1_348' title='bbox 3342 2186 3553 2256; x_wconf 72' lang='grc' dir='ltr'>ἐτέρων</span> <span class='ocrx_word' id='word_1_349' title='bbox 3584 2186 3811 2255; x_wconf 69' lang='grc' dir='ltr'>ἀτοπημὰν</span> 
     </span>
    </p>
   </div>
   <div class='ocr_carea' id='block_1_51' title="bbox 2289 2275 3814 2359">
    <p class='ocr_par' dir='ltr' id='par_1_51' title="bbox 2289 2275 3814 2359">
     <span class='ocr_line' id='line_1_51' title="bbox 2289 2275 3814 2359; baseline -0.003 -24"><span class='ocrx_word' id='word_1_350' title='bbox 2289 2294 2398 2335; x_wconf 86' lang='grc' dir='ltr'>των</span> <span class='ocrx_word' id='word_1_351' title='bbox 2425 2281 2696 2353; x_wconf 83' lang='grc' dir='ltr'>χωρῆσαι,</span> <span class='ocrx_word' id='word_1_352' title='bbox 2722 2282 2828 2347; x_wconf 72' lang='grc' dir='ltr'><strong>ἕως</strong></span> <span class='ocrx_word' id='word_1_353' title='bbox 2854 2275 2915 2337; x_wconf 69' lang='grc' dir='ltr'>οὗ</span> <span class='ocrx_word' id='word_1_354' title='bbox 2955 2280 3214 2359; x_wconf 70' lang='grc' dir='ltr'>ἐζυμώθη</span> <span class='ocrx_word' id='word_1_355' title='bbox 3243 2282 3311 2351; x_wconf 76' lang='grc' dir='ltr'>τῇ</span> <span class='ocrx_word' id='word_1_356' title='bbox 3355 2278 3532 2348; x_wconf 69' lang='grc' dir='ltr'>κακίᾳ.</span> <span class='ocrx_word' id='word_1_357' title='bbox 3580 2280 3611 2349; x_wconf 77' lang='grc' dir='ltr'>ἡ</span> <span class='ocrx_word' id='word_1_358' title='bbox 3660 2279 3814 2347; x_wconf 76' lang='grc' dir='ltr'>ἀνθρω-</span> 
     </span>
    </p>
   </div>
   <div class='ocr_carea' id='block_1_52' title="bbox 2290 2370 3814 2445">
    <p class='ocr_par' dir='ltr' id='par_1_52' title="bbox 2290 2370 3814 2445">
     <span class='ocr_line' id='line_1_52' title="bbox 2290 2370 3814 2445; baseline -0.001 -18"><span class='ocrx_word' id='word_1_359' title='bbox 2290 2375 2499 2444; x_wconf 77' lang='grc' dir='ltr'>πότης·</span> <span class='ocrx_word' id='word_1_360' title='bbox 2532 2376 2628 2428; x_wconf 76' lang='grc' dir='ltr'>καὶ</span> <span class='ocrx_word' id='word_1_361' title='bbox 2674 2378 2756 2441; x_wconf 85' lang='grc' dir='ltr'><strong>είς</strong></span> <span class='ocrx_word' id='word_1_362' title='bbox 2805 2374 3061 2437; x_wconf 74' lang='grc' dir='ltr'>τοσοῦτον</span> <span class='ocrx_word' id='word_1_363' title='bbox 3106 2372 3347 2445; x_wconf 66' lang='grc' dir='ltr'>ηὔξησεν</span> <span class='ocrx_word' id='word_1_364' title='bbox 3369 2374 3428 2425; x_wconf 71' lang='grc' dir='ltr'><strong>ἐν</strong></span> <span class='ocrx_word' id='word_1_365' title='bbox 3481 2370 3756 2442; x_wconf 74' lang='grc' dir='ltr'>ἀνθρώποις</span> <span class='ocrx_word' id='word_1_366' title='bbox 3774 2372 3814 2425; x_wconf 74' lang='grc' dir='ltr'><strong>ιδ</strong></span> 
     </span>
    </p>
   </div>
   <div class='ocr_carea' id='block_1_53' title="bbox 2291 2460 3814 2537">
    <p class='ocr_par' dir='ltr' id='par_1_53' title="bbox 2291 2460 3814 2537">
     <span class='ocr_line' id='line_1_53' title="bbox 2291 2460 3814 2537; baseline -0.003 -16"><span class='ocrx_word' id='word_1_367' title='bbox 2291 2466 2481 2532; x_wconf 79' lang='grc' dir='ltr'>κακὸν,</span> <span class='ocrx_word' id='word_1_368' title='bbox 2516 2466 2593 2531; x_wconf 85' lang='grc' dir='ltr'>ὼς</span> <span class='ocrx_word' id='word_1_369' title='bbox 2623 2466 2871 2537; x_wconf 82' lang='grc' dir='ltr'>νομίζειν</span> <span class='ocrx_word' id='word_1_370' title='bbox 2924 2467 3066 2537; x_wconf 70' lang='grc' dir='ltr'>μήτε</span> <span class='ocrx_word' id='word_1_371' title='bbox 3116 2460 3260 2519; x_wconf 78' lang='grc' dir='ltr'>εἶναι</span> <span class='ocrx_word' id='word_1_372' title='bbox 3307 2464 3468 2532; x_wconf 82' lang='grc' dir='ltr'>Θεὸν,</span> <span class='ocrx_word' id='word_1_373' title='bbox 3523 2465 3655 2519; x_wconf 78' lang='grc' dir='ltr'>ἀλλὰ</span> <span class='ocrx_word' id='word_1_374' title='bbox 3695 2464 3814 2526; x_wconf 77' lang='grc' dir='ltr'>λίθοις</span> 
     </span>
    </p>
   </div>
   <div class='ocr_carea' id='block_1_54' title="bbox 2298 2558 3815 2632">
    <p class='ocr_par' dir='ltr' id='par_1_54' title="bbox 2298 2558 3815 2632">
     <span class='ocr_line' id='line_1_54' title="bbox 2298 2558 3815 2632; baseline -0.001 -20"><span class='ocrx_word' id='word_1_375' title='bbox 2298 2558 2527 2630; x_wconf 81' lang='grc' dir='ltr'><strong>ἀψύχοις</strong></span> <span class='ocrx_word' id='word_1_376' title='bbox 2572 2560 2976 2632; x_wconf 86' lang='grc' dir='ltr'>προσκυνῆσαι,</span> <span class='ocrx_word' id='word_1_377' title='bbox 3006 2560 3145 2631; x_wconf 74' lang='grc' dir='ltr'>μήτε</span> <span class='ocrx_word' id='word_1_378' title='bbox 3194 2558 3302 2621; x_wconf 71' lang='grc' dir='ltr'><strong>κᾶν</strong></span> <span class='ocrx_word' id='word_1_379' title='bbox 3353 2558 3463 2621; x_wconf 78' lang='grc' dir='ltr'><strong>ἕως</strong></span> <span class='ocrx_word' id='word_1_380' title='bbox 3496 2558 3693 2621; x_wconf 81' lang='grc' dir='ltr'>ἐννοίας</span> <span class='ocrx_word' id='word_1_381' title='bbox 3725 2558 3815 2617; x_wconf 62' lang='grc' dir='ltr'>Θεό-ι</span> 
     </span>
    </p>
   </div>
   <div class='ocr_carea' id='block_1_55' title="bbox 2291 2650 3815 2723">
    <p class='ocr_par' dir='ltr' id='par_1_55' title="bbox 2291 2650 3815 2723">
     <span class='ocr_line' id='line_1_55' title="bbox 2291 2650 3815 2723; baseline -0.001 -18"><span class='ocrx_word' id='word_1_382' title='bbox 2291 2652 2592 2723; x_wconf 76' lang='grc' dir='ltr'>λαμϐάνειν</span> <span class='ocrx_word' id='word_1_383' title='bbox 2638 2652 2918 2720; x_wconf 85' lang='grc' dir='ltr'>δύνασθαι,</span> <span class='ocrx_word' id='word_1_384' title='bbox 2954 2654 3037 2716; x_wconf 88' lang='grc' dir='ltr'><strong>είς</strong></span> <span class='ocrx_word' id='word_1_385' title='bbox 3087 2651 3344 2713; x_wconf 75' lang='grc' dir='ltr'>τοσοῦτον</span> <span class='ocrx_word' id='word_1_386' title='bbox 3389 2650 3815 2722; x_wconf 71' lang='grc' dir='ltr'>ἐζύμωσενίιτῆς</span> 
     </span>
    </p>
   </div>
   <div class='ocr_carea' id='block_1_56' title="bbox 2292 2742 3815 2815">
    <p class='ocr_par' dir='ltr' id='par_1_56' title="bbox 2292 2742 3815 2815">
     <span class='ocr_line' id='line_1_56' title="bbox 2292 2742 3815 2815; baseline -0.002 -14"><span class='ocrx_word' id='word_1_387' title='bbox 2292 2742 2495 2807; x_wconf 84' lang='grc' dir='ltr'>κακίας</span> <span class='ocrx_word' id='word_1_388' title='bbox 2544 2743 2652 2799; x_wconf 86' lang='grc' dir='ltr'><strong>τῶν</strong></span> <span class='ocrx_word' id='word_1_389' title='bbox 2705 2743 2896 2798; x_wconf 86' lang='grc' dir='ltr'>παθῶν</span> <span class='ocrx_word' id='word_1_390' title='bbox 2952 2742 3101 2815; x_wconf 88' lang='grc' dir='ltr'>ζύμη</span> <span class='ocrx_word' id='word_1_391' title='bbox 3154 2742 3218 2797; x_wconf 78' lang='grc' dir='ltr'>τὸ</span> <span class='ocrx_word' id='word_1_392' title='bbox 3272 2743 3431 2813; x_wconf 79' lang='grc' dir='ltr'>γένος</span> <span class='ocrx_word' id='word_1_393' title='bbox 3492 2743 3587 2805; x_wconf 77' lang='grc' dir='ltr'>τοῦ</span> <span class='ocrx_word' id='word_1_394' title='bbox 3646 2743 3815 2807; x_wconf 69' lang='grc' dir='ltr'>παλαια]</span> 
     </span>
    </p>
   </div>
   <div class='ocr_carea' id='block_1_57' title="bbox 2304 2836 2494 2906">
    <p class='ocr_par' dir='ltr' id='par_1_57' title="bbox 2304 2836 2494 2906">
     <span class='ocr_line' id='line_1_57' title="bbox 2304 2836 2494 2906; baseline 0.011 -17"><span class='ocrx_word' id='word_1_395' title='bbox 2304 2836 2494 2906; x_wconf 78' lang='grc' dir='ltr'>Ἀδάμ.</span> 
     </span>
    </p>
   </div>
   <div class='ocr_carea' id='block_1_58' title="bbox 2363 2927 3817 2999">
    <p class='ocr_par' dir='ltr' id='par_1_58' title="bbox 2363 2927 3817 2999">
     <span class='ocr_line' id='line_1_58' title="bbox 2363 2927 3817 2999; baseline 0 -19"><span class='ocrx_word' id='word_1_396' title='bbox 2363 2927 2438 2983; x_wconf 86' lang='lat' dir='ltr'><strong>I&quot;.</strong></span> <span class='ocrx_word' id='word_1_397' title='bbox 2471 2927 2577 2981; x_wconf 83' lang='grc' dir='ltr'><strong>Τὸν</strong></span> <span class='ocrx_word' id='word_1_398' title='bbox 2610 2927 2773 2982; x_wconf 77' lang='grc' dir='ltr'>αὑτὸν</span> <span class='ocrx_word' id='word_1_399' title='bbox 2804 2927 3007 2999; x_wconf 83' lang='grc' dir='ltr'>τρόπον</span> <span class='ocrx_word' id='word_1_400' title='bbox 3046 2927 3347 2999; x_wconf 82' lang='grc' dir='ltr'>εὐδόκησεν</span> <span class='ocrx_word' id='word_1_401' title='bbox 3395 2928 3427 2982; x_wconf 79' lang='grc' dir='ltr'><strong>ὁ</strong></span> <span class='ocrx_word' id='word_1_402' title='bbox 3484 2929 3681 2998; x_wconf 72' lang='grc' dir='ltr'>Κύριος</span> <span class='ocrx_word' id='word_1_403' title='bbox 3711 2928 3755 2980; x_wconf 74' lang='grc' dir='ltr'>ὲν</span> <span class='ocrx_word' id='word_1_404' title='bbox 3775 2931 3817 2998; x_wconf 64' lang='grc' dir='ltr'><strong>τῇ</strong></span> 
     </span>
    </p>
   </div>
   <div class='ocr_carea' id='block_1_59' title="bbox 2290 3004 3821 3092">
    <p class='ocr_par' dir='ltr' id='par_1_59' title="bbox 2290 3004 3821 3092">
     <span class='ocr_line' id='line_1_59' title="bbox 2290 3004 3821 3092; baseline 0.001 -20"><span class='ocrx_word' id='word_1_405' title='bbox 2290 3004 2557 3091; x_wconf 75' lang='grc' dir='ltr'>ἐπιδημίᾳ</span> <span class='ocrx_word' id='word_1_406' title='bbox 2586 3019 2755 3072; x_wconf 84' lang='grc' dir='ltr'>αὐτοῦ</span> <span class='ocrx_word' id='word_1_407' title='bbox 2787 3017 2983 3072; x_wconf 84' lang='grc' dir='ltr'>παθεῖν</span> <span class='ocrx_word' id='word_1_408' title='bbox 3028 3018 3169 3091; x_wconf 85' lang='grc' dir='ltr'>ὑπὲρ</span> <span class='ocrx_word' id='word_1_409' title='bbox 3217 3021 3464 3085; x_wconf 84' lang='grc' dir='ltr'>πάντων,</span> <span class='ocrx_word' id='word_1_410' title='bbox 3495 3020 3590 3074; x_wconf 81' lang='grc' dir='ltr'>καὶ</span> <span class='ocrx_word' id='word_1_411' title='bbox 3614 3022 3821 3092; x_wconf 51' lang='lat' dir='ltr'><strong>drepani</strong></span> 
     </span>
    </p>
   </div>
   <div class='ocr_carea' id='block_1_60' title="bbox 613 3108 2193 3191">
    <p class='ocr_par' dir='ltr' id='par_1_60' title="bbox 613 3108 2193 3179">
     <span class='ocr_line' id='line_1_60' title="bbox 613 3108 2193 3179; baseline 0.006 -13"><span class='ocrx_word' id='word_1_412' title='bbox 613 3108 906 3179; x_wconf 81' lang='lat' dir='ltr'><strong>sanguine,</strong></span> <span class='ocrx_word' id='word_1_413' title='bbox 930 3118 986 3165; x_wconf 88' lang='lat' dir='ltr'><strong>et</strong></span> <span class='ocrx_word' id='word_1_414' title='bbox 1007 3111 1339 3168; x_wconf 86' lang='lat' dir='ltr'><strong>fermentum</strong></span> <span class='ocrx_word' id='word_1_415' title='bbox 1358 3115 1583 3170; x_wconf 72' lang='lat' dir='ltr'><strong>cmleste</strong></span> <span class='ocrx_word' id='word_1_416' title='bbox 1612 3114 1877 3173; x_wconf 87' lang='lat' dir='ltr'><strong>bonitatis</strong></span> <span class='ocrx_word' id='word_1_417' title='bbox 1900 3117 2193 3175; x_wconf 88' lang='lat' dir='ltr'><strong>infundere</strong></span> 
     </span>
    </p>
   </div>
   <div class='ocr_carea' id='block_1_61' title="bbox 2295 3108 3820 3191">
    <p class='ocr_par' dir='ltr' id='par_1_61' title="bbox 2298 3111 3820 3186">
     <span class='ocr_line' id='line_1_61' title="bbox 2298 3111 3820 3186; baseline 0 -19"><span class='ocrx_word' id='word_1_418' title='bbox 2298 3112 2497 3177; x_wconf 81' lang='grc' dir='ltr'>αὐτοὺς</span> <span class='ocrx_word' id='word_1_419' title='bbox 2537 3111 2617 3183; x_wconf 84' lang='grc' dir='ltr'><strong>τῷ</strong></span> <span class='ocrx_word' id='word_1_420' title='bbox 2670 3112 2786 3183; x_wconf 87' lang='grc' dir='ltr'>ίδίῳ</span> <span class='ocrx_word' id='word_1_421' title='bbox 2814 3113 3035 3181; x_wconf 81' lang='grc' dir='ltr'>αἵματι,</span> <span class='ocrx_word' id='word_1_422' title='bbox 3064 3112 3162 3167; x_wconf 74' lang='grc' dir='ltr'>καὶ</span> <span class='ocrx_word' id='word_1_423' title='bbox 3184 3113 3366 3186; x_wconf 88' lang='grc' dir='ltr'>ζύμην</span> <span class='ocrx_word' id='word_1_424' title='bbox 3389 3114 3703 3185; x_wconf 74' lang='grc' dir='ltr'>ἐπουράνιον</span> <span class='ocrx_word' id='word_1_425' title='bbox 3724 3116 3820 3181; x_wconf 74' lang='grc' dir='ltr'>ἀγα·</span> 
     </span>
    </p>
   </div>
   <div class='ocr_carea' id='block_1_62' title="bbox 614 3197 2192 3277">
    <p class='ocr_par' dir='ltr' id='par_1_62' title="bbox 614 3197 2192 3277">
     <span class='ocr_line' id='line_1_62' title="bbox 614 3197 2192 3277; baseline 0.009 -25"><span class='ocrx_word' id='word_1_426' title='bbox 614 3197 873 3264; x_wconf 72' lang='grc' dir='ltr'>ιὶιιειίιιιιε</span> <span class='ocrx_word' id='word_1_427' title='bbox 898 3202 1189 3259; x_wconf 85' lang='lat' dir='ltr'><strong>animabus</strong></span> <span class='ocrx_word' id='word_1_428' title='bbox 1228 3205 1334 3260; x_wconf 89' lang='lat' dir='ltr'><strong>sub</strong></span> <span class='ocrx_word' id='word_1_429' title='bbox 1358 3205 1551 3277; x_wconf 88' lang='lat' dir='ltr'><strong>jugum</strong></span> <span class='ocrx_word' id='word_1_430' title='bbox 1572 3208 1785 3277; x_wconf 87' lang='lat' dir='ltr'><strong>peccati</strong></span> <span class='ocrx_word' id='word_1_431' title='bbox 1828 3208 2068 3265; x_wconf 87' lang='lat' dir='ltr'><strong>redactis</strong></span> <span class='ocrx_word' id='word_1_432' title='bbox 2095 3227 2109 3265; x_wconf 90' lang='lat'><strong>:</strong></span> <span class='ocrx_word' id='word_1_433' title='bbox 2135 3218 2192 3266; x_wconf 90' lang='lat' dir='ltr'><strong>et</strong></span> 
     </span>
    </p>
   </div>
   <div class='ocr_carea' id='block_1_63' title="bbox 615 3291 2192 3373">
    <p class='ocr_par' dir='ltr' id='par_1_63' title="bbox 615 3291 2192 3373">
     <span class='ocr_line' id='line_1_63' title="bbox 615 3291 2192 3373; baseline 0.008 -28"><span class='ocrx_word' id='word_1_434' title='bbox 615 3291 692 3356; x_wconf 81' lang='lat' dir='ltr'><strong>ita</strong></span> <span class='ocrx_word' id='word_1_435' title='bbox 736 3293 1088 3362; x_wconf 90' lang='lat' dir='ltr'><strong>promotione</strong></span> <span class='ocrx_word' id='word_1_436' title='bbox 1138 3311 1203 3351; x_wconf 91' lang='lat' dir='ltr'><strong>ac</strong></span> <span class='ocrx_word' id='word_1_437' title='bbox 1265 3296 1607 3355; x_wconf 85' lang='lat' dir='ltr'><strong>incremento</strong></span> <span class='ocrx_word' id='word_1_438' title='bbox 1650 3315 1873 3357; x_wconf 89' lang='lat' dir='ltr'><strong>omnem</strong></span> <span class='ocrx_word' id='word_1_439' title='bbox 1925 3302 2192 3373; x_wconf 80' lang='lat' dir='ltr'><strong>justitiam</strong></span> 
     </span>
    </p>
   </div>
   <div class='ocr_carea' id='block_1_64' title="bbox 616 3383 2193 3464">
    <p class='ocr_par' dir='ltr' id='par_1_64' title="bbox 616 3383 2193 3464">
     <span class='ocr_line' id='line_1_64' title="bbox 616 3383 2193 3464; baseline 0.009 -28"><span class='ocrx_word' id='word_1_440' title='bbox 616 3383 1021 3452; x_wconf 85' lang='lat' dir='ltr'><strong>mandatorum,</strong></span> <span class='ocrx_word' id='word_1_441' title='bbox 1057 3404 1359 3460; x_wconf 85' lang='lat' dir='ltr'><strong>omnesque</strong></span> <span class='ocrx_word' id='word_1_442' title='bbox 1389 3391 1628 3448; x_wconf 83' lang='lat' dir='ltr'><strong>virtutes</strong></span> <span class='ocrx_word' id='word_1_443' title='bbox 1662 3392 1719 3446; x_wconf 90' lang='lat' dir='ltr'><strong>in</strong></span> <span class='ocrx_word' id='word_1_444' title='bbox 1759 3394 1841 3448; x_wconf 88' lang='lat' dir='ltr'><strong>eis</strong></span> <span class='ocrx_word' id='word_1_445' title='bbox 1891 3395 2193 3464; x_wconf 88' lang='lat' dir='ltr'><strong>complere,</strong></span> 
     </span>
    </p>
   </div>
   <div class='ocr_carea' id='block_1_65' title="bbox 618 3476 2197 3549">
    <p class='ocr_par' dir='ltr' id='par_1_65' title="bbox 618 3476 2197 3549">
     <span class='ocr_line' id='line_1_65' title="bbox 618 3476 2197 3549; baseline 0.007 -20"><span class='ocrx_word' id='word_1_446' title='bbox 618 3476 796 3537; x_wconf 87' lang='lat' dir='ltr'><strong>donec</strong></span> <span class='ocrx_word' id='word_1_447' title='bbox 819 3476 1285 3534; x_wconf 88' lang='lat' dir='ltr'><strong>fermentarentur</strong></span> <span class='ocrx_word' id='word_1_448' title='bbox 1315 3480 1371 3535; x_wconf 91' lang='lat' dir='ltr'><strong>in</strong></span> <span class='ocrx_word' id='word_1_449' title='bbox 1402 3498 1573 3537; x_wconf 91' lang='lat' dir='ltr'><strong>unum</strong></span> <span class='ocrx_word' id='word_1_450' title='bbox 1610 3483 1666 3538; x_wconf 92' lang='lat' dir='ltr'><strong>in</strong></span> <span class='ocrx_word' id='word_1_451' title='bbox 1705 3482 1873 3549; x_wconf 90' lang='lat' dir='ltr'><strong>bono,</strong></span> <span class='ocrx_word' id='word_1_452' title='bbox 1903 3492 1960 3540; x_wconf 90' lang='lat' dir='ltr'><strong>et</strong></span> <span class='ocrx_word' id='word_1_453' title='bbox 1999 3484 2197 3541; x_wconf 82' lang='lat' dir='ltr'><strong>fierent</strong></span> 
     </span>
    </p>
   </div>
   <div class='ocr_carea' id='block_1_66' title="bbox 617 3569 2193 3647">
    <p class='ocr_par' dir='ltr' id='par_1_66' title="bbox 617 3569 2193 3647">
     <span class='ocr_line' id='line_1_66' title="bbox 617 3569 2193 3647; baseline 0.006 -23"><span class='ocrx_word' id='word_1_454' title='bbox 617 3586 737 3634; x_wconf 74' lang='lat' dir='ltr'><strong>cum</strong></span> <span class='ocrx_word' id='word_1_455' title='bbox 761 3569 986 3633; x_wconf 83' lang='lat' dir='ltr'><strong>Domino</strong></span> <span class='ocrx_word' id='word_1_456' title='bbox 1014 3589 1151 3627; x_wconf 81' lang='lat' dir='ltr'><strong>unus</strong></span> <span class='ocrx_word' id='word_1_457' title='bbox 1179 3571 1410 3645; x_wconf 77' lang='lat' dir='ltr'><strong>Spiritus</strong></span> <span class='ocrx_word' id='word_1_458' title='bbox 1430 3576 1499 3641; x_wconf 81' lang='lat'><strong>&quot;,</strong></span> <span class='ocrx_word' id='word_1_459' title='bbox 1548 3576 1703 3647; x_wconf 82' lang='lat' dir='ltr'><strong>juxta</strong></span> <span class='ocrx_word' id='word_1_460' title='bbox 1754 3577 1965 3633; x_wconf 89' lang='lat' dir='ltr'><strong>dictum</strong></span> <span class='ocrx_word' id='word_1_461' title='bbox 2016 3579 2193 3646; x_wconf 84' lang='lat' dir='ltr'><strong>Pauli,</strong></span> 
     </span>
    </p>
   </div>
   <div class='ocr_carea' id='block_1_67' title="bbox 620 3664 2196 3741">
    <p class='ocr_par' dir='ltr' id='par_1_67' title="bbox 620 3664 2196 3741">
     <span class='ocr_line' id='line_1_67' title="bbox 620 3664 2196 3741; baseline 0.006 -23"><span class='ocrx_word' id='word_1_462' title='bbox 620 3664 695 3732; x_wconf 82' lang='lat' dir='ltr'><strong>ita</strong></span> <span class='ocrx_word' id='word_1_463' title='bbox 748 3671 811 3727; x_wconf 82' lang='lat' dir='ltr'><strong>ut</strong></span> <span class='ocrx_word' id='word_1_464' title='bbox 854 3664 1063 3729; x_wconf 87' lang='lat' dir='ltr'><strong>malitia</strong></span> <span class='ocrx_word' id='word_1_465' title='bbox 1100 3680 1165 3720; x_wconf 90' lang='lat' dir='ltr'><strong>ac</strong></span> <span class='ocrx_word' id='word_1_466' title='bbox 1200 3666 1469 3736; x_wconf 87' lang='lat' dir='ltr'><strong>nequitia,</strong></span> <span class='ocrx_word' id='word_1_467' title='bbox 1515 3682 1585 3722; x_wconf 91' lang='lat' dir='ltr'><strong>ne</strong></span> <span class='ocrx_word' id='word_1_468' title='bbox 1644 3670 1934 3738; x_wconf 89' lang='lat' dir='ltr'><strong>pervenire</strong></span> <span class='ocrx_word' id='word_1_469' title='bbox 1970 3672 2196 3741; x_wconf 86' lang='lat' dir='ltr'><strong>quidem</strong></span> 
     </span>
    </p>
   </div>
   <div class='ocr_carea' id='block_1_68' title="bbox 619 3752 2195 3833">
    <p class='ocr_par' dir='ltr' id='par_1_68' title="bbox 619 3752 2195 3833">
     <span class='ocr_line' id='line_1_68' title="bbox 619 3752 2195 3833; baseline 0.007 -28"><span class='ocrx_word' id='word_1_470' title='bbox 619 3753 793 3833; x_wconf 82' lang='lat' dir='ltr'><strong>possit</strong></span> <span class='ocrx_word' id='word_1_471' title='bbox 824 3752 893 3823; x_wconf 80' lang='lat' dir='ltr'><strong>ad</strong></span> <span class='ocrx_word' id='word_1_472' title='bbox 938 3754 1325 3825; x_wconf 75' lang='lat' dir='ltr'><strong>cogitationem</strong></span> <span class='ocrx_word' id='word_1_473' title='bbox 1362 3755 1580 3822; x_wconf 69' lang='lat' dir='ltr'><strong>animae,</strong></span> <span class='ocrx_word' id='word_1_474' title='bbox 1611 3755 1823 3828; x_wconf 91' lang='lat' dir='ltr'><strong>Spiritu</strong></span> <span class='ocrx_word' id='word_1_475' title='bbox 1861 3759 2052 3815; x_wconf 89' lang='lat' dir='ltr'><strong>divino</strong></span> <span class='ocrx_word' id='word_1_476' title='bbox 2081 3762 2195 3831; x_wconf 70' lang='lat' dir='ltr'><strong>pla~</strong></span> 
     </span>
    </p>
   </div>
   <div class='ocr_carea' id='block_1_69' title="bbox 618 3844 2200 3917">
    <p class='ocr_par' dir='ltr' id='par_1_69' title="bbox 618 3844 2200 3917">
     <span class='ocr_line' id='line_1_69' title="bbox 618 3844 2200 3917; baseline 0.007 -18"><span class='ocrx_word' id='word_1_477' title='bbox 618 3860 687 3914; x_wconf 80' lang='lat' dir='ltr'><strong>ne</strong></span> <span class='ocrx_word' id='word_1_478' title='bbox 723 3860 787 3905; x_wconf 83' lang='lat' dir='ltr'><strong>ac</strong></span> <span class='ocrx_word' id='word_1_479' title='bbox 830 3844 1052 3917; x_wconf 87' lang='lat' dir='ltr'><strong>penitus</strong></span> <span class='ocrx_word' id='word_1_480' title='bbox 1100 3845 1463 3912; x_wconf 62' lang='lat' dir='ltr'><strong>fermentata},</strong></span> <span class='ocrx_word' id='word_1_481' title='bbox 1504 3858 1566 3904; x_wconf 93' lang='lat' dir='ltr'><strong>ut</strong></span> <span class='ocrx_word' id='word_1_482' title='bbox 1601 3849 1812 3906; x_wconf 90' lang='lat' dir='ltr'><strong>dictum</strong></span> <span class='ocrx_word' id='word_1_483' title='bbox 1852 3862 1978 3911; x_wconf 87' lang='lat' dir='ltr'><strong>est:</strong></span> <span class='ocrx_word' id='word_1_484' title='bbox 2012 3852 2200 3910; x_wconf 83' lang='lat' dir='ltr'><strong>Chari-</strong></span> 
     </span>
    </p>
   </div>
   <div class='ocr_carea' id='block_1_70' title="bbox 619 3936 2199 4017">
    <p class='ocr_par' dir='ltr' id='par_1_70' title="bbox 619 3936 2199 4017">
     <span class='ocr_line' id='line_1_70' title="bbox 619 3936 2199 4017; baseline 0.007 -27"><span class='ocrx_word' id='word_1_485' title='bbox 619 3946 701 4003; x_wconf 75' lang='lat' dir='ltr'><strong>tas</strong></span> <span class='ocrx_word' id='word_1_486' title='bbox 728 3952 831 3990; x_wconf 85' lang='lat' dir='ltr'><strong>non</strong></span> <span class='ocrx_word' id='word_1_487' title='bbox 854 3938 1049 4007; x_wconf 72' lang='lat' dir='ltr'><strong>cogitat</strong></span> <span class='ocrx_word' id='word_1_488' title='bbox 1081 3936 1364 4005; x_wconf 78' lang='lat' dir='ltr'><strong>malum&quot;,</strong></span> <span class='ocrx_word' id='word_1_489' title='bbox 1391 3948 1447 3994; x_wconf 91' lang='lat' dir='ltr'><strong>et</strong></span> <span class='ocrx_word' id='word_1_490' title='bbox 1466 3956 1590 4010; x_wconf 69' lang='lat' dir='ltr'><strong>qua:</strong></span> <span class='ocrx_word' id='word_1_491' title='bbox 1614 3952 1945 4012; x_wconf 87' lang='lat' dir='ltr'><strong>sequuntur.</strong></span> <span class='ocrx_word' id='word_1_492' title='bbox 1974 3945 2199 4017; x_wconf 82' lang='lat' dir='ltr'><strong>Absque</strong></span> 
     </span>
    </p>
   </div>
   <div class='ocr_carea' id='block_1_71' title="bbox 617 4030 2200 4109">
    <p class='ocr_par' dir='ltr' id='par_1_71' title="bbox 617 4030 2200 4109">
     <span class='ocr_line' id='line_1_71' title="bbox 617 4030 2200 4109; baseline 0.007 -26"><span class='ocrx_word' id='word_1_493' title='bbox 617 4030 888 4095; x_wconf 79' lang='lat' dir='ltr'><strong>fermento</strong></span> <span class='ocrx_word' id='word_1_494' title='bbox 920 4045 1053 4085; x_wconf 91' lang='lat' dir='ltr'><strong>vero</strong></span> <span class='ocrx_word' id='word_1_495' title='bbox 1084 4032 1318 4098; x_wconf 74' lang='lat' dir='ltr'><strong>cmlesti,</strong></span> <span class='ocrx_word' id='word_1_496' title='bbox 1352 4034 1500 4103; x_wconf 91' lang='lat' dir='ltr'><strong>quod</strong></span> <span class='ocrx_word' id='word_1_497' title='bbox 1541 4043 1628 4089; x_wconf 89' lang='lat' dir='ltr'><strong>est</strong></span> <span class='ocrx_word' id='word_1_498' title='bbox 1652 4036 1835 4092; x_wconf 90' lang='lat' dir='ltr'><strong>virtus</strong></span> <span class='ocrx_word' id='word_1_499' title='bbox 1859 4037 2033 4092; x_wconf 91' lang='lat' dir='ltr'><strong>divini</strong></span> <span class='ocrx_word' id='word_1_500' title='bbox 2077 4037 2200 4109; x_wconf 84' lang='lat' dir='ltr'><strong>Spi-</strong></span> 
     </span>
    </p>
   </div>
   <div class='ocr_carea' id='block_1_72' title="bbox 619 4121 2198 4196">
    <p class='ocr_par' dir='ltr' id='par_1_72' title="bbox 619 4121 2198 4196">
     <span class='ocr_line' id='line_1_72' title="bbox 619 4121 2198 4196; baseline 0.005 -17"><span class='ocrx_word' id='word_1_501' title='bbox 619 4121 1251 4193; x_wconf 82' lang='lat' dir='ltr'><strong>ritus,90fermentari</strong></span> <span class='ocrx_word' id='word_1_502' title='bbox 1283 4125 1530 4185; x_wconf 87' lang='lat' dir='ltr'><strong>bonitate</strong></span> <span class='ocrx_word' id='word_1_503' title='bbox 1560 4128 1802 4196; x_wconf 88' lang='lat' dir='ltr'><strong>Domini,</strong></span> <span class='ocrx_word' id='word_1_504' title='bbox 1835 4138 1892 4185; x_wconf 86' lang='lat' dir='ltr'><strong>et</strong></span> <span class='ocrx_word' id='word_1_505' title='bbox 1920 4130 1990 4187; x_wconf 89' lang='lat' dir='ltr'><strong>ad</strong></span> <span class='ocrx_word' id='word_1_506' title='bbox 2026 4131 2198 4187; x_wconf 89' lang='lat' dir='ltr'><strong>vitam</strong></span> 
     </span>
    </p>
   </div>
   <div class='ocr_carea' id='block_1_73' title="bbox 617 4215 2201 4292">
    <p class='ocr_par' dir='ltr' id='par_1_73' title="bbox 617 4215 2201 4292">
     <span class='ocr_line' id='line_1_73' title="bbox 617 4215 2201 4292; baseline 0.006 -21"><span class='ocrx_word' id='word_1_507' title='bbox 617 4215 911 4287; x_wconf 86' lang='lat' dir='ltr'><strong>pervenire</strong></span> <span class='ocrx_word' id='word_1_508' title='bbox 942 4215 1205 4283; x_wconf 81' lang='lat' dir='ltr'><strong>animam,</strong></span> <span class='ocrx_word' id='word_1_509' title='bbox 1232 4233 1464 4288; x_wconf 86' lang='lat' dir='ltr'><strong>prorsus</strong></span> <span class='ocrx_word' id='word_1_510' title='bbox 1503 4236 1615 4275; x_wconf 88' lang='lat' dir='ltr'><strong>non</strong></span> <span class='ocrx_word' id='word_1_511' title='bbox 1663 4228 1870 4292; x_wconf 89' lang='lat' dir='ltr'><strong>potest.</strong></span> <span class='ocrx_word' id='word_1_512' title='bbox 1914 4221 2068 4279; x_wconf 91' lang='lat' dir='ltr'><strong>Sicut</strong></span> <span class='ocrx_word' id='word_1_513' title='bbox 2098 4240 2201 4280; x_wconf 90' lang='lat' dir='ltr'><strong>nec</strong></span> 
     </span>
    </p>
   </div>
   <div class='ocr_carea' id='block_1_74' title="bbox 617 4305 2200 4385">
    <p class='ocr_par' dir='ltr' id='par_1_74' title="bbox 617 4305 2200 4385">
     <span class='ocr_line' id='line_1_74' title="bbox 617 4305 2200 4385; baseline 0.007 -26"><span class='ocrx_word' id='word_1_514' title='bbox 617 4320 791 4377; x_wconf 84' lang='lat' dir='ltr'><strong>genus</strong></span> <span class='ocrx_word' id='word_1_515' title='bbox 841 4305 971 4361; x_wconf 75' lang='lat' dir='ltr'><strong>Adae</strong></span> <span class='ocrx_word' id='word_1_516' title='bbox 1023 4306 1092 4363; x_wconf 85' lang='lat' dir='ltr'><strong>ad</strong></span> <span class='ocrx_word' id='word_1_517' title='bbox 1140 4317 1348 4368; x_wconf 82' lang='lat' dir='ltr'><strong>tantam</strong></span> <span class='ocrx_word' id='word_1_518' title='bbox 1418 4311 1682 4371; x_wconf 86' lang='lat' dir='ltr'><strong>malitiam</strong></span> <span class='ocrx_word' id='word_1_519' title='bbox 1740 4327 1807 4373; x_wconf 86' lang='lat' dir='ltr'><strong>ac</strong></span> <span class='ocrx_word' id='word_1_520' title='bbox 1890 4316 2200 4385; x_wconf 89' lang='lat' dir='ltr'><strong>nequitiam</strong></span> 
     </span>
    </p>
   </div>
   <div class='ocr_carea' id='block_1_75' title="bbox 618 4397 2200 4483">
    <p class='ocr_par' dir='ltr' id='par_1_75' title="bbox 618 4397 2200 4483">
     <span class='ocr_line' id='line_1_75' title="bbox 618 4397 2200 4483; baseline 0.011 -34"><span class='ocrx_word' id='word_1_521' title='bbox 618 4397 866 4453; x_wconf 77' lang='lat' dir='ltr'><strong>converti</strong></span> <span class='ocrx_word' id='word_1_522' title='bbox 895 4407 1133 4469; x_wconf 87' lang='lat' dir='ltr'><strong>poterat,</strong></span> <span class='ocrx_word' id='word_1_523' title='bbox 1170 4399 1277 4455; x_wconf 80' lang='lat' dir='ltr'><strong>nisi</strong></span> <span class='ocrx_word' id='word_1_524' title='bbox 1306 4402 1528 4464; x_wconf 69' lang='lat' dir='ltr'><strong>malitia:</strong></span> <span class='ocrx_word' id='word_1_525' title='bbox 1557 4403 1911 4473; x_wconf 90' lang='lat' dir='ltr'><strong>fermentum,</strong></span> <span class='ocrx_word' id='word_1_526' title='bbox 1942 4410 2088 4483; x_wconf 89' lang='lat' dir='ltr'><strong>quod</strong></span> <span class='ocrx_word' id='word_1_527' title='bbox 2115 4420 2200 4466; x_wconf 86' lang='lat' dir='ltr'><strong>est</strong></span> 
     </span>
    </p>
   </div>
   <div class='ocr_carea' id='block_1_76' title="bbox 2295 3204 3825 3277">
    <p class='ocr_par' dir='ltr' id='par_1_76' title="bbox 2295 3204 3825 3277">
     <span class='ocr_line' id='line_1_76' title="bbox 2295 3204 3825 3277; baseline -0.002 -17"><span class='ocrx_word' id='word_1_528' title='bbox 2295 3204 2521 3275; x_wconf 86' lang='grc' dir='ltr'>θότητος</span> <span class='ocrx_word' id='word_1_529' title='bbox 2574 3204 2809 3260; x_wconf 86' lang='grc' dir='ltr'>ἐνθεῖναι</span> <span class='ocrx_word' id='word_1_530' title='bbox 2861 3206 2984 3269; x_wconf 85' lang='grc' dir='ltr'>ταῖς</span> <span class='ocrx_word' id='word_1_531' title='bbox 3041 3207 3262 3269; x_wconf 84' lang='grc' dir='ltr'>πισταῖς</span> <span class='ocrx_word' id='word_1_532' title='bbox 3302 3206 3510 3277; x_wconf 79' lang='grc' dir='ltr'>ψυχαῖς</span> <span class='ocrx_word' id='word_1_533' title='bbox 3542 3206 3825 3260; x_wconf 63' lang='grc' dir='ltr'>ταπεινωθέε</span> 
     </span>
    </p>
   </div>
   <div class='ocr_carea' id='block_1_77' title="bbox 2298 3298 3820 3370">
    <p class='ocr_par' dir='ltr' id='par_1_77' title="bbox 2298 3298 3820 3370">
     <span class='ocr_line' id='line_1_77' title="bbox 2298 3298 3820 3370; baseline -0.002 -18"><span class='ocrx_word' id='word_1_534' title='bbox 2298 3314 2418 3363; x_wconf 90' lang='grc' dir='ltr'>σαις</span> <span class='ocrx_word' id='word_1_535' title='bbox 2457 3298 2564 3353; x_wconf 82' lang='grc' dir='ltr'><strong>ὑπὸ</strong></span> <span class='ocrx_word' id='word_1_536' title='bbox 2616 3298 2717 3370; x_wconf 83' lang='grc' dir='ltr'>τὴν</span> <span class='ocrx_word' id='word_1_537' title='bbox 2771 3299 3087 3370; x_wconf 84' lang='grc' dir='ltr'>ἁμαρτίαν·</span> <span class='ocrx_word' id='word_1_538' title='bbox 3149 3300 3248 3355; x_wconf 73' lang='grc' dir='ltr'>καὶ</span> <span class='ocrx_word' id='word_1_539' title='bbox 3306 3299 3456 3354; x_wconf 74' lang='grc' dir='ltr'>οὕτω</span> <span class='ocrx_word' id='word_1_540' title='bbox 3504 3299 3681 3353; x_wconf 77' lang='grc' dir='ltr'>λοιπὸν</span> <span class='ocrx_word' id='word_1_541' title='bbox 3721 3299 3820 3351; x_wconf 77' lang='grc' dir='ltr'>ιιιτὰ</span> 
     </span>
    </p>
   </div>
   <div class='ocr_carea' id='block_1_78' title="bbox 2305 3388 3819 3462">
    <p class='ocr_par' dir='ltr' id='par_1_78' title="bbox 2305 3388 3819 3462">
     <span class='ocr_line' id='line_1_78' title="bbox 2305 3388 3819 3462; baseline 0.002 -19"><span class='ocrx_word' id='word_1_542' title='bbox 2305 3388 2592 3462; x_wconf 79' lang='grc' dir='ltr'>προκοπὴν</span> <span class='ocrx_word' id='word_1_543' title='bbox 2627 3390 2720 3443; x_wconf 76' lang='grc' dir='ltr'>καὶ</span> <span class='ocrx_word' id='word_1_544' title='bbox 2753 3388 3008 3462; x_wconf 73' lang='grc' dir='ltr'>αὔξησιν,</span> <span class='ocrx_word' id='word_1_545' title='bbox 3039 3391 3224 3445; x_wconf 84' lang='grc' dir='ltr'>πᾶσαν</span> <span class='ocrx_word' id='word_1_546' title='bbox 3252 3389 3604 3460; x_wconf 86' lang='grc' dir='ltr'>δικαιοσύνην</span> <span class='ocrx_word' id='word_1_547' title='bbox 3628 3388 3819 3447; x_wconf 66' lang='grc' dir='ltr'>ἐντολῶν.</span> 
     </span>
    </p>
   </div>
   <div class='ocr_carea' id='block_1_79' title="bbox 2296 3476 3822 3551">
    <p class='ocr_par' dir='ltr' id='par_1_79' title="bbox 2296 3476 3822 3551">
     <span class='ocr_line' id='line_1_79' title="bbox 2296 3476 3822 3551; baseline 0 -15"><span class='ocrx_word' id='word_1_548' title='bbox 2296 3482 2392 3536; x_wconf 73' lang='grc' dir='ltr'>καὶ</span> <span class='ocrx_word' id='word_1_549' title='bbox 2420 3480 2600 3545; x_wconf 81' lang='grc' dir='ltr'>πάσας</span> <span class='ocrx_word' id='word_1_550' title='bbox 2647 3481 2845 3551; x_wconf 77' lang='grc' dir='ltr'>ἀρετὰς</span> <span class='ocrx_word' id='word_1_551' title='bbox 2878 3482 2935 3540; x_wconf 78' lang='grc' dir='ltr'><strong>ἐν</strong></span> <span class='ocrx_word' id='word_1_552' title='bbox 2966 3482 3166 3547; x_wconf 82' lang='grc' dir='ltr'>αὐτοῖς</span> <span class='ocrx_word' id='word_1_553' title='bbox 3212 3482 3554 3545; x_wconf 72' lang='grc' dir='ltr'>ἐπιτελέσαι,</span> <span class='ocrx_word' id='word_1_554' title='bbox 3580 3476 3822 3544; x_wconf 49' lang='lat' dir='ltr'><strong>Eunomu-</strong></span> 
     </span>
    </p>
   </div>
   <div class='ocr_carea' id='block_1_80' title="bbox 2298 3568 3821 3646">
    <p class='ocr_par' dir='ltr' id='par_1_80' title="bbox 2298 3568 3821 3646">
     <span class='ocr_line' id='line_1_80' title="bbox 2298 3568 3821 3646; baseline -0.001 -20"><span class='ocrx_word' id='word_1_555' title='bbox 2298 3571 2556 3646; x_wconf 81' lang='grc' dir='ltr'>μωθῶσιν</span> <span class='ocrx_word' id='word_1_556' title='bbox 2576 3572 2658 3636; x_wconf 87' lang='grc' dir='ltr'><strong>είς</strong></span> <span class='ocrx_word' id='word_1_557' title='bbox 2682 3571 2741 3627; x_wconf 79' lang='grc' dir='ltr'>ἓν</span> <span class='ocrx_word' id='word_1_558' title='bbox 2771 3574 2829 3626; x_wconf 81' lang='grc' dir='ltr'><strong>ἐν</strong></span> <span class='ocrx_word' id='word_1_559' title='bbox 2854 3572 2933 3643; x_wconf 78' lang='grc' dir='ltr'>τῷ</span> <span class='ocrx_word' id='word_1_560' title='bbox 2961 3572 3177 3644; x_wconf 82' lang='grc' dir='ltr'>ἀγαθῷ,</span> <span class='ocrx_word' id='word_1_561' title='bbox 3204 3572 3302 3627; x_wconf 77' lang='grc' dir='ltr'>καὶ</span> <span class='ocrx_word' id='word_1_562' title='bbox 3324 3573 3596 3642; x_wconf 75' lang='grc' dir='ltr'>γένωνται</span> <span class='ocrx_word' id='word_1_563' title='bbox 3622 3570 3742 3641; x_wconf 77' lang='grc' dir='ltr'>μετὰ</span> <span class='ocrx_word' id='word_1_564' title='bbox 3758 3568 3821 3625; x_wconf 68' lang='grc' dir='ltr'>τώ</span> 
     </span>
    </p>
   </div>
   <div class='ocr_carea' id='block_1_81' title="bbox 2298 3665 3823 3738">
    <p class='ocr_par' dir='ltr' id='par_1_81' title="bbox 2298 3665 3823 3738">
     <span class='ocr_line' id='line_1_81' title="bbox 2298 3665 3823 3738; baseline -0.003 -17"><span class='ocrx_word' id='word_1_565' title='bbox 2298 3667 2503 3738; x_wconf 82' lang='grc' dir='ltr'>Κυρίου</span> <span class='ocrx_word' id='word_1_566' title='bbox 2554 3668 2637 3730; x_wconf 88' lang='grc' dir='ltr'><strong>είς</strong></span> <span class='ocrx_word' id='word_1_567' title='bbox 2666 3665 2725 3719; x_wconf 80' lang='grc' dir='ltr'>ἓν</span> <span class='ocrx_word' id='word_1_568' title='bbox 2759 3666 2987 3737; x_wconf 82' lang='grc' dir='ltr'>Πνεῦμα</span> <span class='ocrx_word' id='word_1_569' title='bbox 3020 3665 3164 3722; x_wconf 83' lang='grc' dir='ltr'>κατὰ</span> <span class='ocrx_word' id='word_1_570' title='bbox 3208 3666 3271 3720; x_wconf 80' lang='grc' dir='ltr'>τὸ</span> <span class='ocrx_word' id='word_1_571' title='bbox 3300 3666 3485 3735; x_wconf 78' lang='grc' dir='ltr'>λόγιον</span> <span class='ocrx_word' id='word_1_572' title='bbox 3516 3667 3730 3729; x_wconf 79' lang='grc' dir='ltr'>Παύλου,</span> <span class='ocrx_word' id='word_1_573' title='bbox 3758 3680 3823 3717; x_wconf 71' lang='grc' dir='ltr'>κα·</span> 
     </span>
    </p>
   </div>
   <div class='ocr_carea' id='block_1_82' title="bbox 2298 3758 3824 3831">
    <p class='ocr_par' dir='ltr' id='par_1_82' title="bbox 2298 3758 3824 3831">
     <span class='ocr_line' id='line_1_82' title="bbox 2298 3758 3824 3831; baseline -0.001 -19"><span class='ocrx_word' id='word_1_574' title='bbox 2298 3760 2423 3821; x_wconf 85' lang='grc' dir='ltr'>κίας</span> <span class='ocrx_word' id='word_1_575' title='bbox 2473 3758 2569 3812; x_wconf 80' lang='grc' dir='ltr'>καὶ</span> <span class='ocrx_word' id='word_1_576' title='bbox 2628 3758 2895 3829; x_wconf 82' lang='grc' dir='ltr'>πονηρίας</span> <span class='ocrx_word' id='word_1_577' title='bbox 2951 3758 3089 3830; x_wconf 76' lang='grc' dir='ltr'>μηδὲ</span> <span class='ocrx_word' id='word_1_578' title='bbox 3122 3758 3317 3831; x_wconf 84' lang='grc' dir='ltr'>μέχρις</span> <span class='ocrx_word' id='word_1_579' title='bbox 3349 3760 3564 3824; x_wconf 86' lang='grc' dir='ltr'>ἐννοίας</span> <span class='ocrx_word' id='word_1_580' title='bbox 3590 3759 3740 3814; x_wconf 84' lang='grc' dir='ltr'>ἐλθεῖν</span> <span class='ocrx_word' id='word_1_581' title='bbox 3761 3758 3824 3811; x_wconf 57' lang='grc' dir='ltr'><strong>δικ</strong></span> 
     </span>
    </p>
   </div>
   <div class='ocr_carea' id='block_1_83' title="bbox 2298 3848 3823 3925">
    <p class='ocr_par' dir='ltr' id='par_1_83' title="bbox 2298 3848 3823 3925">
     <span class='ocr_line' id='line_1_83' title="bbox 2298 3848 3823 3925; baseline -0.001 -22"><span class='ocrx_word' id='word_1_582' title='bbox 2298 3850 2541 3921; x_wconf 82' lang='grc' dir='ltr'>ναμένης</span> <span class='ocrx_word' id='word_1_583' title='bbox 2570 3850 2631 3904; x_wconf 73' lang='grc' dir='ltr'><strong>ἐν</strong></span> <span class='ocrx_word' id='word_1_584' title='bbox 2660 3852 2727 3922; x_wconf 78' lang='grc' dir='ltr'>τῇ</span> <span class='ocrx_word' id='word_1_585' title='bbox 2758 3848 3061 3925; x_wconf 76' lang='grc' dir='ltr'>ζυμωμένῃ</span> <span class='ocrx_word' id='word_1_586' title='bbox 3087 3852 3233 3924; x_wconf 74' lang='grc' dir='ltr'>ψυχῇ</span> <span class='ocrx_word' id='word_1_587' title='bbox 3270 3852 3365 3924; x_wconf 76' lang='grc' dir='ltr'>ὅλῃ</span> <span class='ocrx_word' id='word_1_588' title='bbox 3402 3852 3464 3920; x_wconf 79' lang='grc' dir='ltr'>ἐξ</span> <span class='ocrx_word' id='word_1_589' title='bbox 3494 3853 3613 3906; x_wconf 85' lang='grc' dir='ltr'>ὅλου</span> <span class='ocrx_word' id='word_1_590' title='bbox 3649 3851 3716 3921; x_wconf 81' lang='grc' dir='ltr'>τῷ</span> <span class='ocrx_word' id='word_1_591' title='bbox 3736 3851 3823 3916; x_wconf 81' lang='grc' dir='ltr'><strong>Θιὶῳ</strong></span> 
     </span>
    </p>
   </div>
   <div class='ocr_carea' id='block_1_84' title="bbox 2299 3941 3821 4015">
    <p class='ocr_par' dir='ltr' id='par_1_84' title="bbox 2299 3941 3821 4015">
     <span class='ocr_line' id='line_1_84' title="bbox 2299 3941 3821 4015; baseline -0.003 -17"><span class='ocrx_word' id='word_1_592' title='bbox 2299 3943 2601 4014; x_wconf 83' lang='grc' dir='ltr'>Πνεύματι,</span> <span class='ocrx_word' id='word_1_593' title='bbox 2628 3941 2811 4008; x_wconf 83' lang='grc' dir='ltr'>καθὼς</span> <span class='ocrx_word' id='word_1_594' title='bbox 2842 3941 3078 4014; x_wconf 76' lang='grc' dir='ltr'>εἴρηται,</span> <span class='ocrx_word' id='word_1_595' title='bbox 3098 3944 3160 4000; x_wconf 86' lang='grc' dir='ltr'><strong>Ἠ</strong></span> <span class='ocrx_word' id='word_1_596' title='bbox 3171 3944 3374 4015; x_wconf 59' lang='grc' dir='ltr'>ἀγάπη</span> <span class='ocrx_word' id='word_1_597' title='bbox 3405 3947 3482 4000; x_wconf 86' lang='grc' dir='ltr'>οὐ</span> <span class='ocrx_word' id='word_1_598' title='bbox 3502 3943 3762 4014; x_wconf 73' lang='grc' dir='ltr'>λογίζεται</span> <span class='ocrx_word' id='word_1_599' title='bbox 3781 3942 3821 3995; x_wconf 75' lang='grc' dir='ltr'><strong>τί</strong></span> 
     </span>
    </p>
   </div>
   <div class='ocr_carea' id='block_1_85' title="bbox 2298 4034 3822 4108">
    <p class='ocr_par' dir='ltr' id='par_1_85' title="bbox 2298 4034 3822 4108">
     <span class='ocr_line' id='line_1_85' title="bbox 2298 4034 3822 4108; baseline -0.002 -18"><span class='ocrx_word' id='word_1_600' title='bbox 2298 4036 2511 4102; x_wconf 81' lang='grc' dir='ltr'>κακὸν,</span> <span class='ocrx_word' id='word_1_601' title='bbox 2548 4036 2643 4091; x_wconf 71' lang='grc' dir='ltr'>καὶ</span> <span class='ocrx_word' id='word_1_602' title='bbox 2693 4036 2763 4095; x_wconf 78' lang='grc' dir='ltr'>τὰ</span> <span class='ocrx_word' id='word_1_603' title='bbox 2793 4035 3082 4094; x_wconf 85' lang='grc' dir='ltr'>ἀκόλουθα.</span> <span class='ocrx_word' id='word_1_604' title='bbox 3129 4038 3293 4092; x_wconf 83' lang='grc' dir='ltr'>Ἀνευ</span> <span class='ocrx_word' id='word_1_605' title='bbox 3333 4038 3393 4091; x_wconf 80' lang='grc' dir='ltr'>δὲ</span> <span class='ocrx_word' id='word_1_606' title='bbox 3443 4038 3544 4091; x_wconf 77' lang='grc' dir='ltr'>τοῦ</span> <span class='ocrx_word' id='word_1_607' title='bbox 3586 4034 3822 4108; x_wconf 75' lang='grc' dir='ltr'>προζυμίω</span> 
     </span>
    </p>
   </div>
   <div class='ocr_carea' id='block_1_86' title="bbox 2297 4126 3822 4201">
    <p class='ocr_par' dir='ltr' id='par_1_86' title="bbox 2297 4126 3822 4201">
     <span class='ocr_line' id='line_1_86' title="bbox 2297 4126 3822 4201; baseline 0.005 -21"><span class='ocrx_word' id='word_1_608' title='bbox 2297 4126 2393 4181; x_wconf 81' lang='grc' dir='ltr'>τοῦ</span> <span class='ocrx_word' id='word_1_609' title='bbox 2433 4127 2782 4201; x_wconf 87' lang='grc' dir='ltr'>ἐπουρανίου,</span> <span class='ocrx_word' id='word_1_610' title='bbox 2814 4128 2954 4200; x_wconf 85' lang='grc' dir='ltr'>ὅπερ</span> <span class='ocrx_word' id='word_1_611' title='bbox 3008 4129 3158 4185; x_wconf 74' lang='grc' dir='ltr'>ἐστὶν</span> <span class='ocrx_word' id='word_1_612' title='bbox 3187 4130 3221 4201; x_wconf 74' lang='grc' dir='ltr'>ἡ</span> <span class='ocrx_word' id='word_1_613' title='bbox 3253 4128 3350 4184; x_wconf 77' lang='grc' dir='ltr'>τοῦ</span> <span class='ocrx_word' id='word_1_614' title='bbox 3385 4130 3538 4184; x_wconf 86' lang='grc' dir='ltr'>θείου</span> <span class='ocrx_word' id='word_1_615' title='bbox 3570 4128 3822 4199; x_wconf 67' lang='grc' dir='ltr'>Πνεύματθς</span> 
     </span>
    </p>
   </div>
   <div class='ocr_carea' id='block_1_87' title="bbox 2297 4218 3821 4294">
    <p class='ocr_par' dir='ltr' id='par_1_87' title="bbox 2297 4218 3821 4294">
     <span class='ocr_line' id='line_1_87' title="bbox 2297 4218 3821 4294; baseline 0.002 -19"><span class='ocrx_word' id='word_1_616' title='bbox 2297 4221 2549 4293; x_wconf 87' lang='grc' dir='ltr'>δύναμις,</span> <span class='ocrx_word' id='word_1_617' title='bbox 2598 4219 2918 4292; x_wconf 79' lang='grc' dir='ltr'>ζυμωθῆναι</span> <span class='ocrx_word' id='word_1_618' title='bbox 2952 4223 3011 4276; x_wconf 86' lang='grc' dir='ltr'><strong>ἐν</strong></span> <span class='ocrx_word' id='word_1_619' title='bbox 3041 4223 3108 4294; x_wconf 77' lang='grc' dir='ltr'>τῇ</span> <span class='ocrx_word' id='word_1_620' title='bbox 3141 4222 3480 4293; x_wconf 84' lang='grc' dir='ltr'>χρηστότητι</span> <span class='ocrx_word' id='word_1_621' title='bbox 3527 4221 3621 4277; x_wconf 79' lang='grc' dir='ltr'>τοῦ</span> <span class='ocrx_word' id='word_1_622' title='bbox 3650 4218 3821 4290; x_wconf 67' lang='grc' dir='ltr'>Κυρίου»</span> 
     </span>
    </p>
   </div>
   <div class='ocr_carea' id='block_1_88' title="bbox 2299 4306 3919 4409">
    <p class='ocr_par' dir='ltr' id='par_1_88' title="bbox 2299 4306 3919 4409">
     <span class='ocr_line' id='line_1_88' title="bbox 2299 4306 3919 4409; baseline -0.003 -42"><span class='ocrx_word' id='word_1_623' title='bbox 2299 4313 2395 4367; x_wconf 80' lang='grc' dir='ltr'>καὶ</span> <span class='ocrx_word' id='word_1_624' title='bbox 2422 4313 2762 4383; x_wconf 80' lang='grc' dir='ltr'>καταντῆσαι</span> <span class='ocrx_word' id='word_1_625' title='bbox 2806 4311 2985 4382; x_wconf 83' lang='grc' dir='ltr'>ψυχὴν</span> <span class='ocrx_word' id='word_1_626' title='bbox 3037 4313 3118 4376; x_wconf 84' lang='grc' dir='ltr'><strong>είς</strong></span> <span class='ocrx_word' id='word_1_627' title='bbox 3143 4311 3310 4383; x_wconf 76' lang='grc' dir='ltr'>ζωὴν,</span> <span class='ocrx_word' id='word_1_628' title='bbox 3342 4311 3626 4367; x_wconf 85' lang='grc' dir='ltr'>ἀδύνατον.</span> <span class='ocrx_word' id='word_1_629' title='bbox 3662 4311 3822 4377; x_wconf 75' lang='grc' dir='ltr'>Ὠσπερ</span> 
     </span>
    </p>
   </div>
   <div class='ocr_carea' id='block_1_89' title="bbox 2298 4404 3919 4478">
    <p class='ocr_par' dir='ltr' id='par_1_89' title="bbox 2298 4404 3919 4478">
     <span class='ocr_line' id='line_1_89' title="bbox 2298 4404 3919 4478; baseline -0.006 -17"><span class='ocrx_word' id='word_1_630' title='bbox 2298 4407 2421 4461; x_wconf 77' lang='grc' dir='ltr'>οὐδὲ</span> <span class='ocrx_word' id='word_1_631' title='bbox 2448 4407 2511 4461; x_wconf 76' lang='grc' dir='ltr'>τὸ</span> <span class='ocrx_word' id='word_1_632' title='bbox 2555 4406 2711 4477; x_wconf 81' lang='grc' dir='ltr'>γένος</span> <span class='ocrx_word' id='word_1_633' title='bbox 2743 4405 2839 4462; x_wconf 79' lang='grc' dir='ltr'><strong>τοῦ</strong></span> <span class='ocrx_word' id='word_1_634' title='bbox 2875 4406 3049 4478; x_wconf 80' lang='grc' dir='ltr'>Ἀδὰμ</span> <span class='ocrx_word' id='word_1_635' title='bbox 3099 4409 3181 4471; x_wconf 87' lang='grc' dir='ltr'><strong>εἰς</strong></span> <span class='ocrx_word' id='word_1_636' title='bbox 3232 4406 3507 4477; x_wconf 86' lang='grc' dir='ltr'>τοσαύτην</span> <span class='ocrx_word' id='word_1_637' title='bbox 3552 4407 3727 4460; x_wconf 81' lang='grc' dir='ltr'>κακίαν</span> <span class='ocrx_word' id='word_1_638' title='bbox 3761 4404 3824 4455; x_wconf 73' lang='lat' dir='ltr'><strong>ut</strong></span> <span class='ocrx_word' id='word_1_639' title='bbox 3918 4404 3919 4453; x_wconf 57' lang='grc' dir='ltr'>ξ</span> 
     </span>
    </p>
   </div>
   <div class='ocr_carea' id='block_1_90' title="bbox 622 4483 2193 4578">
    <p class='ocr_par' dir='ltr' id='par_1_90' title="bbox 622 4491 2193 4564">
     <span class='ocr_line' id='line_1_90' title="bbox 622 4491 2193 4564; baseline 0.011 -22"><span class='ocrx_word' id='word_1_640' title='bbox 622 4499 929 4561; x_wconf 83' lang='lat' dir='ltr'><strong>peccatum,</strong></span> <span class='ocrx_word' id='word_1_641' title='bbox 984 4503 1041 4546; x_wconf 89' lang='lat' dir='ltr'><strong>et</strong></span> <span class='ocrx_word' id='word_1_642' title='bbox 1082 4491 1312 4550; x_wconf 85' lang='lat' dir='ltr'><strong>facultas</strong></span> <span class='ocrx_word' id='word_1_643' title='bbox 1340 4494 1589 4564; x_wconf 62' lang='lat' dir='ltr'><strong>quardam</strong></span> <span class='ocrx_word' id='word_1_644' title='bbox 1633 4498 1804 4555; x_wconf 90' lang='lat' dir='ltr'><strong>animi</strong></span> <span class='ocrx_word' id='word_1_645' title='bbox 1852 4500 2071 4563; x_wconf 77' lang='lat' dir='ltr'><strong>Satana:</strong></span> <span class='ocrx_word' id='word_1_646' title='bbox 2116 4504 2193 4559; x_wconf 87' lang='lat' dir='ltr'><strong>in-</strong></span> 
     </span>
    </p>
   </div>
   <div class='ocr_carea' id='block_1_91' title="bbox 2295 4483 3823 4578">
    <p class='ocr_par' dir='ltr' id='par_1_91' title="bbox 2306 4494 3823 4578">
     <span class='ocr_line' id='line_1_91' title="bbox 2306 4494 3823 4578; baseline -0.001 -26"><span class='ocrx_word' id='word_1_647' title='bbox 2306 4501 2575 4571; x_wconf 78' lang='grc' dir='ltr'>πονηρίαν</span> <span class='ocrx_word' id='word_1_648' title='bbox 2604 4497 2952 4578; x_wconf 73' lang='grc' dir='ltr'>ἐκτραπῆναι</span> <span class='ocrx_word' id='word_1_649' title='bbox 2983 4496 3240 4567; x_wconf 71' lang='grc' dir='ltr'>ἠδύνατο,</span> <span class='ocrx_word' id='word_1_650' title='bbox 3283 4499 3334 4553; x_wconf 86' lang='grc' dir='ltr'><strong>εί</strong></span> <span class='ocrx_word' id='word_1_651' title='bbox 3367 4498 3441 4569; x_wconf 75' lang='grc' dir='ltr'>μὴ</span> <span class='ocrx_word' id='word_1_652' title='bbox 3476 4496 3536 4551; x_wconf 82' lang='grc' dir='ltr'>τὸ</span> <span class='ocrx_word' id='word_1_653' title='bbox 3562 4497 3655 4565; x_wconf 83' lang='grc' dir='ltr'>τῆς</span> <span class='ocrx_word' id='word_1_654' title='bbox 3681 4494 3823 4551; x_wconf 67' lang='lat' dir='ltr'><strong>mil;</strong></span> 
     </span>
    </p>
   </div>
   <div class='ocr_carea' id='block_1_92' title="bbox 622 4580 1505 4645">
    <p class='ocr_par' dir='ltr' id='par_1_92' title="bbox 622 4580 1505 4645">
     <span class='ocr_line' id='line_1_92' title="bbox 622 4580 1505 4645; baseline 0.006 -9"><span class='ocrx_word' id='word_1_655' title='bbox 622 4580 920 4645; x_wconf 87' lang='lat' dir='ltr'><strong>tellectiva,</strong></span> <span class='ocrx_word' id='word_1_656' title='bbox 952 4598 1079 4638; x_wconf 89' lang='lat' dir='ltr'><strong>eum</strong></span> <span class='ocrx_word' id='word_1_657' title='bbox 1113 4582 1505 4641; x_wconf 88' lang='lat' dir='ltr'><strong>subintrasset.</strong></span> 
     </span>
    </p>
   </div>
   <div class='ocr_carea' id='block_1_93' title="bbox 688 4755 2198 4845">
    <p class='ocr_par' dir='ltr' id='par_1_93' title="bbox 688 4755 2198 4845">
     <span class='ocr_line' id='line_1_93' title="bbox 688 4755 2198 4845; baseline 0.013 -34"><span class='ocrx_word' id='word_1_658' title='bbox 688 4755 777 4814; x_wconf 81' lang='lat' dir='ltr'><strong>IV.</strong></span> <span class='ocrx_word' id='word_1_659' title='bbox 809 4755 1282 4824; x_wconf 87' lang='lat' dir='ltr'><strong>Quemadmodum</strong></span> <span class='ocrx_word' id='word_1_660' title='bbox 1304 4762 1476 4829; x_wconf 90' lang='lat' dir='ltr'><strong>enim,</strong></span> <span class='ocrx_word' id='word_1_661' title='bbox 1494 4764 1539 4819; x_wconf 89' lang='lat' dir='ltr'><strong>si</strong></span> <span class='ocrx_word' id='word_1_662' title='bbox 1558 4766 1684 4836; x_wconf 88' lang='lat' dir='ltr'><strong>quis</strong></span> <span class='ocrx_word' id='word_1_663' title='bbox 1711 4766 1939 4827; x_wconf 86' lang='lat' dir='ltr'><strong>farinam</strong></span> <span class='ocrx_word' id='word_1_664' title='bbox 1959 4773 2198 4845; x_wconf 84' lang='lat' dir='ltr'><strong>subigat,</strong></span> 
     </span>
    </p>
   </div>
   <div class='ocr_carea' id='block_1_94' title="bbox 617 4847 2199 4926">
    <p class='ocr_par' dir='ltr' id='par_1_94' title="bbox 617 4847 2199 4926">
     <span class='ocr_line' id='line_1_94' title="bbox 617 4847 2199 4926; baseline 0.011 -23"><span class='ocrx_word' id='word_1_665' title='bbox 617 4863 721 4904; x_wconf 90' lang='lat' dir='ltr'><strong>nec</strong></span> <span class='ocrx_word' id='word_1_666' title='bbox 744 4847 1079 4904; x_wconf 84' lang='lat' dir='ltr'><strong>fermentum</strong></span> <span class='ocrx_word' id='word_1_667' title='bbox 1122 4848 1361 4923; x_wconf 85' lang='lat' dir='ltr'><strong>injiciat,</strong></span> <span class='ocrx_word' id='word_1_668' title='bbox 1394 4866 1737 4926; x_wconf 84' lang='lat' dir='ltr'><strong>quantopere</strong></span> <span class='ocrx_word' id='word_1_669' title='bbox 1782 4860 2039 4917; x_wconf 87' lang='lat' dir='ltr'><strong>videatur</strong></span> <span class='ocrx_word' id='word_1_670' title='bbox 2081 4866 2199 4919; x_wconf 84' lang='lat' dir='ltr'><strong>ela-</strong></span> 
     </span>
    </p>
   </div>
   <div class='ocr_carea' id='block_1_95' title="bbox 615 4941 2204 5025">
    <p class='ocr_par' dir='ltr' id='par_1_95' title="bbox 615 4941 2204 5025">
     <span class='ocr_line' id='line_1_95' title="bbox 615 4941 2204 5025; baseline 0.01 -29"><span class='ocrx_word' id='word_1_671' title='bbox 615 4941 835 5005; x_wconf 87' lang='lat' dir='ltr'><strong>horare,</strong></span> <span class='ocrx_word' id='word_1_672' title='bbox 867 4942 1144 4999; x_wconf 86' lang='lat' dir='ltr'><strong>invertere</strong></span> <span class='ocrx_word' id='word_1_673' title='bbox 1182 4961 1245 4999; x_wconf 91' lang='lat' dir='ltr'><strong>ac</strong></span> <span class='ocrx_word' id='word_1_674' title='bbox 1288 4947 1528 5016; x_wconf 87' lang='lat' dir='ltr'><strong>operari,</strong></span> <span class='ocrx_word' id='word_1_675' title='bbox 1571 4947 1831 5005; x_wconf 87' lang='lat' dir='ltr'><strong>fermenti</strong></span> <span class='ocrx_word' id='word_1_676' title='bbox 1879 4968 2077 5025; x_wconf 79' lang='lat' dir='ltr'><strong>expers</strong></span> <span class='ocrx_word' id='word_1_677' title='bbox 2117 4964 2204 5012; x_wconf 87' lang='lat' dir='ltr'><strong>est</strong></span> 
     </span>
    </p>
   </div>
   <div class='ocr_carea' id='block_1_96' title="bbox 616 5034 2203 5122">
    <p class='ocr_par' dir='ltr' id='par_1_96' title="bbox 616 5034 2203 5122">
     <span class='ocr_line' id='line_1_96' title="bbox 616 5034 2203 5122; baseline 0.011 -34"><span class='ocrx_word' id='word_1_678' title='bbox 616 5049 817 5100; x_wconf 86' lang='lat' dir='ltr'><strong>massa,</strong></span> <span class='ocrx_word' id='word_1_679' title='bbox 850 5042 907 5090; x_wconf 92' lang='lat' dir='ltr'><strong>et</strong></span> <span class='ocrx_word' id='word_1_680' title='bbox 929 5034 996 5090; x_wconf 90' lang='lat' dir='ltr'><strong>ad</strong></span> <span class='ocrx_word' id='word_1_681' title='bbox 1025 5052 1182 5091; x_wconf 86' lang='lat' dir='ltr'><strong>esum</strong></span> <span class='ocrx_word' id='word_1_682' title='bbox 1216 5037 1398 5095; x_wconf 90' lang='lat' dir='ltr'><strong>minus</strong></span> <span class='ocrx_word' id='word_1_683' title='bbox 1429 5042 1739 5098; x_wconf 87' lang='lat' dir='ltr'><strong>commoda.</strong></span> <span class='ocrx_word' id='word_1_684' title='bbox 1773 5043 1877 5101; x_wconf 89' lang='lat' dir='ltr'><strong>Ubi</strong></span> <span class='ocrx_word' id='word_1_685' title='bbox 1904 5063 2035 5104; x_wconf 88' lang='lat' dir='ltr'><strong>vero</strong></span> <span class='ocrx_word' id='word_1_686' title='bbox 2073 5049 2203 5122; x_wconf 82' lang='lat' dir='ltr'><strong>inji-</strong></span> 
     </span>
    </p>
   </div>
   <div class='ocr_carea' id='block_1_97' title="bbox 615 5125 2202 5210">
    <p class='ocr_par' dir='ltr' id='par_1_97' title="bbox 615 5125 2202 5210">
     <span class='ocr_line' id='line_1_97' title="bbox 615 5125 2202 5210; baseline 0.011 -30"><span class='ocrx_word' id='word_1_687' title='bbox 615 5126 797 5181; x_wconf 88' lang='lat' dir='ltr'><strong>ciatur</strong></span> <span class='ocrx_word' id='word_1_688' title='bbox 814 5125 1171 5195; x_wconf 89' lang='lat' dir='ltr'><strong>fermentum,</strong></span> <span class='ocrx_word' id='word_1_689' title='bbox 1192 5131 1362 5185; x_wconf 86' lang='lat' dir='ltr'><strong>trahit</strong></span> <span class='ocrx_word' id='word_1_690' title='bbox 1386 5132 1451 5187; x_wconf 89' lang='lat' dir='ltr'><strong>ad</strong></span> <span class='ocrx_word' id='word_1_691' title='bbox 1472 5148 1530 5189; x_wconf 90' lang='lat' dir='ltr'><strong>se</strong></span> <span class='ocrx_word' id='word_1_692' title='bbox 1553 5142 1716 5189; x_wconf 89' lang='lat' dir='ltr'><strong>totam</strong></span> <span class='ocrx_word' id='word_1_693' title='bbox 1736 5135 1924 5195; x_wconf 63' lang='lat' dir='ltr'><strong>farinae</strong></span> <span class='ocrx_word' id='word_1_694' title='bbox 1943 5156 2202 5210; x_wconf 86' lang='lat' dir='ltr'><strong>massam,</strong></span> 
     </span>
    </p>
   </div>
   <div class='ocr_carea' id='block_1_98' title="bbox 616 5218 2205 5293">
    <p class='ocr_par' dir='ltr' id='par_1_98' title="bbox 616 5218 2205 5293">
     <span class='ocr_line' id='line_1_98' title="bbox 616 5218 2205 5293; baseline 0.013 -21"><span class='ocrx_word' id='word_1_695' title='bbox 616 5218 909 5291; x_wconf 88' lang='lat' dir='ltr'><strong>redditque</strong></span> <span class='ocrx_word' id='word_1_696' title='bbox 958 5230 1129 5278; x_wconf 90' lang='lat' dir='ltr'><strong>totam</strong></span> <span class='ocrx_word' id='word_1_697' title='bbox 1177 5224 1598 5293; x_wconf 87' lang='lat' dir='ltr'><strong>fermentatam;</strong></span> <span class='ocrx_word' id='word_1_698' title='bbox 1647 5230 1792 5285; x_wconf 91' lang='lat' dir='ltr'><strong>sicut</strong></span> <span class='ocrx_word' id='word_1_699' title='bbox 1831 5241 1889 5287; x_wconf 89' lang='lat' dir='ltr'><strong>et</strong></span> <span class='ocrx_word' id='word_1_700' title='bbox 1938 5233 2205 5292; x_wconf 90' lang='lat' dir='ltr'><strong>Dominus</strong></span> 
     </span>
    </p>
   </div>
   <div class='ocr_carea' id='block_1_99' title="bbox 616 5315 2207 5398">
    <p class='ocr_par' dir='ltr' id='par_1_99' title="bbox 616 5315 2207 5398">
     <span class='ocr_line' id='line_1_99' title="bbox 616 5315 2207 5398; baseline 0.013 -34"><span class='ocrx_word' id='word_1_701' title='bbox 616 5327 847 5383; x_wconf 87' lang='lat' dir='ltr'><strong>regnum</strong></span> <span class='ocrx_word' id='word_1_702' title='bbox 879 5315 1227 5385; x_wconf 88' lang='lat' dir='ltr'><strong>assimilavit,</strong></span> <span class='ocrx_word' id='word_1_703' title='bbox 1259 5320 1488 5377; x_wconf 87' lang='lat' dir='ltr'><strong>dicens:</strong></span> <span class='ocrx_word' id='word_1_704' title='bbox 1525 5321 1712 5378; x_wconf 84' lang='lat' dir='ltr'><strong>Simile</strong></span> <span class='ocrx_word' id='word_1_705' title='bbox 1744 5334 1821 5379; x_wconf 78' lang='lat' dir='ltr'><strong>est</strong></span> <span class='ocrx_word' id='word_1_706' title='bbox 1861 5342 2083 5398; x_wconf 85' lang='lat' dir='ltr'><strong>regnum</strong></span> <span class='ocrx_word' id='word_1_707' title='bbox 2104 5346 2207 5385; x_wconf 73' lang='lat' dir='ltr'><strong>ca:-</strong></span> 
     </span>
    </p>
   </div>
   <div class='ocr_carea' id='block_1_100' title="bbox 618 5409 2205 5487">
    <p class='ocr_par' dir='ltr' id='par_1_100' title="bbox 618 5409 2205 5487">
     <span class='ocr_line' id='line_1_100' title="bbox 618 5409 2205 5487; baseline 0.014 -31"><span class='ocrx_word' id='word_1_708' title='bbox 618 5409 791 5463; x_wconf 77' lang='lat' dir='ltr'><strong>tnrum</strong></span> <span class='ocrx_word' id='word_1_709' title='bbox 829 5410 1109 5480; x_wconf 80' lang='lat' dir='ltr'><strong>fermento,</strong></span> <span class='ocrx_word' id='word_1_710' title='bbox 1142 5414 1281 5485; x_wconf 85' lang='lat' dir='ltr'><strong>quod</strong></span> <span class='ocrx_word' id='word_1_711' title='bbox 1321 5427 1593 5487; x_wconf 76' lang='lat' dir='ltr'><strong>acceptant</strong></span> <span class='ocrx_word' id='word_1_712' title='bbox 1628 5418 1819 5474; x_wconf 79' lang='lat' dir='ltr'><strong>mulier</strong></span> <span class='ocrx_word' id='word_1_713' title='bbox 1855 5420 2127 5477; x_wconf 76' lang='lat' dir='ltr'><strong>abscondit</strong></span> <span class='ocrx_word' id='word_1_714' title='bbox 2148 5425 2205 5479; x_wconf 85' lang='lat' dir='ltr'><strong>in</strong></span> 
     </span>
    </p>
   </div>
   <div class='ocr_carea' id='block_1_101' title="bbox 615 5504 2201 5579">
    <p class='ocr_par' dir='ltr' id='par_1_101' title="bbox 615 5504 2201 5579">
     <span class='ocr_line' id='line_1_101' title="bbox 615 5504 2201 5579; baseline 0.01 -23"><span class='ocrx_word' id='word_1_715' title='bbox 615 5504 812 5576; x_wconf 70' lang='lat' dir='ltr'><strong>farina:</strong></span> <span class='ocrx_word' id='word_1_716' title='bbox 850 5506 982 5561; x_wconf 72' lang='lat' dir='ltr'><strong>satis</strong></span> <span class='ocrx_word' id='word_1_717' title='bbox 1028 5507 1216 5575; x_wconf 77' lang='lat' dir='ltr'><strong>tribus,</strong></span> <span class='ocrx_word' id='word_1_718' title='bbox 1264 5510 1426 5564; x_wconf 79' lang='lat' dir='ltr'><strong>donec</strong></span> <span class='ocrx_word' id='word_1_719' title='bbox 1471 5509 1885 5579; x_wconf 77' lang='lat' dir='ltr'><strong>{ermentaretur</strong></span> <span class='ocrx_word' id='word_1_720' title='bbox 1941 5524 2110 5572; x_wconf 85' lang='lat' dir='ltr'><strong>totum</strong></span> <span class='ocrx_word' id='word_1_721' title='bbox 2135 5519 2201 5572; x_wconf 79' lang='lat'><strong>&quot;.</strong></span> 
     </span>
    </p>
   </div>
   <div class='ocr_carea' id='block_1_102' title="bbox 619 5593 2207 5680">
    <p class='ocr_par' dir='ltr' id='par_1_102' title="bbox 619 5593 2207 5680">
     <span class='ocr_line' id='line_1_102' title="bbox 619 5593 2207 5680; baseline 0.011 -31"><span class='ocrx_word' id='word_1_722' title='bbox 619 5593 726 5666; x_wconf 70' lang='lat' dir='ltr'><strong>(tut</strong></span> <span class='ocrx_word' id='word_1_723' title='bbox 754 5598 949 5666; x_wconf 91' lang='lat' dir='ltr'><strong>vcluti,</strong></span> <span class='ocrx_word' id='word_1_724' title='bbox 976 5600 1021 5656; x_wconf 89' lang='lat' dir='ltr'><strong>si</strong></span> <span class='ocrx_word' id='word_1_725' title='bbox 1046 5601 1171 5672; x_wconf 90' lang='lat' dir='ltr'><strong>quis</strong></span> <span class='ocrx_word' id='word_1_726' title='bbox 1194 5618 1389 5660; x_wconf 89' lang='lat' dir='ltr'><strong>carnes</strong></span> <span class='ocrx_word' id='word_1_727' title='bbox 1412 5605 1637 5673; x_wconf 87' lang='lat' dir='ltr'><strong>haheat,</strong></span> <span class='ocrx_word' id='word_1_728' title='bbox 1655 5622 1959 5680; x_wconf 88' lang='lat' dir='ltr'><strong>earumque</strong></span> <span class='ocrx_word' id='word_1_729' title='bbox 1981 5625 2207 5667; x_wconf 77' lang='lat' dir='ltr'><strong>conser—</strong></span> 
     </span>
    </p>
   </div>
   <div class='ocr_carea' id='block_1_103' title="bbox 2306 4583 3821 4663">
    <p class='ocr_par' dir='ltr' id='par_1_103' title="bbox 2306 4583 3821 4663">
     <span class='ocr_line' id='line_1_103' title="bbox 2306 4583 3821 4663; baseline -0.005 -19"><span class='ocrx_word' id='word_1_730' title='bbox 2306 4590 2627 4662; x_wconf 83' lang='grc' dir='ltr'>προζύμιον,</span> <span class='ocrx_word' id='word_1_731' title='bbox 2660 4590 2798 4662; x_wconf 90' lang='grc' dir='ltr'>ὅπερ</span> <span class='ocrx_word' id='word_1_732' title='bbox 2825 4592 2972 4645; x_wconf 78' lang='grc' dir='ltr'>ἐστὶν</span> <span class='ocrx_word' id='word_1_733' title='bbox 3000 4593 3032 4663; x_wconf 78' lang='grc' dir='ltr'>ἡ</span> <span class='ocrx_word' id='word_1_734' title='bbox 3067 4590 3334 4661; x_wconf 84' lang='grc' dir='ltr'>ἁμαρτία,</span> <span class='ocrx_word' id='word_1_735' title='bbox 3360 4588 3678 4659; x_wconf 79' lang='grc' dir='ltr'>ὑπεισῆλθεν</span> <span class='ocrx_word' id='word_1_736' title='bbox 3701 4583 3821 4653; x_wconf 71' lang='grc' dir='ltr'>αὐτῷ.</span> 
     </span>
    </p>
   </div>
   <div class='ocr_carea' id='block_1_104' title="bbox 2306 4683 3683 4757">
    <p class='ocr_par' dir='ltr' id='par_1_104' title="bbox 2306 4683 3683 4757">
     <span class='ocr_line' id='line_1_104' title="bbox 2306 4683 3683 4757; baseline -0.003 -18"><span class='ocrx_word' id='word_1_737' title='bbox 2306 4685 2498 4757; x_wconf 84' lang='grc' dir='ltr'>λογική</span> <span class='ocrx_word' id='word_1_738' title='bbox 2528 4702 2613 4749; x_wconf 90' lang='grc' dir='ltr'><strong>τις</strong></span> <span class='ocrx_word' id='word_1_739' title='bbox 2646 4683 2781 4744; x_wconf 70' lang='grc' dir='ltr'>οὒσα</span> <span class='ocrx_word' id='word_1_740' title='bbox 2815 4685 2908 4743; x_wconf 77' lang='grc' dir='ltr'>καὶ</span> <span class='ocrx_word' id='word_1_741' title='bbox 2935 4683 3099 4757; x_wconf 73' lang='grc' dir='ltr'>νοερὰ</span> <span class='ocrx_word' id='word_1_742' title='bbox 3123 4684 3351 4752; x_wconf 85' lang='grc' dir='ltr'>δύναμις</span> <span class='ocrx_word' id='word_1_743' title='bbox 3376 4683 3468 4737; x_wconf 73' lang='grc' dir='ltr'>τοῦ</span> <span class='ocrx_word' id='word_1_744' title='bbox 3498 4684 3683 4738; x_wconf 78' lang='grc' dir='ltr'>Σατᾶν.</span> 
     </span>
    </p>
   </div>
   <div class='ocr_carea' id='block_1_105' title="bbox 2378 4770 3822 4849">
    <p class='ocr_par' dir='ltr' id='par_1_105' title="bbox 2378 4770 3822 4849">
     <span class='ocr_line' id='line_1_105' title="bbox 2378 4770 3822 4849; baseline 0.006 -19"><span class='ocrx_word' id='word_1_745' title='bbox 2378 4781 2452 4832; x_wconf 90' lang='grc' dir='ltr'><strong>Δ’.</strong></span> <span class='ocrx_word' id='word_1_746' title='bbox 2483 4779 2696 4849; x_wconf 86' lang='grc' dir='ltr'>Ὥσπερ</span> <span class='ocrx_word' id='word_1_747' title='bbox 2727 4778 2837 4847; x_wconf 85' lang='grc' dir='ltr'><strong>γὰρ</strong></span> <span class='ocrx_word' id='word_1_748' title='bbox 2878 4778 2973 4832; x_wconf 74' lang='grc' dir='ltr'><strong>ἐάν</strong></span> <span class='ocrx_word' id='word_1_749' title='bbox 3004 4793 3087 4840; x_wconf 69' lang='grc' dir='ltr'><strong>⁶εις</strong></span> <span class='ocrx_word' id='word_1_750' title='bbox 3116 4777 3320 4847; x_wconf 82' lang='grc' dir='ltr'>ἄλευρα</span> <span class='ocrx_word' id='word_1_751' title='bbox 3351 4776 3595 4847; x_wconf 70' lang='grc' dir='ltr'>φυράσῃ.</span> <span class='ocrx_word' id='word_1_752' title='bbox 3630 4774 3695 4844; x_wconf 75' lang='grc' dir='ltr'>μὴ</span> <span class='ocrx_word' id='word_1_753' title='bbox 3730 4770 3822 4841; x_wconf 67' lang='grc' dir='ltr'><strong>βάλε</strong></span> 
     </span>
    </p>
   </div>
   <div class='ocr_carea' id='block_1_106' title="bbox 2305 4866 3824 4941">
    <p class='ocr_par' dir='ltr' id='par_1_106' title="bbox 2305 4866 3824 4941">
     <span class='ocr_line' id='line_1_106' title="bbox 2305 4866 3824 4941; baseline -0.005 -20"><span class='ocrx_word' id='word_1_754' title='bbox 2305 4868 2364 4921; x_wconf 75' lang='grc' dir='ltr'>δὲ</span> <span class='ocrx_word' id='word_1_755' title='bbox 2391 4867 2715 4941; x_wconf 78' lang='grc' dir='ltr'>προζύμιον,</span> <span class='ocrx_word' id='word_1_756' title='bbox 2750 4870 2873 4923; x_wconf 91' lang='grc' dir='ltr'>ὅσον</span> <span class='ocrx_word' id='word_1_757' title='bbox 2901 4867 2968 4922; x_wconf 85' lang='grc' dir='ltr'>ἂν</span> <span class='ocrx_word' id='word_1_758' title='bbox 2998 4869 3129 4940; x_wconf 75' lang='grc' dir='ltr'>δοκῇ</span> <span class='ocrx_word' id='word_1_759' title='bbox 3169 4868 3551 4938; x_wconf 83' lang='grc' dir='ltr'>ἐπιμελεῖσθαι</span> <span class='ocrx_word' id='word_1_760' title='bbox 3585 4866 3671 4919; x_wconf 81' lang='grc' dir='ltr'>καὶ</span> <span class='ocrx_word' id='word_1_761' title='bbox 3704 4879 3824 4934; x_wconf 73' lang='grc' dir='ltr'>μετι-</span> 
     </span>
    </p>
   </div>
   <div class='ocr_carea' id='block_1_107' title="bbox 2309 4955 3823 5031">
    <p class='ocr_par' dir='ltr' id='par_1_107' title="bbox 2309 4955 3823 5031">
     <span class='ocr_line' id='line_1_107' title="bbox 2309 4955 3823 5031; baseline -0.005 -17"><span class='ocrx_word' id='word_1_762' title='bbox 2309 4962 2548 5027; x_wconf 86' lang='grc' dir='ltr'>6άλλειν,</span> <span class='ocrx_word' id='word_1_763' title='bbox 2593 4961 2687 5015; x_wconf 75' lang='grc' dir='ltr'>καὶ</span> <span class='ocrx_word' id='word_1_764' title='bbox 2718 4960 3179 5031; x_wconf 81' lang='grc' dir='ltr'>κατεργάζεσθαι,</span> <span class='ocrx_word' id='word_1_765' title='bbox 3214 4960 3423 5031; x_wconf 79' lang='grc' dir='ltr'>ἄζυμόν</span> <span class='ocrx_word' id='word_1_766' title='bbox 3474 4961 3591 5014; x_wconf 84' lang='grc' dir='ltr'>ἐστι</span> <span class='ocrx_word' id='word_1_767' title='bbox 3618 4959 3671 5011; x_wconf 76' lang='grc' dir='ltr'><strong>τὸ</strong></span> <span class='ocrx_word' id='word_1_768' title='bbox 3700 4955 3823 5025; x_wconf 70' lang='grc' dir='ltr'>φύρα-</span> 
     </span>
    </p>
   </div>
   <div class='ocr_carea' id='block_1_108' title="bbox 2312 5046 3822 5125">
    <p class='ocr_par' dir='ltr' id='par_1_108' title="bbox 2312 5046 3822 5125">
     <span class='ocr_line' id='line_1_108' title="bbox 2312 5046 3822 5125; baseline 0.002 -17"><span class='ocrx_word' id='word_1_769' title='bbox 2312 5071 2412 5124; x_wconf 90' lang='grc' dir='ltr'><strong>μα,</strong></span> <span class='ocrx_word' id='word_1_770' title='bbox 2446 5054 2540 5108; x_wconf 82' lang='grc' dir='ltr'>κα“ι</span> <span class='ocrx_word' id='word_1_771' title='bbox 2569 5053 2943 5125; x_wconf 80' lang='grc' dir='ltr'>ἀνεπιτήδειον</span> <span class='ocrx_word' id='word_1_772' title='bbox 2985 5055 3064 5117; x_wconf 77' lang='grc' dir='ltr'>εἰς</span> <span class='ocrx_word' id='word_1_773' title='bbox 3100 5052 3337 5123; x_wconf 57' lang='grc' dir='ltr'>βρῶσιν</span> <span class='ocrx_word' id='word_1_774' title='bbox 3374 5050 3514 5107; x_wconf 72' lang='grc' dir='ltr'>ἐπάν</span> <span class='ocrx_word' id='word_1_775' title='bbox 3542 5051 3598 5105; x_wconf 79' lang='grc' dir='ltr'><strong>δέ</strong></span> <span class='ocrx_word' id='word_1_776' title='bbox 3647 5046 3822 5120; x_wconf 61' lang='grc' dir='ltr'>βληθῗιῆ</span> 
     </span>
    </p>
   </div>
   <div class='ocr_carea' id='block_1_109' title="bbox 2311 5136 3825 5216">
    <p class='ocr_par' dir='ltr' id='par_1_109' title="bbox 2311 5136 3825 5216">
     <span class='ocr_line' id='line_1_109' title="bbox 2311 5136 3825 5216; baseline -0.007 -17"><span class='ocrx_word' id='word_1_777' title='bbox 2311 5144 2482 5216; x_wconf 88' lang='grc' dir='ltr'>ζύμη,</span> <span class='ocrx_word' id='word_1_778' title='bbox 2518 5144 2669 5198; x_wconf 69' lang='grc' dir='ltr'>ἕλκει</span> <span class='ocrx_word' id='word_1_779' title='bbox 2717 5142 2856 5213; x_wconf 77' lang='grc' dir='ltr'>πρὸς</span> <span class='ocrx_word' id='word_1_780' title='bbox 2900 5141 3070 5213; x_wconf 81' lang='grc' dir='ltr'>αὐτὴν</span> <span class='ocrx_word' id='word_1_781' title='bbox 3098 5143 3219 5195; x_wconf 82' lang='grc' dir='ltr'>ὅλον</span> <span class='ocrx_word' id='word_1_782' title='bbox 3248 5141 3309 5195; x_wconf 81' lang='grc' dir='ltr'>τὸ</span> <span class='ocrx_word' id='word_1_783' title='bbox 3335 5141 3428 5195; x_wconf 84' lang='grc' dir='ltr'>τοῦ</span> <span class='ocrx_word' id='word_1_784' title='bbox 3457 5140 3676 5210; x_wconf 80' lang='grc' dir='ltr'>ἀλεύρου</span> <span class='ocrx_word' id='word_1_785' title='bbox 3700 5136 3825 5207; x_wconf 65' lang='grc' dir='ltr'>φύρας</span> 
     </span>
    </p>
   </div>
   <div class='ocr_carea' id='block_1_110' title="bbox 2315 5227 3823 5309">
    <p class='ocr_par' dir='ltr' id='par_1_110' title="bbox 2315 5227 3823 5309">
     <span class='ocr_line' id='line_1_110' title="bbox 2315 5227 3823 5309; baseline -0.013 -15"><span class='ocrx_word' id='word_1_786' title='bbox 2315 5256 2413 5309; x_wconf 86' lang='grc' dir='ltr'><strong>μα,</strong></span> <span class='ocrx_word' id='word_1_787' title='bbox 2464 5237 2560 5291; x_wconf 77' lang='grc' dir='ltr'>καὶ</span> <span class='ocrx_word' id='word_1_788' title='bbox 2604 5234 2983 5307; x_wconf 79' lang='grc' dir='ltr'>ἀπεργάζεται</span> <span class='ocrx_word' id='word_1_789' title='bbox 3023 5235 3144 5290; x_wconf 83' lang='grc' dir='ltr'>ὅλον</span> <span class='ocrx_word' id='word_1_790' title='bbox 3190 5233 3392 5304; x_wconf 86' lang='grc' dir='ltr'>ζύμην,</span> <span class='ocrx_word' id='word_1_791' title='bbox 3433 5233 3675 5302; x_wconf 84' lang='grc' dir='ltr'>καθάπερ</span> <span class='ocrx_word' id='word_1_792' title='bbox 3716 5227 3823 5280; x_wconf 70' lang='grc' dir='ltr'>καὶὸ</span> 
     </span>
    </p>
   </div>
   <div class='ocr_carea' id='block_1_111' title="bbox 2312 5318 3825 5402">
    <p class='ocr_par' dir='ltr' id='par_1_111' title="bbox 2312 5318 3825 5402">
     <span class='ocr_line' id='line_1_111' title="bbox 2312 5318 3825 5402; baseline -0.007 -19"><span class='ocrx_word' id='word_1_793' title='bbox 2312 5329 2517 5402; x_wconf 80' lang='grc' dir='ltr'>Κύριος</span> <span class='ocrx_word' id='word_1_794' title='bbox 2565 5328 2869 5401; x_wconf 88' lang='grc' dir='ltr'>παρείκασε</span> <span class='ocrx_word' id='word_1_795' title='bbox 2928 5326 3026 5398; x_wconf 83' lang='grc' dir='ltr'>τὴν</span> <span class='ocrx_word' id='word_1_796' title='bbox 3079 5326 3377 5397; x_wconf 81' lang='grc' dir='ltr'>βασιλείαν.</span> <span class='ocrx_word' id='word_1_797' title='bbox 3432 5325 3621 5389; x_wconf 78' lang='grc' dir='ltr'>εἰπὼν,</span> <span class='ocrx_word' id='word_1_798' title='bbox 3682 5318 3825 5389; x_wconf 71' lang='grc' dir='ltr'>Ὁμοὺι</span> 
     </span>
    </p>
   </div>
   <div class='ocr_carea' id='block_1_112' title="bbox 2309 5410 3822 5490">
    <p class='ocr_par' dir='ltr' id='par_1_112' title="bbox 2309 5410 3822 5490">
     <span class='ocr_line' id='line_1_112' title="bbox 2309 5410 3822 5490; baseline -0.006 -12"><span class='ocrx_word' id='word_1_799' title='bbox 2309 5423 2485 5479; x_wconf 77' lang='grc' dir='ltr'>ἐστὶν</span> <span class='ocrx_word' id='word_1_800' title='bbox 2515 5423 2553 5490; x_wconf 77' lang='grc' dir='ltr'>ἡ</span> <span class='ocrx_word' id='word_1_801' title='bbox 2579 5422 2869 5487; x_wconf 76' lang='grc' dir='ltr'>βασιλεία</span> <span class='ocrx_word' id='word_1_802' title='bbox 2915 5419 3033 5474; x_wconf 83' lang='grc' dir='ltr'>τῶν</span> <span class='ocrx_word' id='word_1_803' title='bbox 3061 5419 3334 5488; x_wconf 79' lang='grc' dir='ltr'>οὐρανῶν</span> <span class='ocrx_word' id='word_1_804' title='bbox 3363 5418 3531 5489; x_wconf 76' lang='grc' dir='ltr'>ζύμῃ,</span> <span class='ocrx_word' id='word_1_805' title='bbox 3566 5418 3640 5485; x_wconf 79' lang='grc' dir='ltr'><strong>ἢν</strong></span> <span class='ocrx_word' id='word_1_806' title='bbox 3661 5410 3822 5470; x_wconf 73' lang='grc' dir='ltr'>λαϐοῦ·</span> 
     </span>
    </p>
   </div>
   <div class='ocr_carea' id='block_1_113' title="bbox 2312 5503 3824 5587">
    <p class='ocr_par' dir='ltr' id='par_1_113' title="bbox 2312 5503 3824 5587">
     <span class='ocr_line' id='line_1_113' title="bbox 2312 5503 3824 5587; baseline -0.005 -15"><span class='ocrx_word' id='word_1_807' title='bbox 2312 5532 2397 5573; x_wconf 84' lang='grc' dir='ltr'><strong>σα</strong></span> <span class='ocrx_word' id='word_1_808' title='bbox 2446 5516 2603 5587; x_wconf 74' lang='grc' dir='ltr'><strong>γυνὴ</strong></span> <span class='ocrx_word' id='word_1_809' title='bbox 2641 5516 2911 5586; x_wconf 75' lang='grc' dir='ltr'>ἔκρυψεν</span> <span class='ocrx_word' id='word_1_810' title='bbox 2946 5516 3033 5581; x_wconf 83' lang='grc' dir='ltr'>εἰς</span> <span class='ocrx_word' id='word_1_811' title='bbox 3072 5513 3335 5582; x_wconf 78' lang='grc' dir='ltr'>ἀλεύρου</span> <span class='ocrx_word' id='word_1_812' title='bbox 3391 5511 3548 5567; x_wconf 82' lang='grc' dir='ltr'>σάτα</span> <span class='ocrx_word' id='word_1_813' title='bbox 3597 5503 3824 5577; x_wconf 51' lang='lat' dir='ltr'><strong>mimihi</strong></span> 
     </span>
    </p>
   </div>
   <div class='ocr_carea' id='block_1_114' title="bbox 2313 5598 3824 5681">
    <p class='ocr_par' dir='ltr' id='par_1_114' title="bbox 2313 5598 3824 5681">
     <span class='ocr_line' id='line_1_114' title="bbox 2313 5598 3824 5681; baseline -0.011 -15"><span class='ocrx_word' id='word_1_814' title='bbox 2313 5607 2387 5668; x_wconf 81' lang='grc' dir='ltr'>οὗ</span> <span class='ocrx_word' id='word_1_815' title='bbox 2413 5610 2675 5681; x_wconf 79' lang='grc' dir='ltr'>ἐζυμώθη</span> <span class='ocrx_word' id='word_1_816' title='bbox 2697 5610 2865 5663; x_wconf 65' lang='grc' dir='ltr'>ὅλον.</span> <span class='ocrx_word' id='word_1_817' title='bbox 2898 5608 2968 5661; x_wconf 86' lang='grc' dir='ltr'><em>Ἢ</em></span> <span class='ocrx_word' id='word_1_818' title='bbox 2998 5607 3188 5677; x_wconf 84' lang='grc' dir='ltr'>ὥσπερ</span> <span class='ocrx_word' id='word_1_819' title='bbox 3224 5602 3377 5681; x_wconf 77' lang='grc' dir='ltr'><strong>ἑὰνῇ</strong></span> <span class='ocrx_word' id='word_1_820' title='bbox 3409 5602 3665 5677; x_wconf 76' lang='grc' dir='ltr'>κρέα,καὶ</span> <span class='ocrx_word' id='word_1_821' title='bbox 3692 5598 3824 5651; x_wconf 69' lang='grc' dir='ltr'>πᾶσαν</span> 
     </span>
    </p>
   </div>
   <div class='ocr_carea' id='block_1_115' title="bbox 692 5785 3391 5860">
    <p class='ocr_par' dir='ltr' id='par_1_115' title="bbox 692 5785 3391 5860">
     <span class='ocr_line' id='line_1_115' title="bbox 692 5785 3391 5860; baseline 0.002 -21"><span class='ocrx_word' id='word_1_822' title='bbox 692 5785 986 5855; x_wconf 63' lang='lat' dir='ltr'><strong>“Philipp.</strong></span> <span class='ocrx_word' id='word_1_823' title='bbox 1024 5804 1103 5853; x_wconf 89' lang='grc' dir='ltr'>ιιι,</span> <span class='ocrx_word' id='word_1_824' title='bbox 1128 5787 1214 5842; x_wconf 74' lang='lat'><strong>&#39;20.</strong></span> <span class='ocrx_word' id='word_1_825' title='bbox 1296 5788 1381 5844; x_wconf 78' lang='grc'><strong>³⁸1</strong></span> <span class='ocrx_word' id='word_1_826' title='bbox 1412 5790 1539 5846; x_wconf 85' lang='lat' dir='ltr'><strong>Cor.</strong></span> <span class='ocrx_word' id='word_1_827' title='bbox 1576 5807 1647 5857; x_wconf 80' lang='lat' dir='ltr'><strong>vr,</strong></span> <span class='ocrx_word' id='word_1_828' title='bbox 1684 5791 1764 5847; x_wconf 85' lang='lat' dir='ltr'><strong>l7.</strong></span> <span class='ocrx_word' id='word_1_829' title='bbox 1843 5794 1931 5853; x_wconf 80' lang='lat'><strong>&quot;1</strong></span> <span class='ocrx_word' id='word_1_830' title='bbox 1960 5796 2085 5849; x_wconf 82' lang='lat' dir='ltr'><strong>Cor.</strong></span> <span class='ocrx_word' id='word_1_831' title='bbox 2123 5811 2239 5857; x_wconf 79' lang='lat' dir='ltr'><strong>xui,</strong></span> <span class='ocrx_word' id='word_1_832' title='bbox 2272 5796 2319 5849; x_wconf 87' lang='lat'><strong>7.</strong></span> <span class='ocrx_word' id='word_1_833' title='bbox 2399 5790 2442 5826; x_wconf 76' lang='grc'>³⁷</span> <span class='ocrx_word' id='word_1_834' title='bbox 2496 5794 2687 5855; x_wconf 78' lang='lat' dir='ltr'><strong>Matth.</strong></span> <span class='ocrx_word' id='word_1_835' title='bbox 2714 5809 2826 5860; x_wconf 77' lang='lat' dir='ltr'><strong>xm,</strong></span> <span class='ocrx_word' id='word_1_836' title='bbox 2854 5794 2952 5854; x_wconf 80' lang='lat'><strong>55;</strong></span> <span class='ocrx_word' id='word_1_837' title='bbox 2998 5792 3132 5847; x_wconf 83' lang='lat' dir='ltr'><strong>Luc.</strong></span> <span class='ocrx_word' id='word_1_838' title='bbox 3161 5806 3274 5852; x_wconf 75' lang='lat' dir='ltr'><strong>xm.</strong></span> <span class='ocrx_word' id='word_1_839' title='bbox 3304 5790 3391 5846; x_wconf 75' lang='lat'><strong>2!.</strong></span> 
     </span>
    </p>
   </div>
  </div>
