3966 6544
103 341 206 404 665
1292 336 1452 401 ΗΟΜ
1462 337 1659 400 ILUE.

1799 337 1983 401 110M.
2026 338 2232 402 XXIV.
3286 353 3393 418 ϐίϐ

104 457 207 525 μὲν
235 450 416 506 αὐτῶν
451 448 770 521 ἐπιμέλειαν
817 445 1113 523 ποιήσηταί
1157 467 1263 517 τις,
1314 450 1391 523 μὴ
1442 450 1603 522 άλίσῃ
1632 448 1691 502 δὲ

1799 451 2101 507 randarum
2134 454 2454 525 diligentem
2475 470 2665 514 curam
2696 462 2982 535 suscipiat,
3007 480 3117 525 non
3163 476 3388 533 condiat

100 549 265 603 ἅλατι
311 546 390 618 τῷ
428 544 538 598 τῶν
580 544 879 616 σκωλήκων
912 544 1264 616 ἀναιρετικῷ,
1294 543 1392 598 καὶ
1421 542 1690 606 δυσωδίας

1799 553 1982 600 autem
2019 547 2153 611 sale,
2181 548 2275 617 qui
2307 549 2359 604 vi
2393 566 2613 608 vermes
2648 553 3030 624 interimendi,
3052 571 3108 616 et
3153 579 3389 635 graveo-

100 636 469 711 άφανιστικῷ,
517 638 633 701 btet
661 640 757 693 καὶ
778 640 1063 708 σέσηπται
1099 637 1174 692 τὰ
1198 637 1363 710 κρέα,
1390 637 1485 691 καὶ
1513 637 1694 708 ἀχρήυ

102 748 241 803 σιμα
272 730 565 801 γεγένηται
598 731 714 794 τοῖς
756 729 1101 800 ἀνθρώποις·
1139 729 1232 783 τδν
1283 728 1448 783 αὐτὸν
1485 728 1690 800 τρόπον

97 822 307 876 ὑπόθου
344 840 435 892 μοι
464 823 645 876 πᾶσαν
674 820 773 893 τὴν
803 820 1202 894 ἀνθρωπότητα
1227 820 1395 895 κρέας
1424 815 1567 875 εἶναι
1595 821 1691 875 καὶ

97 916 323 986 ἄζυμα·
354 916 416 969 τὸ
440 915 497 968 δὲ
529 914 663 980 ἅλας
693 918 788 969 καὶ
821 914 882 969 τὸ
915 915 1218 986 προζύμιον
1244 915 1303 981 ἐξ
1333 914 1520 984 ἑτέρου
1551 913 1691 967 αίῶ-

96 1025 190 1071 νος
214 1007 325 1062 νόει
349 1008 446 1079 τὴν
474 1006 627 1062 θείαν
667 1006 831 1077 φύσιν
864 1006 959 1061 τοῦ
996 1006 1152 1075 άγιου
1184 1005 1521 1072 Πνεῦματος.
1564 1005 1693 1059 Ἐὰν

95 1096 195 1154 οὖν
244 1100 320 1174 μὴ
367 1102 532 1171 μιγῇ,
560 1101 655 1154 καὶ⁹
690 1098 859 1171 βληθῇ
888 1101 969 1161 είς
1007 1103 1106 1170 τὴν
1135 1098 1564 1153 ταπεινωθεῖσαν
1590 1100 1695 1168 φύ-

99 1209 190 1245 σιν
238 1192 345 1247 τῶν
390 1191 715 1263 ἀνθρώπων,
760 1191 820 1259 ἐξ
856 1191 1063 1246 ἐκείνου
1096 1190 1193 1246 τοῦ
1242 1190 1465 1254 αἰῶνος,
1494 1190 1593 1244 καὶ
1634 1189 1695 1254 ἐξ

100 1285 328 1357 ἐκείνης
378 1286 481 1356 τῆς
526 1284 786 1357 πατρίδος
816 1285 851 1356 ἡ
880 1283 1202 1355 ἐπουράνιος
1227 1281 1323 1337 τοῦ
1372 1280 1695 1352 Πνεύματος

99 1375 278 1447 ζύμη,
328 1376 423 1429 καλ⁸
462 1374 524 1428 τὸ
576 1373 783 1442 ἀγαθὸν
813 1374 912 1443 τῆς
956 1372 1212 1443 θεότητος
1241 1371 1397 1439 ἅγιον
1432 1370 1591 1435 ἃλας,
1630 1371 1691 1424 οὐ

101 1466 182 1538 μὴ
240 1466 551 1539 μεταλλαγῇ
594 1466 628 1536 ἡ
677 1463 824 1536 ψυχὴ
865 1464 975 1518 ἀπὸ
1010 1462 1111 1535 τῆς
1144 1463 1407 1527 δυσωδίας
1454 1464 1556 1535 τῆς
1598 1479 1698 1516 κα-

99 1560 255 1625 κίας,
286 1559 397 1613 οὐδ’
428 1560 492 1613 οὐ
527 1559 603 1630 μὴ
638 1558 866 1631 ζυμωθῇ
910 1557 1020 1611 ἀπ’)
1062 1557 1164 1627 τῆς
1223 1556 1550 1629 βαρύτητος,
1600 1555 1697 1611 καὶ

97 1649 443 1720 ἀζυμότητος
468 1647 568 1719 τῆς
591 1647 877 1718 πονηρίας.

172 1739 255 1795 Ε’.
286 1739 430 1793 Ὀσα
452 1739 563 1809 γάρ
593 1737 685 1809 ἀφ’
714 1737 915 1808 ἑαυτῆς
953 1737 987 1809 ὴ
1017 1736 1166 1811 ψυχὴ
1194 1737 1341 1792 δοκεῖ
1369 1738 1566 1804 ποιεῖν,
1596 1736 1694 1793 καὶ

98 1798 511 1901 ἐπιμελεῖσθαι,
532 1798 655 1883 ’καί
679 1798 1044 1900 ἐπιτηδεῠύείν,
1186 1828 1294 1900 ἰδία
1335 1798 1564 1899 δυνάμει
1596 1828 1693 1900 μό-
1720 1798 1769 1858 Β

98 1938 192 1975 νον
230 1919 624 1991 ἐπερειδομένη
654 1920 751 1974 καὶ
791 1918 1017 1990 οἰομένη
1063 1918 1325 1973 δύνασθαι
1350 1918 1566 1973 τελείαν
1592 1918 1692 1990 τὴν

97 2015 447 2087 κατόρθωσιν
504 2014 571 2069 δι’
636 2012 840 2085 ἑαυτῆς
896 2013 1027 2069 ἄνευ
1080 2012 1184 2082 τῆς
1245 2011 1567 2084 συνεργείας
1595 2010 1692 2066 τοῦ

100 2105 427 2178 Πνεῦματος
500 2103 974 2178 κατεργάσασθαι,
1033 2103 1170 2157 πολὺ
1253 2104 1546 2159 πλανᾶται.
1616 2102 1692 2157 Οὐ

98 2198 436 2270 χρησιμεύει
460 2196 571 2269 γάρ
601 2198 681 2261 είς
720 2196 847 2261 τοὺς
875 2195 1160 2267 οὐρανίους
1200 2195 1400 2260 τόπους
1416 2211 1431 2229 ’
1462 2196 1524 2249 οὐ
1553 2212 1693 2268 χρη·

100 2290 326 2362 σιμεὺει
375 2291 441 2361 τῇ
482 2288 733 2360 βασιλείᾳ
780 2288 816 2359 ἢ
850 2287 945 2357 ἀφ’
998 2286 1197 2358 ἑαυτῆς
1253 2286 1353 2341 καὶ
1386 2286 1454 2341 δι’
1490 2287 1692 2358 ἑαυτῆς

105 2382 299 2452 μόνον,
320 2381 447 2435 ἄνευ
469 2379 563 2434 τοῦ
595 2378 936 2450 Πνεῦματος,
962 2378 1182 2449 οίομένη
1211 2377 1310 2450 τὴν
1350 2377 1564 2433 τελείαν
1590 2396 1692 2433 κα-

100 2474 390 2546 θαρότητα
428 2470 798 2543 κατορθῶσαι.
844 2471 971 2526 Ἐὰν
1007 2469 1117 2542 γὰρ
1168 2469 1244 2542 μὴ
1300 2470 1580 2543 προσέλθῃ
1616 2471 1694 2544 τῷ

98 2566 223 2638 Θεῷ
252 2566 282 2618 ὁ
324 2564 429 2620 ὑπὸ
456 2563 566 2617 τῶν
598 2562 789 2618 παθῶν
820 2562 1212 2634 ἐνεργούμενος
1256 2564 1563 2636 ἄνθρωπος,
1595 2566 1696 2638 ἀρ-

98 2659 413 2729 νησάμενος
441 2655 535 2710 τὸν
570 2655 796 2727 κόσμον,
843 2657 938 2709 καὶ
972 2657 1241 2730 πιστεύσῃ
1281 2659 1342 2712 ὲν
1389 2658 1567 2712 ἐλπίδι
1594 2658 1694 2712 καὶ

100 2750 357 2820 ὑπομονῇ
379 2747 634 2816 δέξασθαι
661 2746 809 2812 ξένον
829 2765 881 2801 τι
911 2751 1011 2819 τῆς
1043 2749 1177 2813 ίδίας
1208 2751 1421 2819 φύσεως
1468 2749 1693 2819 ἀγαθὸν,

98 2843 242 2914 ὅπερ
288 2843 442 2895 ἐστὶν
490 2843 526 2912 ἡ
576 2839 807 2911 δύναμις
852 2840 950 2894 τοῦ
998 2841 1156 2911 ἁγίου
1210 2842 1547 2913 Πνεῦματος,
1601 2843 1697 2898 καὶ

100 2931 345 3007 ἐνστάξῃ
366 2936 435 3005 τῇ
464 2933 608 3004 ψυχῇ
640 2932 846 2987 ἀνωθεν
870 2933 899 2985 ὁ
922 2933 1128 3004 Κύριος
1152 2933 1299 3005 ζωὴν
1324 2934 1599 3006 θεότητος,
1631 2936 1695 2990 οὐ

103 3027 182 3098 μὴ
215 3027 476 3098 αἴσθηται
507 3027 653 3097 ζωῆς
690 3025 949 3098 ἀληθινῆς
985 3027 1014 3079 ὁ
1039 3027 1300 3094 τοιοῦτος,
1353 3028 1463 3083 οὐδ’
1509 3029 1571 3083 οὐ
1619 3029 1696 3101 μὴ

1794 636 2021 692 tentiam
2062 639 2319 695 abolendi
2356 642 2521 710 valet,
2556 645 2663 701 illa:
2715 662 2914 705 carnes
2939 654 3182 721 graviter
3210 657 3385 725 olent,

1792 740 1858 783 ac
1892 728 2220 799 putreﬂnnt,
2251 740 2419 803 atque
2467 734 2695 792 inutiles
2731 738 3048 797 hominibus
3093 743 3261 803 ﬁunt:
3291 763 3385 804 eo-

1793 819 1919 876 dem
1982 823 2189 890 modo,
2253 836 2462 883 statuas
2517 830 2654 884 mihi
2709 847 2927 888 omnem
2980 836 3381 897 humanitatem

1793 926 2016 967 carnem
2052 930 2194 983 esse,
2230 930 2327 973 aut
2357 935 2592 976 massam
2618 922 2877 981 fermenti
2920 937 3239 999 expertem;
3297 933 3378 989 sal

1795 1009 1979 1054 autem
2001 1017 2066 1056 ac
2086 1002 2419 1060 fermentum
2436 1024 2503 1063 ex
2523 1011 2700 1066 altero
2720 1016 2920 1069 saeculo
2942 1017 3218 1089 intelligas
3236 1036 3381 1088 esse,

1795 1086 2038 1143 divinam
2064 1090 2279 1146 scilicet
2308 1105 2561 1151 naturam
2591 1097 2831 1168 Spiritus
2861 1105 3057 1160 sancti.
3090 1086 3208 1162 Nisi
3244 1086 3381 1179 ergo

1794 1178 2122 1246 permistum
2176 1189 2234 1236 et
2261 1182 2568 1241 immissum
2599 1187 2769 1246 fuerit
2798 1191 2852 1246 in
2895 1194 3240 1253 humiliatam
3281 1178 3384 1255 na-

1797 1277 1975 1324 turam
2004 1272 2293 1329 hominum
2327 1291 2395 1332 ex
2429 1278 2524 1333 illo
2561 1282 2785 1347 saeculo,
2818 1293 2875 1338 et
2927 1300 2996 1341 ex
3040 1287 3132 1343 illa
3178 1292 3382 1361 patria,

1795 1362 2019 1420 caeleste
2042 1364 2284 1437 Spiritus
2309 1368 2668 1439 fermentum,
2704 1384 3069 1448 sanctumque
3090 1397 3153 1435 ae
3175 1384 3385 1439 bonum

1795 1452 2104 1515 divinitatis
2154 1461 2273 1527 sal,
2316 1477 2429 1518 non
2481 1474 2647 1521 exuet
2700 1467 2884 1523 anima
2947 1474 3379 1541 graveolentiam

1797 1545 2044 1613 malitiae,
2081 1565 2183 1606 nec
2218 1550 2668 1623 fermentabitur,
2710 1558 2787 1615 ita
2832 1568 2895 1615 ut
2930 1561 3170 1633 deponat
3195 1568 3381 1637 gravi-

1796 1644 1990 1709 tatem,
2019 1650 2076 1697 et
2103 1659 2279 1701 vacua
2304 1647 2377 1704 sit
2398 1664 2430 1703 a
2461 1649 2735 1708 fermento
2758 1654 3006 1712 malitiae.

1872 1733 1937 1793 γ.
1976 1738 2329 1809 Quaecunque
2355 1742 2501 1797 enim
2528 1744 2751 1800 videtur
2774 1747 2956 1803 anima
2982 1764 3083 1819 per
3106 1766 3166 1807 se
3189 1768 3376 1823 agere,

1794 1831 2085 1888 elaborare
2129 1842 2295 1904 atque
2330 1836 2625 1905 perlicere,
2658 1838 2793 1894 solis
2821 1840 3037 1896 viribus
3067 1844 3183 1900 suis
3216 1844 3377 1912 freta,

1794 1932 1852 1980 et
1882 1924 2209 1980 existimans
2238 1940 2297 1980 se
2323 1940 2486 1996 posse
2516 1929 2825 1997 perfectum
2860 1948 3002 2004 opus
3050 1951 3081 1990 a
3129 1951 3188 1991 se
3238 1938 3376 2008 ipsa,

1794 2013 2003 2084 absque
2024 2013 2231 2069 auxilio
2255 2012 2496 2084 Spiritus
2520 2032 2809 2089 peragere,
2831 2028 2949 2076 toto
2970 2024 3113 2079 cmlo
3134 2025 3378 2083 aberrat.

1793 2106 1914 2163 Non
1938 2107 2087 2162 enim
2124 2107 2324 2164 idonea
2356 2118 2444 2165 est
2472 2110 2538 2165 ad
2571 2111 2723 2167 locos
2742 2114 3022 2181 cmlestes,
3054 2133 3157 2173 nec
3183 2119 3381 2176 idonea

1795 2199 1867 2256 ad
1897 2216 2152 2271 regnum,
2182 2217 2306 2272 quae
2333 2218 2365 2257 a
2395 2218 2454 2258 se
2480 2204 2619 2274 ipsa,
2646 2214 2702 2260 et
2727 2222 2826 2277 per
2854 2222 2913 2263 se
2944 2210 3141 2274 solam,
3172 2212 3383 2287 absque

1797 2292 2008 2364 Spiritu
2042 2304 2255 2362 sanctp,
2285 2296 2565 2352 existimat
2595 2298 2895 2369 perfectam
2933 2304 3232 2374 puritatem
3266 2307 3384 2362 eili-

1796 2401 1943 2443 cere.
1978 2388 2095 2444 Nisi
2133 2390 2282 2444 enim
2312 2390 2382 2446 ad
2423 2390 2592 2447 Deum
2627 2396 2949 2461 accesserit,
2981 2398 3075 2467 qui
3128 2399 3380 2455 affectio-

1795 2478 1963 2535 nibus
1994 2480 2255 2552 allligitur
2284 2482 2470 2547 homo,
2504 2492 2561 2538 et
2597 2486 2862 2540 mundum
2899 2488 3275 2561 abnegaverit,
3317 2509 3384 2549 ac

1797 2570 1855 2626 in
1878 2588 1975 2643 spe
1991 2589 2055 2628 ac
2080 2575 2345 2644 patientia
2369 2576 2694 2643 crediderit,
2717 2594 2776 2634 se
2794 2591 3181 2651 suscepturum
3205 2587 3384 2655 quod-

1798 2662 1925 2717 dam
1954 2663 2160 2718 bonum
2196 2666 2343 2719 aliud
2370 2683 2399 2720 a
2449 2682 2547 2720 sua
2596 2677 2817 2733 natura,
2876 2671 3022 2740 quod
3079 2681 3164 2727 est
3205 2677 3385 2730 virtus

1800 2756 1976 2811 sancti
2011 2755 2281 2825 Spiritus;
2313 2773 2377 2813 ac
2408 2758 2650 2829 desuper
2674 2760 3025 2817 instillaverit
3055 2766 3251 2820 animae
3280 2767 3382 2821 Do-

1797 2848 1984 2903 minus
2009 2850 2180 2903 vitam
2213 2849 2481 2916 divinam,
2527 2852 2578 2907 is
2622 2868 2969 2924 nequaquam
3000 2875 3184 2914 veram
3211 2861 3381 2916 vitam

1797 2940 2089 3010 percipiet,
2118 2957 2299 3012 neque
2340 2943 2630 3013 resipiscet
2658 2946 2727 3000 ab
2784 2948 3054 3006 ebrietate
3107 2954 3380 3023 materiae,

1797 3045 1901 3087 nec
1930 3031 2162 3103 fulgebit
2192 3034 2458 3103 splendor
2504 3034 2751 3105 Spiritus
2801 3038 2857 3094 in
2913 3043 3097 3097 anima
3148 3043 3382 3100 obterue-

100 3118 362 3191 ἀνανήψη
402 3122 467 3173 ὲκ
518 3121 617 3190 τῆς
669 3118 841 3192 μέθης
898 3118 999 3192 τῆς
1050 3118 1206 3191 ὕλης,
1255 3121 1317 3177 οὐ
1375 3122 1449 3193 μὴ
1480 3122 1695 3196 αὑγάσῃ

1799 3122 1979 3189 brata,
2012 3136 2109 3179 aut
2139 3126 2476 3183 illuminabit
2500 3129 2556 3185 in
2589 3147 2654 3186 ea
2684 3142 2930 3187 sanctam
2980 3134 3151 3200 diem,
3206 3151 3309 3192 nec
3349 3154 3382 3193 a

103 3210 391 3281 φωτισμὸς
420 3208 516 3264 τοῦ
568 3208 887 3281 Πνεῦματος
928 3211 987 3263 ὲν
1025 3212 1093 3281 τῇ
1126 3211 1486 3284 ὲσκοτισμένῃ
1519 3211 1689 3285 ψυχῇ,

101 3303 199 3355 καὶ
222 3302 422 3375 λάμψη
449 3304 507 3358 ὲν
536 3303 674 3375 αὐτῇ
710 3301 924 3373 ἡμέραν
952 3300 1134 3372 ἁγίαν.
1178 3302 1274 3357 καὶ
1304 3304 1371 3358 ὲκ
1400 3304 1495 3359 τοῦ
1524 3304 1696 3376 βαθυ-

103 3396 271 3450 τάτου
306 3395 480 3449 ὕπνου
521 3395 619 3467 τῆς
656 3395 879 3465 ἀγνοίας
912 3393 1234 3467 ὲξυπνισθῇ,
1284 3397 1382 3450 καὶ
1430 3394 1605 3461 οὕτως
1634 3396 1696 3466 ἐξ

102 3487 373 3559 ἀληθείας
400 3487 606 3559 ὲπιγνῷ
642 3486 776 3541 Θεὸν
802 3487 891 3542 διὰ
914 3486 1196 3559 δυνάμεως
1219 3486 1379 3553 Θεοῦ,
1409 3489 1506 3541 καὶ
1539 3491 1693 3560 ὲνερ-

102 3582 262 3649 γείας
288 3582 535 3652 χάριτος.

174 3674 272 3741 ς’.
326 3671 457 3725 Ἐάν
502 3670 612 3743 γάρ
646 3669 723 3743 μὴ
777 3668 952 3735 οὕτως
1004 3667 1314 3743 καταξιωθῇ
1347 3672 1376 3725 ὁ
1407 3671 1696 3744 ἄνθρωπος

102 3762 190 3816 διὰ
218 3764 325 3833 τῆς
358 3762 595 3825 πίστεως
622 3760 718 3815 τοῦ
762 3761 948 3815 λαϐεῖν
972 3762 1155 3833 χάριν,
1183 3764 1277 3817 καὶ
1318 3763 1694 3834 ἀνεπιτήδειος

102 3853 197 3905 καὶ
224 3851 522 3917 ἀνεύθετὸς
552 3855 668 3906 ἐστι
696 3856 762 3924 τῇ
788 3852 1061 3925 βασιλείᾳ·
1090 3855 1184 3907 καὶ
1212 3853 1374 3908 πάλιν
1400 3854 1696 3925 δεξάμενος

100 3943 198 4015 τὴν
232 3944 403 4015 χάριν
443 3943 537 3997 τοῦ
580 3944 900 4015 Πνεῦματος
928 3946 986 3998 ὲν
1039 3944 1228 4016 μηδενὶ
1273 3946 1695 4017 παρατρεπόμε-

100 4054 214 4101 νος,
263 4036 368 4090 καὶ
412 4037 513 4102 τὴν
555 4040 717 4108 χάριν
747 4036 822 4108 μὴ
855 4036 1156 4107 ἐνυϐρίζων
1183 4036 1251 4091 δι’
1279 4037 1544 4108 ἀμελείας
1597 4039 1694 4092 καὶ

100 4128 521 4201 κακοπραγίας,
552 4130 645 4183 καὶ
673 4128 845 4194 οὕτως
883 4129 976 4183 επὶ
1026 4129 1240 4201 χρόνοις
1284 4131 1695 4201 ἀγωνισάμενος

103 4226 180 4295 μὴ
202 4216 445 4294 λυπήσῃ
480 4222 541 4275 τὸ
573 4221 819 4293 Πνεῦμα,
849 4222 1140 4294 δυνήσεται
1164 4223 1263 4293 τῆς
1294 4223 1517 4277 αἰωνίου
1548 4222 1695 4296 ζωῆς

98 4315 416 4384 ἐπιτυχεῖν.
468 4313 679 4383 Ὥσπερ
728 4312 839 4384 γάρ
895 4329 980 4377 τις
1040 4312 1356 4369 αἰσθάνεται
1382 4314 1494 4369 τῶν
1542 4317 1697 4386 ὲνερ-

1798 3227 1996 3268 somno
2041 3215 2477 3284 profundissimo
2531 3219 2855 3291 ignorantia:
2914 3224 3270 3291 excitabitur,
3321 3238 3381 3281 nt

1797 3302 1905 3359 hoc
1949 3305 2113 3359 modo
2167 3322 2361 3361 revera
2411 3308 2585 3364 Deum
2619 3324 2918 3382 cognoscat
2957 3329 3060 3382 per
3117 3315 3379 3372 virtutem

1795 3395 1894 3453 Dei
1920 3404 1978 3452 et
2009 3397 2307 3454 eﬂicaciam
2332 3400 2542 3472 gratias.

1864 3680 1953 3737 VI.
1985 3681 2101 3736 Nisi
2122 3681 2270 3737 enim
2288 3682 2367 3739 sic
2388 3683 2588 3756 dignus
2603 3686 2879 3743 habeatur
2902 3688 3068 3744 homo
3090 3706 3187 3761 per
3211 3691 3373 3746 Iidem

1795 3772 2027 3843 gratiam
2058 3776 2346 3844 consequi,
2371 3777 2586 3833 inutilis
2614 3789 2725 3843 est,
2755 3795 2858 3835 nec
2882 3792 3044 3851 aptus
3064 3782 3130 3836 ad
3150 3798 3379 3854 regnum

1796 3866 1916 3921 Dei.
1966 3867 2208 3923 Rursum
2261 3886 2419 3933 vero,
2475 3873 2569 3942 qui
2629 3884 2962 3930 consecutus
3008 3887 3093 3932 est
3150 3880 3379 3949 gratiam

1798 3956 2054 4028 Spiritus,
2085 3975 2188 4016 nec
2217 3961 2324 4015 ulla
2350 3972 2506 4032 parte
2533 3980 2761 4020 aversus
2784 3968 3017 4037 gratiam
3046 3973 3380 4025 contumelia

1797 4049 1965 4106 allicit
1998 4067 2098 4122 per
2122 4054 2517 4125 negligentiam
2575 4065 2670 4111 aut
2714 4058 2978 4113 delictum
3009 4070 3100 4115 :et
3144 4063 3225 4116 sic
3283 4066 3379 4134 qui

1798 4146 1997 4216 quovis
2032 4154 2275 4217 tempore
2316 4146 2588 4204 dimicans
2624 4165 2733 4204 non
2765 4152 3059 4207 contristat
3089 4153 3378 4224 Spiritum,

1795 4238 1999 4308 poterit
2022 4247 2245 4294 aeternae
2266 4239 2390 4295 vita:
2416 4242 2692 4311 particeps
2728 4242 2868 4297 fieri.
2904 4243 3379 4310 Quemadmodum

1796 4327 1946 4384 enim
1973 4328 2099 4398 quis
2130 4328 2667 4399 sentitoperationes
2712 4331 2942 4387 malitia:
2980 4348 3047 4387 ex
3088 4333 3222 4403 ipsis
3250 4334 3384 4388 σίτοι-

99 4407 271 4476 γειῶν
301 4405 410 4476 τῆς
439 4406 650 4468 κακίας
686 4406 751 4459 ὲκ
798 4403 907 4459 τῶν
948 4405 1161 4473 παθῶν,
1202 4405 1345 4476 λέγω
1371 4406 1568 4478 θυμοῦ,
1598 4408 1695 4462 καὶ

1799 4419 2102 4484 ctionibus,
2152 4420 2249 4484 ita,
2307 4421 2562 4490 inquam,
2612 4422 3095 4492 concupiscentia,
3151 4425 3379 4492 invidia,

99 4497 439 4568 ἐπιθυμίας,
487 4497 583 4550 καὶ
635 4495 856 4567 φθόνου,
895 4499 990 4551 καὶ
1029 4496 1251 4569 βάρους,
1306 4500 1400 4553 καὶ
1442 4502 1695 4572 πονηρῶν

1804 4522 2029 4582 torpore
2073 4528 2139 4567 ac
2165 4511 2350 4583 pravis
2366 4486 2819 4584 cogitationibus,
2852 4524 2908 4568 et
2933 4516 3162 4586 reliquis
3184 4517 3381 4571 absur-

97 4590 415 4662 λογισμῶν,
450 4590 544 4643 καὶ
590 4590 700 4643 τῶν
728 4591 933 4644 λοιπῶν
971 4592 1341 4663 ἀτοπημάτων
1365 4610 1379 4625 ⁸
1412 4595 1586 4662 οὕτως
1612 4599 1699 4652 αί-

98 4680 407 4735 σθάνεσθαι
431 4680 635 4748 ὀφείλει
655 4682 754 4753 τῆς
781 4682 1001 4753 χάριτος
1025 4684 1119 4737 καὶ
1141 4684 1426 4755 δυνάμεως
1444 4687 1539 4741 τοῦ
1561 4687 1697 4743 Θεοῦ

97 4775 155 4827 ἐν
181 4776 311 4836 ταῖς
362 4771 606 4843 ἀρεταῖς,
653 4773 847 4846 ἀγάπῃ
895 4773 1061 4842 λέγω,
1093 4775 1189 4829 καὶ
1217 4779 1565 4850 χρηστότητι,
1603 4781 1700 4834 καὶ

97 4866 268 4936 χαρᾷ,
328 4865 429 4916 καὶ
469 4864 820 4935 ἐλαφρότητι,
854 4874 972 4920 .xat
1027 4866 1350 4935 ἀγαλλιάσει
1405 4869 1549 4944 θείᾳ,
1608 4873 1695 4929 ῐνα

97 4954 518 5026 ὲξομοιωθῆναι
551 4955 778 5028 δυνηθῇ,
825 4957 921 5012 καὶ
965 4961 1411 5032 συγκερασθῆναι
1447 4966 1515 5035 τῇ
1560 4965 1701 5034 ἀγα.

98 5051 164 5120 θῇ
203 5049 307 5102 καὶ
354 5046 476 5118 θείᾳ
524 5045 709 5116 φύσει,
768 5049 863 5101 καὶ
912 5050 980 5119 τῇ
1029 5053 1240 5122 χρηστῇ
1294 5053 1390 5105 καὶ
1437 5053 1571 5124 ἁγίᾳ
1599 5055 1701 5127 τῆς

99 5142 340 5212 χάριτος
418 5139 673 5212 ἐνεργείᾳ
693 5156 707 5170 ’
740 5140 882 5193 κατά
910 5142 1193 5213 προκοπὴν
1238 5142 1296 5196 δὲ
1326 5144 1424 5199 καὶ
1470 5144 1701 5218 αῦξησιν

97 5226 521 5300 δοκιμαζομένη
553 5230 770 5301 χρόνοις
806 5230 900 5283 καὶ
941 5234 1151 5301 καιροῖς
1183 5235 1218 5305 η
1256 5235 1597 5308 προαίρεσις,
1650 5239 1700 5293 εί

103 5319 435 5373 συνενοῦται
466 5319 699 5374 πάντοτε
742 5323 808 5392 τῇ
849 5323 1051 5393 χάριτι,
1084 5325 1179 5378 καὶ
1217 5325 1513 5398 εὐάρεστος
1548 5331 1699 5402 εὑρί-

104 5428 332 5475 σκεται,
370 5402 582 5477 γίνεται
614 5412 711 5483 ὅλη
738 5411 798 5478 ἐξ
820 5414 942 5468 ὅλου
968 5415 1109 5469 κατά
1140 5420 1425 5490 προκοπὴν
1441 5422 1500 5474 ὲν
1530 5422 1701 5476 Ilvati-

105 5521 265 5573 ματι,
310 5504 413 5557 καὶ
444 5503 587 5557 οὕτω
620 5504 810 5559 λοιπὸν
851 5506 986 5576 ἀγία
1034 5508 1132 5562 καὶ
1188 5510 1408 5584 καθαρά
1462 5513 1549 5569 διὰ
1603 5515 1698 5570 τοῦ

104 5589 442 5665 Πνεύματος
481 5593 895 5665 ὲξεργασθείσα,
939 5597 1040 5668 τῆς
1060 5597 1340 5670 βασιλείας
1390 5601 1518 5668 ἀξία
1572 5605 1704 5660 καθ-

106 5686 355 5738 ίσταται.
389 5682 531 5749 Δόξα
566 5685 662 5739 καὶ
692 5686 1067 5758 προσκύνησις
1117 5687 1196 5760 τῷ
1210 5691 1475 5765 ,ἀχράντῳ
1500 5694 1696 5767 Πατρὶ,

105 5777 201 5829 καὶ
234 5776 379 5847 Υίῴ,
408 5776 506 5831 καὶ
526 5777 665 5849 ἁγίῳ
693 5778 1000 5851 Πνεῦματι,
1017 5782 1098 5846 είς
1124 5784 1252 5852 τοὺς
1277 5784 1500 5851 αίῶνας.
1520 5788 1712 5863 Ἀμήν.

1801 4604 2068 4658 ditatibus
2118 4622 2132 4658 :
2184 4604 2266 4659 sic
2310 4605 2520 4659 sentire
2570 4621 2793 4676 quoque
2843 4606 3009 4662 debet
3056 4609 3286 4678 gratiam
3327 4618 3385 4664 et

1799 4696 2065 4751 virtutem
2110 4696 2206 4751 Dei
2263 4696 2319 4751 in
2367 4697 2693 4763 virtutibus,
2746 4697 3069 4765 dilectione,
3136 4700 3383 4770 inquam,

1800 4789 2162 4860 benignitate,
2208 4788 2473 4855 bonitate,
2520 4791 2745 4861 gaudio,
2784 4791 3138 4861 simplicitate
3194 4802 3250 4848 et
3288 4808 3386 4847 ex-

1802 4883 2100 4939 sultatione
2139 4882 2345 4949 divina,
2400 4892 2464 4938 ut
2509 4883 2804 4939 assimilari
2840 4885 3016 4954 possit
3072 4901 3137 4940 ac
3174 4888 3383 4955 permi-

1798 4974 2092 5030 scericum
2128 4974 2273 5029 bona
2332 4989 2397 5030 ac
2444 4975 2630 5033 divina
2688 4990 2908 5043 natura,
2952 4993 3079 5032 cum
3144 4979 3381 5049 benigna

1797 5080 1862 5120 ac
1878 5073 2065 5120 sancta
2086 5065 2273 5134 gratia:
2292 5064 2550 5121 eﬂicacia.
2584 5067 2825 5122 Intentio
2846 5083 2979 5123 vero
2997 5067 3246 5139 profectu
3271 5070 3377 5140 91

1797 5171 1862 5212 ac
1892 5156 2234 5212 incremento
2266 5157 2495 5228 probata
2553 5160 2819 5229 temporis
2857 5176 3139 5226 successu,
3172 5171 3229 5219 et
3284 5179 3383 5233 op-

1798 5250 2160 5320 portunitate.
2188 5249 2233 5305 si
2257 5251 2450 5322 gratiae
2484 5265 2702 5321 semper
2725 5251 2877 5309 unita
2900 5262 2955 5308 et
2978 5262 3131 5325 grata
3156 5254 3379 5312 inventa

1802 5339 1993 5405 fuerit,
2025 5350 2139 5397 tota
2172 5356 2405 5413 prorsus
2443 5343 2825 5413 promovendo
2863 5342 2922 5398 ﬁt
2950 5345 3273 5415 spiritualis,
3316 5363 3380 5403 ac

1803 5430 2091 5502 deinceps,
2116 5442 2304 5488 sancta
2323 5441 2379 5487 et
2396 5448 2534 5504 pura
2550 5449 2649 5504 per
2675 5433 2940 5504 Spiritum
2966 5435 3180 5502 eﬂ‘ecta,
3211 5452 3381 5507 regno

1802 5522 1969 5595 digna
1997 5522 2252 5579 efﬁcitur.
2308 5523 2497 5581 Gloria
2550 5534 2606 5580 et
2653 5524 2902 5581 adoratio
2948 5527 3381 5583 incontaminato

1802 5615 1994 5681 Patri,
2050 5625 2108 5674 et
2160 5618 2341 5686 Filio,
2388 5628 2444 5674 et
2499 5617 2730 5689 Spiritui
2789 5628 3001 5690 sancto,
3049 5619 3105 5676 in
3157 5620 3379 5677 saecula.

1801 5703 1999 5764 Amen.
