3966 6564
601 334 709 396 667

1147 437 1431 496 HOMILIA
1467 442 1630 497 XXV.
2204 450 2253 503 Δ

1874 332 1934 390 S.
1965 326 2283 389 MACARII
2322 325 2643 389 Δεογρτιι

3731 334 3817 397 ὓ68

2842 441 3085 497 ΟΜΙΛΙΑ
3122 441 3252 496 KE'.

606 530 762 584 Docet
790 530 899 617 lu‘rc
930 531 1170 595 homilia,
1199 532 1407 617 nullum
1445 534 1739 614 Ιιοηιζηεξρη,⁸
1757 533 1857 586 nisi
1894 550 1926 587 a
1973 531 2183 587 Christo

2306 531 2758 617 lebdo'xet‘at‘irn
2806 536 2843 617 τὶ
2880 537 3113 617 ρμιιιία,
3150 535 3240 616 ὅτι
3269 533 3464 617 9336544-
3500 535 3820 617 ῥνθρριων,

673 600 1092 664 corroboratum,
1134 601 1392 655 scandala
1435 603 1739 672 nequissimi
1770 618 2024 671 superare
2066 618 2185 672 pos-

672 686 774 725 se:
805 680 853 743 et
883 671 1128 743 quid‘iis,
1187 672 1275 739 qui
1329 672 1561 724 divinam
1608 671 1836 741 gloriam
1876 671 2181 743 appetunt,

674 739 957 810 agendum.
1010 739 1168 793 Docet
1212 756 1448 809 quoque,
1493 739 1731 810 nos'per
1776 739 2183 795 inobedientiam

673 811 803 864 Atla:
826 811 893 863 ad
916 810 1230 881 servitutem
1249 811 1426 881 carnis
1460 810 1696 881 redactos
1722 826 1852 874 esse,
1883 828 1917 864 a
1954 828 2061 881 qua
2090 827 2185 880 per

677 882 984 950 mysterium
1008 880 1180 950 crucis
1213 879 1524 932 liberamur.
1562 879 1789 933 Instruit
1815 879 2040 950 denique
2067 879 2181 946 nos,

677 949 929 1030 magnam
952 964 1061 1002 esse
1092 949 1479 1018 lacrymarum,
1522 958 1572 1002 et
1624 951 1760 1019 ignis
1803 949 1966 1004 divini
2010 952 2183 1020 efﬁca-

676 1036 837 1073 ctam.

676 1206 718 1261 Ι.
760 1205 976 1273 Quibus
1005 1206 1153 1261 inest
1180 1206 1368 1262 divina
1412 1208 1522 1272 lex,
1584 1225 1694 1263 non
1737 1216 2063 1271 atramento,
2091 1215 2187 1262 aut

607 1296 812 1352 litteris
854 1298 1077 1367 scripta,
1154 1299 1247 1353 sed
1283 1300 1337 1352 in
1368 1301 1629 1354 cordibus
1658 1300 1871 1354 carneis
1923 1301 2182 1369 plantata,

614 1389 671 1442 bi
705 1390 884 1443 oculis
921 1388 1235 1444 intellectus
1270 1390 1584 1453 illmninati,
1623 1400 1999 1461 perpetuoque
2038 1390 2185 1445 desi-

614 1480 775 1535 derio
815 1480 961 1551 capti
1005 1496 1115 1537 non
1151 1482 1430 1537 sensibilis
1470 1493 1565 1536 aut
1614 1482 1847 1535 visibilis
1900 1480 2038 1550 spei,
2091 1480 2187 1535 sed

615 1574 916 1629 invisibilis
971 1582 1032 1630 et
1091 1574 1499 1639 intellectualis,
1550 1589 1812 1644 superare
1864 1574 2187 1644 nequissimi

613 1665 873 1720 scandala
906 1675 1163 1736 possunt,
1218 1681 1317 1736 per
1368 1666 1626 1720 invictam
1664 1676 1844 1720 tamen
1899 1666 2184 1722 virtutem.

2360 607 2413 658 ει
2444 605 2530 672 μὴ
2561 605 2933 672 δυναμωθεὶς
2977 605 3096 660 ὑπὸ
3129 606 3235 659 τοῦ
3274 606 3554 672 Χριστοῦ,
3603 605 3705 662 τοῦ
3736 605 3822 667 xc;

2356 674 2544 744 νηροῦ
2576 672 2941 744 σκανδάλων
2981 677 3388 743 περιγίνεσθαι
3411 678 3611 744 ἰσχύει
3631 695 3646 709 ο
3674 682 3759 734 καί
3782 686 3826 739 τί

2354 742 2448 797 δεῖ
2473 746 2615 815 τοὺς
2655 743 2772 815 τῆς
2818 744 2980 810 θείας
3004 742 3199 815 δόξὴς
3251 742 3647 815 ὀρεγομένους
3672 750 3826 815 κράτ.

2355 830 2504 891 τειν·Ζ
2528 813 2805 891 Διδάσκει
2838 815 2957 891 θεαὶ,
2988 814 3077 868 ὅτι
3097 815 3193 891 διὰ
3215 814 3521 891 παρακοῆς
3545 813 3652 891 τοῦ
3676 813 3829 891 Ἀδὰμ

2356 883 2760 957 ειςδουαιείαν
2790 883 2913 957 ,τῆς
2946 884 3172 957 σαρκὸς
3214 884 3418 957 παθῶν
3456 883 3825 957 κατήλθομεή

2356 955 2457 1023 ἀφ’
2480 949 2555 1023 ἧς
2585 953 2817 1025 dicitur?
2845 949 2915 1006 ἐν
2960 949 3038 1018 τῷ
3073 954 3321 1021 σταυρῷ
3354 949 3831 1025 ,μυστηρίουρώ

2350 1022 2527 1094 pelia}
2566 1022 2837 1077 Παιδεύει
2878 1024 3097 1094 λοιπὸν
3125 1025 3304 1093 ἡμᾶς,
3338 1024 3423 1077 ὅτι
3452 1026 3686 1094 μεγάλη
3724 1022 3831 1084 ἐστι

2355 1093 2473 1147 τῶν
2498 1093 2776 1162 δακρύων
2804 1093 2903 1148 καὶ
2938 1094 3046 1147 τοῦ
3073 1097 3232 1148 θείου
3261 1093 3462 1162 πυρὸς-⁷
3485 1094 3749 1166 δύναμις.

2357 1213 2438 1265 A'.
2480 1205 2575 1272 Οἷς
2632 1209 2925 1281 ἐνυπάρχει
2970 1211 3000 1264 ὁ
3050 1210 3193 1275 θεῖος
3241 1212 3401 1283 νόμος
3444 1211 3549 1265 οὐκ
3586 1212 3644 1265 ἐν
3673 1214 3832 1284 μέλανι

2287 1303 2382 1357 καὶ
2429 1303 2751 1373 γράμμασιν
2799 1303 3270 1375 ἐγγεγραμμένος,
3328 1304 3446 1358 ἀλλ’
3512 1306 3574 1358 ἐν
3624 1307 3835 1377 καρδίαις

2289 1392 2573 1464 σαρκίναις
2613 1392 3118 1464 ἐμπεφυτευμένος,
3162 1389 3307 1449 οὗτοι
3343 1396 3471 1459 τοὺς
3501 1395 3604 1465 τῆς
3635 1396 3835 1463 διανοίας

2287 1484 2598 1554 ὀφθαλμοὺς
2634 1484 3016 1553 φωτισθέντες,
3052 1484 3147 1538 καὶ
3191 1485 3279 1537 ἀεὶ
3303 1484 3651 1556 ὀρεγόμενοι,
3684 1489 3738 1541 οὐ
3760 1488 3836 1560 τῆς

2289 1577 2555 1648 αἰσθητῆς
2591 1577 2686 1630 καὶ
2729 1576 3067 1647 βλεπομένης
3116 1576 3350 1642 ἐλπίδος,
3388 1578 3530 1631 ἀλλὰ
3576 1583 3675 1649 τῆς
3704 1580 3837 1651 ἀορά-

2289 1688 2380 1724 του
2411 1671 2505 1723 καὶ
2534 1668 2748 1738 νοητῆς,
2779 1668 3153 1737 περιγίνεσθαι
3180 1668 3289 1723 τῶν
3317 1669 3410 1722 τοῦ
3434 1670 3678 1742 πονηροῦ
3704 1690 3834 1727 σκαν-

612 1759 716 1824 Qui
747 1773 882 1812 vero
914 1757 1087 1812 verbo
1108 1758 1199 1812 Dei
1216 1758 1395 1812 ornati
1416 1774 1524 1812 non
1551 1767 1700 1825 sunt,
1729 1773 1831 1812 nec
1854 1757 2040 1813 divina
2069 1758 2186 1829 lege

2306 1763 2463 1817 Ξάλων
2509 1760 2806 1845 ἰσχύουσιν,
2851 1760 2966 1816 ἀλλ’
2999 1763 3063 1814 ἐκ
3111 1762 3211 1831 τῆς
3257 1761 3539 1834 ἀηττήτου
3571 1763 3833 1833 δυνάμεως,

615 1848 872 1912 instituti,
898 1847 1099 1901 frustra
1120 1846 1313 1913 inﬂati,
1345 1847 1659 1901 existimant
1682 1864 1749 1903 ex
1769 1850 1993 1918 proprio
2016 1849 2191 1905 libero

2306 1858 2356 1909 Di
2390 1855 2445 1907 δὲ
2481 1842 2555 1926 μή
2587 1854 2729 1925 λόγῳ
2771 1854 2903 1907 Θεοῦ
2953 1855 3329 1925 τετιμημένοι,
3362 1857 3503 1926 μήτε
3545 1858 3692 1927 νόμῳ
3736 1858 3835 1929 θείῳ

615 1940 846 1995 arbitrio
872 1954 932 1993 se
964 1939 1271 1994 abolituros
1306 1940 1626 1994 occasiones
1657 1942 1886 2010 peccati,
1921 1941 2065 2010 quod
2096 1958 2194 2011 per

617 2032 794 2085 solum
836 2031 1021 2086 crucis
1066 2030 1388 2101 mysterium
1451 2032 1875 2087 condemnatur.
1927 2034 2020 2088 Illa
2047 2034 2193 2088 enim

618 2124 789 2179 libera
813 2124 1086 2187 voluntas,
1110 2138 1232 2194 qua:
1259 2124 1312 2177 in
1342 2123 1581 2178 hominis
1619 2123 1876 2179 facultate
1897 2134 2002 2190 est,
2030 2124 2193 2191 ineo,

622 2223 681 2269 ιιι
703 2214 924 2270 diabolo
955 2214 1218 2269 nimirum
1256 2214 1418 2268 reniti
1458 2214 1652 2284 possit,
1685 2215 1787 2269 sita
1820 2224 1925 2282 est,
1958 2233 2069 2271 non
2096 2233 2196 2271 au-

622 2318 752 2368 tem,
789 2314 848 2359 ut
870 2305 1044 2375 possit
1074 2304 1302 2358 omnino
1338 2305 1631 2374 imperium
1655 2317 1841 2359 tenere
1867 2305 1920 2358 in
1943 2306 2194 2360 affectus.

621 2397 736 2452 Nisi
763 2399 903 2451 enim
938 2396 1195 2449 Dominus
1218 2395 1579 2464 azdi/icaverit,
1623 2396 1821 2467 inquit,
1866 2397 2101 2462 domum,
2149 2406 2199 2451 et

620 2488 923 2541 custodierit
945 2489 1237 2552 civitatem,
1280 2489 1483 2557 {rustra
1509 2486 1714 2557 vigilat,
1748 2488 1839 2557 qui
1871 2487 2119 2554 custodit,
2149 2496 2199 2543 et

623 2582 822 2651 frustra
855 2579 1082 2646 laborat,
1116 2582 1205 2651 qui
1235 2577 1549 2647 wdiﬁcat”.

694 2854 761 2909 ll.
825 2852 1165 2923 lmpossibile
1221 2860 1307 2907 est
1359 2866 1506 2906 enim
1552 2866 1677 2906 eum
1735 2849 1991 2905 incedere
2039 2865 2205 2920 super

625 2946 868 3016 aspidem
916 2954 972 2998 ct
1019 2944 1361 3007 basiliscum,
1409 2956 1466 2997 et
1507 2942 1834 2997 conculcare
1867 2942 2103 3006 leonem,
2141 2956 2205 2996 ac

626 3040 945 3102 draconem,
968 3037 1062 3106 qui
1103 3036 1277 3106 prius,
1312 3044 1581 3105 quantum
1618 3034 1672 3087 in
1710 3034 1922 3088 viribus
1966 3034 2205 3088 hominis

2294 1944 2743 2014 πεπαιδευμένοι,
2797 1945 2917 2013 εἰκῆ
2969 1945 3320 2016 φυσιούμενοι
3368 1948 3582 2002 οίονται
3638 1948 3720 2000 διὰ
3764 1949 3835 2002 €03

2298 2034 2429 2087 ἰδίου
2463 2032 2805 2099 αὐτεξουσίου
2830 2037 3127 2103 καταργεῖν
3161 2035 3259 2099 τὰς
3290 2036 3553 2106 ἀφορμὰς
3579 2036 3675 2108 τῆς
3693 2039 3836 2111 ἁμαρ-

2294 2124 2433 2188 τξας,
2464 2124 2563 2194 τῆς
2591 2124 2679 2177 διὰ
2716 2125 2878 2194 μόνου
2924 2125 3017 2178 τοῦ
3070 2127 3128 2179 ἐν
3171 2124 3250 2195 τῷ
3302 2126 3527 2199 σταυρῷ
3578 2131 3835 2200 μυστηρίου

2297 2217 2785 2288 κατακρινομένης.
2822 2216 2895 2269 Τὸ
2931 2216 3041 2287 γὰρ
3070 2218 3128 2269 ἐν
3158 2219 3223 2288 τῇ
3254 2217 3347 2271 τοῦ
3380 2218 3677 2289 ἀνθρώπου
3704 2221 3831 2276 δυνά-

2302 2325 2394 2378 μει
2442 2307 2789 2372 αὐτεξούσιον
2812 2307 2903 2360 ἐπὶ
2931 2307 3009 2378 τῷ
3036 2309 3348 2379 ἀντιστῆναι
3386 2309 3465 2379 τῷ
3495 2310 3723 2382 διαϐόλῳ
3755 2318 3837 2366 κεί-

2299 2415 2408 2463 ται,
2441 2397 2555 2451 ἀλλ’
2584 2398 2683 2450 οὐκ
2725 2396 2820 2450 ἐπὶ
2863 2396 2940 2469 τῷ
2990 2398 3251 2453 δύνασθαι
3301 2400 3448 2471 ἔχειν
3492 2403 3757 2469 παντελῶς
3795 2406 3835 2458 τὸ

2299 2489 2501 2559 κράτος
2548 2488 2689 2543 κατὰ
2728 2487 2838 2543 τῶν
2880 2488 3089 2544 παθῶν.
3128 2489 3264 2543 Ἐὰν
3313 2490 3423 2559 τὰρ
3460 2491 3554 2560 μὴ
3598 2494 3631 2546 ὀ
3663 2494 3836 2561 Κύριος

2300 2577 2689 2647 οὶκοδομήσῃ,
2732 2578 2917 2648 φησὶν,
2982 2574 3167 2643 οἷκον,
3225 2579 3323 2633 καὶ
3370 2581 3628 2649 φυλάξῃ
3673 2585 3833 2649 πόλιν,

2300 2675 2387 2737 εις
2412 2669 2612 2740 μάτην
2644 2671 3036 2739 ἠγρύπνησεν
3068 2673 3100 2725 ὀ
3126 2671 3468 2739 φυλάττων,
3504 2675 3606 2727 καί
3635 2675 3790 2744 κοπιᾷ
3811 2679 3837 2731 δ

2300 2760 2646 2829 οἰκοδομῶν.

2375 2849 2448 2904 B'.
2496 2852 2801 2922 Ἀμήχανον
2827 2851 2934 2921 γὰρ
2962 2850 3218 2923 ἐπιϐῆναι
3244 2854 3336 2908 ἐπὶ
3361 2856 3572 2909 ἀσπίδα
3606 2856 3691 2909 καὶ
3713 2855 3835 2925 βασι-

2304 2942 2506 3009 λίσκον,
2540 2945 2633 2995 καὶ
2680 2944 3065 3013 καταπατῆσαι
3097 2945 3285 2999 λέοντα
3337 2948 3432 3000 καὶ
3468 2948 3751 3020 δράκοντα,
3777 2947 3833 3017 μὴ

2308 3037 2591 3106 πρότερον,
2621 3034 2747 3088 καθ’
2775 3034 2898 3088 ὅσον
2924 3035 3147 3089 δυνατὸν
3181 3035 3477 3108 ἀνθρώπῳ,
3504 3038 3836 3109 ὲκκαθάραντα

625 3141 728 3187 est.
757 3146 817 3185 se
848 3144 957 3184 non
1006 3129 1344 3199 expurgarit,
1381 3142 1483 3182 nec
1518 3125 1910 3180 corroboratus
1936 3126 2107 3183 fuerit
2135 3127 2204 3182 ab

2307 3126 2518 3191 ἐαυτὸν,
2576 3125 2671 3180 καὶ
2712 3125 3098 3197 δυναμωθέντα
3145 3126 3297 3197 παρά
3334 3127 3427 3181 τοῦ
3478 3128 3719 3192 εἰπόντος
3754 3130 3836 3190 τοῖς

628 3238 715 3282 eo,
737 3220 830 3290 qui
853 3219 988 3274 dicit
1012 3219 1276 3288 apostolis
1306 3235 1321 3271 :
1348 3217 1481 3271 Ecce
1506 3217 1571 3269 do
1596 3216 1734 3269 vobis
1760 3224 2068 3285 potestatem
2094 3219 2207 3270 cal-

629 3314 787 3367 candi
816 3328 975 3383 super
995 3317 1281 3380 serpentes,
1316 3317 1364 3362 et
1387 3309 1713 3378 scorpiones,
1745 3316 1792 3359 et
1814 3324 1973 3376 super
1998 3324 2206 3361 omnem

632 3406 874 3457 virtutem
900 3402 1099 3455 inimici
1134 3402 1202 3454 ".
1249 3400 1306 3454 Si
1360 3400 1508 3453 enim
1541 3399 1804 3453 valuisset
1844 3398 2080 3453 humana
2112 3414 2210 3453 na-

637 3506 781 3560 tura,
832 3495 1039 3564 absque
1085 3494 1342 3547 universa
1397 3500 1676 3546 armatura
1721 3490 1960 3562 Spiritus
2009 3491 2206 3557 sancti,

635 3602 782 3645 stare
822 3590 1089 3645 adversus
1115 3588 1344 3644 insidias
1374 3586 1613 3653 diaboli,
1648 3603 1757 3642 non
1820 3601 1949 3642 sane
2000 3586 2207 3640 dictum

636 3683 835 3737 fuisset
860 3682 930 3737 ab
951 3681 1212 3751 Apostolo
1252 3698 1265 3733 :
1298 3680 1439 3735 Deus
1466 3689 1645 3733 autem
1670 3681 1813 3750 pacis
1842 3688 2067 3732 conteret
2110 3675 2210 3731 Sa-

636 3784 821 3829 tanam
838 3774 933 3827 sub
959 3774 1174 3843 pedibus
1199 3776 1382 3827 vestris
1403 3773 1546 3826 brevi
1567 3772 1633 3825 ³ο.
1671 3772 1739 3825 Ει
1769 3773 1965 3825 iterum
1999 3787 2012 3823 :
2045 3769 2210 3835 Quem

639 3864 897 3919 Dominus
950 3862 1228 3931 interﬁciet
1303 3864 1494 3934 spiritu
1542 3864 1650 3917 oris
1690 3863 1774 3916 sui
1810 3862 1874 3916 ³⁸.
1918 3862 2210 3931 Propterea

637 3973 857 4029 quoque
900 3956 1037 4027 jussi
1075 3970 1266 4009 sumus
1289 3955 1458 4009 Deum
1508 3954 1839 4009 obsecrare:
1873 3952 1949 4007 Ne
1990 3953 2210 4006 inducas

639 4066 732 4103 nos
773 4050 1224 4110 intentationem,
1265 4046 1358 4100 sed
1410 4046 1576 4100 libera
1626 4063 1719 4100 nos
1760 4064 1793 4100 a
1832 4044 1974 4098 malo
1996 4044 2061 4098 ³⁸.
2096 4044 2209 4099 Nisi

639 4143 786 4196 enim
819 4140 1220 4212 praestantioris
1251 4140 1440 4195 auxilii
1485 4154 1588 4209 ope
1639 4138 1856 4193 liberati
1908 4138 1976 4192 ab
2029 4138 2213 4209 ignitis

644 4235 763 4289 telis
822 4233 1162 4303 nequissimi,
1220 4232 1482 4301 consequi
1528 4232 1678 4301 digni
1726 4230 2028 4284 babeamur
2078 4229 2211 4284 ado-

643 4325 886 4393 ptionem
923 4322 1180 4385 ﬁliorum,
1200 4320 1506 4375 frustranea
1525 4328 1609 4374 est
1633 4318 1977 4374 conversatio
2004 4326 2211 4383 nostra,

648 4423 705 4469 ut
732 4414 826 4484 qui
856 4414 1100 4484 procula
1125 4411 1330 4467 virtute
1359 4412 1456 4466 Dei
1491 4410 1755 4466 absimus.

716 4670 807 4725 lll.
846 4668 1169 4741 Quicunque
1206 4685 1337 4742 ergo
1372 4670 1525 4741 cupit
1554 4670 1830 4741 particeps
1865 4670 1982 4725 fieri
2018 4668 2217 4725 divinae

646 4762 853 4834 gloriae,
877 4776 960 4826 ac,
998 4762 1150 4816 velut
1174 4761 1230 4816 in
1264 4763 1510 4832 speculo,
1559 4762 1762 4817 Christi
1795 4761 2105 4831 imaginem,
2162 4761 2219 4816 in

648 4852 898 4922 principe
934 4852 1103 4906 animi
1149 4851 1233 4907 sui
1280 4850 1535 4907 facultate
1585 4850 1994 4921 contemplari,
2055 4850 2221 4905 debet

650 4944 945 4998 insatiabili
1004 4943 1323 5008 dilectione,
1376 4952 1432 4998 et
1480 4942 1793 5013 inexplebili
1824 4942 2119 5006 desiderio,
2148 4957 2215 4996 ex

653 5044 768 5089 toto
789 5035 954 5090 corde
974 5046 1030 5091 et
1051 5037 1288 5102 viribus,
1312 5048 1483 5092 noctu
1510 5037 1717 5107 diuque
1742 5036 2021 5107 inquirere
2040 5044 2225 5106 poten-

654 5127 924 5181 tissimum
960 5128 1055 5181 Dei
1085 5130 1428 5195 subsidium;
1476 5128 1623 5198 quod
1680 5128 1902 5197 quidem
1962 5126 2223 5195 consequi

653 5218 991 5289 impossibile
1040 5229 1143 5284 est,
1189 5220 1402 5285 nisi,ut
1449 5228 1610 5275 antea
1659 5218 1920 5282 diximus,
1955 5216 2226 5270 abstineat

653 5312 779 5380 quis
808 5311 959 5380 prius
1011 5312 1079 5365 ab
1115 5312 1391 5368 illecebris
1440 5312 1605 5384 hujus
1653 5310 1844 5366 mundi
1896 5325 1959 5364 ac
2019 5324 2225 5364 concu-

654 5399 939 5469 piscentiis
983 5399 1309 5455 adversaria:
1353 5401 1661 5471 potestatis,
1692 5415 1812 5469 qua:
1842 5399 1982 5453 lucis
2014 5407 2099 5453 est
2128 5413 2226 5452 ex-

654 5507 803 5562 pers,
837 5500 893 5546 et
934 5491 1179 5551 ell‘cctrix
1224 5495 1486 5563 nequitiae
1514 5504 1622 5559 est,
1655 5494 1723 5547 ad
1766 5493 1905 5548 bene
1956 5491 2223 5563 agendum

655 5582 883 5638 minime
923 5591 1069 5656 apta,
1097 5583 1206 5654 92
1248 5599 1313 5640 ac
1342 5600 1572 5656 prorsus
1602 5585 1844 5640 exclusa.
1877 5582 2145 5649 Quocirca
2178 5582 2253 5637 si'

2306 3218 2644 3282 ἀποστόλοις,
2685 3216 2831 3271 Ἰδοὺ
2888 3217 3119 3272 δέδωκα
3175 3218 3319 3289 ὑμῖν
3370 3218 3636 3289 δύναμιν
3668 3219 3835 3272 πατεῖν

2306 3308 2506 3362 ἐπάνω
2544 3309 2736 3377 ὄφεων
2765 3307 2861 3361 καί
2893 3308 3222 3375 σκορπίων,
3264 3306 3364 3361 καὶ
3399 3308 3502 3361 ἐπὶ
3542 3307 3737 3363 πᾶσαν
3752 3306 3837 3373 τὴν

2306 3399 2563 3469 δύναμιν
2592 3399 2698 3453 τοῦ
2726 3398 2963 3467 ἐχθροῦ.
2999 3399 3060 3451 Εἰ
3116 3398 3227 3471 γὰρ
3260 3398 3446 3469 ίσχυεν
3476 3400 3513 3469 ἡ
3544 3399 3640 3470 τῆς
3674 3397 3836 3467 ἀνθρω-

2308 3493 2538 3563 πότητος
2568 3491 2727 3559 φύσις
2754 3490 2909 3553 ἐκτὸς
2937 3489 3036 3559 τῆς
3068 3490 3368 3552 πανοπλίας
3392 3489 3491 3543 τοῦ
3519 3491 3669 3557 ἁγίου
3696 3488 3837 3542 Πνεῦο

2316 3599 2506 3653 ματος,
2537 3585 2725 3651 στῆναι
2750 3581 2885 3651 πρὸς
2911 3580 3008 3644 τὰς
3042 3580 3323 3650 μεθοδείας
3362 3580 3449 3634 τοῦ
3481 3579 3736 3645 διαϐόλου,
3762 3582 3835 3632 0-3:

2309 3674 2375 3728 ἂν
2404 3674 2585 3743 εἴρητο
2616 3672 2719 3724 ὑπὸ
2754 3671 2848 3724 τοῦ
2893 3671 3238 3737 Ἀποστόλου,
3281 3673 3342 3725 Ὀ
3370 3671 3438 3724 δὲ
3478 3672 3624 3738 Θεὸς
3644 3672 3742 3738 τῆς
3778 3672 3836 3723 εἰ·

2300 3762 2497 3832 μήνης
2532 3763 2853 3830 συντρίψει
2896 3763 3005 3814 τὸν
3032 3760 3310 3817 Σατανᾶν
3344 3762 3464 3816 ὐπὸ
3508 3761 3651 3851 tm)";
3689 3760 3835 3824 πόίσς

2309 3852 2477 3922 ὑμῶν
2512 3852 2582 3905 ἐν
2618 3852 2805 3933 τάχει.
2861 3853 2968 3905 Καὶ
2998 3852 3177 3916 πάλιν,
3220 3854 3328 3906 Ὃν
3350 3855 3383 3907 ό
3411 3854 3647 3921 Κύριος,
3679 3850 3841 3905 ἀγελεῖ

2313 3943 2393 4009 τῷ
2442 3944 2729 4013 πνεύματι
2781 3943 2889 3997 τοῦ
2947 3944 3243 4013 στόματος
3294 3942 3508 3997 αὐτοῦ.
3542 3943 3633 3995 Διὸ
3677 3942 3732 4012 δὴ
3770 3943 3836 3993 καὶ

2312 4033 2768 4104 προσετάχθημεν
2818 4033 3032 4086 δέεσθαι
3084 4032 3179 4085 τοῦ
3234 4033 3463 4104 Κυρίου,
3503 4032 3601 4100 Μὴ
3629 4029 3837 4097 εἰσενέγ-

2311 4142 2422 4191 κῃς
2459 4126 2545 4190 εἷς
2574 4123 2910 4191 πειρασμὸν
2947 4122 3126 4192 ἡμᾶς,
3174 4123 3336 4177 ἀλλὰ
3360 4124 3553 4191 ῥῦσαι
3582 4121 3724 4191 ἡμᾶς
3750 4122 3834 4175 ἀπὸ

2311 4216 2419 4269 τοῦ
2448 4214 2741 4283 πονηροῦ.
2793 4215 2920 4268 Ἐὰν
2945 4215 3052 4285 γὰρ
3084 4215 3265 4285 μὴδιά
3293 4217 3393 4285 τῆς
3421 4215 3722 4285 κρείττονος
3742 4212 3835 4280 im,-

2315 4308 2465 4374 θείας
2500 4308 2790 4380 ῥυσθέντες
2832 4308 2941 4360 τῶν
2981 4308 3394 4377 πεπυρωμένων
3428 4306 3603 4377 βελῶν
3646 4303 3728 4359 τοῦ
3769 4317 3836 4353 m-

2318 4399 2503 4470 νηροῦ,
2535 4397 2961 4467 καταξιωθῶμεν
2992 4399 3091 4467 τῆς
3118 4397 3409 4459 υἱοθεσίας,
3444 4400 3529 4460 εἰς
3579 4396 3739 4465 μάτην
3765 4407 3835 4442 πο-

2242 4463 2294 4522 D
2316 4463 2661 4561 λιτευόμεθα,
2700 4490 2775 4554 ὡς
2809 4463 2998 4561 πόρρω
3024 4463 3124 4560 τῆς
3152 4489 3433 4559 δυνάμεως
3473 4463 3720 4543 τοῦγΘεοῦ
3746 4500 3835 4550 τνγο

2354 4584 2592 4645 άνοντες.

2354 4603 2592 4636 ανοντεπ

2318 4603 2351 4655 χ
2392 4674 2430 4725 Γ
2433 4680 2467 4727 ’.
2518 4619 2578 4725 ’ὖ
2616 4673 2795 4725 τοίνυν
2852 4669 3174 4740 βουλόμενος
3230 4669 3453 4739 μέτοχος
3500 4666 3729 4736 γίνεσθαι
3766 4664 3836 4728 τῆς

2320 4766 2471 4830 θείας
2502 4765 2679 4836 δόξης,
2712 4765 2808 4818 καὶ
2844 4764 3032 4834 ὥσπερ
3064 4765 3123 4817 ἐν
3172 4764 3488 4834 κατόπτρῳ,
3522 4762 3620 4831 τήν
3647 4756 3833 4828 Χριπσῐ

2327 4856 2543 4929 μορφὴν
2572 4857 2705 4927 ὁρᾷν
2737 4858 2795 4908 ἐν
2836 4855 2913 4926 τῷ
2958 4855 3273 4925 ἡγεμονικῷ
3311 4853 3498 4915 αὐτοῦ,
3532 4852 3719 4920 ὀφείλει
3745 4849 3836 4899 ἀκο-

2326 4948 2500 5019 ρέστῳ
2548 4948 2751 5015 στοργῇ
2794 4946 2888 4998 καὶ
2920 4945 3180 5013 ἀπλήστῳ
3207 4943 3442 4995 διαθέσει
3474 4942 3534 5006 ἐξ
3579 4942 3695 5009 ὅλης
3740 4950 3835 5002 παρ’

2321 5042 2439 5103 δίας
2486 5040 2582 5092 καὶ
2630 5038 2911 5107 δυνάμεως
2940 5037 3155 5109 νύκτωρ
3183 5037 3278 5091 καὶ
3318 5038 3437 5107 μεθ’
3461 5037 3668 5106 ήμέραν
3692 5031 3833 5100 ζητεῖν

2321 5133 2419 5203 τὴν
2445 5133 2509 5184 ἐκ
2537 5130 2630 5183 τοῦ
2677 5130 2811 5182 Θεοῦ
2844 5130 3126 5198 ἀντίληψιν
3161 5131 3218 5181 ἐν
3244 5128 3489 5197 δυνάμει,
3519 5124 3588 5200 ἦς
3615 5125 3834 5195 ἀμήχανον

2325 5224 2635 5292 μετασχεῖν,
2667 5224 2715 5273 εἰ
2756 5221 2853 5290 μὴ,
2882 5221 2956 5283 ὡς
2985 5222 3264 5291 προεῖπον,
3312 5217 3602 5289 ἀπόσχοιτό
3634 5232 3706 5276 τις
3740 5209 3836 5279 πιό-

2321 5329 2478 5382 τερον
2508 5312 2605 5381 τῆς
2645 5310 2977 5381 ἡδυπαθείας
3032 5310 3123 5363 τοῦ
3164 5309 3391 5379 κόσμου,
3434 5307 3542 5361 τῶν
3592 5298 3835 5370 ἐπιθυμιῶν

2329 5402 2430 5469 τῆς
2473 5401 2722 5465 ἐναντίας
2751 5401 3053 5471 δυνάμεως,
3086 5402 3206 5471 ἥτις
3238 5400 3416 5469 φωτὸς
3457 5398 3698 5467 ἀλλοτρία
3734 5391 3831 5450 ἐστὶ,

2332 5494 2425 5547 καὶ
2457 5493 2706 5563 ἐνέργεια
2743 5494 3005 5563 πονηρίας
3038 5491 3255 5560 ἀγαθῆς
3304 5490 3581 5562 ἐνεργείας
3630 5479 3831 5541 evolutis

2332 5585 2468 5649 ἐστι,
2502 5586 2595 5637 καὶ
2643 5586 2819 5655 πάντη
2854 5584 3260 5654 ἀπεξενωμένη.
3296 5582 3591 5654 Τοιγαροῦν
3634 5580 3676 5633 εί
3702 5572 3832 5648 βούλιι

728 5739 776 5773 ⁸⁸
813 5739 1170 5807 Psal.csxvn,
1202 5742 1253 5796 Ι.
1328 5744 1372 5776 ’⁸
1397 5742 1531 5796 Luc.
1564 5757 1616 5807 ι,
1643 5742 1727 5796 l9.
1805 5744 1848 5775 ’°
1886 5744 2041 5798 Rom.
2078 5760 2188 5811 xvi,

2386 5744 2425 5774 ³¹
2454 5744 2495 5798 ll
2531 5744 2722 5799 Thess.
2760 5760 2815 5811 ιι,
2846 5743 2897 5798 8.
2976 5744 3020 5777 ³²
3066 5742 3259 5798 Matth.
3288 5756 3363 5810 τι,
3392 5740 3479 5796 13.
