3966 6528
98 338 206 398 ΟίὬ

1282 325 1653 391 ΙΙΟΜΙΙᾸΕ.
1673 349 1747 361 -
1774 324 1963 387 ΗΟΜ.
2004 328 2179 389 XXV.

3268 333 3372 398 070

101 447 302 519 μαθεῖν
326 443 469 509 τινος
499 444 684 499 ἕνεκεν
724 442 1035 506 κτισθέντες
1066 442 1125 495 ἐν
1157 445 1290 514 τιμῇ
1357 444 1453 496 καὶ
1503 457 1684 494 κατοι-

1799 439 2010 496 discere
2058 440 2340 496 desideres
2392 454 2502 510 qua
2530 439 2599 497 de
2640 455 2825 506 causa,
2861 457 2988 498 cum
3036 458 3284 501 essemus
3316 446 3373 503 in

98 538 385 602 κισθὲντες
422 538 480 589 ἐν
505 534 848 606 παραδείσῳ,
880 536 1189 590 τελευταῖον
1218 533 1686 605 συμπαρεϐλήθη-

102 650 204 702 μεν
235 632 345 692 τοῖς
388 629 639 698 ἀνοήτοις
691 629 937 698 κτήνεσι,
966 630 1060 682 καὶ
1087 626 1453 697 ὡμοιώθημεν
1480 625 1686 691 αὐτοῖς,

99 720 566 785 ἀποπεπτωκότες
598 722 698 791 τῆς
748 720 1020 791 ἀχράντου
1068 718 1248 788 δόξης,
1290 718 1548 787 γίνωσκε,
1604 717 1689 770 ὅτι

96 813 187 865 διὰ
214 816 313 883 τῆς
341 812 628 883 παρακοῆς
656 811 831 865 δοῦλοι
857 813 957 883 τῆς
988 811 1191 882 σαρκὸς
1240 808 1428 863 παθῶν
1463 808 1690 880 γενόμε-

100 924 181 958 νοι
219 904 627 973 ἀπεκλείσαμεν
662 903 890 967 ἑαυτοὺς
915 902 1020 973 τῆς
1055 901 1336 973 μακαρίας
1369 900 1551 972 χώρας
1580 900 1689 955 τῶν

98 995 344 1060 ζώντων,
374 995 471 1049 καὶ
502 997 560 1049 ὲν
589 993 938 1067 αἰχμαλωσίᾳ
978 993 1283 1063 γενόμενοι,
1327 992 1409 1045 ἔτι
1442 992 1537 1045 ἐπὶ
1579 990 1689 1045 τῶν

100 1087 371 1157 ποταμῶν
399 1085 721 1148 Βαϐυλῶνος
780 1082 1127 1155 καθεζόμεθα
1151 1094 1169 1111 ’
1206 1082 1299 1137 καὶ
1326 1081 1414 1136 διὰ
1434 1080 1495 1135 τὸ
1519 1079 1600 1135 ἔτι
1630 1082 1690 1135 ἐν

98 1181 368 1253 Αἰγύπτῳ
394 1181 542 1252 ἡμᾶς
576 1174 924 1251 κατέχεσθαι,
954 1176 1108 1231 οὔπω
1158 1175 1686 1248 ὲκληρονομήσαμεν

97 1274 205 1344 τὴν
246 1273 350 1345 γῆν
416 1271 771 1342 ἐπαγγελίας,
801 1270 900 1342 τὴν
951 1269 1185 1341 ῥέουσαν
1214 1267 1358 1338 γάλα
1396 1267 1492 1323 καὶ
1541 1267 1687 1338 μέλι.

98 1364 273 1419 Οὔπω
300 1356 754 1436 συνεφυράθῆμεν
780 1364 847 1434 τῇ
873 1354 1021 1433 ζύμῃ
1050 1361 1152 1432 τῆς
1176 1357 1550 1430 είλικρινείας,
1573 1356 1689 1413 ἀλλ’

96 1459 182 1513 ἔτι
226 1458 393 1530 ἐσμὲν
428 1458 486 1510 ὲν
512 1459 581 1528 τῇ
607 1455 709 1526 τῆς
764 1454 1033 1527 πονηρίας
1073 1451 1245 1525 ζύμῃ.
1287 1450 1457 1506 Οὔπω
1491 1453 1692 1524 £99m;-

93 1551 263 1622 τίσθη
306 1550 465 1621 ήμῶν
494 1549 529 1620 ή
566 1546 768 1619 καρδία
816 1546 893 1617 τῷ
938 1545 1135 1617 αἵματι
1159 1543 1255 1598 τοῦ
1284 1543 1452 1599 Θεοῦ·
1478 1544 1559 1598 ἔτι
1581 1542 1693 1615 γάρ

92 1639 157 1692 τὸ
192 1638 467 1709 πέταυρον
503 1634 599 1689 τοῦ
635 1635 787 1708 ᾇδου,
819 1636 913 1689 καὶ
952 1632 1014 1687 τὸ
1036 1633 1332 1708 ἄγκιστρον
1360 1633 1463 1705 τῆς
1490 1633 1692 1699 κακίας

92 1731 455 1802 ὲμπέπηκται
475 1727 636 1799 αὐτῇ.

164 1821 244 1879 Δ’.
275 1819 441 1875 Οὔπω
471 1818 856 1891 ἀπειλήφαμεν
896 1816 995 1890 τήν
1044 1817 1367 1888 άγαλλίασιν
1394 1815 1489 1871 τοῦ
1523 1833 1693 1890 σωτη-

96 1914 220 1985 ρίου
252 1911 349 1967 τοῦ
387 1911 645 1982 Χριστοῦ.
715 1910 797 1964 ἔτι
838 1911 946 1981 γάρ
976 1910 1037 1963 τὸ
1076 1908 1306 1983 κέντρον
1339 1910 1435 1964 τοῦ
1459 1909 1690 1964 θανάτου

92 2005 572 2077 ὲγκατεῤῥίζωται
602 2004 753 2075 ήμῖν.
782 2003 958 2057 Οὔπω
980 2001 1399 2073 ἐνεδυσὰμεθα
1426 2003 1537 2057 τὸν
1566 2019 1690 2057 και-

94 2098 214 2152 νὸν
271 2098 609 2166 ἄνθρωπον,
663 2095 770 2149 τὸν
831 2093 983 2149 κατὰ
1044 2096 1194 2149 Θεὸν
1240 2093 1565 2149 κτισθέντα
1620 2092 1693 2148 ἐν

94 2190 402 2258 ὁσιότητι-
429 2184 636 2255 ἐπειδὴ
665 2184 830 2239 οὔπω
853 2183 1278 2254 ὑπεδυσάμεθα
1298 2182 1407 2237 τὸν
1429 2182 1694 2237 παλαιὸν

93 2283 437 2349 ἄνθρωπον,
477 2278 586 2333 τὸν
638 2277 1030 2347 φθειρόμενον
1051 2275 1202 2331 κατὰ
1238 2276 1345 2342 τὰς
1374 2275 1693 2347 ἐπιθυμίας

95 2369 213 2439 τῆς
260 2370 518 2440 ἀπάτης.
543 2368 721 2421 Οὔπω
770 2365 1143 2436 φορέσαντες
1190 2365 1307 2437 τὴν
1334 2368 1539 2422 εἰκόνα
1583 2367 1692 2423 τοῦ

93 2448 489 2530 ἐπουρανίου,
524 2460 866 2529 σύμμορφοι
901 2457 1012 2527 τῆς
1054 2458 1246 2528 δόξης
1294 2458 1486 2514 αὐτοῦ
1520 2461 1692 2531 γεγό-

93 2571 313 2623 ναμεν.
356 2552 531 2607 Οὔπω
557 2550 1109 2621 πρεσεκυνήσαμεν
1136 2551 1208 2606 ἐν
1239 2552 1544 2622 Πνεύματι
1591 2551 1693 2608 καί

93 2648 361 2715 ἀληθείᾳ
394 2644 534 2709 Θεῷ,
576 2643 674 2697 διὰ
712 2643 778 2696 τὸ
834 2644 1203 2708 βασιλεύειν
1248 2643 1365 2713 τὴν
1401 2645 1693 2715 ἁμαρτίαν

92 2743 165 2794 ἐν
193 2739 277 2806 τῷ
304 2736 501 2807 θνητῷ
530 2735 702 2806 ἡμῶν
726 2736 978 2805 σώματι.
1012 2736 1180 2790 Οὔπω
1210 2737 1560 2809 ἐθεασάμεθα
1592 2737 1694 2808 τὴν

92 2835 262 2900 δόξαν
292 2832 387 2887 τοῦ
416 2831 693 2900 ἀφθάρτου
716 2847 729 2862 ·
759 2829 840 2883 ἔτι
888 2830 999 2901 γάρ
1048 2830 1153 2884 ὑπὸ
1190 2830 1290 2902 τῆς
1350 2831 1693 2902 σκοτομήνης

93 2924 496 2999 ἐνεργούμεθα.
519 2923 685 2978 Οὔπω
708 2922 1077 2994 ὲνεδυσάμεθα
1100 2923 1171 2977 τά
1192 2923 1332 2979 ὅπλα
1356 2923 1452 2977 τοῦ
1492 2924 1690 2994 φωτόςο

94 3017 293 3088 ἐπειδὴ
336 3015 491 3069 οὔπω
525 3014 918 3085 ἀπεδυσάμεθα
947 3014 1016 3069 τὰ
1044 3013 1138 3068 τοῦ
1190 3014 1414 3080 σκότους
1456 3015 1597 3069 ὅπλα
1632 3032 1691 3069 τε

1718 1780 1767 1840 Β

1791 531 2005 587 honore
2036 531 2232 597 creati,
2272 541 2330 587 et
2382 531 2438 587 in
2483 531 2741 603 paradiso
2791 534 3101 601 constituti,
3151 536 3373 592 tandem

1790 624 2094 695 comparati
2143 624 2317 681 simus
2370 640 2499 680 cum
2555 624 2952 695 insipientibus
2999 628 3286 698 jumentis,
3317 638 3375 683 et

1792 717 2013 772 illorum
2038 717 2251 773 similes
2271 717 2426 779 facti,
2447 726 2505 774 et
2525 718 2832 774 excidimus
2848 718 2918 773 ab
2945 718 3373 775 ineontaminata

1790 808 1990 880 gloria,
2042 809 2206 874 scito,
2263 808 2412 879 quod
2445 823 2569 864 cum
2602 823 2703 879 per
2746 808 3177 865 inobedientiam
3227 811 3373 865 servi

1793 899 2154 955 atl‘ectionum
2188 900 2376 956 carnis
2403 898 2588 956 effecti
2608 914 2882 965 essemus,
2906 899 3248 955 exclusimus
3271 917 3375 956 nos

1791 992 1942 1063 ipsas
1970 1008 2001 1047 a
2038 992 2197 1047 beata
2225 992 2450 1064 regione
2483 992 2812 1057 viventium,
2836 1002 2892 1047 et
2913 993 2968 1047 in
3002 993 3371 1064 captivitatem

1790 1084 2026 1150 redacti,
2058 1084 2242 1139 adhuc
2280 1086 2438 1156 juxta
2487 1084 2711 1139 ﬂumina
2759 1086 3052 1157 Babylonis
3080 1085 3369 1151 sedemus;

1789 1186 1847 1234 et
1886 1193 1977 1245 eo,
2001 1177 2150 1249 quod
2182 1177 2367 1233 adhuc
2397 1176 2455 1231 in
2494 1176 2727 1249 [Egypto
2755 1178 3096 1243 detinemur.
3124 1181 3372 1235 nondum

1791 1272 2141 1328 haereditario
2168 1271 2293 1342 jure
2316 1269 2667 1340 possidemus
2709 1278 2913 1324 terram
2970 1272 3373 1340 promissionis,

1790 1363 2059 1419 ﬂuentem
2088 1364 2229 1419 lacte
2258 1371 2317 1419 et
2346 1362 2532 1417 melle.
2558 1360 2816 1416 Nondum
2842 1361 3053 1417 subacti
3085 1377 3275 1419 sumus
3320 1363 3376 1417 in

1790 1449 2067 1506 fermento
2097 1449 2455 1514 sinceritatis,
2501 1448 2599 1503 sed
2647 1448 2829 1503 adhuc
2861 1448 2914 1502 in
2957 1448 3229 1504 lermento
3262 1466 3379 1504 ma-

1791 1543 1927 1599 litiae
1953 1542 2227 1614 degimus.
2256 1540 2512 1597 Nondum
2546 1549 2633 1596 est
2658 1555 2941 1611 aspersum
2989 1555 3085 1595 cor
3123 1550 3375 1595 nostrum

1792 1635 2062 1706 sanguine
2085 1634 2216 1701 Dei;
2266 1633 2451 1688 adhuc
2489 1632 2639 1687 enim
2672 1634 2903 1703 laqueus
2930 1633 3150 1699 inferni,
3179 1642 3237 1688 et
3274 1631 3378 1689 ha-

1794 1743 1919 1783 mus
1945 1726 2167 1782 malitire
2190 1727 2269 1782 illi
2296 1727 2499 1782 inﬁxus
2525 1734 2632 1781 est.

1864 1820 1954 1875 IV.
1999 1818 2258 1874 Nondum
2330 1820 2650 1889 accepimus
2718 1818 3143 1873 exsultationem
3209 1832 3379 1887 super

1794 1914 1972 1968 salute
2012 1911 2222 1967 Christi
2251 1929 2265 1966 :
2299 1911 2482 1967 adhuc
2512 1911 2662 1966 enim
2692 1910 2917 1967 aculeus
2945 1910 3137 1964 mortis
3162 1909 3380 1965 radices

1794 2004 1851 2059 in
1904 2003 2065 2059 nobis
2105 2002 2301 2059 inﬁxas
2349 2003 2537 2058 habet.
2596 2001 2843 2057 Nondum
2872 2002 3139 2056 induimus
3188 2017 3379 2055 novum

1792 2098 2082 2159 hominem.
2109 2098 2199 2168 qui
2228 2096 2516 2152 secundum
2542 2096 2712 2150 Deum
2750 2104 2962 2149 creatus
2988 2105 3063 2148 est
3092 2096 3149 2148 in
3176 2096 3379 2149 sancti—

1795 2197 1906 2243 tate
1934 2204 1953 2244 :
1995 2189 2123 2259 quia
2152 2188 2388 2243 nondum
2427 2188 2667 2242 exuimus
2701 2195 2925 2241 veterem
2970 2186 3255 2249 hominem,
3288 2186 3381 2256 qui

1794 2282 1929 2352 perit
1953 2280 2244 2335 secundum
2283 2279 2547 2333 desideria
2583 2278 2873 2349 fraudis”.
2898 2276 3149 2331 Nondum
3167 2286 3383 2349 gestan-

1794 2382 1869 2429 tes
1898 2373 2183 2443 imaginem
2213 2371 2456 2437 caelestis,
2508 2371 2803 2441 conformes
2843 2370 3029 2441 gloria:
3065 2370 3210 2424 illius
3254 2370 3381 2440 facti

1792 2481 1997 2519 sumus.
2031 2463 2281 2520 Nondum
2322 2463 2665 2517 adoravimus
2704 2463 2761 2517 in
2806 2460 3011 2533 Spiritu
3063 2468 3111 2514 et
3163 2463 3383 2516 veritate

1793 2552 1963 2611 Deum
1997 2596 2015 2623 ,
2066 2572 2126 2610 eo
2184 2557 2324 2627 quod
2370 2556 2672 2610 dominetur
2719 2562 2995 2627 peccatum
3044 2555 3101 2608 in
3166 2553 3383 2609 mortali

1796 2660 1975 2705 nostro
2011 2666 2231 2721 corpore
2258 2650 2342 2703 ⁸³⁸.
2371 2648 2627 2704 Nondum
2658 2646 3019 2719 contemplati
3042 2663 3237 2701 sumus
3262 2648 3383 2718 glo-

1795 2744 1934 2798 riam
1969 2742 2091 2814 ejus
2130 2741 2226 2812 qui
2273 2741 2723 2812 incorruptibilis
2750 2750 2865 2807 est;
2903 2741 3089 2796 adhuc
3128 2742 3278 2796 enim
3312 2741 3382 2795 ab

1795 2835 1956 2892 illuni
2009 2843 2175 2891 nocte
2231 2834 2524 2905 agitamur.
2576 2833 2833 2889 Nondum
2893 2833 3178 2889 induimus
3230 2848 3382 2888 arma

1794 2927 1977 2995 lucis;
2018 2927 2149 2999 quia
2180 2927 2430 2983 nondum
2466 2925 2724 2981 exuimus
2752 2940 2927 2989 arma,
2962 2926 3069 2979 tela
3122 2933 3178 2979 et
3213 2940 3383 2995 Opera

1797 3017 2182 3073 tenebrarum.
2240 3016 2498 3072 Nondum
2563 3014 2948 3071 transformati
3030 3031 3224 3071 sumus
3281 3031 3383 3086 per

94 3111 192 3165 καὶ
253 3109 413 3180 βέλη,
470 3107 565 3163 καὶ
620 3108 779 3179 ἔργα.
838 3106 1006 3162 Οὔπω
1064 3107 1575 3179 μετεμορφώθημεν
1621 3108 1689 3180 τῇ

1799 3110 2001 3166 mentis
2030 3109 2446 3166 renovationem
2493 3126 2506 3163 :
2542 3109 2730 3165 adhuc
2777 3108 2927 3164 enim
2972 3107 3384 3180 conﬁguramur

94 3201 449 3257 ἀνακαινίσει
469 3201 561 3255 τοῦ
595 3202 734 3265 νοός.
766 3200 889 3254 Ἔτι
918 3199 1028 3273 γάρ
1056 3199 1580 3271 συσχηματιζόμεθα
1614 3199 1693 3272 τῷ

93 3296 262 3351 αἰῶνι
290 3296 470 3367 τούτῳ
500 3297 559 3350 ὲν
604 3298 671 3367 τῇ
710 3294 806 3349 τοῦ
836 3294 956 3358 νοὸς
982 3293 1329 3366 ματαιότητι.
1364 3293 1538 3348 Οὔπω
1562 3295 1695 3363 Χρι-

94 3393 224 3460 στῷ
252 3387 813 3458 συνεδοξιίσθημεν,
838 3386 935 3441 διὰ
960 3385 1026 3440 τὸ
1044 3385 1131 3456 μὴ
1156 3382 1497 3455 συμπαθεῖν
1533 3383 1693 3454 ἡμᾶς

94 3484 284 3551 αὐτῷ.
333 3484 512 3537 Οὔπω
562 3482 637 3536 τὰ
662 3482 959 3550 στίγματα
990 3477 1181 3534 αὑτοῦ
1215 3478 1286 3532 ἐν
1332 3476 1415 3543 τῷ
1465 3476 1694 3547 σώματι

94 3578 272 3647 ἡμῶν
321 3576 605 3646 φέρομεν,
655 3573 940 3644 γενόμενοι
991 3572 1051 3625 ὲν
1110 3571 1190 3643 τῷ
1254 3570 1543 3643 μυστηρίῳ
1597 3567 1691 3623 τοῦ

100 3668 352 3740 οταυροῦ
407 3667 500 3722 τοῦ
531 3664 794 3734 Χριστοῦ.
832 3664 953 3717 Ἔτι
982 3663 1095 3735 γάρ
1139 3663 1200 3715 ὲν
1247 3665 1359 3727 τοῖς
1413 3664 1694 3733 σαρκικοῖς

94 3764 401 3833 παθήμασι
454 3758 548 3812 καὶ
592 3760 713 3823 ταῖς
767 3755 1089 3825 ἐπιθυμίαις
1116 3754 1304 3825 ἐσμέν.
1337 3751 1507 3809 Οὔπω
1544 3753 1693 3809 Θεοῦ

92 3852 475 3922 κληρονόμοι
505 3850 603 3904 καὶ
639 3851 1128 3920 συγκληρονόμοι
1158 3846 1419 3918 Χριστοῦ
1446 3847 1694 3917 γεγόνοι-

88 3962 243 4015 μεν·
284 3946 376 3998 ὅτι
406 3944 515 4014 γὰρ
551 3940 770 4012 πνεῦμα
815 3940 1061 4003 δουλείας
1094 3939 1415 4009 ἐνυπάρχει,
1458 3937 1553 3991 καὶ
1596 3937 1696 4008 οὔχ

90 4037 387 4098 υἱοθεσίας
408 4052 421 4065 '
463 4034 617 4088 οὔπω
658 4034 989 4104 γεγόναμεν
1018 4032 1164 4099 ναός
1196 4031 1366 4097 Θεοῦ,
1398 4031 1496 4085 καί
1523 4032 1691 4099 οίκη-

91 4130 320 4200 τήριον
382 4128 729 4196 Πνεύματος
801 4126 1009 4194 ἁγίου·
1046 4123 1127 4178 ἔτι
1181 4123 1291 4195 γάρ
1348 4124 1517 4194 ἐσμεν
1570 4123 1695 4187 ναὸς

88 4221 369 4285 εἰδώλων,
404 4221 497 4272 καὶ
535 4218 744 4289 δοχείον
778 4216 1110 4287 πνευμάτων
1143 4215 1433 4287 πονηρίας,
1467 4214 1555 4269 διὰ
1596 4214 1697 4284 τὴν

87 4314 183 4366 ἐπὶ
210 4312 289 4366 τὰ
321 4309 472 4381 πάθη
507 4310 704 4382 ὁρμήν.

158 4411 242 4465 Ε’.
295 4410 511 4470 Ὄντως
566 4406 676 4477 γὰρ
722 4405 878 4471 οὔπω
924 4404 1018 4459 τοῦ
1068 4405 1271 4478 τρόπου
1300 4406 1361 4460 τὸ
1410 4406 1690 4478 ἀκέραιον,

86 4502 183 4555 καὶ
218 4500 330 4569 τὴν
354 4498 454 4568 τῆς
475 4496 715 4561 διανοίας
742 4496 1103 4568 λαμπρότητα
1126 4497 1495 4568 ἐκτησάμεθα.
1527 4496 1697 4552 Οὔπω

86 4590 536 4663 κατηξιώθημεν
562 4592 659 4643 τοῦ
692 4590 882 4644 ἀδόλου
919 4590 1011 4644 καὶ
1035 4588 1254 4658 λογικοῦ
1281 4589 1573 4657 γάλακτος,
1597 4591 1696 4644 καὶ

86 4688 187 4758 τῆς
216 4683 434 4757 νοητῆς
463 4683 763 4756 αὐξήσεως.
806 4681 974 4738 Οὔπω
999 4684 1132 4754 ήμῖν
1169 4682 1350 4754 ἡμέρα
1379 4683 1691 4753 διηύγασεν,

86 4779 217 4834 οὔτε
240 4776 535 4848 ἑωσφόρος
554 4778 612 4830 ὲν
632 4778 753 4839 ταῖς
774 4775 1026 4845 καρδίαις
1047 4774 1205 4845 ήμῶν
1221 4775 1512 4831 ἀνέτειλεν.
1528 4775 1697 4830 Οὔπω

89 4868 533 4941 συνεκράθημεν
566 4866 644 4939 τῷ
671 4866 805 4938 ἡλίῳ
829 4866 930 4935 τῆς
960 4866 1335 4939 δικαιοσύνης,
1393 4868 1547 4922 οὔπω
1575 4870 1697 4932 ταῖς

82 4960 267 5017 αὑτοῦ
312 4960 779 5032 συνηστράψαμεν
816 4958 1053 5013 ἀκτῖσιν.
1095 4958 1263 5013 Οὔπω
1312 4962 1697 5033 ἀπειλήφαμεν

88 5056 188 5127 τὴν
254 5050 367 5107 τοῦ
431 5050 637 5123 Κυρίου
700 5050 980 5122 ὁμοίωσιν,
1041 5052 1181 5106 οὔτε
1229 5052 1558 5122 γεγόναμεν
1586 5052 1697 5122 τῆς

88 5145 264 5212 θείας
311 5144 562 5214 φύσεως
609 5144 903 5197 κοινωνοί.
955 5143 1124 5197 Οὔπω
1169 5144 1478 5214 γεγόναμεν
1511 5145 1697 5209 ἄδολος

89 5236 375 5307 πορφύρα
439 5234 714 5305 βασιλικὴ,
754 5233 881 5287 οὔτε
941 5232 1227 5296 ἀνόθευτος
1287 5233 1451 5288 εἰκὼν
1516 5234 1694 5307 θεῖκή.

89 5330 270 5384 Οὔπω
312 5326 641 5397 ὲτρώθημεν
692 5326 771 5396 τῷ
810 5325 939 5396 θείῳ
983 5324 1170 5395 ἔρωτι,
1209 5324 1332 5379 οὔτε
1377 5326 1697 5399 ἐπλήγημεν

89 5424 200 5477 ὑπὸ
249 5424 365 5492 τῆς
398 5419 774 5489 πνευματικῆς
822 5417 1043 5487 ἀγάπης
1083 5414 1177 5469 τοῦ
1211 5417 1489 5488 Νυμφίου,
1529 5419 1697 5474 Οὔπω

89 5515 192 5587 τὴν
224 5515 528 5584 ἄφραστον
577 5510 861 5564 κοινωνίαν
899 5509 1298 5581 ἐγνωρίσαμεν,
1340 5508 1466 5563 οὔτε
1505 5509 1604 5582 τὴν
1638 5513 1697 5565 ἐν

90 5604 377 5678 ἁγιασμῷ
412 5602 642 5673 δύναμιν
681 5603 778 5656 καὶ
830 5601 1059 5673 εἰρήνην
1089 5599 1432 5672 ἐπέγνωμεν.
1467 5603 1579 5657 Καὶ
1609 5604 1697 5659 ἵνα

165 5725 217 5759 ³³
258 5722 479 5796 Ephes.
513 5738 588 5796 iv,
644 5718 830 5796 εξβὲ
926 5716 1187 5796 “‘1095.
1217 5732 1308 5796 xv,
1333 5717 1421 5796 QQ
1437 5736 1452 5785 ;
1491 5719 2116 5796 Rom._vtn,?9_;__19an.
2160 5718 2358 5796 tv.24;
2383 5720 2542 5777 Rom.
2571 5737 2645 5788 vr,
2678 5720 2768 5775 22.

96 5787 362 5852 “Gala't.
401 5810 474 5861 vr,
508 5793 593 5847 l7.
672 5791 737 5825 ιν
764 5791 923 5847 Rom.
951 5804 1068 5855 vm,
1102 5789 1189 5843 l7.
1265 5789 1311 5821 “
1338 5788 1358 5843 Ι
1383 5787 1512 5847 Cor.
1537 5808 1618 5861 Ill,
1644 5793 1729 5849 16.

1796 3202 1929 3259 huic
1965 3204 2170 3259 saeculo
2216 3219 2317 3274 per
2342 3203 2549 3259 mentis
2590 3202 2921 3257 vanitatem.
2956 3200 3206 3256 Nondum
3261 3216 3383 3256 cum

1795 3297 2004 3355 Christo
2027 3296 2315 3370 gloriﬁcati
2329 3314 2546 3362 sumus;
2573 3296 2699 3367 quia
2718 3311 2823 3349 non
2849 3291 3380 3365 compatimurilli“.

1794 3391 2045 3447 Nondum
2084 3393 2341 3463 stigmata
2388 3390 2536 3446 illius
2586 3392 2642 3445 in
2696 3404 2914 3461 corpore
2963 3396 3143 3443 nostro
3201 3396 3385 3459 gesta-

1796 3500 1911 3538 mus
1938 3484 2003 3549 ³⁸,
2039 3492 2329 3539 versantes
2374 3482 2430 3537 in
2480 3481 2749 3553 mysterio
2783 3480 2967 3536 crucis
2995 3479 3203 3536 Christi
3236 3497 3251 3535 :
3286 3479 3386 3536 ad-

1797 3571 1910 3627 huc
1935 3574 2083 3628 enim
2119 3572 2440 3629 carnalibus
2473 3570 2866 3628 affectionibus
2886 3578 2944 3626 et
2974 3571 3385 3642 concupiscen-

1799 3668 1895 3723 tiis
1917 3667 2143 3722 obnoxii
2179 3681 2394 3722 sumus.
2445 3665 2703 3721 Nondum
2729 3664 2827 3719 Dei
2854 3664 3107 3730 lueredes,
3135 3675 3184 3719 et
3214 3666 3385 3721 calta:-

1799 3758 1949 3813 redes
1975 3756 2171 3815 Christi
2204 3757 2333 3827 {acti
2360 3772 2541 3811 sumus
2568 3755 2634 3787 "‘
2664 3773 2678 3809 :
2709 3755 2941 3825 spiritus
2961 3756 3109 3811 enim
3146 3756 3385 3812 servitu-

1800 3849 1874 3905 tis
1923 3849 1978 3905 in
2033 3850 2199 3905 nobis
2248 3848 2433 3904 adhuc
2490 3847 2733 3912 exsistit,
2770 3859 2828 3903 et
2880 3863 2994 3903 non
3042 3848 3380 3919 adoptionis.

1796 3938 2054 3997 Nondum
2114 3938 2245 3993 iacti
2301 3953 2484 3991 sumus
2537 3934 2795 4007 templum
2834 3934 3069 4007 Spiritus
3117 3937 3290 3993 sancti
3311 3939 3381 4003 ⁸⁸,

1798 4048 1992 4088 sumus
2026 4031 2174 4087 enim
2209 4030 2395 4086 adhuc
2443 4030 2709 4101 templum
2766 4028 3067 4097 idolorum,
3139 4040 3195 4087 et
3228 4046 3385 4088 rece-

1798 4124 2081 4197 ptaculum
2101 4122 2397 4194 spirituum
2441 4120 2688 4185 malitiae,
2711 4129 2938 4193 propter
2972 4119 3240 4193 impetum
3261 4122 3385 4179 ani-

1805 4234 1909 4272 mae
1937 4217 2002 4271 ad
2031 4215 2379 4271 affectiones.

1874 4414 1941 4468 ν.
1982 4413 2192 4469 Revera
2275 4411 2427 4466 enim
2499 4425 2721 4465 morum
2775 4410 3209 4481 simplicitatem,
3264 4412 3387 4468 ani-

1802 4505 1991 4577 mique
2022 4505 2205 4560 lucem
2240 4504 2487 4559 nondum
2528 4502 2819 4558 consecuti
2872 4519 3082 4558 sumus.
3122 4504 3381 4559 Nondum

1800 4598 1955 4669 digni
1984 4613 2178 4653 sumus
2211 4597 2385 4657 habiti
2419 4596 2640 4651 sincero
2662 4605 2717 4651 et
2746 4595 3110 4651 intellectuali
3133 4596 3297 4665 lacte,
3322 4606 3382 4652 et

1799 4690 2119 4747 intellectus
2186 4689 2558 4744 incremento.
2605 4687 2861 4743 Nondum
2950 4686 3133 4742 illuxit
3217 4688 3382 4744 nobis

1799 4780 1943 4846 dies,
1979 4795 2161 4851 neque
2207 4776 2487 4833 lucifcrin
2514 4775 2779 4832 cordibus
2824 4774 3028 4830 nostris
3069 4782 3226 4830 ortus
3272 4784 3378 4830 est.

1800 4871 2057 4928 Nondum
2107 4870 2363 4942 permisti
2410 4884 2605 4924 sumus
2630 4867 2757 4923 Sole
2789 4867 3039 4939 iustitiae,
3069 4882 3173 4922 nec
3198 4867 3381 4922 adhuc

1801 4964 1953 5021 illius
1980 4964 2153 5019 radiis
2192 4964 2486 5035 fulgemus.
2515 4960 2773 5017 Nondum
2818 4960 3133 5030 accepimus
3162 4958 3379 5014 Domini

1799 5056 2247 5116 similitudinem,
2296 5070 2400 5110 nec
2430 5054 2715 5125 participes
2761 5053 2953 5108 divina:
3001 5061 3209 5106 natura:
3254 5051 3381 5120 facti

1798 5165 1981 5203 sumus
2000 5148 2093 5200 ³⁵⁸.
2132 5145 2387 5201 Nondum
2431 5144 2558 5199 facti
2612 5159 2805 5199 sumus
2865 5142 3083 5198 sincera
3133 5154 3380 5212 purpura

1801 5240 1972 5311 regia,
2001 5252 2111 5293 nec
2154 5237 2393 5308 genuina
2430 5237 2612 5308 imago
2659 5235 2782 5291 Dei.
2831 5234 3087 5290 Nondum
3140 5232 3377 5289 sanciati

1801 5346 1993 5386 sumus
2029 5344 2215 5384 amore
2260 5328 2469 5394 divino,
2503 5344 2608 5383 nec
2640 5327 2890 5397 percussi
2946 5324 3220 5397 spirituali
3246 5324 3378 5379 cha-

1833 5425 1968 5478 itate
2026 5421 2244 5491 Sponsi.
2322 5420 2578 5476 Nondum
2645 5419 2984 5475 ineﬂ'ahilem
3056 5417 3375 5473 societatem

1811 5513 2182 5585 cognovimus,
2224 5526 2407 5582 neque
2435 5512 2547 5566 vim
2582 5519 2641 5567 et
2679 5526 2899 5581 pacem.
2933 5524 3055 5580 quae
3085 5510 3139 5564 in
3171 5509 3377 5564 sancti-

1801 5604 2057 5662 ﬁcatione
2093 5612 2201 5669 est,
2243 5603 2626 5675 cognovimus.
2662 5603 2732 5659 Et
2785 5612 2849 5660 ut
2892 5602 3141 5658 breviter
3194 5600 3378 5657 omnia

2870 5719 2911 5753 “
2946 5719 3107 5776 Rom.
3134 5735 3248 5789 vni,
3284 5719 3375 5775 17.

1834 5792 1900 5825 ³⁸⁸
1922 5791 1966 5847 ll
1996 5791 2141 5847 Petr.
2168 5807 2205 5859 ι,
2236 5791 2287 5845 4.
3422 5806 3441 5819 ·
