3966 6516
155 339 247 404 673

1325 324 1687 392 ΗΟΜΙΙᾸᾹζ.
1723 346 1791 356 -
1816 320 2003 385 ΗΟΜ.
2044 324 2218 386 XXV.

3303 327 3407 392 67/.

152 459 312 530 μένως
363 446 601 518 μετέσχε
652 444 844 517 Μαρία
891 443 1219 500 καθεσθεῖσα
1265 442 1403 515 πρὸς
1436 443 1549 504 τοῖς
1586 438 1755 494 ποσὶι

1840 437 2100 508 )articeps
2120 436 2222 491 fuit
2249 435 2440 503 Maria,
2473 449 2596 506 quas
2625 435 2770 492 sedit
2795 437 2950 509 juxta
2975 436 3145 508 pedes
3165 439 3404 508 Domini,

150 547 234 606 τοῦ
267 542 486 616 Κυρίου,
544 542 641 595 καὶ
687 539 1000 611 δακρύουσα
1055 537 1198 609 μετὰ
1242 537 1346 608 τὴν
1404 533 1716 606 μαρτυρίαν

165 636 312 696 αὑτοῦ
337 634 428 688 τοῦ
467 635 742 705 Σωτῆρος.
768 633 906 702 Φησὶ
931 631 1063 702 γὰρ,
1097 629 1289 698 Μαρία
1319 626 1386 680 δὲ
1411 625 1528 693 τὴν
1573 624 1717 692 dra-

149 725 476 797 θὴνμερίδα
509 723 831 788 ἐξελέξατο
863 763 877 784 ,
928 721 1061 789 ἣτις
1099 721 1210 774 οὐκ
1251 715 1719 787 ἀφαιρεθήσεται

150 820 238 877 ἀπ’
264 814 472 884 αὐτῆς.
513 816 581 867 Ὢ
616 815 727 868 τῶν
754 813 1068 882 πολυτίμων
1096 811 1323 864 ὲκείνων
1362 807 1720 878 μαργαριτῶν

149 919 198 966 ὲν
218 913 277 980 τῇ
295 909 520 978 ἐπιρροῇ
543 906 652 960 τῶν
681 906 966 976 μακαρίων
983 901 1264 973 δακρύωνί
1289 902 1352 952 Ὢ
1378 901 1476 971 τῆς
1503 899 1720 963 εὐθείας

150 1002 344 1069 ἐκείνης
387 999 482 1050 καὶ
531 996 820 1060 εὐπειθοῦς
870 996 1058 1064 ἀκοῆςί
1098 996 1162 1046 Ὢ
1191 995 1288 1063 τῆς
1327 992 1580 1063 ἀνδρείας
1627 992 1723 1044 καὶ

150 1096 303 1163 σοφῆς
317 1091 551 1154 διανοίας
573 1093 585 1145 l
617 1092 679 1144 "ﬂ
699 1091 893 1162 ὀξύτης
919 1090 1061 1143 Πνεύ
1071 1106 1238 1160 ματος
1258 1089 1466 1159 Κυρίου
1493 1087 1720 1158 ἔρωτος,

152 1189 378 1260 σφοδρῶς
430 1192 570 1259 πρὸς
618 1189 710 1241 τὸν
754 1190 1022 1260 ἄχραντον
1051 1188 1306 1258 Νυμφίον
1353 1186 1716 1255 ὲπαγομὲνουί

151 1288 206 1338 Ὢ
219 1283 430 1352 κέντρον
453 1281 620 1337 πόθου
644 1281 822 1352 ψυχῆς
848 1281 984 1352 πρὸς
1006 1281 1095 1332 τὸν
1125 1279 1258 1332 Θεὸν
1279 1278 1472 1346 Λόγονί
1507 1279 1572 1331 Ὢ
1598 1278 1725 1332 σύν-

151 1391 297 1444 τομος
345 1372 597 1426 κοινωνία
622 1371 840 1441 νύμφης
877 1372 1012 1442 πρὸς
1055 1368 1147 1421 τὸν
1167 1367 1418 1440 οὐράνιον
1449 1366 1721 1438 Νυμφίονί

215 1468 285 1520 0’.
324 1465 580 1534 Μίμησαι
624 1463 830 1534 ταύτην
857 1504 872 1529 ,
911 1463 988 1525 ὡς
1031 1460 1222 1516 τέκνον
1246 1502 1261 1528 ,
1315 1460 1552 1532 μίμησαι
1587 1460 1726 1531 πρὸς

157 1562 306 1633 μηδὲν
337 1559 524 1628 ἕτερον
553 1557 851 1628 ἀφορῶσα,
908 1559 956 1611 εί
992 1556 1068 1628 μὴ
1119 1555 1258 1627 πρὸς
1297 1555 1457 1624 μόνον
1510 1553 1602 1607 τὸν
1649 1554 1728 1606 εί·

155 1655 332 1712 πόντα,
357 1652 483 1720 Πῦρ
504 1646 696 1721 ἦλθον
711 1650 934 1714 ,ϐαλεῖν
955 1651 1042 1716 εις
1072 1650 1188 1718 τὴν
1207 1645 1346 1718 γῆν,
1377 1646 1476 1700 καὶ
1501 1646 1557 1699 τί
1575 1645 1730 1700 θέλω

156 1748 203 1799 εί
230 1743 340 1811 ἤδη
367 1740 648 1810 ἁνήςρθης
684 1739 839 1792 Ἐστι
865 1739 974 1810 γάρ
1005 1737 1252 1808 πύρωσις
1281 1736 1374 1791 τοῦ
1408 1735 1729 1807 Πνεύματος

154 1831 638 1907 ήάναζωπυροῦσα
669 1831 770 1894 τὰς
801 1830 1051 1903 καρδίας.
1100 1830 1247 1883 Διότι
1296 1827 1360 1883 τὸ
1415 1827 1579 1883 ᾶῦλον
1635 1828 1731 1880 καὶ

156 1929 283 1982 θεῖον
317 1923 427 1995 πῦρ
483 1923 708 1993 φωτίζει
748 1923 845 1994 μὲν
878 1922 1080 1992 ψυχὰς,
1131 1923 1226 1975 καὶ
1263 1918 1582 1990 δοκιμάζειν
1610 1920 1732 1972 ετω-

157 2023 256 2086 θεν,
302 2019 494 2089 ῶσπερ
539 2018 723 2071 ἄδολον
769 2016 968 2087 χρυσὸν
1017 2017 1074 2068 tv
1125 2014 1344 2086 καμίνῳ
1374 2030 1389 2046 ⁸
1425 2012 1624 2068 κακίαν
1673 2012 1731 2064 δὲ

155 2111 443 2175 ἀναλίσκει,
501 2108 689 2180 ὥσπερ
719 2107 963 2172 ἀκάνθας
1017 2107 1111 2160 καὶ
1162 2105 1415 2177 καλάμην
1448 2122 1463 2137 ο
1507 2105 1572 2158 '0
1620 2103 1731 2173 γὰρ

158 2206 289 2270 Θεὸς
313 2199 484 2269 ἡμῶν
521 2200 641 2268 πῦρ
683 2198 1140 2256 καταναλίσκον
1163 2197 1316 2262 ἐστὶ,
1347 2196 1551 2264 διδοὺς
1577 2195 1733 2251 ἐκδί-

157 2310 328 2365 κησιν
355 2294 482 2360 τοῖς
509 2293 594 2363 μὴ
616 2293 846 2347 εἰδόσιν
869 2292 1056 2346 αὐτὸν
1075 2292 1146 2346 ἐν
1163 2291 1348 2361 φλογί
1388 2292 1601 2360 πυρὸς,
1629 2291 1730 2346 καί

158 2387 271 2454 τοῖς
293 2385 375 2455 μὴ
403 2386 785 2440 ὑπακούουσι
809 2382 889 2449 τῷ
922 2383 1270 2452 Εὑαγγευιίῳ
1295 2383 1505 2438 αὐτοῦ.
1560 2382 1734 2437 Τοῦτο

158 2481 212 2534 τὸ
239 2479 346 2552 πῦρ
377 2479 685 2548 ἐνήργησεν
706 2479 764 2530 tv
790 2478 904 2540 τοῖς
932 2475 1278 2541 ἀποστόλοις,
1311 2475 1476 2546 ήνίκα
1507 2474 1733 2529 ἐλάλουν

160 2573 423 2638 γλώσσαις
477 2571 751 2641 πυρίναις.
811 2568 984 2623 Τοῦτο
1018 2569 1081 2622 τὸ
1136 2567 1248 2641 πῦρ
1279 2567 1368 2622 διὰ
1404 2568 1505 2637 τῆς
1546 2567 1733 2637 φωνῆς

158 2665 353 2719 Παῦλον
385 2663 776 2735 περιλάμψαν,
817 2659 915 2732 τὴν
962 2660 1060 2731 μὲν
1098 2661 1338 2715 διάνοιαν
1375 2657 1542 2712 αὐτοῦ
1586 2658 1732 2727 ἐφώ-

158 2773 282 2820 τισε,
331 2757 435 2826 τὴν
483 2755 562 2814 δὲε
591 2753 848 2824 αἴσθησιν
913 2751 1013 2822 τῆς
1071 2751 1252 2822 ὅψεως
1327 2749 1494 2806 αὑτοῦ
1552 2749 1734 2819 ἠμαύ-

162 2864 346 2918 ρωσεν.
415 2847 494 2901 Οὐ
547 2846 658 2917 γάρ
713 2845 882 2916 χωρὶς
931 2843 1136 2915 σαρκὸς
1185 2839 1327 2897 εἶδεν
1383 2842 1592 2896 ἐκείνου
1639 2841 1733 2896 τοῦ

160 2940 321 3009 φωτὸς
349 2939 454 3008 τὴν
477 2938 731 3010 δύναμιν.
779 2935 950 2990 Τοῦτο
1003 2936 1064 2990 τὸ
1120 2934 1231 3007 πῦρ
1258 2935 1416 3006 ὤφθη
1437 2935 1646 3006 Μωῦσῇ
1677 2936 1736 2987 tv

158 3035 219 3104 τῇ
249 3032 391 3102 βάτῳ
415 3048 432 3064 ο
463 3029 626 3084 τοῦτο
650 3029 713 3083 τὸ
745 3027 856 3100 πῦρ
886 3029 944 3082 tv
969 3029 1100 3083 εἴδει
1133 3027 1410 3099 ὀχήματος
1454 3026 1642 3081 Ἠλίαν
1671 3028 1736 3081 ὲκ

1819 529 2068 598 plorans,
2124 530 2208 584 vel
2269 528 2442 600 ipsius
2497 528 2798 585 Salvatoris
2848 529 3185 586 testimonio.
3225 533 3412 604 lnquit

1820 621 1969 676 enim
1993 638 2007 675 :
2035 621 2210 676 Maria
2237 624 2492 692 Optimam
2524 633 2731 693 partem
2769 623 2944 694 elegit,
2980 640 3098 694 qua:
3125 642 3228 679 non
3256 628 3411 697 aufe-

1823 723 1972 768 retur
2004 716 2068 770 ab
2103 732 2166 770 ea
2189 716 2256 770 ⁸³.
2279 715 2323 772 0
2355 717 2622 787 pretiosas
2675 717 3002 788 margaritas
3041 717 3162 773 illas
3207 718 3260 772 in
3310 719 3410 775 de-

1822 808 2066 862 ﬂuxione
2099 808 2383 863 beatarum
2415 810 2780 880 lacrymarum
2806 811 2817 862 !
2844 808 2887 865 0
2922 819 3136 864 rectum
3173 810 3326 865 illum
3354 822 3414 868 et

1823 903 2222 972 obsequiosum
2275 903 2561 958 auditum!
2634 902 2679 958 0
2735 904 2932 958 fortem
2981 919 3046 958 ac
3106 905 3411 974 sapientem

1825 996 2105 1050 animum!
2143 994 2187 1050 0
2217 1010 2449 1050 acumen
2484 995 2724 1066 Spiritus
2755 995 2971 1050 Domini
3021 997 3243 1060 amoris,
3283 1012 3411 1068 erga

1827 1105 2092 1159 sponsum
2138 1088 2633 1143 incontaminatum
2693 1089 3056 1144 vehementer
3114 1088 3331 1143 affecti!
3369 1089 3414 1144 0

1827 1182 2113 1236 stimulum
2169 1180 2426 1236 desiderii
2493 1181 2688 1234 animae
2739 1196 2867 1252 erga
2919 1181 3091 1236 Deum
3135 1182 3409 1236 Verbum!

1827 1275 1871 1330 0
1923 1282 2134 1329 arctam
2183 1275 2507 1330 societatem
2567 1290 2780 1345 sponsae
2815 1289 2945 1344 erga
2993 1275 3266 1345 Sponsum
3299 1293 3414 1333 coe-

1827 1368 2022 1423 lestem
2054 1370 2066 1421 ι

1903 1457 1995 1513 ιχ.
2045 1459 2265 1514 Imitare
2299 1465 2462 1523 hanc,
2497 1473 2529 1512 ο
2579 1458 2675 1522 fili,
2711 1458 2949 1524 imitare,
3002 1459 3249 1529 inquam,
3275 1462 3417 1516 nihil

1832 1549 1981 1604 aliud
2017 1550 2240 1604 intuens
2277 1558 2477 1620 praeter
2502 1564 2629 1604 eum
2665 1549 2867 1612 solum,
2898 1551 2991 1620 qui
3020 1551 3196 1606 dixit:
3233 1553 3414 1625 Ignem

1836 1642 1955 1696 ueni
1986 1642 2194 1695 mittere
2220 1643 2276 1695 in
2308 1651 2530 1706 terram,
2554 1651 2601 1694 et
2629 1642 2756 1711 quid
2777 1641 2916 1707 uolo,
2946 1643 2991 1696 si
3017 1644 3138 1714 jam
3169 1663 3418 1702 accensus

1836 1743 1914 1788 est
1931 1734 2016 1787 ³⁸⁸9
2041 1734 2137 1790 Est
2163 1735 2313 1789 enim
2343 1733 2509 1789 ardor
2551 1733 2790 1805 Spiritus
2825 1735 3108 1791 vivificans
3142 1747 3198 1792 et
3221 1754 3422 1794 accen-

1838 1826 1976 1882 dens
2010 1827 2199 1882 corda.
2251 1826 2596 1896 Quapropter
2646 1827 3026 1883 immaterialis
3082 1837 3140 1883 et
3198 1830 3421 1887 divinus

1837 1918 1928 1974 ille
1982 1918 2126 1990 ignis
2167 1919 2444 1974 illuminat
2473 1918 2707 1985 animas,
2745 1928 2802 1974 et
2838 1919 3076 1990 probare
3133 1924 3422 1996 consuevit

1835 2027 1951 2077 eas,
1981 2013 2132 2067 velut
2173 2028 2370 2067 aurum
2405 2027 2517 2066 non
2551 2011 2919 2066 adulteratum
2956 2013 3011 2068 in
3043 2016 3298 2071 camino:
3338 2017 3421 2071 vi-

1837 2105 1978 2159 tium
2024 2120 2158 2160 vero
2216 2106 2514 2172 consumit,
2563 2105 2736 2161 veluti
2793 2106 2981 2177 Spinas
3035 2119 3091 2162 et
3139 2110 3421 2180 stipulam.

1835 2197 1975 2253 Deus
1992 2198 2142 2252 enim
2170 2207 2345 2252 noster
2369 2201 2504 2270 ignis
2529 2217 2840 2255 consumens
2870 2209 2965 2265 est,
2988 2202 3229 2273 inﬂigens
3260 2203 3424 2259 ultio-

1837 2308 1959 2346 nent
1988 2293 2052 2345 iis
2099 2293 2154 2345 in
2183 2292 2294 2364 94
2324 2295 2544 2363 ﬂamma
2567 2294 2727 2362 ignis,
2748 2295 2839 2364 qui
2874 2311 2977 2346 non
3000 2305 3258 2349 noverunt
3280 2313 3420 2363 eum,

1837 2394 1884 2438 et
1909 2386 2002 2455 qui
2023 2402 2126 2438 non
2144 2386 2506 2456 obtemperant
2525 2386 2817 2456 Evangelio
2833 2386 2899 2440 ⁸³.
2929 2387 3188 2457 Hicignis
3217 2389 3270 2443 in
3295 2405 3427 2460 apo-

1837 2476 1992 2531 stolis
2017 2476 2127 2531 vim
2158 2492 2314 2531 suam
2347 2477 2617 2540 exercuit,
2662 2477 2882 2547 quando
2923 2477 3294 2548 loquebantur
3319 2481 3425 2536 lin-

1835 2567 1960 2637 guis
1994 2567 2168 2640 igneis
2185 2568 2250 2624 “.
2282 2568 2382 2623 Hic
2425 2569 2568 2639 ignis
2594 2585 2693 2639 per
2724 2585 2916 2625 vocem
2958 2571 3187 2626 Paulum
3242 2576 3427 2643 splen-

1836 2661 1971 2715 dore
2001 2676 2064 2716 ac
2097 2661 2306 2717 lumine
2337 2661 2715 2725 circumfudit,
2742 2672 2982 2718 mentem
3015 2666 3241 2734 quidem
3279 2666 3426 2722 illius

1839 2755 2192 2819 illuminavit,
2229 2771 2452 2810 sensum
2499 2765 2683 2810 autem
2723 2757 2878 2811 visus
2905 2758 3026 2827 ejus
3060 2758 3422 2815 hebetavit".

1837 2847 2028 2918 Neque
2051 2848 2197 2902 enim
2221 2846 2340 2903 sine
2366 2862 2532 2903 carne
2552 2847 2691 2903 vidit
2716 2849 2944 2903 luminis
2971 2849 3120 2904 illius
3143 2849 3425 2910 virtutem.

1838 2941 1939 2997 Hic
1980 2941 2124 3012 ignis
2167 2941 2301 2996 Mosi
2355 2941 2611 3011 apparuit
2663 2941 2718 2996 in
2769 2941 2912 2996 rubo
2931 2943 2998 2997 ⁸⁸.
3044 2942 3144 2999 llic
3187 2944 3328 3015 ignis
3368 2945 3426 3001 iu

1839 3033 2024 3101 specie
2073 3048 2271 3088 currus
2314 3032 2490 3087 Eliam
2536 3048 2566 3085 a
2599 3041 2742 3087 terra
2779 3032 3046 3102 rapuit".
3081 3034 3255 3106 Hujus
3283 3036 3425 3107 ignis

159 3124 252 3193 τῆς
274 3126 372 3195 γῆς
395 3124 619 3194 ἥρπασε
651 3137 665 3152 ·
701 3121 894 3176 τούτου
940 3119 1036 3174 τοῦ
1084 3120 1255 3191 πυρὸς
1302 3119 1401 3190 τὴν
1447 3119 1734 3189 ἐνέργειαν

1840 3123 2134 3180 eilicaciam
2164 3126 2450 3195 inquirens
2481 3125 2677 3179 beatus
2709 3124 2878 3179 David
2910 3126 3081 3181 dixit:
3115 3129 3286 3183 Proba
3321 3147 3423 3194 me,

161 3216 328 3286 ζητῶν
364 3217 392 3269 ὁ
434 3215 709 3286 μακάριος
761 3214 926 3268 Δασὶδ
983 3212 1137 3280 ἔλεγε
1162 3250 1177 3276 ,
1229 3212 1572 3280 Δοκίμασόν
1608 3226 1688 3280 με
1716 3247 1732 3275 ,

161 3311 343 3376 Κύριε,
383 3306 488 3361 καὶ
521 3305 816 3375 πείρασόν
844 3322 920 3375 με
947 3321 963 3336 ο
987 3305 1274 3373 πύρωσον
1303 3302 1448 3368 τοὺς
1473 3303 1735 3372 νεφρούς

160 3419 266 3472 μου
294 3402 391 3454 καί
425 3400 550 3467 τὴν
579 3398 840 3468 καρδίαν
859 3416 1009 3468 μου.

230 3494 285 3546 1'.
307 3492 474 3544 Τοῦτο
499 3493 562 3546 τὸ
588 3492 698 3564 πῦρ
722 3491 821 3562 τὴν
851 3490 1080 3560 καρδίαν
1104 3488 1323 3543 Κλεόπα
1354 3488 1451 3542 καὶ
1485 3490 1612 3553 τοὺς
1638 3488 1736 3542 σῦν

166 3583 304 3655 αὐτῷ
341 3583 640 3656 ἑθέρμανε,
685 3583 974 3648 λαλοῦντος
1018 3582 1113 3637 τοῦ
1165 3583 1420 3654 Σωτῆρος
1465 3581 1606 3653 μετά
1633 3583 1735 3653 τὴν

165 3678 470 3742 ἀνάστασιν,
525 3675 650 3730 ὅθεν
702 3675 797 3729 καὶ
836 3675 1059 3744 ἄγγελοι
1106 3673 1204 3730 καὶ
1267 3674 1338 3727 τὰ
1385 3672 1738 3744 λειτουργικὰ

167 3769 443 3840 πνεύματα
470 3767 665 3823 τούτου
693 3767 790 3820 τοῦ
852 3768 1024 3839 πυρὸς
1054 3767 1154 3836 τῆς
1184 3765 1571 3837 λαμπρότητος
1614 3783 1742 3837 μετ-

166 3860 363 3926 έχουσι,
388 3857 538 3912 κατά
570 3857 632 3910 τὸ
653 3859 774 3928 είρη
783 3856 966 3926 μένον,
1001 3857 1057 3909 ’0
1079 3855 1266 3911 ποιῶν
1288 3859 1428 3922 τοὺς
1442 3856 1742 3926 ἀγγέλους

163 3951 340 4006 αὑτοῦ
387 3951 724 4020 πνεύματα,
770 3950 870 4003 καὶ
926 3949 1070 4015 τοὺς
1113 3949 1502 4019 λειτουργοὺς
1550 3949 1742 4005 αὐτοῦ

163 4044 277 4114 πῦρ
308 4044 564 4114 φλέγων.
599 4042 770 4097 Τοῦτο
800 4043 861 4096 τὸ
891 4042 1004 4114 πῦρ
1029 4042 1128 4114 τὴν
1151 4043 1209 4096 tv
1238 4042 1318 4114 τῷ
1352 4041 1500 4096 ἔνδον
1543 4043 1743 4113 ὀφθαλ-

165 4137 248 4207 μῷ
275 4137 428 4192 δοκὸν
457 4138 779 4198 κατακαίον,
811 4135 1050 4206 καθαρὸν
1081 4135 1175 4189 τὸν
1203 4135 1330 4189 νοῦν
1366 4137 1743 4208 ἀποκαθίστη-

171 4246 271 4294 σιν,
295 4230 382 4284 ῖνα
407 4228 704 4285 ἀπολαϐὼν
731 4228 794 4282 τὸ
823 4228 965 4283 κατὰ
985 4228 1148 4297 φύσιν
1175 4229 1502 4300 διορατικὸν,
1535 4231 1637 4302 ὁρᾷ
1662 4231 1743 4294 εἰς

161 4321 218 4375 τὸ
243 4322 492 4394 διηνεκὲς
525 4322 597 4377 τά
617 4323 712 4377 τοῦ
739 4321 876 4376 Θεοῦ
906 4321 1188 4392 θαυμάσια
1207 4361 1222 4385 ,
1260 4321 1403 4376 κατά
1426 4322 1517 4376 τὸν
1555 4322 1742 4392 λέγον-

1838 3218 2095 3280 Domine,
2155 3228 2205 3272 et
2263 3227 2408 3273 tenta
2461 3234 2563 3275 me.
2638 3218 2740 3277 Ui'e
2803 3234 2952 3274 renes
3016 3236 3158 3276 meos

1841 3328 2014 3365 meum
2031 3312 2096 3365 '°.

3225 3231 3274 3275 et
3339 3240 3427 3276 cor

1913 3489 1977 3543 Χ.
2010 3491 2110 3544 Hic
2140 3490 2282 3560 ignis
2317 3504 2415 3545 cor
2439 3489 2696 3560 Cleopha:
2744 3505 2810 3547 ac
2855 3491 2992 3548 socii
3037 3493 3159 3562 ejus
3217 3492 3429 3549 inﬂam-

1841 3583 2048 3646 mabat,
2069 3597 2196 3637 cum
2236 3582 2560 3652 loqueretur
2591 3583 2842 3638 Salvator
2871 3599 2996 3638 cum
3029 3584 3137 3639 illis
3181 3596 3303 3656 post
3346 3603 3430 3642 re-

1841 3675 2266 3730 surrectionem.
2286 3675 2443 3733 Unde
2459 3691 2680 3746 quoque
2697 3677 2874 3746 angeli
2896 3686 2951 3732 et
2973 3679 3428 3737 administratorii

1842 3766 2072 3835 spiritus
2117 3766 2393 3836 splendidi
2441 3766 2608 3836 hujus
2639 3766 2782 3836 ignis
2826 3767 3123 3836 participes
3152 3778 3304 3829 sunt.
3342 3785 3431 3826 sc-

1844 3857 2088 3912 cundum
2119 3857 2174 3913 id
2211 3858 2358 3928 quod
2397 3857 2605 3912 dictum
2633 3866 2748 3912 est:
2784 3856 2888 3923 Qui
2917 3859 3044 3928 facit
3071 3860 3284 3929 angelos
3315 3862 3430 3932 ejus

1841 3950 2090 4020 spiritus,
2138 3958 2187 4004 et
2224 3951 2493 4005 ministros
2537 3965 2660 4004 suos
2702 3952 2877 4021 ignem
2923 3953 3196 4008 ardentem
3229 3957 3297 4006 “.
3333 3954 3434 4011 llic

1842 4042 2009 4114 ignis,
2046 4042 2260 4096 trabem
2311 4042 2594 4096 interioris
2643 4042 2787 4097 oculi
2829 4056 3188 4110 consumens,
3229 4061 3432 4115 purum

1846 4136 2030 4191 reddit
2060 4135 2327 4199 animum,
2363 4143 2442 4200 ut,
2495 4141 2720 4204 recepta
2769 4135 3005 4190 naturali
3055 4135 3312 4193 facultate
3347 4141 3434 4193 vi-

1845 4229 2036 4294 dendi,
2058 4227 2362 4297 conspiciat
2382 4234 2654 4296 perpetuo
2681 4226 2953 4282 mirabilia
2981 4228 3099 4292 Dei,
3125 4229 3431 4286 secundum

1845 4336 1972 4376 eum
2000 4321 2093 4391 qui
2120 4320 2338 4390 inquit:
2371 4319 2563 4374 Revela
2601 4319 2778 4374 oculos
2819 4337 2978 4384 meos,
3004 4329 3054 4372 et
3093 4323 3434 4376 considerabo

159 4430 246 4479 τα,
270 4416 703 4485 Ἀποκάλυψον
722 4414 868 4481 τοὺς
885 4414 1236 4484 ὀφθαλμούς
1258 4431 1403 4484 μου,
1437 4415 1536 4469 καὶ
1569 4432 1744 4471 κατα-

1849 4413 2118 4468 mirabilia
2161 4414 2224 4466 de
2268 4411 2381 4483 lege
2415 4420 2508 4465 tua
2527 4413 2592 4466 “.
2618 4412 2719 4468 Hic
2745 4413 2928 4482 itaque
2966 4413 3108 4483 ignis
3139 4412 3287 4484 fugat
3319 4415 3434 4469 dte-

160 4476 354 4575 νοῆσω
399 4511 475 4564 τὰ
517 4476 858 4578 θαιψάσια⁷
881 4476 952 4562 ἐκ
993 4476 1102 4562 τοῦ
1137 4476 1327 4577 νόμον
1382 4476 1522 4563 σου.
1571 4508 1744 4565 Τοῦτο

1851 4521 2065 4572 mones,
2098 4505 2243 4562 tollit
2275 4513 2521 4575 peccata,
2557 4505 2923 4560 resuscitandi
2960 4506 3070 4559 vim
3105 4507 3308 4570 habet;
3343 4507 3435 4563 hic

159 4601 443 4672 τοιγαροῦν
474 4601 539 4655 τὸ
563 4601 677 4673 πῦρ
699 4601 972 4672 δαιμόνων
1011 4600 1129 4654 ἐστὶ
1165 4601 1622 4672 φυγαδευτήριον,
1648 4602 1743 4656 καὶ

160 4693 425 4763 ἁμαρτίας
455 4693 826 4764 ἀναιρετικὸν,
860 4694 1210 4756 ἀναστάσεως
1253 4693 1311 4747 δὲ
1345 4692 1598 4764 δύναμις,
1646 4696 1742 4750 καὶ

158 4786 452 4850 ἀθανασίας
489 4787 767 4855 ἐνέργεια,
827 4785 1014 4855 ψυχῶν
1064 4786 1238 4853 ἁγίων
1290 4787 1612 4857 φωτισμδς,
1645 4790 1741 4843 καὶ

159 4872 384 4939 λογικῶν
424 4873 714 4944 δυνάμεων
771 4873 1054 4937 σύστασις.
1108 4873 1280 4927 Τοῦτο
1329 4873 1393 4927 τὸ
1426 4873 1538 4946 πῦρ
1572 4877 1742 4943 εὐξώ-

160 4964 290 5030 μεθα
329 4964 426 5017 καὶ
480 4966 565 5028 είς
593 4965 743 5036 ἡμᾶς
798 4963 1024 5034 φθάσαι,
1086 4963 1172 5018 ἵνα
1220 4966 1453 5019 πάντοτε
1499 4969 1558 5022 tv
1599 4970 1739 5036 φωτὶ

159 5056 618 5127 περιπατοῦντες,
644 5057 913 5128 μηδέποτε
931 5057 1034 5111 κᾶν
1064 5058 1201 5128 πρὸς
1229 5058 1405 5130 βραχὺ
1426 5061 1746 5132 προσκόψω-

159 5164 251 5213 μεν
283 5149 425 5220 πρὸς
456 5149 611 5204 λίθον
639 5151 767 5214 τοῦς
794 5151 959 5214 πόδας
981 5152 1138 5222 ἡμῶν
1157 5194 1174 5220 ,
1205 5152 1321 5206 ἀλλ’
1355 5153 1432 5218 ῶς
1457 5158 1746 5228 φωστῆρες

158 5241 209 5290 ὲν
237 5242 432 5314 κόσμῳ
464 5244 792 5315 φαινόμενοι
819 5245 978 5314 λόγον
1013 5245 1162 5316 ζωῆς
1205 5247 1496 5318 ἐπέχωμεν
1529 5249 1702 5303 ἀϊδίου
1727 5291 1741 5315 ,

158 5331 236 5387 ἵνα
262 5336 639 5402 ἀπολαύοντες
678 5339 738 5391 tv
774 5341 887 5402 τοῖς
916 5339 1144 5407 ἀγαθοῖς
1184 5339 1277 5394 τοῦ
1315 5340 1452 5394 Θεοῦ
1474 5381 1489 5406 ,
1533 5342 1631 5397 σὺν
1669 5343 1747 5414 τῷ

158 5426 338 5497 Κυρίῳ
368 5429 829 5501 ἀναπαυσώμεθα
868 5433 926 5484 tv
959 5430 1096 5502 ζωῇ,
1128 5430 1445 5496 δοξάζοντες
1474 5435 1708 5507 ,Πατέρα
1730 5478 1742 5498 ,

1847 4599 2321 4654 immortalitatem
2369 4607 2653 4669 operatur,
2700 4607 2919 4653 sanctas
2968 4599 3176 4654 animas
3226 4599 3436 4655 illumio

1844 4699 1960 4756 nat,
2007 4698 2064 4745 et
2115 4690 2405 4746 facultates
2459 4689 2755 4745 rationales
2793 4689 2996 4745 firmat.
3046 4689 3202 4746 llunc
3250 4692 3435 4762 ignem

1845 4787 2204 4843 obsecremus
2230 4787 2298 4841 ad
2329 4801 2431 4841 nos
2457 4801 2678 4856 quoque
2707 4786 3018 4855 pervenire,
3051 4796 3130 4850 ut,
3169 4796 3438 4857 perpetuo

1845 4878 1901 4932 in
1936 4879 2147 4934 lumine
2190 4878 2562 4941 ambulantes,
2608 4892 2894 4946 nunquam
2937 4877 3020 4932 vel
3053 4879 3319 4946 tantiSper
3352 4881 3435 4933 of-

1852 4972 2142 5027 fendamus
2177 4972 2245 5027 ad
2286 4971 2522 5042 lapidem
2554 4970 2723 5040 pedes
2767 4981 3008 5031 nostros,
3037 4971 3130 5024 sed
3170 4972 3319 5026 velut
3355 4973 3438 5026 lu-

1849 5065 2082 5119 minaria
2111 5065 2165 5118 in
2194 5064 2400 5119 mundo
2432 5063 2773 5134 apparentia,
2802 5062 3033 5116 verbum
3065 5072 3285 5119 aeternas
3307 5065 3435 5120 vita:

1847 5158 2206 5222 retineamus,
2231 5165 2310 5220 ut,
2329 5157 2490 5211 bonis
2524 5155 2728 5210 divinis
2757 5154 3023 5217 fruentes,
3043 5171 3169 5210 cum
3201 5156 3436 5213 Domino

1848 5250 1902 5305 in
1946 5250 2058 5304 vita
2097 5249 2530 5320 requiescamus,
2559 5247 2931 5319 gloriﬁcantes
2970 5249 3211 5310 Patrem,
3244 5259 3302 5304 ct
3345 5250 3436 5304 Fi-

1848 5340 1980 5395 lium
2009 5380 2023 5406 ,
2067 5349 2123 5394 et
2177 5338 2444 5408 Spiritum
2501 5345 2750 5393 sanctum
2780 5377 2794 5401 ,
2864 5335 2953 5390 cui
2996 5337 3172 5406 gloria
3228 5336 3280 5390 in
3329 5351 3437 5391 sa:-

1848 5433 1991 5488 cula.
2035 5431 2232 5486 Amen.

156 5518 244 5572 καὶ
270 5519 423 5587 Υἰὺν,
481 5523 579 5576 καὶ
605 5522 764 5591 ἆγιον
812 5520 1038 5592 Πνεῦμα
1087 5515 1132 5590 ᾧ
1163 5523 1341 5592 ἠδὸξα
1387 5525 1467 5588 είς
1487 5524 1614 5589 τοὺς
1641 5525 1866 5588 αἰῶνας,
1915 5523 2112 5594 Ἀμήν.

244 5654 288 5685 ⁸³
319 5655 453 5711 Luc.
487 5675 544 5720 χ,
570 5658 656 5712 42.
735 5657 780 5689 ⁸⁸
814 5657 947 5711 Luc.
977 5675 1070 5721 xu,
1106 5658 1192 5713 49.

160 5725 197 5754 ⁸⁷
225 5726 340 5780 Act.
388 5746 463 5790 ix,
500 5731 535 5781 5
568 5745 683 5799 seq.
813 5729 856 5758 “‘
892 5729 1060 5783 Exod.
1093 5745 1170 5792 Ill,
1202 5731 1254 5784 2.

160 5810 258 5864 Civ,
285 5799 358 5866 4;
402 5799 576 5853 llebr.
607 5818 644 5863 ι,
677 5801 726 5854 7.
808 5800 852 5830 ⁸³
891 5800 1032 5855 Psal.
1064 5816 1245 5866 cxvm,
1279 5803 1364 5858 18.

480 5896 756 5957 Pyrum.
793 5901 909 5959 (in.
947 5898 1216 5958 XXXIV.

1308 5659 1351 5692 "'
1385 5661 1543 5715 Deut.
1581 5678 1651 5726 IV,
1707 5662 1814 5727 24;
1873 5660 2038 5716 llebr.
2105 5675 2200 5724 xu,
2255 5659 2366 5725 29;
2402 5658 2446 5712 ll
2502 5659 2696 5715 Thess.
2732 5677 2769 5725 ι,
2818 5659 2870 5714 8.

1395 5733 1440 5765 δ’
1471 5733 1512 5788 ll
1548 5733 1679 5804 Reg.
1707 5750 1777 5800 tv,
1820 5733 1901 5787 ll.

2974 5659 3019 5691 “
3061 5664 3178 5714 Act.
3238 5673 3269 5710 lt
3298 5697 3313 5722 ,
3345 5660 3434 5716 55.

2037 5733 2080 5764 ⁸ο
2113 5731 2254 5788 l’sal.
2303 5747 2448 5798 τινι,
2481 5732 2556 5798 2;
2609 5732 2742 5786 Luc.
2805 5747 2948 5797 xxn',
3023 5731 3110 5786 52.
3225 5729 3439 5786 "Psal.

3014 5899 3186 5958 29-
