3966 6508
536 331 644 394 675
1794 320 1855 381 s.
1897 318 2217 380 MACARII
2258 318 2581 381 novem
3670 330 3753 391 575

1063 436 1345 495 HOMILIA
1390 434 1577 491 XXVI.

2792 436 3035 489 ouum
3065 437 3213 503 κς.

540 565 611 620 De
643 563 919 634 dignitate,
960 557 1293 634 prastantia,
1334 552 1587 634 facultate
1642 557 1689 603 et
1717 547 2108 634 apterationibus

2243 548 2353 634 legi
2387 546 2498 634 τῇς
2522 548 2855 634 ἀξιότητος,
2888 550 2987 634 καὶ
3024 551 3134 634 τῆς
3160 554 3645 634 ﬂagitavi-titul
3672 555 3759 624 τῆς

603 617 921 688 immortalis
939 617 1153 688 animae,
1179 635 1227 679 et
1256 617 1363 695 qua
1388 624 1597 695 ratione
1612 636 1674 695 ea
1701 638 1731 673 a
1752 617 1969 673 'Satana
1998 624 2109 669 ten~

604 715 766 766 tetur,
794 711 841 756 et
874 698 1235 755 liberationem
1265 693 1292 748 ὸ
1318 693 1694 766 tentationibus
1737 696 2106 766 consequatur.

605 758 846 830 Conti'net
870 786 989 825 vero
1010 768 1318 838 quastione:
1346 763 1608 835 quasdam
1640 776 1849 817 summa
1871 758 2109 811 doctrina

608 848 851 916 refertas.

605 1028 649 1081 l.
682 1026 761 1080 Ne
819 1020 1014 1077 leviter
1063 1016 1453 1072 intellectivam
1488 1015 1685 1068 animae
1744 1007 2109 1066 substantiam

538 1115 869 1190 perpendas,
902 1110 1123 1165 dilecte.
1145 1109 1449 1163 Pretiosum
1482 1104 1757 1176 quoddam
1786 1117 1881 1155 vas
1902 1108 1985 1154 est
2014 1098 2114 1152 im-

538 1211 784 1267 mortalis
817 1207 1019 1263 anima.
1053 1202 1191 1259 Vide
1238 1211 1503 1272 quantum
1556 1200 1778 1259 coelum,
1811 1203 1867 1249 et
1906 1200 2112 1263 quanta

539 1311 705 1366 terra,
740 1312 843 1351 nec
874 1304 1059 1349 tamen
1087 1292 1393 1346 delectatus
1441 1295 1523 1341 est
1557 1285 1664 1339 illis
1708 1285 1875 1345 Deus,
1901 1279 1995 1334 sed
2029 1292 2116 1331 so-

539 1395 650 1447 lum
681 1390 763 1445 te!
786 1386 1058 1456 Conspice
1090 1382 1414 1454 dignitatem
1463 1387 1519 1433 et
1548 1376 1892 1431 nobilitatem
1937 1380 2112 1435 tuam,

538 1498 737 1553 nempe
772 1496 881 1535 non
908 1493 1008 1549 per
1048 1474 1295 1545 angelos,
1331 1471 1423 1527 sed
1456 1469 1514 1524 in
1545 1484 1642 1524 sua
1677 1467 1850 1537 ipsius
1876 1478 2115 1536 persona

540 1577 755 1633 venisse
777 1574 1071 1629 Dominum
1099 1567 1167 1623 ad
1196 1564 1527 1637 legationem
1564 1576 1664 1631 pro
1699 1570 1752 1615 te
1780 1556 2113 1620 obeundam,

540 1677 602 1720 ut
632 1674 684 1719 te
714 1661 993 1734 perditum
1046 1672 1109 1712 ac
1153 1654 1502 1709 vulneratum
1538 1655 1842 1709 revocaret,
1872 1655 1929 1701 et
1956 1645 2117 1699 resti-

2283 616 2615 699 διίνάμεῳς,
2630 616 2736 698 3m}
2768 619 2883 699 τῆς
2905 616 3330 699 ᾆργςαολιεις-ῖτῆς
3352 616 3645 699 dea;er

2284 689 2421 769 χῆς,
2454 689 2553 769 κέιὶ
2571 690 2696 769 ,τερς
2714 691 2879 769 apti].
2895 692 3013 745 ὑπὸ
3040 693 3150 769 τοᾷ
3179 689 3417 769 ξαταγᾶ
3438 689 3743 759 πειράζεται

2284 760 2382 813 καὶ
2436 758 2547 826 τῆς
2602 740 3047 882 ἐλευθῗέέισεως
3105 763 3225 816 ἀπὸ
3282 740 3416 816 τῖῦἶ

2288 830 2591 882 τυγγάνει.
2656 834 2781 882 Συν
2821 848 2909 882 νει
2958 831 3027 882 δὲ
3079 832 3356 882 (unicam
3406 836 3573 882 τινάι-
3630 836 3764 882 πάνυ

2288 830 2591 909 τυγξχιξναιςιζ
2625 830 2909 909 ΔΣυνέίᾎσι
2958 831 3027 885 δὲ
3079 832 3356 909 ζητήσεις
3406 836 3573 901 τινὰς
3630 830 3764 890 άὰνυ

2287 900 2526 966 πολλῆς
2554 900 2957 968 διδασκαλίας
2984 904 3304 972 γεμούσας.

2287 1017 2364 1066 A'.
2400 1015 2493 1082 Μὴ
2520 1013 2708 1078 ἀπλῶς
2730 1016 2796 1084 τῇ
2820 1016 2984 1086 νοερᾷ
3009 1014 3106 1084 τῆς
3134 1014 3317 1085 ψυχῆς
3344 1016 3503 1085 οὐσίᾳ
3524 1017 3766 1088 πρόσχῃς,

2216 1106 2490 1177 ἁγαπητέ.
2537 1105 2730 1176 Τίμιόν
2771 1125 2822 1159 τι
2856 1107 3050 1169 σκεῦός
3078 1110 3226 1159 ἐστιν
3254 1111 3286 1176 ἡ
3323 1108 3593 1169 ἀθάνατος
3629 1108 3767 1177 ψυχή.

2220 1196 2325 1248 Ἴδε
2368 1195 2534 1258 πόσος
2578 1197 2606 1249 6
2640 1196 2869 1264 οὐρανὸς
2898 1198 2992 1249 καὶ
3041 1198 3074 1267 ἡ
3105 1198 3197 1267 γῆ,
3236 1198 3329 1251 καὶ
3369 1198 3470 1251 οὐκ
3502 1198 3771 1267 ηὐδόκησεν

2217 1286 2275 1337 ἐν
2312 1284 2495 1347 αὐτοῖς
2524 1287 2552 1338 6
2609 1284 2764 1351 Θεὸς,
2798 1288 2845 1339 εἰ
2878 1289 2952 1357 μὴ
2986 1287 3146 1357 μόνον
3180 1290 3260 1352 είς
3297 1289 3377 1343 σέ.
3413 1288 3589 1341 Βλέπε
3618 1306 3702 1342 σου
3725 1292 3774 1343 τὸ

2216 1374 2434 1445 ἀξίωμα
2462 1378 2556 1429 καὶ
2580 1377 2680 1445 τὴν
2716 1378 3015 1446 εὐγένειαν,
3052 1379 3134 1432 ὅτι
3160 1379 3235 1449 μὴ
3270 1379 3342 1433 δι’
3367 1380 3635 1448 ἀγγέλων,
3664 1382 3774 1434 ἀλλὰ

2216 1467 2285 1520 δι’
2321 1468 2514 1539 ἑαυτοῦ
2554 1465 2723 1540 ἦλθεν
2770 1472 2799 1523 6
2835 1471 3040 1542 Κύριος
3072 1472 3153 1535 εἰς
3181 1474 3281 1542 σὴν
3317 1472 3636 1544 πρεσϐείαν,
3658 1472 3776 1527 ὥστε

2221 1576 2280 1611 σε
2320 1560 2411 1613 τὸν
2441 1561 2757 1615 ἀπολωλότα
2803 1563 3267 1627 ἀνακαλέσασθαι,
3297 1564 3390 1618 τὸν
3430 1583 3776 1637 τετραυματι-

2222 1652 2436 1722 σμένον,
2464 1655 2561 1707 καὶ
2597 1654 2891 1709 ἀποδοῦναί
2941 1672 3025 1709 σοι
3072 1657 3173 1723 τὴν
3223 1656 3448 1729 πρώτην
3483 1656 3679 1711 πλάσιν
3701 1656 3778 1709 τοῦ

542 1763 724 1811 tueret
759 1751 858 1806 tibi
892 1748 1127 1820 primam
1159 1742 1542 1799 formationem
1590 1737 1717 1809 puri
1762 1736 1908 1791 Adae.
1940 1733 2116 1788 llomo

2243 1742 2464 1837 ιαραροῦ
2505 1744 2719 1837 ἈΑδάμε
2743 1745 3022 1815 Δεσπότης
3049 1746 3156 1813 γὰρ
3190 1740 3258 1815 ἦν
3290 1748 3319 1798 6
3360 1744 3664 1815 ἅνθρωπος,
3692 1744 3781 1797 ἀπὸ

541 1848 688 1905 enim
722 1844 981 1900 dominus
1014 1847 1133 1895 erat
1160 1836 1407 1892 omnium
1437 1850 1467 1889 a
1491 1833 1702 1888 vertice
1729 1829 1853 1886 (εαξιί
1900 1828 1964 1883 ad
2010 1828 2117 1882 ima

543 1955 739 2012 usque,
782 1934 1046 2011 praeditus
1078 1930 1335 1986 facultate
1391 1924 1739 1982 discernendi
1775 1921 2117 1983 affectiones,

542 2036 757 2090 alienus
786 2047 815 2085 a
847 2025 1212 2089 daemonibus,
1242 2037 1416 2095 purus
1442 2036 1471 2075 a
1503 2026 1735 2090 peccato
1763 2024 1818 2071 et
1857 2014 2028 2076 vitiis,
2058 2027 2121 2066 ac

544 2118 849 2179 similitudo
869 2117 999 2173 Dei:
1034 2131 1130 2186 per
1158 2110 1644 2183 transgressionem
1672 2120 1806 2160 vero
1840 2102 2026 2174 periit,
2058 2115 2120 2155 ae

546 2215 867 2268 vulneratus
906 2215 963 2264 et
999 2205 1163 2262 morti
1212 2204 1449 2258 traditus
1492 2208 1595 2255 est.
1624 2195 1943 2254 Obfuseavit
1974 2194 2121 2251 enim

547 2314 785 2361 mentem
813 2302 1041 2358 Satanas
1066 2317 1081 2365 ;
1108 2298 1290 2367 aliqua
1318 2310 1385 2350 ex
1419 2300 1575 2363 parte
1618 2291 1692 2345 ita
1719 2305 1779 2345 se
1804 2289 1993 2352 habet,
2025 2286 2124 2340 ali-

546 2412 652 2465 qua
676 2409 743 2447 ex
771 2399 925 2462 parte
947 2388 1104 2452 vivit,
1128 2383 1413 2443 discernit,
1444 2396 1507 2435 ac
1530 2379 1869 2434 voluntatem
1896 2374 2083 2429 habet.

618 2487 683 2540 li.
711 2480 1085 2552 Interrogatio.
1124 2476 1331 2537 Nonne,
1358 2472 1558 2542 Spiritu
1590 2477 1772 2524 sancto
1792 2466 2119 2527 adveniente,

548 2577 809 2634 naturalis
842 2588 1044 2645 quoque
1067 2568 1488 2638 concupiscentia
1519 2564 1845 2632 exstirpatur
1864 2575 1971 2612 una
2005 2573 2125 2610 cum

548 2681 761 2745 peccato
783 2670 806 2722 ?

622 2760 923 2831 Responsio.
949 2758 1122 2811 Antea
1143 2752 1254 2807 dixi
1302 2757 1589 2819 peccatum
1619 2744 1780 2798 simul
1827 2739 2123 2801 eradicari,

550 2845 1056 2920 hominemque95
1068 2844 1312 2913 recipere
1336 2840 1569 2909 primam
1595 2834 1977 2890 formationem
2001 2830 2125 2901 puri

548 2944 693 3001 Adae.
726 2940 825 2996 Hic
852 2937 1076 3009 quidem
1106 2949 1206 3004 per
1233 2933 1494 2985 virtutem
1521 2926 1763 2997 Spiritus
1808 2938 1872 2978 ac
1902 2935 2130 2991 regene-

552 3034 819 3088 rationem
863 3025 1205 3097 spiritualem
1257 3019 1608 3092 progreditur
1640 3016 1707 3070 ad
1745 3013 1973 3085 gradum
2006 3027 2132 3082 per-

2226 1834 2318 1887 τοῦ
2352 1835 2586 1905 οὐρανοῦ
2641 1836 2736 1890 καὶ
2787 1834 2896 1889 τῶν
2935 1837 3107 1901 κάτω,
3163 1837 3259 1891 καὶ
3314 1836 3656 1905 διακριτικὸς
3699 1852 3787 1887 πα-

2227 1926 2354 1989 οῶν,
2384 1927 2477 1981 καὶ
2498 1926 2769 1997 δαιμόνων
2799 1926 3100 1998 ἀλλότριος,
3132 1928 3372 1999 καθαρὸς
3397 1927 3507 1981 ἀπὸ
3534 1928 3783 1996 ἁμαρτίας

2228 2019 2261 2088 ἢ
2321 2019 2527 2081 κακῶν,
2564 2019 2657 2071 καὶ
2679 2019 2934 2089 ὁμοίωμα
2973 2019 3141 2073 Θεοῦ’
3178 2020 3264 2073 διὰ
3312 2021 3367 2073 δὲ
3410 2020 3511 2089 τῆς
3559 2018 3785 2089 παραϐά-

2228 2128 2364 2175 σεως
2393 2109 2685 2175 ἀπολωλώς
2720 2112 2856 2176 ἑστι,
2888 2112 2982 2163 καὶ
3005 2114 3569 2184 τετραυματισμένος.
3604 2110 3787 2179 Ἡμιὺ-

2230 2219 2371 2273 ρωσε
2419 2202 2528 2274 γὰρ
2560 2202 2653 2256 τὸν
2686 2201 2810 2255 νοῦν
2855 2204 2884 2255 6
2936 2202 3204 2268 Σατανᾶς,
3237 2204 3294 2256 ἐν
3336 2222 3442 2256 τινι
3471 2202 3647 2265 οὕτως
3670 2204 3786 2264 ἐστὶ,

2229 2296 2324 2350 καὶ
2353 2295 2411 2349 ἔν
2439 2313 2545 2349 τινι
2572 2295 2639 2367 ζῇ
2677 2296 2773 2348 καὶ
2810 2295 3097 2366 διακρίνει,
3130 2296 3221 2348 καὶ
3254 2295 3367 2365 ἔχει
3398 2294 3633 2364 θέλημα.

2300 2475 2369 2526 Β⁹.
2406 2472 2742 2541 Ἐρώτησις.
2778 2471 2948 2541 οὐχί,
2987 2472 3094 2525 τοῦ
3128 2472 3472 2539 Πνεύματος
3494 2469 3606 2524 τοῦ
3643 2468 3793 2537 ἀτΙσυ

2228 2568 2577 2637 ἐρχομένου,
2616 2566 2714 2619 καὶ
2756 2568 2795 2635 ή
2834 2566 3069 2636 φυσικὴ
3104 2565 3386 2633 ἐπιθυμία
3434 2562 3795 2631 συνειριζοῦ-

2231 2677 2326 2713 ται
2358 2660 2509 2729 μετὰ
2539 2658 2652 2726 τῆς
2676 2660 2999 2726 ἀμαρτίαςῖ

2304 2751 2674 2819 Ἀπόκρισις.
2716 2750 2981 2819 Προεῖπον
3003 2749 3085 2802 ὃτι
3114 2748 3208 2800 καὶ
3227 2749 3261 2818 ὴ
3292 2746 3545 2816 ἀμαρτία
3575 2761 3796 2813 map:-

2234 2844 2443 2910 ζοῦται,
2477 2843 2572 2895 καὶ
2619 2839 2996 2910 ἀπολαμϐάνει
3046 2840 3075 2890 6
3109 2837 3392 2908 ἄνθρωπος
3443 2836 3551 2904 τὴν
3597 2833 3797 2905 πρώτην

2235 2936 2433 2989 πλάσιν
2462 2931 2557 2986 τοῦ
2600 2930 2848 3002 καθαροῦ
2900 2930 3094 2999 Ἀδάμ.
3149 2923 3318 2990 Οὗτος
3352 2926 3539 2995 μέντοι
3586 2925 3673 2977 διὰ
3714 2922 3797 2989 τῆς

2234 3026 2518 3097 δυνάμεως
2542 3022 2637 3077 τοῦ
2670 3022 3009 3093 Πνεύματος,
3039 3020 3133 3074 καὶ
3160 3020 3259 3088 τῆς
3285 3017 3703 3085 ἀναγεννήσεως
3719 3014 3801 3082 τῆς

551 3120 805 3177 fectionis
864 3113 1060 3171 Adami
1094 3111 1282 3183 primi,
1330 3112 1499 3179 fitque
1542 3104 1891 3175 praestantior
1920 3116 2020 3156 eo:
2058 3099 2130 3154 si-

2243 3117 2659 3188 πνευματικῆς,
2701 3115 2921 3185 ἔρχεται
2972 3114 3052 3174 εἰς
3100 3110 3169 3164 τά
3228 3109 3404 3179 μέτρα
3457 3105 3560 3158 τοῦ
3605 3103 3798 3175 πρώτου

552 3215 776 3285 quidem
806 3211 864 3265 in
885 3210 1117 3265 deorum
1150 3218 1443 3261 numerqu
1474 3200 1716 3256 refertur
1745 3198 1932 3251 homo.

626 3397 716 3451 Ill.
759 3391 1139 3461 Interrogatio.
1182 3387 1368 3443 Utrum
1412 3383 1645 3439 Satanas
1676 3382 1745 3435 ad
1774 3389 1973 3434 certum
2020 3394 2134 3430 mo—

554 3494 681 3547 dum
706 3488 1046 3549 immittatur,
1070 3499 1139 3536 an
1165 3496 1258 3551 pro
1288 3478 1453 3531 (abitu
1478 3476 1744 3547 belligeret
1769 3474 1794 3525 ?

629 3582 930 3651 Responsio.
950 3578 1194 3646 Impetus
1218 3574 1342 3643 ejus
1363 3586 1472 3625 non
1498 3568 1676 3623 solum
1695 3564 1958 3620 adversus
1978 3561 2138 3619 Chri—

557 3679 788 3735 stianos.
820 3673 917 3731 sed
948 3672 1115 3727 etiam
1148 3667 1417 3722 adversus
1435 3661 1753 3716 idololatras
1799 3667 1965 3727 atque
2009 3654 2136 3709 uni-

556 3782 781 3824 versum
812 3763 1081 3820 mundum
1116 3760 1309 3816 fertur.
1359 3755 1415 3811 Si
1464 3769 1599 3823 ergo
1638 3749 2043 3806 concederetur
2087 3745 2140 3801 ei

556 3877 661 3933 pro
687 3860 867 3916 lubitu
906 3856 1112 3911 bellum
1138 3866 1351 3923 gerere,
1384 3857 1579 3902 Omnes
1604 3843 1859 3916 equidem
1904 3841 2136 3895 deleret.

557 3932 662 4024 Qui
694 3951 836 4008 hoc?
866 3962 1065 4018 nempe
1100 3944 1247 4017 quod
1284 3956 1427 4012 opus
1460 3955 1526 3995 ac
1568 3937 1907 3993 desiderium
1932 3935 2053 4004 ejus
2082 3932 2139 3987 in

560 4049 668 4103 hoc
700 4053 972 4100 versetur.
1020 4036 1495 4107 Quemadmodum
1548 4041 1732 4087 autem
1770 4029 1970 4099 figulus
2013 4041 2141 4081 vasa

560 4141 831 4194 missurus
848 4136 903 4189 in
928 4134 1227 4195 fornacem,
1258 4144 1378 4185 eam
1401 4126 1681 4181 moderate
1702 4120 2008 4181 succendit,
2034 4133 2142 4171 non

561 4225 856 4285 intensius,
890 4238 959 4277 ne
992 4230 1147 4275 cocta
1170 4219 1295 4288 plus
1321 4230 1486 4285 quam
1514 4213 1692 4274 decet,
1712 4210 1988 4264 elidantur
2008 4223 2023 4268 ;
2043 4220 2145 4260 nec

563 4317 870 4377 remissius,
899 4329 967 4368 ne
1008 4312 1052 4366 si
1080 4309 1252 4366 cruda
1279 4308 1567 4365 exsistant,
1596 4304 1913 4372 dispeream
1943 4314 2007 4352 ac
2030 4296 2145 4350 dis-

563 4412 880 4474 solvantur;
919 4406 1109 4461 itidem
1165 4404 1209 4458 si
1266 4398 1615 4470 argenlarius
1651 4406 1709 4450 et
1748 4392 2026 4449 aurifaber
2073 4388 2140 4443 ad

2249 3212 2439 3282 Ἀδὰμ,
2474 3210 2569 3264 καὶ
2596 3209 2794 3280 μείζων
2821 3204 2987 3260 αὐτοῦ
3012 3203 3283 3274 γίγνεται.
3328 3198 3685 3254 Ἀποθεοῦται
3712 3196 3802 3266 γὰρ

2235 3307 2263 3357 6
2306 3302 2403 3357 ἀνθ
2410 3318 2611 3373 ρωπος.

2307 3392 2381 3447 Γ’.
2432 3390 2771 3459 Ἐρώτησις.
2834 3390 2899 3441 El
2949 3388 2983 3440 ὁ
3026 3381 3299 3447 Σατανᾶς
3345 3382 3550 3451 μέτρῳ
3585 3379 3803 3447 emito

2238 3502 2352 3549 ται,
2394 3484 2433 3552 ἢ
2469 3484 2551 3549 ὡς
2592 3481 2753 3537 θέλει
2793 3478 3073 3549 «clausi;

2322 3575 2679 3641 Ἀπόκρισις.
2714 3570 2888 3625 Αὑτοῦ
2912 3572 2945 3638 ὴ
2975 3568 3120 3639 ὁρμὴ
3142 3567 3203 3619 οὐ
3235 3566 3395 3637 μόνον
3423 3567 3508 3631 εἰς
3539 3566 3665 3627 τοὺς
3691 3564 3804 3633 Χρι-

2242 3670 2515 3729 στιανοὺς,
2556 3664 2696 3720 ἀλλά
2728 3664 2824 3717 καὶ
2861 3666 2939 3726 είς
2970 3663 3098 3724 τοὺς
3148 3648 3579 3728 είδωλολάτραξ,
3614 3656 3708 3711 καὶ
3738 3658 3803 3716 είς

2241 3762 2368 3815 ὃλον
2408 3762 2499 3813 τὸν
2535 3759 2760 3827 κόσμον.
2815 3758 2877 3809 Et
2907 3752 3001 3809 οὖν
3038 3756 3414 3825 παρεχωρεῖτο
3439 3754 3521 3812 ὡς
3551 3750 3694 3804 θέλει
3722 3764 3806 3801 που

2242 3855 2449 3923 λεμεῑν,
2500 3853 2707 3914 πάντας
2760 3848 2827 3904 ἂν
2879 3850 3135 3917 ἠφάνισε.
3173 3848 3272 3899 Διά
3300 3846 3383 3909 τίς
3417 3844 3549 3897 Ὅτι
3580 3844 3641 3896 τὸ
3666 3842 3805 3909 ἔργον

2242 3945 2410 4000 αὑτοῦ
2435 3944 2531 3998 καὶ
2560 3945 2624 3997 τὸ
2654 3943 2869 4013 θέλημα
2899 3940 3060 3995 τοῦτό
3087 3943 3255 3995 ἐστιν.
3284 3940 3499 4008 Ὠσπερ
3525 3938 3586 3989 δι
3614 3939 3643 3989 6
3665 3950 3808 4004 κερα-

2248 4040 2381 4109 μεὺς
2412 4038 2593 4109 βάλλει
2621 4040 2689 4091 τὰ
2719 4036 2910 4104 σκεύη,
2943 4037 3035 4089 καὶ
3082 4034 3267 4104 μέτρῳ
3300 4032 3562 4086 ὑποκαίει
3599 4030 3697 4099 τὴν
3729 4028 3811 4080 aei-

2249 4146 2421 4199 μινον,
2456 4130 2518 4181 οὐ
2563 4128 2743 4191 πλέον,
2800 4126 2886 4179 ἵνα
2935 4125 3011 4194 μὴ
3058 4124 3366 4192 ὀπτηθέντα
3414 4123 3567 4192 ὑπὲρ
3608 4121 3671 4172 τὸ
3711 4118 3809 4171 δέον

2244 4223 2483 4293 ψοφήσῃ·
2519 4220 2620 4272 οὐκ
2644 4219 2884 4281 ἔλαττον,
2934 4218 3021 4269 ἴνα
3054 4217 3128 4287 μὴ
3163 4217 3348 4286 ἔνωμα
3379 4215 3514 4267 ὄντα
3542 4212 3807 4279 ἀτώληταιε

2246 4316 2341 4369 καὶ
2370 4316 2417 4367 εἰ
2450 4316 2480 4367 ὁ
2516 4313 2896 4383 ἀργυροκόπος
2934 4310 3029 4364 καὶ
3079 4309 3373 4380 χρυσοχόος
3417 4308 3611 4376 μέτρῳ
3653 4303 3810 4375 βάλλει

2246 4408 2307 4459 τὸ
2357 4407 2467 4477 πῦρ
2492 4421 2506 4436 °
2552 4405 2647 4459 ὲάν
2702 4405 2813 4475 γάρ
2866 4403 3135 4474 πλεονάσῃ
3174 4402 3234 4455 τὸ
3267 4400 3397 4471 πῦρ,
3430 4401 3625 4453 λύεται
3653 4399 3811 4467 6190-

565 4510 779 4559 eertum
837 4499 1064 4554 modum
1108 4496 1289 4567 ignem
1346 4492 1548 4551 mittit;
1602 4489 1647 4543 si
1703 4487 1852 4541 enim
1902 4481 2130 4540 abundel

2252 4501 2343 4563 σὺς
2374 4501 2467 4552 καὶ
2490 4499 2519 4551 6
2548 4498 2810 4569 ἄργυρος,
2847 4498 2941 4550 καὶ
2983 4494 3342 4566 ὲξυδαροῦται
3370 4495 3468 4547 καὶ
3508 4491 3807 4546 ἀπόλλυται.

566 4596 729 4668 ignis,
748 4593 981 4649 solvitur
1003 4604 1199 4646 aurum
1230 4596 1286 4641 et
1308 4593 1618 4656 argentum,
1640 4579 1854 4650 liquefit
1880 4592 1943 4633 ac
1967 4575 2142 4646 perit:

568 4666 758 4746 itidem
781 4686 826 4742 si
858 4686 1097 4739 humana
1127 4697 1284 4736 mens
1309 4678 1465 4734 novit
1513 4686 1666 4731 certo
1699 4671 1935 4745 quodam
1987 4666 2148 4724 modo

566 4782 851 4850 imponere
905 4789 1077 4829 onera
1130 4773 1406 4841 jumento,
1432 4766 1642 4823 camelo
1682 4774 1779 4820 aut
1809 4761 1899 4817 alii
1928 4760 2146 4815 cuidam

566 4869 813 4934 animali,
836 4877 1115 4940 quatenus
1158 4872 1374 4919 servata
1405 4858 1783 4931 proportione‘
1804 4871 1971 4909 onera
2005 4854 2149 4908 ferre

564 4972 770 5038 potest,
814 4968 1023 5032 quanto
1075 4956 1247 5027 magis
1299 4956 1461 5017 Deus,
1504 4951 1597 5021 qui
1630 4950 1932 5004 novitvasa
1969 4946 2152 5000 homi-

565 5073 739 5121 num,
808 5050 1059 5107 immittit
1140 5046 1514 5102 adversariam
1592 5050 1919 5112 potestatem
1984 5039 2152 5093 variis

566 5148 749 5204 modis
769 5146 781 5200 l

638 5243 725 5297 ιγ.
759 5236 1237 5308 Quemadmodum
1264 5247 1397 5287 vero
1428 5240 1593 5292 terra,
1626 5229 1881 5299 quamvis
1912 5228 1985 5283 sit
2018 5243 2147 5291 una,

568 5338 686 5392 haec
714 5333 940 5406 quidem
984 5340 1071 5387 est
1112 5342 1330 5393 saxosa,
1366 5325 1457 5380 illa
1496 5338 1630 5379 vero
1657 5322 1915 5393 pinguis:
1951 5329 2007 5376 et
2046 5320 2151 5375 alia

569 5428 795 5500 quidem
830 5434 914 5481 est
949 5425 1148 5479 idonea
1193 5420 1263 5476 ad
1318 5418 1715 5490 plantationem
1768 5414 1980 5475 vineae,
2045 5414 2151 5467 alia

571 5538 703 5576 vero
735 5520 803 5574 ad
854 5515 1241 5575 seminandum
1297 5514 1636 5567 frumentum
1686 5517 1781 5562 aut
1836 5506 2150 5569 hordeum;

571 5613 647 5667 ita
698 5610 847 5667 varia
889 5617 1018 5666 sunt
1066 5605 1352 5661 hominum
1381 5600 1550 5657 corda
1600 5609 1764 5668 atque
1797 5598 2150 5659 voluntates;

572 5704 766 5761 eodem
797 5716 1016 5772 quoque
1059 5698 1224 5753 modo
1277 5695 1418 5750 dona
1467 5694 1703 5763 desuper
1755 5689 2152 5745 conferuntur:

574 5798 709 5855 huic
738 5794 961 5866 quidem
985 5793 1225 5847 donatur
1259 5786 1664 5842 administratio
1697 5782 1873 5845 verbi,
1908 5781 1984 5835 illi
2024 5797 2153 5837 vero

2252 4595 2360 4647 Καὶ
2400 4596 2449 4646 εἰ
2481 4596 2509 4648 6
2536 4592 2878 4663 ἀνθρώπινος
2910 4589 3036 4653 νοῦς
3074 4586 3215 4642 οἶδεν
3250 4589 3579 4658 ἐπιμετρεῖν
3598 4585 3668 4637 τὰ
3692 4583 3810 4650 βάρη

2250 4686 2330 4757 τῷ
2358 4688 2565 4757 κτήνει,
2598 4686 2691 4738 καὶ
2729 4684 2811 4755 τῷ
2832 4683 3089 4753 καμήλῳ,
3126 4682 3160 4752 ἢ
3198 4680 3345 4749 ἀλλῳ
3374 4679 3484 4731 τινὶ
3517 4678 3628 4729 τῶν
3658 4674 3808 4739 ζώων.

2250 4780 2325 4842 ὡς
2355 4779 2577 4832 δύναται
2601 4776 2745 4831 κατὰ
2770 4776 3063 4843 ἀναλογίαν
3088 4774 3157 4828 τὰ
3188 4773 3337 4843 βάρῆ
3360 4770 3659 4839 βαστάσαιο
3686 4766 3812 4831 πόσῳ

2256 4871 2459 4940 μᾶλλον
2516 4872 2548 4923 6
2584 4870 2735 4932 Θεὸς,
2794 4868 2853 4930 ὃς
2902 4863 3008 4920 οἶδε
3037 4865 3108 4917 τὰ
3141 4863 3308 4931 σκεύη
3351 4862 3461 4914 τῶν
3509 4857 3809 4928 ἀνθρώπων,

2250 4959 2405 5026 οὗτος
2450 4963 2714 5032 ἐπαφίησι
2742 4961 2837 5013 καὶ
2863 4959 2962 5029 τὴν
3000 4956 3248 5010 ιναντίαν
3275 4954 3510 5021 δύναμιν
3540 4948 3807 5018 διαφόρωςί

2323 5229 2396 5281 A'.
2432 5226 2645 5295 Ὥσπερ
2669 5223 2725 5277 δὲ
2758 5223 2855 5293 μία
2891 5217 3029 5275 οὖσα
3058 5223 3092 5289 ὴ
3125 5220 3221 5288 γῆ.
3252 5221 3284 5287 ἠ
3319 5218 3419 5287 μέν
3457 5217 3582 5270 ἔστι
3625 5213 3809 5286 τροχῶ-

2252 5322 2372 5389 δης,
2402 5321 2435 5388 ἡ
2462 5319 2519 5373 δὲ
2545 5318 2832 5385 λιπόγεως·
2869 5315 2965 5367 καὶ
2997 5313 3131 5382 ἄλλη
3164 5312 3265 5381 μὲν
3286 5307 3608 5379 ὶπιτηδεύει
3638 5310 3711 5369 είς
3735 5322 3813 5371 φν-

2252 5416 2405 5468 τείαν
2449 5411 2804 5481 ἀμπελῶνος,
2861 5408 2998 5476 ἀλλη
3046 5406 3104 5459 δὲ
3160 5407 3240 5468 είς
3290 5403 3494 5473 σπόρον
3546 5400 3694 5454 σίτου
3741 5396 3814 5448 καὶ

2254 5506 2479 5578 κριθῶν·
2520 5504 2693 5567 οὕτως
2721 5502 2829 5556 εἰσὶ
2857 5502 3103 5571 διάφοροι
3133 5500 3228 5552 καί¹
3244 5492 3406 5551 αὗται
3444 5494 3558 5549 τῶν
3582 5489 3812 5561 καρδιῶν.

2256 5600 2350 5651 καὶ
2401 5596 2510 5650 τῶν
2562 5596 2936 5665 προαιρέσεων
2967 5592 3072 5644 τῶν
3106 5590 3428 5660 ἀνθρώπων·
3468 5587 3618 5639 οὕτω
3645 5584 3731 5636 καὶ
3762 5586 3813 5627 t1

2257 5689 2571 5757 χαρίσματα
2608 5684 2817 5739 ἀνωθεν
2865 5680 3212 5735 ὲπιδίδονταυ
3243 5671 3287 5745 ᾧ
3336 5679 3433 5747 μὲν
3487 5675 3691 5727 δίδοται
3719 5667 3812 5719 ὄεαο

2257 5782 2411 5834 κονία
2458 5779 2642 5848 λόγου,
2668 5773 2713 5845 ᾧ
2753 5777 2810 5831 δὲ
2837 5776 3126 5846 διάκρισις*
3164 5772 3310 5843 ἄλλῳ
3335 5770 3651 5841 χαρίσματα
3681 5758 3810 5828 ἰαμά-
