3966 6526
194 345 292 409 677

1372 344 1719 409 ΗΟΜΙΙᾸΕ
1772 371 1842 383 -
1856 345 2045 411 ΗΟΜ.
2084 350 2291 414 XXVI.

3347 362 3452 425 678

193 471 315 510 των·
346 448 449 507 οἶδε
484 455 591 525 γὰρ
623 454 652 507 6
674 456 827 521 Θεὸς,
864 457 982 519 πῶς
1003 473 1087 523 τις
1126 457 1352 513 δύναται
1386 458 1761 528 οἰκονομῆσαι,

1872 458 2158 527 discretio,
2188 461 2283 517 alii
2318 460 2524 517 donum
2559 462 2885 521 conferendi
2930 468 3246 527 sanitatem.
3285 474 3452 529 Novit

190 547 280 600 καί
306 546 476 608 οὕτως
500 547 777 602 ἐπιδίδωσι
803 549 871 602 τὰ
912 550 1229 620 χαρίσματα
1267 551 1524 621 διάφορα·
1558 549 1762 620 ὁμοίως

192 640 278 693 καὶ
306 640 386 709 εἰς
404 639 535 703 τοὺς
572 639 863 710 πολέμους,
898 642 1083 713 μέτρῳ
1120 644 1227 695 τινὶ
1266 643 1341 707 ὡς
1375 643 1599 697 δύναται
1624 642 1762 695 ὐπο-

189 729 435 795 δέξασθαι
483 732 577 783 καὶ
629 731 962 801 ὑπομεῖναι,
1019 732 1193 797 οὕτως
1244 734 1536 804 ἐπαφίεται
1576 733 1762 796 αὐτοῖς

192 822 223 892 ἡ
255 820 465 875 ἐναντία
494 820 745 893 δύναμις.

258 1002 329 1054 E’.
378 1000 719 1069 Ἐρώτησις.
778 1003 846 1056 Εἰ
895 1001 1225 1073 δεξάμενός
1283 1022 1373 1072 τις
1420 1006 1539 1075 τὴν
1592 1010 1761 1063 θείαν

189 1096 460 1162 δύναμιν,
504 1093 605 1147 καί
657 1092 916 1163 μερικῶς
954 1096 1329 1163 ἀλλοωθείς,
1364 1098 1536 1167 μένει
1578 1100 1651 1153 ἐν
1682 1098 1763 1169 τῇ

188 1187 359 1256 φύσει
375 1202 395 1250 ;

270 1277 630 1344 Ἀπόκρισις.
670 1276 792 1330 Ἵνα
818 1278 881 1331 τὸ
910 1278 1121 1350 θέλημα
1159 1281 1256 1335 καὶ
1301 1282 1439 1351 μετὰ
1471 1282 1572 1353 τὴν
1598 1283 1762 1354 χάριν

187 1370 505 1441 δοκιμασθῇ,
553 1370 657 1423 ποῦ
707 1370 861 1441 ῥέπει
913 1372 1008 1425 καὶ
1062 1375 1369 1443 συμφωνεῖ,
1400 1376 1550 1445 μένει
1601 1377 1660 1429 ὲν
1693 1378 1763 1447 τῇ

187 1463 467 1532 ταυτότητι
494 1462 529 1533 ἠ
570 1463 751 1532 φύσις,
783 1465 811 1517 6
846 1464 1081 1535 σκληρὸς
1107 1466 1165 1517 ἐν
1190 1468 1256 1537 τῇ
1286 1467 1637 1539 σκληρότητι,
1666 1470 1763 1522 καὶ

188 1559 215 1609 6
240 1553 438 1622 κοῦφος
474 1555 535 1609 ὲν
565 1557 630 1625 τῇ
658 1555 975 1627 κουφότητι.
1002 1556 1300 1627 Συμὸαίνει
1324 1557 1402 1624 δὲ,
1432 1560 1515 1612 ὅτι
1543 1558 1761 1630 ἰδιώτης

192 1646 264 1701 ὤν
300 1663 379 1709 τις
411 1646 775 1714 ἀναγεννᾶται
802 1648 1211 1716 πνευματικῶς,
1242 1649 1338 1703 καὶ
1366 1650 1762 1719 μεταϐάλλεται

1871 553 2019 607 enim
2048 555 2193 609 Deus
2227 568 2337 624 quo
2367 564 2528 625 pacto
2561 555 2688 626 quis
2717 556 3038 629 dispensare
3065 564 3260 632 possit,
3284 574 3452 637 atque

1870 663 1934 704 ea
1966 649 2179 704 ratione
2209 650 2427 706 confert
2454 649 2671 706 diversa
2700 650 2866 707 dona.
2909 652 3175 711 Similiter
3230 673 3453 731 quoque

1869 739 1937 795 ad
1968 741 2108 797 bella
2135 750 2290 797 certo
2321 743 2560 813 quodam
2598 743 2762 799 modo
2807 759 2910 815 pro
2954 747 3167 804 viribus
3210 750 3453 809 hominis

1870 831 2218 903 suscipienda
2248 848 2313 889 ac
2336 836 2679 900 sustinenda,
2705 837 2773 892 ad
2793 836 2943 896 hunc
2976 840 3200 896 modum
3241 842 3450 897 immit-

1872 926 2008 980 titur
2034 925 2144 980 illis
2177 925 2489 981 adversaria
2523 936 2784 997 potestas.

1938 1014 2003 1071 ν.
2039 1017 2639 1088 Interrogatio..Utrum
2664 1022 2753 1091 qui
2791 1023 2979 1092 accipit
3015 1024 3249 1079 divinam
3282 1028 3452 1080 virtu-

1870 1118 1997 1175 tem,
2025 1127 2089 1165 ac
2116 1112 2172 1163 in
2198 1119 2351 1180 parte
2381 1118 2643 1179 mutatur,
2674 1116 2729 1167 in
2755 1124 2951 1171 natura
2972 1134 3069 1172 sua
3096 1120 3417 1187 permanet?

1942 1280 2247 1352 Responsio.
2304 1282 2376 1339 Ut
2430 1282 2684 1339 voluntas
2730 1296 2853 1356 post
2909 1303 3187 1361 acceptam
3230 1310 3451 1366 quoque

1868 1374 2103 1444 gratiam
2155 1374 2445 1444 probetur,
2500 1391 2612 1444 quo
2658 1378 2866 1443 tendat,
2924 1382 3085 1437 cuive
3120 1388 3448 1453 consentiat,

1869 1472 2067 1519 natura
2095 1473 2343 1520 remanet
2368 1466 2584 1531 eadem,
2616 1467 2791 1525 durus
2840 1470 2894 1525 in
2943 1472 3168 1540 duritie,
3213 1486 3269 1531 et
3313 1478 3452 1533 levis

1870 1555 1927 1610 in
1953 1555 2200 1612 levitate.
2236 1557 2521 1629 Coutingit
2547 1574 2683 1615 vero
2709 1560 2989 1633 plebeium
3014 1567 3327 1636 quempiam
3357 1584 3450 1623 re-

1869 1648 2124 1717 generari
2170 1648 2555 1717 spiritualiter,
2586 1666 2651 1707 ac
2688 1654 2886 1708 mutari
2941 1655 2997 1709 in
3032 1657 3361 1726 sapientem.
3393 1671 3452 1715 et

188 1741 263 1801 εἰς
294 1737 508 1806 σοφίαν,
534 1738 628 1790 καὶ
660 1738 989 1807 γνωρίζεται
1035 1737 1185 1808 αὐτῷ
1226 1740 1522 1809 ἁπόκρυφα
1548 1742 1761 1812 μυστή-

1872 1734 2045 1789 eidem
2072 1736 2303 1790 revelari
2338 1738 2554 1793 occulta
2585 1740 2882 1810 mysteria;
2917 1742 3011 1811 qui
3044 1754 3237 1800 natura
3265 1755 3451 1803 tamen

190 1846 294 1902 pta‘
327 1828 422 1882 καὶ
462 1829 676 1899 ἰδιώτης
705 1831 822 1883 ἐστὶ
859 1831 925 1900 τῇ
966 1829 1149 1898 φύσει.
1183 1829 1374 1895 Ἀλλος
1404 1832 1512 1885 ἀπὸ
1548 1832 1762 1901 φύσεως

188 1922 418 1993 σκληρὸς
439 1922 538 1986 ῶν,
577 1922 794 1975 δίδωσιν
832 1922 1028 1976 ἑαυτοῦ
1063 1923 1125 1976 τὸ
1163 1922 1375 1994 θέλημα
1414 1925 1493 1988 εἰς
1524 1925 1624 1993 τὴν
1648 1924 1765 1978 θεο-

189 2014 418 2076 σέϐειαν,
444 2014 537 2067 καὶ
575 2014 788 2083 δέχεται
839 2013 1002 2068 αὐτὸν
1032 2017 1061 2068 6
1081 2014 1235 2081 Θεὸς,
1263 2016 1414 2084 μένει
1445 2016 1502 2069 δὲ
1530 2017 1565 2087 ἡ
1600 2016 1762 2086 φύσις

186 2102 240 2153 ὲν
266 2104 329 2171 τῇ
363 2100 692 2171 σκληρότητι
717 2143 731 2167 ,
786 2104 882 2156 καὶ
931 2103 1144 2157 εὐδοκεί
1186 2106 1269 2167 εἰς
1323 2105 1487 2158 αὑτὸν
1540 2108 1568 2159 6
1604 2106 1758 2171 Θεός.

191 2191 375 2254 Ἀλλος
416 2192 532 2244 ἐστὶ
582 2192 837 2263 χρηστῶν
883 2193 1054 2264 ἠθῶν,
1097 2194 1368 2267 ἐπιεικὴς,
1409 2196 1638 2264 ἀγαθὸς,
1684 2197 1765 2251 δί-

184 2287 337 2336 δωσιν
367 2284 561 2338 ἑαυτὸν
585 2285 664 2355 τῷ
688 2284 828 2355 Θεῷ,
865 2288 958 2338 καὶ
986 2287 1201 2357 δέχεται
1240 2289 1339 2358 μὲν
1384 2290 1549 2344 αὑτὸν
1582 2293 1613 2344 6
1645 2288 1763 2344 Κύ-

188 2389 315 2445 ριος⁸
364 2374 443 2445 μὴ
475 2376 784 2446 ἐμμένοντα
815 2375 873 2428 δὲ
906 2379 1020 2441 τοῖς
1057 2377 1283 2447 ἀγαθοῖς
1312 2378 1500 2450 ἔργοις
1539 2380 1639 2434 οὐκ
1674 2382 1764 2434 εὐε-

184 2465 341 2527 δοκεϊ,
369 2464 560 2535 ἐπειδὴ
599 2467 631 2535 ὴ
685 2464 850 2534 φύσις
881 2466 978 2537 ὅλη
1018 2465 1116 2520 τοῦ
1161 2467 1334 2538 Ἀδὰμ
1373 2471 1582 2541 τρεπτή
1613 2471 1763 2523 ἐστιν

188 2558 274 2608 ἐπὶ
301 2556 360 2608 τὺ
389 2555 579 2618 καλὸν,
616 2556 711 2609 καὶ
756 2557 852 2611 ἐπὶ
882 2558 945 2611 τὸ
977 2558 1167 2625 κακὸν,
1193 2559 1418 2632 δεκτικὴ
1443 2561 1537 2615 τοῦ
1570 2561 1762 2626 κακοῦ,

185 2647 293 2700 ἀλλ’
332 2649 382 2700 εἰ
428 2647 575 2700 θέλει
612 2648 713 2702 οὐκ
750 2648 1172 2721 άποτελεστική.

252 2741 342 2806 ς’.
384 2738 599 2808 Ὠσπερ
618 2740 893 2809 σωμάτιον
938 2742 1283 2811 γραφόμενόν
1323 2743 1460 2802 ἐστι,
1495 2742 1767 2813 διαφόρως

187 2831 412 2898 θελήσας
456 2830 726 2902 ἔγραψας,
764 2832 927 2885 πάλιν
948 2832 1275 2901 ἀπαλείψας·
1307 2833 1521 2902 δέχεται
1550 2834 1657 2904 γὰρ
1703 2835 1766 2887 τὸ

187 2924 456 2993 σωμάτιον
486 2926 669 2978 πᾶσαν
700 2925 943 2995 γραφήν
969 2924 1114 2978 οὕτω
1151 2925 1247 2979 καὶ
1274 2926 1302 2978 ὀ
1334 2926 1589 2997 σκληρὸς,
1625 2926 1759 2980 ἐδω-

1866 1828 2116 1896 plebeius
2140 1838 2246 1883 est.
2283 1830 2441 1885 Alius
2484 1830 2659 1887 durus
2705 1843 2921 1899 natura,
2970 1838 3210 1906 applicat
3257 1840 3454 1893 volun-

1868 1924 2035 1970 tatem
2089 1930 2246 1970 suam
2281 1917 2349 1972 ad
2400 1920 2609 1973 cultum
2656 1919 2928 1987 divinum,
2984 1940 3147 1994 quem
3201 1937 3451 1998 acceptat

1865 2023 2087 2077 quoque
2114 2009 2258 2064 Deus
2284 2026 2298 2077 ;
2324 2020 2575 2067 remanet
2606 2029 2739 2069 vero
2768 2024 2963 2069 natura
2997 2018 3119 2088 ejus
3145 2019 3199 2073 in
3223 2036 3321 2075 sua
3352 2022 3454 2076 du-

1868 2102 2015 2159 ritie.
2044 2101 2201 2172 isque
2231 2103 2346 2157 Deo
2375 2104 2574 2173 placet.
2603 2106 2759 2162 Alius
2791 2116 2876 2163 est
2902 2110 3147 2165 moribus
3176 2112 3447 2183 benignis,

1868 2209 2081 2263 aequus.
2109 2195 2288 2249 bonus
2316 2212 2330 2262 ;
2354 2196 2519 2251 oﬂ‘ert
2553 2198 2795 2268 seipsum
2844 2198 2976 2264 Deo,
3006 2217 3069 2257 ac
3101 2202 3295 2273 recipit
3323 2219 3451 2260 cum

1868 2285 2266 2354 Dominus;eo
2295 2301 2447 2352 vero,
2501 2290 2595 2358 qui
2647 2304 2757 2344 non
2801 2302 3117 2360 perseverat
3174 2295 3227 2348 in
3290 2294 3452 2352 bouis

1870 2378 2149 2447 operibus,
2179 2393 2289 2433 non
2345 2378 2687 2445 delectatur;
2724 2382 2997 2451 siquidem
3047 2384 3303 2440 universa
3352 2402 3453 2441 ua-

1868 2478 1992 2524 tura
2040 2470 2173 2525 Adae
2199 2470 2481 2525 mutabilis
2506 2480 2592 2526 est
2624 2479 2738 2525 tum
2767 2473 2823 2527 in
2855 2474 3080 2540 bonum,
3111 2484 3225 2529 tum
3260 2477 3313 2531 iu
3340 2493 3453 2532 ma-

1867 2559 2021 2614 lum:
2059 2576 2229 2629 capax
2260 2561 2485 2630 quidem
2534 2562 2683 2627 mali,
2712 2565 2859 2633 quod
2897 2573 3103 2629 tamen,
3137 2568 3180 2621 si
3217 2569 3370 2633 velit,
3396 2569 3454 2624 in

1868 2652 2126 2707 effectum
2155 2669 2264 2706 non
2288 2652 2534 2708 deducit.

1942 2745 2028 2799 Vl.
2061 2745 2534 2811 Quemadmodum
2581 2753 2664 2801 est
2719 2749 3037 2805 membrana
3074 2752 3273 2807 litteris
3324 2768 3455 2808 con-

1871 2839 1999 2903 sita,
2028 2837 2081 2890 in
2108 2852 2214 2906 qua
2245 2838 2418 2903 varie,
2448 2846 2508 2891 ut
2532 2839 2799 2904 volueris,
2829 2842 3142 2910 scripseris,
3174 2858 3239 2898 ac
3264 2860 3456 2899 rursus

1870 2930 2281 2986 oblitteraveris
2324 2931 2494 3001 (capit
2521 2933 2670 2986 enim
2717 2935 3035 2989 membrana
3065 2953 3456 3009 quamcunque

185 3034 273 3069 κεν
313 3016 484 3069 αὑτοῦ
512 3016 574 3070 τὺ
607 3017 817 3088 θέλημα
848 3016 984 3087 πρὸς
1020 3017 1115 3070 τὸν
1151 3018 1305 3079 Θεὸν,
1345 3019 1557 3089 ἐτράπη
1588 3019 1667 3085 εἰς
1703 3018 1761 3071 τὸ

1872 3020 1984 3091 96
2022 3020 2377 3090 scripturam)
2426 3020 2505 3074 sic
2531 3020 2697 3075 etiam
2717 3021 2893 3077 durus
2918 3024 3258 3079 voluntatem
3298 3041 3454 3079 suam

184 3109 401 3177 ἀγαθὸν,
427 3109 622 3179 ἐδέχθη
661 3084 769 3162 ὐπδ
795 3084 1075 3163 τοῦ-θεοῦ.
1112 3108 1173 3162 '0
1199 3109 1310 3181 γὰρ
1335 3084 1470 3173 Θεδς
1500 3084 1587 3163 ἴνά
1609 3108 1761 3181 δείξῃ

1874 3114 2107 3169 contulit
2130 3114 2183 3167 iu
2207 3115 2720 3179 Deum,conversus
2735 3118 2903 3170 estad
2926 3116 3457 3189 bonum,susceptus

181 3200 248 3255 τὰ
281 3200 477 3255 ἑαυτοῦ
509 3201 816 3272 σπλάγχνα,
846 3201 1059 3265 πάντας
1087 3201 1325 3273 δέχεται,
1350 3204 1534 3257 πᾶσαν
1564 3204 1761 3274 προαί-

184 3308 346 3364 ρεσιν.
376 3293 442 3348 Ol
491 3292 801 3359 ἀπόστολοι,
861 3295 942 3357 εἰς
998 3295 1066 3365 ἢν
1100 3294 1170 3348 ἂν
1222 3295 1379 3348 πόλιν
1418 3296 1765 3367 εἰσήρχοντο,

183 3390 395 3443 ἐποίουν
432 3388 560 3442 τινὰ
594 3388 810 3460 χρόνον,
838 3391 936 3443 καὶ
978 3392 1044 3443 ὲκ
1073 3390 1182 3443 τῶν
1214 3388 1574 3459 κακουμένων
1609 3390 1763 3454 τινὰς

187 3483 357 3544 ἰῶντο,
406 3482 563 3545 τινὰς
595 3483 652 3535 δὲ
673 3481 757 3537 ού.
810 3484 1045 3536 Ἤθελον
1087 3483 1147 3536 δὲ
1188 3484 1343 3538 αὐτοί
1377 3485 1428 3537 οἰ
1470 3483 1761 3538 ἀπόστολοι

183 3574 383 3637 πάντας
408 3574 539 3637 τοὺς
572 3574 802 3643 νεκροὺς
840 3575 1021 3628 αὐτῶν
1048 3576 1359 3640 ζωοποιεῖν,
1381 3576 1477 3629 καὶ
1504 3576 1632 3639 τοὺς
1662 3592 1762 3629 κα·

182 3668 478 3737 κουμένους
501 3669 580 3731 εἰς
604 3667 815 3735 ὑγίειαν
838 3668 1048 3739 φέρειν,
1080 3670 1174 3722 καὶ
1204 3668 1469 3731 ὁλοτελῶς
1504 3668 1605 3721 οὐκ
1640 3669 1757 3737 ἐγί-

182 3775 297 3812 νετο
334 3759 518 3812 αὐτῶν
547 3760 608 3812 τὸ
643 3759 877 3829 θέλημα⁹
926 3760 988 3813 οὐ
1038 3762 1146 3830 γὰρ
1185 3761 1526 3831 ἐπετρέπετο
1574 3760 1759 3823 αὐτοῖς

179 3852 274 3905 ὅσα
296 3851 490 3921 ἠθελον
521 3854 715 3907 ποιεῖν.
768 3853 1001 3922 Ὀμοίως
1022 3854 1119 3905 καὶ
1145 3854 1173 3906 6
1203 3853 1438 3916 Παῦλος,
1468 3854 1558 3906 ὅτε
1589 3855 1758 3925 ἐκρα-

180 3945 315 4015 τήθη
342 3946 450 3999 ὑπὸ
484 3944 579 3998 τοῦ
602 3945 887 4015 ἐθνάρχου,
915 3948 963 3998 εἰ
994 3944 1184 4016 ἢθελεν
1208 3948 1241 4016 ὴ
1276 3947 1373 3999 σὺν
1400 3946 1552 4017 αὐτῷ
1576 3947 1754 4017 χάρις,

180 4036 349 4089 ἐποίει
375 4037 474 4091 τὸν
503 4035 771 4106 ἐθνάρχην
801 4039 895 4089 καὶ
924 4038 986 4089 τὸ
1012 4040 1189 4107 τεῖχος
1227 4037 1613 4109 διαρραγῆναι,
1660 4037 1757 4090 ἄν·

182 4130 390 4199 θρωπος
427 4130 570 4199 ἔχων
607 4129 985 4201 Παράκλητον·
1020 4129 1162 4183 ἀλλὰ
1196 4129 1286 4184 διὰ
1334 4131 1613 4201 σαργάνης
1661 4147 1759 4200 χα-

180 4223 332 4276 λᾶται
357 4223 389 4274 6
429 4222 774 4284 Ἀπόστολος.
812 4221 921 4275 Καὶ
970 4220 1075 4275 ποῦ
1101 4224 1135 4291 ἡ
1176 4221 1413 4276 συνοῦσα
1461 4222 1580 4276 θεία
1611 4223 1761 4277 δύναο

182 4332 298 4385 μις;
330 4314 504 4369 ταῦτα
531 4315 889 4384 οἰκονομικῶς
928 4315 1157 4381 ἐγίνετο,
1195 4316 1276 4379 εἷς
1307 4332 1429 4370 τινα
1458 4316 1758 4387 πράγματα

1864 3215 1949 3261 est
1980 3223 2012 3261 a
2042 3207 2175 3263 Deo.
2227 3208 2373 3263 Deus
2403 3207 2576 3273 enim,
2634 3216 2697 3263 ut
2743 3208 2937 3263 intima
2987 3211 3193 3265 amoris
3238 3212 3454 3269 viscera

1865 3300 2293 3363 demonstraret,
2337 3315 2531 3355 omnes
2574 3300 2773 3371 recipit
2830 3315 3162 3373 omnemque
3201 3305 3458 3360 volunta-

1867 3402 1998 3447 tem.
2028 3393 2274 3462 Apostoli
2305 3407 2693 3463 quamcunque
2740 3392 3023 3449 civitatem
3062 3396 3455 3466 ingrediebar»

1865 3492 1975 3548 tur,
2005 3484 2367 3539 morabantur
2396 3484 2450 3538 in
2477 3499 2541 3539 ea
2570 3485 2915 3554 aliquantum
2952 3487 3238 3557 temporis,
3286 3497 3342 3542 et
3384 3505 3453 3544 ex

1863 3578 2005 3632 male
2039 3577 2255 3632 allectis
2274 3577 2540 3646 quosdam
2563 3578 2853 3643 sanabant,
2880 3578 3145 3647 quosdam
3164 3596 3297 3635 vero
3321 3596 3451 3635 non.

1862 3669 2211 3737 Exoptabant
2242 3684 2373 3723 vero
2400 3668 2500 3738 ipsi
2532 3670 2765 3739 apostoli
2803 3678 3035 3725 cunctos
3078 3685 3272 3725 eorum
3304 3688 3457 3725 mor-

1865 3773 1991 3816 tuos
2012 3762 2067 3815 in
2092 3761 2260 3815 vitam
2287 3760 2628 3831 postliminio
2649 3771 3005 3829 revocare,et
3022 3764 3164 3819 male
3185 3764 3455 3820 habentes

1863 3854 1931 3909 ad
1975 3855 2271 3909 sanitatem
2307 3854 2654 3923 perducere;
2708 3870 2901 3909 verum
2948 3854 3209 3911 voluntas
3261 3872 3456 3912 eorum

1862 3959 1968 3997 non
1994 3958 2093 4012 per
2123 3943 2305 3997 omnia
2340 3927 2704 4012 implebatur;
2739 3958 2850 3998 non
2890 3944 3041 3999 enim
3070 3946 3305 4001 dabatur
3353 3950 3436 4003 eis

1860 4048 2204 4104 quaecunque
2264 4032 2547 4097 volebant,
2588 4047 2872 4104 peragere.
2922 4033 3189 4089 Similiter
3231 4036 3432 4092 Paulus.

1861 4144 1986 4183 cum
2017 4127 2362 4182 detineretur
2385 4141 2415 4180 a
2450 4125 2712 4195 praefecto
2738 4127 2936 4197 gentis,
2968 4128 3013 4181 si
3041 4127 3315 4185 voluisset
3332 4108 3456 4199 ιζτεῖ

1861 4219 1935 4273 tia
1983 4234 2107 4288 qua‘
2141 4217 2407 4289 praaditus
2451 4227 2604 4282 erat,
2654 4216 2876 4273 fecisset
2922 4218 3242 4288 praefectum
3291 4221 3449 4277 illum

1861 4312 2061 4383 gentis,
2097 4320 2265 4381 atque
2298 4326 2517 4364 murum
2559 4309 2822 4381 dirumpi,
2846 4318 2904 4365 et
2940 4310 3184 4383 eﬂ'ringi,
3221 4313 3450 4384 quippe,

180 4411 351 4461 ποιεῖν
374 4408 575 4469 αὐτοὺς
625 4410 829 4477 σημεῖα
882 4410 976 4461 καὶ
1011 4406 1325 4478 θαυμάσια,
1362 4407 1457 4462 καὶ
1508 4407 1587 4472 εἰς
1633 4426 1755 4462 τινα

1872 4404 1955 4474 qui
1981 4403 2148 4457 homo
2174 4410 2295 4456 erat
2328 4401 2613 4457 Paraclcto
2636 4402 2917 4471 repletus;
2944 4417 3141 4457 verum
3172 4418 3272 4473 per
3293 4419 3455 4474 spor-

178 4500 425 4552 ἁσθενεϊν
476 4497 670 4562 αύτούς
699 4517 712 4529 ·
744 4498 829 4550 ἵνα
867 4500 925 4551 ἐν
972 4497 1183 4561 τούτοις
1217 4498 1469 4570 διακριθῇ
1502 4500 1535 4567 ἡ
1573 4500 1759 4562 πίστις

1872 4514 1967 4555 ιοιιι
2003 4496 2301 4551 dimittitur
2335 4494 2796 4563 Apostolus“'“.
2828 4495 2899 4549 Et
2920 4496 3014 4549 ubi
3041 4496 3220 4550 virtus
3245 4497 3454 4563 divina,

178 4592 283 4644 τῶν
310 4592 560 4644 ἀπίστων
602 4590 694 4643 καὶ
746 4590 855 4643 τῶν
889 4590 1111 4656 πιστῶν,
1156 4592 1250 4644 καὶ
1303 4591 1365 4643 τὸ
1414 4590 1760 4658 αὐτεξούσιον

179 4684 506 4754 δοκιμασθῇ,
540 4683 631 4737 καὶ
663 4684 977 4754 φανερωθῇ,
1012 4684 1128 4751 εἴγε
1160 4686 1242 4747 εἰς
1285 4684 1354 4736 τὰ
1396 4683 1763 4755 ἀσθενέστερα

182 4775 316 4845 μέρη
353 4776 503 4838 τινὲς
556 4777 615 4828 οὐ
670 4775 1133 4839 σκανδαλίζονται.
1182 4776 1247 4828 El
1294 4777 1404 4845 γὰρ
1454 4776 1634 4828 πάντα
1664 4776 1765 4830 ὅσα

179 4867 367 4936 ἣθελον
396 4868 616 4921 ἐποίουν
659 4868 1047 4933 οἰὰπόστολοι,
1099 4869 1479 4939 ἀναγκαστικῇ
1532 4867 1760 4937 δυνάμει

179 4959 442 5028 ἐφύτευον
469 4961 595 5024 τοὺς
625 4960 946 5031 ἀνθρώπους
979 4962 1059 5024 εἰς
1088 4961 1188 5031 τὴν
1219 4960 1548 5023 θεοσέϐειαν,
1578 4960 1666 5014 διὰ
1695 4959 1763 5013 τὰ

180 5055 402 5121 σημεῖα,
460 5053 557 5105 καὶ
596 5052 656 5105 τὸ
704 5051 1076 5116 αὐτεξούσιον,
1108 5053 1201 5105 καὶ
1238 5052 1422 5105 οὐκέτι
1456 5052 1639 5114 πίστις
1670 5051 1765 5106 καὶ

176 5145 421 5199 ἀπιστίαι
459 5146 490 5196 6
538 5145 647 5215 γὰρ
686 5145 1117 5214 Χριστιανισμὺς
1151 5144 1295 5208 λίθος
1327 5146 1442 5198 ἐστὶ
1482 5144 1765 5215 προσκόμ-

181 5251 344 5301 ματος
372 5236 473 5288 καὶ
495 5235 675 5305 πέτρα
698 5235 1023 5289 σκανδάλου.

1859 4608 1966 4664 qua
1994 4590 2260 4661 praeditus
2285 4589 2446 4643 erat?
2474 4588 2599 4643 Haec
2627 4603 2754 4642 cum
2781 4588 3193 4659 dispensatione
3226 4589 3452 4655 fiebant,

1862 4693 1924 4738 ut
1954 4680 2284 4753 quibusdam
2327 4680 2383 4733 in
2416 4680 2583 4734 rebus
2625 4680 2891 4734 miracula
2926 4696 2991 4735 ac
3024 4681 3179 4751 signa
3226 4682 3459 4737 ederent

1864 4776 1992 4847 ipsi,
2021 4776 2077 4830 in
2110 4773 2388 4844 aliquibus
2411 4772 2595 4826 minus
2621 4781 2879 4842 possent:
2902 4781 2962 4826 ut
2990 4773 3044 4827 in
3068 4774 3220 4829 hisce
3243 4774 3455 4829 discere

1870 4874 2099 4921 neretur
2128 4862 2265 4917 fides
2292 4861 2659 4925 credentium,
2695 4870 2751 4916 et
2780 4877 2893 4915 non
2928 4862 3293 4929 credentium,
3317 4864 3459 4920 libe-

1871 4972 2104 5028 rumque
2149 4955 2442 5010 arbitrium
2477 4953 2829 5024 probaretur,
2862 4968 2926 5007 ac
2984 4954 3453 5023 manifestaretur,

1861 5066 1997 5105 num
2034 5048 2261 5119 quidam
2303 5046 2376 5101 ob
2424 5047 2670 5116 ipsorum
2700 5046 2755 5100 in
2786 5046 3119 5116 quibusdam
3162 5048 3459 5104 inﬁrmita-

1867 5154 1975 5197 tem
2010 5140 2373 5196 oll‘ensionem
2406 5146 2750 5208 paterentur,
2813 5151 3009 5193 necne.
3036 5138 3094 5194 Si
3119 5139 3290 5204 enim,
3311 5157 3458 5211 qum-

1866 5250 2087 5304 cunque
2148 5232 2430 5295 volebant,
2489 5230 2749 5285 fecissent
2800 5230 3055 5300 apostoli,
3112 5230 3164 5285 vi
3220 5233 3458 5301 quadam

177 5328 485 5383 necessaria
527 5328 922 5397 compulissent
950 5326 1203 5380 homines
1240 5325 1307 5380 ad
1327 5327 1531 5381 cultum
1562 5325 1832 5392 divinum,
1871 5342 1969 5397 per
2007 5324 2297 5383 miracula.
2325 5331 2382 5377 et
2411 5323 2649 5377 liberam
2710 5330 3064 5392 potestatem,
3088 5336 3193 5379 nec
3220 5324 3458 5394 amplius

179 5423 310 5477 fides
340 5422 559 5483 fuisset,
598 5428 693 5475 aut
724 5420 1039 5474 infidelitas.
1071 5420 1509 5475 Christianorum
1547 5421 1730 5475 cultus
1761 5422 1909 5475 enim
1944 5420 2079 5489 lapis
2106 5426 2191 5472 est
2221 5416 2545 5471 offensionis
2576 5424 2632 5470 et
2656 5425 2816 5486 petra
2855 5416 3124 5474 scandali.

243 5515 315 5569 Z'.
351 5514 503 5585 Πλὴν
530 5514 589 5566 τὸ
618 5513 747 5584 περὶ
778 5513 871 5565 τοῦ
903 5510 1024 5565 ’1ὼὸ
1042 5511 1447 5581 γεγραμμένον,
1479 5513 1580 5565 ούκ
1604 5504 1753 5564 ἔστιν

178 5606 381 5671 ἁπλῶς,
421 5605 541 5669 πῶς
590 5605 892 5677 ἐξῃτήσατο
946 5605 1107 5658 αὐτὸν
1167 5606 1194 5658 6
1241 5605 1505 5667 Σατανᾶς.
1538 5606 1610 5657 Οὐ
1647 5605 1755 5673 γὰο

282 5789 407 5820 '3'“
440 5787 561 5842 Act.
606 5803 678 5852 Ix,
705 5787 794 5843 24.

1937 5510 2048 5565 VII.
2075 5510 2303 5570 Verum,
2324 5508 2471 5578 quod
2496 5507 2563 5563 de
2588 5507 2729 5563 Jobu
2758 5509 3024 5578 scriptum
3052 5519 3156 5576 est,
3181 5526 3289 5566 non
3314 5511 3456 5576 leve,

1866 5610 1961 5655 aut
1990 5601 2217 5655 omnino
2238 5601 2451 5655 nullum
2502 5608 2607 5663 est,
2629 5600 2909 5671 quomodo
2935 5602 3194 5658 nimirum
3230 5603 3461 5659 Satanas
