3966 6520
522 320 625 383 679

1762 312 1823 371 s.
1862 307 2183 389 MACARII
2224 309 2549 374 acrem
3651 314 3736 375 ιω

514 448 644 487 eum
672 427 1022 501 expetiverit.
1062 427 1183 485 Non
1225 426 1374 482 enim
1404 424 1583 497 potuit
1616 426 1734 481 sine
1769 425 2041 496 permissu
2071 439 2100 478 a

2213 425 2441 493 ἠδύνατο
2505 429 2635 483 ἄνευ
2685 428 3002 501 ἑπιπροπῆς
3057 427 3152 496 ἀφ’
3185 425 3382 483 ἑαυτοῦ
3426 442 3481 479 τι
3526 426 3737 495 ποιῆσαι.

516 539 576 579 se
601 523 722 598 ipso
747 521 1049 593 quidquam
1072 519 1273 574 facere.
1307 518 1532 582 Verum,
1549 516 1684 585 quid
1704 515 1842 570 dicit
1864 516 2096 571 Domino

518 613 815 669 diabolus?
846 611 929 666 Da
969 610 1095 665 mihi
1135 608 1289 663 illum
1318 610 1371 661 in
1403 624 1612 670 manus,
1650 608 1755 660 nisi
1800 608 1856 661 in
1909 608 2100 676 faciem

460 682 474 727 ¹
520 705 613 761 tibi
638 706 1043 761 benedixerit".
1076 704 1190 758 Hoc
1228 704 1411 771 itaque
1444 699 1609 755 modo
1646 715 1795 755 nunc
1831 710 1915 756 est
1951 700 2098 755 idem

516 795 643 863 Joh,
677 796 823 851 idem
857 797 1023 859 Deus,
1069 801 1126 848 et
1168 791 1313 846 idem
1362 790 1638 845 diabolus.
1670 790 1750 844 Eo
1793 790 1913 859 ipso
1968 805 2099 861 ergo

520 894 826 949 momento,
850 898 959 953 quo
988 890 1319 937 consecutus
1351 889 1471 936 erat
1502 881 1718 935 Domini
1752 881 2017 936 auxilium
2043 890 2102 937 et

519 984 808 1051 promptus
837 982 1037 1030 eratet
1067 972 1314 1028 fervidus
1367 973 1541 1044 gratia
1592 974 1885 1044 expetebat
1942 974 2098 1030 illum

520 1068 771 1131 Satanas,
802 1066 992 1121 dicens
1034 1064 1305 1120 Domino:
1340 1062 1479 1130 Quia
1506 1065 1667 1135 juvas
1695 1065 1870 1129 illum,
1904 1074 1952 1119 et
1981 1082 2098 1119 sue-

520 1161 689 1213 curris
719 1157 819 1223 illi,
852 1158 1010 1211 servit
1041 1156 1133 1210 tibi
1145 1173 1163 1221 ;
1198 1156 1436 1227 relinque
1457 1156 1631 1221 illum,
1657 1166 1707 1210 et
1748 1158 1901 1211 trade
1950 1158 2099 1221 mihi,

520 1254 622 1309 nisi
657 1252 712 1306 in
752 1251 940 1321 facient
985 1250 1078 1304 tibi
1129 1249 1534 1304 benedixerit“.
1567 1248 1829 1319 Superest
1865 1258 1945 1313 ut,
1973 1249 2102 1319 quia

520 1346 899 1400 consolatione
952 1341 1199 1398 reﬁcitur
1254 1342 1457 1406 anima,
1494 1341 1667 1411 gratia
1704 1356 1762 1396 se
1806 1341 2101 1405 subducat,

520 1447 687 1507 atque
716 1437 900 1493 anima
945 1434 1349 1490 tentationibus
1398 1433 1671 1488 tradatur.
1714 1432 1941 1487 Accedit
1970 1420 2103 1503 ergo

521 1529 798 1591 diabolus,
851 1527 1097 1582 inferens
1152 1524 1367 1580 inﬁnita
1425 1524 1588 1589 mala,
1635 1523 2101 1594 desperationem,

521 1617 1095 1679 abrenuntiationem,
1150 1612 1514 1685 cogitationes
1559 1628 1757 1683 pravas
1785 1654 1801 1678 ,
1856 1612 2103 1683 aﬂligcns

2214 521 2374 574 Ἀλλὰ
2402 521 2454 575 τί
2484 522 2631 589 λέγει
2658 521 2735 592 τῷ
2766 519 2955 590 Κυρίῳ
2980 523 3008 573 6
3031 518 3310 586 διάϐολοςς
3340 518 3453 583 Δός
3467 533 3565 587 μοι
3588 519 3744 573 αὐτὸν

2200 616 2290 681 εὶς
2324 613 2547 682 χεῷαςι
2588 609 2629 683 ἦ
2660 613 2790 682 μὴν
2815 616 2895 678 είς
2944 612 3269 678 πρόσωπόν
3311 625 3389 664 σε
3433 608 3743 679 εὐλογήσω.

2202 705 2391 769 Οὕτως
2420 706 2515 759 καὶ
2542 706 2637 758 νῦν
2658 708 2686 758 6
2712 705 2876 767 αὐτὸς
2916 703 3036 757 ’1ὡὸ
3067 705 3206 767 ἔστι,
3242 702 3333 754 καὶ
3363 703 3393 754 6
3432 700 3590 763 αὐτὸς
3618 700 3748 763 Θεὸς.

2202 798 2297 850 καὶ
2334 798 2361 850 6
2390 796 2550 859 αὐτὸς
2579 795 2845 857 διάϐολος.
2891 794 2981 849 Ἐν
3004 796 3115 861 ὅσῳ
3142 792 3234 846 οὑν
3271 793 3531 863 τυγχάνει
3556 791 3647 859 τῆς
3671 794 3751 844 ἀνι

2200 887 2475 957 τιλήψεως
2504 886 2660 948 Θεοῦ,
2692 886 2787 939 καὶ
2825 884 2939 939 ἔστι
2970 885 3249 955 πρόθυμος
3290 884 3386 936 καὶ
3419 882 3556 947 ζέων
3586 884 3646 951 τῇ
3672 885 3751 951 χά-

2205 996 2315 1049 ριτι
2333 978 2627 1043 ὲξαιτεῖται
2648 979 2812 1032 αὑτὸν
2832 980 2860 1029 6
2881 978 3147 1038 Σατανᾶς.
3165 974 3273 1029 Καὶ
3295 975 3444 1041 λέγει
3465 973 3544 1043 τῷ
3566 975 3749 1043 κυρίῳ,

2205 1070 2449 1138 Ἐπειδὴ
2476 1068 2724 1137 βοηθεῖς
2750 1066 2933 1134 αὐτῷ,
2958 1066 3055 1121 καί
3088 1064 3551 1135 ἀντιλαμϐάνεις
3571 1064 3751 1129 αὑτοῦ,

2203 1165 2479 1219 δουλεύει
2499 1179 2599 1218 σοι
2618 1180 2635 1227 ;
2661 1162 2809 1231 ἄφες
2831 1160 3022 1215 αὐτὸν
3042 1159 3140 1213 καὶ
3166 1158 3433 1227 παράδος
3446 1174 3570 1226 μοι,
3594 1151 3627 1225 ᾖ
3646 1156 3753 1224 μὴν

2205 1258 2293 1322 εἰς
2319 1254 2646 1324 πρόσωπόν
2670 1268 2745 1306 σε
2762 1249 3118 1321 εὐλογήσω.
3143 1248 3364 1311 Λοιπὸν,
3389 1246 3464 1309 ὡς
3490 1247 3572 1299 ὅτι
3600 1263 3754 1315 παραυ

2207 1347 2451 1402 καλεῖται
2472 1348 2504 1418 ἡ
2527 1343 2696 1416 ψυχὴ,
2718 1346 2752 1415 ὴ
2780 1343 2940 1414 χάρις
2962 1340 3305 1404 ὑποστέλλει,
3322 1337 3417 1391 καὶ
3435 1336 3760 1407 παραδίδοται

2207 1439 2411 1511 ἡψυχὴ
2461 1439 2814 1509 πειρασμοῖς.
2848 1426 3113 1505 Ἔρχεται
3140 1432 3233 1487 οὖν
3278 1433 3307 1484 6
3355 1429 3623 1494 διάϐολος,
3654 1430 3759 1481 ἑπι-

2208 1529 2389 1600 φέρων
2426 1528 2599 1600 μυρία
2638 1526 2806 1592 κακὰ,
2834 1523 3212 1595 ἀπελπισμδν,
3242 1520 3577 1590 ἀπόγνωσιν,
3609 1517 3763 1572 διαλοο

2206 1620 2443 1691 γισμοὺς
2471 1620 2766 1691 πονηροὺς,
2815 1618 3015 1673 θλίϐων
3046 1616 3145 1687 τὴν
3176 1614 3376 1685 ψυχὴν,
3414 1613 3504 1666 ἵνα
3537 1610 3766 1681 χαυνώσῃ

520 1710 784 1773 animam,
843 1717 905 1763 ut
938 1705 1184 1761 emolliat
1228 1713 1286 1760 et
1321 1704 1596 1760 abalienet
1651 1720 1774 1761 eam
1830 1720 1861 1760 a
1907 1720 2007 1777 spe
2043 1705 2101 1759 in

2213 1714 2303 1767 καὶ
2335 1712 2677 1785 ἀλλοτριώσῃ
2712 1712 2919 1782 ταύτην
2948 1711 3049 1780 τῆς
3083 1707 3299 1771 ἐλπίδος
3336 1705 3433 1760 τοῦ
3462 1704 3628 1762 Θεοῦ.

520 1801 694 1855 Deum
728 1810 1011 1869 concepta.

591 1892 729 1947 Vill.
758 1890 1007 1947 Prudens
1060 1899 1245 1945 autem
1303 1889 1505 1953 anima,
1538 1887 1691 1943 hisce
1732 1888 1892 1944 malis
1935 1895 2100 1958 atque

520 1981 911 2037 alliictionibus
940 1980 1161 2045 obruta,
1182 1995 1291 2034 non
1324 1979 1599 2050 desperat,
1628 1979 1725 2034 sed
1755 1989 1923 2043 tenet,
1950 1982 2100 2050 quod

521 2083 705 2130 tenet:
730 2090 794 2129 ac
815 2088 1159 2144 quaecunque
1187 2072 1239 2127 ei
1282 2073 1431 2126 illata
1459 2072 1667 2127 fuerint
1720 2088 1821 2142 per
1859 2074 2104 2129 infinitas

522 2168 858 2224 tcntationes
885 2166 1106 2231 tolerat,
1140 2165 1437 2235 inquiens:
1473 2165 1654 2221 Etiam
1677 2167 1723 2220 si
1765 2168 1988 2233 moriar,
2035 2167 2100 2222 ab

520 2276 581 2314 eo
614 2276 719 2314 non
740 2259 1019 2327 deﬁciam:
1048 2267 1105 2313 et
1152 2267 1291 2322 tum,
1330 2258 1375 2313 si
1425 2258 1695 2314 sustineat
1720 2258 1889 2315 homo
1927 2276 2103 2331 usque

520 2353 589 2409 ad
617 2353 803 2420 tinem,
831 2352 1025 2423 incipit
1054 2352 1323 2407 Dominus
1357 2351 1641 2422 disputare
1683 2367 1811 2407 cum
1864 2352 2099 2409 Satana:

524 2444 675 2500 Vides
719 2451 919 2515 quanta
948 2441 1115 2508 mala,
1144 2451 1478 2514 quantasque
1520 2442 1822 2513 afﬂictiones
1856 2444 2102 2499 intuleris

466 2606 473 2613 _
520 2536 638 2602 illi,
708 2553 799 2590 nec
846 2537 1025 2607 paruit
1075 2535 1166 2589 tibi
1212 2551 1231 2589 :
1293 2536 1384 2589 sed
1463 2536 1589 2590 mihi
1637 2536 1826 2600 servit,
1880 2554 1944 2589 ac
2024 2553 2104 2591 me

522 2630 725 2681 metuit.
771 2628 911 2682 Tum
958 2626 1171 2697 pudore
1204 2627 1449 2681 snﬂ'usus
1502 2626 1753 2693 Satanas,
1781 2628 1928 2698 quod
1955 2628 2105 2684 dicat

524 2720 667 2773 ultra
694 2734 805 2773 non
842 2717 1030 2773 habet.
1064 2716 1341 2784 Quantum
1366 2717 1514 2772 enim
1550 2716 1618 2772 ad
1651 2717 1873 2784 Jobum,
1924 2718 1971 2773 si
1999 2735 2102 2773 no-

521 2811 690 2865 visset
723 2824 850 2864 eum
887 2808 944 2863 in
983 2808 1314 2864 tcntationes
1348 2807 1600 2879 illapsum
1631 2818 1948 2865 constanter
1974 2826 2106 2880 per-

520 2902 761 2957 laturum
790 2916 933 2967 esse,
962 2916 1065 2956 nec
1096 2909 1414 2971 superatum
1466 2901 1557 2966 iri,
1610 2916 1723 2956 non
1758 2912 1913 2958 certe
1936 2918 2105 2974 expe-

522 2993 741 3049 tivisset
776 3007 928 3057 eum,
975 3007 1045 3046 ne
1076 2992 1287 3062 pudore
1338 2991 1671 3049 adiceretur.
1737 2992 1831 3050 Sic
1884 3011 2104 3066 quoque

2279 1895 2363 1948 H'.
2416 1894 2480 1946 ἸΙ
2518 1892 2576 1946 δὲ
2615 1890 2853 1961 φρονίμη
2880 1887 3030 1960 ψυχὴ
3070 1889 3129 1941 ὲν
3162 1886 3275 1949 τοῖς
3314 1885 3505 1945 κακοῖς
3536 1875 3667 1935 οὖσα
3692 1881 3770 1934 καὶ

2212 1988 2272 2040 ὲν
2300 1991 2368 2058 τῇ
2395 1985 2595 2055 θλίψει,
2631 1985 2733 2037 οὑκ
2762 1981 3078 2046 ἀπελπίζει,
3117 1978 3255 2033 me
3300 1977 3498 2049 κρατεῖ
3521 1974 3551 2028 6
3583 1975 3768 2043 κρατεῖ⁸

2209 2081 2306 2135 καὶ
2352 2080 2450 2133 ὅσα
2482 2078 2547 2132 ἂν
2590 2075 2860 2146 ἐπενέγκῃ
2899 2072 3037 2144 αὑτὴ
3076 2073 3164 2126 διὰ
3216 2071 3427 2141 μυρίων
3469 2066 3773 2137 πειρασμῶν

2210 2171 2577 2241 ὑπομένουσα,
2614 2167 2787 2235 λέγει,
2828 2162 2976 2220 Ἐὰν
3006 2162 3105 2216 καὶ
3132 2158 3431 2222 ἀποθάνω,
3462 2155 3582 2227 ἐγὼ
3608 2155 3773 2209 αὐτὸν

2208 2266 2321 2319 οὐκ
2349 2262 2528 2333 ἀφίω.
2556 2261 2666 2314 Καὶ
2690 2259 2816 2313 τότε
2837 2257 2933 2311 εὰν
2950 2253 3224 2325 ὑπομείνῃ
3250 2252 3328 2315 εἰς
3350 2251 3505 2312 τέλος
3532 2250 3562 2298 6
3588 2248 3775 2317 ἄνθρω-

2212 2375 2332 2421 πος,
2388 2355 2616 2426 ἄρχεται
2674 2354 2705 2407 6
2748 2350 2955 2423 Κύριος
3018 2343 3363 2414 διαλέγεσθαι
3417 2342 3503 2414 τῷ
3555 2343 3773 2411 Σατανᾷ,

2212 2448 2418 2519 Ὄρᾷς,
2443 2450 2609 2504 πόσα
2635 2443 2792 2499 κακὰ
2827 2442 2929 2497 καὶ
2964 2441 3204 2509 θλίψεις
3239 2435 3585 2504 ἐπήνεγκας
3614 2430 3773 2499 αὐτῷ,

2209 2541 2308 2597 καὶ
2344 2542 2457 2608 οὐχ
2499 2534 2820 2607 ὑπήκουσέ
2857 2548 2979 2599 σοι,
3021 2531 3159 2585 ἀλλ’
3190 2528 3318 2598 ἐμοὶ
3354 2526 3658 2591 δουλεύει,
3690 2523 3775 2577 και

2208 2634 2314 2703 ἐμὲ
2348 2630 2627 2702 φοϐεῖται.
2668 2630 2803 2682 Τότε
2840 2624 3268 2694 καταισχύνεται
3305 2622 3334 2674 6
3381 2618 3665 2681 διάϐολος,
3695 2617 3779 2670 καὶ

2208 2724 2393 2779 οὐκέτι
2448 2723 2561 2793 ἔχει
2617 2737 2671 2774 τι
2730 2720 2927 2774 εἰπεῖν.
2980 2716 3091 2771 Καὶ
3138 2716 3249 2785 γὰρ
3282 2712 3375 2766 ἐπὶ
3421 2710 3525 2764 τοῦ
3570 2708 3706 2773 Ἰὼϐ,
3735 2708 3777 2761 εί

2209 2817 2348 2890 ¹ᾔδει,
2374 2817 2458 2870 ὅτι
2499 2816 2580 2878 είς
2606 2811 2733 2876 τοὺς
2761 2810 3102 2882 πειρασμοὺς
3137 2804 3395 2877 ἐμπεσὼν
3428 2804 3622 2875 μέλλει
3658 2803 3776 2855 ὑπο-

2213 2909 2397 2980 μένειν
2439 2907 2535 2961 καὶ
2589 2905 2664 2978 μὴ
2714 2902 3006 2975 ἡττᾶσθαι,
3035 2901 3137 2955 οὑκ
3172 2900 3239 2954 ἂν
3270 2898 3580 2970 ἐξῃτήσατο
3609 2892 3778 2955 αὑτὸν,

2213 3001 2300 3056 ῐνα
2331 3000 2407 3072 μὴ
2440 2995 2836 3069 καταισχυνθῇ.
2866 2994 3054 3057 Οὕτως
3096 2993 3192 3047 καὶ
3238 2990 3336 3044 νῦν
3373 2991 3455 3054 είς
3484 2988 3615 3051 τοὺς
3658 2986 3779 3040 ὑπο-

520 3101 689 3151 nunc,
723 3094 949 3156 propter
970 3099 1068 3140 eos
1101 3084 1195 3155 qui
1223 3084 1509 3155 perferunt
1542 3086 1865 3143 amictiones
1888 3103 1953 3143 ac
1983 3097 2101 3145 ten-

2216 3092 2479 3163 μένοντας
2517 3089 2726 3159 θλίψεις
2766 3088 2864 3141 καὶ
2912 3083 3278 3157 πειρασμοὺς,
3306 3076 3779 3149 καταισχύνεταιδ

523 3177 782 3243 lationes,
822 3175 1183 3232 confunditur
1227 3176 1477 3242 Satanas,
1524 3194 1589 3233 ac
1642 3180 1970 3250 pmnitentia
1999 3181 2105 3237 du-

520 3270 687 3334 citur,
705 3268 850 3340 quod
872 3268 1008 3325 nihil
1027 3268 1295 3325 en‘ccerit.
1316 3269 1515 3340 Incipit
1529 3270 1677 3326 enim
1695 3272 1961 3329 Dominus
1978 3290 2106 3330 eum

521 3358 605 3413 sic
640 3358 846 3430 alloqui
883 3376 897 3413 :
934 3358 1079 3423 Vide,
1114 3360 1328 3426 discedi,
1365 3362 1584 3431 permisi
1608 3362 1701 3416 tibi
1723 3379 1840 3418 eum
1877 3372 2105 3432 tentare,

522 3451 760 3521 nunquid
812 3451 1145 3521 praestitisti?
1174 3453 1414 3520 nunquid
1465 3453 1845 3524 obtemperavit
1876 3456 2016 3511 tibi?

594 3542 686 3598 IX.
721 3542 1097 3615 Interrogatio.
1133 3544 1215 3599 An
1250 3546 1431 3616 utique
1472 3555 1689 3602 cunctas
1714 3548 1939 3605 hominis
1962 3552 2106 3623 cogi-

522 3639 749 3692 tationes
777 3646 823 3691 et
843 3637 1061 3693 consilia
1093 3640 1234 3693 novit
1261 3637 1538 3695 Satanas?

590 3729 700 3800 97
738 3729 1045 3801 Responsio.
1084 3728 1141 3785 Si
1175 3730 1362 3794 homo,
1394 3731 1488 3801 qui
1523 3748 1650 3788 cum
1708 3734 1933 3790 homine
1969 3752 2105 3791 con-

519 3831 795 3887 versatur,
840 3822 994 3877 novit
1038 3838 1161 3892 quae
1191 3832 1321 3877 sunt
1357 3825 1498 3895 ejus,
1531 3835 1589 3881 et
1625 3834 1682 3880 tu
1729 3838 1892 3884 natus
1932 3844 2106 3886 annos

519 3912 714 3984 viginti
748 3913 946 3968 novisti
973 3929 1038 3969 ea
1081 3930 1204 3983 quae
1241 3924 1371 3970 sunt
1398 3916 1657 3985 proximi.
1694 3920 1945 3989 nunquid
1974 3936 2106 3991 ergo

420 4000 425 4007 ’
520 4004 752 4060 Satanas
801 4004 940 4075 ipse,
976 4005 1071 4075 qni
1131 4021 1163 4060 a
1215 4008 1503 4065 nativitate
1561 4009 1664 4064 tibi
1721 4021 2103 4076 conversatur,

520 4093 737 4163 ignorat
763 4093 1125 4164 cogitationes
1159 4095 1321 4149 tuas?
1350 4095 1565 4152 Sexties
1586 4098 1735 4153 enim
1761 4098 1909 4155 mille
1929 4115 2106 4155 anno-

519 4199 642 4240 rum
675 4193 891 4241 aetatem
927 4184 1114 4240 habet.
1149 4185 1262 4242 Nec
1300 4186 1535 4243 dicimus
1592 4205 1743 4255 eum,
1784 4191 2104 4262 priusquam

522 4285 697 4332 tentet
725 4276 1029 4344 hominem,
1084 4292 1248 4333 nosse
1270 4277 1404 4348 quid
1466 4280 1720 4335 facturus
1754 4281 1846 4336 sit.
1908 4282 2107 4339 Tentat

518 4371 670 4428 enim
723 4379 984 4437 tentator,
1036 4385 1148 4426 non
1216 4380 1400 4427 tamen
1472 4373 1753 4443 cognitum
1817 4374 1985 4429 habet
2035 4390 2103 4429 aa

2209 3184 2479 3247 Σατανᾶς,
2512 3181 2610 3236 καὶ
2646 3180 2916 3251 μετανοεῖ,
2940 3178 3024 3231 ὅτι
3060 3175 3229 3247 μηδὲν
3281 3174 3504 3244 ἤνυσεν.
3534 3174 3778 3242 ’Δρχεται

2209 3278 2317 3350 γὰρ
2348 3279 2377 3331 6
2398 3275 2604 3347 Κύριος
2627 3274 2783 3343 λόγον
2816 3271 2964 3341 αὑτῷ
2990 3271 3165 3323 ποιεῖν
3187 3282 3205 3301 σ
3237 3266 3358 3322 Ἴδε
3393 3264 3781 3334 παρεκόμισὰ

2207 3386 2327 3435 σοι,
2378 3368 2469 3422 τδε
2504 3363 2806 3434 ἐπέτρεψά
2840 3378 2940 3418 σοι
2990 3359 3273 3428 πειράσαι
3323 3357 3521 3412 αὑτὸν
3542 3396 3559 3421 ,
3602 3354 3685 3426 μή
3730 3371 3778 3408 τι

2206 3461 2548 3531 ἠδυνήθης;
2580 3458 2667 3529 μή
2707 3476 2762 3512 τι
2798 3452 3119 3522 ὑπήκουσέ
3155 3467 3294 3515 om;

2278 3554 2358 3608 ϐ’.
2400 3551 2740 3623 Ἐρώτησις.
2765 3550 2836 3604 El
2876 3547 2993 3618 dpa
3025 3545 3212 3611 ὅλους
3268 3541 3414 3608 τοὺς
3459 3538 3780 3609 λογισμοὺς

2206 3640 2315 3696 τοῦ
2339 3640 2657 3709 ἀνθρώπου
2681 3636 2781 3694 καὶ
2829 3635 2902 3691 τὰ
2930 3635 3203 3704 νοήματα
3229 3628 3396 3687 οἶδεν
3417 3633 3452 3686 ὁ
3479 3627 3777 3693 Σατανᾶς

2290 3735 2658 3803 Ἀπόκρισις.
2694 3732 2756 3786 El
2786 3730 3073 3801 ἄνθρωπος
3104 3725 3377 3797 ἀνθρώπῳ
3424 3724 3669 3787 σύνεστι,
3696 3720 3778 3774 καὶ

2206 3823 2316 3883 οἶδε
2338 3828 2405 3882 τὰ
2429 3826 2619 3895 αὑτοῦ,
2645 3826 2740 3881 καὶ
2786 3826 2853 3879 σὺ
2883 3823 3056 3878 είκοσι
3077 3822 3215 3877 ἑτῶν
3238 3820 3508 3890 ὑπάρχων
3544 3815 3691 3882 οἶδας
3720 3818 3779 3868 τὰ

2205 3920 2301 3975 τοῦ
2355 3920 2620 3992 πλησίον,
2665 3918 2775 3989 ἄρα
2823 3917 2988 3981 αὐτὸς
3039 3919 3070 3969 6
3120 3915 3368 3977 Σατανᾶς
3410 3912 3524 3966 ἀπὸ
3569 3909 3777 3979 γενετῆς

2208 4011 2385 4065 συνών
2410 4027 2491 4065 σοι
2523 4011 2625 4064 οὐκ
2647 4003 2757 4063 οἶδε
2781 4009 2909 4072 τοὺς
2934 4005 3228 4076 λογισμούς
3249 4021 3376 4070 σου;
3407 4001 3780 4073 ἑξακισχιλίων

2207 4104 2316 4174 γὰρ
2350 4104 2451 4173 ἤδη
2484 4104 2633 4157 ἐστὶν
2677 4100 2837 4157 ἑτῶν.
2877 4100 2988 4154 Καὶ
3016 4099 3081 4153 οὐ
3109 4098 3343 4167 λέγομεν
3369 4097 3539 4150 αὑτὸν
3562 4096 3671 4166 πρὸ
3695 4092 3777 4145 τοῦ

2207 4195 2473 4267 πειράσαι
2528 4194 2621 4248 τὸν
2664 4193 2978 4265 ἄνθρωπον,
3019 4190 3223 4245 εἰδέναι
3255 4190 3310 4242 τί
3350 4188 3546 4260 μέλλει
3596 4189 3775 4242 ποιεῖν.

2210 4286 2467 4358 Πειράζει
2499 4286 2609 4356 γὰρ
2644 4286 2675 4339 6
2714 4283 3015 4349 πειράζων,
3054 4282 3153 4336 οὑκ
3180 4276 3291 4335 οἶδε
3328 4281 3411 4344 δὲ,
3440 4281 3493 4333 εί
3526 4278 3779 4333 ὑπακούει

2207 4379 2379 4451 αὐτῷ,
2416 4381 2450 4453 ἢ
2509 4379 2583 4451 μὴ
2634 4378 2924 4441 ὑπακούει,
2960 4377 3066 4440 ἕως
3091 4374 3160 4430 ἂν
3180 4373 3241 4429 τὺ
3265 4372 3482 4442 θέλημα
3509 4370 3695 4425 δοῦλον
3715 4368 3781 4436 δῷ

520 4463 1004 4534 obtemperaturus
1023 4464 1118 4525 sit,
1142 4477 1339 4527 necne,
1381 4462 1558 4519 donec
1602 4465 1943 4522 voluntatem
1984 4483 2101 4523 ser-

2213 4475 2239 4545 ή
2284 4472 2457 4542 ψυχή.
2491 4468 2632 4525 οὕτε
2680 4469 2844 4523 πάλιν
2886 4467 3141 4537 λέγομεν,
3167 4466 3250 4519 ὃτι
3291 4464 3447 4527 ὅλους
3471 4463 3604 4525 τοὺς
3646 4462 3779 4527 λογι-

521 4570 645 4610 vam
672 4554 725 4610 ei
755 4554 933 4610 tradat
955 4556 1162 4610 anima.
1196 4554 1387 4625 Neque
1411 4555 1543 4611 item
1587 4556 1845 4625 dicimus,
1876 4568 2103 4615 cunctas

519 4644 883 4715 cogitationes
934 4643 1120 4700 cordis
1167 4655 1226 4700 et
1268 4644 1540 4701 desideria
1586 4663 1748 4704 nosse
1798 4649 2100 4705 diabolum.

518 4734 758 4790 Perinde
797 4735 965 4800 enim,
1010 4751 1076 4791 ac
1117 4735 1165 4791 si
1198 4736 1271 4791 sit
1321 4736 1490 4793 arbor
1532 4753 1655 4808 quae
1686 4740 1890 4796 multos
1920 4756 2104 4797 ramos

517 4828 719 4884 habeat
750 4844 815 4883 ac
846 4828 1018 4884 multa
1050 4827 1320 4890 membra,
1362 4828 1437 4884 ita
1478 4844 1700 4900 quoque
1731 4840 1859 4886 sunt
1880 4830 2103 4902 quidam

518 4920 653 4974 rami
704 4919 1099 4991 cogitationum
1157 4929 1213 4974 et
1241 4920 1624 4988 consiliorum,
1666 4938 1806 4992 quos
1853 4938 2107 4994 compre-

516 5013 711 5069 hendit
739 5013 1005 5078 Satanas;
1041 5022 1171 5069 sunt
1196 5031 1328 5069 vero
1350 5015 1470 5071 alia:
1487 5015 1851 5086 cogitationes
1888 5029 1945 5073 et
1969 5033 2106 5073 con-

514 5106 660 5169 silia,
694 5121 818 5177 qua:
840 5122 871 5161 a
906 5106 1107 5162 Satana
1130 5122 1242 5162 non
1293 5108 1865 5178 comprehenduntur.

588 5200 655 5254 Χ.
706 5200 764 5255 ln
790 5198 1027 5269 quadam
1073 5200 1219 5254 enim
1251 5216 1311 5255 re
1352 5201 1611 5270 prtevalet
1670 5217 1797 5271 pars
1847 5203 2108 5273 nequitia:

514 5293 583 5348 ad
617 5292 989 5364 generandum
1017 5292 1408 5363 cogitationes,
1453 5309 1647 5349 rursus
1695 5295 1749 5350 in
1786 5296 2022 5366 quadam
2048 5313 2107 5353 re

513 5386 775 5458 cogitatio
806 5386 1048 5441 hominis
1068 5386 1323 5456 superior
1355 5387 1562 5452 evadit,
1586 5397 1925 5458 acceptoque
1953 5391 2107 5445 auxi-

516 5478 612 5541 lio,
676 5493 741 5532 ac
787 5477 1225 5549 redemptionea
1271 5478 1403 5544 Deo,
1466 5479 1804 5535 contradidit
1859 5481 2103 5547 malitiae,

516 5568 750 5639 quadam
780 5570 838 5625 in
881 5585 940 5623 re
972 5569 1302 5633 succumbit,
1355 5578 1411 5623 et
1439 5570 1675 5639 quadam
1726 5571 1778 5627 in
1823 5587 1883 5629 re
1910 5574 2104 5628 volun-

598 5744 642 5775 "
678 5742 781 5798 Job
812 5742 946 5807 11,9...
1024 5743 1069 5775 '°
1102 5741 1203 5797 Job
1227 5758 1262 5806 ι,
1296 5739 1362 5796 10
1388 5757 1543 5812 seqq.

2212 4564 2384 4637 σμοὺς
2411 4563 2513 4632 τῆς
2539 4560 2769 4631 καρδίας
2801 4560 2895 4615 καὶ
2925 4561 3023 4621 τὰς
3049 4557 3380 4627 ἐνθυμήσεις
3410 4550 3562 4607 οἶδεν
3607 4555 3637 4608 δ
3674 4552 3778 4606 διὰ-

2208 4657 2385 4721 6ολος.
2435 4657 2636 4728 Ὠσπερ
2656 4654 2767 4726 γὰρ
2812 4653 2909 4708 ἐὰν
3034 4650 3271 4722 δένδρον,
3306 4648 3403 4703 καὶ
3433 4647 3540 4720 ἔχῃ
3569 4646 3779 4705 κλάδους

2212 4749 2441 4812 πολλοὺς
2480 4746 2777 4802 καὶπολλὰ
2819 4744 2977 4815 μέληο
3021 4743 3209 4797 λοιπόν
3252 4740 3358 4794 εἰσί
3403 4757 3556 4805 τινες
3614 4737 3779 4793 κλάδοι

2208 4840 2484 4911 λογισμῶν
2525 4839 2621 4893 καὶ
2657 4836 2969 4907 νοημάτων,
3010 4834 3103 4888 καὶ
3133 4832 3354 4903 κατέχει
3385 4832 3591 4896 αὑτοὺς
3615 4832 3645 4884 6
3686 4830 3776 4881 Σα-

2208 4934 2398 4996 τανᾶς.
2448 4932 2558 4985 Καὶ
2602 4931 2740 4984 εἰσὶν
2788 4928 2937 4985 ἄλλοι
2969 4926 3224 4997 λογισμοὶ
3270 4924 3367 4980 καὶ
3410 4925 3687 4996 νοήματα,
3713 4920 3777 4993 μὴ

2206 5026 2566 5098 κατεχόμενοι
2606 5024 2714 5079 ὑπὸ
2739 5024 2836 5077 τοῦ
2878 5022 3114 5076 Σατανᾶ.

2285 5208 2341 5261 ιν.
2387 5207 2487 5259 Ἔν
2528 5222 2635 5258 τινι
2676 5204 2785 5274 γὰρ
2838 5198 3187 5272 ἰσχυρότερόν
3230 5199 3348 5250 ἔστι
3398 5195 3460 5249 τὺ
3498 5195 3667 5265 μέρος
3694 5194 3777 5259 τῆς

2206 5296 2409 5360 κακίας
2438 5296 2497 5349 ὲν
2519 5294 2597 5364 τῷ
2632 5292 2819 5364 βρύειν
2847 5290 2974 5352 τοὺς
3012 5287 3334 5356 λογισμοὺς,
3363 5283 3421 5336 ἐν
3444 5300 3554 5335 τινι
3586 5277 3778 5333 πάλινὸ

2204 5386 2466 5459 λογισμὸς
2512 5384 2607 5439 τοῦ
2645 5382 2934 5454 ἀνθρώπου
2983 5377 3274 5449 ὑπερνικᾷ,
3318 5373 3616 5445 λαμϐάνων
3663 5366 3779 5459 Mf

2205 5458 2487 5536 θειανκαὶ
2528 5475 2800 5549 λύτρωσιν
2852 5472 3007 5544 παρὰ
3045 5468 3206 5532 Θεοῦ,
3252 5470 3346 5520 καὶ
3392 5464 3691 5533 ἀντιλέγων
3716 5458 3775 5527 τῇ

2205 5572 2395 5645 κακίᾳ,
2434 5571 2494 5625 ἓν
2522 5588 2629 5625 τινι
2651 5565 3013 5639 κεκράτηται,
3045 5564 3139 5617 καὶ
3170 5561 3228 5614 ἐν
3257 5576 3364 5613 τινι
3406 5559 3518 5628 ἔχει
3558 5554 3777 5621 θέλημα.
