3966 6510
153 346 243 412 681
1316 347 1686 411 HOMILLE.
1715 373 1784 383 —
1805 347 1994 412 HOM.
2026 351 2236 413 XXVI.

3298 348 3402 413 682

156 456 515 533 Προσέρχεται
540 459 650 531 γὰρ
680 458 847 525 ἐστιν,
872 459 962 514 ὅτι
996 459 1076 530 τῷ
1097 458 1218 532 Θεῷ
1250 460 1411 529 ζέων,
1441 461 1539 517 καὶ
1579 460 1722 517 οἶδεν

1828 471 1992 519 tatem
2039 465 2225 522 habet.
2293 465 2576 521 Interdum
2629 464 2778 520 enim
2835 460 3051 517 accedit
3110 459 3179 516 ad
3229 460 3403 518 Deum

154 553 179 607 ὁ
207 549 468 614 Σατανᾶς,
494 550 588 603 καὶ
618 548 804 619 βλέπει
832 550 914 603 ὅτι
945 551 1066 604 κατ’
1106 550 1271 604 αὑτοῦ
1312 553 1479 619 ποιεῖ,
1515 553 1608 607 καὶ
1658 554 1722 607 ού

153 638 366 693 δύναται
413 638 661 708 ἐπισχεῖν
704 639 798 692 τὸν
856 638 1167 709 ἄνθρωπον.
1230 641 1328 695 Διά
1385 642 1479 708 τί;
1534 642 1725 715 ἐπειδὴ

154 730 257 800 ἔχει
286 728 501 799 θέλημα
528 730 623 783 τοῦ
653 729 850 801 βοῆσαι
870 731 1113 803 πρὺςοτδν
1139 731 1295 797 Θεὸν,
1325 732 1438 803 ἔχει
1462 734 1725 803 φυσικοὺς

155 820 395 892 καρποὺς
435 820 531 875 τοῦ
575 822 867 892 ἀγαπῆσαι
920 822 1092 887 Θεὸν,
1130 823 1224 877 τοῦ
1267 824 1577 889 πιστεῦσαι,
1627 826 1722 880 τοῦ

154 908 475 979 ἐπιζητῆσαι
517 910 611 964 καί⁵
646 911 988 982 προσελθεῖν.
1029 913 1141 967 Καὶ
1175 913 1282 986 γὰρ
1317 915 1375 967 ἐν
1395 916 1510 980 τοῖς
1536 933 1721 985 φαινο-

157 1002 351 1074 μένοις,
381 1003 411 1054 ὁ
430 1002 677 1071 γεωργδς
699 1004 996 1075 ἐργάζεται
1032 1006 1131 1077 τὴν
1167 1008 1293 1077 γῆν,
1326 1004 1500 1072 οὕτως
1518 1008 1612 1063 καὶ
1642 1011 1725 1075 είς

152 1094 206 1148 τὸ
231 1094 615 1164 πνευματικὸν,
643 1095 724 1160 είς
762 1095 858 1149 δύο
885 1095 1155 1166 πρόσωπα
1198 1100 1401 1151 νοεῖται
1440 1097 1511 1152 τὰ
1580 1094 1725 1170 πρά.

152 1202 351 1257 γματα.
406 1185 528 1257 Χρὴ
587 1185 683 1240 οῦν
726 1187 822 1241 τὸν
866 1189 1155 1259 ἄνθρωπον
1201 1189 1311 1244 ἀπὸ
1350 1190 1723 1262 προαιρέσεως

153 1276 458 1348 γεωργῆσαι
487 1278 591 1348 τὴν
623 1279 730 1348 γῆν
772 1279 875 1349 τῆς
931 1280 1160 1351 καρδίας
1194 1280 1384 1345 αὐτοῦ,
1431 1282 1529 1337 καὶ
1554 1286 1724 1355 πονῆ-

153 1390 255 1427 σαι.
287 1374 451 1444 Ζητεῐ
476 1371 588 1442 γάρ
629 1374 658 1427 ὁ
701 1372 836 1438 Θεὸς
862 1374 955 1428 τὸν
988 1376 1172 1441 πόνον,
1201 1376 1299 1430 καὶ
1327 1376 1595 1448 κάματον,
1629 1377 1725 1432 καὶ

149 1464 242 1535 τὴν
262 1463 524 1534 ἐργασίαν
559 1460 656 1518 τοῦ
703 1464 1016 1536 ἀνθρώπου.
1072 1465 1218 1519 Ἀλλ’
1257 1465 1353 1520 ἐάν
1390 1468 1465 1538 μὴ
1517 1465 1725 1522 ἄνωθεν

153 1557 387 1626 ἐπιφανῇ
447 1555 674 1628 ούράνια
718 1558 887 1629 νέφη,
934 1557 1030 1611 καὶ
1074 1557 1221 1612 ὑετοὶ
1264 1557 1487 1629 χάριτος
1511 1599 1527 1625 ,
1570 1558 1725 1613 οὐδὲν

148 1645 427 1717 ὠφέλησεν
471 1649 500 1702 ὁ
526 1648 771 1720 γεωργὸς
800 1649 1016 1721 καμών.

214 1740 318 1794 IA'.
345 1739 517 1794 Τοῦτο
539 1740 600 1796 δέ
638 1743 754 1794 ἐστι
790 1740 851 1795 τὸ
889 1744 1116 1812 σημεῖον
1144 1740 1239 1796 τοῦ
1268 1742 1722 1815 Χριστιανισμοῦ,

148 1833 241 1886 ὅσα
288 1830 357 1885 ἂν
386 1830 566 1905 κάμῃ,
602 1832 696 1886 καὶ
731 1831 865 1896 ὅσας
908 1808 978 1886 ἂν
1022 1832 1226 1906 ποιήσῃ
1248 1808 1616 1900 δικαιοσύνας,
1649 1834 1725 1899 ὡς
1756 1808 1798 1864 Β

152 1923 319 1994 μηδὲν
377 1925 618 1997 ποιήσας
663 1922 996 1990 διακεῖσθαι,
1056 1924 1153 1977 καὶ
1201 1923 1480 1995 νηστεύων
1520 1924 1723 1996 λέγειν,

147 2018 257 2071 οὐκ
270 2015 637 2082 Marsyam
652 2015 970 2087 εὐχόμενος,
986 2016 1108 2071 οὐκ
1125 2014 1410 2085 ηὐξάμην
1427 2033 1445 2049 ο
1469 2017 1725 2088 παραμέ-

150 2108 329 2175 νωντῇ
353 2105 508 2177 εὐχῇ,
547 2108 630 2161 Οὐ
658 2107 1009 2177 παρέμεινα·
1044 2106 1145 2160 καὶ
1175 2105 1382 2176 ἀκμὴν
1395 2106 1595 2177 ἀρχὴν
1607 2110 1727 2177 ἔχω

148 2196 247 2251 τοῦ
271 2197 509 2264 ἀσκεῖν,
537 2197 636 2251 καί
670 2198 943 2267 κάμνειν·
972 2196 1080 2251 κᾶν
1104 2196 1312 2262 δίκαιος
1410 2197 1562 2269 παρά
1580 2197 1725 2268 Θεῷ,

147 2288 345 2354 ὀφείλει
380 2288 581 2359 λέγειν,
606 2289 750 2361 Ἐγὼ
774 2291 887 2344 οὐκ
911 2287 1029 2359 ειμι
1054 2287 1303 2356 δίκαιος,
1333 2289 1474 2344 οὔτε
1499 2289 1725 2360 κάμνω,

147 2381 302 2435 ἀλλὰ
330 2381 460 2435 καθ’
485 2379 716 2451 ἡμέραν
735 2380 1009 2452 ἄρχομαι.
1059 2380 1298 2451 Ὀφείλει
1330 2380 1386 2434 δέ
1415 2379 1560 2453 ἐχειν
1604 2381 1725 2436 καθ’

146 2474 358 2547 ἡμέραν
371 2474 471 2546 τήν
493 2475 683 2532 ἐλπίδα
701 2476 797 2532 καὶ
814 2478 915 2550 τὴν
930 2478 1129 2550 χαρὰν,
1152 2480 1250 2532 καλ⁹
1267 2477 1368 2548 τὴν
1395 2479 1727 2551 προσδοκίαν

146 2568 239 2635 τῆς
272 2566 574 2640 μελλούσης
638 2569 919 2641 βασιλείας
957 2571 1056 2626 καὶ
1106 2569 1540 2643 ἀπολυτρώσεως
1562 2612 1578 2638 ,
1632 2572 1726 2627 καὶ

145 2656 338 2727 λέγων,
384 2657 521 2713 Ἐὰν
544 2659 819 2730 σήμερον
837 2661 951 2716 οὐκ
978 2660 1348 2729 ἐλυτρώθην,
1378 2662 1593 2731 αὔριον
1616 2666 1727 2720 λυ·

148 2750 414 2820 τροῦμαι’
440 2751 517 2816 ὡς
541 2751 652 2824 γάρ
695 2753 726 2805 ὁ
759 2751 1008 2822 φυτεύων
1049 2752 1295 2824 ἄμπελον
1325 2754 1459 2825 πρὶν
1498 2754 1532 2825 ἢ
1562 2752 1723 2825 ἐξάρ-

148 2839 349 2905 ξασθαι”
368 2839 463 2894 τοῦ
502 2841 781 2913 καμάτου,
813 2841 931 2914 ἔχει
956 2842 1057 2915 τὴν
1089 2842 1266 2915 χαράν
1311 2844 1369 2898 ἐν
1401 2843 1598 2916 ἐαυτῷ,
1629 2845 1725 2899 καὶ

146 2932 239 3004 τὴν
272 2932 488 2987 ἐλπίδαυ
534 2937 629 2987 καὶ
663 2934 1066 3007 προδιαγράφει
1101 2936 1160 2989 ἐν
1198 2933 1278 3006 τῷ
1318 2934 1395 3007 νῷ
1441 2936 1721 3004 οίνεῶνας,

146 3026 236 3078 καὶ
260 3023 498 3095 ψηφίζει
535 3026 858 3098 προσόδους,
895 3027 1062 3099 μήπω
1086 3026 1382 3098 γενομένου
1410 3028 1577 3083 οῐνου.
1612 3029 1725 3084 Καὶ

147 3117 312 3183 οὕτως
349 3117 676 3189 ἀναδέχεται
702 3118 796 3173 τὸν
824 3119 1096 3191 κάματον.
1127 3118 1193 3172 Ἦ
1237 3118 1346 3190 γάρ
1384 3119 1542 3182 ἐλπὶς
1566 3120 1658 3174 καὶ
1689 3122 1722 3192 ή
1750 3150 1794 3208 c

147 3208 444 3279 προσδοκία
472 3211 623 3263 ποιεῖ
646 3209 811 3264 αὐτὸν
836 3209 1135 3282 προθύμως
1181 3211 1432 3280 κάμνειν;
1470 3211 1563 3265 καὶ
1587 3212 1725 3277 τέως

147 3301 207 3352 ἐκ
228 3299 322 3354 τοῦ
345 3301 501 3355 οίκου
536 3300 738 3367 πολλὰς
781 3301 1028 3367 δαπάνας
1075 3299 1381 3375 σκορπίζει·
1405 3302 1606 3374 ὁμοίως
1632 3304 1725 3358 καὶ

146 3393 173 3445 δ
206 3393 509 3464 οἰκοδομῶν
534 3390 707 3461 οἷκον,
747 3397 843 3450 καὶ
874 3397 904 3450 ὁ
932 3398 1220 3470 γεωργῶν,
1262 3398 1479 3471 πρῶτον
1516 3402 1582 3453 ἐκ
1614 3398 1724 3453 τῶν

151 3484 291 3538 ἰδίων
314 3484 489 3540 πολλά
517 3487 805 3558 σκορπίζει
828 3488 918 3542 διὰ
949 3488 1047 3561 τὴν
1082 3490 1273 3545 ἐλπίδα
1295 3494 1396 3562 τῆς
1423 3491 1726 3563 μελλούσης

148 3576 430 3647 προσόδουο
451 3576 595 3633 οὕτω
617 3579 919 3645 κάνταῦθα,
946 3581 1043 3635 ἐὰν
1064 3582 1138 3652 μή
1161 3599 1247 3647 τις
1275 3580 1375 3655 ἔχῃ
1396 3581 1501 3654 πρὸ
1523 3583 1725 3653 ὀφθαλ-

149 3667 262 3737 μῶν
287 3670 390 3739 τὴν
418 3669 595 3741 χαράν
622 3671 718 3725 καὶ
760 3672 861 3745 τὴν
893 3672 1101 3735 ἐλπίδα,
1133 3674 1214 3728 ὅτι
1248 3673 1464 3729 Mella)
1495 3674 1724 3745 λυτρώο

146 3772 295 3826 σεως
341 3764 671 3831 τυγχάνειν
714 3765 813 3818 καὶ
849 3762 1020 3834 ζωῆς,
1052 3766 1115 3820 ού
1154 3766 1378 3821 δύναται
1430 3767 1724 3838 ὑπομένειν

144 3852 240 3915 τάς
292 3853 530 3923 θλίψεις,
570 3853 696 3909 οὔτε
730 3856 792 3911 τὸ
822 3858 1044 3929 φορτίον
1067 3896 1084 3924 ,
1120 3859 1217 3912 καὶ
1245 3859 1348 3930 τήν
1382 3861 1574 3926 στενὴν
1605 3859 1725 3915 ὁδὸν

145 3944 584 4018 ἀναδέξασθαιοή
621 3948 732 4018 γὰρ
787 3948 1026 4004 συνοῦσα
1072 3949 1229 4014 ἐλπὶς
1272 3951 1366 4004 καὶ
1410 3950 1553 4023 χαρά
1583 3954 1727 4006 ποιεῖ

144 4034 303 4089 αὐτὸν
334 4038 591 4107 κάμνειν,
645 4038 740 4093 καὶ
792 4039 1090 4111 ὑπομένειν
1124 4039 1226 4103 τὰς
1279 4039 1510 4109 θλίψεις,
1540 4040 1634 4095 καὶ
1663 4040 1725 4095 τὸ

144 4127 383 4198 φορτίον,
422 4128 521 4184 καὶ
550 4130 652 4202 τὴν
681 4130 875 4201 στενήν
916 4131 1035 4185 ὁδὸν
1070 4129 1452 4197 ἀναδέξασθαι.

207 4413 307 4471 ιδ’.
345 4416 565 4490 Ὠσπερ
611 4416 670 4473 δέ
719 4417 820 4472 ούκ
871 4417 1020 4473 ἐστιν
1073 4416 1295 4473 εὖκολον
1337 4416 1492 4471 δόλον
1530 4418 1726 4487 φυγεῖν

1826 554 2062 620 fervens,
2091 556 2306 627 scitque
2359 555 2607 623 Satanas,
2640 569 2703 610 ac
2740 552 2891 608 videt
2916 567 3045 608 eum
3093 551 3200 607 sibi
3236 568 3408 623 repu-

1825 662 2015 717 gnare,
2074 662 2178 702 nec
2252 655 2439 702 tamen
2508 645 2814 717 reprimere
2870 651 3050 714 potest
3099 643 3403 700 hominem.

1825 735 1930 802 Qui
1986 736 2137 792 hoc?
2185 736 2325 805 Quia
2392 735 2559 791 habet
2605 735 2947 790 voluntatem
3004 731 3274 787 clamandi
3333 732 3403 787 ad

1826 828 2023 895 Deum,
2058 828 2225 884 habet
2256 828 2468 884 fructus
2494 815 2793 893 naturales,
2836 835 2899 881 ut
2949 824 3162 880 scilicet
3217 823 3409 896 diligat

1826 916 2025 983 Deum,
2066 926 2127 972 ut
2154 918 2366 983 credat,
2404 924 2466 972 ut
2493 916 2761 987 requirat,
2809 923 2866 970 et
2888 913 2955 969 ad
2982 928 3110 969 eum
3157 912 3404 968 accedat.

1826 1007 1889 1062 In
1936 1008 2103 1064 rebus
2145 1008 2294 1064 enim
2350 1009 2596 1064 externis
2625 1007 2767 1063 visui
2828 1005 3114 1077 subjectis,
3163 1004 3406 1076 agricola

1828 1105 2034 1154 terram
2061 1110 2281 1155 exercet
2311 1118 2325 1163 ;
2368 1100 2448 1157 sic
2466 1114 2687 1171 quoque
2718 1099 2775 1153 in
2809 1113 2869 1153 re
2907 1096 3181 1169 Spirituali
3212 1110 3407 1151 omnes

1828 1204 1916 1245 res
1939 1189 2043 1245 sub
2068 1189 2283 1246 duabus
2311 1190 2563 1262 personis
2591 1190 2994 1260 intelliguntur.
3020 1186 3249 1257 Oportet
3273 1202 3405 1257 ergo

1825 1279 2104 1337 hominem
2134 1281 2320 1339 dedita
2350 1298 2520 1354 opera
2549 1290 2607 1340 et
2635 1281 2889 1337 consulto
2911 1280 3162 1335 excolere
3198 1288 3402 1334 terram

1825 1373 2012 1429 cordis
2036 1373 2144 1439 sui,
2196 1383 2254 1430 et
2275 1374 2554 1431 laborare.
2589 1373 2847 1443 Requirit
2885 1371 3035 1427 enim
3064 1372 3212 1427 Deus
3247 1372 3406 1426 labo-

1825 1479 1964 1530 rem,
2012 1464 2411 1538 fatigationem,
2474 1481 2540 1523 ac
2580 1464 2958 1535 operationem
3008 1463 3077 1519 ab
3130 1464 3354 1519 homine
3392 1482 3408 1519 ;

1823 1572 2041 1620 verum,
2085 1557 2192 1613 nisi
2220 1557 2461 1629 desuper
2516 1555 2876 1629 apparuerint
2926 1554 3105 1610 nubes
3158 1555 3409 1611 caelestes

1824 1661 1890 1703 ac
1910 1647 2110 1717 pluviae
2134 1650 2345 1719 gratiae,
2381 1647 2520 1703 nihil
2559 1647 2805 1719 proderit
2836 1645 3090 1717 agricolae
3120 1645 3299 1700 labor.

1896 1736 1991 1792 XI.
2033 1736 2167 1794 'Hoc
2197 1748 2382 1794 autem
2435 1746 2521 1795 est
2561 1736 2827 1792 indicium
2858 1736 3159 1793 Christiani
3199 1737 3406 1802 cultus,

1825 1838 2062 1899 quantos
2088 1830 2213 1899 quis
2257 1831 2476 1885 labores
2505 1828 2856 1893 sustinuerit,
2895 1838 2952 1883 et
2988 1837 3222 1898 quantas
3242 1829 3411 1900 justi-

1826 1921 1930 1975 tias
1952 1921 2250 1992 peregerit,
2290 1936 2355 1975 ac
2396 1920 2440 1974 si
2480 1920 2621 1974 nihil
2650 1920 2944 1984 eﬂecisset,
2979 1920 3053 1975 ita
3081 1935 3139 1975 se
3174 1936 3365 1991 gerere
3394 1938 3409 1985 ;

1825 2026 1883 2070 et
1912 2015 2007 2070 ubi
2036 2017 2163 2086 quis
2191 2015 2546 2087 jejunaverit,
2599 2015 2782 2072 dicere
2807 2033 2822 2070 :
2850 2015 2969 2071 Non
2997 2017 3281 2088 jejunavi:
3314 2016 3411 2071 ubi

1827 2116 2085 2177 precatus
2110 2108 2313 2164 fuerit:
2341 2108 2460 2163 Non
2497 2125 2614 2163 sum
2648 2118 2889 2180 precatus
2913 2125 2931 2164 :
2955 2110 3049 2165 ubi
3085 2113 3139 2165 in
3164 2111 3413 2165 oratione

1826 2201 2288 2270 perseveraverit,
2322 2199 2441 2255 Non
2485 2202 2829 2268 perseveravi,
2883 2218 3019 2256 nunc
3063 2201 3235 2256 adhuc
3276 2203 3413 2256 inci-

1827 2294 1913 2363 pio
1940 2309 2022 2347 me
2046 2308 2287 2348 exercere
2339 2310 2402 2347 ac
2462 2292 2760 2348 elaborare.
2810 2294 2878 2349 Et
2931 2294 3061 2350 licet
3108 2294 3292 2365 justus
3341 2293 3415 2348 sit

1828 2384 1973 2455 apud
1996 2384 2192 2453 Deum,
2238 2384 2404 2440 debet
2432 2384 2655 2440 dicere:
2693 2384 2811 2440 Non
2845 2403 2963 2440 sum
3004 2387 3202 2458 justus,
3249 2403 3413 2452 neque

1829 2474 2033 2540 laboro,
2058 2477 2153 2529 sed
2174 2477 2368 2547 incipio
2426 2476 2677 2547 quotidie.
2732 2476 3003 2533 Caeterum
3037 2492 3138 2549 per
3169 2478 3413 2549 singulos

1829 2563 1948 2619 dies
1977 2565 2181 2619 habere
2207 2564 2374 2619 debet
2417 2579 2593 2635 spem,
2627 2564 2889 2635 gaudium
2947 2580 3013 2620 ac
3052 2564 3305 2619 ﬁduciam
3343 2565 3412 2618 de

1828 2653 2017 2709 futuro
2051 2668 2221 2725 regno
2260 2668 2324 2708 ac
2351 2652 2771 2723 redemptionis,
2801 2655 3024 2710 dicens:
3048 2653 3106 2710 Si
3137 2656 3287 2709 hodie
3307 2672 3412 2709 non

1829 2744 2086 2799 liberatus
2111 2762 2250 2809 sum,
2276 2761 2396 2800 cras
2419 2744 2701 2801 liberabor.
2728 2746 3201 2814 Quemadmodum
3234 2746 3411 2810 enim,

1825 2838 1919 2908 qui
1951 2837 2163 2908 plantat
2188 2838 2429 2904 vineam,
2464 2830 2786 2911 priusquam
2821 2839 3085 2911 suscipiat
3138 2839 3410 2904 laborem,

1826 2945 1980 3001 spem
2043 2929 2192 2986 fovet
2242 2931 2385 3001 apud
2444 2948 2503 2989 se
2551 2948 2616 2989 ac
2660 2932 2946 3005 gaudium,
3011 2932 3302 2987 adumbrat
3354 2933 3409 2986 in

1825 3028 2011 3077 mente
2080 3036 2178 3077 sua
2220 3022 2551 3089 vindemias,
2615 3034 2782 3095 atque
2841 3032 3103 3095 supputat
3178 3024 3410 3087 reditus,

1825 3113 2072 3169 nondum
2102 3123 2232 3170 nato
2282 3114 2451 3171 vino:
2478 3124 2535 3171 et
2561 3116 2665 3172 hac
2694 3117 2909 3172 ratione
2940 3117 3183 3172 laborem
3217 3131 3411 3187 aggre-

1828 3206 2000 3262 ditur.
2033 3205 2171 3277 Spes
2202 3207 2352 3262 enim
2383 3216 2548 3278 atque
2576 3208 2916 3280 exspectatio
2964 3208 3206 3264 reddunt
3253 3208 3411 3262 illum

1826 3298 2062 3353 alacrem
2096 3297 2164 3352 ad
2200 3297 2584 3364 laborandum,
2607 3308 2664 3355 et
2713 3308 2823 3355 tam
2869 3300 2963 3356 diu
2998 3317 3029 3356 e
3052 3315 3111 3355 re
3155 3299 3411 3354 familiari

1826 3403 2054 3460 magnos
2074 3389 2336 3460 expendit
2359 3402 2635 3461 sumptus.
2663 3390 2856 3447 Itidem
2900 3391 2994 3463 qui
3043 3390 3275 3446 aediﬁcat
3307 3389 3409 3444 do-

1826 3488 2119 3546 mum,aut
2164 3489 2368 3535 terram
2403 3482 2626 3545 excolit,
2687 3483 2926 3553 primum
2977 3483 3046 3538 de
3090 3499 3190 3537 suo
3241 3482 3411 3538 multa

1824 3582 2035 3645 erogat,
2077 3582 2302 3644 propter
2356 3580 2679 3643 conceptam
2725 3589 2877 3644 spem
2933 3573 3103 3628 futuri
3156 3574 3408 3629 reditus:

1824 3666 2018 3721 eodem
2074 3664 2239 3720 modo
2287 3680 2375 3720 res
2433 3664 2524 3719 hic
2575 3680 2633 3719 se
2689 3665 2876 3730 habet,
2940 3666 3045 3720 nisi
3109 3662 3236 3736 quis
3297 3680 3411 3735 prae

1824 3758 2002 3812 oculis
2056 3755 2315 3811 habuerit
2374 3754 2633 3826 gaudium
2694 3770 2757 3811 ac
2831 3772 3027 3827 spem,
3086 3746 3347 3811 videlicet
3394 3774 3407 3810 :

1827 3854 2211 3912 Consecuturus
2253 3868 2370 3907 sum
2420 3850 2829 3922 redemptionem
2865 3868 2928 3905 ac
2959 3853 3143 3915 vitam,
3170 3867 3280 3905 non
3316 3867 3411 3921 pn-

1828 3947 1958 4002 terit
2021 3946 2297 4001 sustinere
2337 3940 2686 4006 afﬂictiones,
2737 3958 2918 4013 neque
2970 3958 3131 4010 onus,
3174 3958 3277 3997 nec
3307 3958 3411 3996 an-

1825 4048 2038 4108 gustam
2069 4036 2213 4095 viam
2265 4032 2568 4103 suscipere.
2617 4031 2754 4103 Spes
2803 4032 2951 4088 enim
3004 4048 3068 4089 ac
3123 4034 3408 4104 gaudium,

1826 4130 1871 4185 si
1921 4144 2048 4184 eum
2100 4125 2454 4188 comitentur,
2514 4123 2761 4179 eiliciunt
2816 4134 2877 4180 ut
2909 4125 3025 4196 ipse
3077 4124 3314 4190 laboret,
3346 4141 3411 4179 ac

1825 4218 2065 4290 perferat
2118 4211 2499 4275 tribulationes
2549 4222 2715 4287 atque
2791 4231 2934 4271 onus
2995 4225 3051 4272 et
3125 4225 3410 4289 angustam

1826 4313 1968 4366 viam
2005 4313 2288 4386 suscipiat.

1892 4402 2008 4459 XII.
2040 4404 2515 4471 Quemadmodum
2541 4412 2725 4462 autem
2799 4401 3018 4458 nonnisi
3044 4417 3256 4458 summa
3283 4418 3409 4459 cum

139 4506 244 4560 ἀπὸ
269 4507 471 4580 πυρὸς,
503 4506 677 4572 οὕτως
704 4507 822 4561 οὐδὲ
850 4508 1029 4580 ψυχήν
1058 4510 1123 4563 ἐκ
1158 4507 1252 4563 τοῦ
1293 4508 1466 4581 πυρὸς
1494 4507 1588 4562 τοῦ
1619 4507 1714 4562 θα-

1828 4495 2164 4565 difﬁcultate,
2193 4500 2357 4555 torris
2375 4497 2569 4571 eﬂugit
2591 4497 2770 4569 ignem
2792 4513 2806 4563 ;
2833 4496 2913 4552 sic
2935 4511 3156 4567 quoque
3177 4511 3278 4551 nec
3298 4496 3412 4568 98

138 4602 295 4654 νάτου
321 4602 372 4653 εί
402 4601 478 4672 μὴ
506 4600 596 4656 διά
622 4600 820 4655 πολλοῦ
852 4601 1124 4673 καμάτου.
1161 4600 1252 4666 Ὠς
1273 4601 1365 4655 ἐπὶ
1385 4602 1447 4655 τὸ
1470 4601 1723 4663 πλεῖστον

136 4691 191 4743 δὲ
230 4693 259 4745 ὁ
288 4693 563 4759 Σατανᾶς,
606 4694 683 4758 ὡς
731 4694 821 4749 ἐπὶ
862 4693 1136 4765 προφάσει
1167 4693 1390 4763 ἀγαθῶν
1422 4694 1719 4767 λογισμῶν,

135 4787 214 4838 ὅτι
240 4786 311 4841 ἐκ
341 4786 563 4841 τούτου
584 4786 844 4841 δύνασαι
865 4786 1272 4857 εὐαρεστῆσαι
1293 4786 1373 4853 τῷ
1399 4785 1545 4853 Θεῷ,
1586 4786 1721 4840 ὐπο-

135 4876 321 4931 sane:
372 4880 443 4950 τῇ
486 4878 658 4951 ψυχῇ,
699 4878 795 4933 καὶ
847 4879 1178 4934 ύποκλέπτει
1211 4879 1381 4949 αὐτὴν
1426 4879 1506 4942 είς
1549 4878 1724 4932 λεπτὰ

134 4970 225 5023 καὶ
272 4970 623 5042 εὐλογοφανῆ
654 4971 927 5043 νοήματα,
958 4972 1053 5026 καὶ
1095 4972 1197 5026 ούκ
1224 4967 1365 5026 οἶδεν
1389 4970 1725 5024 ὑποκλεπτοε

138 5060 269 5132 μένη
305 5062 609 5133 διακρῖναι,
642 5063 738 5117 καὶ
775 5063 950 5128 οὕτως
979 5064 1247 5135 ἐμπίπτει
1293 5065 1372 5127 είς
1400 5063 1604 5132 παγίδα
1627 5063 1722 5117 καὶ

134 5154 415 5208 ἀπώλειαν
475 5153 571 5208 τοῦ
624 5153 893 5210 διαϐόλου.
928 5152 1001 5208 Τὸ
1051 5155 1107 5210 δὲ
1165 5153 1529 5226 καιριώτατον
1556 5153 1722 5207 ὅπλον

132 5244 223 5297 τοῦ
257 5244 500 5317 ἀθλητοῦ
534 5246 631 5300 καὶ
657 5244 981 5315 ἀγωνιστοῦ,
1008 5245 1166 5299 τοῦτὸ
1223 5246 1393 5311 ἐστιν,
1430 5244 1518 5299 ἴνα
1547 5244 1723 5298 εἰσελ-

135 5335 238 5390 θὼν
265 5337 349 5402 είς
374 5336 478 5408 τὴν
507 5337 739 5409 καρδίαν
763 5338 967 5409 ποιήσῃ
990 5337 1225 5409 πόλεμον
1258 5335 1395 5406 πρὸς
1425 5335 1517 5389 τὸν
1545 5337 1722 5391 Σατα-

133 5429 247 5493 νᾶν,
280 5430 382 5482 καὶ
417 5429 626 5502 μισήσῃ
663 5427 878 5494 ἐαυτὸν,
928 5428 1022 5481 καὶ
1064 5426 1371 5500 ἀρνήσηται
1402 5425 1501 5498 τήν
1542 5426 1722 5497 ψυχὴν

132 5519 321 5586 αὐτοῦ,
357 5520 591 5593 ὀργισθῇ
631 5537 691 5575 τε
720 5520 815 5575 xal.
839 5518 1134 5591 ἐπιπλήξῃ,
1159 5519 1255 5573 καὶ
1275 5520 1394 5582 ταῖς
1427 5516 1717 5583 συνούσαις

133 5610 462 5683 ἐπιθυμίαις
491 5611 843 5684 ἀντιτάξηται
891 5612 986 5666 καὶ
1034 5609 1397 5681 ἀντιπαλαίσῃ
1430 5611 1544 5675 τοῖς
1573 5610 1720 5680 λογι-

138 5704 313 5773 σμοῖς,
343 5705 447 5760 καὶ
480 5704 723 5777 μαχεσθῇ
754 5704 925 5777 αὐτῷ.

205 5795 298 5851 ll".
338 5797 406 5851 Εί
435 5796 492 5851 δέ
536 5800 613 5864 εἰς
644 5797 704 5853 ἰδ
739 5798 1064 5869 φαινόμενον
1115 5797 1408 5869 φυλάσσεις
1453 5798 1516 5863 τὸ
1562 5792 1720 5869 σῶμά

1822 4591 2005 4647 anima
2042 4592 2223 4664 ignem
2257 4592 2475 4657 mortis,
2518 4591 2627 4646 nisi
2662 4605 2879 4645 summo
2902 4605 3026 4645 cum
3054 4589 3266 4645 labore.
3288 4587 3408 4645 Ca:-

1824 4692 2002 4738 terum
2046 4698 2427 4754 smpenumero
2467 4681 2718 4746 Satanas,
2782 4682 2934 4737 velut
2982 4681 3085 4736 sub
3137 4690 3408 4752 praetextu

1822 4772 2096 4829 bonarum
2135 4774 2553 4846 cogitationum,
2600 4774 2833 4838 scilicet,
2888 4789 2951 4827 ea:
2971 4790 3030 4827 eo
3099 4782 3243 4844 potes
3288 4774 3407 4844 pla-

1819 4883 1934 4922 cere
1976 4867 2108 4934 Deo,
2147 4867 2390 4940 suggerit
2424 4868 2644 4931 animm,
2703 4881 2768 4920 ac
2813 4865 3000 4920 furtim
3028 4864 3255 4920 deducit
3284 4881 3406 4919 eam

1822 4960 1891 5016 ad
1928 4962 2094 5027 levia,
2120 4970 2285 5032 atque
2318 4961 2373 5016 in
2414 4961 2655 5033 speciem
2698 4957 3005 5030 probabilia
3046 4957 3313 5014 consilia:
3348 4965 3408 5012 et

1823 5052 1915 5107 illa
1937 5054 2077 5108 clam
2115 5053 2351 5110 deducta
2398 5051 2576 5111 nescit
2621 5052 2962 5110 discernere.
3009 5062 3174 5121 atque
3206 5050 3286 5106 sic
3317 5051 3406 5105 in-

1822 5146 1955 5201 cidit
1971 5146 2024 5200 in
2049 5147 2303 5217 laqueum
2328 5154 2385 5202 et
2401 5145 2630 5201 exitium
2654 5144 2880 5200 diaboli.
2899 5144 3177 5215 Prmeipua
3198 5161 3329 5201 vero
3350 5154 3409 5201 et

1821 5237 2059 5293 maxime
2114 5249 2424 5312 opportuna
2484 5238 2707 5294 athletae
2747 5245 2803 5292 et
2854 5237 3195 5293 decertantis
3253 5253 3405 5293 arma

1821 5340 1951 5386 sunt
1983 5331 2121 5397 haec,
2150 5341 2210 5388 ut
2241 5348 2308 5386 ex
2344 5330 2555 5387 intimis
2581 5330 2959 5402 penetralibus
2989 5330 3174 5386 cordis
3200 5331 3404 5385 bellum

1819 5432 1977 5496 gerat
2037 5423 2303 5479 adversus
2352 5423 2635 5488 Satanam,
2722 5416 2851 5479 odio
2925 5431 3291 5494 prosequatur
3346 5438 3405 5478 se

1821 5517 2022 5588 ipsum,
2056 5515 2289 5588 abneget
2331 5515 2569 5574 animam
2622 5506 2810 5581 suam,
2840 5515 3113 5571 irascatur
3151 5515 3204 5569 ei
3239 5524 3405 5584 atque

1821 5607 2191 5680 reprehendat
2241 5624 2382 5674 eam,
2426 5608 2607 5665 insitis
2659 5608 3056 5679 cupiditatibus
3106 5607 3403 5670 renitatur,

1824 5703 2126 5759 reluctetur
2155 5703 2600 5772 cogitationibus,
2625 5714 2791 5773 atque
2821 5710 3030 5773 pugnet
3050 5715 3266 5756 secum.

1894 5794 2034 5852 XIII.
2070 5794 2231 5863 Quod
2259 5795 2315 5852 si‘
2341 5794 2583 5852 exterius
2613 5792 2893 5851 custodias
2940 5807 3145 5864 corpus
3175 5798 3328 5848 tuum
3369 5805 3401 5846 a
