3966 6546
479 340 585 406 683
1717 334 1777 393 S.
1816 331 2138 392 MACARII
2175 332 2498 392 EGYPTII
3643 318 3744 383 684

479 443 837 517 corruptione
870 449 928 499 et
959 450 1185 514 stupro;
1214 439 1365 496 intus
1388 447 1572 495 autem
1605 438 1939 493 adulterium
1971 444 2067 492 aut

2193 456 2264 493 του
2292 440 2402 494 ἀπὸ
2431 438 2640 509 φθορᾶς
2665 439 2760 492 καὶ
2792 438 3073 510 πορνείας·
3105 436 3309 491 ἔσωθεν
3329 435 3387 489 δὲ
3424 435 3745 506 ἐμοίχευσας

479 551 735 609 stuprum
768 535 1085 592 committas
1115 535 1173 589 in
1210 532 1638 605 cogitationibus
1686 530 1819 595 tuis,
1846 530 2063 584 adulter

2193 530 2260 584 ια).
2297 530 2638 600 ὲπόρνευσας
2666 530 2726 582 ὲν
2754 530 2868 592 τοῖς
2897 529 3179 599 λογισμοῖς
3217 544 3336 592 σου,
3375 525 3652 597 μοιχεύεις
3675 527 3746 597 τῷ

480 647 544 689 es
596 630 742 701 apud
785 631 979 695 Deum,
1012 643 1115 683 nec
1147 625 1374 697 prodest
1417 624 1517 678 tibi
1546 622 1873 694 quidquam,
1914 620 2062 692 quod

2193 620 2304 691 ιεῷ,
2346 622 2442 675 καὶ
2475 620 2628 674 οὐδὲν
2669 621 2962 693 ὠφέλησας
2988 620 3052 673 τδ
3090 620 3252 689 σῶμα
3289 620 3430 689 ἔχων
3462 617 3746 689 παρθένον.

482 741 688 796 corpus
737 724 943 778 habeas
998 720 1326 791 virgineum.
1382 714 1854 783 Quemadmodum
1897 713 1944 768 si
1994 714 2067 767 sit

2193 714 2383 784 Ωσπερ
2409 713 2502 766 ἐὰν
2618 714 2800 775 νεᾶνις
2830 713 2925 766 καὶ
2950 712 3258 776 νεανίσκος,
3291 711 3388 765 καὶ
3430 710 3569 778 δόλῳ
3606 709 3752 762 κολα-

482 813 894 871 adolescentula
939 825 1003 865 ac
1054 808 1304 880 juvenis,
1352 806 1448 875 qui
1496 804 1863 859 fraudulentis
1905 804 2064 859 istam

2193 805 2368 867 εεύσας
2406 805 2578 874 αὐτὴν
2610 803 2830 877 φθείρῃ,
2857 802 3043 857 λοιπὸν
3071 801 3333 872 βδελυκτή
3363 803 3482 854 ἐστι
3512 800 3593 869 τῷ
3624 818 3751 868 νυμ-

484 902 782 957 verborum
816 898 1090 953 illecebris
1132 896 1371 950 illectam
1407 903 1757 963 corrumpat;
1790 894 1879 947 illa
1913 903 2064 963 post-

482 993 708 1047 modum
752 986 1107 1043 exsecrabilis
1155 984 1216 1039 ﬂt
1256 998 1494 1056 Sponso,
1535 999 1602 1039 eo
1644 983 1792 1053 quod
1848 982 2067 1038 adulte-

485 1085 629 1140 rium
687 1080 1073 1137 commiserit:
1110 1079 1189 1133 sic
1230 1093 1451 1147 quoque
1499 1077 1679 1131 anima
1721 1077 2064 1145 incorporea,

488 1178 534 1232 si
578 1176 894 1232 societatem
936 1188 1062 1227 cum
1101 1179 1355 1241 serpente
1396 1172 1449 1225 in
1506 1169 1867 1224 interioribus
1898 1168 2068 1222 animi

488 1264 798 1322 recessibus
855 1262 1061 1324 ahdito,
1121 1260 1320 1330 spiritu
1359 1259 1620 1312 nimirum
1657 1273 1848 1327 pravo,
1900 1257 2064 1321 ineat,

487 1357 836 1411 adulteratur
903 1361 1031 1407 ante
1096 1352 1291 1409 Deum.
1353 1350 1544 1419 itaque
1613 1351 1879 1420 scriptum
1937 1358 2065 1403 est:

490 1448 669 1502 Omnis
696 1448 783 1516 qui
812 1445 995 1499 viderit
1032 1443 1326 1509 mulierem,
1350 1443 1418 1495 ad
1448 1443 1911 1513 concupiscendum
1928 1458 2067 1506 eam,

480 1540 603 1611 jam
652 1539 935 1592 moechatus
987 1538 1137 1590 estin
1167 1536 1319 1589 corde
1364 1551 1457 1589 suo
1489 1536 1554 1589 ⁸⁷.
1600 1534 1697 1589 Est
1754 1535 1902 1589 enim
1948 1544 2069 1588 stu—

490 1647 652 1702 prum
687 1630 831 1700 quod
875 1643 1107 1698 corpore
1161 1626 1486 1696 perficitur:
1540 1637 1626 1681 est
1671 1641 1893 1696 quoque
1949 1635 2071 1681 stu-

2172 898 2303 967 φίῳ,
2330 898 2412 951 ὅτι
2447 896 2766 967 ἐμοιχεύθη·
2797 894 2941 949 οὓτω
2979 894 3075 949 καὶ
3102 896 3137 964 ἡ
3169 894 3461 964 ἀσώματος
3502 892 3652 963 ψυχὴ
3680 892 3754 961 τῷ

2174 989 2557 1060 ὲνδομυχοῦντι
2584 988 2707 1056 ὄφει
2736 987 3068 1043 κοινωνοῦσα
3096 986 3177 1057 τῷ
3205 986 3429 1057 πονηρῷ
3463 986 3753 1055 πνεύματι,

2174 1080 2429 1150 πορνεύει
2458 1079 2569 1133 ἀπὸ
2607 1078 2764 1133 Θεοῦ·
2791 1080 2887 1133 καὶ
2920 1080 3256 1151 γέγραπται,
3308 1076 3435 1143 Πᾶς
3459 1080 3492 1130 ὁ
3508 1076 3760 1142 ,Βλέπων

2174 1170 2432 1240 γυναῖκα
2446 1171 2598 1240 πρὸς
2618 1170 2684 1225 τὸ
2699 1170 3211 1239 ἐπιθυμῆσαι,ἦδη
3228 1170 3591 1239 ἐμοίχευσεν
3605 1168 3676 1218 ἐγ
3690 1184 3760 1233 τῃ

2174 1264 2386 1334 καρδία
2402 1264 2612 1321 αὐτοῦ.
2646 1266 2801 1319 Ἐστι
2824 1264 2933 1334 γὰρ
2948 1263 3175 1333 πορνεία
3192 1263 3282 1317 διὰ
3298 1261 3563 1332 σώματος
3576 1260 3762 1313 τελουο

2178 1356 2437 1426 μένη,κα“ι
2454 1355 2569 1409 ἐστι
2585 1354 2814 1420 πορνεία
2829 1353 3003 1424 ψυχῆς
3020 1352 3381 1420 κοινωνούσης
3394 1350 3474 1421 τῷ
3490 1349 3764 1419 Σατανᾷ⁴ίὶ

2175 1447 2311 1515 αὑτὴ
2328 1448 2436 1517 γὰρ
2457 1446 2603 1517 ψυχὴ
2625 1447 2915 1515 κοινωνικὴ
2940 1449 3055 1498 ἐστι
3082 1444 3175 1498 καὶ
3195 1443 3396 1513 ἀδελφὴ
3412 1442 3446 1512 ἦ
3468 1440 3761 1510 δαιμόνων,

2173 1536 2207 1605 ἢ
2240 1535 2499 1603 ΘεοῦΙκαὶ
2530 1536 2780 1605 ἀγγέλων
2809 1553 2823 1566 ο
2867 1537 2959 1589 καὶ
3017 1535 3203 1588 λοιπὸν
3257 1533 3592 1604 μοιχεύουσα
3631 1542 3767 1602 μετα

2172 1624 2267 1678 τοῦ
2292 1625 2559 1692 διαϐόλου,
2584 1626 2856 1696 ἄχρηστός
2901 1628 3017 1678 ἐστι
3049 1625 3131 1698 τῷ
3165 1622 3475 1696 ἐπουρανίῳ
3508 1621 3766 1691 Νυμφίῳ.

492 1740 653 1793 prum
679 1726 873 1780 anima:
896 1738 1019 1777 cum
1051 1722 1248 1776 Satana
1272 1720 1667 1790 participantis.
1701 1718 1905 1774 Eadem
1959 1719 2108 1775 enim
2147 1718 2329 1773 anima
2360 1719 2511 1775 socia
2568 1727 2655 1774 est
2718 1728 2779 1775 et
2834 1735 2993 1775 soror
3019 1728 3118 1774 aut
3171 1719 3507 1784 daemonum,
3536 1725 3636 1772 aut
3678 1716 3767 1772 Dei

493 1831 551 1876 et
572 1821 890 1891 angelorum
918 1833 1076 1887 ;quaa
1094 1832 1225 1872 vero
1266 1816 1596 1871 adulterium
1625 1814 1921 1870 committit
1948 1830 2073 1869 cum
2113 1813 2333 1878 Satana,
2369 1815 2554 1869 minus
2582 1813 2871 1869 commoda
2896 1822 2985 1869 est
3011 1813 3224 1868 caelesti
3258 1814 3493 1883 Sponsa.

563 1909 702 1965 XIV.
754 1909 1137 1979 Interrogatio.
1205 1908 1388 1965 Utrum
1439 1909 1653 1977 quiescit
1683 1906 1949 1961 interdum
1982 1904 2084 1959 Sa-

2264 1905 2365 1961 IA'.
2388 1908 2732 1975 Ἐρώτησις.
2756 1910 2823 1961 El
2844 1906 3132 1975 ὴσυχάζὲι
3152 1905 3341 1959 ποτὲό
3358 1901 3658 1966 Σατανᾶς,
3677 1903 3771 1956 uti

499 2012 677 2069 tanas,
706 2010 755 2055 et
789 2003 941 2055 homo
995 2000 1251 2055 liberatur
1284 2018 1316 2054 a
1348 2000 1505 2065 bello,
1540 2007 1634 2054 aut
1668 1998 1905 2071 quandiu
1935 2000 2079 2064 vivit,

500 2091 637 2145 bello
685 2091 972 2161 infestatur
998 2090 1023 2142 ?

597 2184 901 2255 Responsio.
975 2183 1205 2239 Satanas
1265 2197 1547 2254 nunquam
1615 2190 1792 2238 cessat
1857 2198 1888 2236 a
1938 2182 2083 2237 bello

499 2276 779 2347 gerendo;
827 2274 1072 2345 quandiu
1126 2274 1264 2329 vivit
1310 2274 1508 2344 aliquis
1537 2273 1594 2327 in
1633 2273 1739 2329 hoc
1767 2273 1989 2336 saeculo,
2019 2288 2083 2327 ac

502 2367 749 2438 quandiu
785 2382 1008 2423 carnem
1036 2375 1213 2437 gestat
1248 2407 1263 2431 ,
1316 2366 1463 2423 bello
1512 2365 1822 2421 lacessitur.
1877 2366 2079 2421 Verum

502 2460 599 2515 ubi
625 2461 733 2515 tela
763 2459 1087 2530 nequissimi
1140 2459 1308 2530 ignita
1330 2459 1535 2513 fuerint
1567 2457 1856 2524 exstincta,
1876 2456 1931 2510 in
1971 2473 2081 2526 quo

502 2552 735 2622 posthac
769 2548 889 2607 illic'
935 2551 1135 2607 laedere
1182 2551 1354 2621 possit
1383 2550 1685 2613 hominem,
1715 2549 1843 2603 licet
1870 2548 2084 2603 venerit

504 2643 736 2699 Satanas
768 2642 823 2699 in
850 2641 1171 2715 judicium?
1202 2642 1298 2696 Est
1327 2639 1527 2710 aliquis
1579 2638 1790 2694 amicus
1834 2639 1998 2709 regis,
2026 2644 2083 2693 et

503 2733 671 2789 habet
733 2732 1165 2789 controversiam
1213 2747 1338 2787 cum
1393 2730 1755 2797 adversario;
1798 2746 1923 2787 cum
1950 2743 2083 2800 ergo

503 2839 688 2896 regem
742 2825 943 2880 haheat
1000 2825 1107 2879 sibi
1150 2823 1450 2894 propitium
1495 2833 1553 2879 et
1600 2823 1937 2892 benignum,
1986 2819 2082 2889 qui

504 2915 784 2985 suppetias
810 2916 951 2968 ferat
986 2914 1086 2980 illi,
1140 2916 1453 2969 nullatenus
1491 2914 1742 2969 lzedetur.
1803 2912 1906 2968 Ubi
1934 2911 2084 2967 enim

505 3009 651 3079 quis,
683 3023 875 3065 omnes
900 3008 1125 3063 ordines
1153 3022 1217 3063 ac
1268 3007 1472 3078 gradus
1502 3015 1897 3076 transgressus,
1939 3005 2084 3076 regis

507 3100 721 3154 amicus
748 3102 1006 3165 evaserit,
1034 3100 1126 3154 hic
1169 3098 1398 3170 posthac
1431 3113 1461 3152 a
1493 3112 1730 3167 quonam
1764 3105 1860 3151 aut
1888 3112 1996 3166 qua
2026 3097 2081 3150 in

508 3206 568 3246 re
602 3191 957 3245 offendetur?
985 3192 1044 3246 In
1075 3191 1241 3245 rebus
1274 3190 1607 3259 conspicuis,
1653 3198 1781 3243 sunt
1809 3189 2079 3252 civitates,

2183 1998 2602 2065 ἐλευθεροῦται
2635 2001 2667 2053 ὀ
2701 1997 3014 2066 ἄνθρωπος
3036 1999 3107 2052 ἐκ
3128 1996 3238 2052 τοῦ
3270 1996 3567 2065 πολέμου.
3602 1994 3642 2061 ἢ
3666 1993 3772 2060 ἕως

2183 2090 2283 2145 ὅτε
2312 2090 2411 2159 ζῇ,
2447 2090 2575 2160 ἔχει
2621 2093 2920 2159 «lustror;

2266 2184 2631 2252 Ἀπόκρισις.
2665 2182 2725 2239 '0
2747 2183 2991 2246 Σατανᾶς
3025 2181 3282 2237 οὐδέποτε
3312 2176 3589 2251 ἡσυχάζει
3619 2176 3772 2231 πολιν

2187 2277 2338 2348 μῶν;
2386 2277 2491 2341 ἓως
2540 2277 2607 2330 ἂν
2659 2277 2725 2347 ζῇ
2784 2293 2870 2339 τις
2915 2278 3008 2331 τὸν
3054 2274 3451 2340 αίῶνατοῦτον,
3481 2275 3580 2329 καὶ
3616 2274 3774 2343 φορεῖ

2186 2368 2386 2438 σάρκα,
2411 2368 2756 2438 πολεμεῖται.
2798 2369 2936 2421 Ἀλλ’
2967 2370 3098 2423 ὅταν
3126 2368 3199 2422 τά
3229 2367 3363 2437 βέλη
3390 2366 3487 2421 τοῦ
3526 2364 3771 2435 πονηροῦ

2184 2457 2255 2509 τὰ
2303 2458 2678 2527 πεπυρωμένα
2705 2457 2936 2530 σϐεσθῇ.
2966 2458 3158 2511 λοιπὸν
3176 2459 3303 2510 ἐκεῖ
3332 2456 3386 2509 τί
3425 2456 3660 2525 βλάπτει
3682 2454 3773 2507 τὸν

2183 2548 2491 2618 ἄνθρωπον,
2534 2549 2582 2601 εἰ
2638 2549 2733 2604 καὶ
2786 2549 3003 2619 ἔρχεται
3057 2552 3085 2604 ὁ
3116 2550 3361 2608 Σατανᾶς
3399 2548 3539 2619 πρὸς
3580 2548 3768 2614 λόγονς

2188 2640 2345 2691 Ἐστι
2376 2655 2459 2701 τις
2490 2640 2642 2709 φίλος
2673 2640 2958 2710 βασιλέως,
2989 2642 3083 2694 καὶ
3113 2641 3225 2711 ἔχει
3256 2641 3412 2711 δίκην
3453 2640 3592 2711 πρὸς
3624 2641 3772 2693 ἀντί-

2183 2730 2357 2785 δικονο
2383 2732 2512 2785 ὅταν
2563 2728 2659 2787 οὖν
2690 2734 2783 2787 τὸν
2812 2734 3039 2804 βασιλέα
3066 2734 3166 2806 ἔχῃ
3189 2734 3467 2806 ἐπιρρεπῆ
3490 2736 3593 2788 καὶ
3617 2732 3771 2800 φίλον

2183 2820 2369 2888 αὑτοῦ,
2414 2822 2563 2885 ὅστις
2618 2823 2807 2894 βοηθεῖ
2857 2824 3027 2894 αὐτῷ,
3056 2826 3209 2879 οὐδὲν
3245 2826 3568 2895 βλάπτεται.
3606 2825 3775 2878 Ὅταν

2185 2914 2296 2985 γάρ
2332 2933 2414 2979 τις
2443 2917 2628 2988 φθάσῃ
2660 2918 2791 2980 ὅλας
2827 2917 2926 2981 τὰς
2958 2917 3142 2982 τάξεις
3178 2918 3469 2989 παρελθεῖν
3513 2917 3613 2970 καὶ
3644 2914 3773 2977 τοὺς

2188 3008 2454 3080 βαθμοὺς,
2484 3014 2582 3064 καὶ
2610 3011 2866 3079 γενέσθαι
2902 3011 3055 3079 φίλος
3089 3011 3373 3082 βασιλέως,
3398 3004 3564 3073 οὗτος
3588 3007 3774 3061 λοιπὸν

2185 3103 2237 3155 τί
2263 3103 2559 3173 βλάπτεται
2586 3105 2689 3157 ὑπό
2709 3122 2887 3171 τινος;
2913 3107 2993 3168 είς
3015 3104 3075 3158 τὸ
3097 3106 3421 3174 φαινόμενον
3444 3104 3558 3156 εἶσὶ
3591 3102 3775 3163 7:63.“;

2187 3193 2571 3264 λαμδάνουσαι
2597 3195 2746 3267 δῶρα
2785 3196 2880 3249 καὶ
2909 3196 3138 3259 ἀννόνας
3166 3197 3317 3264 παρά
3352 3196 3450 3249 τοῦ
3480 3194 3769 3264 βασιλέως.

508 3299 631 3351 quae
671 3283 812 3337 dona
840 3292 1157 3339 etannonas
1185 3283 1492 3352 accipiunt;
1528 3283 1573 3337 si
1600 3297 1729 3351 ergo
1774 3282 1829 3335 in
1860 3295 2084 3335 munere

2193 3256 2381 3340 Ei‘oﬁv
2412 3286 2593 3355 ὀλίγον
2640 3256 2692 3341 τέ
2746 3256 3176 3359 λειτουργοῦσιν,
3219 3256 3374 3342 οῦδὲν
3423 3256 3773 3357 ζτίμιοῦνται,

510 3373 769 3428 obeundo
828 3374 1186 3444 pauxillulum
1235 3380 1483 3443 erogcnt,
1554 3370 1760 3424 nullam
1819 3371 2089 3441 jacturam

509 3461 742 3524 faciunt,
766 3477 889 3515 cum
923 3472 1069 3515 tanta
1104 3461 1381 3531 accipiant
1435 3476 1497 3515 ac
1525 3460 1826 3529 suscipiant
1875 3474 1905 3512 a
1938 3472 2087 3527 rege.

512 3551 608 3607 Sic
650 3569 871 3623 quoque
926 3552 1260 3617 Christiani,
1315 3553 1445 3607 licet
1504 3548 1651 3604 bello
1706 3560 1965 3621 petantur
2020 3549 2090 3603 ab

510 3645 692 3706 hoste,
725 3644 1011 3697 divertunt
1046 3651 1224 3701 tamen
1280 3644 1385 3713 ipsi
1428 3645 1495 3699 ad
1528 3643 1897 3706 divinitatem,
1927 3650 2090 3711 atque

511 3735 752 3790 induunt
785 3735 1046 3790 virtutem
1094 3750 1158 3789 ac
1204 3736 1451 3804 requiem
1497 3752 1563 3792 ex
1615 3738 1746 3801 alto,
1804 3750 1907 3789 nec
1964 3743 2093 3789 sunt

512 3828 810 3898 quidquam
836 3825 1062 3881 solliciti
1091 3825 1160 3880 de
1196 3826 1364 3881 bello.

581 3920 697 3974 XV.
724 3918 1195 3985 Quemadmodum
1214 3920 1358 3973 enim
1386 3919 1651 3974 Dominus
1672 3916 1852 3972 induit
1868 3932 2089 3986 corpus,

510 4011 833 4081 relinquens
896 4027 1116 4067 omnem
1147 4011 1551 4081 t‘principatum
1609 4027 1675 4066 ac
1732 4018 2090 4080 potestatem,

513 4103 708 4157 eodem
739 4117 959 4172 quoque
991 4101 1156 4157 modo
1196 4100 1497 4157 Christiani
1546 4101 1853 4157 induuntur
1884 4100 2092 4172 Spiritu

480 4203 725 4260 ,sancto,
757 4203 813 4247 et
848 4193 1040 4264 requie
1089 4193 1374 4249 fruuntur.
1420 4194 1576 4261 Quod
1633 4193 1678 4249 si
1709 4208 1927 4264 quoque
1974 4192 2092 4248 bel-

514 4288 627 4341 lum
674 4287 918 4342 exterius
969 4286 1208 4356 ingruat,
1252 4286 1381 4341 [erit
1430 4287 1679 4351 Satanas,
1742 4302 1935 4340 verum
1988 4284 2091 4356 ipsi

516 4381 752 4436 interius
770 4380 973 4435 virtute
1004 4378 1220 4433 Domini
1243 4379 1441 4434 muniti
1469 4388 1617 4443 sunt.
1653 4395 1756 4434 nec
1785 4379 1858 4433 (ιε’
1892 4378 2092 4432 Satana

517 4481 647 4528 sunt
686 4472 927 4528 solliciti.
954 4472 1111 4527 Sicut
1140 4472 1230 4527 ille
1262 4472 1316 4525 in
1360 4472 1580 4526 deserto
1621 4471 1852 4526 tentavit
1903 4469 2091 4525 Domi-

516 4578 649 4618 num
681 4561 1046 4633 quadraginta
1087 4563 1227 4631 dies,
1259 4562 1392 4633 quid
1419 4561 1497 4616 illi
1526 4562 1736 4627 nocuit,
1774 4561 1917 4632 quod
1937 4572 2092 4615 exte-

2194 3380 2354 3432 ὁπότε
2379 3378 2619 3433 τοσαῦτα
2645 3378 2961 3449 πορίζονται
2984 3381 3078 3437 καὶ
3100 3380 3347 3450 δέχονται
3376 3380 3531 3449 παρὰ
3548 3379 3646 3432 τοῦ
3678 3378 3775 3448 βαι

2197 3470 2411 3534 σιλέως.
2440 3470 2627 3535 Οὕτως
2662 3472 2758 3525 καὶ
2794 3474 2842 3524 οἱ
2872 3473 3212 3542 Χριστιανοὶ,
3252 3474 3302 3525 εί
3342 3472 3436 3526 καὶ
3467 3471 3775 3539 πολεμοῦνο

2195 3578 2286 3613 ται
2326 3562 2481 3632 παρά
2514 3560 2608 3615 τοῦ
2642 3563 2862 3632 ἐχθροῦ,
2895 3563 3009 3617 ἀλλ’
3043 3566 3196 3616 αὐτοὶ
3228 3563 3534 3617 κατέλυσαν
3567 3563 3651 3626 είς
3679 3564 3777 3630 τὴν

2197 3650 2449 3720 θεότητα,
2504 3651 2598 3704 καὶ
2634 3652 2951 3707 ὲνεδύσαντο
2989 3654 3089 3725 τὴν
3124 3654 3183 3722 eg
3212 3653 3382 3723 ὕψους
3411 3653 3649 3723 δύναμιν
3685 3656 3775 3706 καὶ

2195 3744 2526 3808 ἀνάπαυσιν,
2569 3746 2663 3798 καὶ
2687 3744 2839 3799 οὐδὲν
2874 3745 3216 3816 φροντίζουσι
3245 3745 3341 3798 τοῦ
3369 3746 3630 3816 πολέμου.

2272 3923 2371 3974 lE'.
2403 3922 2621 3991 Ὥσπερ
2667 3920 2776 3992 γὰρ
2831 3923 2860 3974 ὀ
2902 3919 3106 3992 Κύριος
3142 3920 3433 3975 ἐνεδύσατο
3481 3921 3547 3975 τὸ
3594 3921 3776 3990 σῶμα.

2197 4012 2517 4068 καταλιπὼν
2568 4015 2748 4067 πᾶσαν
2778 4014 2953 4085 ἀρχὴν
2996 4015 3090 4068 καὶ
3124 4013 3397 4078 ἐξουσίαν,
3427 4013 3578 4066 οὕτω
3605 4016 3703 4067 καὶ
3729 4016 3776 4065 οἱ

2195 4106 2514 4178 Χριστιανοὶ
2566 4104 2840 4159 ἐνδύονται
2900 4106 2960 4159 τὸ
3009 4106 3233 4177 Πνεῦμα
3282 4107 3344 4159 τὸ
3374 4105 3552 4175 ἅγιον,
3587 4108 3684 4158 καὶ
3728 4107 3782 4157 ἐν

2196 4196 2500 4251 ἀναπαύσει
2532 4196 2689 4253 είσίν.
2721 4195 2784 4249 Et
2810 4196 2866 4249 δὲ
2902 4197 2997 4250 καὶ
3028 4196 3245 4267 ἔρχεται
3289 4197 3525 4267 πόλεμος
3556 4196 3779 4263 ἔξωθεν,

2197 4289 2385 4360 κρούει
2432 4290 2459 4342 ὁ
2497 4290 2764 4352 Σατανᾶς,
2798 4290 2910 4342 ἀλλ’
2948 4289 3102 4343 αὐτοὶ
3145 4288 3352 4343 ἔσωθεν
3380 4288 3783 4360 ἠσφαλισμένοι

2196 4380 2305 4433 εἰσὶ
2344 4383 2411 4451 τῇ
2450 4380 2543 4433 τοῦ
2577 4381 2782 4452 Κυρίου
2815 4381 3068 4452 δυνάμει,
3090 4382 3188 4435 καὶ
3217 4382 3279 4434 ού
3314 4381 3668 4452 φροντίζουσι
3693 4380 3783 4432 τοῦ

2197 4472 2431 4526 Σατανᾶ·
2466 4470 2648 4531 καθὼς
2673 4472 2878 4536 ἐκεῖνος
2924 4474 3003 4536 εἰς
3041 4471 3138 4541 τὴν
3168 4470 3375 4542 ἔρημον
3402 4470 3671 4542 ἐπείρασε
3699 4471 3782 4522 τὸν

2198 4565 2403 4635 Κύριον
2444 4565 2656 4636 ἡμέρας
2714 4564 3158 4635 τεσσαράκοντα,
3204 4564 3258 4616 τί
3309 4563 3468 4617 αὑτὸν
3525 4564 3780 4631 ἔϐλαψεν,

516 4657 634 4710 rius
689 4672 977 4727 aggressus
1013 4662 1099 4710 est
1178 4669 1381 4726 corpus
1429 4653 1575 4708 illius
1600 4653 1688 4707 '3?
1741 4653 1896 4707 Intus
1947 4653 2084 4708 enim

2199 4660 2281 4712 ὅτι
2325 4657 2525 4724 ἔξωθεν
2582 4656 2855 4728 προσῆλθε
2896 4656 2974 4728 τῷ
3029 4656 3245 4725 σώματι
3276 4656 3478 4721 αὐτοῦς
3540 4655 3785 4707 Ἐσωθεν

515 4749 663 4803 Deus
690 4756 830 4802 erat.
878 4748 969 4803 Sic
1018 4764 1239 4818 quoque
1294 4746 1615 4812 Christiani,
1678 4746 1807 4802 licet
1856 4747 2084 4804 exterius

2200 4750 2308 4823 γὰρ
2346 4749 2477 4813 Θεὸς
2506 4745 2593 4821 ἦν.
2621 4748 2775 4802 Οὕτω
2805 4749 2900 4803 καὶ
2929 4750 2978 4802 oi
3010 4750 3353 4820 Χριστιανοὶ,
3384 4750 3431 4801 εί
3458 4750 3556 4802 καὶ
3584 4748 3782 4812 ἔξωθεν

523 4848 831 4905 tententur,
908 4840 1143 4895 interius
1218 4840 1330 4912 99
1397 4840 1761 4895 nihilominus
1810 4840 2084 4896 divinitate

2206 4841 2584 4913 πειράζονται,
2639 4840 2752 4894 ἀλλ’
2797 4840 3000 4893 ἔσωθεν
3054 4839 3474 4909 πεπληρωμένοι
3524 4840 3642 4890 είσὶ
3687 4840 3779 4905 τῆς

522 4932 710 4986 referti
749 4940 897 4998 sunt,
936 4948 1041 4989 nec
1071 4933 1181 4987 ullo
1208 4932 1409 4987 damno
1444 4933 1711 5005 injuriave
1762 4933 2095 4988 afﬁciuntur.

518 5022 627 5078 llos
655 5024 858 5094 gradus
887 5032 1071 5078 autem
1116 5024 1161 5079 si
1218 5024 1344 5095 quis
1377 5033 1710 5080 consecutus
1750 5035 1853 5089 est,
1899 5025 1991 5080 ille
2027 5026 2093 5080 ad

516 5117 817 5186 perfectam
875 5118 1225 5173 dilectionem
1275 5116 1515 5184 Christi,
1571 5128 1627 5175 et
1693 5118 2095 5188 plenitudinem

518 5208 861 5273 divinitatis,
912 5209 1182 5278 pervenit.
1236 5210 1304 5263 At
1358 5210 1451 5280 qui
1502 5226 1612 5263 non
1653 5218 1737 5263 est
1786 5209 2095 5276 ejusmodi,

522 5299 704 5354 adhuc
758 5300 991 5355 interius
1048 5300 1253 5355 bellum
1336 5300 1605 5355 sustinet:
1664 5301 1801 5355 hora
1860 5300 2095 5371 quadam

523 5392 832 5446 delectatur
867 5393 1135 5458 oratione,
1163 5392 1269 5446 alia
1298 5409 1430 5447 vero
1462 5394 1592 5449 hora
1630 5393 1685 5447 in
1713 5393 2006 5448 afﬂictione
2036 5409 2101 5448 ac

521 5483 770 5552 periculo
811 5483 1099 5546 consistit;
1137 5484 1214 5537 ita
1244 5485 1390 5538 enim
1442 5485 1561 5540 vult
1611 5485 1913 5553 Dominus;
1977 5502 2099 5539 cum

524 5574 672 5631 enim
702 5575 884 5629 adhuc
914 5575 985 5629 sit
1023 5575 1224 5642 infans,
1253 5586 1470 5633 exercet
1517 5578 1669 5634 illum
1710 5579 1776 5634 ad
1828 5578 2098 5649 praelium,

596 5758 639 5790 ⁵⁷
662 5757 852 5811 Matth.
887 5776 940 5823 v,
970 5760 1059 5815 ‘28.
1137 5760 1179 5790 ⁸⁸
1205 5759 1393 5814 Matth.
1426 5776 1500 5827 tv,
1540 5760 1572 5814 “2
1603 5777 1716 5832 seq.

2202 4934 2479 5006 θεότητος,
2509 4933 2606 4987 καὶ
2634 4934 2786 4987 οὐδὲν
2812 4929 3144 4987 ἀδικοῦνται.
3175 4934 3271 4996 Ei;
3291 4931 3464 4985 ταῦτα
3490 4930 3552 4983 δὲ
3586 4931 3659 4985 τὰ
3689 4930 3781 4999 μέ-

2203 5046 2308 5101 τρα
2360 5028 2413 5082 εἴ
2454 5046 2537 5090 τις
2575 5027 2831 5097 ἔφθασεν,
2868 5030 2948 5091 είς
3002 5027 3101 5100 τὴν
3150 5026 3359 5080 τελείαν
3399 5026 3630 5097 ἀγάπην
3691 5023 3779 5076 τοῦ

2205 5115 2466 5191 Χριστοῦ,
2501 5118 2595 5169 καὶ
2629 5119 2708 5180 είς
2733 5116 2793 5168 τὸ
2842 5117 3117 5187 πλήρωμα
3158 5118 3258 5186 τῆς
3288 5116 3537 5185 θεότητος
3582 5113 3781 5182 κατήν-

2204 5229 2389 5284 τησεν.
2435 5211 2492 5264 '0
2522 5210 2579 5264 δὲ
2615 5209 2691 5281 μὴ
2728 5208 2991 5276 τοιοῦτος,
3021 5210 3204 5281 ἀκμὴν
3232 5208 3433 5261 ἔσωθεν
3473 5207 3590 5276 ἔχει
3624 5205 3777 5257 πόλει

2210 5320 2327 5374 μον*
2370 5302 2489 5375 ὥρᾳ
2519 5301 2857 5357 ἀναπαύεται
2893 5304 2971 5367 εἰς
3007 5303 3106 5372 τὴν
3153 5301 3337 5371 εὐχὴν,
3372 5302 3463 5352 καὶ
3494 5299 3634 5370 ἄλλῃ
3665 5298 3777 5368 ὥρῃ.

2205 5399 2262 5449 ἐν
2303 5396 2479 5466 θλίψει
2530 5398 2626 5450 καὶ
2675 5396 2895 5467 πολέμῳ
2951 5397 3158 5465 στήκει.
3214 5393 3371 5448 Οῦτω
3416 5393 3523 5463 γὰρ
3566 5391 3713 5444 θέλει
3750 5391 3776 5441 ὁ

2208 5488 2433 5560 Κύριος,
2464 5489 2654 5559 ἐπειδὴ
2687 5488 2873 5559 ἀκμὴν
2908 5488 3099 5560 νήπιός
3150 5492 3290 5555 ἐστι,
3328 5485 3596 5556 γυμνάζει
3621 5485 3776 5537 αὐτὸν

2208 5583 2287 5644 εἰς
2343 5582 2467 5646 τοὺς
2532 5580 2804 5655 πολέμους
2853 5581 2944 5637 καὶ
3002 5583 3068 5639 τὰ
3128 5580 3222 5635 δύο
3273 5580 3531 5648 πρόσωπα
3578 5576 3776 5637 ἔσωθεν
