3966 6564
463 309 570 376 m7

1718 312 1779 374 S.
1821 312 2142 373 MACARII
2183 314 2511 377 .EGYPTH

3624 319 3723 385 688

467 428 595 481 stim
623 421 886 480 transfert
913 428 965 478 te
1008 420 1065 477 in
1092 434 1322 494 regnum
1352 434 1536 475 suum.
1571 420 1686 477 Deo
1715 421 1865 477 enim
1906 422 2057 478 hora:

2167 442 2250 490 τος
2281 427 2374 481 τοῦ
2402 427 2667 493 σκότους,
2722 428 2820 483 καὶ
2851 428 3057 493 εὐθέως
3093 428 3422 502 μετατίθησί
3450 446 3511 484 σε
3537 430 3613 496 εις
3638 434 3729 505 τὴν

468 524 749 572 momento
784 514 970 571 omnia
1007 527 1298 584 peragere,
1332 511 1492 567 facile
1522 520 1628 577 est,
1666 513 1831 567 modo
1864 529 2054 569 amore

463 610 515 667 ei
547 609 651 665 soli
680 608 971 663 devinctus
1003 606 1100 661 sis.
1124 605 1260 660 Nam
1316 604 1462 659 Deus
1514 603 1723 675 indiget
1754 620 1925 676 opera
1946 605 2054 661 hu-

465 718 651 770 mana,
686 703 816 773 quia
834 700 981 757 socia
1006 698 1313 754 divinitatis
1338 706 1423 753 est
1450 696 1654 752 anima.

536 963 677 1020 XIX.
709 964 776 1019 Et
800 971 861 1018 ut
891 977 1035 1033 saepe
1067 960 1308 1017 diximus
1360 959 1676 1031 parabolam
1707 959 1911 1026 coloni,
1957 956 2057 1031 qui

462 1058 697 1122 laborat,
728 1072 791 1112 ac
825 1070 1012 1111 semen
1056 1062 1217 1110 terra:
1240 1052 1565 1120 committit;
1605 1051 1770 1107 debet
1815 1052 2055 1123 desuper

463 1150 718 1219 accipere
746 1147 1022 1218 pluviam:
1056 1146 1165 1202 nisi
1198 1145 1347 1201 enim
1395 1145 1572 1201 nubes
1606 1146 1956 1211 emerserint,
1986 1161 2053 1201 ac

462 1239 610 1294 venti
646 1238 918 1304 flaverint,
943 1238 1080 1294 nihil
1102 1238 1261 1310 juvat
1313 1236 1471 1293 labor
1498 1238 1783 1308 agricolae;
1843 1237 2052 1293 nudum

463 1345 650 1386 semen
696 1330 844 1386 enim
886 1330 1175 1403 subiacet:
1227 1330 1334 1386 hoc
1384 1329 1635 1399 transfer,
1663 1331 1729 1385 ad
1762 1346 1851 1387 res
1890 1332 2053 1402 spiri-

464 1423 665 1479 tuales.
731 1423 789 1479 Si
861 1439 959 1479 sua
1023 1425 1202 1480 solum
1255 1424 1313 1479 in
1359 1423 1683 1495 operatione
1732 1433 2053 1494 perseveret

462 1515 653 1583 homo,
685 1530 790 1571 nec
815 1515 1083 1587 suscipiat
1121 1514 1424 1586 quidquam
1452 1531 1483 1571 a
1513 1524 1710 1571 natura
1742 1532 1841 1572 sua
1866 1526 2051 1572 extra-

461 1622 654 1674 neum,
681 1624 792 1664 non
827 1617 1011 1679 potest
1044 1607 1262 1663 fructus
1289 1608 1485 1679 dignos
1526 1608 1761 1663 Domino
1792 1608 2047 1665 reddere.

462 1699 609 1767 Quid
656 1716 787 1773 ergo
838 1710 922 1756 est
971 1700 1214 1755 hominis
1269 1700 1560 1771 operatio?
1618 1700 2048 1770 Abrenuntiare,

462 1792 649 1864 egredi
701 1808 766 1849 ex
822 1793 927 1847 hoc
984 1793 1211 1859 mundo,
1269 1808 1628 1863 perseverare
1672 1794 1728 1848 in
1780 1794 2050 1860 oratione,
2086 1793 2127 1847 Β

460 1886 714 1957 vigilare,
745 1886 975 1957 diligere
1014 1886 1187 1941 Deum
1239 1900 1304 1941 ac
1350 1884 1586 1941 fratres:
1615 1884 1722 1941 hoc
1761 1886 2046 1957 proprium

460 1988 547 2032 est
598 1979 717 2049 ejus
744 1977 1039 2033 sustinere.
1086 1977 1142 2033 Si
1172 1993 1302 2033 vero
1356 1992 1454 2033 sua
1487 1978 1665 2032 solum
1725 1979 2049 2049 operatione

462 2079 753 2125 contentus
812 2071 906 2136 sit,
964 2086 1069 2126 nec
1097 2085 1252 2142 spem
1311 2069 1494 2126 foveat
1545 2071 1694 2126 aliud
1760 2071 2047 2142 quidpiam

461 2162 836 2233 suscipiendi,
894 2178 1076 2233 neque
1099 2162 1249 2218 venti
1298 2160 1536 2233 Spiritus
1588 2162 1763 2217 sancti
1812 2163 2049 2217 animam

465 2253 807 2315 efﬂaverint;
848 2254 932 2309 vel
974 2253 1307 2309 emerserint
1340 2253 1519 2308 nubes
1548 2253 1823 2318 caelestes,
1855 2269 1918 2307 ac
1949 2253 2049 2308 de-

463 2346 754 2401 scenderit
778 2361 809 2401 e
854 2346 994 2402 cwlo
1021 2346 1231 2417 pluvia,
1263 2352 1321 2400 et
1350 2344 1540 2415 irriget
1578 2344 1841 2413 animam,
1864 2345 2055 2416 nequit

467 2440 634 2496 homo
673 2439 891 2497 fructus
922 2440 1116 2511 dignos
1144 2438 1377 2495 reddere
1414 2437 1672 2495 Domino.

531 2758 652 2814 XX.
685 2758 966 2829 Scriptum
1004 2758 1190 2829 itaque
1232 2767 1318 2814 est
1355 2777 1371 2814 :
1426 2758 1675 2831 Agricola
1701 2774 1816 2813 cum
1868 2757 2056 2812 viderit

466 2847 741 2918 palmitem
811 2848 1068 2918 ferentem
1136 2848 1403 2918 fructum,
1473 2857 1668 2920 purgat
1740 2864 1901 2912 eum,
1997 2854 2057 2899 ut

468 2938 805 3007 copiosiorem
848 2937 1077 3007 fructum
1114 2938 1348 3007 afferat:
1379 2944 1435 2992 at
1480 2952 1587 2990 non
1630 2935 1884 3005 ferentem
1938 2934 2056 3004 fru-

467 3038 608 3082 ctum
637 3028 830 3095 evellit,
862 3038 910 3082 et
940 3028 1353 3082 comburendum
1370 3027 1535 3082 tradit
1564 3028 1628 3081 “.
1660 3028 2055 3084 Verumtamen

467 3116 574 3172 hoc
600 3116 879 3171 hominem
910 3115 1091 3182 decet,
1127 3124 1210 3183 ut,
1237 3117 1352 3171 sive
1389 3117 1621 3187 jejunet,
1679 3116 1794 3171 sive
1843 3115 2052 3186 vigilet,

470 3205 586 3259 sive
608 3215 889 3274 precetur,
914 3205 1028 3261 sive
1059 3204 1187 3259 boni
1223 3204 1358 3275 quid
1380 3205 1563 3267 faciat,
1597 3214 1793 3260 cuncta
1824 3206 2057 3261 Domino

469 3287 734 3361 ascribat,
765 3299 852 3352 his
877 3298 1065 3353 verbis
1098 3311 1271 3352 usus:
1338 3298 1453 3352 Nisi
1486 3297 1626 3352 Deus
1669 3299 2059 3352 corroborasset

471 3401 576 3449 me,
615 3402 722 3438 non
775 3387 1057 3455 potuissem
1110 3386 1384 3455 jejunare,
1446 3394 1538 3439 aut
1571 3388 1800 3457 precari,
1856 3395 1950 3440 aut
1995 3401 2061 3440 ea:

470 3479 567 3529 hoc
632 3476 827 3528 mundo
877 3475 1074 3546 egredi.
1130 3473 1333 3544 Sicque
1364 3475 1531 3540 Deus,
1568 3475 1710 3530 bona
1770 3476 1936 3530 animi
1980 3476 2055 3531 tui

471 3568 782 3623 intentione
805 3579 1123 3639 conspecta,
1155 3568 1416 3624 nimirum
1448 3578 1501 3623 te
1545 3584 1632 3634 ea,
1666 3586 1788 3638 quae
1821 3570 2057 3625 naturali

471 3661 740 3715 instinctu
772 3661 1009 3732 peragis,
1049 3662 1165 3717 Deo
1194 3663 1493 3727 ascribere,
1520 3664 1636 3734 ipse
1666 3664 1908 3727 vicissim
1934 3680 2056 3728 sua,

470 3753 778 3822 spiritualia
809 3769 1028 3823 nempe,
1066 3753 1255 3809 divina
1277 3764 1332 3811 et
1353 3756 1621 3820 emlestia,
1653 3756 1752 3810 tibi
1787 3756 1903 3810 haec
1950 3758 2062 3811 lar-

470 3847 648 3917 gitur:
681 3861 806 3916 qua:
836 3862 969 3902 vero
1010 3858 1140 3902 sunt
1170 3847 1260 3901 illa
1282 3847 1306 3901 ?
1326 3846 1543 3903 fructus
1580 3847 1843 3918 Spiritus,
1869 3850 2058 3904 exsul-

475 3939 612 3994 tatio
640 3948 698 3994 et
730 3939 941 3995 laetitia.

547 4031 687 4086 XXI.
718 4031 1095 4101 Interrogatio.
1139 4031 1331 4086 Verum
1372 4048 1492 4087 cum
1531 4031 1735 4101 fructus
1784 4032 2060 4087 naturales

469 4125 576 4177 sint
605 4124 791 4178 horum
823 4124 1042 4188 similes,
1081 4124 1214 4194 ﬁdes
1239 4126 1492 4179 nimirum
1552 4136 1600 4179 et
1649 4128 1903 4197 precatio,
1927 4127 2063 4181 edis-

469 4232 587 4271 sere
641 4217 787 4271 nobis
839 4217 1100 4287 quomodo
1148 4234 1204 4272 se
1232 4218 1459 4272 habeant
1490 4217 1789 4283 naturalia,
1835 4226 1885 4272 et
1925 4235 2059 4288 quo-

472 4310 628 4363 modo
670 4309 979 4379 spiritualia
1002 4309 1027 4361 7

547 4399 851 4470 Responsio.
889 4401 987 4465 Ea,
1015 4413 1140 4468 quae
1186 4406 1239 4453 te
1271 4399 1389 4467 ipso
1411 4406 1638 4454 auctore
1667 4400 1805 4471 agis,
1830 4400 2060 4457 honesta

2160 517 2440 588 βασιλείαν
2473 518 2664 575 αὐτοῦ.
2696 519 2788 589 Τῷ
2825 520 2937 590 γάρ
2970 520 3094 593 Θεῷ
3120 522 3178 575 ἐν
3211 524 3354 593 ῥοπῇ
3395 521 3547 590 ὥρας
3566 523 3731 579 πάντα

2156 610 2356 683 εὐχερῆ
2400 612 2518 665 ἐστι
2555 614 2802 682 ποιῆσαι,
2857 612 3020 683 μόνον
3067 613 3157 667 ἵνα
3181 613 3282 685 τὴν
3336 614 3566 685 ἀγάπην
3610 614 3733 684 ἔχῃς

2158 703 2297 773 πρὸς
2333 704 2523 759 αὐτόν.
2575 704 2787 776 Χρῄζει
2822 704 2933 776 γάρ
2978 706 3009 758 6
3036 704 3170 770 Θεὸς
3210 706 3312 776 τῆς
3352 707 3619 778 ἐργασίας
3647 707 3733 762 τοῦ

2156 794 2472 866 ἀνθρώπου,
2506 796 2698 868 ἐπειδὴ
2730 796 3029 870 κοινωνική
3053 798 3203 851 ἐστιν
3244 799 3281 869 ἡ
3305 797 3455 870 ψυχὴ
3500 797 3602 869 τῆς
3627 798 3733 851 θεό-

2155 905 2339 959 τητος.

2228 980 2333 1041 ΙΘ’.
2366 982 2479 1038 Καὶ
2505 982 2691 1051 καθὼς
2721 983 2985 1048 πολλάκις
3023 983 3255 1055 εἴπομεν
3286 984 3390 1055 τὴν
3423 982 3736 1055 παραϐολὴν

2155 1075 2251 1128 τοῦ
2279 1073 2553 1146 γεωργοῦ,
2584 1076 2668 1129 ὅτι
2708 1075 2905 1147 καμὼν
2940 1077 3034 1131 καὶ
3075 1076 3256 1147 βαλὼν
3299 1076 3392 1130 τὸν
3446 1076 3651 1146 σπόρον
3684 1077 3737 1130 ἐν

2155 1168 2222 1237 τῇ
2271 1168 2364 1238 γῇ,
2397 1166 2603 1238 ὀφείλει
2637 1167 2959 1235 ἐκδέξασθαι
2990 1169 3087 1223 καὶ
3137 1170 3232 1223 τὸν
3297 1168 3512 1224 ἀνωθεν
3566 1169 3736 1225 ὑετόν.

2168 1258 2296 1312 Ἐὰν
2325 1259 2436 1332 γὰρ
2475 1259 2550 1332 μὴ
2582 1262 2825 1333 ἐπιφανῇ
2857 1262 2998 1333 νέφη
3037 1260 3134 1315 καὶ
3171 1261 3366 1333 ἄνεμοι
3411 1260 3738 1326 πνεύσωσιν,

2154 1351 2307 1406 οὐδὲν
2365 1351 2650 1423 ὠφέλησεν
2694 1353 2724 1406 6
2762 1352 3013 1423 κάματος
3059 1353 3157 1407 τοῦ
3214 1353 3465 1426 γεωργοῦ
3495 1370 3513 1387 ο
3573 1356 3604 1409 6
3640 1354 3742 1426 γάρ

2156 1445 2359 1514 σπόρος
2384 1444 2592 1515 γυμνὸς
2620 1445 2910 1499 ὑπόκειται
2938 1461 2953 1475 ·
2984 1444 3146 1498 τοῦτο
3181 1445 3415 1500 ἀνέλαϐε
3449 1446 3550 1499 καὶ
3576 1448 3659 1509 είς
3684 1446 3741 1500 τὸ

2158 1536 2568 1605 πνευματικόνο
2627 1537 2726 1590 ἐάν
2772 1536 2934 1608 μόνον
2976 1538 3035 1590 ἐν
3071 1540 3139 1607 τῇ
3191 1537 3298 1610 ἰδίᾳ
3326 1538 3573 1610 ἐργασίᾳ
3611 1538 3743 1592 ἀπο-

2159 1627 2316 1700 μείνῃ
2347 1629 2377 1682 6
2404 1628 2713 1701 ἄνθρωπος,
2742 1630 2838 1683 καὶ
2870 1628 2945 1701 μὴ
2988 1630 3306 1701 ἐπιδέξηταί
3347 1648 3404 1685 τι
3460 1629 3620 1698 ξένον
3652 1629 3745 1701 τῆς

2158 1722 2377 1790 φύσεως
2406 1720 2595 1787 αὑτοῦ,
2616 1722 2682 1775 οὐ
2705 1721 2931 1777 δύναται
2955 1726 3207 1795 καρποὺς
3234 1724 3420 1789 ἀξίους
3440 1723 3524 1796 τῷ
3558 1723 3744 1795 Κυρίῳ

2155 1810 2473 1866 ἀποδοῦναι.
2509 1812 2576 1866 Τί
2604 1813 2662 1867 δέ
2709 1814 2859 1869 ἐστιν
2906 1817 2940 1885 ὴ
2996 1816 3233 1885 ἐργασία
3264 1814 3362 1870 τοῦ
3410 1816 3741 1888 ἀνθρώπου;

2154 1903 2228 1956 Τὸ
2257 1903 2670 1973 ἀποτάξασθαι,
2721 1906 2783 1960 τὸ
2829 1905 3068 1973 ἐξελθεῖν
3105 1909 3172 1962 ἐκ
3227 1908 3324 1963 τοῦ
3393 1908 3638 1979 κόσμου,
3689 1908 3745 1960 τὸ

2154 1992 2451 2063 ὑπομένειν
2480 1995 2541 2048 ἐν
2570 1998 2634 2067 τῇ
2679 1997 2836 2069 εὐχῇ,
2867 1996 2930 2051 τὸ
2955 1998 3279 2070 ἀγρυπνεῖν,
3309 1999 3374 2052 τὸ
3401 1998 3635 2069 ἀγαπᾷν
3658 1999 3747 2051 τὸν

2154 2085 2289 2138 Θεὸν
2360 2088 2457 2142 καί
2510 2088 2639 2151 τοὺς
2694 2089 2984 2158 ἀδελφούς.
3044 2090 3220 2145 Τοῦτο
3262 2091 3397 2145 [διον
3448 2090 3747 2160 ὑπομένειν

2155 2173 2326 2229 αὐτοῦ
2360 2176 2531 2232 ἐστιν.
2571 2177 2713 2232 Ἀλλ’
2753 2177 2850 2233 ἐὰν
2874 2179 3148 2254 ὑπομείνῃ
3170 2182 3229 2234 ἐν
3258 2182 3325 2252 τῇ
3358 2179 3564 2235 ἑαυτοῦ
3588 2180 3748 2248 ἐργας-

2158 2271 2269 2341 σίᾳ,
2327 2271 2422 2324 καὶ
2480 2271 2555 2343 μὴ
2606 2272 2804 2345 ἐλπίσῃ
2838 2273 2968 2328 ἀλλο
3020 2291 3072 2328 τι
3112 2272 3485 2338 ἐπιδέξασθαι,
3542 2274 3643 2326 καὶ
3677 2276 3748 2345 μὴ

2158 2363 2470 2417 πνεύσωσιν
2490 2364 2541 2419 οἱ
2566 2364 2758 2435 ἄνεμοι
2790 2365 2884 2420 τοῦ
2912 2365 3071 2435 ἁγίου
3118 2368 3438 2438 Πνεύματος
3464 2368 3537 2437 τῇ
3580 2366 3745 2437 ψυχῇ,

2159 2455 2252 2509 καὶ
2282 2456 2379 2510 ἐὰν
2414 2457 2490 2528 μὴ
2572 2458 2813 2530 ἐπιφανῇ
2867 2458 3097 2532 οὐράνια
3137 2458 3297 2530 νέφη,
3356 2460 3454 2512 καὶ
3512 2458 3748 2528 κατέλθῃ

2156 2547 2217 2613 ἐξ
2247 2538 2479 2619 οὐρανοῦ
2510 2549 2687 2614 ὑετὸς,
2713 2552 2811 2604 καὶ
2840 2550 3106 2622 ἐπιϐρέξῃ
3142 2553 3208 2622 τῇ
3237 2551 3409 2623 ψυχῇ,
3433 2552 3497 2603 οὐ
3523 2550 3748 2604 δύναται

2156 2639 2492 2711 ὁάνθρωπος
2527 2646 2776 2712 καρποὺς
2814 2642 3000 2710 ἀξίους
3030 2641 3321 2698 ἀποδοῦναι
3351 2642 3431 2713 τῷ
3461 2641 3684 2712 Κυρίῳ.

2230 2734 2315 2787 ις’.
2351 2734 2668 2805 Γέγραπται
2695 2734 2774 2800 δὲ,
2800 2735 2883 2789 ὃτι
2925 2734 2981 2787 '0
3021 2734 3282 2804 γεωργὸς
3329 2734 3479 2787 ὅταν
3526 2732 3636 2800 wn
3687 2731 3751 2785 τὸ

2158 2822 2363 2895 κλῆμα
2378 2824 2565 2895 φέρον
2586 2828 2846 2896 καρπὸν,
2879 2826 3175 2896 καθαρίζει
3204 2828 3377 2890 αὐτὸ,
3414 2825 3521 2879 ira
3552 2824 3753 2879 πλείο-

2158 2934 2237 2972 να
2273 2916 2564 2987 ἐξενέγκῃ
2594 2932 2608 2948 ο
2664 2917 2735 2973 τὸ
2774 2917 2845 2971 δὲ
2873 2918 2991 2991 μὴ’
3022 2918 3210 2988 φέρον
3243 2918 3481 2986 καρπὸν
3513 2914 3751 2987 ἐκριζοῖ,

2159 3012 2259 3064 καὶ
2286 3014 2374 3078 εις
2399 3010 2625 3066 καῦσιν
2652 3010 2887 3068 δίδωσι.
2956 3011 3104 3083 Πλὴν
3132 3010 3229 3065 τοῦ
3250 3009 3550 3081 ἀνθρώπου
3592 3008 3755 3063 τοῦτό

2162 3104 2334 3166 ἐστιν,
2374 3102 2461 3157 ἵνα
2489 3104 2603 3157 εἴτε
2628 3101 2941 3173 νηστεύσει,
2969 3103 3081 3157 εἴτε
3112 3104 3403 3175 ἀγρυπνεῖ,
3446 3102 3567 3155 sit:
3598 3099 3755 3170 εὔχε-

2160 3216 2275 3262 ται,
2301 3197 2413 3251 εἴτε
2446 3196 2612 3251 καλόν
2642 3214 2695 3251 τι
2726 3197 2895 3262 ποιεῖ,
2946 3198 3231 3269 ἑπιγράφῃ
3270 3195 3492 3250 ἅπαντα
3521 3194 3608 3263 τῷ
3646 3196 3754 3246 Ku-

2162 3289 2282 3361 ρίῳ,
2318 3287 2477 3343 τοῦτο
2505 3288 2703 3356 λέγων,
2744 3288 2826 3341 ὅτι
2871 3290 2939 3342 El
2969 3288 3052 3356 μὴ
3078 3291 3111 3342 ό
3147 3289 3292 3353 Θεὸς
3328 3284 3758 3356 ἐνεδυνάμωσέ

2158 3400 2256 3452 με,
2291 3385 2405 3437 οὐκ
2436 3382 2759 3453 ἠδυνάμην
2800 3383 3144 3450 νηστεύειν,
3192 3382 3231 3450 ἢ
3262 3383 3583 3451 εὔχεσθαι,
3628 3381 3668 3447 ἦ
3692 3381 3756 3435 ἐκ

2162 3473 2270 3527 τοῦ
2318 3474 2553 3543 κόσμου
2583 3473 2898 3529 ἀπελθεῖν.
2947 3474 3060 3528 Καὶ
3114 3472 3259 3527 οὕτω
3316 3473 3538 3543 βλέπων
3570 3476 3602 3527 6
3631 3472 3759 3535 Θεὸς

2162 3565 2259 3637 τὴν
2288 3565 2504 3637 ἀγαθήν
2535 3582 2630 3619 σου
2681 3566 3031 3637 προαίρεσιν,
3084 3565 3168 3619 ὅτι
3199 3566 3269 3618 τὰ
3322 3566 3414 3629 σὰ,
3465 3564 3623 3634 ἀπερ
3655 3563 3758 3619 ἀπὸ

2163 3656 2379 3726 φύσεως
2414 3658 2612 3721 ποιεῖς,
2638 3656 2718 3727 τῷ
2748 3656 2869 3727 Θεῷ
2900 3657 3253 3728 ἐπιγράφεις,
3287 3657 3456 3727 πάλικ
3490 3658 3665 3717 αὐτὸς
3693 3656 3759 3709 τά

2164 3748 2273 3801 ίδια
2307 3748 2499 3814 αὑτοῦ,
2539 3750 2608 3802 τὰ
2640 3748 3015 3820 πνευματικὰ,
3058 3749 3127 3802 τὰ
3158 3749 3277 3802 θεῖα
3302 3751 3396 3802 καὶ
3424 3749 3753 3821 ἐπουράνια,

2162 3841 2247 3893 σοὶ
2271 3841 2445 3895 ταῦτα
2469 3842 2774 3913 χαρίζεται,
2806 3843 2929 3895 τίνα
2947 3842 3005 3896 δέ
3033 3844 3219 3909 iactv;
3252 3838 3309 3895 οἵ
3331 3841 3425 3897 τοῦ
3500 3844 3758 3913 [lusapu-

2162 3948 2255 3995 τος
2291 3933 2529 4003 καρποὶ,
2562 3933 2908 4002 ἀγαλλίασις,
2940 3936 3034 3989 καὶ
3063 3932 3395 4004 εὐφροσύνη.

2236 4022 2370 4077 KA'.
2432 4022 2777 4091 Ἐρώτησις.
2846 4023 3009 4078 Ἀλλ’
3065 4024 3272 4091 ἐπειδή
3334 4027 3457 4079 εισι
3502 4024 3757 4094 φυσικοὶ

2166 4115 2385 4184 καρποὶ
2438 4116 2677 4183 τούτοις
2726 4117 2938 4187 ὅμοιοι,
2989 4117 3213 4187 ἀγάπη,
3272 4119 3504 4183 πίστις,
3583 4119 3756 4187 εὐχὴ,

2162 4206 2474 4277 διάκρινον
2507 4208 2678 4280 ἡμῖν,
2704 4208 2833 4276 πῶς
2860 4210 2993 4264 ἐστι
3024 4211 3097 4264 τὰ
3127 4212 3507 4280 πνευματικά
3524 4228 3549 4275 ;

2251 4393 2612 4463 Ἀπόκρισις.
2657 4395 2738 4448 Τά
2768 4396 2839 4449 σά
2887 4395 2924 4452 ἀ
2968 4400 3169 4463 ποιεῖς,
3212 4396 3357 4449 καλά
3386 4396 3488 4466 μέν
3518 4398 3645 4451 ἐστι
3671 4400 3760 4452 καὶ

474 4489 699 4559 quidem
734 4498 883 4553 sunt,
933 4498 991 4544 et
1022 4491 1134 4544 Deo
1167 4498 1341 4560 grata,
1389 4490 1486 4544 sed
1531 4506 1640 4546 non
1672 4506 1850 4560 pura:
1883 4493 2057 4557 velut,

2171 4488 2249 4559 τῷ
2282 4487 2403 4559 Θεῷ
2438 4489 2837 4559 εὐπρόσδεκια,
2883 4490 2999 4544 ἀλλ’
3033 4493 3134 4543 οὐκ
3172 4490 3289 4543 ἐστι
3326 4490 3551 4562 καθαρά
3578 4508 3593 4523 ·
3631 4486 3758 4555 οἷον,

477 4583 665 4654 diligis
684 4584 877 4647 Deum,
898 4598 1088 4636 verum
1112 4583 1296 4636 minus
1314 4583 1579 4653 perfecte;
1601 4584 1751 4639 venit
1771 4585 2059 4653 Dominus,

476 4676 695 4730 confert
714 4674 1067 4730 dilectionem
1090 4674 1807 4740 immutabilem,c¢elestem
1830 4678 2062 4734 scilicet.

476 4768 731 4825 Precaris
759 4768 1106 4833 naturaliter,
1128 4769 1590 4839 occupationibus
1620 4784 1684 4825 ac
1714 4770 1882 4825 variis
1913 4771 2066 4843 cogi-

479 4860 783 4917 tationibus
813 4861 1143 4927 distractus;
1177 4862 1391 4917 confert
1429 4862 1529 4918 tibi
1564 4864 1828 4921 Dominus
1870 4882 2065 4935 preca-

487 4955 690 5008 tionem
723 4969 917 5024 puram
949 4953 1004 5010 in
1046 4953 1257 5024 Spiritu
1296 4963 1353 5010 et
1380 4957 1629 5013 veritate.
1661 4958 1720 5012 In
1749 4958 1915 5014 rebus
1946 4975 2068 5029 quae

479 5046 654 5102 oculis
674 5046 982 5117 subiacent,
1002 5055 1148 5102 terra
1163 5056 1222 5102 ut
1238 5049 1536 5118 plurimum
1560 5066 1627 5105 ex
1646 5067 1705 5106 se
1728 5050 1841 5122 ipsa
1860 5053 2073 5124 profert

478 5141 687 5210 spinas;
703 5142 933 5195 colonus
949 5150 1133 5195 autem
1162 5140 1320 5207 fodit,
1347 5151 1568 5198 exercet
1594 5143 1888 5214 diligenter
1907 5161 1970 5199 ac
1986 5160 2072 5201 se-

478 5233 672 5298 minat;
688 5235 859 5304 spinae
878 5242 1059 5288 tamen
1085 5235 1170 5289 vel
1194 5251 1303 5290 non
1321 5245 1453 5291 satas
1476 5237 2073 5307 propullulantetmul-

481 5325 799 5394 tiplicautur
839 5327 1152 5395 (postquam
1169 5325 1317 5381 enim
1346 5338 1721 5400 transgressus
1740 5340 1844 5392 est.
1860 5331 2069 5387 dictum

479 5425 564 5468 est
591 5414 801 5470 Adamo
822 5433 836 5470 :
861 5414 1102 5469 Tribulos
1132 5424 1181 5469 et
1204 5417 1386 5487 spinas
1410 5419 1660 5488 producet
1685 5422 1775 5475 tibi
1804 5430 1948 5476 terra
1974 5424 2063 5488 ε⁸).

476 5508 672 5562 Denuo
709 5509 942 5562 colonus
965 5518 1188 5563 exercet
1217 5518 1438 5575 terram,
1476 5511 1670 5567 effodit
1707 5513 1915 5583 Spinas,
1945 5529 2066 5585 quae

478 5597 841 5654 nihilominus
863 5599 1046 5656 adhuc
1073 5599 1535 5671 multiplicantur.
1580 5602 1781 5674 Accipe
1812 5604 1914 5660 hoc
1953 5605 2066 5676 spi-

554 5775 595 5807 “
629 5776 787 5832 Joan.
818 5795 905 5843 xv,
935 5781 990 5837 2.
1066 5782 1108 5813 ⁸⁸
1138 5781 1275 5835 Gen.
1306 5798 1382 5847 ιιι,
1405 5782 1469 5837 18

2170 4582 2392 4651 ἀγαπᾷς
2417 4581 2511 4634 τὸν
2533 4581 2696 4645 Θεὸν,
2715 4581 2832 4634 ἀλλ’
2858 4583 2919 4635 οὐ
2946 4583 3171 4645 τελείως
3189 4598 3204 4613 ο
3231 4581 3454 4653 ἔρχεται
3480 4586 3507 4636 6
3534 4584 3758 4653 Κύριος,

2166 4672 2384 4728 δίδωσιν
2413 4666 2632 4745 ἀγάπην
2662 4674 2932 4740 ἄτρεπτον
2974 4677 3074 4747 τὴν
3122 4676 3474 4745 ἐπουράνιον.
3510 4676 3669 4746 Etim
3699 4676 3757 4727 σὺ

2169 4766 2417 4834 φυσικῶς
2479 4768 2619 4837 μετά
2668 4766 2766 4821 τοῦ
2834 4768 3138 4839 ῥέμϐεσθαι
3175 4769 3271 4821 καὶ
3309 4769 3758 4836 διαλογίζεσθαν

2172 4857 2357 4912 δίδωσί
2388 4876 2472 4913 σοι
2501 4860 2531 4912 6
2567 4859 2701 4923 Θεὸς
2734 4859 2831 4931 τὴν
2883 4860 3132 4932 καθαρὰν
3166 4860 3352 4931 εὐχὴν,
3387 4861 3448 4914 ἐν
3480 4862 3759 4930 Πνεῦματι

2171 4950 2268 5005 καὶ
2317 4950 2569 5023 ἀληθείᾳ.
2615 4952 2706 5005 Ἐν
2732 4954 2849 5016 τοῖς
2891 4953 3261 5025 φαινομένοις,
3302 4954 3335 5021 ἡ
3369 4956 3443 5024 γῆ
3474 4954 3553 5015 ὼς
3586 4954 3680 5007 ἐπὶ
3706 4953 3759 5005 τὸ

2174 5042 2432 5098 πλεῖστον
2486 5043 2584 5114 ἀφ’
2618 5045 2824 5115 ἑαυτῆς
2869 5046 3093 5118 ἐκφέρει
3142 5048 3244 5107 τὰς
3290 5046 3534 5110 ἀκάνθας
3562 5062 3579 5075 ⁸
3626 5048 3655 5099 6
3705 5044 3759 5097 δὲ

2169 5140 2416 5209 γεωργὸς
2489 5139 2747 5206 σκάπτει,
2808 5139 3104 5210 ἐργάζεται
3183 5139 3485 5210 ἐπιμελῶς,
3573 5138 3751 5209 βάλλει

2172 5232 2375 5303 σπόρον
2399 5247 2414 5264 ο
2450 5231 2568 5286 ἀλλ’
2612 5235 2667 5287 al
2700 5232 2934 5287 ἄκανθαι
2964 5232 3037 5303 μὴ
3072 5233 3455 5302 σπειρόμεναι,
3490 5231 3755 5299 ἀναφύον-

2174 5342 2249 5389 σι,
2309 5325 2406 5378 καὶ
2465 5324 2835 5394 πληθύνονται
2866 5341 2879 5355 °
2938 5325 3078 5394 μετά
3127 5325 3238 5395 γὰρ
3293 5324 3395 5392 τὴν
3442 5324 3754 5395 παράϐασιν

2174 5417 2374 5490 ἐρῤέθη
2400 5417 2480 5490 τῷ
2521 5417 2714 5487 Ἀδὰμ,
2738 5418 3059 5484 Τριϐόλους
3103 5416 3202 5470 καὶ
3235 5416 3510 5482 ἀκάνθας
3540 5416 3750 5469 ἀνατε-

2174 5511 2275 5565 λεῐ
2303 5526 2405 5564 σοι
2436 5510 2476 5576 ἡ
2668 5510 2838 5566 Πάλιν
2882 5511 2911 5561 6
2958 5511 3205 5581 γεωργὸς
3259 5512 3484 5564 ἐκπονεῖ
3534 5511 3605 5580 τῇ
3661 5509 3750 5578 τῇ,

2177 5603 2520 5659 ἀνασκάπτει
2544 5604 2646 5669 τὰς
2664 5603 2927 5668 ὀκάνθας.
2952 5603 3046 5659 καὶ
3076 5601 3237 5664 αὗται
3258 5602 3338 5657 ἐτι
3370 5601 3750 5674 πληθύνσνται.
