3966 6518
143 320 239 387 689

1287 332 1661 398 HOMILL‘E.
1691 358 1762 369 --
1787 332 1977 397 HOM.
2016 333 2227 399 XXVI.

3287 342 3395 407 690

158 429 403 487 ’Δνάλαϐε
437 430 598 487 τοῦτο
626 437 1016 508 πνευματικῶς
1035 453 1053 474 ο
1086 442 1227 511 μετὰ
1252 444 1365 517 γάρ
1398 444 1498 515 τὴν
1524 444 1691 514 παρά-

1807 448 2100 504 ritualiter.
2126 447 2262 503 Nam
2310 456 2435 519 post
2481 448 2974 521 transgressionem
3038 460 3181 508 terra
3210 454 3396 512 cordis

145 525 289 579 6amv
324 522 359 592 ἠ
410 523 485 594 γῆ
526 526 592 578 ἐκ
617 527 717 597 τῆς
764 528 994 601 καρδίας
1042 534 1266 605 ἐκφέρει
1320 537 1564 601 ἀκάνθας
1611 538 1704 591 καὶ

143 614 410 688 τριϐόλους
432 630 448 646 ⁸
489 616 787 687 ἐργάζεται
814 624 842 675 6
871 621 1183 695 ἄνθρωπος,
1213 631 1457 696 ἐκπονεῖ,
1494 630 1590 684 καὶ
1617 629 1702 685 ἐτι

142 709 189 761 αἱ
219 705 451 761 ἄκανθαι
499 708 609 763 τῶν
661 713 916 783 πονηρῶν
962 718 1293 788 πνευμάτων
1343 722 1699 791 ἀναφύονται.

143 796 261 855 Εἶτα
298 799 431 854 αὐτὸ
456 801 518 855 16
548 802 706 870 ἅγιον
736 805 963 877 Πνεῦμα
1008 810 1573 882 συναντιλαμϐάνεται
1603 813 1704 883 τῆς

143 890 414 955 ἀσθενείας
438 892 549 945 τῶν
598 893 928 964 ἀνθρώπων,
976 897 1075 952 καὶ
1112 900 1370 973 όΚὺριος
1418 902 1601 972 βάλλει
1642 907 1704 959 ἐν

142 984 263 1053 αὐτῇ
293 986 357 1053 τῇ
402 987 473 1056 γῇ
541 986 643 1057 τῆς
704 989 936 1060 καρδίας
997 992 1198 1065 σπόρον
1224 996 1570 1067 ἐπουράνιον,
1607 999 1702 1053 καὶ

141 1073 419 1145 ἐργάζεται
449 1076 621 1148 αὐτήν
646 1093 659 1109 ⁸
698 1079 794 1133 καὶ
816 1081 1079 1148 πεσόντος
1120 1085 1217 1138 τοῦ
1251 1086 1481 1159 σπόρου,
1514 1090 1700 1161 ἀκμὴν

139 1168 184 1219 οἱ
218 1165 454 1237 τρίϐολοι
485 1169 582 1221 καὶ
610 1170 843 1226 ἄκανθαι
882 1173 1239 1244 ἀναφύονται.
1272 1179 1443 1234 Πάλιν
1474 1182 1638 1246 αὐτὸς
1672 1184 1703 1237 6

142 1258 353 1329 Κύριος,
393 1259 490 1312 καὶ
534 1257 565 1312 ὁ
598 1260 885 1332 ἄνθρωπος
938 1265 1266 1336 ἐργάζονται
1315 1271 1418 1341 τὴν
1456 1273 1561 1344 γῆν
1600 1275 1703 1345 τῆς

139 1351 323 1421 ψυχῆς,
364 1352 458 1404 καλ
490 1352 631 1407 ἑπτά
668 1356 885 1426 πονηρά
923 1357 1214 1431 πνεύματα
1246 1363 1342 1416 καὶ
1377 1365 1433 1417 αἱ
1463 1365 1700 1423 ἄκανθαι

143 1442 385 1515 βρύουσιν
416 1444 550 1509 ἐκεῖ,
591 1445 690 1499 καὶ
720 1446 1077 1517 ἀναφύονται,
1117 1451 1221 1517 ἕως
1250 1448 1311 1510 οὗ
1345 1457 1571 1528 γένηται
1609 1459 1702 1514 θέ-

144 1554 246 1609 ρος,
271 1536 368 1590 καὶ
390 1536 661 1610 πλεονάσῃ
689 1541 721 1610 ἠ
756 1540 937 1610 χάρις,
975 1544 1070 1596 καί
1113 1545 1607 1619 καταξηρανθῶσιν
1634 1553 1701 1607 ἐκ

131 1633 223 1701 τῆς
249 1629 460 1702 θέρμης
481 1631 575 1685 τοῦ
603 1634 758 1704 ἡλίου
788 1636 845 1688 al
870 1635 1128 1693 ἄκανθαι.

196 1720 320 1777 ΚΒ’.
364 1721 426 1775 El
477 1723 587 1794 γάρ
621 1725 716 1778 καὶ
773 1726 990 1781 σύνεστι
1039 1729 1210 1785 κακία
1246 1734 1313 1804 τῇ
1356 1733 1538 1803 φύσει,
1579 1736 1699 1790 ἀλλ’

130 1815 263 1870 οὕτω
302 1815 693 1887 κατακυριεύει
741 1817 968 1887 ταύτης,
995 1819 1030 1890 ἢ
1073 1820 1187 1891 ἔχει
1222 1824 1414 1896 νομήν.
1444 1822 1556 1891 Τάς
1586 1828 1695 1900 γάρ

131 1907 397 1981 τρυφεράς
419 1908 586 1978 χλόας
608 1908 706 1962 τοῦ
737 1909 888 1964 σίτου
921 1911 1148 1966 δύναται
1196 1914 1267 1968 τά
1304 1914 1524 1980 ζιζάνια
1554 1936 1693 1989 συμ-

137 2000 361 2071 πνίγειν.
409 2000 718 2064 Φθάσαντος
744 2002 803 2055 δὲ
852 2002 1043 2074 θέρους
1085 2005 1227 2075 μετὰ
1262 2006 1325 2059 16
1361 2007 1693 2081 ξηρανθῆναι

127 2094 241 2157 τοὺς
276 2092 546 2163 καρποὺς,
577 2092 731 2146 οὐδὲν
766 2093 1061 2163 βλάπτουσι
1078 2095 1146 2149 τά
1174 2096 1390 2162 ζιζάνια
1406 2101 1497 2153 τὸν
1528 2101 1691 2155 σῖτον.

127 2187 228 2240 Καὶ
262 2184 374 2253 γάρ
404 2183 502 2237 ἐὰν
524 2184 705 2257 συμϐῇ
740 2186 1038 2257 τριάκοντα
1070 2187 1287 2257 μοδίους
1315 2184 1475 2256 εἶναι,
1518 2190 1693 2246 καθα-

128 2277 215 2351 ροῦ
236 2277 407 2341 σίτου,
439 2277 556 2331 ἐστι
581 2275 692 2350 γὰρ
723 2277 870 2347 μίξις
894 2280 1013 2332 ἐκεῖ
1033 2279 1311 2345 ζιζανίων,
1348 2283 1424 2347 ὡς
1453 2285 1694 2354 χοινικός

124 2390 173 2426 τι
208 2370 650 2442 παραφαίνεσθαι
677 2387 693 2403 ο
736 2373 1014 2441 κέχωσται
1060 2373 1170 2444 γάρ
1216 2374 1304 2428 διά
1329 2375 1422 2429 16v
1469 2376 1693 2430 πλεονα-

125 2462 249 2533 σμὸν
274 2461 372 2515 τοῦ
400 2463 550 2515 σίτου
575 2478 591 2494 ’
616 2461 759 2516 οὕτω
782 2464 876 2517 καὶ
907 2465 965 2517 ἐν
987 2466 1053 2536 τῇ
1087 2466 1428 2536 χάριτι,ὅταν
1456 2467 1688 2521 πλεονάσ

125 2570 187 2627 σῃ
238 2554 269 2625 ἡ
305 2553 487 2623 δωρεά
543 2554 637 2607 τοῦ
668 2553 828 2610 Θεοῦ.
882 2555 978 2609 καὶ
1011 2557 1044 2625 ἡ
1078 2558 1239 2628 χάρις
1266 2561 1345 2622 είς
1371 2558 1462 2612 τὸν
1482 2559 1693 2631 άνθρω-

123 2663 234 2708 πον,
269 2644 365 2697 καὶ
410 2643 615 2715 πλουτῇ
649 2646 729 2709 εἰς
775 2642 867 2699 τὸν
926 2645 1154 2718 Κύριον,
1198 2651 1331 2719 συνῇ
1361 2648 1420 2702 δέ
1461 2650 1693 2720 ἡκακία.

126 2737 377 2811 μερικῶς,
409 2738 472 2791 ού
501 2736 1087 2808 δύναταικαταϐλάψαι
1110 2739 1203 2793 τὸν
1233 2740 1544 2811 ἄνθρωπον,
1566 2739 1689 2794 οὕτε

121 2833 225 2904 ἔχει
268 2831 424 2902 ίσχύν
453 2849 594 2895 τινα,
625 2832 659 2902 ἢ
691 2831 862 2903 νομὴν
907 2832 1029 2885 κατ’
1063 2830 1252 2887 αὑτοῦ.
1326 2830 1391 2885 'll
1437 2832 1547 2903 γὰρ
1594 2830 1689 2885 τοῦ

123 2927 316 2998 Κυρίου
338 2925 574 2989 ἐλευσις,
604 2926 700 2979 καὶ
728 2927 760 2995 ἠ
788 2924 1013 2996 πρόνοια
1034 2925 1124 2979 διὰ
1150 2924 1308 2978 τοῦτο
1327 2924 1572 2994 γέγονεν,
1604 2925 1690 2979 ἵνα

121 3020 239 3081 τοὺς
276 3020 342 3089 τῇ
379 3017 554 3089 κακίᾳ
595 3016 1026 3087 δεδουλωμένους
1054 3016 1236 3083 ὄντας,
1295 3019 1391 3070 καὶ
1444 3017 1687 3088 ἐνόχους,

120 3112 204 3164 καὶ¹
223 3108 696 3179 ὑποτεταγμένους
718 3107 1078 3181 ἐλευθερώσῃ,
1104 3109 1196 3161 καὶ
1219 3108 1423 3181 ποιήσῃ
1463 3108 1691 3178 νικητὰς

115 3203 203 3258 τοῦ
233 3202 469 3257 θανάτου
512 3201 607 3254 καὶ
640 3200 741 3271 τῆς
778 3201 1074 3272 ἁμαρτίας.
1107 3200 1222 3253 Οὐκ
1255 3199 1563 3268 ὀφείλουσιν
1587 3196 1681 3255 οὖν

118 3294 326 3364 ἀδελφοὶ
365 3292 699 3360 ξενίζεσθαι,
734 3294 843 3347 εἴτε
888 3292 993 3347 ύπό
1029 3310 1193 3347 τινων
1245 3291 1518 3347 θλίϐονται
1553 3293 1689 3365 πρὸς

115 3387 170 3441 16
201 3386 398 3450 κακίας
431 3384 837 3455 ἀπαλλαγῆναι.

181 3474 303 3532 ΚΓ.
339 3477 455 3530 Kal
483 3476 593 3548 γάρ
620 3477 701 3540 είς
726 3476 790 3529 16
819 3474 1049 3530 παλαιὸν
1097 3474 1309 3545 Μωσῆς
1337 3475 1435 3529 καὶ
1476 3472 1688 3546 Ἀαρὼν

114 3571 317 3642 ἔχοντες
342 3570 449 3641 τὴν
485 3570 810 3640 ἱερωσύνην,
853 3568 1027 3623 πολλὰ
1054 3568 1261 3624 ἐπαθον
1288 3585 1303 3601 ’
1338 3567 1597 3637 Καϊάφας
1627 3566 1687 3620 δὲ

112 3665 202 3736 τὴν
222 3664 454 3719 ἐκείνων
474 3661 745 3735 καθέδραν
775 3660 937 3731 ἔχων,
976 3659 1138 3724 αὐτὸς
1164 3659 1353 3725 ἐδίωξε
1413 3658 1509 3713 καὶ
1554 3675 1689 3712 κατ-

120 3758 296 3827 έκρινε
329 3757 425 3810 τὸν
456 3754 685 3824 Κύριον·
712 3754 864 3824 ὅμως
883 3752 941 3806 δὲ
974 3752 1074 3824 την
1102 3752 1401 3823 ἱερωσύνην
1426 3753 1454 3804 6
1482 3750 1688 3820 Κύριος

111 3848 301 3920 τιμῶν,
335 3848 557 3917 ἀφῆκεν
604 3843 738 3898 αὐτὸ
783 3843 1079 3913 γενέσθαι*
1107 3843 1312 3915 ὁμοίως
1332 3843 1383 3896 οἱ
1407 3843 1685 3913 προφῆται

111 3943 193 3995 ὑπ’
244 3939 415 3994 αὐτοῦ
472 3936 568 3993 τοῦ
610 3936 797 4002 ἔθνους
855 3935 1170 3991 ἐδιώκοντο.
1225 3934 1429 3995 Λοιπὸν
1481 3936 1686 4006 Πέτρος

109 4033 303 4089 Μωσέα
348 4032 651 4099 διεδέξατο,
684 4031 784 4102 τὴν
815 4030 1009 4101 καινὴν
1044 4026 1372 4097 Ἐκκλησίαν
1419 4024 1683 4097 Χριστοῦ,

108 4125 197 4180 καὶ
217 4126 312 4197 τὴν
339 4125 610 4197 ἀληθινὴν
636 4121 937 4192 ἱερωσύνην
966 4119 1333 4194 ἐγχεινρισθείς
1352 4161 1367 4176 .
1426 4118 1542 4172 Νῦν
1576 4119 1686 4189 γάρ

105 4223 215 4273 ἐστι
237 4218 529 4289 βάπτισμα
554 4216 732 4288 πυρὸς
765 4218 858 4269 καὶ
903 4214 1247 4285 Πνεύματος,
1277 4211 1374 4265 καὶ
1408 4209 1682 4282 περιτομή

103 4327 182 4374 τις
209 4312 265 4363 ἐν
296 4310 504 4382 καρδίᾳ
532 4308 813 4379 γινομένη.
848 4307 923 4360 Τὸ
969 4307 1077 4376 γάρ
1114 4305 1260 4358 θεῖον
1301 4304 1398 4356 καλ⁹
1449 4302 1687 4372 ἐπουρά-

102 4419 209 4455 νιον
234 4401 469 4472 Πνεῦμα
497 4400 752 4471 ἐπιδημεῖ
779 4400 836 4452 ἐν
866 4398 943 4469 τῷ
976 4397 1052 4468 νῷ
1077 4412 1094 4429 ο
1124 4396 1263 4468 πλὴν
1283 4393 1409 4448 οῦτε
1464 4386 1610 4447 οῦτοι
1637 4394 1686 4446 οἱ

1808 541 2064 612 producit
2089 542 2276 611 spinas
2294 548 2350 596 et
2372 541 2604 597 tribulos
2629 559 2643 596 :
2670 544 2875 597 excolit
2898 544 3085 606 homo,
3119 545 3389 610 elaborat,

1807 630 1991 685 adhuc
2040 639 2222 686 tamen
2285 631 2456 702 spinae
2507 647 2803 703 pravorum
2868 634 3163 704 spirituum
3259 650 3394 690 ena-

1805 731 2062 779 scuntur.
2091 722 2301 779 Deinde
2335 734 2558 779 sanctus
2591 725 2681 781 ille
2706 725 2945 797 Spiritus
2965 729 3248 798 suppetias
3284 729 3394 801 fert

1804 819 2172 875 imbecillitati
2224 820 2501 885 humanae,
2529 829 2585 876 et
2614 821 2880 876 Dominus
2915 824 3067 893 101
3131 825 3300 879 mittit
3335 825 3389 881 in

1806 918 2008 963 terram
2034 909 2220 965 cordis
2243 924 2433 966 semen
2478 912 2725 978 caeleste,
2768 921 2933 984 atque
2966 916 3169 970 excolit
3224 932 3343 970 eam
3373 934 3387 971 :

1801 1016 1915 1071 quo
1944 1002 2154 1058 semine
2176 1002 2342 1072 jacto,
2375 1003 2557 1059 adhuc
2587 1004 2775 1060 tribuli
2818 1014 2875 1061 et
2904 1007 3075 1076 spina.-
3096 1007 3388 1077 pullulant.

1802 1092 1995 1147 Denuo
2058 1092 2177 1163 ipse
2218 1094 2513 1160 Dominus,
2550 1111 2615 1151 ac
2672 1095 2838 1151 homo
2892 1109 3151 1153 exercent
3184 1109 3389 1154 terram

1802 1185 2019 1247 animae.
2048 1193 2105 1240 et
2137 1192 2347 1255 septem
2379 1186 2509 1241 mali
2552 1186 2783 1257 spiritus
2824 1203 2889 1242 ac
2917 1189 3088 1259 spinm
3127 1190 3391 1244 exoriun-

1804 1285 1894 1332 tur
1945 1276 2076 1343 illic,
2111 1285 2167 1332 et
2213 1278 2572 1348 repullulant,
2620 1278 2800 1334 donec
2847 1280 3304 1342 adveniataestas,
3332 1267 3411 1337 et.

1802 1368 2047 1425 abundet
2077 1369 2271 1442 gratia,
2302 1386 2368 1426 ac
2395 1368 2746 1426 desiccentur
2777 1370 2847 1426 ab
2878 1381 3012 1427 328w
3041 1373 3175 1428 solis
3215 1375 3387 1444 Spinze

1800 1469 1994 1516 enatar.

1870 1723 2043 1780 XXII.
2098 1723 2213 1779 Etsi
2251 1724 2402 1780 enim
2441 1723 2689 1794 nequitia
2734 1724 2981 1780 adhaeret
3040 1736 3269 1789 naturae,
3304 1726 3385 1781 sic

1731 1805 1770 1859 Β
1802 1827 1981 1873 tamen
2022 1817 2341 1872 dominatur
2371 1818 2447 1884 ei,
2477 1831 2601 1887 qua:
2648 1816 2817 1872 habet
2869 1826 3107 1887 pastum.
3143 1816 3385 1871 Teucras

1797 1912 1945 1967 enim
2010 1910 2212 1965 herbas
2277 1909 2541 1964 frumenti
2583 1916 2769 1979 potest
2825 1908 3020 1964 lolium
3074 1908 3380 1974 suffocare;

1799 2005 2092 2075 ingruente
2124 2017 2257 2057 vero
2281 2011 2469 2055 testate
2503 2000 2596 2055 ubi
2626 2000 2843 2055 fructus
2866 2000 3128 2055 exsiccati
3153 2000 3380 2065 fuerint,

1795 2095 1935 2151 nihil
1984 2094 2136 2149 laedit
2186 2092 2378 2148 lolium
2431 2090 2794 2146 frumentum.
2845 2091 3032 2162 ltaque
3061 2093 3103 2146 si
3133 2093 3384 2147 evenerit

1795 2197 1857 2243 ut
1888 2187 2000 2242 sint
2045 2185 2268 2256 triginta
2316 2184 2485 2239 modii
2521 2183 2788 2239 frumenti
2817 2184 2964 2255 puri,
2994 2185 3083 2238 vix
3113 2183 3227 2238 illic
3253 2200 3383 2254 per-

1794 2282 1980 2339 mistio
2008 2282 2147 2347 lolii,
2178 2282 2333 2337 velut
2361 2282 2605 2352 aliquota
2645 2282 2868 2337 sextarii
2903 2298 3030 2352 pars
3059 2282 3379 2352 apparebit,

1794 2376 1991 2431 obruta
2024 2383 2153 2430 sunt
2173 2374 2320 2430 enim
2348 2374 2517 2428 nimia
2542 2374 2699 2444 cupia
2732 2374 2990 2430 frumenti
3018 2391 3031 2428 :
3065 2374 3144 2428 sic
3161 2390 3382 2444 quoque

1794 2469 1849 2524 in
1883 2468 2080 2540 gratia,
2113 2484 2238 2523 cum
2262 2465 2471 2521 donum
2505 2466 2600 2521 Dei
2638 2475 2693 2521 et
2717 2467 2891 2537 gratia
2928 2467 3296 2522 abundaverit
3325 2468 3381 2522 in

1793 2561 2042 2625 homine,
2076 2569 2242 2630 atque
2264 2559 2497 2615 ditescat
2513 2574 2641 2630 erga
2672 2559 2990 2622 Dominum,
3022 2560 3167 2614 adsit
3196 2569 3381 2614 tamen

1792 2652 1975 2722 aliqua
2003 2651 2057 2706 in
2089 2660 2248 2720 parte
2274 2650 2560 2720 nequitia;
2611 2650 2804 2720 nequit
2833 2651 2924 2704 illa
2954 2650 3157 2706 laedere
3197 2652 3383 2705 humi-

1792 2762 1941 2809 nem,
2000 2760 2182 2815 neque
2244 2744 2354 2798 vim
2409 2744 2575 2797 ullam
2629 2751 2725 2797 aut
2774 2742 3069 2812 imperium
3134 2744 3187 2798 in
3250 2760 3381 2799 eum

1792 2838 2029 2893 obtinet.
2062 2836 2347 2892 Adventus
2397 2836 2543 2891 enim
2581 2835 2795 2890 Domini
2822 2844 2878 2889 ct
2909 2836 3254 2904 providentia
3294 2844 3382 2892 est

1792 2941 2105 3003 propterea,
2138 2932 2278 2986 utin
2310 2930 2635 2985 servitutem
2658 2929 2880 2985 malitia:
2918 2929 3382 3000 redactos,eique

1792 3023 2060 3081 obnoxios
2118 3031 2176 3078 et
2228 3022 2550 3092 subjugatos
2599 3021 2885 3085 liberaret,
2939 3038 3004 3076 ac
3066 3023 3276 3093 peccati
3324 3034 3382 3078 et

1792 3114 1991 3168 mortis
2020 3112 2263 3167 victores
2310 3110 2575 3166 efﬁceret.
2608 3110 2729 3165 Non
2765 3109 2971 3166 debent
3021 3127 3154 3181 ergo
3183 3111 3381 3167 fratres

1793 3205 2163 3261 admiratione
2217 3203 2368 3268 duci,
2415 3202 2531 3258 sia
2582 3201 2916 3272 quibusdam
2968 3203 3300 3275 afﬂigantur,
3325 3203 3380 3259 id

1791 3296 1872 3362 fit,
1906 3302 1971 3351 ut
1994 3294 2351 3350 vindicentur
2382 3308 2412 3348 a
2440 3293 2664 3349 malitia.

1858 3472 2052 3528 XXIII.
2102 3473 2322 3528 Etenim
2383 3472 2665 3543 quondam
2716 3473 2897 3529 Moses
2939 3482 2995 3528 et
3020 3473 3227 3539 Aaron,
3252 3487 3379 3527 cum

1789 3568 2105 3639 porirentur
2147 3565 2484 3630 sacerdotio,
2518 3567 2691 3621 multa
2725 3566 3099 3636 pertulerunt.
3143 3564 3382 3635 Caiphas

1789 3671 2000 3725 autem,
2040 3659 2136 3730 qui
2170 3674 2365 3714 eorum
2399 3659 2721 3713 cathedram
2768 3658 3013 3720 tenebat,
3046 3657 3162 3727 ipse
3190 3672 3381 3727 perse-

1789 3761 1953 3807 cutus
2011 3761 2122 3817 est,
2166 3759 2225 3806 et
2266 3750 2662 3806 condemnavit
2720 3750 3059 3805 Dominum:
3113 3749 3381 3803 Dominus

1791 3853 1972 3900 tamen
2001 3843 2375 3899 sacerdotium
2422 3851 2744 3898 reverenter
2773 3843 3006 3908 habens,
3041 3841 3292 3913 permisit
3312 3841 3382 3895 il-

1786 3938 1882 3993 lud
1910 3936 2050 3993 fieri.
2089 3936 2287 3991 Itidem
2319 3935 2600 4005 propheta:
2625 3951 2653 3989 a
2684 3944 2848 4007 gente
2892 3951 2990 3990 sua
3034 3934 3383 4004 persecutio-

1787 4046 1915 4086 nem
1943 4026 2089 4101 passi
2137 4036 2287 4084 sunt.
2332 4028 2533 4083 Postea
2582 4027 2770 4082 Mosen
2799 4027 3020 4097 excepit
3046 4026 3261 4090 Petrus,
3290 4023 3381 4079 cui

1786 4138 1929 4179 nova
1971 4122 2214 4179 Ecclesia
2258 4119 2464 4177 Christi
2502 4135 2567 4176 ac
2610 4134 2804 4174 verum
2840 4119 3211 4176 sacerdotium
3232 4132 3384 4173 com-

1734 4204 1741 4211 ’
1788 4213 2017 4268 missum
2068 4220 2176 4268 est.
2210 4211 2331 4268 Jam
2377 4210 2529 4267 enim
2574 4218 2660 4266 est
2694 4211 2968 4280 baptisma
3000 4209 3144 4281 ignis
3175 4216 3231 4264 et
3265 4208 3381 4278 spi-

1788 4306 1951 4369 ritus,
1994 4313 2052 4360 et
2077 4303 2433 4359 circumcisio
2462 4302 2713 4374 quaedam
2746 4301 2803 4356 in
2837 4301 3004 4357 corde
3034 4301 3112 4355 fit.
3146 4300 3379 4355 Divinus

1788 4397 1935 4453 enim
1978 4404 2035 4453 et
2074 4394 2315 4452 caelestis
2359 4394 2602 4465 Spiritus
2641 4402 3017 4448 commoratur
3064 4392 3121 4445 in
3169 4400 3378 4445 mente.

101 4493 309 4557 τέλειοι,
346 4494 458 4557 ἓως
487 4495 624 4547 εἰσὶν
648 4494 727 4555 εἰς
756 4491 853 4561 τὴν
876 4490 1077 4561 σάρκα,
1104 4484 1471 4558 άμεριμνοῦσι
1511 4482 1601 4538 διὰ
1620 4484 1683 4538 16

1796 4490 1987 4545 Verum
2031 4502 2212 4557 neque
2260 4485 2317 4541 hi
2370 4486 2624 4556 perfecti,
2656 4486 2905 4557 quandiu
2958 4483 3166 4539 suntin
3190 4497 3379 4548 carne,

104 4585 479 4650 αὐτεξούσιον,
539 4584 654 4636 ἀλλ’
711 4582 940 4653 ἔμφοϐοι
978 4583 1083 4634 είσι
1108 4595 1122 4609 ·
1159 4580 1241 4633 διὸ
1291 4580 1387 4633 καὶ
1420 4595 1682 4651 παραχω-

107 4676 321 4744 ροῦνται
373 4675 763 4746 πειράζεσθαι.
822 4675 884 4727 El
930 4673 987 4726 δέ
1029 4672 1225 4743 φθάσει
1270 4673 1304 4744 ὴ
1350 4670 1499 4742 ψυχὴ
1546 4669 1685 4742 πρὸς

102 4770 312 4841 ἐκείνην
338 4770 444 4839 τὴν
477 4768 633 4821 πόλιν
662 4768 771 4821 τῶν
803 4766 973 4833 ἁγίων
1002 4764 1281 4827 ἀπελθεῖν,
1311 4764 1431 4817 τότε
1457 4764 1684 4816 δύναται

104 4862 257 4931 μόνον
287 4862 423 4917 ἄνευ
479 4861 711 4931 θλίψεως
758 4860 856 4914 καὶ
906 4856 1278 4929 πειρατηρίων
1314 4850 1489 4910 εἶναι’
1539 4856 1688 4909 Ἐκεῖ

100 4958 203 5025 γὰρ
235 4957 426 5010 οὐκέτι
454 4955 573 5008 ἐστὶ
622 4954 884 5024 μέριμνα.
920 4951 953 5023 ἢ
996 4949 1195 5019 θλίψις,
1234 4948 1267 5019 ἢ
1304 4948 1485 5011 πόνος,
1517 4947 1550 5016 ἢ
1583 4946 1687 5016 γῆ⁶

106 5047 276 5117 ρας,ἢ
317 5047 593 5109 Σατανᾶς,
618 5045 651 5113 ἢ
686 5043 925 5113 πόλεμος
949 5058 963 5071 '
998 5041 1113 5094 ἀλλ’
1160 5040 1487 5104 ἀνάπαυσις,
1518 5037 1684 5108 χαρὰ,

103 5134 308 5205 εἰρήνη,
340 5135 442 5187 καὶ
471 5133 737 5203 σωτηρία.
797 5131 854 5185 Ὀ
875 5130 981 5202 γὰρ
1006 5128 1210 5200 Κύριος
1235 5130 1293 5182 ἐν
1325 5128 1475 5200 μέσῳ
1506 5128 1688 5181 αὐτῶν

104 5222 266 5284 ἐστιν,
322 5221 385 5285 ὃς
443 5221 785 5274 ἐπικαλεῖται
824 5220 1014 5291 Σωτὴρ
1065 5220 1153 5274 διὰ
1202 5220 1263 5272 τὸ
1313 5220 1509 5282 σώζειν
1558 5218 1687 5281 τοὺς

104 5311 491 5381 αἰχμαλώτους
514 5327 534 5344 ⁸
570 5312 753 5383 ἰατρὸς
802 5310 1183 5379 ἐπικέκληται,
1222 5308 1408 5378 ἐπειδὴ
1438 5308 1690 5378 οὐράνιον

103 5402 193 5454 καὶ
222 5402 413 5457 θεῖκδν
436 5403 731 5473 φάρμακον
773 5401 978 5467 δίδωσι,
1009 5400 1103 5454 καὶ
1132 5402 1277 5454 ίᾶται
1303 5400 1371 5454 τά
1417 5397 1565 5468 πάθη
1590 5397 1689 5467 τῆς

103 5494 311 5567 ψυχῆς*
374 5495 437 5551 ἐν
483 5514 593 5550 τισι
658 5495 769 5567 γάρ
817 5494 1134 5566 κυριεύουσι
1188 5492 1283 5547 τοῦ
1355 5491 1686 5560 ἀνθρώπου·

105 5588 236 5656 πρὸς
292 5590 462 5658 λόγον
519 5589 577 5644 δὲ
622 5591 818 5655 εἰπεῖν,
855 5587 971 5641 ἔστι
1022 5588 1292 5651 Βασιλεὺς
1347 5586 1442 5641 καὶ
1474 5585 1628 5650 Θεὸς,
1663 5585 1700 5637 6‘

118 5678 323 5750 Ἰησοῦς
348 5699 364 5713 ο
398 5682 673 5753 τύραννος
699 5681 756 5735 δέ
790 5682 884 5735 καὶ
913 5680 1099 5757 ἄρχων
1123 5679 1313 5744 κακὸς,
1356 5680 1384 5731 6
1423 5678 1689 5740 Σατανᾶς.

1786 4586 1976 4635 carent
2020 4576 2400 4633 sollicitudine
2457 4586 2683 4647 propter
2741 4575 2959 4629 arbitrii
3028 4575 3380 4641 libertatem;

1785 4670 1882 4726 sed
1917 4677 2068 4726 metu
2112 4670 2553 4741 percutiuntur,
2608 4677 2773 4739 atque
2830 4678 3125 4739 propterea
3177 4665 3379 4722 tentari

1787 4764 2207 4837 permittuntur.
2241 4761 2346 4817 Ubi
2395 4776 2528 4816 vero
2565 4762 2747 4816 anima
2805 4761 2873 4815 ad
2915 4761 3065 4815 illam
3095 4759 3391 4838 civitatem.

1787 4864 2105 4911 sanctorum
2141 4852 2485 4924 pervenerit,
2516 4860 2632 4907 tum
2651 4852 2873 4906 demum
2897 4851 3103 4919 absque
3132 4849 3383 4903 afllictio-

1789 4947 1956 5003 nibus
2006 4955 2063 5001 et
2115 4945 2522 5001 tentationibus
2577 4944 2745 4999 vitam
2806 4958 2969 5014 agere
3028 4949 3227 5011 potest.
3264 4940 3382 4994 Illic

1789 5039 1938 5094 enim
1978 5055 2089 5094 non
2123 5038 2364 5109 amplius
2398 5045 2484 5093 est
2514 5036 2857 5099 sollicitudo,
2891 5042 2986 5089 aut
3015 5033 3265 5095 afﬂictio,
3288 5037 3384 5086 aut

1790 5128 1971 5192 labor,
2013 5137 2112 5183 aut
2160 5136 2443 5189 senectus,
2487 5134 2582 5181 aut
2612 5126 2866 5189 Satanas,
2904 5133 2999 5178 aut
3028 5123 3258 5187 bellum,
3285 5121 3383 5176 sed

1792 5218 2040 5288 requies,
2075 5218 2366 5289 gaudium,
2411 5217 2603 5273 laetitia
2631 5227 2688 5271 et
2720 5216 2889 5269 salus.-
2926 5215 2985 5268 In
3020 5213 3204 5267 medio
3234 5211 3382 5266 enim

1792 5310 2015 5366 illorum
2047 5320 2132 5365 est
2158 5310 2445 5375 Dominus,
2474 5309 2569 5378 qui
2602 5308 2914 5379 appellatur
2933 5307 3208 5369 Salvator,
3231 5303 3381 5373 quod

1794 5403 1992 5457 liberet
2023 5402 2314 5471 captivos:
2362 5401 2673 5471 appellatur
2704 5400 2976 5465 medicus,
3010 5397 3157 5469 quod
3208 5397 3377 5450 coele-

1794 5506 1934 5552 stem
1963 5510 2027 5549 ac
2053 5494 2296 5549 divinam
2320 5493 2652 5549 medicinam
2683 5491 2951 5557 conferat,
2975 5499 3031 5546 et
3062 5487 3387 5543 affectiones

1795 5587 1995 5643 anima:
2018 5594 2214 5641 curet:
2269 5584 2623 5655 aliquatenus
2669 5582 2817 5639 enim
2853 5577 3233 5651 imperiumin
3271 5573 3380 5630 ἤθη

1800 5676 2004 5731 minem
2041 5674 2298 5731 obtinent
2346 5674 2473 5731 illae.
2509 5673 2630 5731 Uno
2664 5674 2837 5730 verbo
2862 5678 3050 5727 autem
3087 5678 3149 5727 ut
3174 5666 3383 5734 dicam,

104 5772 254 5830 Jesus
283 5784 373 5833 est
399 5774 525 5832 Rex
551 5783 607 5832 et
634 5776 813 5843 Deus;
853 5773 1087 5830 Satanas
1128 5781 1312 5831 autem
1340 5780 1608 5844 tyrannus
1633 5780 1689 5828 et
1721 5771 1978 5843 princeps
2012 5768 2318 5842 nequitiae,
