3966 6530
619 303 717 369 691

1861 313 1922 371 S.
1965 309 2283 369 MACARII
2323 308 2646 368 {EGYPTII
3707 325 3776 389 692

692 421 879 478 XXIV.
910 420 1067 488 Quod
1090 429 1362 491 superest,
1398 420 1545 475 Deus
1570 426 1640 474 et“
1658 418 1840 489 angeli
1868 418 1987 488 ejus
2022 415 2180 469 homi-

2370 416 2495 468 ΚΝ.
2525 414 2728 468 Λοιπὸν
2757 414 2787 467 6
2832 414 2964 479 Θεὸς
3008 416 3100 470 καὶ
3124 417 3180 469 οἱ
3220 417 3446 486 ἄγγελοι
3469 418 3613 476 αὐτοῦ
3634 426 3701 481 τὸν
3719 432 3778 487 ἂν.

619 528 746 569 irem
776 513 932 567 illum
968 512 1160 566 volunt
1194 527 1301 566 una
1342 527 1528 566 secum
1564 509 1929 564 domesticum
1963 507 2194 563 reddere

598 606 676 676 in
709 621 911 675 regno:
946 605 1137 660 itidem
1186 604 1438 659 diabolus
1485 612 1542 657 et
1570 601 1750 671 angeli
1786 602 1906 671 ejus
1930 609 2196 667 emptant

612 713 744 751 eum
775 697 882 751 sibi
921 696 1221 767 adjungere
1269 703 1326 750 et
1371 694 1427 748 in
1467 708 1594 747 suas
1627 699 1811 760 partes
1844 690 2191 760 pertrahere.

616 787 792 842 Media
818 790 983 859 igitur
1007 796 1090 842 est
1111 788 1293 841 anima
1323 786 1467 840 inter
1497 784 1636 838 duas
1658 783 2001 854 hypostascs,
2027 791 2193 851 atque

614 892 792 934 utram
824 882 877 934 in
909 890 1118 949 partem
1159 887 1343 947 postea
1387 877 1666 931 inclinarit
1699 877 1952 930 voluntas
1972 875 2189 939 animze,

615 974 735 1041 ejus
773 972 831 1025 iit
872 971 1113 1041 propria,
1135 971 1364 1039 ejusque
1410 968 1575 1023 filius.
1622 968 1854 1023 Perinde
1880 975 2088 1031 autem,
2128 981 2193 1020 ac

612 1063 658 1116 si
695 1063 874 1115 mittat
917 1071 1074 1129 pater
1108 1061 1383 1130 quispiam
1433 1062 1490 1115 in
1535 1060 1818 1131 regionem
1846 1061 2189 1131 peregrinam

615 1151 784 1205 illium
831 1168 1015 1215 suum,
1051 1152 1144 1205 ubi
1196 1160 1493 1205 occurrant
1513 1151 1564 1205 ei
1590 1151 1644 1203 in
1669 1151 1755 1204 via
1789 1150 2002 1215 bestiae,
2026 1159 2191 1220 atque

611 1242 862 1296 conferat
903 1243 981 1295 illi
1020 1242 1314 1312 pharmaca
1357 1251 1413 1297 et
1451 1241 1737 1308 antidota;
1769 1251 1831 1295 ut
1859 1242 1906 1296 si
1937 1242 2194 1295 adorian.

613 1343 703 1388 tur
736 1351 861 1389 eum
888 1334 1086 1390 bellum
1118 1335 1524 1398 autdracones,
1556 1334 1739 1389 oblato
1776 1335 2071 1403 pharmace
2097 1333 2191 1387 illa

612 1422 944 1477 interﬁciat:
993 1422 1188 1477 eodem
1234 1437 1455 1492 quoque
1494 1421 1656 1475 modo
1681 1437 1777 1475 vos
1811 1436 2031 1475 omnem
2058 1436 2189 1475 ner-

610 1530 738 1570 vum
775 1514 1067 1579 intendite,
1115 1524 1175 1570 ut
1221 1514 1505 1584 accipiatis
1562 1515 1788 1570 caeleste
1830 1516 2188 1585 pharmacum

610 1606 755 1676 quod
813 1608 1022 1662 mederi
1065 1616 1246 1677 potest
1303 1615 1359 1661 et
1391 1606 1703 1660 antidotum
1751 1616 1836 1661 est
1864 1608 2094 1671 animm;
2129 1618 2189 1663 ut

607 1696 1034 1765 ejus‘beneticio
1069 1696 1396 1752 interimatis
1426 1711 1698 1751 venenum
1735 1698 2059 1752 emittentes
2087 1698 2188 1751 be-

2300 507 2519 577 ορωπον
2546 508 2736 561 τοῦτον
2762 507 3040 578 βούλονται
3063 510 3456 565 οἰκειώσασθαι
3488 515 3592 582 μεθ’
3635 520 3779 579 ἑαυτῶν

2295 601 2374 662 εἰς
2406 599 2504 667 τὴν
2537 598 2812 667 βασιλείαν
2838 616 2851 630 ·
2883 600 3085 670 ὁμοίως
3120 603 3149 654 6
3169 601 3419 666 διάϐολος
3444 604 3534 657 καὶ
3554 607 3598 657 oi
3625 609 3779 677 ἄγγελοι

2294 690 2463 744 αὑτοῦ
2501 690 2749 744 θέλουσιν
2801 692 3192 746 οἰκειώσασθαι
3250 692 3442 748 τοῦτον
3485 698 3559 759 εἰς
3603 698 3782 767 iamsi;

2294 785 2451 852 Μέση
2496 780 2589 837 οὖν
2639 785 2788 838 ἐστιν
2830 787 2865 855 ή
2908 785 3055 857 ψυχὴ
3096 786 3204 840 τῶν
3243 787 3338 840 δύο
3366 788 3695 856 ὑποστάσεων,
3720 801 3781 849 ut

2293 874 2478 927 λοιπὸν
2500 875 2578 937 εἰς
2606 870 2718 928 οἷον
2749 874 2814 929 ἂν
2850 876 3014 945 μέρος
3051 877 3189 948 ρέψη
3212 878 3273 931 τὸ
3304 878 3513 948 θέλημα
3536 882 3621 951 τῆς
3641 883 3783 955 ψυχῆς,

2293 966 2501 1020 ἐκείνου
2540 967 2753 1035 γίνεται
2796 968 2889 1021 xei.
2930 969 3065 1033 υἱός.
3120 971 3330 1041 Ὥσπερ
3362 972 3420 1024 δὲ
3448 971 3540 1025 ἐὰν
3566 974 3785 1051 ἀποστείλῃ

2290 1075 2375 1122 τις
2410 1059 2593 1130 πατὴρ
2614 1060 2696 1122 είς
2719 1061 2957 1130 πατρίδα
3000 1061 3157 1129 ξένην
3190 1062 3285 1116 τὸν
3331 1063 3524 1117 ἑαυτοῦ
3547 1067 3660 1130 υἱὸν,
3694 1070 3785 1123 ὅπου

2291 1149 2609 1204 ἀπαντῶσιν
2642 1150 2789 1222 αὐτῷ
2814 1152 2937 1205 καθ’
2977 1153 3096 1207 ὁδὸν
3128 1153 3316 1225 θηρία,
3350 1155 3445 1209 καὶ
3472 1156 3658 1210 δίδωσιν
3683 1163 3785 1231 αὐτῷ

2292 1241 2584 1311 φάρμακα,
2619 1242 2716 1296 καὶ
2750 1243 2998 1297 ἀντίδοτα
3018 1261 3032 1275 ·
3064 1245 3151 1298 ἵνα
3185 1244 3282 1299 ἐὰν
3317 1246 3465 1316 αὑτῷ
3497 1248 3720 1304 ἐπέλθωσι
3742 1254 3787 1308 τὰ

2292 1335 2517 1408 θηρίαή
2559 1338 2872 1408 δράκοντες,
2914 1338 3083 1409 ἐπιδῷ
3127 1340 3191 1393 τὸ
3241 1341 3550 1412 φάρμακον,
3593 1346 3790 1400 καὶάπο-

2290 1426 2477 1498 κτείνῃ
2520 1428 2690 1481 αύτά’
2738 1428 2914 1493 οὕτως
2971 1432 3068 1484 καὶ
3108 1431 3273 1502 ἡμεῖς
3306 1434 3629 1488 σπουδάσατε
3657 1437 3790 1493 λαϐεῖν

2291 1518 2613 1588 ἐπουράνιον
2672 1521 2985 1591 φάρμακον,
3017 1523 3078 1575 τὸ
3138 1525 3427 1593 ιαματικὸν
3466 1529 3557 1581 καὶ
3582 1528 3790 1584 ἀντίδοτον

2288 1609 2394 1677 τῆς
2427 1609 2631 1680 ψυχῆς,
2660 1611 2748 1664 ἵνα
2774 1612 2843 1665 δι’
2866 1613 3032 1667 αὑτοῦ
3066 1615 3426 1685 ἀποκτείνητε
3448 1617 3516 1669 τὰ
3547 1619 3698 1673 ίοϐόλα
3723 1620 3792 1691 θη-

2293 1698 2384 1766 ρία
2415 1700 2521 1752 τῶν
2545 1700 2871 1772 ἀκαθάρτων
2906 1705 3257 1774 πνευμάτων.
3286 1706 3401 1760 Οὐκ
3424 1708 3539 1760 ἔστι
3569 1710 3661 1779 γὰρ
3678 1711 3791 1764 the»

607 1785 742 1841 stias
772 1785 1177 1840 immundorum
1218 1785 1536 1855 spirituum.
1566 1785 1689 1840 Non
1717 1796 1801 1841 est
1828 1787 1976 1841 enim
2004 1786 2180 1853 facile,

2290 1788 2379 1842 λον
2436 1793 2692 1861 πρᾶγμα,
2756 1792 3003 1863 καθαρὰν
3050 1796 3275 1866 καρδίαν
3313 1798 3610 1868 κτήσασθαι
3627 1776 3647 1830 ’ν
3678 1802 3717 1854 tl
3741 1803 3793 1871 μὴ

607 1892 804 1947 purum
838 1894 933 1933 cor
984 1879 1291 1949 possidere,
1327 1879 1434 1933 nisi
1493 1880 1668 1934 multo
1716 1895 1840 1934 cum
1881 1880 2185 1936 certamine

606 1976 664 2024 et
718 1968 928 2032 labore,
973 1971 1127 2039 102
1171 1980 1233 2026 ut
1280 1970 1677 2025 conscientiam
1716 1978 1787 2037 :et
1837 1986 1933 2025 cor
1979 1987 2184 2040 purum

607 2058 810 2115 habeat
839 2061 1027 2125 homo,
1059 2071 1121 2116 ut
1154 2061 1375 2131 penitus
1408 2062 1675 2117 evellatur
1704 2062 1970 2131 nequitia.

677 2151 841 2209 XXV.
890 2152 1172 2225 Contingit
1219 2155 1369 2210 enim
1414 2154 1588 2225 gratia
1626 2155 1864 2225 aliquem
1892 2156 2183 2225 praeditum

604 2256 750 2307 esse,
788 2244 946 2313 cujus
977 2254 1157 2299 tamen
1199 2261 1295 2300 cor
1338 2246 1586 2301 nondum
1612 2247 1685 2301 sit
1715 2247 2084 2317 puriﬁcatum.
2114 2250 2184 2304 Et

606 2343 896 2403 propterea
920 2337 1238 2391 ceciderunt
1280 2338 1373 2408 qui
1419 2338 1556 2409 lapsi
1596 2348 1747 2403 sunt,
1797 2356 1864 2395 eo
1895 2342 2182 2411 quodnon

607 2426 985 2492 crediderunt,
1018 2438 1143 2497 post
1192 2438 1472 2499 acceptam
1510 2430 1741 2500 gratiam
1772 2432 2051 2488 adhaarerc
2074 2435 2182 2491 illis

603 2518 813 2571 fumum
837 2534 901 2573 ac
922 2529 1230 2588 peccatum.
1254 2521 1457 2576 Omnes
1476 2537 1609 2576 vero
1620 2522 1754 2592 justi
1782 2539 1878 2591 per
1893 2535 2179 2593 angustam

602 2614 767 2674 atque
796 2607 1107 2663 alllictionis
1142 2610 1362 2678 plenam
1384 2611 1530 2665 viam
1559 2628 1735 2681 usque
1765 2611 1832 2667 ad
1875 2613 2038 2668 linem
2066 2616 2179 2671 Deo

600 2697 878 2766 placuere.
911 2699 1259 2757 Abrahamus
1290 2718 1415 2757 cum
1445 2712 1593 2759 esset
1623 2704 1797 2772 dives,
1837 2714 1948 2761 tum
1976 2723 2177 2764 secun-

602 2789 731 2842 dum
780 2792 949 2845 Deum
1002 2802 1116 2847 tum
1172 2797 1472 2850 secundum
1536 2799 1843 2862 mundum,
1890 2810 2085 2856 terram
2114 2821 2178 2858 ac

601 2880 871 2950 pulverem
909 2884 954 2915 ⁸³
1000 2901 1058 2939 se
1098 2885 1275 2956 ipsum
1316 2888 1642 2944 nominavit.
1686 2892 1753 2945 Et
1785 2893 1952 2947 David
2003 2913 2016 2949 :
2074 2895 2177 2965 0p-

598 2973 867 3041 prabrium
927 2977 1215 3042 hominum,
1258 2979 1456 3048 inquit.
1488 2991 1549 3050 bet
1605 2982 1825 3053 abjeclio
1868 2984 2048 3054 plebis.
2082 2987 2172 3055 Et,

2291 1880 2430 1950 μετά
2465 1881 2673 1949 ἀγῶνος
2713 1882 2910 1937 πολλοῦ
2961 1886 3056 1939 καὶ
3110 1887 3380 1957 καμάτου,
3431 1890 3516 1941 ἶνα
3556 1892 3792 1963 συνείδησιν

2286 1973 2381 2025 καὶ
2431 1974 2676 2045 καθαρὰν
2736 1976 2977 2043 καρδίανΔ
3016 1979 3285 2049 κτήσηται
3336 1981 3363 2033 6
3411 1980 3694 2051 ἄνθρωπος,
3732 1985 3795 2038 ἵνα

2284 2065 2545 2129 ὁλοτελῶς
2567 2067 2840 2139 έκριζωθῇ
2870 2069 2929 2121 τὸ
2954 2071 3145 2126 κακόν.

2356 2157 2485 2211 ΚΕ’.
2526 2160 2638 2212 Καὶ
2664 2160 2829 2230 χάριν
2867 2162 2974 2233 γὰρ
3002 2163 3293 2234 συμϐαίνει
3318 2161 3453 2222 εἶναι
3483 2167 3559 2231 εἰς
3592 2176 3796 2236 “mgni.

2283 2250 2317 2322 ἡ
2350 2252 2546 2321 καρδία
2574 2254 2633 2306 ού
2664 2254 3064 2326 κεκαθάρισται
3092 2272 3107 2286 ⁸
3144 2257 3241 2311 καὶ
3282 2258 3371 2312 διὰ
3396 2258 3554 2314 τοῦτο
3581 2261 3742 2316 ἔπεσον
3762 2269 3794 2318 οἱ

2283 2343 2566 2407 πεσόντες,
2588 2345 2671 2398 ὅτι
2697 2346 2801 2399 οὐκ
2834 2348 3165 2402 ἐπίστευσαν
3191 2350 3332 2417 μετὰ
3363 2352 3463 2421 τὴν
3493 2354 3639 2425 χάριν
3660 2358 3794 2409 συνεῖ-

2282 2452 2370 2487 ναι
2408 2437 2591 2501 αὐτοῖς
2635 2437 2727 2490 τὸν
2761 2438 2969 2494 καπνὸν
3029 2441 3123 2493 καὶ
3163 2441 3262 2511 τὴν
3305 2443 3579 2513 ἁμαρτίαν
3606 2463 3617 2477 ’
3649 2448 3797 2511 πάντες

2281 2524 2336 2577 δὲ
2356 2526 2405 2577 οἱ
2438 2526 2635 2580 δίκαιοι
2663 2527 2755 2581 διὰ
2784 2529 2885 2599 τῆς
2930 2529 3124 2600 στενῆς
3160 2534 3255 2585 καὶ
3306 2533 3663 2605 τεθλιμμένης
3688 2539 3795 2599 ὁδοὶ,

2286 2616 2446 2687 μέχρι
2494 2618 2682 2683 τέλους
2734 2620 3113 2692 εύηρέστησαν
3166 2622 3243 2693 τῷ
3298 2624 3440 2693 Θεῷ.
3504 2626 3561 2680 ὐ
3602 2628 3799 2697 Ἀϐραὰμ

2280 2709 2421 2762 κατὰ
2455 2709 2586 2763 Θεὸν
2618 2710 2872 2776 πλούσιος
2902 2710 2998 2777 ὣν,
3031 2714 3126 2767 καὶ
3159 2715 3300 2769 κατὰ
3326 2717 3552 2787 κόσμον,
3581 2717 3684 2786 γῆν
3706 2720 3797 2771 έινο

2277 2800 2368 2852 τὸν
2398 2800 2495 2855 καὶ
2513 2802 2747 2856 σποδὸν
2788 2804 3092 2875 ὠνόμαζεν
3124 2808 3218 2861 καὶ
3257 2807 3444 2873 Δαϐὶδ,
3466 2809 3705 2876 Ὀνειδος
3730 2811 3799 2864 ἀν-

2277 2891 2542 2960 θρώπων,
2568 2896 2720 2966 φησι,
2744 2896 2838 2949 καὶ
2859 2896 3239 2968 ἐξουδένωμα
3256 2898 3444 2963 λαῶν,
3468 2903 3562 2954 καὶ
3582 2902 3797 2969 σκώληξ.

2277 2985 2378 3039 καὶ
2410 2989 2521 3041 οὐκ
2556 2988 2887 3057 ἄνθρωπος.
2966 2992 3200 3061 Ὁμοίως
3253 2993 3455 3058 πάντες
3489 2997 3539 3048 οι
3570 2996 3799 3049 ἀπόστολοι

599 3065 787 3117 vermis
828 3073 874 3117 et
918 3083 1022 3119 non
1063 3068 1214 3121 homo
1235 3069 1298 3123 ⁵⁸.
1332 3069 1597 3126 Similiter
1622 3088 1815 3129 omnes
1848 3079 2081 3145 apostoli
2115 3089 2171 3135 et

599 3153 877 3176 —_-_L-e_
923 3157 1057 3176 _-_I_
1093 3158 1117 3176 ιν
1166 3159 1261 3176 1,·.ο
1494 3163 1504 3174 ι
1605 3165 1649 3176 η.
1693 3164 1703 3175 ο
1745 3164 1759 3176 ι

2282 3079 2371 3132 καὶ
2406 3081 2681 3152 προφῆται
2722 3085 3175 3155 κακουχούμενοι,
3237 3086 3617 3159 ὀνειδιζόμενοι

599 3153 882 3220 prepheta:
923 3157 1063 3210 male
1093 3158 1263 3213 habiti
1309 3163 1538 3216 summis
1567 3164 1946 3221 aﬂiciebantur
1976 3181 2172 3226 contu-

598 3243 799 3297 meliis.
833 3245 1097 3302 Dominus
1124 3248 1260 3317 ipse,
1294 3250 1385 3320 qui
1414 3252 1501 3307 via
1530 3264 1614 3308 est
1643 3264 1698 3308 ct
1720 3255 1884 3322 Deus,
1919 3273 2173 3315 cumnou

598 3343 827 3403 propter
856 3336 1097 3406 seipsum
1137 3341 1232 3396 sed
1262 3352 1486 3413 propter
1531 3354 1582 3400 te
1620 3348 1789 3412 venit,
1818 3358 1875 3402 ut
1902 3360 2061 3420 typus
2110 3368 2174 3408 ac

598 3425 910 3492 exemplum
933 3427 1029 3481 tibi
1057 3428 1210 3485 ﬁeret
1244 3434 1425 3488 omnis
1447 3435 1607 3501 boni;
1636 3439 1915 3508 perpende
1935 3442 1989 3494 in
2009 3458 2173 3511 quan-

598 3520 708 3564 tam
750 3513 1116 3572 humilitatem
1141 3535 1199 3574 se
1234 3522 1519 3599 ahjecerit,
1556 3522 1729 3581 forma
1755 3531 1898 3584 servi
1926 3543 2169 3603 accepta,

597 3602 692 3670 qui
720 3612 802 3657 est
828 3605 991 3670 Deus,
1014 3608 1108 3663 Dei
1138 3610 1329 3676 Filius,
1365 3613 1504 3679 Rex,
1533 3616 1705 3672 Filius
1737 3618 1923 3690 Regis,
1960 3602 2172 3679 donans

595 3694 818 3762 quidem
844 3696 958 3765 ipse
980 3702 1228 3757 curantia
1246 3704 1559 3773 pharmaca,
1583 3722 1891 3780 sanansque
1912 3715 2170 3771 vulnera-

596 3794 707 3851 tos;
755 3793 998 3846 exterius
1032 3802 1214 3849 tamen
1250 3796 1403 3851 velut
1441 3814 1583 3854 unus
1620 3803 2032 3860 vulneratorum
2070 3824 2169 3879 ap-

593 3891 814 3949 parens.

667 3966 853 4028 XXVI.
882 3971 1149 4031 Caeterum
1175 3994 1244 4034 ne
1261 3975 1531 4051 despicias
1559 3983 1798 4041 divinam
1824 3986 2165 4060 dignitatem,

2276 3172 2439 3236 αὐτὸς
2464 3176 2493 3226 6
2527 3174 2738 3245 Κύριος
2766 3176 2828 3241 ὃς
2861 3177 3010 3231 ἐστιν
3034 3178 3152 3242 ὁδὸς
3200 3179 3294 3232 καὶ
3333 3179 3467 3245 θεὸς
3500 3181 3657 3234 ἐλθὼν
3680 3183 3729 3234 ού
3752 3182 3798 3234 δι’

2275 3266 2487 3335 ἑαυτὸν,
2520 3268 2656 3322 ἀλλά
2696 3268 2783 3323 διὰ
2826 3270 2907 3334 σὲ,
2940 3271 3029 3324 ἵνα
3055 3288 3135 3325 σοι
3194 3272 3362 3337 τύπος
3391 3274 3620 3343 γένηται
3646 3276 3800 3337 παντὸς

2273 3358 2502 3425 ἀγαθοῦ,
2536 3359 2701 3430 βλέπε
2746 3364 2826 3427 είς
2873 3362 3033 3416 ποίαν
3076 3365 3405 3419 ταπείνωσιν
3449 3361 3601 3436 ἦλθε,
3633 3367 3800 3437 μορςὴν

2272 3448 2458 3502 δούλου
2482 3448 2681 3515 λαϐὼν,
2707 3451 2858 3516 Θεὸς,
2888 3452 3014 3516 Υἱὸς
3037 3453 3197 3520 Θεοῦ,
3218 3453 3503 3521 Βασιλεὺς,
3531 3456 3649 3520 Υἱὸς
3678 3456 3799 3525 βασι-

2272 3540 2429 3606 λέως,
2490 3543 2664 3607 διδοὺς
2724 3545 2829 3614 μὲν
2886 3546 3053 3608 αὐτὸς
3094 3546 3359 3616 ίαματικά
3410 3547 3687 3617 φάρμακα.
3730 3546 3797 3599 καῖ

2274 3631 2591 3702 θεραπεύων
2646 3637 2771 3699 τοὺς
2804 3639 3384 3708 τετραυματισμένους
3414 3655 3431 3671 θ
3473 3638 3662 3706 ἔξωθεν
3683 3638 3797 3699 δὲὼς

2272 3720 2352 3787 εἷς
2381 3728 2488 3780 τῶν
2513 3732 3069 3800 τετραυματισμὲνων
3100 3732 3444 3802 φαινόμενος.
3470 3714 3479 3727 ⁷

2340 3989 2486 4056 KC’.
2537 3989 2696 4044 Ἀλλά
2738 3990 2816 4061 μὴ
2851 3994 3271 4067 καταφρονήσῃς
3296 3994 3392 4049 τοῦ
3451 3996 3633 4051 θεῖκοῦ
3673 3996 3798 4055 ἀειὼι

592 4056 723 4112 dum
749 4064 1020 4132 conspicis
1043 4066 1197 4121 illum
1230 4071 1476 4128 exterius
1509 4056 1976 4147 humiliatum,vut
2014 4082 2169 4137 simi-

2282 4097 2461 4147 ματος,
2514 4080 2731 4151 βλέπων
2784 4084 2949 4139 αὑτὸν
2992 4082 3194 4150 ἔξωθεν
3241 4090 3702 4159 τεταπεινωμένον
3742 4088 3796 4149 ὡς

592 4146 700 4248 lem
752 4148 946 4219 nobis;
1001 4166 1229 4226 pr0pter
1267 4176 1370 4216 nos
1396 4163 1477 4219 sic
1498 4170 1770 4236 apparuit,
1801 4186 1911 4226 non
1942 4184 2167 4242 propter

2282 4173 2453 4242 ὅμοιον
2481 4146 2611 4244 ἡμῖν
2634 4189 2647 4203 °
2690 4174 2758 4227 δι’
2787 4176 2936 4245 ἡμᾶς
2978 4146 3150 4240 οὕτως
3202 4178 3397 4250 ἐφάνη,
3430 4146 3589 4233 ούδί⁹
3623 4146 3792 4234 ἑαυτό-ιζ

591 4250 651 4341 se
677 4236 1187 4312 ipsum.Perpende,
1217 4263 1279 4301 ea
1303 4250 1437 4305 hora
1454 4269 1559 4322 qua
1589 4255 1900 4313 clamabant
1929 4236 1958 4313 ε’
1977 4236 2163 4317 Cruci-

2282 4236 2562 4336 Ἐννόησον
2593 4268 2653 4320 ὲν
2755 4236 2873 4340 ὥρᾳ
2916 4236 3186 4339 ⁷ἔκραζον,
3240 4236 3619 4341 ὲταύρωσον,
3648 4274 3793 4327 σταύ-

588 4323 712 4393 ﬁge,
773 4329 1018 4399 cruciﬁge
1100 4349 1218 4387 eum
1239 4333 1305 4401 ⁸⁸,
1384 4353 1448 4393 ac
1496 4342 1733 4411 papulus
1776 4348 2161 4415 concurrebat,

597 4433 747 4437 μμ,
800 4418 817 4437 .
1047 4435 1052 4437 _
1604 4436 1629 4437 η

2282 4323 2465 4411 xoo'or:
2497 4323 2878 4426 abzor,'xai6
2911 4323 3067 4430 ὄχλος
3098 4363 3228 4432 συνή
3239 4323 3425 4434 ρχετοζ
3453 4364 3568 4429 πῶς
3593 4362 3656 4437 ἦν
3675 4383 3795 4419 τετει-

589 4433 754 4486 quam
800 4418 1124 4481 humiliatus
1157 4439 1273 4483 erat
1314 4447 1425 4500 pra:
1465 4436 1755 4493 omnibus?
1785 4439 2159 4507 Quemadmo-

2689 4418 2701 4426 .
2942 4418 2974 4430 ..
3046 4418 3061 4424 -
3219 4418 3251 4434 ..
3273 4418 3304 4433 η
3401 4418 3415 4427 .
3550 4418 3565 4429 .
3614 4418 3626 4437 .
3688 4418 3691 4419 ν

2282 4450 2601 4519 τεινωμένος
2631 4451 2783 4522 παρὰ
2816 4451 3048 4515 πάντας.
3085 4454 3298 4525 Ὠσπερ
3326 4457 3384 4508 ὲν
3418 4459 3531 4520 τοῖς
3567 4458 3792 4526 φαινομέ-

591 4505 722 4562 dum
764 4510 820 4565 in
860 4513 1029 4570 rebus
1053 4518 1481 4587 aspectabilibus
1523 4526 1568 4579 si
1608 4529 1732 4597 quis
1761 4505 1831 4585 sit
1856 4533 2161 4604 improbus,

2282 4558 2401 4605 mc,
2428 4505 2522 4595 ἐὰν
2618 4505 2931 4607 κακοποιὸς,
2960 4505 3057 4598 καλ,
3084 4544 3223 4617 λάϐῃ
3255 4505 3531 4617 άπόφασιν
3566 4505 3795 4621 παρὰζοῦ

588 4606 879 4672 postquam
925 4612 1204 4678 acceperit
1247 4617 1577 4671 sententiam
1621 4635 1652 4674 a
1691 4625 2033 4694 magistratu,
2091 4631 2160 4685 ab

590 4689 851 4749 universo
869 4700 1073 4768 pOpulo
1096 4704 1459 4760 cxsocratioui
1482 4708 1805 4779 devovetur,
1828 4730 1891 4769 ac
1912 4726 2160 4773 contem-

586 4787 707 4857 ptui
754 4786 1030 4856 habetur,
1084 4794 1165 4850 sic
1197 4813 1417 4868 quoque
1466 4800 1730 4857 Dominus
1782 4805 1915 4861 hora
1957 4811 2157 4877 crucis,

2267 4636 2547 4704 ἄρχοντος,
2590 4635 2777 4691 λοιπὸν
2838 4637 2944 4691 ὑπὸ
2998 4636 3093 4690 τοῦ
3137 4638 3309 4708 δήμου
3366 4640 3487 4694 ὅλου
3549 4640 3793 4711 βδελυκτός

2266 4726 2383 4776 ἐστι
2406 4721 2962 4797 καίὲξουδενωμένος.
2996 4727 3183 4791 Οὕτως
3210 4730 3237 4781 ὀ
3266 4729 3469 4799 Κύριος
3498 4734 3555 4784 ἐν
3604 4736 3665 4801 τῇ
3706 4731 3794 4801 ὥρᾳ

2266 4812 2361 4866 τοῦ
2421 4814 2697 4885 σταυροῦ’
2756 4816 2832 4881 ὠς
2871 4817 3159 4887 ἄνθρωπος
3195 4820 3403 4891 μέλλων
3467 4824 3792 4889 ἀποθνήσκειν

585 4884 845 4946 tanquam
899 4880 1064 4937 homo
1103 4883 1268 4938 vitam
1333 4903 1456 4941 cum
1497 4900 1672 4945 morte
1704 4906 2158 4963 commutaturus,

2282 4880 2749 4975 ιατευτελισμένος
2802 4904 2871 4979 ἦν
2918 4880 3023 4962 ὑπὸ
3075 4880 3565 4983 ὤν’Φαρισαίων.

582 4968 1033 5035 vilipendebatur
1078 4991 1109 5030 a
1154 4974 1466 5035 Phariszeis.
1526 4979 1756 5047 Quando
1811 5002 2004 5042 rursus
2030 5005 2159 5043 con-

2282 4995 2430 5047 τάλιν
2465 4996 2772 5051 ἐνέπτυσαν
2807 5000 2887 5063 είς
2924 5000 2984 5052 τὸ
3038 5001 3330 5072 πρόσωπον
3368 5002 3553 5069 αὑτοῦ,
3608 5006 3693 5057 καὶ
3724 5004 3795 5053 ἐπι

580 5075 855 5130 spuerunt
894 5066 951 5121 in
990 5068 1203 5125 vultum
1248 5072 1387 5143 ejus,
1426 5083 1481 5129 et
1514 5075 1895 5147 imposuerunt
1921 5081 1972 5136 ei
2004 5098 2162 5138 coro-

2282 5082 2470 5154 ἔθηκαν
2499 5086 2647 5157 αὐτῷ
2668 5088 2955 5142 ἀκάνθινον
2983 5066 3265 5159 στέξοανον,
3295 5096 3383 5147 καὶ
3404 5066 3693 5167 ὲρῤάππαν
3719 5094 3793 5145 αὖ·

580 5168 705 5207 nam
763 5158 1033 5226 spineam,
1064 5171 1119 5216 et
1162 5166 1409 5235 colaphis
1440 5183 1565 5222 cum
1615 5172 1958 5239 ceciderunt,
1990 5193 2153 5245 quam

2282 5176 2369 5239 :6v,
2400 5178 2556 5230 ποίαν
2584 5180 2678 5250 ούχ
2699 5180 2940 5251 ὑπερέϐη
2962 5158 3311 5238 ταπείνωσινῑ
3352 5158 3663 5258 Γὲίίραπται
3687 5186 3788 5253 γὰρ.

582 5259 691 5296 non
714 5259 1104 5319 supergressus
1132 5264 1217 5307 est
1257 5255 1661 5313 humilitatem?
1685 5260 1973 5332 [Scriptum
2005 5265 2152 5321 enim

2282 5269 2343 5320 ἱτι
2372 5269 2482 5322 Τὸν
2506 5267 2699 5325 νῶτόν
2739 5289 2859 5340 μου
2902 5272 3133 5329 δέδωκα
3169 5278 3255 5341 εὶς
3290 5255 3605 5345 μάστιγας,
3636 5276 3720 5329 καὶ
3742 5275 3795 5326 τὸ

578 5345 702 5389 est:
739 5335 968 5394 Donum
1006 5361 1175 5398 meum
1224 5348 1345 5402 dedi
1395 5350 1808 5421 ﬂagellanlibus,
1843 5372 1936 5408 nec
1988 5361 2155 5413 averti

2282 5361 2587 5427 τρόσωπόν
2602 5381 2722 5433 μου
2739 5335 2864 5419 ⁷οὐκ
2889 5335 3246 5436 ἀπεστράφῆ
3271 5335 3387 5423 ἀπὸ
3411 5335 3695 5437 αιοχιῖιεης
3711 5367 3791 5433 ἔμ’

579 5422 769 5493 faciem
799 5445 971 5483 meam
1002 5450 1033 5483 a
1060 5437 1388 5503 turpitudine
1411 5443 1831 5511 conspuentium,
1881 5462 1973 5499 nec
1990 5465 2154 5516 genas

2282 5422 2645 5517 ττυσμάτωκ,
2672 5454 2769 5507 καὶ
2792 5453 2900 5521 τὰς
2930 5422 3219 5523 σιαγόνας
3231 5422 3357 5525 ‘yov
3388 5457 3501 5514 ἀπὸ

582 5532 724 5570 meas
769 5536 802 5572 a
843 5524 1250 5592 percutientibus
1279 5527 1345 5582 “.
1381 5529 1537 5596 Quod
1570 5531 1615 5586 si
1650 5533 1794 5587 Deus
1827 5544 2001 5590 tantas
2025 5554 2157 5591 con-

2282 5559 2398 5596 των.
2429 5544 2490 5596 Εἰ
2520 5544 2575 5597 δὲ
2598 5545 2625 5596 ὀ
2650 5544 2782 5609 Θεὸς
2807 5549 2887 5610 εἰς
2908 5546 3175 5611 τοσαύτας
3194 5524 3397 5617 ὕϐρεις,
3418 5550 3505 5601 καὶ
3522 5524 3696 5613 πάθη,
3718 5544 3792 5594 καὶ

582 5606 856 5675 tumclias,
883 5615 1194 5682 passionem
1223 5634 1286 5675 ac
1328 5620 1695 5680 humilitatem
1725 5624 1915 5693 subiit,
1952 5638 2030 5693 tu,
2063 5629 2155 5700 qui

2282 5634 2589 5689 ;απεὶνωσιν
2619 5606 2881 5707 κατῆλθε,
2917 5640 2981 5695 σὺ
3009 5640 3038 5694 6
3071 5606 3232 5710 φύσει
3264 5606 3534 5713 ’βόρϐορος
3592 5639 3679 5692 καὶ
3707 5634 3789 5705 ἳί·

648 5754 693 5787 ⁸⁸
718 5753 855 5810 Gen.
896 5772 1044 5824 xvut,
1079 5760 1167 5815 9.7.
1246 5762 1291 5793 “
1316 5762 1515 5819 Psalm.
1542 5782 1648 5832 xxx,
1682 5770 1733 5834 7,
1810 5771 1854 5802 “
1890 5769 2201 5835 Luc.,xxm,
2233 5774 2325 5828 9.1.
2400 5776 2445 5808 “
2481 5776 2579 5831 lsa.
2620 5793 2671 5842 L,
2710 5777 2762 5831 6.
