3966 6520
129 335 223 397 693

1274 337 1645 402 HOMILl/E.
1673 366 1742 376 -
1773 343 1960 405 ΗΟΜ.
1994 342 2237 406 XXVII;

3268 336 3379 404 694

130 430 252 507 σεώς
292 441 516 513 θνητῆς,
547 443 645 496 ὅσα
680 443 747 497 ἂν
796 444 1160 515 ταπεινωθῇς,
1201 447 1354 501 οὐδὲν
1396 450 1581 519 ὅμοιον
1611 449 1690 521 τῷ

1810 461 1988 506 iatura
2022 452 2190 507 limus
2208 465 2291 516 es,
2319 457 2379 505 et
2405 447 2655 504 mortalis
2695 454 2932 513 naturae,
2965 455 3377 519 quantumcun-

128 534 355 603 Δεσπότῃ
387 550 480 586 σου
516 536 787 605 ποιήσεις.
842 536 902 590 '0
932 535 1066 599 Θεὸς
1107 536 1197 591 διὰ
1231 539 1290 591 σὲ
1345 540 1540 601 ἑαυτὸν
1570 544 1692 596 ἑτα-

127 625 489 689 πείνωσενκαὶ
534 626 600 679 σὺ
653 627 742 680 διὰ
776 627 1003 681 σεαυτὸν
1034 629 1095 682 οὐ
1143 630 1524 699 ταπεινοῦσαι,
1572 633 1692 688 ἀλλ’

128 718 315 788 ἐπαίρῃ
358 718 454 771 καὶ
484 716 783 785 τυφοῦσαι·
818 713 951 788 ἦλθε
1000 720 1109 791 γὰρ
1129 721 1227 784 τὰς
1264 719 1473 790 θλίψεις
1503 725 1595 776 καὶ
1623 723 1692 777 τὰ

127 807 256 877 βάρη
281 804 488 871 λαϐεῖν,
513 804 609 859 καὶ
662 806 762 875 τὴν
806 807 972 860 αὐτοῦ
1009 809 1320 862 ἀνάπαυσιν
1347 827 1430 864 σοι
1462 811 1646 865 δοῦναι
1673 830 1687 845 ’

128 902 212 955 καὶ
265 900 326 953 σὺ
361 899 421 953 οὐ
456 900 630 964 θέλεις
666 902 862 964 πόνους
909 901 1174 971 βαστάσαι
1228 904 1322 957 καὶ
1353 905 1569 970 παθεῖν,
1604 906 1692 957 ἶνα

130 993 259 1047 οὕτω
286 993 487 1064 δυνηθῇ
523 1010 617 1046 σου
661 993 732 1046 τὰ
760 993 1058 1064 τραύματα
1089 996 1286 1059 ἰάσεως
1320 1000 1524 1066 τυχεῖν.
1553 994 1692 1062 Δόξα

126 1089 185 1156 τῇ
228 1086 392 1156 ἀνοχῇ
426 1085 524 1140 καὶ
581 1087 938 1158 μακροθυμίᾳ
975 1086 1165 1153 αὐτοῦ,
1193 1089 1273 1153 είς
1312 1089 1440 1153 τοὺς
1464 1088 1689 1153 αἰῶνας.

140 1176 319 1247 Ἀμήν.
1156 1194 1157 1197 ‘

677 1377 924 1432 OMIAIA
989 1378 1120 1433 KZ'.

125 1469 250 1538 Περὶ
266 1467 379 1541 τῆς
404 1468 722 1541 ἁξιότητος
759 1468 1160 1541 καὶᾼστάᾳεως
1185 1469 1296 1541 τοῦ
1324 1473 1693 1541 Χριστιανοῦ

187 1537 498 1612 ἁιῖθρώπου
548 1539 647 1612 διὰ
682 1538 934 1612 πολλῶιῖ
992 1537 1384 1612 διηγουμέγῇ
1429 1543 1701 1598 διατελεῖ

186 1610 334 1676 αὕτη
358 1611 396 1678 ἡ
415 1609 637 1681 ὁμιλία,
669 1610 750 1675 ὡς
771 1608 873 1681 καὶ
896 1609 935 1676 ἡ
964 1608 1409 1681 προηγουμένὴ.
1442 1613 1694 1670 Ἔπειτα

188 1681 313 1750 περὶ
347 1680 453 1734 τοῦ
499 1680 903 1745 αὐτεξουσίου
943 1679 1337 1750 πᾳνωφέλιμα
1375 1679 1577 1749 πολλὰ
1605 1685 1694 1738 δι-

1792 560 1900 614 que
1925 544 2252 600 humiliatus
2274 542 2471 607 fueris,
2503 540 2666 607 nihil,
2691 541 2839 611 quod
2870 556 2997 596 cum
3026 540 3262 596 Domino
3282 548 3379 595 tuo

1793 638 2226 708 comparandum
2257 637 2353 701 sit,
2387 635 2605 691 feceris.
2638 636 2784 691 Deus
2808 634 2889 690 tui
2914 635 3088 706 gratia
3112 650 3172 690 se
3200 633 3378 705 ipsum

1793 728 2131 795 bumiliavit,
2170 736 2228 783 tu
2263 742 2395 783 vero
2433 726 2515 783 tui
2536 727 2725 797 igratia
2751 741 2865 781 non
2899 726 3149 781 demittis
3179 735 3252 789 te,
3282 726 3381 781 sed

1791 821 2074 877 extolleris
2102 830 2266 890 atque
2304 820 2615 876 insolescis.
2635 819 2799 875 Venit
2832 819 3007 884 enim,
3034 825 3096 873 ut
3124 818 3382 873 aﬂlictio-

1792 929 1892 969 nes
1921 922 1978 968 et
2020 929 2191 968 onera
2246 922 2340 967 tua
2387 914 2627 977 tolleret,
2671 927 2736 966 ac
2779 915 3031 981 requiem
3078 926 3234 965 suam
3280 910 3385 965 tibi

1793 1005 2109 1060 conferret:
2140 1012 2199 1059 tu
2254 1020 2391 1059 vero
2416 1005 2639 1060 labores
2666 1004 2904 1059 suilerre
2937 1020 3001 1059 ac
3031 1005 3146 1074 pati
3171 1003 3381 1067 renuis,
3406 1028 3415 1031 -

1793 1111 1905 1166 quo
1924 1096 2140 1165 possint
2168 1096 2274 1150 hoc
2298 1105 2457 1165 pacto
2484 1104 2580 1150 tua
2608 1097 2841 1151 vulnera
2874 1096 3167 1150 sanitatem
3191 1109 3385 1149 conse-

1793 1184 1911 1253 qui.
1949 1182 2135 1239 Gloria
2167 1184 2239 1238 sit
2272 1183 2554 1255 patientiae
2581 1191 2639 1239 ct
2682 1182 3089 1253 longanimitati
3116 1182 3290 1253 ipsius
3326 1181 3383 1235 in

1793 1276 2015 1331 saecula.
2050 1274 2251 1329 Amen.

2322 1382 2611 1440 HOMILIA
2648 1382 2865 1439 XXVII.

1793 1478 2125 1550 Dignitatem
2156 1488 2207 1534 et
2235 1486 2436 1534 statum
2464 1478 2755 1550 Christiani
2774 1478 2999 1532 hominis
3021 1480 3231 1549 copiosa
3258 1497 3385 1534 ora-

1867 1549 2006 1605 tione
2031 1553 2367 1621 prosequitur
2385 1549 2759 1621 hazeltomilia,
2786 1556 2850 1621 Aut
2883 1558 2930 1602 et
2960 1566 3078 1618 qua:
3116 1552 3383 1619 praecedit.

1864 1618 2066 1675 Deinde
2119 1618 2387 1675 de'libero
2424 1620 2648 1675 arbitrio
2683 1618 2854 1673 multa
2904 1618 3185 1674 utilissima
3236 1621 3384 1673 docet

1868 1693 2134 1762 permistis
2161 1690 2539 1762 quwstionibus
2570 1689 2883 1762 quibusdam
2912 1690 3091 1744 divina
3117 1691 3386 1762 sapientia

185 1748 823 1850 ἐξαμιγνῦσα
857 1748 1137 1821 ζητήσεις
1170 1754 1340 1821 τινὰς
1382 1757 1547 1822 θείας
1587 1771 1690 1809 σο·

1866 1748 2059 1832 plenis.

183 1820 321 1891 φίας
342 1820 619 1891 πλήρεις.

185 1933 262 1989 A'.
290 1934 471 1988 Γνῶθι
498 1951 592 1987 σου
624 1934 727 2005 τὴν
764 1935 1067 2004 εὐγένειαν,
1125 1931 1170 1991 ὧ
1204 1938 1485 2009 ἄνθρωπε,
1510 1935 1689 1990 καὶτὸ

121 2026 329 2097 ἀξίωμα
356 2041 373 2057 ⁸
427 2026 547 2090 πῶς
600 2027 784 2099 τίμιος
837 2024 909 2093 εἷ,
946 2030 1178 2101 ἁδελφὸς
1237 2028 1502 2102 Χριστοῦ,
1534 2030 1689 2098 φίλος

122 2116 395 2187 βασιλέως,
425 2116 613 2189 νύμφη
665 2118 761 2171 τοῦ
796 2120 1119 2190 ἐπουρανίου
1174 2120 1453 2190 Νυμφίου.
1492 2121 1554 2175 '0
1578 2122 1689 2191 γὰρ

118 2210 357 2280 δυνηθεὶς
382 2209 681 2279 ἐπιγνῶναι
724 2210 787 2264 τὺ
845 2211 1067 2282 ἀξίωμα
1112 2213 1213 2283 τῆς
1258 2212 1455 2266 ἑαυτοῦ
1483 2214 1687 2285 ψυχῆς,

118 2296 263 2366 οὗτος
280 2301 821 2372 δύναταιὲπιγνῶναι
845 2304 944 2375 τὴν
970 2305 1222 2376 δύναμιν.
1256 2307 1352 2361 καὶ
1374 2307 1444 2360 τὰ
1484 2311 1692 2379 μυστή-

123 2412 205 2467 ρια
226 2395 325 2465 τῆς
358 2394 635 2467 θεότητος.
688 2395 782 2451 καὶ
837 2399 1041 2467 μᾶλλον
1070 2399 1321 2454 ἐντεῦθεν
1349 2402 1692 2473 ταπεινωθῆ-

121 2503 238 2540 ναι·
288 2487 480 2556 ὲπειδὴ
537 2487 626 2541 διὰ
675 2487 958 2557 δυνάμεως
1012 2489 1172 2551 Θεοῦ.
1227 2490 1413 2558 βλέπει
1456 2509 1540 2556 τις
1591 2495 1693 2564 τὴν

123 2573 316 2627 πτῶσιν
344 2575 563 2627 ἑαυτοῦ.
614 2574 755 2628 Ἀλλ’
776 2575 836 2627 ὃν
863 2577 1066 2645 τρόπον
1099 2578 1263 2641 αὐτὸς
1315 2580 1404 2632 διὰ
1430 2581 1576 2650 παθη
1588 2583 1692 2651 μά-

122 2684 218 2719 των
264 2666 359 2718 καὶ
413 2664 649 2736 σταυροῦ
710 2667 983 2737 παρῆλθε,
1047 2670 1143 2721 καὶ
1193 2667 1369 2733 οὕτως
1402 2670 1691 2739 ἐδοξάσθη,

123 2758 208 2812 καὶ
237 2759 492 2813 ἐκάθισεν
526 2761 584 2812 ὲν
634 2758 787 2829 δεξιᾷ
822 2759 917 2813 τοῦ
967 2760 1183 2831 Πατρός
1209 2777 1223 2793 ο
1268 2763 1365 2816 καὶ
1414 2762 1560 2816 οὕτω
1589 2764 1694 2834 χρὴ

120 2853 209 2906 καὶ
250 2851 307 2904 σὲ
338 2851 673 2923 συμπαθεῖν,
722 2853 815 2906 καὶ
855 2851 1338 2923 συσταυρωθῆναι,
1394 2856 1490 2908 καὶ
1520 2854 1695 2919 οὕτως

122 2943 376 3009 ἀνελθεῖν,
418 2941 515 2995 καὶ
547 2942 900 3010 συγκαθίσαι,
952 2945 1048 2998 καὶ
1084 2946 1426 3016 συνοφθῆναι
1481 2946 1558 3017 τῷ
1591 2946 1696 3001 3d)—

124 3049 249 3105 μασι
278 3033 374 3087 τοῦ
423 3032 687 3101 Χριστοῦ,
746 3036 843 3088 καὶ
895 3036 1129 3090 πάντοτε
1167 3036 1591 3108 συμϐασιλεύειν
1636 3039 1696 3090 ὲν

1861 1941 1902 1995 l.
1937 1941 2187 2011 Agnosce
2209 1938 2561 1994 nobilitatem
2583 1942 2802 2003 tuam,o
2822 1938 3006 2001 homo,
3024 1944 3283 2006 tuamque
3300 1936 3388 1991 di-

1790 2034 2054 2106 gnitatem
2075 2049 2089 2087 :
2113 2047 2277 2102 quam
2308 2031 2583 2102 pretiosus
2613 2031 2709 2095 sis,
2728 2029 2899 2084 frater
2917 2028 3147 2093 Christi,
3176 2029 3388 2084 amicus

1792 2127 1961 2199 regis,
1987 2140 2189 2196 sponsa
2223 2124 2423 2197 Sponsi
2464 2123 2729 2179 caelestis.
2763 2121 3090 2191 Quicunque
3122 2121 3269 2176 enim
3291 2136 3390 2191 po-

1792 2217 1962 2272 tuerit
2028 2230 2363 2287 cognoscere
2432 2213 2758 2285 dignitatem
2824 2211 3021 2266 animae
3091 2225 3225 2273 suae,
3294 2211 3388 2267 ille

1791 2309 1996 2379 poterit
2014 2321 2347 2379 cognoscere
2370 2305 2675 2375 potentiam
2691 2313 2748 2359 et
2764 2303 3026 2375 mysteria
3043 2301 3382 2369 divinitatis;

1793 2402 2044 2471 quinimo
2102 2400 2229 2455 inde
2281 2397 2561 2453 humiliari
2617 2397 2863 2467 poterit:
2933 2395 3387 2465 quandoquidem

1794 2490 2066 2546 beneﬁcio
2090 2490 2315 2545 virtutis
2336 2489 2539 2543 divinas
2565 2488 2767 2558 aliquis
2790 2503 2950 2543 suum
2980 2488 3153 2558 ipsius
3170 2488 3388 2558 lapsum

1796 2585 2061 2639 intuetur.
2092 2583 2364 2638 Caeterum
2397 2596 2509 2650 quo
2539 2589 2701 2650 pacto
2738 2580 2855 2650 ipse
2890 2595 2989 2649 per
3023 2579 3309 2649 passiones
3331 2587 3388 2633 et

1796 2692 2014 2732 crucem
2048 2674 2286 2739 transiit,
2326 2682 2381 2729 et
2418 2674 2491 2728 ita
2522 2672 2864 2743 glorilicatus
2895 2679 2980 2726 est
3026 2687 3091 2726 ac
3147 2671 3291 2726 sedit
3318 2670 3388 2723 ad

1796 2769 2043 2823 dextram
2076 2766 2293 2832 Patris;
2325 2763 2405 2820 sic
2431 2778 2655 2834 quoque
2680 2772 2733 2817 te
2762 2762 3002 2828 compati
3034 2776 3260 2817 necesse
3281 2770 3386 2826 est,

1801 2860 1958 2930 103
2000 2859 2274 2927 simulque
2328 2855 2598 2925 crueiﬁgi,
2629 2864 2687 2909 et
2734 2854 2815 2909 sic
2846 2858 3167 2925 resurgere:
3196 2860 3253 2909 et
3282 2868 3391 2907 una

1797 2952 1989 3006 sedere
2027 2958 2084 3004 et
2130 2946 2390 3017 conjungi
2424 2945 2645 3015 corpori
2670 2944 2902 3008 Christi,
2929 2953 2984 2998 et
3015 2953 3285 3014 perpetuo
3319 2942 3392 2997 si-

1798 3045 1912 3099 mul
1944 3055 2169 3112 regnare
2224 3041 2282 3094 in
2338 3039 2433 3093 illo
2472 3036 2694 3097 saeculo,
2744 3037 3002 3106 siquidem
3066 3034 3228 3089 simul
3273 3050 3392 3088 cum

122 3129 305 3197 ἐκείνῳ
332 3127 413 3199 τῷ
441 3128 624 3193 αἰῶνι,
669 3129 831 3199 εἴπερ
872 3129 1295 3201 συμπάσχομεν,
1327 3131 1418 3184 ἵνα
1441 3133 1539 3184 καὶ
1572 3148 1697 3184 συν-

1810 3151 1859 3188 eo
1892 3135 2147 3203 patimur,
2179 3137 2307 3184 utet
2342 3146 2451 3183 una
2474 3143 2593 3181 cum
2618 3126 2714 3180 illo
2738 3126 3100 3197 gloriﬁcemur
3127 3126 3197 3179 ⁸⁷.

125 3220 491 3291 δοξασθῶμεν.

186 3314 257 3367 B'.
278 3312 437 3366 Ὅσοι
457 3315 567 3383 γὰρ
585 3312 863 3383 δυνηθῶσι
889 3311 1278 3385 περιγενέσθαι
1299 3315 1393 3369 καὶ
1411 3315 1698 3388 παρελθεῖν

122 3406 238 3467 τοὺς
257 3404 528 3475 θριγκοὺς
559 3405 661 3474 τῆς
694 3405 916 3472 κακίας,
942 3406 1281 3477 εἰσέρχονται
1313 3409 1393 3471 είς
1412 3408 1512 3478 τὴν
1538 3410 1704 3461 ἐπου-

126 3498 298 3566 ράνιον
330 3499 514 3563 πόλιν,
571 3498 672 3569 τὴν
719 3499 1155 3572 είρηνευομένην
1204 3500 1298 3553 καὶ
1328 3500 1536 3571 μεστὴν
1568 3498 1701 3552 πολ-

121 3592 223 3645 λῶν
253 3590 498 3659 ἀγαθῶν,
530 3592 666 3643 ὅπου
692 3590 763 3643 τὰ
794 3592 1085 3662 πνεύματα
1128 3591 1238 3644 τῶν
1288 3590 1514 3645 δικαίων
1566 3593 1702 3645 ἀνα-

123 3682 402 3737 παύονται.
446 3685 539 3735 Δεῖ
560 3676 653 3735 οὖν
688 3683 830 3754 ὑπὲρ
854 3681 1048 3735 τούτου
1069 3682 1322 3751 μεγάλως
1350 3684 1586 3754 πονῆσαι
1611 3684 1705 3737 καὶ

120 3776 518 3845 ἀγωνίσασθαι*
548 3777 611 3829 οὐ
641 3776 750 3847 γάρ
788 3778 905 3829 ἐστι
954 3776 1165 3830 δίκαιον
1202 3777 1295 3830 τὸν
1334 3777 1591 3848 Νυμφίον
1616 3777 1707 3831 διὰ

125 3868 179 3922 σὲ
207 3869 437 3923 ἐλθόντα
490 3868 685 3923 παθεῖν
721 3869 817 3922 καλ⁸
848 3868 1254 3939 σταυρωθῆναι,
1298 3871 1394 3923 καὶ
1424 3869 1524 3941 τὴν
1575 3869 1709 3940 νύμ-

122 3977 241 4029 φην,
271 3961 343 4013 δι’
379 3960 450 4031 ἢν
480 3963 509 4014 ό
531 3960 785 4030 Νυμφίος
812 3963 1169 4031 παρεγένετο,
1206 3962 1301 4015 καὶ
1325 3963 1723 4035 καυχουμένην·

120 4046 252 4107 εἶναι
283 4054 380 4106 καὶ
406 4053 743 4125 ῥέμϐεσθαι·
767 4053 959 4125 ῶσπερ
975 4054 1085 4125 γὰρ
1115 4056 1174 4110 ὲν
1196 4056 1310 4119 τοῖς
1332 4057 1704 4126 φαινομένοις,

120 4140 264 4216 ὲὰνῇ
296 4160 384 4207 τις
412 4144 614 4216 πόρνη,
646 4145 815 4198 πᾶσιν
848 4145 1165 4199 ἐπιδίδωσιν
1194 4144 1395 4217 ἑαυτὴν
1423 4148 1707 4207 ἀτάκτων

120 4235 255 4290 οὕτω
280 4240 378 4291 καὶ
416 4239 451 4309 ἡ
485 4237 636 4308 ψυχὴ
678 4239 843 4291 παντὶ
883 4238 1211 4292 ἐπιδέδωκεν
1245 4238 1445 4311 ἑαυτὴν
1470 4240 1708 4310 δαίμονι,

119 4328 209 4382 καὶ
239 4328 531 4399 φθείρεται
552 4329 661 4383 ὑπὸ
683 4329 793 4382 τῶν
813 4329 1162 4400 πνευμάτων.
1195 4331 1316 4384 Εἰσὶ
1345 4330 1455 4403 γὰρ
1490 4334 1539 4386 οἱ
1561 4332 1711 4403 ἔχονά

118 4436 204 4483 τες
229 4420 331 4492 τὴν
374 4423 680 4493 ἁμαρτίαν,
713 4422 809 4475 καὶ
849 4421 913 4474 τὸ
943 4422 1113 4476 κακὸν
1155 4422 1300 4477 κατὰ
1345 4425 1666 4497 προαίρεσιν
1690 4442 1706 4457 ⁸

117 4512 255 4575 τινὲς
284 4513 343 4567 δὲ
378 4516 537 4585 παρὰ
567 4514 912 4586 προαίρεσιν.
944 4516 1056 4569 Καὶ
1088 4515 1141 4567 τί
1163 4515 1513 4585 tentatum;
1539 4518 1708 4590 οἱμὲν

118 4604 255 4656 κατά
277 4604 610 4675 προαίρεσιν
645 4604 860 4675 ἔχοντες
888 4604 949 4659 τὸ
978 4605 1169 4671 κακὸν,
1201 4600 1351 4660 οὗτοι
1383 4608 1522 4661 εἰσιν
1561 4610 1609 4662 oi
1645 4610 1707 4663 τὸ

119 4694 325 4749 ἑαυτῶν
375 4695 596 4766 θέλημα
640 4695 974 4759 ἐπιδιδόντες
1022 4698 1090 4767 τῇ
1121 4698 1313 4769 κακίᾳ,
1345 4698 1442 4752 καὶ
1483 4700 1708 4770 συνηδό-

121 4805 287 4856 μενοι,
322 4790 424 4845 καὶ
483 4788 843 4859 φιλιάζοντες,
876 4780 1024 4842 οὗτοι
1069 4790 1296 4861 εἰρήνην
1348 4790 1533 4862 ἔχουσι
1571 4792 1712 4863 μετὰ

119 4874 208 4930 τοῦ
231 4879 481 4941 Σατανᾶ,
499 4880 594 4932 καὶ
624 4878 686 4931 οὐ
710 4876 925 4931 ποιοῦσι
947 4877 1186 4949 πόλεμον
1204 4882 1261 4933 ὲν
1289 4883 1400 4944 τοῖς
1430 4881 1712 4953 λογισμοῖς

122 4972 254 5040 μετὰ
290 4971 392 5025 τοῦ
447 4969 715 5024 διοϐόλου.
775 4972 836 5023 Oi
879 4971 939 5024 δὲ
976 4972 1129 5042 παρὰ
1175 4975 1531 5043 προαίρεσιν,
1560 4969 1709 5030 οὗτοι

120 5064 295 5133 ἔχουσι
354 5064 460 5132 τὴν
498 5064 711 5124 ἑαυτοῖς
758 5063 1039 5134 ἁμαρτίαν
1088 5065 1712 5137 ἁντιστρατευομένην

118 5155 185 5205 ἐν
203 5154 329 5221 τοῖς
370 5155 638 5225 μέλεσιν
669 5154 891 5223 αὐτῶν,
921 5156 1067 5209 κατὰ
1097 5159 1190 5210 τὸν
1215 5158 1557 5215 Ἀπὸστολον.
1600 5160 1711 5215 Καὶ

122 5245 265 5298 ἔστιν
314 5248 349 5316 ἡ
405 5245 721 5315 ὁμιχλώδης
749 5246 999 5315 δύναμις,
1030 5246 1126 5299 καὶ
1172 5245 1233 5299 τὸ
1266 5248 1532 5319 κάλυμμα
1562 5250 1713 5320 παρὰ

122 5339 468 5408 προαίρεσιν,
502 5340 596 5392 καὶ
628 5340 690 5392 οὐ
728 5339 1110 5410 συμφωνοῦσιν
1145 5341 1204 5393 ἐν
1245 5344 1358 5404 τοῖς
1408 5342 1711 5412 λογισμοῖς,

121 5430 239 5485 οὔτε
272 5432 624 5502 συνήδονται,
672 5433 707 5503 ἢ
759 5432 1149 5500 ὑπακούουσιν,
1196 5433 1310 5487 ἀλλ’
1346 5435 1709 5505 ἀντιλέγουσι,

124 5524 211 5575 καὶ
229 5523 717 5595 ἀντιπράττουσιν,
746 5524 1058 5595 ὀργίζονται
1092 5526 1329 5589 ἑαυτοῖς.
1382 5520 1541 5580 Οὗτοι
1572 5525 1708 5579 πολύ

124 5615 222 5668 alat
251 5612 552 5679 καλλίονες
577 5617 672 5670 καὶ
704 5618 1197 5688 τιμιώτεροιπαρὰ
1227 5617 1367 5690 Θεῷ,
1396 5618 1538 5686 ὑπὲρ
1565 5617 1708 5673 Exsi-

196 5789 236 5821 ⁸⁷
282 5790 453 5846 lion).
487 5806 599 5858 vui,
632 5791 716 5847 17.
805 5793 847 5825 ⁸⁸
880 5793 1039 5849 Rom.
1070 5810 1161 5859 ιιι,
1186 5795 1275 5848 25.

1875 3316 1940 3370 ll.
1972 3314 2303 3382 Quicunque
2358 3308 2507 3365 enim
2562 3321 2828 3377 superare
2860 3321 2925 3360 ac
2986 3305 3264 3360 transilire
3293 3318 3396 3375 po-

1805 3407 2013 3463 tuerint
2041 3414 2194 3475 septa
2250 3403 2531 3473 nequitiaa,
2578 3400 2965 3469 ingrediuntur
3014 3398 3070 3451 in
3114 3395 3398 3451 cmlestem

1803 3502 2104 3565 civitatem,
2160 3498 2313 3569 pacis
2360 3513 2424 3552 ac
2453 3497 2756 3551 multorum
2801 3492 3077 3546 bonorum
3133 3488 3388 3559 plenam,

1805 3595 1901 3648 ubi
1923 3591 2153 3663 spiritus
2172 3590 2449 3662 iustorum
2479 3587 2854 3658 requiescunt.
2888 3583 3067 3651 Super
3089 3580 3197 3634 hoc
3233 3579 3401 3647 igitur

1807 3685 2043 3739 maxime
2094 3680 2455 3736 laborandum
2509 3693 2573 3733 ac
2620 3673 3061 3732 decertandum:
3121 3670 3397 3739 siquidem

1806 3792 1917 3831 non
1961 3783 2047 3831 est
2095 3788 2337 3844 aequum,
2395 3771 2670 3841 Sponsum
2726 3766 2809 3822 tui
2865 3763 3038 3835 gratia
3061 3762 3396 3823 venientem.

1807 3881 2027 3939 passum
2058 3879 2122 3920 ac
2150 3864 2476 3918 cruciﬁxum
2509 3876 2663 3926 esse;
2689 3871 2948 3928 sponsam
2976 3869 3131 3917 vero,
3171 3862 3400 3922 prOpter

1808 3974 1973 4030 quam
2031 3958 2279 4028 Sponsus
2307 3955 2483 4020 venit,
2542 3953 2599 4007 in
2635 3950 2867 4009 mollitie
2896 3946 3108 4002 versari
3138 3953 3195 3999 et
3221 3943 3398 4012 negli-

1809 4050 1995 4122 gentia
2018 4048 2276 4105 distrahi.
2305 4044 2778 4123 Quemadmodum
2807 4040 2960 4096 enim
2992 4040 3049 4093 in
3080 4036 3249 4092 rebus
3266 4050 3403 4089 ocu-

1810 4146 1994 4201 lorum
2024 4142 2163 4199 aciei
2192 4139 2480 4212 subjectis,
2509 4138 2554 4193 si
2580 4137 2651 4192 sit
2678 4134 2937 4190 meretrix
2959 4130 3251 4202 quaepiam,
3276 4143 3401 4198 quae

1818 4237 2079 4292 omnibus
2109 4251 2168 4291 se
2217 4234 2392 4304 ipsam
2443 4230 2682 4301 turpiter
2709 4227 3030 4299 prostituat,
3077 4223 3157 4277 sic
3194 4229 3250 4277 et
3274 4221 3396 4275 ani-

1813 4342 1925 4391 ma,
1957 4326 2271 4394 cuicunque
2297 4336 2355 4377 se
2377 4320 2603 4375 tradidit
2636 4316 2895 4379 daemoni,
2931 4321 2987 4368 et
3017 4311 3398 4380 corrumpitur

1813 4432 1845 4475 a
1900 4416 2213 4488 spiritibus.
2260 4413 2383 4468 Non
2442 4411 2645 4466 desunt
2695 4408 2867 4469 enim,
2916 4405 3011 4476 qui
3072 4412 3297 4474 peccato
3342 4410 3400 4457 et

1814 4513 2039 4568 malitiae
2089 4508 2314 4564 obnoxii
2366 4514 2499 4561 sunt
2526 4520 2593 4559 ex
2626 4500 2933 4572 proposito,
2995 4497 3224 4568 quidam
3265 4510 3398 4549 vero

1805 4617 2008 4679 praeter
2035 4603 2405 4677 propositum.
2436 4597 2579 4665 Quid
2603 4611 2734 4650 vero
2780 4593 2891 4650 sibi
2921 4592 3120 4646 volunt
3151 4589 3297 4644 ista?
3322 4588 3403 4641 Ex

1807 4697 2091 4770 pr0posito
2134 4694 2360 4765 quidem
2410 4689 2637 4745 malitia:
2687 4684 2917 4741 obnoxii
2970 4690 3101 4737 sunt
3165 4680 3248 4743 bi,
3304 4679 3401 4747 qui

1809 4792 2150 4847 voluntatem
2200 4801 2355 4841 suam
2404 4782 2628 4837 malitia:
2657 4771 3033 4838 tradiderunt,
3073 4775 3276 4842 illaque
3307 4773 3407 4825 de-

1810 4878 2022 4944 lectati,
2075 4873 2376 4931 amicitiam
2405 4885 2531 4926 cum
2567 4884 2633 4925 ea
2679 4868 2913 4921 ineunt:
2957 4860 3272 4933 hujusmodi
3308 4859 3404 4927 qui

1816 4977 1967 5034 sunt,
2004 4981 2195 5037 pacem
2231 4964 2422 5019 colunt
2475 4974 2601 5015 cum
2633 4959 2856 5020 Satana,
2895 4969 2997 5008 nec
3028 4953 3231 5007 bellum
3267 4950 3409 5003 infe-

1817 5069 1948 5115 runt
1992 5056 2445 5129 cogitationibus.
2478 5052 2581 5119 Qui
2615 5063 2749 5105 vero
2794 5057 2997 5119 praeter
3035 5043 3405 5114 prOpositum,

1818 5152 1875 5207 lii
1906 5151 2115 5205 habent
2144 5149 2370 5219 quidem
2405 5144 2549 5217 apud
2585 5158 2642 5197 se
2690 5146 2979 5211 peccatum
3009 5151 3314 5205 repugnans
3349 5135 3409 5187 in

1821 5243 2065 5296 membris
2112 5254 2291 5294 eorum
2313 5241 2381 5303 “,
2434 5235 2741 5293 secundum
2793 5229 3159 5299 Apostolum:
3207 5237 3405 5295 estque

1820 5336 2089 5391 nebulosa
2120 5334 2206 5388 vis
2233 5340 2289 5388 et
2325 5333 2499 5403 caligo
2549 5337 2749 5401 printer
2774 5323 3155 5396 propositum:
3189 5334 3295 5374 non
3327 5327 3408 5372 ta-

1822 5445 1949 5484 men
2002 5426 2361 5483 consentiunt
2398 5426 2454 5479 in
2484 5418 2933 5494 cogitationibus,
2968 5429 3072 5471 nec
3119 5412 3407 5468 una'dele-

1822 5529 2044 5577 ctantur
2073 5526 2169 5574 aut
2191 5519 2598 5588 obtemperant,
2635 5512 2731 5568 sed
2757 5508 3149 5566 contradicunt
3176 5508 3233 5561 et
3265 5520 3403 5559 con-

1823 5617 2144 5683 tral‘aciunt,
2176 5615 2497 5673 irascuntur
2525 5609 2634 5667 sibi
2676 5606 2779 5680 ipsi
2806 5623 2819 5660 :
2842 5603 2904 5659 bi
2937 5603 3100 5674 longe
3134 5606 3406 5671 praestan-
