3966 6550
548 349 654 414 695

1804 354 1862 413 S.
1905 351 2140 413 MACAF

2263 348 2588 411 EGYPTII
3691 350 3773 414 ωε

550 460 720 514 tiores
758 473 823 514 ac
841 457 1123 531 digniores
1145 468 1276 515 sunt
1302 459 1448 531 apud
1471 460 1668 527 Deum,
1702 476 1866 532 quam
1898 460 2000 525 illi,
2034 460 2130 530 qui

2243 476 2355 524 νους
2387 458 2516 522 τοὺς
2548 457 2656 529 ἰδία
2702 452 3023 527 προαιρέσει
3074 453 3135 508 τὸ
3186 453 3397 526 θέλημα
3440 453 3611 510 αὐτῶν
3644 457 3773 515 tua.

547 550 616 605 de
646 550 922 605 industria
966 560 1031 607 ac
1076 553 1328 607 consulto
1354 553 1692 608 voluntatem
1713 568 1870 608 suam
1907 553 2133 607 malitia:

550 642 922 706 tradiderunt,
956 652 1011 697 et
1039 659 1148 697 una
1181 642 1549 698 delectantur.

626 731 715 785 lll.
741 731 1214 797 Quemadmodum
1236 731 1279 785 si
1311 732 1382 786 sit
1410 748 1527 795 rex,
1549 731 1644 802 qui
1666 731 1953 789 inveniens
1972 734 2131 804 puel-

555 822 660 876 lam
688 824 977 892 quamdam
1008 839 1326 893 pauperem,
1365 823 1563 892 pannis
1590 824 1848 889 obsitam,
1873 841 1983 879 non
2005 842 2135 880 eru-

557 911 764 974 bescat,
790 912 985 966 ablatis
1006 912 1244 965 sordidis
1266 912 1387 981 ejus
1415 912 1773 979 indumentis,
1790 914 2133 984 nigredinem

556 1002 745 1056 eluere
785 1017 1021 1070 eamque
1062 1013 1298 1058 exornet
1328 1002 1634 1071 splendidis
1674 1004 1943 1071 vestibus,
1991 1006 2135 1061 asci-

557 1101 782 1161 scatque
823 1108 944 1147 eam
969 1093 1073 1147 sibi
1104 1094 1311 1148 sociam
1338 1096 1502 1165 regis,
1522 1104 1687 1164 atque
1717 1112 1923 1151 mensa:
1944 1112 2058 1151 sua:
2079 1105 2135 1151 et

558 1184 798 1238 convivii
847 1185 1174 1255 participem
1220 1186 1423 1250 faciat,
1481 1188 1561 1243 sic
1592 1205 1813 1260 quoque
1868 1191 2134 1246 Dominus

556 1275 792 1329 oﬂ’endit
834 1276 1073 1331 animam
1124 1279 1467 1333 vulneratam
1511 1296 1576 1335 ac
1606 1296 1943 1350 percussam,
1974 1282 2133 1336 adhi-

556 1368 786 1439 buitque
839 1369 890 1424 ei
950 1371 1333 1440 pharmacum,
1372 1380 1429 1425 et
1456 1373 1608 1427 exuit
1633 1389 1756 1428 eam
1787 1375 1924 1429 atris
1975 1374 2135 1430 indu-

556 1462 778 1527 mentis,
811 1469 867 1516 et
917 1463 1262 1532 turpitudine
1309 1464 1551 1526 malitiae,
1585 1475 1749 1535 atque
1804 1465 1986 1520 induit
2010 1481 2132 1521 eam

556 1555 904 1609 vestimentis
945 1555 1133 1625 regiis,
1173 1555 1512 1620 caelestibus,
1552 1554 1778 1620 divinis,
1824 1556 2048 1626 fulgidis
2078 1565 2134 1610 et

556 1647 843 1716 gloriosis:
899 1646 1272 1715 imposuitque
1341 1646 1419 1700 illi
1477 1661 1760 1714 coronam,
1815 1650 2133 1720 sociamque

557 1737 847 1792 constituit
893 1738 1056 1808 regia:
1082 1753 1283 1792 mensa:
1333 1738 1401 1792 ad
1436 1739 1697 1809 gaudium
1726 1747 1783 1794 et
1812 1740 2135 1795 exsultatio—

558 1845 706 1884 nem.
736 1829 804 1883 Et
833 1829 1296 1898 quemadmodum
1341 1830 1387 1884 si
1417 1830 1487 1885 sit
1524 1830 1741 1895 hortus,
1769 1832 1864 1901 qui
1890 1832 2137 1887 consitus
2168 1825 2209 1881 Β

558 1921 631 1976 sit
679 1921 977 1975 arboribus
1012 1921 1319 1976 fructiferis
1370 1921 1614 1992 undique
1653 1922 1793 1978 bene
1822 1924 2133 1979 olentibus:

559 2015 675 2069 sint
729 2030 951 2084 quoque
1005 2014 1083 2069 ibi
1116 2016 1235 2069 loca
1301 2016 1471 2068 multa
1524 2016 1841 2071 ammnitate
1874 2016 2133 2088 jucunda,

558 2107 720 2177 plane
760 2107 990 2177 pulchra
1039 2122 1104 2162 ac
1138 2109 1296 2177 plena
1348 2108 1663 2179 fragrantia:
1709 2118 1767 2163 et
1816 2110 2051 2179 quietis;
2082 2119 2139 2166 et

558 2197 881 2269 quicunque
932 2199 1271 2269 ingrediatur
1307 2200 1458 2264 illuc,
1502 2201 1717 2255 laetetur
1744 2210 1802 2256 et
1846 2201 2134 2271 quiescat:

558 2290 639 2346 sic
663 2306 723 2345 se
773 2291 981 2346 habent
1005 2292 1202 2346 anima:
1235 2291 1290 2346 in
1324 2308 1492 2363 regno
1533 2292 1672 2357 hoc;
1722 2301 1847 2347 tota:
1880 2292 2140 2349 fruuntur

558 2384 783 2453 gaudio,
805 2384 990 2438 laetitia
1016 2394 1072 2440 et
1107 2400 1274 2454 pace;
1311 2401 1466 2455 reges
1484 2393 1540 2439 et
1570 2384 1779 2439 domini
1802 2394 1933 2440 sunt
1956 2394 2013 2441 et
2037 2385 2138 2441 dii.

560 2474 842 2544 Scriptum
878 2476 1026 2530 enim
1068 2486 1187 2532 est:
1236 2476 1347 2532 Rea:
1395 2479 1759 2548 regnantium,
1794 2486 1845 2531 et
1884 2477 2138 2533 Dominus

560 2567 947 2622 dominantium
963 2569 1031 2622 ".

630 2748 722 2806 IV.
762 2749 883 2806 Non
902 2766 1035 2822 ergo
1051 2750 1493 2807 Christianorum
1528 2753 1712 2808 cultus
1740 2760 1827 2809 est
1852 2752 2139 2823 quippiam

557 2843 827 2913 vulgare:
860 2844 1184 2915 mysterium
1223 2844 1372 2897 enim
1424 2844 1530 2899 hoc
1568 2859 1827 2915 magnum
1868 2854 1974 2900 est.
2012 2845 2143 2900 Per-

558 2934 739 3005 pende
785 2949 917 3005 ergo
969 2935 1318 2992 nobilitatem
1347 2946 1518 3002 tuam,
1543 2937 1692 3007 quod
1725 2937 1792 2992 ad
1827 2938 2032 3008 regiam
2053 2938 2141 2993 di-

560 3026 825 3095 gnitatem
860 3034 1088 3081 vocatus
1146 3028 1256 3081 sis:
1310 3026 1485 3083 Genus
1518 3027 1758 3091 electum,
1784 3029 2142 3082 sacerdotium

560 3124 611 3167 et
637 3132 763 3185 gens
789 3125 976 3170 sancta
998 3117 1069 3169 1'.
1104 3117 1417 3188 Mysterium
1440 3117 1586 3171 enim
1610 3117 2017 3173 Christianismi
2042 3133 2140 3187 pe-

2236 548 2515 620 δόνταςτῇ
2549 546 2740 617 κακίᾳ,
2777 545 2874 599 καὶ
2906 543 3324 614 συνηδομένους.

2310 732 2388 787 F'.
2427 730 2642 801 Ὥσπερ
2666 723 2815 803 ἐὰν
2847 727 3120 799 βασιλεὺς,
3144 726 3237 782 καὶ
3257 727 3393 799 εὕρῃ
3413 728 3666 797 πενιχράν
3682 747 3777 785 τινα

2238 823 2409 893 κόρην
2430 822 2572 893 ῥάκη
2602 820 2977 891 ἐνδεδύμένην,
3040 820 3136 874 καὶ
3161 818 3234 890 μὴ
3286 819 3639 889 ἐπαισχυνθῇ,
3671 820 3779 873 ἀλλὰ

2238 915 2348 988 ἄρῃ
2373 915 2543 984 αὐτῆς
2557 913 2625 967 τὰ
2642 912 2861 984 ῥυπαρὰ
2882 911 3172 982 ἐνδύματα,
3192 909 3581 980 καὶιάποπλύνῃ
3601 910 3687 980 τὴν
3702 929 3778 981 με.

2238 1008 2445 1071 λανίαν,
2479 1006 2575 1060 καὶ
2612 1006 2867 1076 κοσμήσῃ
2886 1002 3054 1074 αὐτὴν
3100 1002 3365 1072 ἐνδύμασι
3397 1000 3681 1072 λαμπροῖς,
3704 1005 3780 1057 καὶ

2240 1103 2445 1172 ποιήσῃ
2480 1099 2650 1169 αὐτὴν
2680 1097 2938 1152 κοινωνὸν
2966 1094 3253 1167 βασιλέως,
3288 1094 3386 1148 καὶ
3406 1094 3511 1163 τῆς
3536 1095 3779 1165 τραπέζης

2242 1192 2434 1256 αὐτοῦ,
2457 1191 2554 1244 καὶ
2586 1191 2687 1260 τῆς
2716 1187 2952 1258 εὐωχίας
2994 1184 3212 1257 μεταδῷ
3247 1186 3384 1257 αὐτῇ
3413 1201 3427 1215 ’
3462 1183 3634 1248 οὕτως
3663 1187 3781 1241 καὶὸ

2239 1285 2445 1357 Κύριος
2472 1277 2599 1355 εὗρε
2643 1282 2742 1353 τὴν
2772 1281 2952 1352 ψυχὴν
2988 1277 3557 1351 τετραυματισμένην,
3584 1278 3669 1331 καὶ
3709 1296 3783 1331 πε-

2240 1377 2582 1448 πληγμένην,
2612 1375 2707 1429 καὶ
2728 1373 2928 1426 ἔδωκεν
2951 1371 3089 1441 αὐτῇ
3118 1371 3433 1441 φάρμακον,
3453 1370 3547 1422 καὶ
3571 1370 3783 1436 ἑξέδυσεν

2241 1469 2411 1538 αὐτὴν
2444 1468 2513 1521 τὰ
2542 1468 2750 1538 μέλανα
2776 1465 3070 1535 ἐνδύματα,
3104 1464 3199 1517 καὶ
3227 1462 3326 1534 τὴν
3355 1461 3680 1533 αίσχρότητα
3708 1466 3784 1532 τῆς

2241 1560 2463 1627 κακίας,
2518 1560 2616 1613 καὶ
2669 1556 2921 1611 ἐνέδυσεν
2980 1555 3153 1625 αὒτὴν
3208 1554 3488 1625 ἐνδύματα
3542 1554 3783 1624 βασιλικὰ,

2244 1650 2574 1722 ἐπουράνια,
2603 1648 2705 1715 τῆς
2738 1647 3017 1717 Θεότητος,
3050 1644 3310 1715 φωτεινὰ,
3338 1645 3436 1698 καὶ
3472 1644 3653 1710 ἔνδοξα
3674 1663 3687 1675 ο
3714 1648 3787 1699 καὶ

2240 1744 2513 1812 ἐπέθηκεν
2550 1741 2688 1812 αὐτῇ
2723 1739 3010 1809 στέφανον,
3043 1738 3137 1792 καὶ
3158 1737 3418 1808 ἐποίησεν
3442 1736 3613 1806 αὐτὴν
3631 1755 3787 1790 κοινω-

2237 1836 2326 1890 νδν
2350 1833 2632 1908 τραπέζης
2687 1830 2973 1903 βασιλικῆς
3020 1831 3097 1893 εἰς
3152 1828 3327 1900 χαρὰν
3352 1829 3447 1883 καὶ
3476 1828 3785 1897 ἀγαλλίασιν.

2237 1928 2347 1983 Καὶ
2396 1925 2587 1998 ὥσπερ
2629 1926 2727 1979 ἐὰν
2849 1922 3200 1993 παράδεισος,
3230 1923 3326 1977 καὶ
3356 1922 3461 1993 ἔχῃ
3487 1923 3604 1975 ἐκεῖ
3628 1920 3787 1991 δένδρα

2236 2018 2585 2090 καρποφόρα,
2618 2016 2715 2071 καὶ
2740 2016 2837 2069 ὅλα
2868 2013 3065 2085 εὐώδη,
3093 2015 3191 2068 καὶ
3219 2008 3355 2068 ὧσιν
3374 2016 3497 2067 ἐκεῖ
3518 2015 3667 2067 τόποι
3694 2012 3790 2065 πολ·

2237 2112 2319 2166 λοὶ
2346 2111 2685 2181 ἐπιτερπεῖς,
2714 2108 2829 2162 ὅλοι
2857 2106 3053 2179 ὡραῖοι
3111 2106 3209 2160 καὶ
3266 2104 3689 2177 πεπληρωμένοι
3721 2104 3790 2155 εὖ·

2237 2205 2402 2269 ωδίας
2424 2204 2521 2258 καὶ
2539 2201 2896 2266 ἀναπαύσεως
2912 2217 2928 2233 ⁸
2948 2200 3042 2254 καὶ
3074 2200 3221 2263 ὅστις
3250 2198 3317 2253 ἂν
3336 2198 3551 2270 ἀπέλθῃ
3572 2199 3699 2263 ἐκεῖ,
3719 2196 3787 2250 eo.

2238 2299 2530 2371 φραίνεται
2553 2296 2649 2351 καὶ
2662 2294 3019 2349 ἀναπαύεταιο
3038 2293 3215 2357 οὕτως
3230 2292 3474 2362 γίνονται
3501 2291 3560 2345 αἱ
3572 2290 3729 2361 ψυχαὶ
3746 2290 3791 2341 ἐν

2237 2397 2304 2462 τῇ
2341 2390 2616 2462 βασιλείᾳ,
2646 2388 2766 2443 ὅλαι
2789 2387 2926 2441 είσὶν
2956 2387 3015 2439 ἐν
3049 2386 3217 2457 χαρᾷ,
3248 2384 3345 2437 καὶ
3372 2383 3791 2452 εὐφροσύνη.κιιὶ

2238 2484 2432 2555 εἰρήνῃ
2452 2500 2466 2514 ·
2505 2480 2743 2552 βασιλεῖς
2772 2479 2867 2532 καὶ
2894 2476 3076 2547 κύριοί
3096 2477 3203 2529 εἰσι
3224 2475 3320 2529 καὶ
3347 2474 3483 2528 Θεοί.
3511 2473 3791 2543 Γέγραπται

2240 2577 2369 2644 γὰρ,
2417 2574 2716 2638 Βασιλεὺς
2761 2570 2882 2624 τῶν
2920 2567 3405 2634 βασιλευόντων,
3453 2565 3560 2621 καὶ
3612 2565 3793 2633 Κύριος

2240 2662 2361 2717 τῶν
2391 2662 2815 2730 κυριευόντων.
2874 2730 2877 2733 Α

2312 2754 2386 2807 Δ’.
2422 2752 2534 2806 υύκ
2566 2750 2712 2803 ἐστιν
2734 2746 2827 2801 οὖν
2846 2745 2905 2799 τὸ
2928 2744 3089 2815 τυχὸν
3111 2745 3141 2798 ὀ
3159 2740 3617 2813 Χριστιανισμός⁹
3634 2738 3689 2791 τὸ
3705 2737 3791 2807 γᾶρ

2246 2844 2549 2914 μυστήριον
2574 2839 2735 2894 τοῦτο
2762 2838 2906 2909 μέγα
2950 2835 3119 2891 ἐστίν.
3161 2833 3455 2902 Ἐπίγνωθι
3480 2832 3577 2887 οὖν
3606 2848 3693 2885 σου
3712 2833 3792 2899 τὴν

2243 2936 2545 3005 εὐγένειαν,
2576 2935 2657 2987 ὅτι
2686 2934 2766 2996 είς
2803 2929 3083 2999 βασιλικὸν
3112 2927 3332 2996 ἀξίωμα
3362 2925 3623 2998 ἐκλήθης,
3646 2924 3793 2993 γένος

2242 3028 2552 3090 ἐκλεκτὸν,
2569 3024 2880 3094 Ιεράτευμα
2894 3024 2994 3078 καὶ
3011 3021 3187 3087 ἔθνος
3203 3020 3396 3089 ἅγιον·
3416 3018 3482 3071 τὸ
3500 3018 3609 3087 γὰρ
3633 3017 3794 3086 μυστή-

2248 3139 2361 3193 ριον
2385 3118 2478 3173 τοῦ
2500 3114 2930 3189 Χριστιανισμοῦ
2957 3113 3239 3179 ξένονξέστὶ
3257 3110 3352 3165 τοῦ
3381 3110 3593 3180 κόσμου
3612 3109 3789 3162 τούτου.

562 3208 843 3277 regrinum
875 3216 957 3263 est
1004 3208 1072 3262 ab
1109 3186 1216 3263 hoc
1250 3209 1477 3263 mundo.
1533 3208 1719 3265 Gloria
1750 3210 1894 3281 regis
1915 3186 2140 3279 quidem

2249 3186 2320 3266 ιΗ
2356 3212 2454 3284 μὲν
2484 3186 2784 3282 φαινομένη
2810 3186 2937 3273 δόξα
2967 3204 3062 3260 τοῦ
3086 3203 3372 3275 βασιλέως,
3400 3203 3502 3255 καὶ
3525 3205 3553 3255 ὁ
3576 3200 3790 3263 πλοῦτος,

561 3298 885 3367 conspicua,
921 3313 986 3353 ac
1011 3299 1218 3354 divitiae
1263 3310 1479 3355 terrena
1531 3310 1683 3365 sunt,
1740 3301 2141 3370 corruptibilia,

562 3389 708 3443 ﬂuxa
730 3400 787 3444 et
820 3390 1050 3444 caduca.
1103 3393 1351 3461 Regnum
1394 3401 1580 3447 autem
1617 3392 1775 3458 illud,
1828 3400 1886 3447 et
1917 3393 2144 3459 divitiae,

564 3488 695 3534 sunt
738 3496 827 3536 res
855 3482 1079 3549 divinae,
1113 3499 1201 3539 res
1230 3485 1483 3539 caelestes
1504 3495 1671 3555 atque
1703 3486 1979 3556 gloriosae,
2004 3501 2149 3538 nun-

563 3588 729 3642 quam
762 3574 1140 3643 praeteritum,
1175 3593 1456 3645 nunquam
1492 3577 1874 3632 dissolvendae.
1895 3577 2149 3647 Regnant

564 3666 713 3720 enim
743 3680 868 3719 curn
901 3665 1113 3721 caelesti
1146 3682 1269 3737 rege
1308 3667 1361 3720 in
1390 3667 1599 3722 caelesti
1626 3668 1899 3733 Ecclesia;
1924 3668 2149 3738 ipseque

565 3759 948 3829 primogenitus
977 3768 1053 3813 est
1091 3776 1153 3813 ex
1184 3764 1403 3815 mortuis
1426 3762 1493 3824 τί,
1547 3762 1894 3833 primogeniti
1926 3776 2147 3832 quoque

567 3847 691 3918 ipsi.
716 3848 988 3905 Caeterum
1016 3850 1302 3905 licettales
1346 3852 1465 3906 sint
1485 3853 1645 3908 electi
1675 3862 1731 3909 et
1758 3854 1977 3925 probati
2000 3852 2146 3923 apud

566 3938 768 4003 Deum;
797 3941 940 4009 apud
968 3955 1026 3995 se
1056 3949 1239 3995 tamen
1270 3951 1399 3996 sunt
1429 3942 1663 4008 minimi,
1688 3953 1745 3999 et
1769 3945 1927 4000 valde
1958 3960 2149 4013 repro-

568 4029 712 4093 bati;
752 4030 912 4101 105
955 4030 1103 4101 quod
1160 4031 1271 4086 illis
1296 4039 1381 4087 est
1432 4032 1583 4088 velut
1634 4034 1890 4089 naturale
1922 4042 1979 4088 et
2016 4048 2150 4088 con-

566 4134 803 4187 cretum,
841 4132 902 4177 ut
932 4123 1000 4177 de
1032 4138 1091 4178 se
1118 4123 1405 4181 humiliter
1442 4133 1540 4180 aut
1564 4126 1704 4182 nihil
1740 4127 2005 4183 sentiant.

642 4299 707 4355 ν.
758 4298 1133 4368 Interrogatio.
1173 4301 1502 4373 Ignorantne
1542 4318 1664 4375 ergo
1710 4320 1766 4359 se
1803 4306 2148 4361 accessionem

568 4404 890 4455 consecutos,
915 4394 1162 4464 ac,§quod
1204 4411 1309 4447 non
1350 4396 1631 4462 habebant,
1679 4398 1944 4467 possidere
1986 4416 2019 4453 a
2048 4415 2149 4453 na-

569 4494 693 4539 tura
720 4502 816 4539 sua
853 4484 1122 4554 quidpiam
1144 4483 1417 4538 alienum?

640 4578 942 4649 Responsio.
975 4577 1088 4647 Ego
1122 4592 1254 4631 vero
1280 4577 1378 4632 tibi
1403 4578 1525 4633 dico
1584 4580 1707 4635 illos
1735 4595 1843 4635 non
1874 4596 1997 4636 esse
2016 4597 2146 4651 pro-

570 4670 748 4735 batos,
803 4684 905 4723 nec
949 4684 1072 4723 esse
1120 4668 1177 4723 in
1207 4684 1523 4740 progressu,
1555 4681 1721 4741 atque
1745 4672 1997 4743 ignorare
2059 4689 2143 4739 se,

2245 3303 2468 3370 ἐπίγεια
2506 3303 2643 3367 ἐστι,
2694 3299 2790 3353 καὶ
2818 3298 3061 3371 φθαρτὰ,
3092 3297 3187 3350 καὶ
3214 3293 3641 3364 παρερχόμενα’
3672 3293 3791 3344 ἐκεῖ·

2245 3415 2310 3466 νη
2344 3396 2401 3449 δὲ
2442 3396 2475 3465 ἡ
2533 3392 2802 3464 βασιλεία,
2861 3390 2955 3444 καὶ
3002 3390 3031 3442 ὁ
3070 3388 3325 3455 πλοῦτος,
3358 3386 3664 3458 πράγματα
3701 3385 3793 3436 ἐστι

2246 3480 2698 3552 θεῖα,πράγματα
2724 3478 3021 3548 ἐπουράνια
3049 3477 3645 3547 καὶένδοξα,μηδέποτε
3676 3490 3787 3542 πσρ-

2246 3574 2516 3643 ερχόμενα
2566 3573 2600 3643 ἢ
2653 3572 2912 3643 λυόμενα.
2947 3568 3414 3641 Συμόασιλεύουσι
3444 3566 3796 3637 γὰρτῷἐπου-

2248 3666 2418 3738 ρανίῳ
2484 3665 2728 3736 βασιλεῖ,
2761 3667 2819 3717 ἐν
2866 3666 2934 3734 τῇ
2986 3661 3297 3733 ἐπουρανίῳ
3359 3660 3685 3728 Ἐκκλησίαο
3722 3656 3796 3709 καὶ

2247 3758 2623 3826 πρωτότοκος
2630 3755 2749 3826 μέν
2759 3755 2932 3808 ἐστιν
2943 3753 3127 3819 αὐτὸς
3140 3752 3210 3806 ἐκ
3225 3748 3477 3818 νεκρῶν,
3496 3747 3795 3820 πρωτότοκοι

2247 3849 2306 3902 δὲ
2338 3849 2432 3901 καὶ
2461 3848 2636 3902 αὐτοί.
2678 3845 2841 3899 Ἀλλὰ
2880 3846 3086 3916 καίπερ
3131 3843 3362 3898 τοιοῦτοι
3393 3843 3554 3906 ὄντες
3584 3842 3797 3896 ἐκλεκτοὶ

2248 3940 2343 3994 καὶ
2369 3940 2579 4011 δόκιμοι
2610 3939 2761 4008 παρὰ
2799 3936 2940 4008 Θεῷ,
2969 3936 3101 4007 παρ’
3125 3937 3337 3999 ἑαυτοῖς
3364 3936 3506 3988 εἰσιν
3535 3933 3796 4003 ἐλάχιστοι.

2249 4033 2346 4085 καὶ
2392 4030 2513 4085 λίαν
2557 4028 3155 4100 ἀποδεδοκιμασμένον
3211 4026 3490 4081 καὶτοῦτο
3522 4027 3695 4089 αὐτοῖς
3736 4025 3796 4086 ὡς

2250 4123 2481 4193 φυσικὸν
2506 4123 2601 4177 καὶ
2635 4120 2843 4193 πηκτόν
2879 4123 3000 4175 ἐστι
3026 4119 3317 4184 ταπεινοὺς
3345 4118 3379 4191 ἢ
3418 4118 3485 4173 τδ
3511 4118 3673 4190 μηδὲν
3694 4117 3788 4170 ἐαυ-

2247 4215 2373 4277 τοὺς
2400 4212 2671 4284 ἡγεῖσθαι.

2320 4305 2396 4361 Ε’.
2419 4305 2763 4375 Ἐρώτησις.
2784 4306 2906 4359 Οὐκ
2936 4303 3176 4359 οἴδασιν
3192 4299 3328 4371 οὖν,
3360 4303 3452 4359 ὅτι
3474 4302 3793 4373 προσθήκην

2250 4396 2494 4461 ἔλαϐον,
2518 4396 2618 4451 καί
2656 4397 2688 4451 ὃ
2729 4398 2841 4451 οὐκ
2868 4393 3058 4465 εἶχον,
3090 4396 3455 4469 ἐκτήσαντο,
3501 4396 3677 4462 ξένον
3707 4393 3792 4461 τῆς

2180 4533 2224 4588 D
2253 4492 2495 4561 φύσεως
2525 4488 2744 4545 αὐτῶν.

2335 4584 2701 4651 Ἀπόκρισις.
2727 4581 2870 4650 Ἐγὼ
2888 4580 2996 4653 γάρ
3029 4598 3112 4634 σοι
3133 4580 3296 4649 λέγω,
3325 4580 3407 4634 δτι
3436 4580 3543 4634 οὐκ
3563 4577 3791 4633 εισὶδεδο-

2248 4674 2601 4746 κιμασμένοι,
2625 4675 2719 4730 καὶ
2741 4676 2843 4729 οὐκ
2859 4676 3005 4728 εἰσὶν
3016 4677 3077 4729 ἐν
3097 4676 3369 4747 προκοπῇ,
3392 4674 3492 4726 καὶ
3518 4671 3787 4740 ἀγνοοῦσιν,

566 4759 716 4831 quod
753 4776 861 4814 non
893 4759 1189 4825 habebant,
1232 4760 1539 4831 possidere.
1559 4761 1853 4829 Caeterum,
1886 4764 1979 4834 qui
2011 4766 2140 4820 tales

2249 4768 2325 4832 ὡς
2356 4767 2385 4821 δ
2417 4768 2520 4821 οὐκ
2558 4761 2705 4838 εἶχον
2752 4768 3071 4838 ἐκτήσαντο.
3124 4766 3286 4821 ’Δλλὰ
3326 4766 3604 4829 τοιούτους
3643 4764 3786 4821 onst.

570 4860 719 4918 sunt,
794 4867 891 4906 eos
941 4855 1055 4921 ipsa
1101 4851 1277 4922 gratia
1306 4853 1575 4907 accedens
1628 4854 1809 4920 docet,
1843 4872 1911 4911 ne
1938 4856 2049 4911 ullo
2087 4858 2140 4913 in

2250 4860 2388 4932 αὑτὴ
2416 4862 2446 4929 ἡ
2474 4860 2632 4930 χάρις
2659 4858 2888 4913 ἐλθοῦσα
2924 4858 3187 4925 διδάσκει,
3237 4858 3311 4929 μὴ
3338 4857 3483 4929 ἔχειν
3512 4858 3613 4928 τὴν
3646 4853 3788 4924 ψυχὴν

569 4946 749 5016 pretio
783 4944 1022 4999 habeant
1062 4946 1275 4998 animas
1312 4961 1461 5009 suas,
1508 4946 1637 5000 dum
1678 4962 2027 5018 progressum
2062 4948 2140 5003 fa-

2252 4951 2432 5007 αύτῶν
2484 4952 2692 5021 τιμίαν,
2762 4950 2921 5014 ὄντας
2960 4952 3019 5004 ἐν
3076 4954 3349 5022 προκοπῇ,
3395 4951 3535 5004 ἀλλὰ
3582 4947 3786 5018 φυςικᾶς

567 5038 742 5100 ciunt,
776 5036 871 5091 sed
908 5047 1103 5090 natura
1150 5036 1394 5106 abjeetos
1422 5046 1479 5091 et
1513 5037 1744 5094 infames
1781 5055 1840 5095 se
1872 5041 2020 5110 ipsos
2052 5056 2140 5095 re-

2250 5045 2479 5116 ἀτίμους
2506 5044 2733 5106 ἑαυτοὺς
2767 5041 3048 5113 ἡγεῖσθαιο
3086 5043 3180 5095 καὶ
3219 5042 3370 5113 παρὰ
3400 5041 3523 5112 θεῷ
3550 5042 3705 5110 τίμιοι
3724 5036 3789 5089 δν-

567 5136 783 5198 putent.
814 5128 999 5197 Itaque
1026 5142 1154 5181 cum
1184 5128 1329 5198 apud
1362 5130 1532 5184 Deum
1562 5132 1812 5200 prmelari
1837 5133 1969 5197 sint,
1997 5132 2140 5203 apud

2247 5154 2340 5201 τες
2368 5138 2502 5208 παρ’
2536 5136 2745 5197 ἐαυτοῖς
2777 5135 2877 5187 οὐκ
2904 5134 3031 5189 εἰσί.
3053 5135 3165 5188 Καὶ
3190 5135 3248 5186 ἐν
3274 5135 3525 5205 προκοπῇ
3561 5132 3650 5185 καὶ

568 5235 627 5275 se
664 5221 813 5290 ipsos
844 5236 952 5274 non
996 5230 1161 5276 sunt:
1213 5236 1450 5292 cumque
1500 5225 1614 5278 sint
1652 5224 1707 5279 in
1758 5242 2051 5297 progressu
2089 5236 2140 5283 et

2252 5246 2333 5281 σει
2369 5227 2505 5281 Θεοῦ
2545 5228 2719 5292 ὄντες,
2770 5227 2846 5291 ὡς
2876 5227 3042 5297 μηδὲν
3100 5226 3301 5290 εἰδότες
3346 5227 3489 5279 είσί·
3528 5227 3620 5277 καὶ
3670 5220 3788 5290 παρὰ

568 5312 763 5367 notitia
799 5311 917 5379 Dei,
942 5313 1173 5382 perinde
1203 5324 1352 5380 sunt,
1382 5331 1447 5370 ac
1473 5317 1518 5371 si
1543 5317 1654 5371 sint
1686 5320 1934 5373 omnium
1959 5336 2140 5375 rerum

2250 5321 2370 5391 Θεῷ
2419 5320 2662 5374 πλούσιοι
2689 5319 2863 5384 ὄντες,
2894 5320 3024 5390 παρ’
3069 5319 3285 5379 ἑαυτοῖς
3313 5320 3418 5371 είσι
3441 5334 3455 5347 ·
3489 5318 3671 5385 ὥσπερ
3692 5316 3737 5367 δὲ
3764 5313 3785 5362 ὁ

569 5402 782 5472 ignari:
814 5412 871 5458 et
902 5404 1046 5472 apud
1101 5404 1272 5459 Deum
1324 5421 1448 5461 eum
1498 5408 1609 5463 sint
1638 5409 1957 5487 locppletes,
1998 5410 2145 5481 apud

570 5510 630 5550 se
656 5506 785 5552 sunt
822 5513 1110 5567 pauperes.
1143 5499 1616 5566 Quemadmodum
1648 5512 1831 5558 autem
1870 5504 2142 5571 Christus,

568 5598 782 5660 sumpta
806 5590 945 5644 servi
977 5590 1153 5660 forma
1176 5592 1245 5659 τ’,
1274 5606 1373 5663 per
1403 5593 1769 5651 humilitatem
1793 5595 2146 5654 vicitdiabo-

2252 5412 2486 5484 Χριστὸς
2498 5410 2747 5482 μορφὴν
2766 5410 2993 5464 δούλου
3009 5408 3232 5474 λαϐὼν,
3248 5409 3334 5462 διὰ
3356 5408 3456 5477 τῆς
3478 5419 3788 5471 ταπεινοφρο-

2255 5504 2419 5575 σύνης
2454 5504 2675 5572 ἐνίκησε
2705 5503 2796 5556 τὸν
2826 5501 3075 5556 διάϐολον
3097 5517 3111 5532 ⁸
3150 5500 3323 5565 οὕτως
3360 5501 3419 5567 ἐξ
3454 5501 3625 5570 ἀρχῆς
3648 5500 3673 5550 ὀ
3692 5498 3787 5564 δᾲς

2250 5598 2339 5653 διὰ
2369 5598 2470 5667 τῆς
2510 5595 2959 5668 ύψηλοφροσύνης
3013 5596 3107 5650 καὶ
3150 5594 3442 5666 τυφὼσεως
3487 5591 3783 5660 κατέστρεψε

646 5766 695 5799 ⁶⁹
715 5766 886 5835 Apoc.
919 5782 1069 5836 XVIII,
1106 5769 1173 5824 M
1271 5771 1318 5803 ⁷⁸
1369 5770 1387 5825 1
1424 5772 1542 5829 Pet.
1573 5788 1630 5839 ιι,
1660 5773 1712 5829 9.
1790 5773 1830 5806 ⁷³
1856 5774 2070 5829 Coloss.
2114 5791 2140 5828 ι.

2243 5775 2273 5826 ι.
2350 5774 2396 5805 ⁷³
2433 5772 2671 5843 Philipp.
2706 5790 2764 5841 ιι,
2806 5774 2857 5827 7.
