3966 6512
611 311 719 376 699

609 429 845 503 quadam
872 427 1040 484 animi
1059 429 1256 496 elatus,
1276 429 1518 486 calcibus
1537 439 1725 504 petere
1754 428 1944 498 coepit,
1971 439 2195 481 omnes-
2224 433 2270 485 Δ

611 539 720 593 que
757 523 1088 578 contumelia
1114 523 1328 579 allicere
1346 567 1359 585 ,
1387 533 1444 578 et
1469 538 1636 592 super
1673 521 1938 590 quosdam
1966 517 2155 574 cﬂ‘erri
2179 534 2193 582 ;

612 629 722 684 quo
744 615 932 670 audito
954 631 1048 670 rex
1073 615 1194 686 ejus
1223 614 1525 685 publicavit
1558 612 1699 667 bona
1726 629 1740 665 :
1772 612 1852 666 sic
1891 626 1950 666 se
1983 626 2073 664 res
2101 610 2200 665 ha-

613 707 709 762 bet
743 707 796 761 in
838 725 898 763 re
930 707 1226 778 spirituali.
1287 708 1576 762 Paululum
1610 706 1814 776 quietis
1848 703 1942 758 ubi
1969 702 2194 773 quidam

613 799 977 870 degustarint,
1018 799 1407 854 administrare
1438 798 1494 852 id
1521 797 1798 860 nesciunt,
1834 795 1930 849 sed
1960 795 2197 865 perdunt

614 892 667 946 id
697 907 914 962 quoque
944 892 1090 960 quod
1122 899 1476 960 acceperunt.
1514 891 1713 945 Tentat
1753 891 1900 945 enim
1937 906 2033 945 eos
2069 905 2198 960 pec-

613 995 817 1046 catum,
855 993 910 1038 et
938 993 1173 1037 oco'ecat
1202 983 1421 1037 illorum
1451 992 1715 1038 mentem.

682 1075 774 1130 IX.
806 1075 1182 1147 Interrogatio.
1225 1075 1352 1130 Post
1378 1077 1734 1130 visitationem
1758 1075 1945 1144 gratia:
1975 1074 2193 1143 factam,

611 1183 714 1236 quo
743 1176 897 1236 pacto
932 1165 1183 1220 labuntur
1215 1165 1459 1219 nonnulli
1488 1165 1512 1218 ?
1551 1164 1737 1220 Nonne
1763 1163 1995 1218 Satanas
2024 1166 2198 1217 mani-

612 1262 740 1330 feste
765 1261 914 1331 longe
938 1260 1248 1316 imbecillior
1275 1268 1349 1314 est
1376 1261 1401 1313 ?
1430 1277 1556 1314 nam
1585 1259 1669 1312 ubi
1693 1260 1824 1323 dies,
1853 1277 1959 1330 qua
1991 1259 2198 1312 ratione

611 1358 777 1420 potest
805 1368 908 1404 non:
937 1353 1084 1406 esse?

681 1443 990 1514 Responsio.
1034 1445 1151 1500 Non
1171 1443 1320 1514 quod
1337 1444 1719 1514 exstinguatur
1745 1441 1942 1513 gratia,
1968 1451 2064 1497 aut
2093 1442 2196 1496 im-

613 1535 866 1590 becillior
891 1536 1176 1600 reddatur,
1233 1536 1329 1592 sed
1359 1545 1418 1590 ut
1452 1536 1686 1590 liberum
1717 1535 2008 1590 arbitrium
2041 1543 2196 1589 tuum

613 1641 677 1680 ac
706 1626 933 1681 libertas
959 1627 1244 1697 probetur,
1280 1643 1392 1696 quo
1419 1637 1629 1698 vergat,
1661 1626 1932 1696 permittit
1959 1635 2011 1679 te
2041 1624 2198 1678 mali-

613 1718 704 1772 tia:
737 1735 751 1771 :
788 1730 955 1788 tuque
988 1735 1181 1774 rursus
1206 1720 1490 1774 voluntate
1531 1718 1978 1789 appropinquans
2012 1716 2190 1771 Domi-

611 1823 715 1869 no,
755 1808 1105 1873 admoneris,
1134 1817 1196 1863 ut
1237 1808 1446 1864 revisas
1484 1809 1737 1879 gratiam.
1786 1808 1857 1862 At
1887 1822 1997 1876 quo
2036 1816 2195 1877 pacto

610 1897 878 1970 scriptum
913 1909 999 1955 est
1035 1917 1048 1954 :
1086 1899 1345 1972 Spiritum
1385 1917 1450 1954 ne
1483 1902 1833 1970 exstinguatis
1871 1901 1917 1931 ⁷⁸
1951 1918 1964 1953 :
2000 1901 2042 1953 si
2081 1899 2198 1968 ipse

611 1991 1076 2063 inexstinguibilis
1092 2000 1242 2046 estet
1258 1991 1514 2047 lucidus?
1542 1992 1623 2046 Tu
1657 2007 1790 2047 vero
1805 1991 2084 2046 voluntate
2105 2000 2198 2046 tua

611 2085 911 2155 negligens,
941 2093 998 2139 et
1028 2100 1139 2139 non
1163 2085 1532 2143 consentiens.
1559 2084 1928 2154 exstingueris
1963 2100 1992 2137 a
2019 2083 2198 2153 Spiri-

612 2187 694 2231 tu.
740 2177 945 2230 Eodem
997 2177 1162 2231 modo
1208 2175 1345 2232 dicit
1385 2195 1398 2230 :
1437 2177 1516 2232 Ne
1564 2179 1883 2231 rontristetis
1939 2175 2197 2247 Spiritum

608 2275 871 2332 sanctum,
901 2284 996 2340 per
1025 2285 1176 2339 quem
1201 2268 1465 2340 obsignati
1494 2271 1615 2324 estis
1644 2271 1699 2322 in
1723 2270 1860 2323 diem
1879 2269 2198 2337 redemptio-

611 2355 694 2408 nis
728 2355 797 2409 ⁷⁸.
831 2355 996 2409 Vides
1025 2356 1081 2409 in
1112 2363 1204 2410 tua
1244 2357 1527 2412 voluntate
1559 2359 1725 2413 situm
1756 2374 1878 2413 esse
1902 2398 1916 2422 ,
1948 2365 2005 2412 et
2039 2358 2093 2411 in
2128 2356 2198 2410 li-

610 2444 744 2500 bcro
773 2447 1006 2501 arbitrio
1038 2455 1163 2510 tuo,
1196 2458 1258 2502 ut
1294 2448 1506 2505 honore
1542 2450 1745 2505 allicias
1779 2451 2043 2520 Spiritum
2071 2467 2198 2506 san-

609 2547 758 2594 ctum
780 2580 794 2605 ,
826 2546 883 2594 et
911 2555 1021 2594 non
1055 2541 1370 2598 contristes.
1415 2543 1527 2613 Ego
1555 2559 1689 2598 vero
1735 2543 1834 2598 tibi
1867 2543 2026 2608 dico,
2067 2561 2196 2614 per-

607 2625 770 2682 fectis
795 2642 1014 2698 quoque
1041 2627 1400 2694 Christianis,
1431 2638 1488 2684 et
1536 2631 1760 2700 quidem
1825 2631 2114 2702 captivatis
2142 2643 2198 2688 et

609 2717 899 2774 inebriatis
928 2735 1117 2775 amore
1143 2735 1271 2791 erga
1306 2721 1536 2786 bonum,
1561 2722 1747 2778 inesse
1779 2723 2016 2778 liberum
2051 2724 2199 2779 arbi-

608 2812 798 2873 trium,
831 2812 976 2867 unde
1016 2812 1247 2870 inﬁnitis
1275 2815 1435 2870 malis
1453 2815 1774 2881 examinati,
1799 2825 2198 2872 convertuntur

607 2903 676 2958 ad
709 2903 934 2959 bonum.

677 3009 744 3064 Χ.
786 3009 1024 3064 Perinde
1055 3025 1122 3065 ac
1152 3009 1197 3066 si
1235 3010 1346 3066 sint
1375 3012 1642 3082 primates
1679 3014 1904 3084 quidam
1931 3056 1946 3081 ,
1995 3014 2197 3072 divites

607 3113 671 3154 ac
715 3097 959 3162 nobiles,
996 3099 1094 3168 qui
1128 3100 1352 3170 propria
1398 3101 1680 3158 voluntate
1709 3113 1766 3158 et
1806 3104 2072 3160 instinctu
2105 3121 2196 3162 re—

606 3187 1101 3256 linquantdivitias
1124 3200 1182 3244 et
1208 3190 1554 3248 nobilitatem
1585 3209 1741 3247 suam
1781 3209 1847 3249 ac
1877 3193 2192 3266 dignitates,

605 3287 663 3332 et
693 3279 932 3345 abeant,
964 3295 1028 3336 ac
1057 3280 1291 3336 induant
1328 3284 1550 3338 sordida
1581 3296 1638 3339 et
1667 3286 1795 3342 vilia
1827 3289 2156 3344 vestimenta
2177 3331 2193 3357 ,

605 3382 662 3427 et
691 3372 1047 3443 ignominiam
1083 3391 1182 3445 pro
1210 3377 1418 3446 gloria,
1464 3379 1684 3448 sintque
1729 3380 1917 3435 miseri
1951 3391 2009 3437 et
2047 3383 2197 3454 abje-

606 3464 715 3530 cti;
781 3465 885 3520 hoc
923 3465 1090 3519 situm
1119 3477 1205 3521 est
1253 3469 1308 3521 in
1359 3484 1552 3522 corum
1605 3471 1829 3540 propria
1889 3473 2193 3529 voluntate.

605 3555 721 3628 Ego
767 3574 896 3613 vero
934 3559 1035 3613 tibi
1070 3559 1218 3624 dico,
1246 3561 1393 3631 quod
1441 3562 1589 3634 ipsos
1620 3579 1842 3635 quoque
1891 3568 2191 3636 apostolos,

604 3651 692 3706 vel
715 3663 1125 3709 consummatos
1160 3654 1214 3709 in
1242 3655 1418 3727 gratia
1440 3697 1455 3722 ,
1489 3672 1598 3711 non
1629 3658 1972 3727 prohibuerit
1995 3661 2192 3730 gratia,

603 3756 715 3810 quo
751 3741 961 3807 minus,
990 3759 1115 3813 qua
1160 3743 1397 3810 vellent,
1429 3745 1798 3816 perlicerent:
1841 3749 2056 3804 etiamsi
2093 3766 2192 3804 vo-

601 3831 835 3888 luissent
866 3833 992 3904 ipsi,
1023 3850 1107 3900 ea,
1141 3851 1263 3905 qua:
1284 3836 1654 3907 displicebant
1678 3843 1886 3910 gratiae.
1912 3858 2191 3913 peragere.

597 3924 807 3981 Natura
860 3927 1008 3982 enim
1062 3935 1249 3982 nostra
1298 3943 1469 4000 capax
1522 3939 1648 3995 est,
1713 3941 1827 3986 tum
1885 3934 2012 3988 boni
2076 3943 2190 3989 tum

601 4019 729 4073 mali
763 4036 777 4073 :
813 4036 878 4076 ac
909 4031 1153 4090 potestas
1196 4021 1513 4079 adversaria
1548 4026 1904 4093 exhortandi,
1945 4045 2056 4085 non
2100 4048 2194 4085 co—

2221 1775 2269 1834 B

2223 3121 2266 3179 C

599 4111 762 4182 gendi
790 4113 903 4166 vim
941 4113 1149 4168 habet:
1186 4115 1368 4185 quoad
1411 4126 1610 4172 cetera
1644 4129 1703 4173 tu
1745 4118 1917 4175 habes
1956 4121 2190 4176 liberum

598 4203 891 4258 arbitrium
951 4205 1216 4276 vergendi
1277 4222 1611 4278 quocunque
1672 4210 1936 4266 volueris.
1997 4213 2192 4270 Nonne

597 4291 916 4362 pcrpendis,
939 4293 1159 4349 Petrum
1195 4295 1354 4365 fuisse
1376 4299 1750 4368 reprehensum
1773 4301 1842 4366 ’⁶,
1875 4312 1930 4358 ct
1958 4303 2191 4360 Paulum

595 4385 890 4441 abeuntem
919 4386 1167 4458 arguisse
1199 4388 1353 4443 illum
1382 4407 1398 4456 ;
1432 4391 1550 4460 qui,
1572 4395 1827 4461 quamvis
1861 4397 1984 4452 talis
2017 4406 2186 4461 esset,

594 4475 778 4530 adhuc
806 4479 1256 4546 reprehensibilis
1281 4482 1437 4536 erat?
1466 4483 1671 4541 Paulus
1693 4501 1936 4557 quoque,
1955 4490 2188 4559 quierat
2224 4469 2264 4522 θ

595 4566 920 4635 spiritualis,
940 4569 1161 4639 propria
1182 4572 1470 4628 voluntate
1493 4573 1924 4644 disputationem
1950 4582 2194 4652 suscepit

593 4674 718 4713 cum
737 4659 1009 4726 Barnaba,
1027 4670 1112 4717 et:
1138 4663 1231 4718 Ira
1254 4666 1560 4722 exacerbati
1577 4667 1928 4724 discesserunt
1948 4673 2011 4726 ab
2033 4674 2193 4746 106

592 4755 814 4809 invicem
846 4756 913 4808 ⁷⁷.
940 4757 1129 4828 Itaque
1172 4759 1357 4830 inquit
1399 4761 1543 4817 idem
1575 4782 1587 4816 :
1630 4764 1725 4818 Vos
1759 4768 1850 4836 qui
1886 4769 2192 4838 spirituales

593 4847 752 4910 estis,
805 4847 1108 4901 instaurate
1156 4850 1461 4921 hujusmodi
1513 4855 1706 4924 spiritu
1768 4861 2192 4921 mansuetudinis

591 4936 932 4991 considerans
967 4939 1332 5010 temetipsum,
1387 4958 1450 4996 ne
1475 4951 1524 4996 et
1563 4953 1618 4997 tu
1671 4948 1884 5001 tenteris
1926 4949 1989 5002 ⁷⁸.
2038 4949 2180 5005 Ecce

593 5027 910 5096 spirituales
939 5039 1243 5099 tentantur,
1270 5034 1399 5104 quia
1417 5046 1670 5105 superest
1685 5037 1865 5093 adhuc
1883 5039 2177 5096 arbitrium

592 5113 861 5184 liberum;
903 5126 959 5172 et
999 5119 1191 5175 hostes
1235 5121 1465 5188 instant,
1493 5124 1743 5193 quandiu
1786 5137 2079 5182 versantur
2121 5129 2175 5184 in

591 5204 698 5260 hoc
737 5209 956 5263 smculo.

661 5296 751 5352 Xl.
792 5299 1168 5373 Interrogatio.
1207 5303 1325 5360 Non
1379 5319 1625 5378 paterant
1668 5325 1884 5378 peccare
1915 5312 2173 5380 apostoli,

1888 313 1950 374 S.
1991 311 2312 372 MACARII
2353 310 2680 370 lEGYPTII

3752 323 3834 382 7m

2300 423 2653 487 ἀπελάκτισε,
2687 423 2782 476 καὶ
2813 421 3019 494 ἤρξατο
3047 422 3254 488 πάντας
3285 424 3553 496 ὑϐρίζειν,
3580 429 3672 482 καὶ⁵
3701 430 3838 503 ὑπερ-

2303 514 2558 584 αίρεσθαί
2591 531 2777 580 τινων,
2833 515 2961 568 ὅθεν
3016 516 3259 580 ἀκούσας
3291 517 3320 568 ὀ
3352 517 3603 588 βασιλεὺς
3643 522 3836 592 “tum-

2304 623 2396 659 σεν
2425 605 2592 660 αὐτοῦ
2623 606 2690 659 τὰ
2724 607 3044 678 ὑπάρχοντα
3064 625 3078 638 ·
3113 608 3288 673 οῦτως
3316 610 3413 663 καὶ
3441 613 3522 674 είς
3543 611 3606 664 τὸ
3631 629 3841 684 maga.

2299 699 2452 751 τικόν
2495 713 2509 726 ·
2572 700 2777 769 μικρᾶς
2829 699 3192 764 ἀναπαύσεως
3244 701 3339 754 ἐὰν
3378 701 3678 770 γεύσωνταί
3710 722 3841 773 τινες,

2300 790 2402 845 οὐκ
2434 790 2606 844 οἴδασι
2635 791 2933 860 διοικῆσαι,
2966 793 3084 846 ἀλλ’
3115 792 3381 846 ἀπολοῦσι
3410 795 3504 847 καὶ
3531 795 3680 860 αὐτὸ,
3703 797 3730 849 δ
3749 799 3844 853 ἕλα-

2301 883 2415 937 6ον.
2451 882 2709 954 Πειράζει
2743 885 2854 955 γὰρ
2889 884 3086 948 αὐτοὺς
3129 886 3162 956 ἠ
3212 885 3480 957 ἁμαρτία,
3520 888 3617 940 καὶ
3645 893 3847 955 σκοτίζεε,

2301 973 2486 1027 αὐτῶν
2519 975 2610 1027 τὸν
2645 973 2793 1029 νοῦν.

2371 1059 2447 1116 Θ’.
2492 1063 2828 1131 Ἐρώτησις.
2861 1063 3026 1119 Μετὰ
3055 1063 3125 1118 τὸ
3143 1063 3476 1133 ἐπίσκεψιν
3501 1066 3617 1136 τῆς
3645 1069 3846 1137 χάριτες

2301 1156 2603 1222 γενέσθαι.
2648 1155 2775 1223 πῶς
2814 1157 3114 1211 πίπτουσί
3133 1175 3332 1225 τινες;
3361 1160 3505 1229 Οὐχί
3538 1163 3575 1214 ό
3616 1162 3848 1230 Σατανᾶς

2300 1244 2740 1314 ἀσθενέστερος
2789 1249 3221 1304 ἀποδείκνυται
3279 1251 3480 1318 πολύς
3518 1252 3712 1308 Ὅπου
3763 1256 3850 1326 τὰρ

2299 1336 2509 1406 ἡμέρα,
2542 1337 2670 1405 πῶς
2695 1338 2944 1395 δύναται
2979 1340 3098 1406 νὺξ
3129 1337 3320 1399 εῖνοιξ

2384 1429 2897 1512 Ἀπόκρισις..ούχ
2948 1433 3030 1486 ὅτι
3057 1434 3088 1504 ἡ
3127 1433 3284 1504 χάρις
3313 1434 3625 1500 σϐέννυται,
3660 1435 3691 1506 ἣ
3721 1437 3851 1490 deos-

2299 1523 2399 1586 νεῖ,
2436 1521 2551 1574 ἀλλ’
2601 1523 2686 1576 ἵνα
2723 1525 2784 1576 τὸ
2850 1523 3202 1591 αὐτεξούσιον
3247 1544 3364 1591 σου,
3413 1527 3508 1580 καὶ
3533 1531 3572 1596 ὴ
3608 1529 3854 1599 ἐλευθερία

2300 1613 2626 1684 δοκιμασθῇ,
2677 1615 2780 1668 ποῦ
2828 1617 3006 1686 ῥέπει,
3058 1621 3380 1690 παραχωρεῖ
3423 1623 3488 1690 τῇ
3531 1621 3735 1692 κακία’
3783 1627 3854 1676 καὶ

2303 1705 2464 1760 πάλιν
2497 1706 2561 1758 σὺ
2595 1705 2674 1778 τῷ
2718 1706 2983 1777 θελήματι
3015 1710 3390 1780 προσεγγίζων
3418 1711 3496 1782 τῷ
3527 1712 3718 1782 Κυρίῳ
3745 1731 3854 1783 προ-

2300 1799 2476 1868 τρέπῃ
2521 1798 2614 1851 τοῦ
2666 1800 3068 1869 ἐπισκέψασθαι
3109 1819 3168 1854 σε
3200 1803 3299 1873 τὴν
3343 1804 3525 1876 χάριν.
3583 1805 3734 1857 Ἐπεὶ
3763 1806 3854 1868 πῶς

2298 1889 2635 1962 γέγραπται,
2696 1891 2766 1946 Τὸ
2827 1893 3074 1963 Πνεῦμα
3127 1895 3214 1965 μὴ
3273 1898 3591 1960 σϐέννυτε,
3618 1899 3666 1950 εξ
3711 1900 3855 1952 ἐκεῖ-η

2298 1980 2562 2034 ἇσδεστόν
2586 1983 2724 2048 ἐστι,
2755 1983 2852 2038 καὶ
2881 1985 3182 2054 φωτεινόνς
3211 1986 3379 2041 Ἀλλὰ
3406 1989 3470 2043 σὺ
3504 1988 3585 2061 τῷ
3619 1989 3700 2060 σῷ
3724 1989 3855 2061 θελή-

2302 2089 2434 2143 ματι
2474 2073 2715 2148 ἀμελῶν,
2748 2076 2842 2130 καὶ
2888 2075 2964 2148 μὴ
2994 2079 3304 2150 συμφωνῶν
3339 2081 3776 2136 κατασὸἑνψδσαι
3807 2087 3855 2137 ἐκ

2298 2163 2396 2218 τοῦ
2433 2165 2774 2237 Πνεύματος.
2841 2168 3078 2240 Ὁμοίως
3131 2170 3322 2241 λέγει,
3380 2172 3477 2241 Μὴ
3515 2173 3770 2228 ,λυπεῖτε
3805 2174 3854 2228 ti-

2299 2258 2540 2328 Πνεῦμα
2567 2261 2630 2313 τὸ
2664 2259 2853 2329 ἅγιον,
2884 2262 2954 2316 ἐν
2978 2257 3027 2331 ᾦ
3051 2265 3492 2334 ἐσφραγίσθητε
3529 2270 3627 2332 εις
3662 2266 3857 2336 milia

2299 2347 2794 2416 ἀπολυτρώσεως.
2843 2351 3008 2424 Ὁρᾷς
3038 2353 3125 2407 ὅτι
3154 2355 3212 2407 ἐν
3241 2354 3319 2426 τῷ
3351 2355 3625 2426 θελήματί
3651 2374 3742 2409 σου
3768 2359 3856 2410 xxi.

2297 2453 2410 2501 ται,
2446 2439 2542 2491 καὶ
2586 2441 2644 2492 ὲν
2701 2444 2766 2512 τῇ
2809 2444 3252 2515 αὐτεξουσιότητί
3291 2463 3405 2513 σου,
3449 2448 3509 2502 τὸ
3550 2448 3781 2520 τιμῆσαι
3815 2450 3860 2500 τὶ

2300 2529 2524 2602 Πνεῦμα
2573 2533 2634 2586 τὸ
2693 2535 2871 2604 ἅγιον,
2915 2540 3009 2592 καὶ
3062 2539 3138 2611 μὴ
3180 2539 3442 2612 λυπῆσαι.
3503 2542 3658 2610 Ἐγὼ
3698 2543 3752 2597 δέ
3797 2559 3859 2595 σοι

2297 2623 2460 2692 λέγω,
2504 2625 2586 2678 ὅτι
2631 2628 2728 2680 καὶ
2756 2631 2870 2694 τοῖς
2917 2629 3146 2696 τελείοις
3185 2634 3529 2704 Χριστωνοίς
3566 2639 3682 2699 τοῖς
3707 2639 3861 2707 ᾐχμα-

2298 2716 2678 2788 λωτισμένοις,
2771 2722 2866 2777 καὶ
2934 2725 3376 2796 μεμεθυσμένοις
3432 2729 3510 2792 είς
3546 2729 3616 2782 τὸ
3663 2728 3860 2797 ἀγαθὸν,

2301 2809 2519 2864 σύνεστι
2551 2813 2612 2866 τὸ
2655 2814 3026 2882 αὐτεξούσιον,
3056 2817 3179 2871 ὅθεν
3212 2821 3430 2889 μυρίοις
3472 2825 3676 2884 κακοῖς
3703 2821 3860 2886 ἐξετα-

2300 2903 2523 2968 σθέντες
2555 2905 2851 2977 τρέπονται
2880 2908 2974 2961 ἐπὶ
3000 2909 3062 2962 τὸ
3083 2910 3316 2979 ἀγαθόν.

2369 3000 2428 3053 l'.
2457 2998 2668 3072 Ὠσπερ
2695 3001 2824 3056 ὅταν
2855 2993 2958 3056 ὧσί
2991 3019 3140 3067 τινες
3182 3003 3574 3075 ἀξιωματικοὶ,
3613 3015 3709 3060 καὶ
3730 3006 3864 3060 πλού-

2302 3108 2430 3155 σιοι,
2487 3094 2584 3145 καὶ
2631 3093 2896 3163 εὐγενεῖς,
2955 3097 3053 3151 καὶ
3110 3091 3258 3152 οῦτοι
3318 3098 3431 3168 ίδίῳ
3479 3099 3752 3172 θελήματι
3790 3102 3863 3154 καὶ

2299 3185 2618 3255 προαιρέσει
2652 3187 2997 3244 καταλίπωσι
3058 3191 3151 3245 τὸν
3187 3190 3435 3257 πλοῦτον,
3462 3194 3563 3247 καὶ
3593 3195 3697 3266 τὴν
3733 3197 3866 3264 εὐγέ-

2297 3291 2448 3328 νειαν
2489 3277 2689 3343 αὐτῶν,
2732 3281 2828 3334 καὶ
2875 3281 2943 3334 τὰ
2990 3281 3304 3353 ἀξιώματα,
3345 3286 3439 3338 καὶ⁵
3469 3286 3756 3341 ἀπέλθωσι
3789 3289 3865 3340 καὶ

2296 3367 2624 3423 ὲνδύσωνται
2656 3372 2876 3443 ῥυπαρὰ
2909 3374 3006 3427 καὶ
3039 3377 3275 3448 πενιχρά
3301 3378 3608 3449 ἐνδύματα,
3644 3379 3738 3433 καὶ
3767 3381 3865 3433 ἀτι-

2299 3458 2429 3530 μίαν
2457 3461 2580 3514 ἀντὶ
2608 3461 2786 3533 δόξης,
2823 3467 2917 3519 καὶ
2944 3459 3047 3522 ὦσι
3073 3469 3575 3542 ταλαιπωροῦντες,
3607 3472 3704 3525 καὶ
3735 3471 3864 3535 ἐξου-

2295 3553 2625 3626 δενούμενοι,
2657 3557 2817 3612 τοῦτο
2838 3562 3260 3619 καταλέλειπται
3285 3566 3363 3636 τῷ
3392 3567 3504 3635 ίδίῳ
3524 3568 3716 3622 αὐτῶν
3734 3568 3866 3636 Beli;-

2297 3664 2448 3715 ματι.
2469 3649 2612 3718 Ἐγὼ
2635 3650 2692 3704 δέ
2715 3669 2800 3705 σοι
2822 3652 2986 3722 λέγω,
3012 3656 3094 3710 ὅτι
3116 3657 3210 3712 καὶ
3239 3657 3364 3719 τοὺς
3395 3660 3737 3723 amatam;
3763 3661 3864 3722 τεὺς

2293 3741 2750 3811 τετελειωμένους
2781 3748 2841 3799 ὲν
2868 3749 2933 3818 τῇ
2958 3748 3163 3818 χάριτι,
3193 3749 3252 3803 οῦ
3278 3751 3604 3807 κεκώλυκεν
3635 3755 3669 3823 ἡ
3708 3751 3863 3823 χάρις,

2293 3830 2329 3885 ἃ
2374 3831 2659 3890 ἐϐούλοντο
2703 3839 2932 3909 πρᾶξαι,
2973 3842 3088 3909 εἴγε
3117 3843 3313 3913 ἤθελον
3343 3845 3500 3897 αὐτοὶ
3539 3846 3768 3905 ἐκεῖνοι.
3804 3845 3856 3913 μῆ

2292 3923 2601 3994 ἀρέσκοντά
2631 3946 2755 3984 τινα
2781 3935 2848 4003 τῇ
2882 3934 3066 4005 χάριτι
3095 3935 3542 4006 διαπράττεσθαι.
3583 3938 3703 3992 Καὶ
3721 3939 3860 4008 γὰρὴ

2293 4015 2456 4085 φύσις
2487 4021 2649 4090 ἡμῶν
2697 4022 2922 4095 δεκτικὴ
2963 4026 3132 4080 καλοῦ
3180 4030 3276 4082 καὶ
3319 4029 3494 4083 κακοῦ
3540 4031 3705 4084 ἐστι’
3733 4033 3858 4097 κειὶὴ

2292 4109 2511 4163 ἐναντία
2557 4111 2790 4184 δύναμις
2841 4119 3254 4192 προτρεπτικὴ,
3310 4122 3411 4175 οὐκ
3471 4123 3858 4191 ἀναγκαστική.

2291 4201 2496 4256 Λοιπὸν
2531 4204 2596 4258 σὺ
2631 4205 2777 4277 ἔχεις
2804 4208 2866 4262 τὸ
2888 4209 3239 4276 αὐτεξούσιον
3269 4213 3453 4283 ῥέψαι,
3486 4215 3630 4267 ὅπου
3683 4213 3857 4285 βούλει.

2291 4293 2404 4364 Οὐχ
2455 4297 2610 4368 ὁρᾷς,
2659 4299 2743 4353 ὅτι
2800 4301 3027 4370 Πέτρος
3068 4306 3570 4375 κατεγνωσμένος
3631 4303 3732 4376 ἦν,
3781 4307 3858 4358 κ;ὶ

2291 4384 2544 4442 ἀπελθὼν
2581 4391 2795 4457 Παῦλος
2830 4394 3057 4465 ήλεγξεν
3086 4397 3270 4466 αὐτὸν,
3298 4399 3394 4452 καὶ
3424 4399 3456 4451 ὁ
3499 4399 3748 4462 τοιοῦτος
3776 4399 3850 4452 ἀι-

2293 4480 2398 4549 μὴν
2433 4485 2886 4554 κατεγνωσμένος
2924 4483 3032 4558 ἦνς
3076 4489 3171 4542 καὶ
3195 4492 3224 4543 ὁ
3257 4490 3469 4554 Παῦλος
3507 4492 3858 4562 πνευματικῑις

2289 4570 2386 4636 ὢν,
2419 4573 2486 4626 ὲκ
2539 4575 2636 4629 τοῦ
2693 4577 2826 4632 ίδίου
2880 4581 3188 4652 Θελήματος
3242 4583 3525 4638 διάλεκτον
3577 4586 3858 4652 ἐποιήσατο
3891 4583 3902 4596 ⁵

2293 4666 2431 4731 μετὰ
2471 4666 2890 4739 Βαρνάϐα,καὶ,
2939 4674 3430 4742 Παροξυνθέντες
3479 4676 3856 4746 ἀνεχώρησαν

2290 4754 2391 4808 ἀπ’
2430 4758 2738 4827 ἀλλήλων.
2776 4765 2888 4818 Καὶ
2919 4765 3082 4819 πάλιν
3117 4767 3146 4818 ὁ
3179 4767 3344 4830 αὐτὸς
3381 4767 3554 4836 λέγει,
3601 4767 3795 4836 ’Υμεῖς
3815 4768 3854 4818 εὶ

2293 4855 2680 4920 πνευματικοί
2720 4857 3094 4928 καταρτίζετε
3141 4863 3249 4912 τὸν
3295 4861 3591 4922 τοιοῦτον,
3627 4857 3854 4915 σκοπῶν

2287 4945 2569 5010 σεαυτὸν,
2606 4947 2693 5017 μὴ
2721 4949 2818 5003 καὶ
2857 4950 2940 5004 σὺ
2974 4951 3326 5022 πειρασθῇς.
3374 4954 3509 5007 Ὶῖοὺ
3533 4954 3586 5006 οἱ
3631 4970 3850 5022 πνευμα-

2285 5036 2426 5088 τικοὶ
2457 5040 2830 5109 πειράζονται,
2864 5042 2955 5097 διὰ
2999 5045 3060 5097 τὸ
3106 5046 3450 5116 παραμένειν
3476 5045 3556 5098 ἔτι
3592 5046 3658 5098 τὸ
3688 5044 3838 5108 αὐτεξ-

2285 5126 2467 5180 ούσιον
2489 5144 2504 5158 ο
2544 5132 2637 5184 καὶ
2664 5134 2714 5185 ot
2742 5134 2930 5205 ἐχθροὶ
2974 5137 3303 5203 ἐπίκεινται,
3331 5138 3439 5201 ἓως
3469 5139 3595 5192 ὅτου
3651 5141 3781 5190 εἰσὶν
3807 5138 3853 5188 ἐν

2282 5218 2361 5289 τῷ
2387 5222 2542 5276 αἰῶνι
2577 5224 2768 5296 τούτῳ.

2351 5311 2454 5365 IA'.
2510 5313 2848 5384 Ἐρώτησις.
2898 5323 3022 5374 Οὐκ
3072 5321 3376 5388 ἠδύναντο
3426 5322 3790 5392 ἁμαρτάνειν
3809 5324 3852 5374 ci

589 5390 636 5442 si
661 5389 967 5459 uoluissent,
1012 5411 1082 5448 an
1119 5412 1241 5451 vero
1285 5399 1400 5469 ipso
1439 5399 1725 5497 voluntati
1750 5405 2018 5472 potentior
2061 5413 2177 5458 erat

2300 5401 2629 5473 ὶπόο-τολοι,
2653 5409 2707 5461 ει
2730 5409 2971 5477 ἤθελον,
3002 5413 3040 5480 ἢ
3069 5412 3169 5466 καὶ
3193 5412 3380 5468 αὐτοῦ
3405 5389 3512 5469 τοῦ
3533 5389 3850 5483 θελήματος

589 5483 766 5550 gratia
789 5482 816 5536 Ρ

665 5570 964 5643 Responsio.
1005 5575 1241 5634 Peccare
1285 5580 1508 5649 quidem
1555 5598 1668 5638 non
1712 5591 2006 5654 poterant;
2063 5601 2173 5640 non

1328 5759 1370 5789 "
1412 5759 1614 5829 Ephes.
1662 5778 1748 5826 Iv,
1786 5763 1875 5821 30.

657 5746 704 5780 τ’
744 5747 762 5803 l
799 5750 990 5808 Thess.
1029 5771 1093 5819 v,
1147 5757 1230 5812 l9.
1328 5759 1370 5789 "
1412 5759 1614 5829 Ephes.
1662 5778 1748 5826 Iv,
1786 5763 1875 5821 30.
1954 5769 1997 5798 "
2035 5767 2155 5822 Gal.
2184 5783 2242 5832 ιι,

2281 5492 2647 5569 ἰσχυροτέρα
2679 5495 2758 5571 ἦν
2787 5501 2825 5568 ἠ
2859 5503 3072 5573 χάρις;

2359 5586 2716 5662 Ἀπόκρισις.
2750 5597 3116 5671 Ἀμαρτάνειν
3151 5599 3251 5670 μὲν
3283 5601 3383 5655 οὐκ
3410 5599 3678 5670 ἠδύναντο
3699 5617 3714 5632 ⁸
3741 5595 3846 5652 οὔτι

2289 5769 2376 5825 Η.
2455 5775 2497 5805 ⁷⁷
2519 5774 2640 5830 Act.
2678 5792 2766 5842 xv,
2799 5779 2886 5831 lo:
2957 5779 3004 5812 ⁷³
3039 5777 3157 5834 Gal.
3190 5796 3260 5846 τι,
3291 5779 3332 5834 Ι.
