3966 6550
118 346 215 412 701

1308 342 1681 404 HOMIIJ/E.
1701 367 1771 377 *-
1792 341 1977 402 ΙΙΟΜ.
2014 338 2257 401 XXVII.

3298 342 3404 409 702

122 467 228 533 γὰρ
275 459 507 533 ᾑροῦντο
555 458 616 513 ἐν
671 458 812 528 φωτὶ
846 459 997 527 ὄντες
1044 456 1140 511 καὶ
1168 456 1227 509 ἐν
1254 456 1438 525 χάριτι
1466 451 1709 525 τοιαύτῃ.

1830 452 1965 506 anim
2016 452 2457 518 extollebantur,
2502 452 2708 523 quippe
2756 452 2850 523 qui
2891 462 3053 510 erant
3095 454 3305 511 lumine
3341 472 3405 511 ac

121 554 269 623 Πλὴν
314 553 377 605 οὺ
430 550 663 621 λέγομεν
712 552 796 603 δτι
846 552 881 620 ἡ
933 549 1096 620 χάρις
1146 548 1205 600 ἐν
1235 548 1421 606 αὐτοῖς
1466 544 1708 615 ἠσθένει,

121 643 263 697 ἀλλὰ
305 643 561 713 λέγομεν,
588 643 675 697 ότι
720 643 1047 713 παραχωρεῖ
1092 641 1127 711 ἡ
1158 640 1319 710 χάρις
1348 637 1442 691 καὶ
1491 639 1603 700 τοῖς
1631 653 1714 689 τεο

122 734 290 799 λείοις
341 735 738 807 πνευματικοῖς
793 734 938 805 ἔχειν
981 732 1053 786 τὰ
1099 731 1407 802 θελήματα,
1466 729 1561 783 καὶ
1614 728 1713 797 τὴν

124 828 377 895 ἐξουσίαν
405 828 498 881 τοῦ
548 829 723 881 ποιεῖν
765 826 801 881 ἃ
831 826 1068 890 θέλουσι,
1110 824 1207 879 καὶ
1250 820 1551 893 τρέπεσθαι
1577 822 1712 873 ὅπου

128 919 435 990 βούλονται.
466 920 578 973 Kal.
625 918 765 987 αὑτὴ
797 917 852 970 δὲ
876 919 911 988 ὴ
938 916 1102 987 φύσις
1130 918 1164 987 ἡ
1206 913 1523 986 ἀνθρωπίνη
1552 911 1719 965 ἀσθεο

124 1011 225 1083 vi];
249 1007 385 1066 οὖσα
442 1012 557 1083 ἔχει
617 1009 888 1076 ἐξουσίαν,
943 1009 1040 1063 καὶ
1098 1008 1352 1070 συνόντος
1379 1005 1474 1059 τοῦ
1504 1003 1714 1074 ἀγαθοῦ

126 1103 450 1173 τρέπεσθαι.
483 1103 709 1172 Ὠσπερ
735 1103 830 1155 ἐὰν
876 1095 978 1154 ὦσε
1009 1116 1154 1163 τινες
1183 1097 1524 1169 ἐνδεδυμένοι
1580 1114 1715 1149 παν-

131 1195 356 1259 οπλίαν,
405 1194 649 1267 θώρακα,
695 1195 789 1247 καὶ
834 1194 995 1260 ὅπλα,
1044 1193 1106 1246 τὸ
1129 1193 1314 1246 λοιπὸν
1338 1190 1541 1245 ἐσωθέν
1580 1192 1717 1244 εἰσιν

127 1289 552 1359 ἡσφαλισμένοι,
582 1290 675 1342 καὶ
706 1288 889 1359 ἐχθροὶ
920 1287 1022 1341 οὑκ
1069 1287 1396 1358 ἐπέρχονται
1425 1286 1611 1347 αὐτοῖς
1632 1301 1646 1315 ⁸
1681 1285 1714 1354 ἢ

128 1382 458 1455 ἐπέρχονται
503 1384 622 1453 μὲν,
657 1382 848 1436 λοιπὸν
891 1381 949 1435 δὲ
987 1382 1048 1434 ἐν
1093 1379 1174 1451 τῷ
1221 1379 1492 1450 θελήματι
1538 1377 1718 1431 αὐτῶν

128 1476 302 1541 ἐστιν,
349 1475 383 1545 ἢ
436 1474 748 1545 χρήσασθαι
793 1476 906 1537 τοῖς
945 1473 1156 1536 ὅπλοις,
1199 1473 1296 1526 καὶ
1338 1471 1717 1541 ἀνταγωνίσαο

129 1565 281 1629 σθαι,
338 1567 437 1621 καὶ
485 1564 871 1619 ἀντιπαλαῖσαι
904 1565 1017 1625 τοῖς
1047 1561 1283 1633 ἐχθροῖς,
1314 1560 1410 1614 καὶ
1457 1560 1526 1614 τὰ
1575 1575 1722 1628 νικη-

128 1657 299 1726 τήρια
320 1656 755 1725 ἀπενέγκασθαι,
788 1654 821 1725 ἢ
857 1654 1255 1725 συνηδυνθῆναι
1285 1655 1379 1709 καὶ
1402 1651 1719 1725 εἱρηνεῦσαι

132 1749 276 1819 μετὰ
310 1751 421 1803 τῶν
463 1750 697 1822 ἐχθρῶν,
730 1750 821 1802 καὶ
855 1749 928 1818 μὴ
964 1748 1298 1817 πολεμῆσαι,
1353 1747 1531 1801 καίτοι
1568 1746 1720 1817 ἔχον-

127 1859 225 1905 τες
260 1841 434 1895 ὅπλα⁸
486 1841 631 1895 οὓτω
669 1841 765 1893 καὶ
797 1843 843 1894 οἱ
876 1839 1195 1911 Χριστιανοὶ
1233 1838 1571 1909 ἐνδεδυμένοι
1621 1837 1719 1911 τὴν

126 1933 343 1988 τελείαν
376 1933 627 2004 δύναμιν,
677 1934 771 1987 καὶ
827 1932 1042 2004 ἔχοντες
1087 1932 1158 1987 τὰ
1202 1931 1344 1986 ὅπλα
1372 1931 1441 1986 τὰ
1484 1933 1721 2003 ἐπουρά-

127 2040 243 2089 νια,
266 2024 316 2077 εί
344 2023 579 2089 θέλουσι,
621 2024 935 2095 συνήδονται
963 2022 1043 2094 τῷ
1072 2022 1310 2093 Σατανᾷ,
1344 2021 1441 2076 καὶ
1467 2019 1719 2093 εἰρηνεύο

126 2131 255 2168 ουσι
311 2116 428 2184 μετ’
477 2114 667 2179 αὐτοῦ,
714 2116 809 2170 καὶ
852 2119 912 2169 οὐ
964 2111 1286 2183 πολεμοῦσι.
1338 2111 1560 2185 Τρεπτὴ
1608 2114 1718 2183 γάρ

125 2205 283 2256 ἐστιν
320 2206 353 2269 ή
392 2202 570 2272 φύσις,
620 2206 715 2259 καὶ
759 2207 807 2259 εί
852 2204 998 2259 θέλει
1044 2222 1152 2273 τις,
1204 2204 1414 2274 γίνεται
1452 2205 1567 2268 υίὸς
1624 2204 1717 2258 τοῦ

125 2293 291 2358 θεοῦ,
329 2294 439 2347 εἴτε
479 2295 644 2349 πάλιν
696 2296 813 2359 υἱὸς
844 2294 1143 2360 ἀπωλείας,
1176 2296 1263 2351 διὰ
1291 2296 1354 2350 τὸ
1382 2295 1720 2368 παραμένειν

126 2386 189 2439 τὸ
216 2387 585 2453 αὐτεξούσιον.

200 2480 309 2534 lB'.
353 2480 519 2534 Ἀλλο
570 2481 686 2535 ἐστὶ
722 2482 784 2535 τὸ
832 2484 962 2553 περὶ
1002 2484 1167 2556 ἄρτου
1214 2482 1580 2554 διηγήσασθαι
1627 2485 1721 2537 καὶ

125 2572 435 2641 τραπέζης.
486 2574 581 2627 καὶ
634 2573 763 2627 ἄλλο
805 2574 930 2628 ἐστὶ
971 2576 1165 2645 φαγεῖν
1191 2576 1283 2629 καὶ
1313 2575 1495 2629 λαϐεῖν
1516 2576 1606 2629 τὸν
1634 2576 1717 2629 νό-

127 2679 256 2714 στον
301 2663 397 2715 τοῦ
448 2664 638 2734 ἄρτου.
682 2665 775 2717 καὶ
808 2664 1258 2735 ἐνδυναμωθῆναι
1297 2665 1397 2719 ὅλα
1435 2667 1505 2719 τὰ
1557 2666 1716 2737 μέλη.

129 2753 300 2807 Ἀλλο
328 2755 476 2810 ἐστὶν
509 2758 685 2809 είπεῖν
726 2760 856 2830 περὶ
886 2759 1051 2811 ποτοῦ
1084 2759 1352 2830 ήδυτάτου
1392 2758 1589 2827 λόγοις,
1626 2760 1720 2813 καὶ

124 2846 257 2901 ἄλλο
312 2846 461 2900 ἐστὶν
499 2847 757 2901 ἀπελθεῖν
838 2850 935 2904 καὶ
980 2850 1279 2921 δράξασθαι
1322 2850 1380 2918 ἐξ
1424 2851 1594 2920 αὐτῆς
1621 2852 1719 2920 τῆς

126 2940 343 3009 πηγῆς,
366 2941 460 2993 καὶ
486 2940 869 3011 ἐμπλησθῆναι
893 2943 1062 3013 αὐτῆς
1086 2944 1183 3013 τῆς
1208 2943 1449 3011 γεύσεως
1470 2944 1564 2996 τοῦ
1592 2945 1719 3014 ἡδυ-

124 3035 296 3086 τάτου
349 3032 534 3088 ποτοῦ.
557 3034 721 3087 ’Ἄλλο
750 3035 871 3088 ἐστὶ
895 3036 1260 3106 διηγήσασθαι
1295 3038 1426 3109 περὶ
1458 3036 1717 3109 πολέμου,

1815 544 1991 614 gratia
2024 544 2260 614 praediti.
2306 544 2427 599 Non
2461 555 2643 599 tamen
2703 544 2941 600 dicimus
2983 545 3315 601 imbecillem
3348 549 3404 603 in

1815 639 1887 693 iis
1915 637 2087 694 fuisse
2114 639 2379 710 gratiam;
2406 638 2504 693 sed
2532 638 2775 693 dicimus
2822 638 3050 709 gratiam
3080 639 3404 708 permittere

1813 730 1899 786 vel
1945 730 2079 800 ipsis
2124 730 2508 801 spiritualibus
2558 730 2850 799 perfectis,
2890 740 2952 785 ut
2994 730 3235 784 habeant
3274 743 3405 786 suas

1814 825 2130 880 voluntates
2156 867 2171 891 ,
2210 841 2275 879 ac
2307 832 2636 895 potestatem
2682 823 2917 879 faciendi
2953 838 3297 895 quaecunque
3339 823 3406 878 li-

1816 918 2079 984 buerint,
2112 928 2167 973 et
2203 918 2509 974 iuclinandi
2544 934 2656 989 quo
2695 918 3009 973 voluerint.
3042 919 3147 988 Ipsi
3185 934 3406 989 quoque

1817 1020 2029 1067 natura?
2070 1012 2361 1076 humanis,
2399 1020 2457 1067 ut
2506 1011 2800 1067 imbecillis
2838 1019 2943 1077 est,
2986 1012 3151 1075 licet,
3188 1011 3406 1065 etiamsi

1817 1105 2027 1160 bonum
2080 1104 2159 1159 illi
2201 1105 2506 1169 inhaereat,
2566 1106 2813 1160 converti
2867 1114 2919 1159 et
2952 1104 3177 1160 mutari.
3209 1105 3411 1171 Qurm-

1818 1195 2120 1251 admodum
2156 1195 2203 1249 si
2259 1196 2484 1265 quidam
2520 1197 2836 1250 universam
2877 1205 3246 1260 armaturam,
3285 1197 3411 1250 tho-

1820 1304 2024 1354 racem,
2056 1297 2111 1343 et
2133 1304 2283 1342 arma
2300 1288 2508 1342 fuerint
2530 1287 2730 1349 induti,
2757 1288 2903 1357 quod
2932 1288 2997 1342 ad
3022 1298 3239 1354 caetera,
3260 1290 3411 1345 intus

1820 1388 1950 1437 sunt
1974 1380 2196 1444 muniti,
2227 1396 2332 1436 nec
2356 1380 2544 1435 hostes
2564 1380 2831 1433 insultant
2862 1379 2972 1434 illis
3000 1397 3013 1433 :
3043 1388 3138 1435 aut
3171 1384 3214 1434 si
3239 1380 3412 1435 insul-

1822 1476 2012 1540 tarint,
2041 1475 2097 1531 in
2113 1489 2307 1529 eorum
2338 1472 2620 1527 voluntate
2652 1473 2819 1526 situm
2851 1480 2956 1537 est,
2987 1478 3081 1526 aut
3105 1473 3185 1527 uti
3218 1473 3408 1537 armis,

1821 1582 2128 1638 repugnare
2168 1581 2233 1622 ac
2280 1565 2540 1621 reluctari
2589 1564 2878 1629 hostibus,
2915 1570 2972 1618 et
3000 1563 3288 1619 victoriam
3325 1579 3412 1618 re-

1823 1662 1969 1717 ferre
1996 1679 2010 1728 ;
2047 1668 2145 1715 aut
2174 1659 2423 1715 deliciari
2446 1667 2501 1713 et
2522 1674 2713 1728 pacem
2740 1657 2880 1712 inire
2906 1673 3030 1712 eum
3062 1658 3336 1722 hostibus,
3358 1664 3414 1710 et

1827 1769 1938 1808 non
1968 1753 2277 1815 decertare,
2315 1749 2567 1821 quamvis
2590 1750 2831 1803 habeant
2861 1763 3010 1803 arma
3043 1766 3056 1801 :
3090 1748 3170 1803 sic
3193 1764 3412 1817 quoque

1825 1844 2123 1901 Christiani
2160 1844 2463 1915 perfectam
2490 1843 2752 1897 virtutem
2791 1840 2993 1904 induti,
3028 1850 3084 1895 et
3121 1856 3271 1894 arma
3304 1855 3415 1894 coe-

1824 1938 1984 1995 lestia
2014 1936 2351 2001 obtinentes,
2384 1936 2428 1990 si
2454 1936 2646 1996 velint,
2670 1933 3019 1988 oblectamur
3042 1948 3165 1987 cum
3189 1931 3411 1994 Satana,

1826 2040 1883 2087 et
1920 2045 2111 2101 pacem
2141 2044 2266 2085 cum
2292 2044 2359 2083 eo
2386 2026 2741 2091 contrahunt,
2768 2041 2873 2080 nec
2913 2025 3119 2079 bellum
3147 2023 3411 2083 inferunt.

1826 2123 2271 2185 Mutabilisenim
2294 2131 2380 2177 est
2401 2130 2600 2175 natura
2620 2162 2634 2186 ,
2667 2128 2721 2173 et
2757 2119 2801 2173 si
2832 2118 2965 2172 velit
3004 2116 3147 2187 quis.
3182 2116 3241 2170 ﬁt
3270 2116 3417 2171 titius

1825 2217 1951 2283 Dei;
2001 2217 2087 2271 sin
2121 2225 2314 2271 contra
2336 2255 2350 2281 ,
2391 2213 2534 2269 ﬁlius
2564 2213 2820 2268 interitus
2851 2230 2865 2265 :
2896 2225 2963 2266 eo
2999 2208 3147 2281 quod
3178 2208 3418 2280 supersit

1825 2309 2067 2366 liberum
2098 2309 2409 2364 arbitrium.

1898 2486 2015 2541 XII.
2055 2484 2216 2539 Aliud
2257 2494 2340 2539 est
2379 2484 2446 2537 de
2491 2499 2632 2553 pane
2677 2492 2734 2539 et
2764 2498 2952 2537 mensa
2997 2481 3303 2545 disserere;
3361 2487 3418 2533 et

1836 2578 1985 2633 aliud
2020 2578 2183 2633 edere
2215 2594 2277 2631 ac
2311 2592 2531 2631 sumere
2577 2577 2901 2631 suavitatem
2932 2576 3110 2645 panis,
3143 2584 3202 2629 ut
3235 2590 3418 2629 corro-

1829 2672 2098 2725 borentur
2126 2671 2252 2725 inde
2283 2671 2467 2724 omnia
2499 2671 2771 2725 membra.
2816 2669 2979 2724 Aliud
3011 2681 3095 2724 est
3130 2670 3417 2739 disputare

1826 2764 2012 2817 verbis
2048 2764 2115 2818 de
2155 2776 2291 2832 potu
2327 2764 2656 2817 suavissimo
2683 2804 2697 2827 ,
2752 2772 2808 2818 et
2847 2763 2995 2816 aliud
3042 2762 3219 2823 abire,
3262 2771 3318 2815 et
3349 2778 3417 2817 ex

1828 2850 1948 2922 ipso
1982 2850 2131 2905 fonte
2168 2866 2401 2921 capere,
2443 2851 2674 2922 ipsoque
2714 2860 2875 2921 gustu
2918 2850 3226 2905 suavissimi
3256 2859 3419 2920 potus

1828 2942 2052 3013 repleri.
2082 2942 2243 2997 Aliud
2276 2952 2362 2997 est
2392 2942 2667 2998 disserere
2696 2942 2762 2997 de
2790 2943 2957 3007 bello,
2989 2942 3227 2997 strenuis
3248 2943 3422 2996 athle-

1828 3034 1900 3088 tis
1945 3043 2002 3089 et
2049 3034 2466 3089 bellatoribus:
2507 3041 2564 3089 et
2609 3033 2759 3087 aliud
2807 3033 2961 3088 abire
2995 3033 3311 3104 quempiam
3365 3032 3418 3086 in

124 3125 223 3177 καὶ
245 3125 514 3194 γενναίων
535 3125 804 3197 ἀθλητῶν,
827 3127 921 3180 καὶ
942 3127 1309 3198 πολεμιστῶν,
1332 3130 1427 3182 καὶ
1452 3128 1580 3183 ἄλλο
1602 3130 1720 3182 ἐστὶ

1830 3129 2009 3183 aciem
2047 3127 2353 3182 militarem
2380 3169 2393 3193 ,
2422 3143 2545 3181 cum
2580 3126 2834 3181 hostibus
2864 3142 3060 3182 manus
3085 3142 3378 3181 conserere
3398 3167 3415 3194 ,

123 3219 187 3271 τὸ
213 3217 480 3287 ἀπελθεῖν
506 3236 625 3272 τινα
650 3220 731 3283 είς
760 3219 1069 3291 παράταξιν
1100 3221 1361 3291 πολέμου,
1389 3223 1484 3275 καὶ
1512 3222 1722 3292 συμϐα-

124 3305 240 3361 λεῖν
260 3311 378 3372 τοῖς
398 3308 733 3381 ἐχθροῖς,καὶ
750 3310 1013 3365 εἰσελθεῖν
1027 3313 1119 3366 καὶ
1137 3312 1393 3376 ἐξελθεῖν,
1414 3314 1506 3367 καὶ
1521 3314 1723 3380 λαϐεῖν,

126 3404 224 3453 καὶ
263 3401 473 3468 δοῦναι,
517 3402 612 3456 καὶ
653 3404 1062 3467 ἀπενέγκασθαι
1095 3405 1166 3458 τὰ
1202 3405 1518 3477 νικητήρια.
1570 3405 1725 3460 Οὕτω

126 3495 234 3545 κάν
266 3496 383 3556 τοῖς
416 3498 825 3566 πνευματικοῖς.
858 3498 1021 3551 Ἀλλο
1053 3499 1171 3552 ἐστὶ
1191 3499 1248 3552 τὸ
1266 3497 1464 3567 γνώσει
1497 3500 1602 3552 τινὶ
1632 3500 1727 3553 καὶ

126 3586 210 3638 νοῒ
244 3586 511 3656 διηγῆσαι
545 3588 761 3656 λόγους,
792 3592 885 3643 καὶ
929 3590 1060 3644 ἄλλο
1090 3591 1207 3646 ἐστὶ
1247 3592 1307 3645 τὸ
1343 3594 1399 3645 ἐν
1430 3593 1725 3648 ὑποστάσει

126 3678 223 3731 καὶ
265 3678 439 3749 ἔργῳ,
486 3682 583 3733 καὶ
628 3683 687 3734 ἐν
730 3681 1093 3754 πληροφορίᾳ,
1136 3684 1231 3737 καὶ
1260 3687 1318 3737 ἐν
1359 3684 1436 3755 τῷ
1465 3684 1612 3739 ἔνδον
1641 3688 1728 3740 ἀν⁸

126 3772 366 3843 θρώπῳ,
415 3774 510 3827 καὶ
551 3772 631 3845 τῷ
680 3772 757 3845 νῷ
805 3773 952 3845 ἐχειν
997 3776 1088 3829 τὸν
1130 3776 1425 3849 θησαυρὸν,
1481 3780 1577 3833 καὶ
1628 3780 1726 3850 τὴν

124 3867 320 3936 χάριν,
354 3866 449 3919 καὶ
478 3868 577 3936 τὴν
613 3866 823 3935 γεῦσιν,
855 3868 950 3922 καὶ
987 3869 1086 3939 τὴν
1118 3870 1405 3940 ἐνέργειαν
1436 3871 1532 3925 τοῦ
1564 3874 1723 3942 ἁγίου

127 3958 483 4028 Πνεύματος.
512 3959 575 4012 Οἱ
601 3958 710 4030 γὰρ
756 3959 946 4028 ψιλοὺς
986 3961 1178 4030 λόγους
1213 3960 1484 4030 λέγοντες,
1520 3964 1726 4033 φαντά-
1788 4006 1791 4013 .

127 4050 348 4114 ζονται,
383 4051 476 4102 καὶ
512 4049 829 4118 φυσιοῦνται
859 4052 965 4105 ὑπὸ
994 4051 1090 4106 τοῦ
1121 4054 1239 4116 νοὸς
1281 4052 1485 4108 αὐτῶν.
1531 4053 1594 4107 '0
1619 4054 1728 4125 γὰρ

123 4142 343 4208 λόγος,
379 4140 565 4210 φησὶν,
600 4139 768 4209 ἡμῶν
810 4142 909 4194 καὶ
946 4145 1014 4195 τὸ
1060 4145 1334 4212 κήρυγμα
1361 4144 1474 4198 οὐκ
1505 4144 1574 4197 ἐν
1604 4157 1730 4198 πει-

125 4232 348 4297 θανοῖς
371 4232 753 4301 ἀνθρωπίνης
786 4234 1010 4303 σοφίας
1052 4235 1277 4303 λόγοις,
1311 4236 1449 4291 ἀλλ’
1479 4236 1549 4290 ἐν
1580 4237 1729 4292 ἀπο·

123 4322 322 4387 δείξει
363 4325 716 4393 Πνεύματος
772 4326 872 4379 καὶ
928 4325 1272 4396 δυνάμεωςο
1315 4328 1409 4381 καὶ
1440 4328 1605 4382 πάλιν
1630 4328 1728 4382 ἀλ-

122 4414 305 4486 λαχοῦ
340 4415 510 4485 λέγει,
545 4416 614 4471 Τὸ
651 4416 718 4471 δὲ
748 4417 924 4484 τέλος
962 4417 1073 4485 τῆς
1120 4421 1524 4490 παραγγελίας
1557 4422 1730 4476 ἔστιν

1834 3219 2087 3290 ingredi,
2134 3218 2356 3289 egredi,
2394 3217 2640 3286 accipere
2664 3258 2677 3281 ,
2709 3216 2842 3270 dare
2867 3258 2881 3281 ,
2919 3226 2975 3271 et
3011 3217 3300 3270 victoriam
3337 3230 3421 3269 re-

1834 3319 2075 3380 portare.
2109 3306 2201 3363 Sic
2245 3323 2468 3378 quoque
2499 3323 2557 3362 se
2585 3322 2673 3361 res
2714 3306 2882 3360 habet
2922 3305 2976 3359 in
3017 3304 3416 3374 spiritualibus.

1834 3400 1999 3457 Aliud
2040 3409 2125 3455 est
2169 3400 2369 3456 notitia
2412 3397 2648 3468 quadam
2700 3406 2757 3451 et
2811 3396 3098 3450 intellectu
3145 3394 3419 3464 explicare

1835 3509 2142 3558 sermones,
2210 3502 2265 3548 et
2297 3491 2443 3547 aliud
2476 3493 2531 3546 in
2556 3489 2832 3562 hypostasi
2861 3499 2917 3543 et
2942 3503 3130 3558 opere,
3162 3501 3226 3541 ac
3259 3484 3422 3541 certi-

1837 3586 2027 3642 tudine
2074 3585 2224 3648 ﬁdei,
2260 3594 2316 3639 et
2350 3586 2405 3640 in
2433 3583 2687 3639 interiori
2722 3582 2947 3637 homine
2979 3590 3035 3637 et
3080 3581 3265 3634 animo
3299 3594 3422 3649 pos-

1834 3680 2016 3735 sidere
2051 3680 2373 3735 thesaurum
2398 3720 2412 3743 ,
2446 3679 2707 3749 gratiam,
2740 3686 2992 3747 gustum,
3022 3684 3079 3730 et
3119 3672 3418 3729 eﬂicaciam

1836 3772 2077 3843 Spiritus
2116 3771 2313 3826 sancti.
2362 3771 2464 3837 Qui
2511 3770 2657 3824 enim
2699 3769 2846 3823 nuda
2890 3766 3059 3821 verba
3098 3765 3419 3837 proferunt,

1834 3865 2223 3936 imaginatione
2251 3865 2460 3935 iactant
2492 3878 2549 3917 se
2593 3870 2650 3916 et
2675 3862 3053 3915 intumescunt
3084 3858 3269 3913 animo
3298 3873 3419 3913 suo.

1834 3956 2015 4011 Sermo
2048 3958 2189 4009 enim
2219 3972 2364 4009 meus
2389 3996 2403 4020 ,
2452 3954 2664 4023 inquit,
2710 3962 2758 4006 et
2798 3952 3102 4022 praedicatio
3132 3966 3280 4013 mea,
3316 3966 3420 4003 non

1834 4061 1947 4103 erat
1978 4050 2033 4103 in
2064 4046 2415 4119 persuasoriis
2443 4046 2690 4099 humanie
2720 4044 2995 4115 sapientia:
3024 4041 3213 4103 verbis,
3245 4040 3338 4094 sed
3365 4041 3421 4093 in

1834 4142 2128 4195 ostensione
2169 4137 2398 4211 Spiritus
2451 4156 2514 4192 ac
2557 4138 2805 4208 potentia:
2832 4136 2899 4189 ⁷⁸.
2942 4135 3011 4190 Et
3035 4149 3248 4189 rursum
3288 4133 3420 4187 alibi

1835 4234 1969 4288 dicit
2001 4251 2014 4285 :
2052 4232 2195 4287 Finis
2225 4234 2471 4305 praacepti
2510 4241 2585 4285 est
2618 4231 2873 4293 charitas,
2917 4244 2979 4282 ea:
3012 4242 3145 4298 puro
3176 4225 3350 4290 corde,
3371 4235 3420 4279 et

1835 4328 2155 4382 conscientia
2189 4327 2325 4381 bona
2352 4337 2400 4379 et
2424 4324 2530 4394 ﬁde
2572 4342 2675 4379 non
2706 4322 2960 4377 simulata
2995 4322 3060 4374 ⁸ο.
3095 4318 3419 4391 Hujusmodi

1835 4418 1929 4488 qui
1970 4428 2054 4473 est
2099 4434 2210 4472 non
2255 4416 2422 4472 cadit.
2468 4414 2653 4470 Multis
2688 4413 2872 4475 enim,
2910 4410 3005 4480 qui
3049 4411 3221 4464 Deum
3267 4425 3419 4479 quic-

123 4507 343 4576 ὰγάπη
387 4509 458 4562 ἐκ
501 4508 754 4578 καρδίας
824 4510 1109 4579 καθαρᾶς,
1167 4510 1268 4564 καὶ
1318 4513 1722 4583 συνειδήσεως

1836 4514 2063 4579 sierant,
2103 4523 2293 4583 aperta
2337 4521 2422 4568 est
2456 4511 2650 4583 ianua,
2694 4525 2758 4562 ac
2796 4507 3055 4562 viderunt
3100 4505 3419 4560 thesaurum

120 4599 393 4667 ἀγαθῆς,
436 4601 533 4653 καί
576 4602 836 4668 πίστεως
889 4602 1316 4670 ἀνυποκρίτου.
1380 4592 1440 4659 Ὅ
1490 4605 1730 4669 τοιοῦτος

122 4694 185 4744 ού
224 4692 457 4744 πίπτει.
484 4693 706 4756 Πολλοῖς
736 4694 845 4763 γὰρ
879 4693 1219 4763 ἐκζητήσασι
1244 4695 1333 4749 τὸν
1363 4696 1497 4749 Θεὸν
1520 4696 1729 4767 ἢνοίγει

122 4783 296 4854 θύρα,
334 4784 427 4836 καὶ
472 4780 608 4837 εἶδον
658 4784 955 4856 θησαυρὸν,
992 4788 1083 4840 καὶ
1132 4788 1383 4857 εἰσῆλθον
1432 4790 1511 4850 είς
1545 4789 1730 4842 αὐτόν.

120 4876 239 4928 Καὶ
269 4875 354 4938 ὡς
381 4872 520 4945 ἦσαν
548 4878 603 4929 ἐν
635 4879 778 4947 χαρᾷ
805 4877 1078 4945 λέγοντες,
1110 4878 1378 4948 Εὒρομεν
1403 4880 1731 4949 θησαυρὸν,

119 4966 466 5020 ἀπέκλεισεν
495 4967 676 5030 αὐτοῖς
700 4968 796 5030 τὰς
828 4968 1021 5037 θύρας,
1052 4969 1288 5039 ἧρξαντο
1315 4970 1444 5041 βοᾷν
1476 4972 1571 5025 καὶ
1598 4989 1730 5024 πεν-

121 5059 270 5124 θεῖν,
306 5058 410 5110 καὶ
455 5058 754 5127 ἐπιζητεῖν,
793 5061 1114 5129 Θησαυρὸν
1159 5063 1432 5132 εὕρομεν,
1469 5064 1567 5117 καὶ
1612 5064 1729 5118 ἀπ-

118 5147 881 5219 ωλέσαμεν.οίκονομικῶς
931 5151 1037 5221 γὰρ
1105 5152 1424 5205 ὑποστέλλει
1464 5156 1498 5223 ή
1546 5155 1727 5225 χάρις,

118 5240 210 5291 ἴνα
264 5238 541 5307 μειζόνως
584 5240 1041 5312 ι-ξπιιζητήσωμεν⁹
1096 5245 1124 5296 ὁ
1165 5244 1274 5315 γὰρ
1308 5243 1580 5316 θησαυρὸς
1624 5245 1731 5298 δεί-

116 5349 329 5385 κνυται
363 5332 497 5401 πρὸς
530 5334 726 5403 τρόπον
751 5335 849 5403 τῆς
877 5336 1179 5406 ζητήσεως.

190 5425 304 5479 II".
393 5424 723 5495 Ἐρώτησις.
790 5428 1024 5497 Ἐπειδή
1057 5447 1216 5495 τινες
1256 5430 1581 5500 λέγουσιν,
1637 5432 1728 5486 ὅτι

115 5519 275 5586 μετὰ
326 5518 448 5585 τὴν
484 5518 661 5587 χάριν
686 5520 903 5590 μετέϐη
937 5539 1026 5588 τις
1064 5523 1181 5576 ἀπὸ
1215 5522 1321 5577 τοῦ
1347 5525 1610 5581 θανάτου
1639 5528 1727 5591 εἰς

118 5608 240 5674 τὴν
289 5608 454 5677 ζωὴν
473 5648 490 5673 ,
544 5614 596 5665 εὶ
640 5611 889 5666 δύναται
920 5630 1009 5678 τις
1036 5614 1106 5665 ἐν
1130 5616 1276 5683 φωτὶ
1307 5616 1394 5669 ὢν
1424 5616 1590 5684 ἔχειν
1610 5619 1726 5685 pv-

118 5699 371 5768 πυροὺς
400 5703 732 5770 λογισμούς
749 5721 767 5768 ;

193 5819 243 5851 ’⁸
285 5818 467 5874 lCor.
506 5837 563 5885 ιι,
594 5820 645 5874 4.
722 5822 767 5852 ⁸ο
809 5822 999 5876 l'l'im.
1040 5839 1090 5889 ι,
1128 5824 1179 5878 5.

1832 4625 1896 4664 ac
1928 4607 2159 4678 ingressi
2198 4614 2329 4660 sunt
2358 4605 2413 4658 in
2444 4619 2590 4663 eum.
2618 4603 2685 4656 Et
2726 4617 2850 4657 cum
2884 4599 3086 4671 gaudio
3122 4598 3421 4669 perfunde-

1834 4708 2029 4753 rcntur
2086 4698 2384 4753 dicentes:
2420 4695 2723 4750 Invenimus
2783 4694 3131 4755 thesaurum,
3187 4689 3420 4744 occlusit

1800 4858 1805 4863 ,
1835 4792 1946 4846 illis
1970 4791 2115 4846 fores
2143 4809 2156 4844 :
2188 4798 2478 4859 coeperunt
2499 4789 2757 4848 clamare,
2789 4785 3001 4855 lugere,
3026 4792 3082 4837 et
3108 4782 3414 4851 inquirere,

1838 4887 2145 4939 thesaurum
2184 4884 2479 4937 invenimus
2526 4891 2573 4933 et
2614 4878 2958 4950 perdidimus.
2994 4874 3419 4944 Dispensatione

1838 4975 1983 5029 enim
2025 4974 2290 5045 singulari
2330 4971 2590 5027 subducit
2642 4986 2702 5024 se
2742 4967 2947 5039 gratia,
2989 4972 3051 5020 ut
3099 4963 3420 5036 diligentius

1842 5066 2213 5135 inquiramus.
2246 5063 2566 5117 Thesaurus
2589 5059 2736 5114 enim
2766 5065 3106 5113 monstratur
3132 5070 3231 5126 pro
3255 5055 3421 5109 modo

1842 5154 2227 5226 indagationis.

1906 5431 2046 5486 Xlll.
2092 5430 2247 5501 107
2286 5429 2664 5501 Interrogatio.
2707 5426 2840 5484 Cum
2885 5427 3111 5498 afferant
3146 5421 3411 5487 nonnulli,

1835 5524 1973 5595 quod
2018 5532 2233 5592 accepta
2268 5523 2445 5592 gratia
2489 5528 2725 5575 transeat
2768 5521 3031 5591 quispiam
3075 5535 3107 5600 α
3155 5523 3320 5569 morte
3358 5515 3413 5567 in

1833 5618 2018 5681 vitam,
2078 5631 2204 5669 num
2255 5622 2424 5683 potest
2472 5612 2661 5683 aliquis
2712 5612 2910 5666 lumine
2952 5612 3177 5665 donatus
3228 5605 3419 5663 habere

1834 5711 2072 5763 sordidas
2101 5708 2484 5779 cogitationes?
