3966 6512
640 296 749 360 703
808 258 809 263 Ν

709 409 1013 479 Responsio.
1056 408 1335 482 Scriptum
1374 420 1461 468 est
1490 430 1506 469 :
1543 413 1676 470 Cum
1710 416 1958 487 spiritum
2005 431 2218 485 accepe-
2250 417 2293 471 Δ

636 504 789 566 ritis,
835 518 972 555 nunc
1002 519 1164 556 carne
1210 508 1655 560 consummamini
1684 506 1753 560 ⁸⁸.
1787 507 1991 563 lterum
2031 518 2216 564 autem

637 594 818 664 inquit
846 612 861 649 :
893 594 1106 649 Induite
1141 598 1443 652 universam
1483 607 1821 654 armaturam
1864 602 2115 669 spiritus,
2160 609 2218 653 ut

637 684 846 751 possitis
874 690 1019 735 stare
1070 683 1321 737 adversus
1362 686 1595 739 assultus
1627 687 1826 742 diaboli
1857 688 1921 742 ⁸³.
1954 690 2059 743 Per
2088 704 2218 743 eum

637 785 948 826 sermonem
978 772 1087 826 duo
1119 781 1247 826 sunt
1276 773 1417 839 loca,
1450 785 1565 829 tum
1596 776 1687 830 ubi
1715 787 1855 841 erat,
1880 793 2005 832 cum
2039 776 2221 832 induit

636 877 825 928 arma,
878 874 991 918 tum
1044 864 1136 918 ubi
1176 874 1296 931 est,
1347 882 1472 921 cum
1522 868 1728 923 bellum
1778 871 1919 939 gerit
1955 870 2219 926 adversus

637 953 981 1025 principatus
1016 961 1071 1007 et
1105 962 1448 1023 potestates:
1486 957 1539 1011 in
1564 957 1773 1013 lumine
1804 976 2003 1031 nempe
2034 969 2129 1015 aut
2162 962 2218 1016 in

639 1043 903 1099 tenebris.
939 1042 1004 1096 Et
1038 1060 1050 1095 :
1085 1043 1148 1098 Ut
1179 1047 1385 1114 possitis
1431 1049 1609 1101 omnia
1647 1049 1839 1119 jacula
1885 1050 2033 1105 mala
2072 1052 2219 1106 illius

636 1133 803 1201 ignita
849 1132 1185 1201 exstinguere
1229 1131 1296 1188 ⁸³.
1350 1135 1418 1189 Ει
1474 1146 1691 1191 rursum
1728 1156 1740 1191 :
1784 1138 1859 1193 Ne
1903 1142 2219 1194 contristetis

643 1221 903 1293 Spiritum
928 1233 1169 1281 sanctum
1196 1226 1287 1280 Dei
1318 1228 1384 1281 ⁸⁸.
1412 1228 1479 1282 Et
1504 1229 1703 1284 iterum
1729 1249 1742 1284 :
1770 1232 1909 1286 Fieri
1925 1250 2029 1287 non
2052 1243 2219 1305 potest

637 1324 696 1368 ut
718 1315 807 1384 qui
837 1315 999 1368 semel
1041 1317 1235 1386 fuerint
1261 1316 1571 1383 illuminati,
1598 1329 1647 1373 et
1670 1325 1992 1390 gustaverint
2023 1330 2219 1379 donum

635 1404 753 1471 Dei,
792 1425 854 1460 ac
886 1409 1167 1478 participes
1195 1408 1321 1478 facti
1342 1410 1536 1479 fuerint
1565 1410 1793 1483 Spiritus
1825 1417 2015 1478 sancti,
2040 1417 2086 1470 si
2107 1434 2223 1487 pro-

637 1494 910 1560 tabantur,
939 1508 1255 1553 renoventur
1286 1500 1354 1555 ⁸⁸.
1387 1501 1559 1566 Ecce,
1599 1503 1695 1573 qui
1735 1515 1865 1559 sunt
1902 1506 2217 1574 illuminati,

634 1597 692 1642 et
712 1597 1093 1657 gustaverunt,
1125 1591 1408 1645 labuntur.
1442 1593 1627 1658 Vides,
1654 1595 1800 1664 quod
1832 1596 1996 1652 homo
2022 1597 2220 1652 habeat

634 1682 975 1736 voluntatem
1009 1683 1390 1737 consentiendi
1432 1684 1683 1754 Spiritui,
1710 1694 1766 1740 et
1792 1687 1992 1743 habeat
2020 1690 2217 1743 volun-

637 1782 801 1829 tatem
836 1789 961 1828 eum
998 1774 1381 1829 contristandi.
1423 1775 1660 1832 Omnino
1695 1779 1841 1833 enim
1865 1781 2095 1834 assumit
2126 1798 2216 1835 ar-
2249 1773 2289 1826 Β

633 1880 751 1928 ma,
783 1864 849 1919 ad
896 1864 1282 1933 prodeundum
1330 1865 1385 1919 in
1432 1865 1673 1931 bellum,
1717 1877 1774 1923 et
1811 1870 2213 1940 conﬂigendum

632 1969 759 2010 cum
795 1956 1046 2009 hostibus
1079 1971 1092 2008 :
1131 1955 1357 2011 omnino
1387 1955 1731 2013 illuminatus
1768 1967 1883 2025 est,
1924 1970 1982 2015 ut
2018 1961 2217 2016 militet

633 2043 901 2099 adversus
942 2045 1218 2099 tenebras.

704 2137 844 2194 XIV.
884 2138 1260 2209 Interrogatio.
1307 2136 1425 2204 Qua
1463 2140 1673 2195 ratione
1706 2141 1832 2195 dicit
1882 2141 2162 2213 Apostolus
2194 2158 2215 2196 :

640 2247 661 2281 ι
700 2229 759 2285 Si
790 2231 1024 2284 habuero
1059 2248 1266 2285 omnem
1305 2234 1617 2297 scientiam,
1659 2244 1709 2288 et
1746 2252 1954 2289 omnem
1995 2236 2219 2306 prophe-

634 2322 787 2388 tiam,
813 2338 875 2376 ac
897 2321 1086 2394 loquar
1120 2322 1314 2393 linguis
1337 2325 1670 2397 angelorum,
1691 2326 1824 2381 nihil
1860 2343 1978 2380 sum
1993 2328 2040 2360 ⁸⁸
2068 2328 2091 2380 ?
2124 2346 2143 2379 ι

708 2496 1013 2568 Responsio.
1056 2498 1175 2553 Non
1208 2497 1282 2553 ita
1309 2498 1576 2556 debemus
1614 2501 1853 2571 opinari,
1881 2503 2037 2573 quasi
2076 2503 2214 2558 nibil

634 2587 709 2643 sit
736 2587 1067 2658 Apostolus;
1105 2588 1201 2643 sed
1224 2589 1406 2659 quoad
1431 2589 1579 2645 illam
1604 2591 1955 2658 cbaritatcm,
1981 2610 2103 2664 qua:
2130 2602 2217 2649 est

632 2680 897 2750 perfecta,
929 2679 1046 2735 haec
1070 2695 1193 2735 esse
1228 2681 1426 2752 exigua
1454 2698 1469 2735 :
1495 2691 1550 2737 et
1573 2698 1723 2749 eum,
1766 2682 1861 2753 qui
1900 2685 2066 2740 hosce
2093 2701 2216 2757 gra-

632 2771 738 2827 dus
770 2772 1003 2843 adeptus
1039 2781 1151 2838 est,
1196 2773 1310 2828 labi
1344 2789 1504 2843 posse
1542 2794 1555 2829 :
1587 2776 1683 2846 qui
1721 2792 1856 2832 vero
1889 2777 2214 2833 cbaritatcm

632 2862 909 2930 habuerit,
955 2863 1154 2919 cadere
1194 2866 1407 2935 nequit.
1450 2866 1563 2937 Ego
1605 2882 1738 2922 vero
1782 2867 1882 2923 tibi
1936 2867 2059 2923 dico
2127 2884 2216 2924 me

634 2954 838 3009 vidisse
865 2955 1015 3009 viros
1035 2954 1296 3010 omnibus
1319 2954 1479 3011 donis
1515 2958 1913 3023 accumulatos,
1953 2972 2018 3012 ac
2039 2956 2217 3027 Spiri-

1918 296 1979 357 S.
2017 291 2337 356 MACARII
2379 292 2698 353 IEGYPTII
3744 303 3815 365 τοι

2404 412 2768 480 Ἀπόκρισις.
2824 412 3173 482 Γέγραπται,
3213 412 3296 466 δτι
3329 411 3612 481 Πνεύματι
3637 412 3815 485 Ma.

2314 520 2487 571 μενοι
2524 504 2596 555 ἐν
2629 503 2811 570 σαρκὶ
2853 505 2972 559 νῦν
3001 503 3397 558 ἐπιτελεῖσθε.
3431 502 3589 571 Λέγει
3610 504 3657 556 δὲ
3678 509 3815 561 πάλιν

2333 594 2699 648 Ἐνδύσασθε
2724 595 2839 662 τὴν
2857 596 3207 649 πανοπλίαν
3231 594 3341 650 τοῦ
3366 597 3701 664 Πνεύμστος,
3717 602 3819 670 κρέτ

2319 685 2386 738 τὸ
2410 685 2703 739 δύνασθαι
2731 684 2888 756 ὑμᾶς
2910 686 3270 755 ἀντιστῆναι
3295 688 3445 755 πρὸς
3469 691 3572 752 τὰς
3584 691 3823 760 μεθοδείας

2319 780 2427 835 τοῦ
2478 779 2785 836 διαϐόλου.
2847 782 2991 853 Πρὸς
3022 783 3184 851 λόγον
3229 785 3338 837 eici.
3365 783 3459 837 δύο
3486 785 3647 850 τόποι,
3675 787 3755 840 τοῦ
3773 788 3823 842 im

2320 872 2610 925 ἐνεδύσατο
2657 872 2725 926 τά
2774 873 2916 928 ὅπλα
2940 913 2955 937 ,
3006 875 3101 928 καὶ
3134 874 3239 927 ποῦ
3269 875 3345 928 ὢν
3380 875 3604 944 πολεμεῖ
3629 878 3738 948 πρὸς
3758 882 3824 943 τὰς

2319 961 2496 1031 ἀρχὰς
2546 963 2642 1015 καὶ
2687 964 2788 1027 τὰς
2833 964 3117 1032 ἐξουσίας,
3163 967 3222 1018 ἐν
3249 968 3391 1035 φωτὶ
3420 966 3517 1033 ὢν,
3547 967 3579 1036 ἢ
3607 970 3657 1021 ἐν
3678 970 3823 1026 σκότει.

2320 1054 2461 1122 Καὶ,
2500 1057 2657 1124 Πρὸς
2688 1057 2753 1111 τὸ
2781 1057 3081 1112 δύνασθαι
3105 1058 3262 1128 ὑμᾶς
3289 1059 3489 1113 πάντα
3513 1058 3583 1112 τὰ
3597 1061 3731 1128 βέλη
3752 1064 3825 1117 τοῦ

2320 1150 2590 1217 πονηροῦ
2623 1149 2696 1204 τὰ
2724 1151 3122 1219 πεπυρωμένα
3150 1150 3367 1206 σϐέσαι
3386 1167 3401 1181 ο
3450 1152 3546 1203 καὶ
3573 1152 3733 1213 πάλιν,
3759 1154 3824 1222 Μὴ

2323 1241 2571 1295 λυπεῖτε
2596 1241 2664 1295 τὸ
2690 1232 2939 1313 Πνεῦμα
2967 1244 3035 1297 τὸ
3060 1243 3230 1313 ἅγιον
3257 1242 3364 1297 τοῦ
3391 1242 3567 1297 Θεοῦ·
3594 1244 3674 1297 καὶ
3698 1246 3825 1311 πάλιν,

2334 1331 2663 1386 Ἀδύνατον
2693 1334 2836 1400 τοὺς
2865 1334 3027 1399 ἅπαξ
3053 1335 3460 1403 φωτισθέντας
3490 1336 3827 1405 γευσαμένους

2322 1442 2383 1478 τε
2408 1423 2519 1492 τῆς
2539 1424 2762 1494 δωρεᾶς
2783 1427 2890 1481 τοῦ
2914 1427 3084 1491 Θεοῦ,
3104 1428 3202 1481 καὶ
3218 1419 3519 1496 μετόχους
3539 1431 3828 1498 γενομένους

2320 1517 2669 1585 Πνεύματος
2698 1519 2873 1587 ἁγίου
2896 1558 2912 1584 ,
2950 1519 3051 1573 καὶ
3075 1521 3539 1588 παραπεσόντας
3565 1521 3828 1574 ἀναικαινίο

2320 1607 2461 1667 ζειν.
2510 1602 2641 1662 ‘I6'ob
2676 1609 2725 1662 οί
2752 1609 3117 1678 φωτισθέντες
3148 1612 3243 1664 καὶ
3269 1611 3598 1681 γευσάμενοι
3620 1612 3831 1683 παραρῥί-

2322 1715 2569 1752 πτουσιν.
2619 1698 2818 1771 Ὁρᾷς,
2871 1700 2956 1754 ὅτι
3001 1699 3116 1771 ἔχει
3161 1702 3374 1773 θέλημα
3410 1701 3508 1756 τοῦ
3538 1704 3830 1773 συμφωνῆσαι

2318 1790 2397 1861 τῷ
2424 1790 2726 1861 Πνεύματι,
2759 1792 2852 1845 καὶ
2880 1791 2995 1863 ἔχει
3022 1793 3238 1863 θέλημα
3266 1795 3361 1848 τοῦ
3384 1794 3640 1865 λυπῆσαι.
3663 1796 3832 1860 Πάντως

2318 1878 2428 1949 γάρ
2455 1879 2830 1950 ἀναλαμϐάνει
2855 1880 2997 1937 ὅπλα
3017 1881 3115 1936 τοῦ
3139 1883 3397 1938 ἀπελθεῖν
3420 1886 3503 1949 είς
3528 1885 3750 1954 πόλεμον,
3768 1890 3833 1939 καὶ

2319 1968 2696 2036 ἀγωνίσασθαι
2731 1970 2875 2025 κατά
2903 1971 3015 2024 τῶν
3045 1972 3255 2045 ἐχθρῶν
3278 1990 3292 2004 ·
3352 1974 3571 2039 πάντως
3597 1975 3832 2047 ἐφωτίσθη,

2320 2061 2406 2115 ἵνα
2438 2061 2840 2134 στρατεύσηται
2870 2064 3014 2118 κατά
3041 2064 3137 2119 τοῦ
3167 2067 3414 2132 σκότους.

2393 2154 2487 2205 1Δ’.
2524 2153 2860 2223 Ἐρώτησις.
2892 2153 3027 2223 Πῶς
3046 2156 3210 2226 λέγει
3232 2160 3266 2213 ό
3292 2159 3681 2226 ’Δπόστολοςο
3706 2178 3722 2211 ι
3739 2160 3834 2213 Ἐὰν

2315 2243 2434 2313 ἔχω
2462 2243 2669 2299 πᾶσαν
2696 2243 2812 2313 τὴν
2835 2245 3065 2316 γνῶσιν
3085 2286 3102 2311 ,
3137 2247 3237 2301 καί
3266 2247 3477 2304 πᾶσαν
3505 2253 3833 2319 προφητείαν,

2315 2334 2413 2387 καὶ
2460 2333 2631 2388 λαλῶ
2678 2332 2810 2401 ταῖς
2848 2334 3161 2404 γλώσσαις
3206 2334 3328 2391 τῶν
3368 2337 3675 2408 ἀγγέλων,
3704 2337 3835 2391 οὐδέν

2314 2427 2451 2479 siut.
2489 2443 2509 2477 ι

2364 2443 2760 2583 ξζπιόκρισις.
2797 2514 2909 2584 υύχ
2935 2513 3108 2578 οὕτως
3133 2513 3424 2584 ὀφείλομεν
3451 2515 3612 2577 νοεῖν,
3634 2514 3707 2566 ὅτι
3725 2512 3839 2566 οὐδέν

2317 2607 2464 2659 ἐστιν
2492 2607 2521 2659 6
2552 2604 2904 2671 Ἀπόστολος,
2944 2604 3081 2658 ἀλλά
3114 2605 3253 2675 πρὸς
3283 2606 3504 2672 ἐκείνην
3532 2605 3627 2674 τὴν
3649 2605 3838 2672 ἀγάπην,

2314 2698 2437 2768 ἥτις
2465 2699 2582 2752 ἐστὶ
2608 2698 2813 2762 τελεία,
2847 2696 3023 2750 ταῦτα
3055 2698 3233 2768 μικρά
3256 2697 3393 2761 ἐστι,
3429 2696 3526 2749 καὶ
3554 2696 3581 2747 6
3610 2698 3663 2749 ἐν
3682 2695 3839 2757 τούτοις

2315 2788 2391 2842 ὢν
2443 2792 2557 2854 τοῖς
2606 2788 2861 2860 μέτροις,
2912 2787 3144 2841 πίπτει*
3199 2789 3228 2841 6
3269 2787 3325 2840 δὲ
3360 2786 3501 2858 ἔχων
3530 2786 3839 2857 τὴνάγάπην,

2316 2882 2566 2945 ἁπτωτός
2609 2883 2780 2936 ἐστιν.
2820 2879 2963 2950 Ἐγὼ
2991 2880 3049 2934 δέ
3079 2897 3161 2933 σοι
3189 2879 3368 2949 λέγω,
3409 2879 3488 2943 ὡς
3521 2876 3653 2932 εἶδον
3675 2878 3840 2949 ἀνθρώ-

2316 2992 2449 3034 nou;
2484 2976 2563 3038 εἰς
2592 2973 2690 3027 ὅλα
2719 2974 2788 3027 τὰ
2808 2973 3128 3044 χαρίσματα
3156 2972 3486 3041 γενομένους
3516 2972 3607 3025 καὶ
3637 2970 3843 3041 μετόχους

636 3052 728 3099 tus
754 3044 1050 3114 participes
1080 3042 1271 3107 factos,
1306 3045 1400 3115 qui
1429 3061 1555 3100 cum
1588 3061 1698 3101 non
1729 3047 2112 3117 pervenissent
2144 3046 2215 3101 ad

2321 3062 2634 3133 Πνεῦματος
2660 3079 2674 3093 ·
2707 3042 2993 3117 καὶοῦτοι
3011 3062 3086 3133 μὴ
3113 3062 3424 3131 φθάσαντες
3454 3062 3540 3126 είς
3562 3060 3657 3131 τὴν
3677 3060 3843 3113 τελείαν

634 3138 936 3207 perfectam
974 3137 1297 3192 cbaritatcm
1324 3177 1339 3200 ,
1384 3138 1522 3208 lapsi
1564 3148 1712 3194 sunt.
1744 3139 1975 3206 Quidam
2012 3140 2160 3196 enim
2184 3157 2216 3197 e

2323 3156 2562 3225 ἀγάπην,
2601 3154 2815 3208 ἐπεσον.
2850 3149 2947 3218 Εἷς
2976 3154 3085 3227 γάρ
3112 3171 3198 3217 τις
3228 3153 3338 3206 τῶν
3364 3152 3608 3223 εὐγενῶν
3630 3150 3845 3217 ἀποταξῷ

634 3230 940 3295 nobilibus,
969 3245 1093 3285 cum
1126 3230 1497 3286 renuntiasset
1521 3233 1775 3296 terrenis,
1800 3233 2052 3288 vendidit
2072 3233 2217 3289 bona

2326 3264 2485 3317 μενος
2540 3246 2823 3316 ἐπώλησεν
2869 3245 3034 3300 αὐτοῦ
3075 3244 3144 3299 τὰ
3177 3246 3531 3317 ὑπάρχοντα,
3563 3244 3844 3316 ἠλευθέρωσε

633 3338 760 3389 sua,
790 3339 980 3379 servos
1008 3323 1263 3379 libertate
1293 3323 1516 3379 donavit
1540 3366 1555 3389 ,
1588 3325 1833 3395 prudens
1861 3326 2085 3396 quidem
2108 3367 2125 3392 ,
2152 3340 2217 3382 ac

2320 3338 2541 3401 δούλους
2561 3381 2575 3403 ,
2611 3336 2687 3390 ὢν
2717 3338 2979 3410 φρόνιμος
3007 3339 3103 3393 καλ⁵
3128 3338 3347 3402 συνετὸς
3366 3378 3383 3402 ,
3419 3337 3610 3392 λοιπὸν
3639 3336 3844 3408 neptim-

632 3416 833 3472 sobriae
864 3415 1082 3481 mentis,
1126 3416 1459 3486 percelebris
1483 3417 1688 3487 alioqui
1716 3417 1788 3473 ob
1818 3418 2105 3474 honestam
2129 3417 2216 3472 vi-

2320 3446 2411 3492 τος
2450 3424 2518 3496 ἦν
2571 3428 2665 3481 ἐπὶ
2711 3428 2896 3499 σεμνῷ
2940 3429 3041 3501 βίῳ
3063 3446 3078 3461 ο
3134 3429 3230 3484 καὶ
3262 3432 3319 3483 ἐν
3346 3429 3427 3499 τῷ
3461 3429 3661 3501 μεταξὺ
3688 3428 3846 3499 οἰηθεὶς

636 3514 747 3561 tam
776 3522 790 3560 :
822 3505 1032 3560 interea
1059 3519 1117 3560 se
1148 3504 1328 3575 ipsum
1351 3507 1764 3578 magnifaciens,
1794 3506 2105 3578 arrogantia
2130 3505 2216 3560 in-

2321 3520 2452 3592 ιντερ)⁸
2502 3520 2696 3575 ἐαυτοῦ
2724 3560 2740 3587 ,
2794 3522 2889 3575 καὶ
2937 3520 3240 3591 τυφωθεὶς,
3280 3521 3433 3587 τέλος
3470 3522 3751 3576 κατέπεσεν
3788 3522 3844 3582 εἰς

635 3599 870 3665 tumuit,
912 3613 976 3653 ac
1006 3598 1223 3654 tandem
1249 3597 1317 3653 ad
1352 3598 1561 3654 scelera
1585 3607 1641 3654 et
1664 3599 1877 3655 inﬁnita
1912 3599 2054 3655 mala
2082 3613 2216 3670 pro-

2320 3610 2631 3680 ἀσελγείας,
2671 3610 2766 3664 καὶ
2794 3610 2965 3683 μυρία
2991 3612 3156 3667 κακά.

632 3694 819 3763 lapsus
847 3701 951 3747 est.

703 3785 815 3841 XV.
856 3785 1012 3840 Alius
1057 3792 1303 3855 tempore
1355 3784 1760 3855 persecutionis
1807 3801 2009 3855 corpus
2049 3801 2211 3841 suum

2389 3782 2491 3837 IE'.
2528 3783 2722 3848 ’Δλλος
2768 3783 2863 3837 ἐπὶ
2896 3784 3139 3856 διωγμοῦ
3171 3784 3370 3840 ἔδωκεν
3402 3786 3600 3841 ἐαυτοῦ
3626 3786 3683 3841 τὸ
3706 3786 3843 3857 σῶμι,

632 3876 881 3940 tradidit,
908 3884 964 3931 et
999 3892 1122 3930 cum
1150 3885 1297 3930 esset
1331 3876 1645 3940 confessor,
1680 3885 1868 3946 postea
1904 3891 2037 3947 pace
2070 3877 2212 3933 facta

2318 3876 2413 3928 καὶ
2443 3874 2518 3927 ὣν
2545 3874 2886 3946 ὀμολογητὴς
2905 3918 2921 3942 ,
2971 3876 3109 3947 μετά
3138 3877 3313 3930 ταῦτα
3344 3879 3570 3951 είρήνης
3600 3881 3842 3949 γενομένης

630 3969 847 4025 solutus
868 3977 971 4033 est,
990 3977 1218 4038 eratque
1244 3968 1425 4039 magni
1450 3967 1691 4023 nominis
1722 3986 1734 4021 :
1769 3968 2041 4039 palpebra:
2062 3969 2211 4025 enim

2318 3966 2563 4037 ἀπελύθη
2590 4006 2605 4029 ,
2643 3966 2737 4020 καὶ
2766 3962 2835 4039 ἦν
2860 3967 3180 4038 ὀνομαστός.
3216 3966 3298 4022 Τά
3320 3969 3431 4039 γὰρ
3463 3969 3700 4041 βλέφαρα
3720 3969 3841 4022 αὑτσῦ

633 4062 755 4133 ejus
783 4062 925 4116 lazsa:
960 4071 1110 4125 sunt,
1151 4060 1413 4130 quoniam
1447 4058 1599 4114 fumo
1622 4070 1781 4115 erant
1817 4070 2075 4131 perusus.
2112 4061 2213 4118 Hic

2318 4050 2384 4128 ἦν
2414 4056 2702 4125 βλαϐέντα,
2740 4057 2929 4130 ἐπειδὴ
2960 4058 3365 4130 ὑπεκαπνίσθη.
3402 4055 3575 4125 Οὗτος
3604 4061 3843 4115 λοιπὺνδο-

633 4154 983 4226 postmodum
1014 4152 1188 4223 gloria
1219 4152 1547 4217 illustratus,
1579 4168 1703 4207 cum
1734 4152 1803 4207 ad
1832 4168 2026 4223 preces
2049 4169 2212 4209 voca-

2318 4146 2635 4218 ξαζόμενος,
2667 4149 2761 4203 καὶ
2789 4150 3127 4222 καλούμενος
3159 4152 3235 4216 είς
3262 4154 3362 4217 τὰς
3389 4154 3581 4225 εὐχάς,
3607 4154 3841 4224 Iapetus:

632 4255 807 4312 retur,
840 4245 1182 4301 frumentum
1214 4244 1454 4314 accepit,
1484 4242 1746 4315 deditque
1782 4244 1836 4300 id
1874 4261 2049 4315 puero
2085 4260 2206 4311 suo,

2318 4242 2487 4294 σιτίον
2509 4282 2524 4308 ,
2560 4241 2729 4296 ἐδίδου
2760 4241 2839 4312 τῷ
2866 4242 3020 4295 ιιιαιδλ⁸
3042 4242 3210 4296 αὐτοῦ
3237 4259 3252 4274 ο
3291 4245 3386 4298 καὶ
3412 4244 3592 4309 οὕτως
3615 4241 3681 4316 ἦν
3705 4247 3729 4298 6
3750 4244 3839 4303 νοῦς

631 4350 808 4405 eoque
838 4333 1059 4390 devenit
1086 4334 1206 4404 ejus
1236 4349 1393 4388 mens
1415 4372 1429 4395 ,
1470 4348 1534 4389 ac
1564 4334 1610 4388 si
1651 4350 1932 4406 nunquam
1963 4335 2210 4392 audivis-

2318 4333 2480 4388 αὑτοῦ
2507 4373 2522 4397 ,
2577 4335 2654 4399 ὡς
2703 4334 2971 4406 μηδέποτε
3015 4334 3256 4400 ἀκούσας
3310 4336 3471 4405 λόγον
3502 4337 3659 4394 Θεοῦ.
3693 4337 3839 4398 Ἄλλος

632 4433 717 4480 set
758 4426 987 4479 verbum
1029 4423 1144 4478 Dei.
1187 4423 1342 4478 Alius
1371 4424 1607 4494 praebuit
1639 4440 1840 4498 corpus
1869 4444 2029 4483 suum
2067 4437 2206 4485 tem-

2318 4426 2482 4480 ἔδωκε
2514 4426 2574 4480 τὸ
2602 4426 2761 4498 σῶμα
2787 4425 2951 4480 αὑτοῦ
2990 4427 3084 4479 ἐπὶ
3114 4425 3382 4497 διωγμοῦ,
3416 4430 3516 4483 καὶ
3546 4428 3833 4500 ἐκρεμάσθη,

632 4527 767 4584 pore
794 4511 1212 4583 persecutionis,
1231 4519 1286 4565 et
1308 4527 1609 4581 suspensus
1628 4522 1713 4570 est
1741 4525 1905 4585 atque
1926 4518 2210 4581 eﬂ‘erbuit,

2319 4516 2412 4569 καὶ
2444 4516 2657 4588 ἐξέστη,
2690 4513 2809 4570 εἶτα
2837 4516 3037 4588 ἐϐλήθη
3074 4518 3155 4581 είς
3179 4517 3279 4588 τὴν
3305 4518 3838 4592 φυλακήν.Ὑπηρέτει

632 4618 698 4659 ac
725 4611 913 4674 postea
942 4603 1224 4674 conjectus
1254 4602 1309 4656 in
1342 4619 1639 4660 carcerem.
1674 4605 2019 4663 Ministrabat
2043 4610 2212 4680 igitur

2318 4606 2409 4660 οὖν
2461 4606 2611 4678 αὐτῷ
2657 4608 2801 4661 κατά
2843 4606 3027 4662 πίστιν
3077 4611 3343 4680 κακονική
3376 4627 3502 4678 τις,
3537 4613 3629 4665 καὶ
3658 4612 3838 4679 ποιήσας

633 4694 687 4749 οἱ
727 4696 880 4764 juxta
915 4692 1076 4747 ﬁdem
1108 4692 1355 4762 quaedam
1401 4694 1664 4749 canonica
1691 4736 1706 4761 ,
1744 4711 1869 4752 cum
1904 4714 2011 4768 qua
2048 4699 2210 4755 fami-

2319 4698 2608 4770 συνήθειαν
2662 4700 2793 4769 μετ’
2838 4699 3030 4770 αὐτῆς,
3067 4699 3145 4753 ὣν
3175 4703 3234 4755 ἐν
3262 4705 3328 4774 τῇ
3360 4703 3601 4776 φυλακῇ,
3638 4704 3838 4770 ἐξέπεσεν

635 4784 874 4841 liaritatc
902 4793 1207 4849 contracta.
1239 4786 1293 4839 in
1322 4800 1546 4841 carcere
1579 4788 1710 4843 dum
1745 4798 1924 4854 esset,
1953 4790 2210 4860 delapsus

2318 4791 2395 4852 εἰς
2439 4789 2716 4860 πορνείαν.
2754 4791 2861 4844 Ἴδε
2904 4792 2934 4845 6
2977 4790 3234 4856 πλούσιος
3267 4795 3298 4846 6
3325 4794 3591 4865 πωλήσας
3618 4797 3680 4848 τὰ
3706 4794 3837 4861 ὺπέρ·

633 4890 720 4937 est
766 4879 821 4933 in
856 4885 1127 4947 stuprum.
1176 4877 1345 4942 Vide,
1378 4876 1532 4933 dives
1575 4879 1669 4949 qui
1704 4879 2028 4935 vendiderat
2068 4882 2213 4939 bona

2318 4898 2482 4953 χοντα
2532 4881 2730 4946 αὐτοῦ,
2774 4883 2872 4937 καὶ
2904 4885 2934 4937 6
2963 4883 3086 4950 δοὺς
3112 4885 3175 4939 τὸ
3200 4886 3360 4958 σῶμα
3384 4888 3555 4943 αὐτοῦ
3584 4890 3661 4953 είς
3683 4886 3839 4959 μαρτῦ·

635 4989 733 5028 sua
755 5013 769 5036 ,
803 4980 859 5027 et
881 4970 975 5041 qui
1003 4968 1306 5024 tradiderat
1335 4984 1535 5040 corpus
1561 4986 1721 5026 suum
1750 4972 1821 5027 ad
1852 4974 2169 5044 martyrium
2193 5015 2210 5042 ,

2320 4990 2455 5044 ριον,
2491 4975 2609 5037 πῶς
2637 4974 2854 5030 ἔπεσεν.

638 5078 749 5132 quo
780 5072 939 5131 pacto
969 5059 1251 5115 ceciderit.
2680 5092 2683 5097 η

710 5153 847 5207 XVI.
885 5154 1039 5207 Alius
1072 5151 1294 5222 quidam
1330 5152 1537 5207 athleta
1563 5167 1759 5224 sagax,
1790 5153 1886 5224 qui
1923 5168 2216 5211 conversa-

2389 5154 2507 5223 ις’.
2551 5156 2743 5220 Ἄλλος
2787 5156 2846 5211 δέ
2890 5175 2975 5222 τις
3018 5160 3285 5231 φρόνιμος
3318 5163 3571 5235 ἀσκητὴς
3601 5164 3757 5218 συνών
3780 5181 3840 5231 ps:

641 5243 806 5298 batur
837 5260 1049 5298 mecum
1078 5245 1131 5298 in
1164 5243 1351 5310 domo,
1378 5260 1708 5315 mecumque
1743 5261 1934 5316 preces
1958 5247 2214 5314 faciebat,

2318 5248 2374 5299 ἐν
2399 5250 2467 5319 τῇ
2493 5249 2660 5319 οἰκίᾳ,
2688 5249 2783 5301 καὶ
2810 5250 2927 5320 μετ’
2953 5251 3088 5321 ἐμοῦ
3115 5253 3427 5324 εὐχόμενος,
3454 5255 3628 5319 οὕτως
3648 5251 3708 5326 ἦν
3727 5252 3842 5306 τ’.)οῶ

645 5337 807 5406 108
833 5336 969 5391 adeo
997 5336 1243 5406 locuples
1276 5346 1397 5392 erat
1426 5338 1599 5408 gratia
1624 5379 1638 5403 ,
1685 5348 1745 5393 ut
1775 5338 1921 5393 inter
1948 5339 2216 5394 orandum

2318 5352 2430 5396 ato;
2463 5338 2520 5390 ἐν
2548 5339 2614 5406 τῇ
2639 5338 2842 5407 χάριτι,
2875 5338 2951 5404 ὡς
2979 5341 3271 5411 εὐχόμενος
3302 5343 3469 5411 ἐγγύς
3497 5362 3603 5414 μου
3630 5345 3839 5398 κατατάτ-

635 5428 790 5498 juxta
817 5442 903 5481 me
929 5436 1411 5497 compungeretur.
1436 5429 1706 5484 Fervebat
1728 5430 1877 5484 enim
1900 5430 1953 5483 in
1982 5430 2075 5484 illo
2093 5446 2217 5501 gra-

2318 5429 2523 5484 τεσθαι.
2570 5429 2847 5500 Ἕϐρασσε
2890 5430 3000 5503 γὰρ
3047 5433 3106 5484 ἐν
3152 5433 3302 5504 αὐτῷ
3339 5436 3373 5505 ἡ
3412 5438 3615 5508 χάριςῑ
3647 5436 3776 5503 ἐδόθη
3800 5434 3838 5486 δὲ

641 5519 737 5575 tia.
769 5518 1042 5574 Donatum
1071 5534 1289 5589 quoque
1322 5519 1426 5590 ipsi
1455 5531 1574 5575 erat
1605 5520 1812 5576 donum
1848 5521 2215 5587 sanationum,

2318 5519 2464 5590 αὑτῷ
2512 5520 2605 5574 καὶ
2651 5522 2710 5574 τὸ
2749 5520 2997 5591 χάρισμα
3045 5523 3155 5576 τῶν
3199 5526 3473 5595 ἰαμάτων,
3523 5530 3616 5582 καὶ
3641 5530 3694 5581 οὗ
3721 5530 3837 5596 μόνω

712 5634 755 5665 ⁸⁸
805 5632 927 5719 ρει.
986 5636 1178 5719 ιιι,
1283 5636 1327 5668 ⁸³
1368 5636 1568 5706 Ephcs.
1624 5638 1799 5705 v1,2.
1905 5637 1954 5671 ⁸³
2018 5638 2152 5695 ibid,
2211 5646 2217 5692 4

2403 5638 2449 5672 ⁸³
2500 5639 2709 5710 Ephes.
2758 5655 2832 5705 Iv,
2872 5640 2960 5697 50.
3047 5643 3092 5675 ⁸⁸
3134 5642 3301 5700 llcbr.
3335 5661 3411 5711 vi.
3443 5647 3494 5704 ι.
3622 5650 3663 5681 ⁸⁸
3696 5646 3713 5702 l
3742 5642 3835 5699 Cor.

644 5717 775 5769 xm,
805 5705 859 5757 2.

3522 6502 3553 6507 +—
3602 6495 3822 6508 Ὴή-
