3966 6550
161 339 251 405 705

1308 346 1677 412 HOMILIZE.
1704 373 1775 385 -·
1803 348 1990 410 HOM.
2030 346 2272 412 XXVII.

3275 358 3383 427 706

162 450 267 512 τοὺς
290 446 545 519 δαίμονας
570 450 912 523 ἀπήλαυνεν,
951 453 1087 509 ἀλλά
1112 455 1207 510 καὶ
1237 459 1363 522 τοὺς
1386 459 1697 531 δεδεμένους

1802 472 1906 513 nec
1921 457 2097 513 solum
2120 459 2399 517 daemones
2422 460 2749 531 expellebat,
2767 477 2962 521 verum
2985 467 3147 524 etiam
3162 472 3381 531 vinctos

158 537 325 609 κείρας
358 537 453 591 καὶ
482 539 678 606 πόδας,
726 543 821 596 καὶ
851 542 1074 613 ἔχοντας
1102 547 1249 619 πάθη
1274 547 1453 616 δεινὰ,
1486 551 1573 606 διὰ
1600 552 1702 623 τῆς

158 626 433 691 ἑπιθέσεως
468 628 576 682 τῶν
603 632 804 703 χειρῶν
836 634 1223 704 ἐθεράπευσεν.
1258 637 1392 694 Εἶτα
1424 641 1706 714 ἀμελήσας

156 716 237 772 καὶ
279 716 632 789 δοξαζόμενος
668 723 773 777 ὑπὸ
801 724 895 779 τοῦ
922 727 1129 797 κόσμου
1151 768 1167 795 ,
1214 731 1308 785 καὶ
1347 733 1705 805 συνηδόμενος

154 808 307 879 αὐτῷ,
345 810 619 882 ὲτυφὼθη,
651 815 745 867 καὶ
776 815 1033 883 ἐξέπεσεν
1062 821 1142 884 είς
1167 820 1308 875 αὐτά
1334 822 1404 875 τά
1430 823 1706 894 βαθύτατα

158 903 238 973 τῆς
278 901 570 971 ἁμαρτίας.
621 905 726 961 Ἴδε
774 908 869 960 καὶ
915 909 944 961 6
986 909 1125 982 ἔχων
1167 911 1413 984 χάρισμα
1458 916 1705 990 ἰαμάτων

153 992 349 1046 ἐπεσεν.
383 993 566 1066 Ὁρᾷς,
594 996 711 1060 πῶς
736 998 842 1069 πρὸ
864 999 956 1053 τοῦ
980 1000 1235 1072 ἔρχεσθαι
1259 1006 1341 1068 εἰς
1360 1006 1582 1078 ἀγάπης
1609 1010 1706 1080 μέ-

152 1100 242 1156 τρα
272 1082 576 1141 πίπτουσιν.
610 1090 706 1152 Ὃς
731 1090 841 1162 γάρ
871 1091 1082 1160 φθάσας
1113 1096 1194 1160 είς
1217 1097 1317 1167 τὴν
1342 1099 1588 1171 ἀγάπην,
1619 1102 1707 1156 δέ-

152 1175 284 1231 δεται
332 1178 426 1229 καὶ
464 1178 829 1250 μεμέϐυσται,
864 1179 1015 1249 οὗτος
1045 1190 1573 1258 καταπεπόντισται,
1610 1195 1706 1249 καὶ

148 1265 475 1335 αἰχμάλωτός
500 1270 648 1323 ἐστιν
680 1274 759 1337 είς
787 1273 945 1329 ἄλλον
970 1276 1194 1349 κόσμον,
1225 1278 1300 1345 ὡς
1326 1281 1426 1351 τῆς
1455 1283 1591 1347 ιδίας
1613 1283 1708 1355 φύς

151 1372 274 1419 σεως
302 1358 402 1411 οὐκ
427 1360 838 1433 αἰσθανόμενος.

208 1534 301 1589 IZ'.
355 1533 686 1627 Ἐρωτησις.
749 1545 812 1599 Τί
854 1545 1061 1603 ἐστιν·
1103 1568 1123 1604 ι
1158 1553 1226 1609 Ἀ
1262 1552 1567 1627 ὀφθαλμὸς
1594 1560 1707 1615 οὐκ

147 1620 271 1693 εἶδε,
300 1628 399 1681 καὶ
427 1624 534 1697 οὖς
562 1634 673 1686 οὐκ
696 1633 947 1704 ἤκουσε,
974 1638 1075 1694 καὶ
1096 1640 1196 1699 ἐπὶ
1219 1620 1474 1713 καρδιακ-
1493 1620 1709 1718 ἀνθρώ-

145 1735 250 1773 που
277 1721 389 1775 οὐκ
409 1722 632 1793 div-€611;
670 1744 690 1779 ι

1806 550 2062 606 manibus
2095 566 2161 607 ac
2196 551 2429 622 pedibus
2450 594 2466 619 ,
2499 569 2564 610 ac
2592 556 2849 625 gravibus
2880 556 3089 615 morbis
3128 562 3383 619 laboran-

1806 646 1909 705 tes,
1935 656 2034 710 per
2050 642 2457 712 impositionem
2485 660 2747 701 manuum
2764 649 3013 705 curabat.
3038 652 3232 709 Postea
3255 669 3380 712 cum

1803 730 2136 801 negligentia
2167 733 2458 799 difﬂueret,
2490 742 2656 805 atque
2685 738 2916 808 gloriam
2948 751 3143 799 nactus
3165 759 3197 798 a
3222 759 3384 800 mun-

1805 820 1899 887 do,
1931 823 2015 877 sui
2039 823 2212 893 ipsius
2239 825 2601 883 delectatione
2621 834 2925 897 teneretur,
2949 834 3209 903 superbia
3236 834 3384 891 intu-

1805 912 1965 978 muit,
1995 921 2158 985 atque
2182 915 2439 985 delapsus
2456 927 2542 974 est
2565 919 2622 973 in
2656 919 2773 991 ipsa
2800 921 3227 991 profundissima
3250 940 3382 996 pec-

1805 999 1933 1054 cati.
1980 1000 2152 1069 Vide,
2195 1005 2343 1073 quod
2386 1005 2552 1065 etiam
2599 1007 2724 1076 ille,
2767 1011 2861 1080 qui
2895 1011 3097 1068 donum
3145 1016 3384 1070 sanatio-

1804 1108 1935 1147 num
1961 1094 2221 1163 habebat,
2254 1098 2537 1156 ceciderit.
2569 1101 2735 1158 Vides
2756 1106 3055 1174 quomodo,
3087 1100 3381 1179 antequam

1803 1185 2128 1252 perveniant
2161 1188 2229 1243 ad
2263 1204 2577 1247 mensuram
2609 1194 2894 1251 charitatis
2915 1236 2932 1262 ,
2967 1196 3243 1253 labantur.
3272 1199 3379 1267 Qui

1803 1276 1951 1331 enim
1993 1277 2316 1335 charitatcm
2349 1293 2632 1340 assecutus
2664 1286 2905 1343 vincitur
2943 1297 2999 1344 et
3036 1290 3378 1359 inebriatur,

1805 1364 1896 1422 hic
1921 1367 2260 1442 demergitur
2286 1381 2343 1428 et
2374 1376 2682 1446 captivatur
2712 1377 2769 1432 in
2793 1379 2962 1436 alium
2995 1385 3285 1450 mundum,
3316 1400 3383 1447 ac

1805 1455 1852 1512 si
1884 1462 2158 1529 propriam
2186 1473 2437 1521 naturam
2466 1482 2572 1521 non
2608 1470 2827 1527 sentiat.

1876 1548 2038 1608 XVII.
2066 1553 2451 1627 Interrogatio.
2494 1558 2633 1625 Quid
2669 1570 2747 1616 est
2776 1563 2800 1617 ?
2847 1582 2866 1616 ε
2902 1564 3032 1631 Qua:
3059 1566 3237 1622 oculus
3272 1585 3380 1624 non

1808 1640 1955 1709 vidit,
1986 1661 2081 1699 nec
2110 1649 2256 1703 auris
2282 1650 2521 1718 audivit,
2557 1669 2649 1708 nec
2678 1654 2734 1713 in
2765 1672 2856 1711 cor
2871 1658 3095 1715 hominis
3131 1661 3380 1719 ascende-

1813 1743 1936 1788 runt
1970 1733 2056 1790 '7?
2090 1754 2110 1789 ι

218 1811 570 1881 Ἀπόκρισις.
627 1818 763 1872 Κατ’
792 1819 1001 1877 ἐκεῖνον
1033 1824 1128 1881 τὸν
1154 1829 1345 1899 καιρὸν
1374 1830 1424 1884 οί
1454 1833 1697 1904 μεγάλοι,

1809 1825 1819 1839 ‘
1892 1824 2194 1896 Responsio.
2232 1829 2330 1886 Illo
2354 1838 2597 1903 tempore
2619 1845 2917 1907 magnates,
2942 1838 3099 1912 justi,
3127 1857 3282 1914 reges
3321 1850 3380 1903 et

144 1902 229 1955 καὶ
251 1902 467 1971 δίκαιοι,
503 1908 597 1961 καὶ
622 1907 884 1981 βασιλεῖς,
920 1915 1017 1971 καὶ
1042 1920 1339 1991 προφῆται,
1377 1902 1465 1978 ὅτι
1490 1927 1588 1997 μὲν
1613 1926 1705 1999 έρ-

143 2008 281 2063 χεται
310 1996 341 2048 ό
362 1997 675 2073 Λυτρωτὴς,
708 2000 946 2075 ᾔδεισανο
980 2007 1061 2063 ὅτι
1087 2009 1145 2063 δὲ
1173 2012 1393 2083 πάσχει,
1424 2018 1518 2071 καὶ
1541 1996 1704 2072 σταυ-

143 2085 355 2156 ροῦται,
404 2091 498 2143 καὶ
541 2090 680 2163 αἷμα
726 2097 970 2168 ἐκχεῖται
1012 2100 1104 2154 ἐπὶ
1141 2103 1236 2156 τοῦ
1274 2106 1537 2178 σταυροῦ,
1576 2108 1700 2163 οὔτε

142 2175 349 2249 ᾔδεισαν
368 2216 383 2244 ,
434 2177 559 2234 οὔτε
603 2182 842 2255 ἤκουσαν
862 2226 878 2253 ,
927 2189 1053 2244 οὔτε
1082 2192 1249 2265 ἀνέϐη
1275 2175 1454 2249 αὐτῶν
1484 2198 1578 2252 ἐπὶ
1602 2200 1700 2270 τὴν

140 2268 356 2338 καρδίαν
377 2307 397 2335 ,
444 2270 527 2326 ὅτι
575 2272 729 2330 ἔσται
758 2277 1039 2352 βάπτισμα
1069 2283 1238 2355 πυρὸς
1266 2288 1358 2340 καὶ⁵
1382 2268 1699 2362 Πνεῦματος

140 2360 283 2428 ἁγίου
306 2376 323 2393 ο
379 2363 471 2417 καὶ
514 2366 597 2419 ὅτι
631 2368 691 2421 ὲν
716 2372 783 2441 τῇ
815 2371 1111 2446 Ἐκκλησία
1137 2378 1506 2449 προσφέρεται
1534 2360 1699 2454 ἀρτος

139 2450 225 2505 καὶ
258 2447 401 2517 οἶνος
423 2493 439 2519 ,
490 2457 783 2515 ἀντίτυπον
810 2462 907 2532 τῆς
941 2466 1145 2537 σαρκὸς
1174 2447 1465 2530 αὑτοῦ-καὶ
1489 2447 1585 2527 τοῦ
1610 2447 1696 2529 ai;

141 2540 297 2611 μάτος
321 2560 339 2575 ο
392 2546 489 2603 καὶ
525 2550 573 2602 oi
611 2554 1116 2624 μεταλαμϐάνοντες
1149 2560 1214 2615 ἐκ
1242 2562 1335 2616 τοῦ
1368 2567 1695 2637 φαινομένου

137 2637 314 2708 ἄρτου,
348 2648 732 2714 πνευματικῶς
758 2649 856 2721 τὴν
884 2651 1061 2721 σάρκα
1082 2655 1177 2709 τοῦ
1203 2658 1409 2730 Κυρίου
1432 2661 1693 2717 ἐσθίουσιν

136 2728 223 2782 καὶ
260 2732 344 2785 ὅτι
390 2735 437 2786 οἱ
468 2735 755 2793 ἀπόστολοι
790 2745 883 2795 καὶ
910 2745 958 2797 οἱ
985 2728 1304 2815 Χριστιανοῖ
1330 2750 1573 2821 δέχονται
1602 2753 1695 2809 τὸν

136 2820 483 2899 Παράκλητον
505 2867 521 2895 ,
574 2829 667 2883 καὶ
710 2831 984 2889 ἐνδύονται
1026 2835 1256 2908 δύναμιν
1286 2840 1344 2906 ἐξ
1375 2820 1564 2908 ῦφους,
1600 2844 1695 2897 καὶ
1732 2842 1741 2865 ⁸

135 2912 458 2985 πληροῦνται
502 2919 603 2991 τῆς
645 2914 928 2993 Θεότηῖτος⁸
967 2926 1064 2980 καὶ
1096 2927 1178 2982 ὅτι
1207 2933 1604 3002 συγκιρνῶνται
1638 2936 1693 2989 αἱ

132 3007 292 3079 ψυχαὶ
315 3007 399 3079 τῷ
423 3011 563 3083 ἀγίῳ
588 3012 886 3085 Πνεύματι.
922 3017 1095 3074 Τοῦτο
1121 3021 1221 3076 οὐκ
1241 3022 1462 3094 ᾔδεισαν
1489 3027 1538 3081 οἱ
1561 3044 1695 3099 προς

135 3103 291 3173 φῆται
321 3105 420 3158 καὶ
443 3107 679 3177 βασιλεῖς
696 3149 711 3173 ,
747 3110 873 3166 οὔτε
900 3115 1069 3187 ἀνέϐη
1097 3118 1277 3173 αὐτῶν
1307 3120 1402 3175 ἐπὶ
1430 3120 1527 3194 τὴν
1554 3140 1692 3194 καρ-
1721 3154 1766 3213 c

132 3193 263 3251 δίαν.
324 3197 444 3252 Νῦν
472 3199 581 3274 γὰρ
611 3202 661 3255 oi
694 3203 1012 3275 Χριστιανοὶ
1044 3208 1219 3275 ἄλλως
1250 3212 1561 3282 πλουτοῦσι,
1599 3217 1696 3270 καὶ

133 3286 480 3345 ὲπιποθοῦσιν
534 3294 614 3356 είς
658 3293 757 3366 τὴν
801 3294 1072 3368 Θεότητα·
1123 3301 1261 3357 ἀλλά
1301 3304 1397 3358 καὶ
1436 3308 1698 3380 τοιαύτην

132 3378 297 3450 χαρὰν
323 3382 424 3436 καὶ
450 3384 796 3458 παράκλησιν
819 3388 1033 3462 ἔχοντες
1059 3393 1166 3449 ὑπὸ
1191 3396 1354 3466 φόδον
1381 3398 1476 3454 καὶ⁵
1493 3378 1698 3473 τρόμον

131 3471 279 3526 εἰσίν.

198 3562 299 3621 IH'.
347 3565 689 3637 Ἐρώτησις.
737 3572 872 3632 Ὑπὸ
901 3576 1075 3635 ποῖον
1097 3577 1286 3648 φόϐον
1312 3581 1409 3637 καί
1436 3583 1656 3654 τρόμον
1672 3602 1694 3653 ;

205 3655 571 3730 Ἀπόκρισις.
605 3663 711 3718 Τοῦ
741 3666 815 3738 μὴ
842 3668 1111 3738 σφαλῆναι
1140 3670 1196 3724 ἔν
1220 3688 1347 3738 τινι,
1382 3673 1520 3728 ἀλλά
1552 3692 1693 3746 συμ-

130 3753 322 3817 φωνεῖν
349 3756 419 3824 τῇ
449 3754 650 3825 χάριτι.
675 3757 883 3831 ’Ὠσπερ
916 3761 1012 3816 ἐὰν
1096 3780 1179 3827 τις
1204 3764 1339 3835 ἔχων
1362 3766 1689 3843 Θησαυροῦς,

127 3839 215 3891 καὶ
235 3840 400 3913 όδεύῃ
430 3846 505 3907 είς
532 3844 728 3909 τόπους
759 3846 887 3903 ἔνθα
906 3850 1013 3905 είσὶ
1038 3851 1262 3924 λῃσταὶ,
1292 3854 1476 3910 λοιπὸν
1513 3839 1692 3928 χαίρει

128 3929 224 3999 μὲν
250 3931 339 3986 διὰ
371 3934 599 3990 πλοῦτον
629 3937 834 3995 καὶτὸν
860 3939 1150 4015 θησαυρὸν,
1169 3945 1273 4000 ὑπὸ
1295 3947 1458 4017 φόϐον
1477 3949 1535 4004 δέ
1553 3952 1689 4017 ἐστι,

128 4021 321 4092 μήπως
355 4024 680 4092 ἐπελθόντες
715 4024 764 4085 ιζ
795 4029 991 4102 λῃσταὶ
1019 4034 1324 4105 συλήσωσιν
1348 4037 1544 4106 αὐτὸν,
1594 4040 1691 4094 καὶ

126 4110 197 4174 ὡς
249 4114 535 4184 βαστάζων
583 4121 664 4182 είς
707 4121 805 4184 τὰς
846 4125 1031 4194 χεῖρας
1070 4125 1235 4180 αὐτοῦ
1275 4127 1335 4181 τὸ
1368 4128 1498 4182 ίδιον
1530 4130 1691 4202 σῶμα

124 4204 292 4274 οὕτως
341 4208 509 4263 ἐστίν.
552 4210 683 4265 Ἰδοὺ
727 4214 833 4286 γὰρ
877 4217 935 4270 ὲν
965 4219 1077 4280 τοῖς
1112 4220 1454 4291 φαινομένοις
1489 4223 1689 4289 πάντες

124 4296 515 4372 ἀπεταξάμεθα
536 4343 553 4370 ,
606 4304 702 4358 καὶ
744 4307 909 4375 ἐσμὲν
943 4308 1087 4375 ξένοι
1118 4312 1210 4365 καὶ
1234 4313 1560 4385 ἀκτήμονες,
1592 4318 1689 4372 καὶ

122 4389 409 4455 κοινωνίας
435 4394 705 4464 σαρκικῆς
732 4397 1105 4468 ἐστερημένοι.
1142 4402 1361 4467 Λοιπὸν,
1391 4405 1467 4458 ίδε
1490 4408 1553 4459 τὸ
1577 4408 1685 4460 σῶ-

1808 1917 2121 1986 prophetae,
2164 1929 2461 1981 venturum
2490 1941 2611 1982 esse
2651 1927 3018 1999 Salvatorem,
3062 1944 3375 1995 noverant:

1806 2022 2098 2078 passurum
2122 2021 2304 2071 autem
2326 2030 2466 2081 esse,
2492 2018 2943 2090 cruciﬁgendum,
2967 2039 3032 2080 ac
3053 2026 3373 2097 sanguinem

1805 2099 2161 2169 profusurum
2202 2105 2259 2163 in
2286 2121 2472 2175 cruce,
2513 2125 2625 2165 non
2657 2124 2945 2181 noverant,
2972 2132 3153 2191 neque
3179 2120 3375 2181 audiev

1806 2200 1965 2255 rant;
2018 2208 2201 2266 neque
2272 2198 2523 2255 ascendit
2596 2202 2653 2258 in
2708 2220 2902 2260 eorum
2957 2222 3054 2263 cor
3124 2210 3377 2272 futurum

1804 2280 2073 2351 baptisma
2105 2286 2246 2357 ignis
2272 2304 2336 2345 ac
2362 2290 2605 2361 Spiritus
2622 2298 2831 2367 sancti;
2859 2300 3012 2364 item,
3046 2303 3099 2357 in
3125 2304 3373 2365 Ecclesia

1803 2373 2145 2431 otferendum
2174 2394 2298 2436 esse
2327 2397 2523 2452 panem
2556 2394 2612 2441 et
2636 2388 2845 2457 vinum,
2888 2399 3075 2463 typum
3106 2410 3202 2451 seu
3234 2397 3375 2468 ﬁgu-

1804 2480 1919 2519 ram
1946 2469 2127 2525 carnis
2155 2473 2273 2543 ejus
2304 2489 2368 2530 ac
2396 2480 2677 2549 sanguinis
2709 2500 2722 2536 :
2747 2491 2911 2555 atque
2928 2502 3043 2554 eos,
3074 2490 3168 2558 qui
3198 2491 3374 2560 parti-

1802 2554 1991 2623 cipant
2042 2557 2111 2613 de
2172 2575 2314 2630 pane
2356 2564 2562 2622 visibili
2593 2570 2691 2639 (l),
2746 2554 3108 2643 spiritualiter
3149 2554 3372 2636 carnem

1800 2645 2020 2705 Domini
2082 2666 2279 2709 esuros
2318 2671 2333 2709 :
2385 2656 2555 2725 item,
2604 2664 2880 2731 apostolos
2926 2672 2984 2721 et
3030 2665 3373 2726 Christianos

1801 2750 2159 2811 suscepturos
2200 2746 2542 2804 Paracletum
2566 2792 2582 2817 ,
2625 2760 2790 2823 atque
2832 2756 3139 2817 induendos
3166 2763 3374 2821 virtute

1799 2845 1869 2887 ex
1908 2832 2041 2897 alto.
2088 2850 2154 2891 ac
2210 2838 2501 2907 replendos
2547 2842 2835 2904 divinitate
2878 2864 2892 2902 :
2940 2853 3372 2913 commiseendas

1800 2936 2019 2995 quoque
2050 2928 2264 2985 animas
2288 2946 2413 2987 cum
2437 2933 2645 3004 Spiritu
2668 2948 2878 2995 sancto.
2906 2943 3022 3000 Hoc
3046 2946 3373 3017 ignorabant

1799 3020 2082 3089 prophetae
2125 3039 2190 3079 ac
2221 3041 2410 3098 reges,
2451 3046 2629 3101 neque
2658 3035 2982 3093 ascenderat
3019 3040 3073 3097 in
3120 3057 3217 3097 cor
3248 3044 3374 3100 illo.

1799 3124 1942 3164 rum.
1967 3112 2124 3168 Nunc
2150 3117 2296 3171 enim
2329 3118 2624 3177 Christiani
2655 3125 2761 3181 alio
2799 3138 2960 3197 pacto
2989 3130 3283 3201 ditescunt,
3306 3151 3374 3195 ac.

1797 3199 2076 3259 desiderio
2120 3207 2412 3278 rapiuntur
2449 3211 2517 3266 ad
2567 3213 2947 3287 divinitatem;
2999 3230 3054 3276 at
3098 3224 3227 3280 licet
3264 3199 3372 3285 hoc

1797 3294 1995 3364 gaudio
2032 3304 2089 3353 et
2116 3300 2494 3357 consolatione
2523 3305 2899 3381 perfruantur,
2946 3312 3142 3373 timore
3181 3326 3367 3380 tamen

1794 3399 1860 3443 ac
1886 3393 2122 3445 tremore
2160 3393 2571 3451 concutiuntur.

1864 3554 2048 3614 XVIII.
2078 3557 2457 3636 Interrogatio.
2500 3566 2614 3635 Quo
2640 3571 2826 3630 timore
2858 3595 2921 3633 ac
2955 3586 3187 3638 tremore
3211 3585 3239 3639 ?

1864 3646 2170 3719 Responsio.
2200 3654 2279 3709 Ne
2308 3657 2566 3715 aberrent
2594 3662 2650 3717 in
2674 3665 2877 3735 aliquo,
2903 3670 2999 3725 sed
3025 3674 3364 3735 concordent

1792 3740 2000 3807 gratiae.
2032 3742 2268 3800 Perinde
2291 3762 2356 3802 ac
2376 3749 2421 3803 si
2448 3750 2593 3820 quis,
2624 3755 2717 3824 qui
2738 3756 2936 3815 habeat
2963 3762 3272 3832 thesauros,
3304 3778 3362 3825 et

1790 3827 2173 3897 proﬁciscatur
2223 3835 2292 3889 ad
2337 3837 2477 3904 loca,
2523 3842 2617 3898 ubi
2663 3855 2795 3907 sunt
2846 3848 3108 3917 latrones,
3160 3827 3364 3927 gaudet

1790 3919 2011 3988 quidem
2033 3931 2258 3993 propter
2282 3941 2412 3997 opes
2428 3941 2483 3986 et
2507 3931 2843 4003 thesaurum,
2871 3941 2974 3996 sub
2995 3953 3144 4003 metu
3161 3919 3365 4007 nihilo-

1789 4014 1972 4072 minus
2006 4028 2111 4083 est,
2152 4035 2221 4075 ne
2263 4026 2717 4093 supervenientes
2759 4029 3001 4089 latrones
3039 4036 3362 4108 depraaden—

1791 4114 1881 4161 tur
1908 4124 1997 4174 se,
2027 4117 2084 4165 et
2112 4113 2341 4182 perinde
2378 4126 2462 4172 est
2496 4133 2561 4174 ac
2604 4120 2649 4175 si
2693 4131 2868 4191 gestet
2909 4129 3167 4185 manibus
3196 4148 3360 4190 suum

1788 4200 2071 4273 proprium
2105 4220 2324 4276 corpus.
2353 4208 2493 4264 Ecce
2513 4211 2681 4279 enim,
2712 4217 2892 4283 quoad
2925 4234 3011 4282 ea,
3037 4236 3158 4290 quae
3186 4228 3363 4282 oculis

1788 4299 1999 4359 patent,
2032 4308 2225 4351 omnes
2265 4300 2722 4369 renuntiavimus,
2754 4319 2819 4359 ac
2846 4321 3035 4364 sumus
3060 4314 3359 4385 peregrini,

1788 4390 1956 4452 atque
1990 4384 2215 4456 inopes,
2245 4390 2562 4461 carnalique
2607 4394 2872 4453 societate
2900 4399 3139 4468 privati:
3174 4384 3359 4475 quoad

126 4495 199 4548 μα
246 4484 430 4537 κεῖται
471 4486 548 4548 εἰς
587 4486 788 4557 εὐχήν·
827 4488 1129 4557 ὀφείλουσιν
1164 4493 1290 4547 ίδεῖν
1352 4496 1404 4549 oi
1433 4498 1681 4567 ἀδελφοὶ,

1799 4484 1987 4532 extera
2013 4479 2138 4534 vide
2158 4519 2174 4543 ,
2205 4495 2407 4552 corpus
2450 4485 2518 4539 ad
2554 4488 2863 4544 orationem
2892 4494 3234 4563 propendet;
3266 4499 3362 4555 dev

120 4574 166 4625 εί
194 4573 305 4644 ἀρα
340 4576 438 4629 σῦν
467 4577 544 4649 τῷ
573 4578 785 4649 σώματι
816 4582 910 4635 καὶ
936 4582 965 4635 ό
989 4583 1113 4648 νοῦς
1142 4591 1441 4659 συμφωνεῖ.
1475 4590 1685 4664 Ὠσπερ

121 4662 208 4715 ἐπὶ
236 4664 298 4717 τὸ
328 4666 583 4721 πλεῖστον
614 4669 664 4721 οι
694 4671 933 4741 τεχνῖται
965 4673 1105 4746 μετά
1130 4677 1359 4747 κόσμον,
1394 4680 1487 4734 καὶ
1514 4682 1563 4733 οἱ
1592 4662 1684 4752 i9-

117 4758 525 4830 γαστηριάρχαι
573 4759 757 4830 ἔχουσι
790 4762 850 4815 τὸ
880 4763 1039 4835 σῶμα
1067 4766 1454 4840 ἀποδεδεμένον
1484 4774 1561 4837 είς
1588 4772 1686 4846 τὴν

116 4848 311 4919 τέχνην
336 4893 352 4917 ,
411 4853 613 4923 ὁμοίως
663 4856 755 4908 καὶ
801 4855 892 4908 τὸν
933 4857 1057 4911 νοῦν
1099 4860 1291 4925 νυκτὸς
1327 4863 1420 4919 καὶ
1453 4866 1687 4935 ἡμέρας.

116 4942 317 4995 Λοιπὸν
363 4943 429 4996 σὺ
479 4944 769 5017 ἐπίσκεψαι
812 4950 1037 5003 σεαυτὸν
1056 4990 1071 5017 ,
1103 4951 1242 5025 ἔχων
1271 4954 1331 5007 τὸ
1359 4954 1514 5025 σῶμα
1541 4955 1689 5023 ξένον

113 5033 204 5086 τοῦ
232 5035 446 5106 κόσμου
473 5036 660 5091 τούτου
676 5078 691 5103 ,
726 5037 833 5111 ἆρα
864 5040 1008 5111 ἔχεις
1033 5044 1128 5099 καὶ
1150 5044 1241 5097 τὸν
1265 5046 1388 5105 νοῦν
1412 5048 1688 5119 ἀλλότριον

110 5126 301 5180 τούτου
357 5127 455 5181 τοῦ
499 5129 725 5196 αἰῶνος,
781 5131 875 5184 καὶ
923 5133 983 5187 οὐ
1020 5134 1195 5207 ρἐίῖῃ
1226 5138 1306 5201 εἰς
1331 5138 1422 5194 τὸν
1444 5139 1684 5212 κόσμονς

113 5218 219 5271 Καὶ
247 5221 362 5290 γὰρ
391 5220 619 5285 ἕκαστος
646 5222 905 5293 κοσμικδς
930 5224 963 5295 ἢ
993 5226 1346 5299 στρατιώτης,
1371 5228 1403 5299 ἢ
1426 5228 1686 5301 ἔμπορος,

110 5308 240 5363 ὅπου
272 5312 394 5383 ἔχει
425 5312 486 5366 τὸ
512 5314 690 5384 σῶμα,
726 5316 844 5369 ἐκεῖ
872 5316 985 5388 ἔχει
1011 5316 1103 5372 τὸν
1126 5318 1249 5373 νοῦν
1274 5320 1679 5393 ἀποδεδεμένον,

110 5405 203 5456 καὶ
249 5407 374 5458 ἐκεῖ
420 5407 568 5479 αὐτῷ
610 5408 757 5461 ἐστιν
800 5411 830 5464 ό
872 5411 1159 5480 θησαυρός.
1208 5412 1518 5484 Γέγραπται
1550 5415 1678 5486 γὰρ,

110 5493 305 5553 Ὅπου
332 5502 369 5554 ὁ
396 5502 718 5570 θησαυρὸς,
750 5504 877 5558 ἐκεῖ
896 5504 993 5557 καὶ
1026 5506 1064 5573 ἠ
1089 5503 1319 5575 καρδία.

171 5676 220 5711 ⁸⁷
259 5677 283 5734 1
313 5674 448 5732 Cor.
487 5693 547 5744 ιι,
582 5676 638 5734 9.
712 5678 757 5711 ⁸⁸
794 5678 988 5732 Matth.
1020 5693 1097 5745 vi,
1124 5676 1214 5736 21.

1791 4569 1923 4626 bent
1950 4571 2151 4630 fratres
2186 4577 2493 4643 attendere,
2523 4595 2655 4634 num
2699 4585 2917 4653 corpori
2952 4602 3107 4644 mens
3138 4606 3359 4665 quoque

1789 4671 2054 4717 consonet
2081 4682 2095 4721 :
2126 4666 2587 4738 quemadmodum
2627 4680 2688 4725 ut
2721 4674 3017 4744 plurimum
3054 4678 3110 4734 in
3152 4684 3358 4740 mundo

1788 4751 2046 4818 artilices,
2073 4762 2236 4825 atque
2259 4758 2684 4816 architectorum
2704 4761 2979 4837 principes
3004 4767 3209 4825 habent
3230 4786 3358 4825 cor-

1784 4859 1888 4913 pus
1920 4845 2234 4902 deviuctum
2261 4849 2329 4907 ad
2364 4860 2563 4916 artem,
2595 4852 2784 4911 itidem
2814 4865 2870 4910 et
2901 4858 3141 4913 animum
3186 4872 3355 4918 noctu

1786 4936 2011 5014 diuque.
2039 4939 2120 4995 Tu
2152 4958 2282 5012 ergo
2310 4945 2589 5014 perpende
2619 4954 2668 5000 te
2695 4946 2893 5017 ipsum,
2925 4951 3016 5019 qui
3041 4950 3209 5006 habes
3234 4968 3357 5008 cor-

1785 5044 1888 5099 pus
1915 5032 2263 5103 peregrinum
2288 5034 2356 5087 ab
2383 5034 2489 5091 hoc
2520 5037 2748 5104 mundo,
2790 5055 2920 5094 num
2957 5042 3121 5096 etiam
3150 5041 3353 5103 habeas

1786 5130 2026 5176 mentem
2051 5122 2285 5177 alienam
2314 5124 2383 5179 ab
2412 5126 2517 5181 hoc
2549 5129 2770 5194 smculo,
2808 5146 2872 5185 ac
2900 5147 3008 5193 non
3035 5136 3354 5204 occupatio-

1784 5213 1948 5268 nibus
1981 5215 2170 5269 mundi
2204 5216 2542 5275 detinearis?
2570 5218 2811 5286 Quilibet
2851 5223 2997 5277 enim
3033 5226 3308 5282 saecularis
3335 5268 3354 5289 ,

1790 5308 1907 5363 sive
1947 5308 2123 5372 miles,
2173 5309 2288 5364 sive
2326 5320 2620 5376 mercator,
2667 5311 2761 5366 ubi
2802 5329 3000 5384 corpus
3044 5316 3230 5383 habet,
3273 5319 3353 5381 ibi

1789 5418 2007 5475 quoque
2043 5403 2207 5457 habet
2227 5412 2464 5458 mentem
2495 5404 2824 5470 devinctam,
2850 5407 3035 5478 ibique
3066 5410 3355 5471 thesaurus

1787 5498 1906 5567 ejus
1952 5505 2053 5551 est.
2096 5495 2371 5565 Scriptum
2418 5498 2567 5553 enim
2618 5508 2703 5554 est
2735 5518 2747 5553 :
2785 5500 2880 5556 Ubi
2923 5502 3238 5570 thesaurus,
3282 5501 3354 5567 ibi

1789 5591 1950 5649 etiam
1974 5606 2063 5649 cor
2094 5588 2159 5642 ⁸⁸.

177 5788 255 5858 (1)
295 5788 359 5845 ld
405 5797 509 5852 est,
546 5804 656 5843 non
698 5788 905 5844 visibili
948 5791 1112 5845 modo
1143 5800 1200 5848 et
1241 5806 1340 5860 eo,
1368 5807 1477 5865 quo
1512 5792 1696 5849 editur
1734 5792 1838 5849 alia
1865 5806 2014 5861 caro,
2048 5791 2146 5849 sed
2179 5792 2449 5865 spirituali
2478 5804 2535 5852 ct
2570 5796 2854 5854 invisibili.

429 5880 697 5942 PATROL.
738 5880 857 5944 Gn.
886 5883 1175 5947 XXXIV.

2787 5870 2913 5952 23'
