3966 6514
616 363 721 428 707

617 569 874 628 saurosit
901 569 1167 627 intentus,
1213 581 1282 619 an
1322 573 1469 618 totus
1509 561 1667 632 plane
1702 559 1813 613 Deo
1845 573 1948 612 nec
1972 558 2076 612 ne?
2105 557 2189 611 sin

618 664 800 718 minus
823 671 929 725 est,
955 657 1238 727 exponatis
1259 656 1416 721 mihi,
1449 654 1576 724 quid
1607 650 1910 721 impediat?
1932 650 2188 706 Profecto

617 757 846 811 Satanas
874 761 930 809 et
957 751 1230 806 daemones
1255 746 1624 816 suntspiritus
1650 757 1906 812 nequam,
1937 740 2031 810 qui
2053 740 2192 796 deti-

619 857 751 904 nent
778 855 1016 900 mentem
1046 853 1210 910 atque
1252 839 1489 894 animam
1529 835 1878 890 subvertant.
1923 833 2192 887 Versatus

617 943 762 999 enim
778 949 859 994 est
882 937 1151 997 diabolus,
1167 933 1464 987 instructus
1482 928 1772 991 machinis,
1790 925 2000 980 foribus
2018 934 2193 995 terge-

620 1033 807 1096 minis,
841 1046 904 1084 ac
929 1027 1146 1082 vafritie
1170 1025 1363 1088 multa,
1389 1029 1652 1090 occupata
1675 1027 1823 1074 tenet
1847 1033 2046 1089 pascua
2076 1016 2193 1070 ani-

620 1142 722 1180 ma:
751 1132 914 1193 atque
936 1118 1320 1190 cogitationes,
1346 1132 1447 1170 nec
1471 1113 1739 1184 permittit
1769 1120 1918 1166 recte
1967 1107 2187 1181 precari

619 1226 676 1274 et
712 1213 974 1271 accedere
1015 1211 1082 1265 ad
1108 1210 1317 1275 Deum;
1351 1207 1611 1278 quoniam
1656 1203 1772 1273 ipsa
1799 1212 1993 1256 natura
2025 1199 2196 1268 parti-

622 1324 752 1380 ceps
782 1317 867 1362 est
895 1306 1203 1360 daemonum
1255 1318 1318 1356 ac
1351 1299 1642 1370 spirituum
1670 1295 1929 1366 nequitiae
1958 1311 1972 1359 ;
2002 1293 2193 1346 itidem

609 1399 938 1470 angelorum
968 1412 1032 1451 ac
1067 1393 1307 1465 Spiritus
1336 1392 1511 1448 sancti
1532 1409 1544 1444 :
1565 1388 1826 1469 templum
1853 1395 1938 1440 est
1959 1384 2192 1449 Satanae,

611 1509 687 1550 ac
749 1493 1014 1562 templum
1068 1488 1242 1544 sancti
1280 1485 1538 1556 Spiritus.
1573 1481 1842 1537 Caeterum
1901 1475 2195 1546 expandite

614 1587 864 1642 animum
890 1581 1391 1649 vestrum,"fratres,
1415 1578 1698 1646 cujusnam
1722 1572 1856 1627 estis
1879 1569 2193 1640 participes,

622 1675 939 1744 angelorum
971 1687 1041 1726 an
1069 1665 1597 1734 daemonum?cujus
1628 1662 1892 1731 templum
1930 1667 1985 1714 et
2019 1657 2197 1712 domi-

624 1765 812 1820 cilium
859 1761 1012 1826 estis,
1070 1760 1167 1813 Dei
1225 1773 1294 1812 an
1327 1755 1572 1810 diaboli?
1612 1768 1707 1807 cor
1753 1749 1900 1820 quali
1935 1748 2196 1802 thesauro

624 1854 697 1908 sit
738 1852 1028 1922 repletum,
1059 1847 1247 1919 gratia:
1280 1861 1348 1901 an
1400 1841 1652 1898 Satante?
1689 1840 1856 1894 Velut
1899 1837 2064 1906 igitur
2099 1835 2196 1890 do-

623 1959 748 1999 mus
769 1959 894 1998 cum
919 1941 1119 1996 referta
1151 1947 1235 1993 est
1263 1934 1632 2009 graveolentia
1674 1946 1739 1986 ac
1768 1941 2035 1992 Stercore,
2066 1943 2199 1983 eon-

623 2038 776 2092 venit
804 2035 950 2090 illam
987 2033 1207 2103 penitus
1252 2028 1471 2099 purgari
1511 2035 1673 2095 atque
1704 2020 1983 2084 exornari,
2015 2034 2078 2073 ac
2110 2034 2200 2073 re-

623 2128 766 2201 pleri
790 2125 985 2197 quavis
1035 2123 1334 2201 fragrantia
1386 2126 1444 2174 et
1488 2115 1798 2180 thesauris;
1846 2121 1909 2168 ut
1959 2111 2200 2181 Spiritus

626 2199 848 2274 sanctus
874 2216 1059 2270 veniat
1082 2229 1181 2284 pro
1205 2199 1422 2274 Satana,
1462 2224 1526 2263 ac
1564 2205 1877 2276 requiescat
1916 2201 1973 2257 in
2003 2201 2200 2256 animis

625 2309 1090 2366 Christianorum.

699 2478 814 2536 XX.
844 2475 1356 2539 Verumenimvero,
1426 2487 1537 2527 non
1594 2473 1776 2528 statim
1808 2471 1998 2526 audito
2027 2471 2199 2527 verbo

627 2571 747 2634 Dei,
769 2567 966 2638 aliquis
995 2565 1056 2620 ﬁt
1088 2565 1244 2619 bona:
1265 2561 1457 2632 partis.
1490 2562 1544 2617 Si
1564 2563 1711 2617 enim
1744 2563 1905 2617 simul
1926 2559 2203 2616 audiendo

627 2661 936 2718 efficeretur
999 2656 1168 2727 partis
1220 2655 1415 2713 bonae,
1469 2668 1814 2723 nequaquam
1869 2652 2206 2709 exstitissent

629 2753 949 2814 certamina,
987 2759 1082 2803 aut
1124 2747 1442 2802 occasiones
1493 2746 1786 2810 bellorum,
1846 2755 1941 2800 aut
1971 2758 2202 2809 cursus;

630 2845 727 2903 sed
780 2846 897 2899 sine
942 2842 1154 2901 labore,
1200 2839 1365 2894 modo
1417 2838 1686 2904 audisset,
1740 2839 2084 2908 pervenisset
2137 2840 2204 2895 ad

631 2939 871 3010 quietem
899 2950 962 2990 ac
985 2933 1211 3005 gradum
1262 2930 1586 3002 perfectum.
1632 2930 1987 3000 Nequaquam
2019 2938 2205 2985 autem

631 3033 707 3087 ita
737 3045 826 3084 res
855 3043 913 3083 se
943 3027 1129 3080 habet.
1164 3025 1335 3079 Tollis
1379 3025 1527 3078 enim
1565 3023 1907 3078 voluntatem
1943 3023 2204 3090 hominis,

631 3123 764 3178 dum
795 3120 902 3174 hoc
933 3116 1156 3180 asseris,
1213 3123 1269 3170 ct
1320 3115 1681 3168 reluctantem
1729 3113 2043 3168 facultatem
2083 3129 2205 3169 esse

633 3229 821 3284 negas,
857 3225 978 3281 quae
1007 3215 1272 3278 repugnet
1300 3207 1503 3261 animo.
1533 3207 1644 3260 Nos
1665 3215 1844 3260 autem
1879 3207 1985 3262 hoc
2009 3209 2206 3263 asseri-

633 3321 778 3368 mus,
805 3318 932 3358 eum
955 3301 1050 3371 qui
1074 3301 1302 3355 verbum
1331 3298 1504 3364 audit,
1529 3299 1719 3352 venire
1745 3298 1798 3351 in
1831 3299 2208 3368 compunctio-

632 3412 797 3461 nem;
827 3409 892 3448 ac
925 3401 1136 3463 postea,
1167 3389 1508 3445 subducente
1547 3403 1605 3442 se
1635 3389 1829 3460 gratia,
1861 3404 1960 3458 per
1985 3389 2208 3458 dispen—

635 3492 910 3547 sationem
971 3485 1041 3540 ad
1096 3483 1529 3539 emolumentum
1579 3481 1841 3547 hominis,
1901 3480 2112 3552 ingredi
2151 3481 2205 3535 in

635 3581 1088 3640 exercitationem
1126 3591 1193 3630 ac
1221 3573 1568 3643 disciplinam
1601 3573 1932 3639 militarem;
1967 3581 2078 3626 tum
2118 3573 2208 3627 lu-

636 3685 778 3731 ctam
803 3670 1165 3732 committere,
1199 3682 1263 3720 ac
1287 3678 1564 3720 certamen
1599 3664 1738 3718 inire
1767 3664 2030 3719 adversus
2053 3663 2207 3718 Sata-

637 3783 786 3831 nam,
819 3780 881 3819 ac
903 3761 1079 3816 multo
1105 3775 1272 3815 cursu
1304 3769 1360 3814 et
1388 3757 1688 3812 certamine
1738 3766 2012 3826 reportata
2036 3759 2206 3812 vieto-

636 3861 732 3915 rize
757 3857 958 3928 palma,
986 3851 1222 3909 evadere
1263 3849 1660 3906 Christianum.
1699 3848 1755 3903 Si
1800 3849 1924 3918 quis
1949 3849 2097 3903 enim
2139 3865 2207 3904 cx

635 3947 829 4004 auditu
856 3945 1055 4007 solum,
1090 3942 1296 4011 absque
1327 3940 1441 3994 ullo
1484 3939 1672 3993 labore
1709 3937 2020 3993 eﬂiceretur
2051 3939 2207 3994 bona:

635 4037 830 4109 partis,
852 4035 1021 4089 etiam
1043 4031 1136 4102 qui
1162 4030 1426 4085 theatrica
1452 4044 1648 4099 pompa
1681 4028 1941 4099 gaudent,
1974 4036 2030 4084 et
2060 4044 2208 4083 scor.

636 4139 842 4185 tatores
867 4141 1080 4190 omnes,
1111 4123 1407 4194 ingressuri
1428 4130 1555 4176 sunt
1579 4123 1632 4175 in
1660 4137 1891 4191 regnum
1920 4138 1983 4177 ac
2002 4122 2203 4176 vitam:

635 4228 694 4275 at
721 4232 882 4273 nemo
904 4215 987 4270 eis
1010 4215 1274 4284 largietur
1306 4227 1426 4265 eam
1447 4212 1654 4282 absque
1693 4212 1881 4267 labore
1913 4228 1977 4267 ac
2003 4228 2204 4284 pugna,

635 4309 908 4379 siquidem
955 4307 1195 4378 Angusta
1271 4314 1343 4358 est
1387 4321 1449 4358 ac
1501 4305 1790 4375 aﬂliclionis
1830 4304 1986 4375 plena
2025 4308 2110 4360 via
2161 4307 2207 4339 ⁸⁹

632 4397 741 4454 Per
769 4399 940 4469 ipsam
958 4411 1205 4466 aSperam
1231 4396 1373 4449 viam
1407 4395 1666 4462 transire,
1693 4396 1929 4451 tolerare
1959 4405 2015 4451 et
2045 4397 2209 4469 allligi

635 4493 874 4558 oportet,
906 4496 963 4541 et
998 4484 1078 4539 sic
1100 4483 1310 4554 ingredi
1332 4482 1520 4538 vitam.

707 4598 846 4654 XXI.
881 4597 936 4654 Si
977 4597 1125 4652 enim
1182 4595 1388 4666 absque
1420 4595 1608 4652 labore
1651 4612 1920 4667 prospero
1948 4613 2206 4654 successu

635 4692 715 4747 uti
743 4690 1010 4754 licuisset,
1040 4705 1150 4742 non
1187 4688 1422 4758 amplius
1452 4687 1593 4758 lapis
1622 4688 1946 4744 oll‘cnsionis
1965 4707 2028 4745 ac
2056 4701 2208 4760 petra

637 4783 881 4840 scandali
915 4790 1061 4837 esset
1107 4780 1595 4846 Christianismus;
1644 4795 1747 4835 nec
1771 4781 1906 4836 ﬁdes
1930 4791 1986 4837 et
2013 4783 2206 4839 inlide-

633 4877 777 4931 litas.
802 4875 1109 4930 Constituis
1143 4873 1368 4942 insuper
1421 4888 1641 4942 quoque
1691 4873 1970 4930 hominem
2016 4877 2207 4931 devin-

631 4980 801 5032 ctum,
836 4965 1232 5022 immutabilem
1267 4973 1380 5018 tum
1418 4963 1484 5018 ad
1544 4963 1786 5028 bonum,
1815 4975 1930 5019 tum
1973 4966 2041 5020 ad
2088 4983 2205 5021 ma-

629 5064 765 5116 lum.
817 5059 1038 5114 Etenim
1088 5056 1160 5120 ei,
1197 5056 1292 5126 qui
1341 5055 1541 5109 mutari
1591 5064 1771 5125 potest
1811 5057 1863 5110 in
1913 5068 2205 5128 utramque

628 5159 865 5219 partem,
901 5147 991 5200 lex
1019 5145 1145 5200 data
1179 5152 1297 5211 est;
1323 5145 1375 5199 ei
1417 5144 1702 5211 nimirum,
1731 5146 1824 5214 qui
1849 5146 2084 5202 liberum
2111 5164 2204 5202 ar-

627 5241 859 5295 bitrium
907 5239 1095 5303 habet,
1135 5247 1195 5292 ut
1246 5237 1451 5292 bellum
1504 5246 1657 5308 gerat
1689 5237 1955 5294 adversus
1984 5250 2203 5295 contra-

625 5332 766 5387 riam
799 5339 1154 5402 potestatem.
1206 5329 1486 5385 Devincta:
1513 5329 1660 5384 enim
1700 5338 1911 5384 natura:
1957 5330 2045 5384 lex
2085 5347 2199 5386 non

625 5425 964 5497 imponitur:
990 5438 1174 5494 neque
1211 5424 1359 5478 enim
1387 5423 1490 5485 sol,
1514 5438 1694 5493 neque
1712 5423 1911 5478 malum
1935 5432 2029 5478 aut
2054 5435 2201 5480 terra

625 5517 744 5590 lege
777 5523 1072 5573 teneantur
1099 5533 1114 5571 :
1144 5515 1274 5585 quia
1301 5524 1566 5570 creatura:
1596 5525 1725 5570 sunt
1752 5515 1931 5586 ligatae
1950 5524 2160 5572 naturze
2180 5560 2195 5584 ,

627 5609 771 5664 unde
811 5623 915 5663 nec
945 5608 1196 5678 praemio,
1224 5624 1327 5663 nec
1358 5607 1626 5679 supplicio
1663 5607 1968 5679 subjacent.
2008 5607 2198 5664 Honor

694 5788 740 5822 "
777 5789 970 5846 Matth.
1003 5807 1102 5859 vn,
1145 5793 1230 5848 14.

1885 355 1944 414 S.
1986 351 2306 414 MACARII
2345 349 2670 412 ιΕϐΥΡΤΠ

693 472 1014 546 ι’σθκιχ.
1050 471 1342 543 Reliquum
1376 477 1478 533 est,
1505 476 1632 522 tuus
1653 466 1876 521 animus
1899 466 2046 536 quali
2073 465 2192 518 the-
2220 470 2265 526 Α

3728 359 3799 418 703

2366 463 2466 519 lﬂ'.
2523 463 2723 518 Λοιπὸν
2767 463 2795 515 ὁ
2844 461 2941 526 σὸς-
2973 461 3099 525 νοῦς
3139 463 3218 526 είς
3245 463 3398 515 ποῖόν
3431 463 3545 515 ἐστι
3573 462 3800 537 θησαυρζν,

2295 555 2403 628 ἆρα
2445 557 2566 620 ὅλος
2604 557 2781 609 διόλου
2833 557 2970 625 πρὸς
3019 557 3111 608 τὸν
3149 557 3283 608 Θεὸν
3323 558 3503 619 ἐστιν,
3540 557 3570 628 ἢ
3602 557 3680 623 οῦ;
3708 562 3802 616 εἰδὲ

2292 652 2393 704 οὐκ
2420 651 2586 715 ἔστιν,
2620 649 2867 719 ὀφείλετέ
2900 667 2990 720 μοι
3021 649 3218 714 εἰπεῖν,
3250 649 3304 701 τί
3330 650 3443 700 ἐστι
3469 649 3530 700 τὸ
3553 651 3804 720 tutori-1:9»;

2293 743 2520 805 Πάντως
2569 740 2855 811 πνεύματά
2899 741 3002 792 εἱσι
3045 739 3290 810 πονηρὰ,
3326 740 3356 791 ὁ
3383 740 3619 801 Σατανᾶς
3657 749 3732 793 καὶ
3773 746 3807 794 οἱ

2292 831 2546 902 δαίμονες
2566 869 2581 895 ,
2617 832 2942 900 κατέχοντες
2972 829 3063 882 τὸν
3093 828 3249 892 νοῦν,
3285 829 3380 881 καὶ
3408 831 3807 898 περισκελίζοντες

2295 923 2394 992 τὴν
2438 925 2640 996 ψυχήν.
2681 924 2739 977 Ὀ
2774 925 2882 996 γὰρ
2932 922 3271 984 πολύπλοκος
3317 922 3560 985 διάϐολος
3595 923 3710 992 ἔχων
3735 929 3809 995 μά-

2297 1033 2437 1085 γανα
2462 1055 2477 1080 ,
2529 1017 2625 1071 καὶ
2665 1017 2896 1089 τρίθυρα
2944 1017 3038 1070 καὶ
3084 1014 3357 1068 ποικιλίαν
3397 1013 3612 1085 πολλὴν,
3643 1019 3807 1088 κατέχει

2297 1107 2395 1166 τὰς
2425 1106 2596 1177 νομὰς
2623 1105 2724 1176 τῆς
2751 1106 2932 1177 ψυχῆς
2962 1105 3204 1167 καὶτοὺς
3232 1104 3549 1173 λογισμοὺς,
3573 1107 3656 1159 καὶ
3676 1108 3813 1179 οὐκὲᾷ

2297 1199 2472 1266 ὀρθῶς
2517 1197 2916 1270 προσεύχεσθαι
2964 1197 3058 1250 καὶ
3097 1197 3485 1268 προσεγγίζειν
3517 1197 3646 1266 Θεῷ,
3678 1200 3814 1271 ἐπειδὴ

2299 1287 2438 1358 αὐτὴ
2480 1288 2514 1357 ἡ
2546 1288 2708 1356 φύσις
2741 1287 3031 1357 κοινωνική
3065 1287 3181 1339 ἐστι
3214 1286 3322 1338 τῶν
3348 1285 3614 1354 δαιμόνων
3641 1289 3719 1340 καὶ
3740 1291 3815 1341 τῶν

2299 1379 2626 1448 πνευμάτων
2655 1379 2754 1449 τῆς
2779 1377 3065 1449 πονηρίας,
3121 1377 3320 1447 ὁμοίως
3369 1379 3462 1429 καὶ
3495 1376 3731 1444 ἀγγέλων,
3753 1382 3814 1432 καὶ

2300 1471 2620 1540 Πνεύματος
2673 1471 2828 1538 ἁγίου
2856 1487 2870 1502 ⁸
2909 1470 3039 1532 ναός
3072 1469 3192 1522 ἐστι
3223 1469 3316 1521 τοῦ
3350 1469 3596 1531 Σατανᾶ,
3629 1471 3819 1533 nivei;

2298 1564 2391 1618 τοῦ
2434 1565 2588 1634 ἁγίου
2620 1563 2958 1634 Πνεῦματος.
2995 1561 3197 1616 Λοιπὸν
3237 1561 3607 1629 ἐπισκέψασθε
3635 1562 3820 1614 τδννοῦν

2302 1657 2475 1727 ὑμῶν,
2511 1656 2752 1724 ἀδελφοὶ,
2788 1655 2928 1719 τίνος
2963 1655 3085 1708 ἐστὲ
3113 1653 3382 1715 κοινωνοὶ,
3410 1653 3673 1721 ἀγγέλων,
3695 1656 3722 1724 ἢ
3741 1655 3822 1706 61:-

2303 1748 2506 1817 μόνων;
2529 1746 2670 1809 τίνος
2701 1747 2822 1799 ἐστὲ
2845 1745 2988 1813 ναὸς,
3010 1747 3324 1816 οἰκητήριον
3370 1745 3529 1812 Θεοῦ,
3553 1745 3584 1815 ἧ
3604 1746 3821 1811 ἰιαδόλου;

2313 1840 2380 1892 'll
2410 1839 2604 1910 καρδία
2633 1837 2786 1890 ποίου
2817 1836 3096 1906 θησαυροῦ
3130 1837 3499 1907 μεμέστωται,
3520 1837 3614 1905 τῆς
3637 1837 3824 1909 χάριτος,

2299 1931 2333 2001 ἢ
2385 1931 2480 1984 τοῦ
2527 1932 2778 1997 Σατανᾶς
2819 1931 3032 2001 Ὥσπερ
3075 1927 3169 1984 οὖν
3221 1928 3400 1982 οἰκίαν
3453 1931 3826 1999 μεμεστωμένῃν

2299 2026 2564 2089 δυσωδίας
2614 2025 2708 2079 καὶ
2755 2024 3029 2096 κοπρίας,
3082 2023 3190 2094 χρὴ
3240 2022 3446 2093 ταύτην
3489 2021 3828 2091 καθαρισθῆναι

2299 2118 2362 2170 τὸ
2391 2117 2531 2182 ὅλον,
2567 2119 2661 2170 καὶ
2686 2117 3054 2186 κοσμηθῆναι,
3089 2116 3183 2168 καὶ
3213 2113 3568 2186 πληρωθῆναι
3598 2115 3829 2182 πάσηςεῦ-

2301 2208 2468 2272 ωδίας
2519 2208 2616 2260 καὶ
2663 2206 2980 2277 θησαυρῶν,
3032 2205 3173 2258 ὥστε
3224 2204 3451 2275 Πνεῦμα
3510 2205 3657 2271 ἅγιον
3701 2203 3830 2256 ἐλθεῖν

2303 2302 2423 2356 ἀντὶ
2449 2300 2542 2355 τοῦ
2566 2301 2801 2366 Σατανᾶ,
2825 2300 2918 2352 καὶ
2947 2300 3332 2370 ἐπαναπαῆναι
3360 2299 3438 2361 εἰς
3465 2297 3562 2361 τὰς
3585 2297 3739 2367 ψυχὰς
3756 2297 3831 2349 τῶν

2305 2392 2671 2464 Χριστιανῶν.

2348 2487 2462 2548 ,ΚἎ
2505 2485 2650 2555 Πλὴν
2697 2484 2799 2537 οὐκ
2830 2483 2990 2547 εὐθύς
3017 2501 3101 2548 τις
3131 2483 3367 2546 ἀκούσας
3396 2483 3555 2550 λόγον
3580 2479 3732 2544 Θεοῦ,
3764 2483 3833 2551 ἢδη

2306 2582 2498 2651 γέγονε
2526 2579 2620 2633 τοῦ
2651 2581 2858 2649 ἀγαθοῦ
2891 2581 3110 2650 μέρους.
3148 2579 3212 2631 El
3243 2577 3351 2648 γὰρ
3386 2578 3502 2648 ἅμα
3533 2576 3608 2646 τῷ
3633 2575 3834 2636 ἀκοῦσαι,

2307 2674 2553 2743 ἐγίγνετο
2586 2672 2680 2726 τοῦ
2708 2672 2913 2742 ἀγαθοῦ
2942 2671 3164 2742 μέρους,
3190 2669 3374 2724 οὐκέτι
3403 2669 3469 2723 ἂν
3495 2664 3634 2740 ἦσαν
3654 2668 3836 2736 ἀγῶνες,

2305 2768 2339 2841 ἢ
2375 2767 2557 2839 καιροὶ
2587 2767 2864 2836 πολέμων,
2897 2766 2929 2837 ἦ
2963 2766 3188 2836 δρόμοςο
3229 2763 3342 2818 ἀλλ’
3367 2764 3686 2835 ἀκαμάτως,
3707 2765 3746 2816 εἰ
3767 2762 3836 2832 μι-

2307 2876 2395 2912 νον
2426 2859 2677 2929 ἤκουσεν,
2709 2853 2872 2927 ἦλθεν
2904 2855 2970 2910 ἂν
3001 2855 3081 2919 είς
3111 2856 3457 2909 κατάπαυσιν
3508 2853 3604 2908 καὶ
3623 2855 3685 2907 τὰ
3703 2853 3838 2905 τέλεια

2312 2951 2506 3020 μέτρα.
2538 2950 2650 3019 Οὐχ
2673 2947 2848 3011 οὕτως
2873 2947 2929 3001 δέ
2953 2948 3068 3000 ἐστι
3095 2946 3163 3000 τὰ
3223 2946 3548 3018 πράγματα.
3582 2944 3836 3014 Περιαιρεῖς

2308 3041 2415 3112 γὰρ
2448 3041 2508 3094 τὸ
2536 3040 2748 3110 θέλημα
2777 3039 2873 3092 τοῦ
2901 3037 3212 3110 ἀνθρώπου,
3250 3037 3406 3090 τοῦτο
3434 3036 3635 3104 λέγων,
3668 3035 3749 3088 καὶ
3771 3034 3839 3102 τὴν

2234 3148 2276 3206 C
2309 3131 2601 3186 ἀντίπαλον
2625 3130 2852 3201 δύναμιν
2893 3130 2952 3182 οὐ
2981 3129 3158 3198 λέγεις
3184 3126 3321 3182 εἶναι
3348 3127 3676 3181 παλαίουσαν
3694 3125 3837 3194 edn-1;).

2329 3225 2518 3295 Ἡμεῖς
2545 3222 2602 3276 δὲ
2634 3222 2791 3276 τοῦτό
2817 3239 3018 3292 φαμεν,
3049 3223 3130 3275 ὅτι
3159 3224 3187 3274 ὁ
3217 3221 3430 3274 ἀκούων
3455 3220 3634 3287 λόγον,
3669 3219 3839 3287 ἔρχεται

2313 3319 2392 3380 εἰς
2421 3314 2732 3379 κατάνυξιν.
2759 3317 2854 3367 καὶ
2879 3313 3020 3384 μετὰ
3042 3313 3200 3366 τοῦτο
3223 3311 3658 3379 ὑποστελλοὺσης
3677 3311 3758 3378 τῆς
3775 3309 3841 3376 χά-

2317 3425 2464 3480 ριτος
2496 3406 2616 3460 κατ’
2647 3406 2959 3475 οἰκονομίαν
2983 3404 3121 3473 πρὸς
3141 3403 3203 3457 τὸ
3225 3402 3505 3472 συμφέρον
3526 3400 3603 3470 τῷ
3621 3399 3841 3470 ἀνθρώπῳ

2313 3500 2620 3569 εἰσέρχεται
2652 3500 2732 3560 είς
2756 3497 3066 3566 γυμνασίαν
3095 3496 3191 3549 καὶ
3216 3495 3465 3548 παιδείαν
3497 3494 3743 3563 πολέμου,
3773 3491 3840 3543 καὶ

2316 3591 2461 3642 ποιεῖ
2494 3588 2668 3656 πάλην
2699 3587 2794 3640 καὶ
2821 3586 3007 3654 ἀγῶνα
3044 3585 3180 3655 πρὸς
3206 3585 3297 3639 τὸν
3323 3585 3594 3648 Σατανᾶν,
3627 3584 3713 3635 καὶ
3741 3581 3840 3646 pati

2314 3679 2510 3733 πολλοῦ
2537 3678 2738 3749 δρόμου
2767 3677 2863 3730 καὶ
2885 3677 3094 3744 ἀγῶνος
3123 3677 3460 3746 ἀποφέρεται
3485 3674 3837 3742 τᾶνικητῆριί.

2315 3771 2408 3826 καὶ
2455 3771 2662 3839 γίνεται
2696 3769 3038 3842 Χριστιανός.
3091 3769 3154 3822 Εί
3195 3760 3310 3838 γάρ’
3350 3784 3433 3828 τις
3468 3765 3678 3818 ἀκούων
3705 3763 3839 3834 μόνον,

2313 3860 2608 3932 ἀκαμάτως
2631 3859 2836 3927 ἐγίνετο
2856 3859 2949 3912 τοῦ
2973 3857 3196 3928 ἀγαθοῦ,
3221 3860 3310 3912 καὶ
3336 3861 3384 3912 οἱ
3407 3859 3699 3928 θεατρικοὶ,
3721 3856 3794 3906 καὶ
3811 3854 3840 3905 oi

2314 3954 2499 4023 πόρνοι
2535 3953 2732 4014 πάντες
2766 3951 3044 4022 μέλλουσιν
3072 3951 3325 4004 ἀπελθεῖν
3367 3953 3445 4013 είς
3485 3949 3744 4018 βασιλεέαν
3778 3948 3842 3998 καὶ

2315 4045 2479 4118 ζωήν·
2518 4045 2632 4098 ἀλλ’
2655 4045 2832 4106 οὐδεὶς
2861 4045 3045 4107 αὐτοῖς
3073 4044 3233 4097 δώσει
3260 4043 3463 4113 ταύτην
3495 4043 3623 4097 ἄνευ
3645 4043 3840 4110 mpsim

2317 4137 2409 4190 ml
2459 4135 2669 4204 ἀγῶνος
2693 4177 2708 4200 ,
2765 4135 2952 4204 ἐπειδὴ
3001 4135 3186 4201 στενή
3225 4135 3356 4188 ἐστι
3397 4133 3501 4187 καί
3533 4133 3840 4201 τεθλιμμένη

2316 4230 2354 4298 ἡ
2401 4227 2557 4293 ὁδός.
2613 4228 2693 4281 Δι’
2720 4228 2890 4297 αὐτῆς
2925 4229 3025 4298 τῆς
3053 4227 3314 4298 τραχείας
3344 4226 3464 4280 ὁδοῦ
3499 4227 3594 4279 καὶ
3623 4223 3840 4278 διοδεῦςαι

2316 4321 2422 4392 χρὴ
2444 4360 2458 4383 ,
2508 4319 2602 4373 καὶ
2647 4320 2975 4388 ὑπομεῖναι,
3017 4319 3112 4372 καὶ
3140 4319 3410 4389 θλισῆναι,
3446 4322 3548 4373 καὶ
3577 4317 3737 4380 οὕτως
3761 4316 3841 4367 εἰτ-

2317 4412 2491 4466 ελθεῖν
2522 4413 2602 4478 είς
2631 4411 2728 4483 τὴν
2755 4411 2922 4482 ζωήν.

2386 4602 2516 4660 ΚΑ’.
2552 4605 2614 4659 Εἰ
2645 4604 2753 4677 γὰρ
2788 4606 2916 4662 ἄνευ
2944 4609 3190 4678 καμάτου
3217 4606 3285 4681 ἦν
3307 4614 3676 4685 κατορθῶσαι,
3703 4614 3840 4667 οὐκέτι

2315 4693 2461 4758 λίθος
2492 4698 2919 4768 προσκόμματος
2953 4701 3048 4754 καὶ
3078 4702 3252 4772 πέτρα
3282 4706 3584 4759 σκανδάλου
3613 4703 3676 4776 ἦν
3699 4707 3841 4775 6X9:-

2316 4789 2653 4857 στιανισμὸς,
2689 4790 2811 4844 οὔτε
2843 4791 3023 4856 πίστις
3046 4795 3141 4848 καὶ
3165 4794 3409 4860 ἀπιστία,
3433 4801 3613 4861 ποιεῖς
3630 4800 3681 4851 δὲ
3702 4798 3840 4850 λοιπὸν

2313 4881 2409 4933 κα)⁸
2439 4881 2530 4932 τὸν
2562 4881 2850 4951 ἄνθρωπον
2879 4884 3031 4937 δετδν
3051 4927 3064 4950 ,
3103 4887 3372 4956 ἄτρεπτον
3403 4892 3483 4953 εἰς
3515 4890 3579 4942 τὸ
3604 4889 3782 4960 ἀγαθόν
3799 4903 3840 4938 τε

2313 4971 2406 5022 καὶ
2437 4971 2623 5026 κακόν.
2654 4973 2743 5042 Τῷ
2766 4974 2872 5045 γὰρ
2897 4974 3177 5047 δυναμένῳ
3200 4983 3473 5049 τραπῆναι
3503 4983 3585 5044 εἰς
3608 4981 3839 5050 ape-515;:

2307 5059 2376 5112 τὰ
2417 5060 2558 5131 μέρη
2581 5099 2596 5124 ,
2651 5062 2813 5132 νόμος
2845 5063 3088 5132 δέδοται,
3134 5067 3211 5138 τῷ
3248 5068 3423 5138 ἔχοντι
3452 5070 3514 5122 τὸ
3542 5069 3836 5134 αὐτεξούσιον

2307 5152 2531 5222 ποιῆσαι
2565 5153 2800 5224 πόλεμον
2849 5156 2985 5226 πρὸς
3025 5159 3123 5226 τὴν
3167 5161 3418 5214 ἐναντίαν
3451 5162 3700 5233 δύναμιν.
3733 5165 3835 5228 Asti;

2307 5245 2420 5314 γὰρ
2456 5245 2614 5313 φύσει
2647 5248 2813 5317 νόμος
2842 5249 2900 5301 οὐ
2934 5249 3112 5303 κεῖται
3133 5268 3146 5283 ο
3198 5251 3322 5305 οὔτε
3353 5253 3463 5325 γὰρ
3500 5257 3529 5308 ὁ
3557 5256 3722 5324 ἥλιος,
3749 5253 3839 5305 οὖπ

2308 5339 2337 5390 ὁ
2364 5339 2592 5408 οὐρανὸς
2643 5343 2738 5394 καὶ
2781 5344 2813 5412 ἡ
2857 5342 2928 5412 γῆ
2964 5345 3416 5414 νενομοθέτηται,
3455 5349 3646 5418 ἐπειδὴ
3672 5351 3730 5402 τὰ
3751 5348 3839 5399 xti-

2309 5447 2490 5499 σματα
2521 5433 2680 5504 δετῆς
2706 5436 2812 5488 είσι
2840 5435 3075 5504 φύσεωςι
3103 5437 3224 5490 ὅθεν
3249 5439 3374 5494 οὕτε
3400 5444 3558 5510 τιμῇ,
3586 5441 3701 5494 οὔτε
3719 5440 3838 5493 καὶαι

2309 5539 2392 5575 σει
2423 5525 2764 5581 ὑπόκεινται.
2810 5528 2874 5581 Ἦ
2904 5530 3012 5600 γὰρ
3044 5531 3176 5602 τιμὴ
3211 5533 3305 5584 καὶ
3338 5534 3371 5603 ἡ
3401 5533 3527 5600 δόξα
3559 5535 3836 5605 ἡτοίμασται

2305 5613 2385 5684 τῷ
2411 5619 2734 5690 τρεπομένῳ
2767 5619 2846 5682 εἰς
2876 5619 2935 5673 τὸ
2957 5619 3178 5688 ἀγαθόν·
3222 5621 3386 5675 πάλιν
3413 5622 3467 5677 δὲ
3501 5624 3537 5692 ἡ
3569 5623 3744 5692 γέεννα
3768 5620 3836 5673 καὶ
