3966 6520
138 366 247 429 709

1322 363 1689 425 HOMILIz‘E.
1723 392 1794 401 -
1832 364 2018 426 IIOM.
2050 364 2320 425 XXVIII.

3308 367 3343 433 ’1
3351 367 3411 433 i0

138 479 176 549 ἡ
208 476 433 539 κόλασις
455 474 629 544 ταύτῃ
656 476 723 544 τῇ
750 474 955 545 τρεπτῇ
982 470 1143 542 φύσει
1167 474 1521 544 ἡτοίμασται,
1548 474 1612 542 τῇ
1635 472 1712 525 δυ-

1827 473 1975 526 enim
2002 482 2060 528 et
2084 473 2254 544 gloria
2280 486 2579 545 praeparata
2611 486 2697 532 est
2741 477 2815 541 ei,
2840 477 2988 546 quod
3026 482 3275 536 converti
3311 498 3413 552 po-

142 570 351 641 ναμένῃ
373 569 676 636 ἀποφυγεῖν
700 567 762 620 τὸ
782 566 955 619 κακὸν
970 607 984 631 ,
1033 566 1125 620 καὶ
1154 565 1315 635 ῥέψαι
1340 565 1421 628 είς
1441 565 1501 618 τὸ
1521 563 1723 632 ἀγαθὸν

144 662 242 716 καὶ
287 660 464 727 δεξιὸν
512 660 700 731 μέρος.
737 659 870 712 Ἰδοὺ
901 658 1078 725 λέγεις
1105 658 1265 714 αὑτὸν
1295 657 1458 727 δετῆς
1487 656 1722 726 φύσεως.

145 754 361 815 Λοιπὸν,
382 753 473 806 τὸν
494 752 695 819 ἀγαθὸν
718 751 1003 823 ἄνθρωπον
1026 751 1086 805 οὐ
1109 753 1283 814 ποιεῖς
1304 750 1453 815 ἄξιον
1477 748 1725 803 ἐπαίνου.

148 844 209 898 Ὀ
224 845 334 915 γὰρ
350 844 456 898 ἀπὸ
476 843 689 912 φύσεως
708 843 942 914 χρηστὸς
962 844 1057 897 καὶ
1072 843 1274 912 ἀγαθὸς
1293 844 1393 896 οὐκ
1410 842 1557 895 ἔστιν
1574 841 1727 894 ἐπαί-

135 952 231 989 νου
250 935 418 1000 ἄξιος,
444 936 491 987 εί
518 936 610 987 καὶ
633 935 968 1006 ὲπιθυμητός
996 937 1164 989 ἐστιν.
1188 935 1263 987 Ui:
1288 935 1395 1005 γὰρ
1416 933 1724 999 ἐπαινετὸν,

133 1028 186 1079 εἰ
214 1028 312 1080 καὶ
338 1025 705 1097 ἐπιθυμητὸν,
740 1028 799 1080 τὸ
829 1028 903 1097 μὴ
931 1028 1247 1099 προαιρέσει
1277 1028 1501 1096 ἀγαθόν.
1538 1028 1716 1081 Ἐκεῖ-

133 1133 227 1179 νος
257 1116 366 1187 γάρ
399 1116 549 1168 ἐστιν
590 1116 813 1170 ἐπαίνου
848 1116 995 1181 ἄξιος
1019 1156 1034 1181 ,
1086 1120 1115 1171 ὁ
1166 1116 1273 1188 ἰδίᾳ
1320 1117 1525 1187 σπουδῇ
1578 1116 1716 1186 μετά

132 1209 348 1273 ἀγῶνος
380 1209 477 1263 καὶ
502 1208 681 1279 πάλης
709 1208 1107 1279 ἐπανελόμενος
1140 1210 1202 1263 τὸ
1225 1208 1428 1278 ἀγαθὸν
1458 1208 1716 1273 αὐτεξου-

132 1301 253 1354 σίου
282 1304 678 1373 προαιρέσεως.

1833 572 1940 619 ιοει
1961 564 2028 618 ad
2075 564 2281 620 bonum
2319 583 2333 619 :
2381 582 2412 621 e
2444 567 2664 622 diverso
2680 582 2812 622 vero
2838 569 3089 638 gehenna
3117 578 3173 625 et
3203 572 3413 641 suppli-

1832 655 1979 710 cium
2005 657 2187 712 eidcm
2226 659 2475 715 mutabili
2520 669 2732 716 natura:
2768 670 3134 731 praeparatum
3164 673 3267 729 est,
3289 681 3413 734 quae

1831 763 2031 818 nempe
2055 758 2236 817 potest
2263 751 2475 807 evitare
2502 752 2704 807 malum
2724 793 2738 815 ,
2764 769 2829 809 ac
2852 770 3079 824 vergere
3110 755 3177 810 ad
3206 756 3411 812 bonam

1826 848 1881 895 et
1903 840 2150 895 dextram
2168 853 2402 911 partem.
2422 846 2563 900 Ecce
2588 848 2791 903 asseris
2808 863 2934 902 eum
2954 849 3135 919 ligatae
3159 859 3368 905 natura:
3391 869 3404 905 :

1831 931 2041 988 bonum
2096 948 2229 1004 ergo
2258 935 2438 990 virum
2477 953 2587 990 non
2629 940 2929 1004 constituis.
2961 940 3122 995 laude
3158 940 3405 1012 dignum.

1825 1022 1929 1090 Qui
1963 1025 2112 1080 enim
2158 1041 2189 1081 a
2228 1037 2427 1083 natura
2456 1030 2614 1099 uo
2641 1041 2961 1088 mansuetus
2991 1050 3054 1089 ac
3085 1034 3264 1090 bonus
3302 1046 3407 1099 est,

1824 1131 1932 1172 non
1952 1119 2059 1173 erit
2075 1119 2235 1174 laude
2258 1119 2474 1191 dignus,
2516 1123 2767 1192 quamvis
2782 1127 2852 1180 sit
2868 1125 3269 1181 desiderabilis.
3288 1128 3409 1183 Non

1824 1209 1971 1264 enim
2004 1210 2305 1276 laudabile,
2339 1212 2468 1267 licet
2493 1214 2886 1281 desiderabile,
2920 1217 3066 1287 quod
3099 1234 3209 1271 non
3236 1227 3320 1272 cst
3341 1234 3407 1273 ex

1826 1303 2109 1371 proposito
2158 1303 2384 1363 bonum.
2414 1306 2513 1363 Ille
2541 1307 2689 1362 enim
2732 1308 2894 1363 laude
2932 1309 3131 1379 dignus
3172 1321 3277 1375 est,
3312 1311 3408 1384 qui

131 1396 358 1467 proprio
376 1397 561 1453 studio
588 1412 697 1450 non
736 1396 942 1466 absque
960 1397 1260 1453 certamine
1285 1414 1347 1453 ac
1368 1414 1547 1469 pugna
1570 1398 1919 1468 amplectitur
1946 1400 2093 1467 quod
2112 1400 2318 1455 bonum
2350 1402 2641 1469 est,libera
2653 1403 2873 1459 arbitrii
2889 1407 3169 1463 voluntate
3188 1407 3407 1462 ductus.

207 1495 337 1547 KB'.
402 1494 615 1563 Ὥσπερ
675 1493 804 1547 ὅταν
862 1488 893 1566 ᾗ
946 1493 1265 1565 παρεμϐολὴ
1315 1495 1581 1560 Περσῶν,
1637 1495 1712 1547 κα¹

1906 1493 2072 1550 XXII.
2120 1497 2359 1552 Perinde
2408 1513 2473 1553 ac
2502 1498 2547 1552 si
2595 1498 2666 1554 sit
2711 1499 2858 1554 acies
2890 1500 3185 1555 Persarum
3242 1511 3408 1572 atquc

128 1587 461 1658 παρεμϐολὴ
527 1588 851 1657 Ῥωμαίων,
905 1587 1000 1641 καὶ
1048 1587 1339 1652 ἐξέλθωσιν
1394 1590 1497 1643 ἀπ’
1545 1589 1712 1644 αὐτῶι

1825 1585 1971 1641 acies
2002 1588 2397 1655 Romanorum,
2444 1600 2609 1661 atque
2652 1590 2923 1661 prodeant
2970 1608 3038 1646 cx
3085 1592 3153 1647 iis
3183 1594 3408 1660 pennati

128 1682 406 1751 πτερωτοὶ
459 1680 553 1734 δύο
600 1682 871 1735 νεανίσκοι
923 1682 1263 1751 ίσοδύναμοι,
1316 1684 1411 1737 καὶ
1456 1684 1724 1753 ποιήσωσι

126 1775 310 1844 πάλην
342 1791 358 1807 ·
442 1774 615 1839 οὕτως
674 1777 708 1846 ἡ
754 1775 1044 1839 ἀντίπαλος
1098 1776 1327 1845 δύναμις
1376 1780 1469 1829 καὶ
1524 1779 1552 1829 ὁ
1598 1774 1721 1838 νοῦς

1825 1675 2206 1735 adolescentes
2242 1680 2372 1746 duo,
2414 1682 2629 1737 viribus
2679 1683 2939 1751 aequales,
2966 1685 3060 1754 qui
3099 1686 3247 1740 lucta
3276 1702 3410 1742 cor.-

1826 1769 2088 1837 tendant;
2124 1771 2199 1826 ita
2234 1772 2545 1829 adversaria
2580 1784 2821 1845 potestas
2851 1787 2906 1832 et
2932 1794 3088 1833 mens
3111 1796 3299 1849 aequas
3326 1781 3409 1834 vi-

124 1868 318 1939 ἔχουσι
362 1868 423 1921 τὸ
469 1869 757 1939 ἰσόρροπον
795 1869 913 1922 κατ’
953 1869 1227 1938 ἀλλήλων·
1279 1868 1371 1922 καὶ
1408 1869 1507 1941 τὴν
1544 1869 1712 1922 ἰσοδυ-

1826 1876 1916 1915 res
1939 1862 2197 1919 obtinent
2224 1864 2490 1921 adversus
2520 1883 2579 1922 se
2617 1868 2851 1924 invicem
2886 1888 2899 1923 :
2926 1887 2991 1927 ac
3021 1887 3206 1941 parem
3236 1872 3406 1927 facul-

123 1959 335 2031 ναμίαν
377 1960 492 2031 ἔχει
540 1961 569 2012 ὁ
608 1960 853 2022 Σατανᾶς
903 1959 997 2012 τοῦ
1050 1958 1453 2030 προτρέπεσθαι
1500 1958 1591 2012 καὶ
1628 1975 1720 2012 κο-

121 2050 382 2107 λακεύειν
417 2050 518 2121 τὴν
551 2049 728 2119 ψυχὴν
766 2051 846 2113 είς
883 2049 945 2102 τὸ
972 2050 1101 2102 ῐδιον
1124 2049 1364 2120 θέλημα’
1401 2050 1493 2103 καὶ
1519 2049 1720 2120 ἡψυχὴ

122 2145 312 2215 πάλην
352 2145 466 2215 ἔχει
500 2144 595 2197 τοῦ
627 2143 961 2213 ἀντιλέγειν,
997 2144 1092 2196 καὶ
1125 2144 1185 2195 ὲν
1219 2143 1409 2214 μηδενὶ
1437 2144 1585 2214 αὐτῴ
1612 2144 1719 2197 ὑπο

122 2236 375 2291 ακούειν.
412 2237 821 2306 Προτρεπτικαὶ
847 2237 957 2307 γάρ
984 2238 1121 2289 εἰσιν
1150 2237 1205 2288 at
1236 2235 1541 2306 ἀμφότεραι
1562 2235 1721 2288 δυνά-

125 2346 254 2397 μεις
279 2328 375 2381 τοῦ
397 2346 455 2381 τε
485 2328 657 2382 κακοῦ
686 2328 782 2381 καὶ
803 2328 895 2381 τοῦ
920 2328 1149 2396 ἀγαθοῦ,
1175 2328 1274 2380 οὐκ
1300 2327 1716 2395 ἀναγκαστικαί.

121 2424 209 2494 Τῇ
245 2417 341 2476 οὖν
386 2425 611 2493 τοιαύτῃ
658 2422 975 2494 προαιρέσει
1021 2421 1222 2474 δίδοται
1268 2419 1386 2473 θεία
1414 2420 1717 2491 ἀντίληψις,

120 2519 223 2571 καὶ
256 2517 482 2571 δύναται
511 2518 816 2570 παλαίουσα
848 2516 1033 2570 λαϐεῖν
1060 2517 1200 2569 ὅπλα
1232 2517 1291 2582 ἐξ
1318 2515 1551 2586 οὐρανοῦ
1572 2556 1587 2581 ,
1624 2518 1720 2567 καὶ

116 2610 194 2664 δι’
224 2610 407 2663 αὐτῶν
457 2610 755 2679 ὲκριζῶσαι
790 2610 885 2663 καὶ
915 2609 1139 2678 νικῆσαι
1167 2608 1266 2679 τὴν
1293 2608 1593 2679 ἀμαρτίαν.
1647 2608 1721 2660 Τὸ

121 2702 232 2772 μὲν
261 2702 371 2774 γὰρ
400 2702 696 2771 ἀντιλέγειν
725 2705 789 2771 τῇ
820 2702 1062 2772 ἁμαρτίᾳ
1090 2702 1310 2755 δύναται
1338 2704 1370 2769 ἡ
1394 2702 1559 2774 ψυχὴ,
1590 2702 1718 2755 ἄνευ

116 2796 179 2848 δὲ
216 2795 355 2849 Θεοῦ
382 2798 599 2867 νικῆσαι
628 2795 659 2864 ἢ
686 2793 980 2865 ὲκριζῶσαι
1010 2795 1070 2846 τὸ
1092 2795 1259 2847 κακὸν
1288 2794 1347 2846 οὐ
1380 2794 1622 2849 δύναται.
1653 2795 1716 2847 Oi

114 2887 179 2941 δὲ
213 2888 467 2956 λέγοντες
500 2889 599 2959 τὴν
630 2886 906 2957 ἁμαρτίαν
934 2882 1074 2940 εἶναι
1100 2886 1175 2948 ὼς
1198 2886 1431 2955 γίγαντα
1452 2888 1716 2955 γενναῖον,

114 2982 223 3035 καὶ
252 2980 354 3051 τὴν
381 2980 558 3050 ψυχὴν
590 2980 666 3043 ὡς
694 2978 907 3032 παιδίον
932 3017 946 3042 ,
995 2979 1180 3042 κακῶς
1208 2979 1478 3047 λέγουσιν.
1520 2978 1580 3029 Ei
1610 2978 1719 3048 γὰρ

112 3072 302 3137 οὕτως
332 3073 452 3126 ἐστὶ
480 3072 550 3124 τά
578 3072 883 3143 πράγματα
910 3071 1164 3141 ἀνόμοια,
1194 3070 1269 3133 ὡς
1295 3070 1458 3138 γίγας
1485 3071 1519 3141 ή
1542 3071 1719 3140 ἀμαρ-

112 3165 238 3228 τία,
277 3165 375 3218 καὶ
405 3165 479 3228 ὡς
511 3164 723 3218 παιδίον
754 3166 786 3235 ἡ
812 3162 981 3234 ψυχὴ,
1013 3162 1198 3227 ἄδικος
1226 3164 1254 3215 ὁ
1285 3163 1601 3233 νομοθέτης,
1633 3163 1717 3217 νό-

1827 1960 1993 2007 tatem
2037 1954 2204 2009 habet
2237 1956 2468 2013 Satanas
2513 1959 2849 2015 adhortandi
2881 1972 2937 2016 et
2963 1963 3240 2018 alliciendi
3286 1965 3406 2018 ani-

1824 2061 1967 2101 mam
1998 2046 2066 2101 ad
2102 2047 2442 2103 voluntatem
2486 2064 2665 2115 suam,
2695 2062 2859 2122 atque
2897 2055 3080 2108 anima
3113 2072 3143 2110 e
3181 2056 3403 2112 diverso

1823 2153 2061 2207 pugnant
2092 2138 2278 2203 habet,
2316 2149 2373 2194 ut
2395 2142 2755 2208 contradicat,
2782 2153 2838 2199 et
2862 2144 2917 2199 in
2946 2148 3094 2201 nulla
3130 2163 3190 2203 re
3223 2149 3273 2203 ei
3303 2150 3405 2204 ob-

1822 2232 2107 2294 sequatur.
2133 2227 2529 2284 Exhortatione
2556 2232 2702 2287 enim
2721 2234 2949 2290 excitari
2973 2245 3205 2305 possunt
3229 2240 3403 2296 amba:

1821 2315 2131 2384 facultates,
2188 2328 2301 2374 tum
2346 2321 2415 2375 ad
2457 2322 2686 2390 bonum,
2726 2332 2840 2380 tum
2899 2327 2967 2381 ad
3004 2328 3247 2398 malum,
3288 2349 3399 2387 non

1824 2410 2304 2479 tamen;compelli.
2350 2410 2490 2466 Huic
2517 2412 2686 2483 igitur
2716 2414 2907 2469 libera:
2932 2417 3191 2474 electioni
3236 2418 3399 2474 datur

1822 2495 2007 2550 divina
2058 2499 2432 2555 remuneratio
2454 2541 2467 2565 ,
2498 2510 2789 2572 potestque
2838 2504 3154 2562 dimicando
3182 2523 3400 2565 sumere

1821 2602 1969 2641 arma
1996 2587 2064 2643 de
2111 2591 2275 2655 caalo,
2302 2600 2468 2662 atque
2499 2609 2695 2649 eorum
2728 2595 2995 2653 beneﬁcio
3019 2599 3304 2654 eradicare
3338 2617 3402 2657 ac

1821 2693 2089 2749 superare
2120 2692 2433 2752 peccatum.
2465 2685 2859 2745 Contradicere
2882 2690 3029 2745 enim
3060 2702 3287 2761 peccato
3310 2711 3403 2765 po-

1823 2779 1929 2826 test
1960 2774 2185 2843 quidem
2239 2776 2464 2832 anima:
2514 2780 2632 2835 sine
2667 2781 2778 2837 Dco
2822 2798 2954 2837 vero
2999 2799 3262 2855 superare
3306 2795 3403 2844 aut

1820 2866 2126 2936 exstirpare
2187 2870 2379 2925 vitium
2449 2873 2659 2943 nequit.
2738 2875 2938 2931 Verum
2993 2879 3087 2950 qui
3146 2890 3402 2937 asserunt

1820 2968 2109 3027 peccatum
2143 2977 2265 3018 esse
2303 2964 2453 3019 velut
2496 2973 2783 3022 strenuum
2820 2968 3118 3040 gigantem,
3159 2975 3400 3030 animam

1820 3064 1952 3104 vero
1996 3051 2149 3105 velut
2208 3054 2493 3123 pusillum,
2546 3071 2837 3127 perperam
2894 3060 3108 3117 dicunt.
3147 3063 3202 3119 Si
3250 3066 3399 3120 enim

1821 3144 1959 3200 adeo
1985 3156 2171 3202 essent
2219 3164 2309 3204 rcs
2355 3150 2676 3215 dissimiles,
2722 3162 2784 3209 ut
2815 3166 3104 3225 peccatum
3142 3162 3214 3215 sit
3250 3158 3401 3218 velut

116 3276 228 3327 μον
268 3256 518 3323 δεδωκὼς
566 3258 645 3330 τῷ
690 3257 968 3330 ἀνθρώπῳ
1016 3259 1192 3312 ποιεῖν
1232 3256 1410 3329 πάλην
1454 3257 1590 3329 πρὸς
1622 3258 1712 3313 τὸν

1823 3242 1985 3312 gigas,
2026 3244 2207 3300 anima
2248 3261 2380 3301 vero
2404 3248 2556 3302 velut
2583 3248 2837 3318 pusillus,
2880 3251 3107 3323 iniquus
3143 3267 3288 3313 esset
3317 3260 3402 3313 lc-

110 3353 398 3407 Σατανᾶν.

190 3550 327 3606 KI".
385 3544 553 3615 Οὗτος
599 3551 656 3605 δέ
706 3554 855 3606 ἐστιν
902 3553 931 3605 ὁ
974 3550 1222 3620 θεμέλιος
1267 3551 1365 3621 τῆς
1409 3550 1545 3622 πρὸς
1580 3551 1710 3605 Θεὸν

105 3645 268 3711 ὁδοῦ,
306 3647 369 3699 τὸ
408 3648 467 3699 ὲν
514 3647 759 3717 ὑπομονῇ
806 3645 999 3713 πολλῇ,
1036 3646 1092 3697 ὲν
1122 3644 1330 3709 ἐλπίδι,
1368 3646 1426 3697 ἐν
1457 3662 1710 3698 ταπεινο-

108 3738 410 3809 φροσύνῃ,
466 3738 523 3790 ὲν
573 3736 820 3807 πτωχείᾳ
866 3736 1199 3805 πνεύματος,
1238 3737 1295 3789 ἐν
1332 3735 1597 3805 πραότητι
1632 3735 1710 3789 δι-

102 3830 329 3884 οδεύειν
359 3829 456 3901 τὴν
481 3830 597 3883 ὁδὸν
621 3831 725 3899 τῆς
753 3829 919 3899 ζωῆς,
945 3830 1037 3883 καὶ
1060 3828 1149 3882 διὰ
1171 3829 1375 3882 τούτων
1399 3829 1707 3897 κτήσασθαι

104 3922 351 3977 δύναταί
398 3940 479 3985 τις
526 3923 625 3991 τὴν
668 3922 1015 3992 δικαιοσύνην
1054 3924 1110 3975 ἐν
1144 3921 1339 3991 ἑαυτῷ.
1374 3922 1620 3991 Λέγομεν
1651 3922 1708 3975 δὲ

101 4014 476 4085 δικαιοσύνην
532 4014 693 4069 αὐτὸν
722 4014 812 4067 τὸν
834 4013 1059 4085 Κύριον.
1088 4007 1258 4067 Abeat
1284 4014 1392 4083 γὰρ
1420 4013 1476 4066 αἱ
1498 4013 1708 4066 ἐντολαὶ

102 4106 295 4170 οὕτως
346 4107 823 4177 προστάσσουσαι,
862 4105 1048 4177 ὥσπερ
1104 4105 1255 4175 μίλιά
1291 4106 1395 4158 εἰσι
1441 4106 1708 4175 στήκοντα

101 4200 212 4252 καὶ
255 4200 463 4267 σημεῖα
497 4197 596 4267 τῆς
626 4196 912 4267 βασιλικῆς
941 4196 1061 4249 ὀδοῦ
1085 4239 1099 4262 ,
1150 4195 1458 4264 ἀναγούσης
1499 4197 1578 4258 εἰς
1607 4196 1708 4265 τὴν

100 4291 448 4363 ἐπουράνιον
475 4289 628 4342 πόλιν
657 4289 783 4353 τοὺς
804 4288 1158 4352 διυδεύοντας.
1183 4287 1344 4355 Λέγει
1367 4287 1495 4357 γὰρ,
1510 4289 1705 4342 Μακά-

92 4403 234 4454 pro;
275 4386 333 4437 οἱ
378 4384 600 4452 πτωχοὶ
641 4381 721 4447 τῷ
760 4383 1070 4452 πνεύματι,
1094 4380 1369 4450 μακάριοι
1400 4383 1452 4435 oi
1476 4381 1703 4448 πραεῖς,

92 4473 397 4546 μακάριοι
428 4476 481 4527 ol
505 4471 833 4542 ἐλεήμονες
861 4512 875 4537 ,
924 4472 1201 4541 μακάριοι
1237 4472 1290 4524 oi
1318 4472 1701 4539 εἰρηνοποιοί.

1816 3334 2042 3409 gislator
2077 3337 2172 3406 qui
2217 3338 2393 3408 legem
2426 3340 2551 3395 tulit
2580 3341 2815 3408 homini,
2863 3353 2924 3399 ut
2973 3362 3212 3419 pugnam
3252 3351 3401 3406 ineat

1815 3423 2081 3481 adversus
2115 3427 2396 3485 Satanam.

1888 3515 2081 3573 XXIII.
2113 3519 2228 3573 Hoc
2256 3528 2442 3576 autem
2466 3522 2986 3582 est‘fundamcntum
3009 3529 3111 3584 via:
3135 3537 3201 3586 ad
3226 3532 3396 3588 Deum

1813 3607 2162 3677 deducentis,
2214 3612 2270 3667 in
2315 3615 2605 3671 tolerantia
2634 3618 2828 3683 multa,
2863 3620 2917 3674 in
2958 3636 3076 3691 spc,
3115 3623 3169 3677 in
3214 3625 3400 3680 humi-

1811 3699 1986 3766 litate,
2016 3702 2071 3756 in
2103 3716 2427 3775 paupertate
2446 3709 2693 3777 spiritus,
2722 3711 2776 3765 in
2808 3717 3231 3773 mansuetudine
3251 3722 3395 3776 viam

1811 3792 1935 3849 vita:
1965 3810 2293 3866 peragrare;
2337 3807 2393 3853 et
2426 3800 2626 3854 horum
2677 3802 2947 3859 beneﬁcio
2980 3807 3105 3875 quis
3146 3810 3396 3869 obtinere

1811 3888 2291 3958 potestjustitiam
2325 3889 2381 3944 in
2424 3906 2483 3946 se
2522 3892 2642 3961 ipso
2672 3909 2687 3947 :
2722 3893 2962 3951 dicimus
3009 3908 3192 3953 autem
3230 3902 3396 3971 justi-

1810 3978 1943 4032 tiam
2005 3980 2186 4049 ipsum
2218 3982 2532 4037 Dominum.
2577 3984 2703 4039 llaec
2756 3987 2903 4041 enim
2947 3991 3224 4059 mandata,
3271 4011 3394 4064 qua:

1810 4070 1959 4125 hunc
1989 4071 2043 4125 in
2074 4073 2298 4127 modum
2342 4074 2689 4145 praecipiunt,
2734 4088 2865 4133 sunt
2892 4088 3149 4150 tanquam
3179 4084 3392 4157 lapides

1810 4162 2050 4219 miliares
2079 4165 2191 4231 ﬁxi,
2234 4167 2461 4237 etsigna
2487 4167 2648 4238 regia:
2676 4169 2779 4223 via:
2804 4210 2818 4233 ,
2840 4170 3165 4231 deducentis
3186 4177 3255 4231 ad
3281 4194 3392 4234 coe—

1805 4254 1999 4310 lcstem
2039 4258 2318 4314 civitatem
2342 4260 2766 4317 inambulantes.
2795 4263 2981 4334 Inquit
3012 4268 3159 4323 enim
3188 4286 3201 4323 :
3234 4270 3389 4327 Beati

1807 4365 2065 4419 pauperes
2106 4352 2329 4423 spiritu;
2373 4352 2526 4407 Beati
2571 4356 2757 4421 mites;
2792 4356 2944 4411 Beati
2990 4360 3386 4430 misericordes;

1806 4440 1959 4496 Beati
1986 4445 2196 4514 paciﬁci
2229 4446 2294 4499 ⁹⁰.
2342 4445 2500 4501 IIunc
2525 4446 2697 4503 dicito
2724 4463 2846 4503 esse
2875 4449 3383 4512 Christianismum.

94 4534 323 4622 ΖΙόῦσιτον
353 4561 475 4618 εἷπε
518 4534 965 4636 Χριστιανισμόν.
1015 4564 1078 4616 Et
1114 4562 1170 4615 δέ
1202 4579 1284 4624 τις
1312 4562 1480 4632 ταύτῃ
1510 4564 1573 4633 τῇ
1601 4562 1703 4631 ὁδῷ

1823 4534 1863 4589 Si
1893 4552 2023 4591 vero
2045 4538 2170 4608 quis
2192 4538 2297 4593 hac
2325 4538 2411 4593 via
2434 4554 2544 4593 non
2570 4539 2895 4605 inambulct,
2918 4558 3017 4611 per
3041 4543 3198 4599 devia
3215 4556 3384 4615 errat,

1823 4629 1945 4649 ψη
2300 4640 2341 4649 ,ί
2436 4648 2443 4649 ί
2585 4633 2643 4649 η.
2719 4634 2729 4645 .
2875 4635 2886 4646 .
3024 4637 3056 4649 _.
3142 4637 3174 4649 ..
3287 4640 3322 4649 κ

92 4660 162 4713 οὒ
216 4658 487 4721 διοδεύει,
550 4656 734 4727 ἀνοδίᾳ
773 4654 1133 4725 πεπλάνηται,
1167 4652 1319 4722 κακῷ
1352 4652 1586 4723 θεμελίῳ
1618 4654 1705 4707 κέ-

92 4768 336 4822 χρηται.
378 4749 514 4814 Δόξα
546 4751 660 4813 τοῖς
692 4750 994 4819 οἰκτιρμοίς
1028 4747 1260 4817 Πατρὸς,
1296 4746 1389 4799 καὶ
1423 4746 1575 4811 Υίοῦ,
1611 4748 1704 4799 καὶ

90 4846 268 4917 ἁγίου
293 4842 639 4914 Πνεύματος,
672 4844 749 4905 είς
779 4844 903 4906 τοὺς
930 4840 1149 4903 αἰῶνας.
1187 4840 1380 4910 Ἀμήν.

704 4956 947 5010 UMIAIA
984 4955 1118 5009 KII'.

84 5050 430 5123 Διαγτράφει
454 5049 551 5123 real
574 5048 931 5123 dzo§25ps_rar
949 5046 1119 5123 _ai_}tn_
1138 5047 1174 5113 ἡ
1198 5047 1701 5123 mulierem-figa-

165 5117 779 5200 plipdr_tﬁq_1ﬁrgxﬁc,
815 5118 917 5200 ῥ’τε
938 5117 1037 5200 διά
1061 5118 1174 5200 τὴν
1199 5119 1495 5200 agape/rt!-
1582 5120 1700 5170 Κύ-

154 5186 311 5265 ῥιὸς
343 5193 453 5245 οὐκ
476 5186 735 5267 elisis}?-
761 5186 936 5267 αρτῇ.
969 5188 1089 5267 [Sal
1123 5192 1255 5267 περὶ
1288 5189 1392 5241 τοῦ
1419 5186 1699 5267 Ἰωᾴννου

163 5258 293 5319 ποῦ
343 5260 690 5315 Βαπτιστοῦ
712 5300 726 5323 ,
784 5260 872 5311 ὅτι
918 5258 1121 5322 οὐδεὶς
1152 5259 1220 5311 ἐν
1251 5258 1561 5327 γεννητοῖς
1593 5276 1699 5325 γυ-

164 5331 412 5390 ναικῶν
442 5330 630 5385 αὑτοῦ
651 5329 865 5399 μείζων
891 5329 1044 5382 ἐστι.

161 5454 263 5506 A'.
302 5449 519 5518 ’Ὠσπερ
550 5445 827 5517 ὀργισθεὶς
857 5445 885 5496 ὁ
912 5443 1043 5506 Θεύς
1074 5460 1203 5494 ποτε
1236 5441 1528 5504 Ἰουδαίοις,
1564 5459 1704 5513 παρ-

81 5545 107 5600 ί
122 5546 281 5598 Ξωκε
314 5540 417 5612 τὴν
452 5537 812 5609 Ἰερουσαλὴμ
840 5539 917 5601 είς
946 5538 1009 5588 τὸ
1040 5534 1313 5606 προφανὲς
1346 5532 1580 5605 ἐχθροῖς,
1606 5534 1701 5587 καὶ

84 5633 403 5705 ἐκυρίευον
449 5629 627 5683 αὐτῶν
677 5630 727 5683 οἱ
776 5626 1059 5701 μισοῦντες
1106 5628 1335 5691 αὐτοὺς,
1382 5625 1477 5677 καὶ
1507 5625 1607 5677 οὐκ
1632 5620 1701 5695 ἦν
1774 5684 1777 5687 _

85 5724 177 5784 {si
232 5725 361 5778 ἐκεῖ
399 5722 561 5795 ἑορτὴ
582 5762 597 5787 ,
653 5720 778 5775 οὔτε
812 5718 1126 5793 προσφορά·
1167 5718 1307 5777 οὕτω
1336 5718 1431 5773 Mi
1460 5718 1523 5788 τῇ
1553 5717 1697 5788 ψυλῇ

157 5865 217 5898 ⁸ο
256 5861 459 5920 Μαιιιι.
483 5877 539 5927 v,
560 5861 595 5916 2
618 5874 735 5933 seq.

1810 4629 1951 4682 malo
1991 4629 2353 4687 fundamento
2388 4648 2542 4688 usus.
2582 4633 2767 4689 Gloria
2815 4635 3266 4694 miserationibus
3287 4640 3388 4695 Pa-

1810 4721 1929 4788 tris,
1960 4732 2013 4777 et
2039 4724 2184 4790 Filii,
2219 4735 2275 4780 et
2296 4724 2535 4795 Spiritus
2565 4726 2741 4781 sancti
2777 4727 2833 4781 in
2863 4730 3085 4784 smcula.
3116 4734 3310 4788 Amen.

2311 4955 2597 5011 IIOMILIA
2645 4956 2884 5011 XXVIII.

1804 5050 2058 5104 Describit
2101 5065 2163 5101 ac
2194 5047 2437 5117 deplorat
2467 5049 2574 5101 Itwc
2605 5048 2822 5101 homilia
2852 5047 3214 5102 calamitatem
3262 5054 3383 5105 ani-

1875 5136 1994 5181 mw,
2030 5122 2081 5171 in
2113 5136 2218 5188 qua
2246 5128 2461 5188 propter
2486 5128 2757 5187 peccatum
2779 5134 2879 5170 non
2901 5120 3105 5171 habitat
3123 5118 3375 5174 Christus.

1875 5191 1944 5244 Et
1974 5192 2037 5242 de
2060 5189 2271 5242 Joanne
2300 5188 2720 5258 Baptista,quod
2757 5190 2895 5241 inter
2923 5198 3076 5242 natos
3100 5189 3383 5245 mulierum

1876 5260 2053 5315 nullus
2085 5276 2144 5312 eo
2170 5262 2237 5313 sit
2270 5260 2464 5329 major.

1874 5438 1914 5491 I.
1966 5436 2442 5503 Quemadmodum
2484 5434 2645 5505 olim}
2672 5437 2817 5490 Dcus
2865 5436 3113 5491 infensus
3177 5436 3381 5491 Judzris

1808 5529 2033 5583 tradidit
2061 5529 2371 5583 Jerusalem
2405 5529 2462 5582 in
2487 5529 2862 5598 spectaculum
2892 5529 3163 5593 hostibus,
3200 5538 3256 5582 et
3284 5529 3383 5582 do-

1808 5621 2002 5675 minati
2021 5630 2151 5675 sunt
2184 5620 2239 5675 in
2266 5635 2384 5686 eos,
2416 5621 2511 5690 qui
2542 5620 2773 5676 oderant
2806 5620 2949 5687 illos,
2976 5636 3078 5675 nec
3112 5630 3231 5675 erat
3262 5635 3385 5673 atu-

1806 5713 1953 5783 plius
2007 5712 2083 5768 ibi
2114 5712 2338 5780 festum,
2373 5728 2553 5783 neque
2590 5712 2797 5769 oblatio
2827 5729 2840 5766 :
2887 5712 2967 5769 sic
2993 5712 3158 5769 etiam
3206 5712 3382 5769 iratus
