3966 6506
588 352 689 419 ἾῙῙ

1839 351 1899 412 S.
1943 348 2265 410 MACARII
2304 349 2628 411 ZEGY'P'I‘II
3739 350 3825 414 ἨΞ

589 466 807 529 animm,
842 471 1067 533 propter
1118 460 1617 532 transgressionem
1648 459 1916 525 mandati,
1946 460 2168 515 tradidit

2276 462 2572 533 ὀργισθεὶς,
2595 463 2684 518 διά
2707 461 2805 535 τὴν
2827 479 2901 516 πα
2912 462 3141 533 ράϐασιν
3164 460 3265 533 τῆς
3286 463 3343 515 ἐν
3378 461 3528 533 ολῆς,
3544 462 3825 533 παρέδωκεν

588 571 709 611 eam
760 554 1036 619 hostibus,
1086 552 1432 607 daemonibus
1474 561 1530 605 et
1584 551 1977 606 affectionibus
2021 568 2034 604 :
2077 551 2171 621 qui

589 664 715 703 eum
733 648 815 703 sic
836 646 1186 702 seduxissent
1207 660 1351 709 eam,
1375 644 1599 715 penitus
1614 658 1735 698 eam
1756 642 2168 697 deformarunt:

588 754 693 795 nec
730 738 969 808 amplius
1006 736 1121 790 illic
1148 743 1266 790 erat
1294 734 1517 797 festum,
1547 749 1652 788 nec
1701 733 2013 799 incensum,
2064 748 2171 788 nec

584 832 794 887 oblatio
824 848 923 901 per
971 844 1094 884 eam
1151 830 1263 883 Deo
1290 827 1655 893 offerebatur,
1692 827 1917 897 repletis
1965 826 2019 881 in
2063 826 2171 882 viis

585 925 897 994 insignibus
926 922 1046 992 ejus
1077 921 1212 975 diris
1237 920 1367 975 feris
1388 961 1401 985 ,
1424 935 1489 974 ac
1550 919 1840 990 reptilibus
1881 919 2171 992 spiritibus

586 1016 642 1069 in
674 1031 736 1069 ea
765 1012 1194 1068 diversantibus.
1246 1012 1313 1066 Et
1344 1011 1812 1081 quemadmodum
1858 1011 2077 1076 domus,
2121 1011 2168 1066 si

584 1115 768 1163 careat
802 1106 1031 1159 domino
1078 1105 1450 1170 inhabitante,
1499 1105 1775 1169 tenebras,
1807 1105 2068 1175 probrum
2104 1121 2169 1161 ac

583 1198 977 1256 contumeliam
1023 1197 1226 1263 induit,
1258 1197 1648 1267 sordibusque
1695 1213 1759 1252 ac
1804 1208 2052 1253 stercore
2082 1214 2171 1253 re-

583 1297 798 1366 pletur;
832 1294 912 1348 sic
960 1308 1178 1363 quoque
1227 1293 1409 1347 anima
1438 1293 1702 1348 destituta
1763 1294 1998 1348 Domino
2044 1309 2165 1358 suo,

584 1403 710 1442 cum
763 1386 975 1455 angelis
1026 1386 1081 1439 in
1134 1401 1191 1440 se
1220 1385 1582 1453 tripudiante,
1632 1386 1876 1441 tenebris
1929 1386 2164 1456 peccati,

584 1480 933 1550 turpitudine
972 1477 1327 1533 afl‘ectionum
1358 1488 1528 1549 atque
1562 1478 1714 1533 omni
1743 1478 2044 1547 ignominia
2073 1495 2165 1535 re-

582 1574 791 1645 pletur.

652 1668 719 1723 ll.
751 1668 843 1723 Vae
868 1665 994 1730 viae,
1028 1664 1073 1719 si
1104 1679 1269 1719 nemo
1314 1663 1371 1719 in
1421 1678 1485 1719 ea
1533 1664 1810 1731 ambulet,
1841 1680 1945 1720 nec
1977 1664 2167 1720 audiat

582 1762 639 1816 in
682 1777 747 1816 ea
779 1774 969 1815 vocem
1014 1758 1289 1813 hominis!
1334 1756 1466 1826 quia
1498 1757 1908 1827 receptaculum
1939 1763 2026 1811 est
2069 1756 2167 1810 be-

2275 557 2448 626 αύτὴν
2480 558 2591 621 τοῖς
2620 555 2855 627 ἐχθροῖς,
2887 555 3108 626 δαίμοσί
3133 572 3192 608 τε
3225 554 3319 609 καὶ
3349 555 3568 608 πάθεσι·
3601 554 3695 607 καὶ
3714 557 3828 610 οὕτω

2275 647 2653 719 πλανήσαντες
2698 648 2903 717 αὐτὴν,
2955 648 3179 711 τελείως
3219 648 3516 718 ἠφάνισαν,
3556 648 3651 700 καὶ
3679 649 3829 703 οὐκέτι

2272 735 2341 810 ἦν
2383 740 2502 793 ἐκεῖ
2551 739 2675 794 οῦτε
2714 740 2897 811 ἐορτὴ,
2938 738 3064 793 οῦτε
3098 738 3379 810 θυμίαμα,
3414 739 3538 792 οῦτε
3577 742 3833 811 προσφορέ

2274 832 2339 886 δι’
2365 833 2536 901 αὐτῆς
2560 833 2639 905 τῷ
2662 832 2781 903 Θεῷ
2804 833 3269 905 ἀναπεμπομένη,
3293 833 3646 903 πλησθέντων
3670 835 3724 885 ἐν
3739 838 3833 898 ταῖς

2274 927 2413 991 ὁδοῖς
2443 927 2554 981 τῶν
2582 928 2981 998 γνωρισμάτων
3007 930 3176 997 αὐτῆς
3201 927 3407 999 θηρίων
3429 928 3643 990 δεινῶν,
3664 930 3749 981 καὶ
3766 931 3836 999 ἐρα

2274 1021 2457 1074 πετῶν
2503 1023 2832 1092 πνευμάτων
2879 1021 3148 1092 πονηρίας
3191 1025 3250 1075 ἐν
3284 1023 3419 1093 αὐτῇ
3455 1022 3835 1079 καταλυόντων.

2273 1114 2386 1168 Καὶ
2435 1113 2645 1185 ὥσπερ
2671 1110 2819 1177 οἶκος
2847 1154 2861 1177 ,
2918 1115 3012 1167 ἐάν
3064 1114 3139 1186 μὴ
3168 1114 3263 1186 ἔχῃ
3293 1114 3385 1167 τὸν
3413 1114 3687 1183 δεσπότην
3730 1133 3835 1167 κατ-

2272 1204 2529 1258 οικοῦντα
2554 1246 2567 1270 ,
2624 1204 2835 1267 σκότος,
2876 1204 2973 1257 καὶ
3003 1204 3251 1274 ἀτιμίαν,
3285 1205 3380 1258 καὶ
3411 1203 3569 1275 ὓϐριν
3593 1203 3834 1257 ἐνδύεται.

2273 1300 2367 1353 καὶ
2411 1298 2685 1370 ρυπαρίας
2732 1300 2827 1353 καὶ
2860 1299 3108 1370 κοπριῶν
3135 1298 3555 1369 ἐμπέπλησταισ
3593 1297 3738 1350 οῦτω
3762 1300 3838 1350 καὶ

2270 1391 2418 1461 ψυχὴ
2469 1392 2503 1460 ἡ
2555 1392 2631 1461 μὴ
2680 1390 2879 1461 ἔχουσα
2924 1391 3018 1444 τὸν
3054 1390 3335 1459 Δεσπότην
3373 1388 3546 1458 αὐτῆς
3589 1388 3838 1458 μετὰτῶν

2271 1482 2521 1550 ἀγγέλων
2552 1484 2610 1535 ἐν
2637 1483 2801 1553 ἑαυτῇ
2829 1482 3151 1554 χορεύοντα,
3183 1481 3406 1545 σκότους
3431 1480 3733 1550 ἁμαρτίας,
3765 1484 3839 1534 καὶ

2273 1572 2533 1643 αίσχύνης
2562 1573 2771 1636 παθῶν,
2808 1573 2903 1626 καὶ
2933 1572 3115 1643 πάσης
3146 1572 3371 1642 ἀτιμίας
3404 1570 3803 1641 ἐμπίμπλαται.

2344 1666 2418 1719 B'.
2458 1666 2594 1719 Ούαὶ
2622 1665 2747 1736 ὁδῷ,
2781 1665 2878 1719 ἐὰν
2912 1665 3101 1734 μηδεὶς
3135 1667 3192 1719 ἐν
3218 1664 3357 1735 αὐτῇ
3389 1666 3701 1734 περιπατῇ.
3727 1668 3839 1735 μήτε

2272 1756 2448 1831 ἀκούῃ
2480 1760 2537 1810 ἐν
2567 1758 2704 1829 αὐτῇ
2738 1757 2920 1827 φωνῆς
2950 1755 3241 1826 ἀνθρώπου
3272 1757 3284 1809 !
3347 1758 3429 1810 ὅτι
3466 1755 3840 1824 καταλυτήμσν

582 1854 835 1908 stiarum.
878 1852 970 1907 Va:
1006 1850 1225 1915 animae,
1254 1850 1299 1903 si
1336 1864 1449 1903 non
1499 1848 1744 1903 ambulet
1796 1849 1852 1902 in
1885 1864 1949 1902 ea
1978 1848 2165 1903 Domi-

2276 1819 2478 1920 θηρίων
2526 1819 2808 1919 τυγχάνει.
2868 1819 3007 1902 ὸὺαὶ
3054 1819 3232 1918 φυχῇ,
3268 1847 3471 1901 ὁπόταν
3507 1847 3582 1917 μὴ
3615 1819 3770 1917 ὁδεύή
3796 1850 3841 1899 ἐν

581 1963 710 2011 nus,
734 1955 903 2015 atque
940 1960 1075 2000 voce
1111 1959 1211 1998 sua
1255 1942 1408 2012 fuget
1431 1958 1499 1997 ex
1523 1958 1587 1996 ea
1622 1940 1941 2010 spirituales
1971 1941 2167 2010 nequi-

582 2042 672 2096 tiae
704 2039 941 2095 bestias!
975 2038 1068 2092 Va:
1102 2035 1315 2100 domui,
1350 2034 1396 2089 si
1438 2049 1547 2088 non
1578 2034 1839 2088 dominus
1862 2048 1983 2088 eam
2008 2032 2166 2087 inha-

581 2132 751 2190 bitet!
776 2132 865 2186 Va:
890 2146 1069 2193 terraz,
1096 2128 1251 2199 ιιι
1279 2128 1324 2183 si
1348 2126 1609 2193 caruerit,
1630 2127 1723 2195 qui
1747 2133 2003 2181 exerceat
2021 2140 2162 2189 eam,

582 2223 818 2278 colono!
858 2222 948 2277 Va:
978 2222 1127 2285 navi,
1164 2222 1209 2275 si
1243 2220 1579 2275 destituatur
1596 2219 1993 2289 gubernatore,
2022 2232 2165 2287 quo-

583 2316 733 2371 niam
782 2314 1046 2369 fluctibus
1077 2321 1134 2367 et
1178 2321 1502 2383 tempestate
1546 2311 1714 2365 maris
1750 2310 1950 2381 iactata
1991 2309 2162 2379 perit!

588 2409 677 2463 Va:
705 2408 923 2472 animm,
952 2421 1078 2460 enm
1117 2419 1309 2459 verum
1337 2404 1763 2475 gubernatorem
1796 2401 2078 2457 Christum
2110 2402 2165 2456 in

582 2516 641 2555 se
672 2514 785 2553 non
820 2497 1109 2552 habuerit!
1141 2495 1402 2566 quoniam
1458 2495 1514 2548 in
1566 2496 1767 2549 acerbo
1808 2492 2165 2547 tenebrarum

584 2593 721 2647 mari
742 2591 968 2662 degens,
1003 2598 1060 2644 et
1096 2588 1355 2644 fluetibus
1386 2586 1743 2641 aﬂ‘ectionum
1779 2593 2059 2656 quassata,
2086 2596 2169 2640 at-

582 2699 691 2753 que
721 2698 751 2737 a
776 2681 1064 2753 spiritibus
1097 2694 1357 2749 nequam.
1382 2678 1535 2732 velut
1584 2676 1806 2731 hiemali
1838 2686 2168 2748 tempestate

577 2778 802 2848 iactata,
839 2773 1062 2830 tandem
1084 2772 1370 2827 interitum
1404 2770 1789 2839 consequitur.
1813 2770 1904 2825 Vae
1945 2770 2164 2835 animaa,

583 2870 629 2927 si
671 2869 934 2934 caruerit,
985 2867 1081 2938 qui
1129 2865 1349 2921 excolat
1380 2863 1527 2918 illam
1560 2863 1877 2934 diligenter,
1920 2862 2164 2929 Christo,

583 2969 645 3016 ut
676 2961 853 3015 bonos
880 2958 1096 3013 fructus
1124 2956 1367 3027 Spiritus
1394 2954 1702 3025 producere
1745 2954 1954 3025 possit!
2001 2954 2157 3025 quia,

584 3069 712 3110 cum
738 3055 814 3109 sit
864 3053 1107 3114 deserta,
1150 3049 1326 3121 spinis
1350 3064 1415 3103 ac
1452 3048 1672 3103 tribulis
1711 3048 1894 3118 plena,
1942 3047 2167 3102 tandem

582 3150 932 3205 exustionem
971 3147 1113 3218 ignis
1141 3162 1242 3217 pro
1272 3146 1454 3200 fructu
1485 3142 1744 3215 producit
1774 3159 1839 3198 ac
1880 3144 2168 3214 consequi-
2195 3177 2238 3238 ο

584 3252 698 3297 tur.
740 3240 831 3295 Vm
853 3239 1072 3301 animat,
1122 3237 1168 3292 si
1209 3251 1321 3289 non
1354 3234 1619 3290 habuerit
1657 3234 1954 3289 Dominum
2000 3249 2160 3288 suum

582 3333 865 3389 Christum
894 3330 951 3384 in
979 3345 1039 3384 se
1074 3327 1446 3383 habitantem!
1482 3326 1633 3397 quia,
1656 3340 1782 3380 cum
1822 3326 1893 3380 sit
1922 3325 2160 3391 deserta,

584 3442 651 3482 ac
700 3424 875 3485 fetore
908 3421 1265 3478 affectionum
1291 3428 1517 3486 scatent,
1541 3418 1911 3474 diversorium
1950 3418 2167 3473 exsistit

584 3520 871 3576 vitiorum.

655 3703 743 3759 111.
780 3699 1254 3769 Quemadmodum
1296 3697 1444 3754 enim
1486 3697 1764 3762 colonum,
1811 3696 1856 3751 si
1900 3695 2150 3767 accingat

585 3814 641 3853 se
666 3796 732 3851 ad
751 3795 1107 3851 excolendam
1130 3806 1352 3858 terram,
1373 3798 1592 3861 oportet
1618 3790 1983 3845 instrumenta
2005 3797 2169 3859 atque

587 3887 913 3943 indumenta
955 3884 1022 3939 ad
1071 3883 1345 3938 culturam
1394 3880 1753 3937 accommoda
1793 3894 2061 3934 sumere:
2094 3880 2169 3932 ita

585 3981 859 4043 Christus,
904 3994 999 4032 rex
1046 3977 1139 4031 ille
1186 3974 1425 4031 cmlestis
1459 3988 1525 4028 ac
1557 3988 1725 4029 verus
1765 3973 2025 4043 agricola,
2066 3988 2166 4027 ve-

586 4075 746 4129 niens
792 4072 859 4126 ad
893 4070 1194 4125 desolatam
1237 4082 1334 4138 per
1375 4066 1569 4122 vitium
1616 4065 2038 4131 humanitatem,
2085 4080 2173 4119 as-

588 4173 808 4235 sumpto
852 4177 1106 4232 corpore,
1145 4176 1209 4215 ac
1259 4175 1358 4230 pro
1386 4159 1755 4214 instrumento
1790 4172 2011 4212 crucem
2037 4171 2173 4227 por-

590 4254 780 4321 tando,
801 4252 1041 4308 excoluit
1070 4249 1308 4303 animam
1330 4247 1626 4310 desertam,
1647 4254 1703 4300 et
1724 4261 1789 4299 ex
1808 4261 1873 4300 ea
1897 4244 2173 4314 decerpsit

591 4346 779 4418 spinas
826 4352 881 4399 et
935 4342 1170 4397 tribulos
1225 4354 1518 4411 pravorum
1568 4338 1885 4407 spirituum,
1940 4346 1997 4392 et
2044 4337 2172 4391 lolia

589 4438 803 4511 peccati
857 4435 1098 4499 evulsit,
1144 4444 1310 4501 atque
1352 4446 1514 4486 omne
1578 4430 1766 4485 fenum
1821 4437 2172 4500 peccatorum

2270 1942 2408 2012 αὐτῇ
2442 1943 2471 1995 6
2496 1940 2701 2012 Κύριος
2721 1982 2736 2007 ,
2792 1941 2887 1994 καὶ
2916 1944 2981 2011 τῇ
3014 1943 3167 2012 φωνῇ
3194 1940 3360 1994 αὐτοῦ
3395 1939 3574 2010 φεύγῃ
3608 1938 3677 2005 ἐξ
3699 1941 3842 2009 αὐτῆς

2268 2034 2339 2088 τὰ
2389 2034 2737 2104 πνευματικὰ
2792 2033 2895 2102 τῆς
2939 2033 3207 2104 πονηρίας
3254 2032 3421 2104 θηρία
3456 2033 3646 2086 Ῑυύαὶ
3686 2033 3842 2103 οἰκὲᾳ,

2269 2127 2430 2181 ὁπότε
2461 2130 2489 2181 6
2511 2127 2777 2199 δεσπότης
2808 2127 2908 2179 οὐκ
2934 2128 3076 2180 οἰκεῖ
3105 2127 3162 2180 ἐν
3188 2126 3324 2197 αὐτῇ
3359 2128 3371 2180 !
3412 2126 3549 2181 Οὐαὶ
3582 2126 3843 2197 τῇ,όῄ

2273 2221 2350 2290 μὴ
2398 2219 2513 2289 ἔχει
2582 2219 2673 2273 τὸν
2734 2220 3104 2291 ἐργαζόμενον
3158 2220 3333 2288 αὐτὴν
3378 2220 3639 2291 γεωργόν
3677 2222 3691 2273 ι
3731 2218 3845 2272 Οῦσὶ

2270 2309 2462 2380 πλοίῳ,
2494 2310 2696 2361 ὁπόταν
2732 2308 2808 2379 μὴ
2840 2306 2939 2380 ἔχῃ
2965 2306 3057 2362 τὸν
3083 2307 3466 2379 κυϐερνήτην,
3502 2309 3586 2362 ὅτι
3624 2309 3735 2363 ἀπὸ
3755 2308 3845 2361 τῶν

2269 2402 2529 2471 κυμάτων
2585 2401 2679 2455 καὶ
2723 2399 2820 2454 τοῦ
2869 2401 3031 2454 σάλου
3079 2401 3181 2470 τῆς
3223 2400 3505 2472 θαλάσσης
3555 2402 3845 2472 φερόμενον

2269 2492 2594 2549 ἀπόλλυται.
2647 2492 2786 2545 Οὐαὶ
2812 2491 2983 2562 ψυχῇ.
3016 2492 3221 2546 ὁπόταν
3259 2491 3335 2561 μὴ
3359 2491 3457 2563 ἔχῃ
3488 2492 3580 2545 τὸν
3612 2490 3845 2560 ἀληθινόν

2271 2584 2614 2656 κυϐερνήτην
2662 2584 2897 2653 Χριστὸν
2951 2586 3009 2636 ἐν
3057 2582 3197 2654 αὐτῇ
3252 2585 3264 2637 !
3302 2583 3383 2637 ὅτι
3419 2584 3477 2635 ἐν
3513 2584 3579 2654 τῇ
3620 2581 3845 2652 θαλάσσῃ

2269 2675 2367 2745 τῆς
2404 2674 2627 2745 πικρίας
2672 2672 2768 2728 τοῦ
2808 2673 3035 2737 σκότους
3073 2674 3448 2743 τυγχάνουσα,
3490 2673 3593 2726 καὶ
3634 2674 3741 2727 ὑπὸ
3767 2673 3845 2725 τοῦ

2271 2766 2436 2821 σάλου
2488 2765 2599 2819 τῶν
2646 2764 2841 2820 παθῶν
2886 2766 3277 2836 κυματουμένη
3300 2805 3315 2830 ,
3352 2766 3446 2819 καὶ
3481 2765 3593 2818 ὑπὸ
3625 2766 3736 2819 τῶν
3763 2783 3846 2818 που

2270 2862 2453 2933 νηρῶν
2486 2860 2815 2931 πνευμάτων
2847 2860 3224 2931 χειμαζομένη
3246 2900 3261 2925 ,
3297 2860 3358 2913 τὺ
3388 2860 3546 2923 τέλος
3582 2861 3848 2915 ἀπώλειαν

2270 2955 2491 3009 κτᾶται.
2529 2953 2668 3008 Ούαὶ
2696 2952 2868 3024 ψυχῇ,
2904 2953 3108 3007 ὁπόταν
3144 2953 3220 3023 μὴ
3250 2952 3350 3026 ἔχῃ
3378 2952 3470 3006 τὸν
3496 2952 3850 3025 ἐργαζόμενον

2269 3047 2441 3119 αὐτὴν
2481 3047 2762 3116 ἐπιμελῶς
2800 3045 3056 3116 Χριστὸν,
3092 3045 3179 3098 ἵνα
3214 3046 3462 3117 καρποὺς
3491 3047 3744 3115 ἀγαθοὺς
3772 3047 3850 3101 τοῦ

2271 3140 2591 3211 Πνεύματος
2639 3140 2887 3208 ἐνεγκεῖν
2933 3138 3177 3209 δυηθῇί
3218 3140 3301 3193 ὅτι
3336 3138 3545 3210 ἕρημος
3579 3140 3741 3206 οὖσα,
3772 3141 3851 3194 καὶ

2268 3234 2523 3288 ἀκανθῶν
2550 3234 2645 3287 καὶ
2672 3232 2941 3304 τριϐόλων
2976 3232 3172 3306 μεστὴ,
3202 3231 3264 3284 τὸ
3285 3232 3440 3295 τέλος
3465 3231 3675 3285 καῦσιν
3702 3233 3852 3303 πυρὸς

2270 3327 2604 3397 καρποῦται.
2634 3326 2774 3380 Οὐαὶ
2799 3324 2969 3395 ψυχῇ,
2998 3323 3203 3378 ὁπόταν
3237 3323 3311 3395 μὴ
3339 3323 3440 3397 ἔχῃ
3467 3324 3564 3377 τὸν
3587 3325 3851 3392 Δεσπότην

2268 3410 2441 3489 αὐτῆς
2488 3419 2724 3489 Χριστὸν
2776 3418 2837 3472 ἐν
2883 3418 3049 3487 ἐαυτῇ
3080 3416 3440 3471 κατοικοῦντα
3491 3420 3507 3472 ι
3545 3419 3635 3471 ὅτι
3670 3418 3853 3489 ἔρημος

2269 3506 2405 3562 οὖσα
2438 3507 2532 3562 καὶ
2561 3508 2826 3571 δυσωδίας
2850 3507 3041 3563 παοῶν
3061 3507 3524 3579 ἐμπεπλησμένη,
3556 3508 3851 3579 mcum,-

2275 3616 2388 3672 ριον
2414 3599 2614 3663 κακίας
2643 3598 2925 3671 τυγχάνει.

2342 3693 2417 3748 1".
2438 3693 2651 3765 Ὠσπερ
2681 3693 2790 3764 γὰρ
2806 3695 2833 3746 ὁ
2850 3694 3095 3763 γεωργὸς
3128 3694 3267 3748 ἐπὰν
3289 3692 3595 3764 πορεύηται
3623 3693 3850 3764 ἐργάσι·

2275 3785 2398 3839 σθαι
2430 3785 2528 3857 τὴν
2554 3787 2678 3856 γῆν,
2709 3786 2830 3839 δέον
2862 3786 2930 3839 τά
2961 3786 3233 3857 ἐργαλεῖα
3269 3805 3363 3840 και
3389 3787 3575 3856 άμφια
3608 3787 3747 3858 7:96;
3770 3786 3853 3854 τὴν

2273 3877 2535 3949 ἐργασίαν
2565 3876 2886 3947 λαμϐάνειν,
2933 3876 3108 3941 οὕτως
3155 3878 3250 3930 καὶ
3290 3879 3319 3931 ὁ
3348 3878 3589 3949 Χριστὸς
3641 3877 3673 3929 6
3707 3877 3846 3947 βασιο

2272 3968 2399 4033 λεὺς
2427 3968 2455 4020 6
2484 3968 2805 4039 ἐπουράνιος
2838 3968 2931 4021 καὶ
2954 3968 3208 4040 ἀληθινὸς
3240 3968 3509 4040 γεωργὸς,
3535 3966 3720 4022 ἐλθὼν
3739 3966 3853 4035 πρὶς

2273 4060 2372 4133 τὴν
2405 4062 2785 4133 ἐρημωθεῖσαν
2823 4061 2926 4114 ύπὸ
2955 4062 3057 4131 τῆς
3088 4062 3288 4125 κακίας
3326 4060 3759 4132 ἁνθρωπότητα,
3789 4062 3854 4111 ὲν-

2274 4152 2577 4224 δυσάμενος
2614 4154 2674 4208 τὸ
2718 4153 2877 4223 σῶμα
2919 4154 3014 4207 καὶ
3060 4155 3136 4217 ὡς
3174 4154 3454 4225 ἐργαλεῖον
3489 4154 3584 4206 τὸν
3638 4153 3851 4220 σταυρὲρν

2277 4246 2576 4317 βαστάσας,
2612 4247 2905 4317 εἰργάσατο
2940 4248 3040 4316 τὴν
3071 4246 3276 4318 ἔρημον
3303 4245 3504 4317 ψυχὴν.
3544 4247 3647 4299 καὶ
3683 4247 3851 4299 ἔλαϐεν

2276 4337 2337 4403 ἐξ
2368 4339 2536 4411 αὐτῆς
2573 4338 2669 4403 τὰς
2712 4338 2957 4402 ἀκάνθας
2992 4339 3087 4393 καὶ
3128 4338 3414 4409 τριϐόλους
3452 4339 3566 4391 τῶν
3614 4338 3849 4409 πονηριῶν

2277 4430 2622 4501 πνευμάτων,
2670 4431 2765 4484 καὶ
2799 4431 2866 4484 τά
2902 4430 3117 4496 ζιζάνια
3148 4430 3246 4500 τῆς
3289 4430 3569 4501 ἁμαρτίας
3638 4430 3849 4495 ἐξέτιλε,

592 4533 718 4601 ejus
747 4528 859 4597 igni
885 4524 1190 4582 combussit
1224 4542 1237 4577 :
1274 4539 1514 4593 cumque
1547 4523 1627 4578 sic
1657 4522 1995 4578 exercuisset
2026 4522 2168 4575 illam

2280 4524 2377 4577 καὶ
2422 4524 2600 4577 πάντα
2630 4524 2823 4594 χόρτον
2870 4524 3285 4594 ἁμαρτημάτων
3319 4523 3494 4593 αὐτῆς
3564 4523 3707 4594 πυρὶ
3740 4539 3854 4576 κστ-

590 4626 743 4695 ligno
779 4616 1269 4691 crucis,plantavit
1301 4616 1357 4670 in
1389 4630 1453 4671 ea
1483 4614 1918 4686 pulcherrimum
1946 4613 2171 4667 hortum

594 4713 859 4786 Spiritus,
903 4710 1085 4765 omnis
1122 4706 1341 4780 generis
1382 4706 1769 4761 suavissimum
1815 4715 1871 4760 et
1930 4702 2175 4775 gratissi-

591 4821 742 4863 mum
770 4803 1009 4859 fructum
1035 4801 1146 4855 Deo
1176 4798 1328 4855 velut
1360 4796 1591 4852 Domino
1615 4796 2031 4867 producentem.

660 4988 750 5044 1V.
802 4986 871 5042 Et
908 4985 1053 5040 sicut
1102 4984 1157 5037 in
1185 4981 1441 5053 Egypto,
1479 4979 1680 5036 triduis
1706 4978 1953 5035 tenebris
1995 4977 2173 5043 factis,

589 5096 701 5136 non
730 5078 952 5134 videbat
995 5076 1142 5130 filius
1182 5083 1415 5145 patrem,
1444 5088 1545 5127 nec
1576 5071 1747 5127 frater
1784 5071 2033 5135 fratrem,
2074 5086 2177 5125 nec

591 5173 803 5227 amicus
840 5171 1117 5224 sincerum
1170 5182 1236 5222 ac
1280 5180 1601 5237 germanum
1636 5164 1897 5227 amicum,
1931 5164 2177 5218 tenebris

595 5262 984 5321 obvelantihus
1025 5276 1121 5316 eos
1177 5276 1191 5313 :
1247 5259 1328 5313 sic
1374 5264 1667 5329 postquam
1714 5254 1959 5311 Adamus
1993 5264 2177 5310 trans-

592 5371 814 5429 gressus
836 5362 920 5409 est
957 5351 1298 5416 mandatum,
1332 5358 1387 5404 et
1416 5366 1445 5403 a
1478 5348 1711 5420 pristina
1743 5346 1914 5418 gloria
1947 5347 2175 5410 excidit,

593 5465 657 5503 ac
691 5445 910 5517 spiritui
954 5444 1145 5498 mundi
1206 5442 1481 5497 obnoxius
1532 5453 1618 5497 est
1671 5441 1871 5507 factus,
1907 5440 2178 5495 velamine

592 5554 813 5608 quoque
841 5537 1192 5593 tenebrarum
1222 5535 1477 5589 veniente
1500 5533 1554 5588 in
1582 5533 1819 5588 animum
1842 5534 1980 5602 ejus,
2006 5531 2179 5601 ipsius

593 5630 777 5698 culpa,
826 5630 913 5684 vel
951 5643 1125 5699 usque
1162 5627 1228 5681 ad
1276 5636 1617 5697 postremum
1649 5625 1940 5690 Adamum,
1981 5639 2177 5694 nempe

595 5721 913 5787 Dominum,
954 5737 1067 5775 non
1095 5720 1321 5775 videbat
1364 5736 1561 5775 verum
1611 5721 1831 5776 Patrem
1873 5720 2174 5785 cmlestem,

597 5813 801 5869 bonam
849 5828 912 5868 ac
961 5814 1255 5885 benignam
1306 5823 1559 5883 matrem,
1605 5814 1835 5886 gratiam
1898 5812 2174 5884 Spiritus;

2274 4616 2503 4671 ἐκαοσεο
2545 4619 2639 4671 καὶ
2669 4616 2842 4681 οὓτως
2874 4618 3249 4689 ἐργασάμενος
3285 4618 3458 4686 αὐτὴν
3487 4617 3572 4687 τῷ
3601 4618 3747 4687 ξύλῳ
3773 4614 3847 4667 tu]

2275 4707 2531 4780 σταυροῦ,
2555 4710 2852 4778 ἐφύτευσεν
2879 4711 2936 4763 ἐν
2966 4710 3103 4780 αύτῇ
3129 4710 3219 4763 τὸν
3244 4710 3658 4778 παγκάλλιστον
3688 4713 3850 4779 παρα-

2273 4798 2451 4852 δεισον
2482 4799 2576 4853 τοῦ
2616 4799 2960 4871 Πνεύματος,
2994 4802 3172 4856 πάντα
3202 4800 3417 4873 καρπὸν
3445 4802 3585 4873 ἡδὺν
3622 4803 3722 4856 καὶ
3748 4804 3849 4853 ἑπι-

2276 4890 2516 4962 Ουμητὸν
2547 4893 2783 4964 φέροντα
2808 4893 2883 4956 ὡς
2922 4894 3171 4967 Δεσπότῃ
3203 4894 3344 4966 Θεῷ.

2346 4986 2419 5038 Δ’.
2476 4985 2585 5038 Καὶ
2618 4984 2810 5055 ὥσπερ
2854 4987 2912 5039 ἐν
2956 4987 3219 5056 Αἰγύπτῳ
3274 4988 3587 5060 τριημέρου
3648 4988 3851 5045 σκότοιις

2275 5078 2590 5148 γενομένου,
2620 5080 2721 5133 οὐκ
2769 5078 2996 5132 ἔϐλεπεν
3030 5079 3144 5143 υίὸς
3181 5079 3420 5151 πατέρα,
3465 5080 3593 5133 οὗτε
3643 5078 3850 5147 sesua;

2275 5169 2523 5239 ἀδελφὸν,
2552 5168 2676 5223 οὔτε
2716 5170 2871 5238 φίλος
2907 5170 3133 5240 γνήσιον
3162 5172 3347 5239 φίλον,
3382 5171 3479 5224 τοῦ
3516 5172 3746 5234 σκότους
3772 5188 3854 5222 κι-

2276 5261 2542 5333 λύψαντος
2576 5262 2775 5326 αύτούς
2796 5279 2811 5294 ο
2845 5262 2987 5315 οὕτω
3028 5263 3123 5315 τοῦ
3180 5264 3351 5334 ’Λδὰμ
3391 5264 3747 5335 παραϐάντος
3769 5265 3852 5327 τὴν

2278 5353 2518 5423 ἐντολὴν,
2551 5354 2644 5407 καὶ
2680 5355 2938 5418 πεσόντος
2972 5354 3080 5408 ἀπδ
3117 5354 3219 5424 τῆς
3257 5355 3535 5426 προτέρας
3563 5354 3747 5423 δόξης,
3774 5355 3853 5406 καὶ

2279 5447 2384 5501 ύπὸ
2420 5448 2481 5500 τὸ
2517 5447 2739 5517 πνεῦμα
2767 5447 2860 5501 τοῦ
2894 5449 3099 5518 κόσμου
3142 5448 3451 5516 γεγονότος,
3493 5449 3586 5500 καὶ
3628 5446 3726 5501 τοῦ
3765 5463 3851 5497 κα-

2278 5539 2568 5609 λύμματος
2610 5540 2707 5594 τοῦ
2749 5542 2975 5604 σκότους
3017 5540 3263 5603 ἐλθόντος
3305 5543 3362 5594 ἐν
3404 5543 3472 5611 τῇ
3518 5540 3668 5611 ψυχῇ
3701 5537 3849 5592 αὐτοῦ

2280 5631 2374 5685 ἀπ’
2402 5631 2589 5698 αὐτοῦ,
2616 5633 2711 5685 καὶ
2739 5632 2903 5704 μέχρι
2928 5633 3020 5687 τοῦ
3049 5633 3279 5703 ἐσχάτου
3312 5633 3486 5703 Ἀδὰμ
3508 5632 3601 5685 τοῦ
3634 5630 3848 5700 Κυρξον.

2279 5724 2379 5779 οὐκ
2405 5723 2600 5778 ἔϐλεπε
2633 5725 2726 5779 τὸν
2745 5724 2996 5795 ἀληθινὸν
3024 5726 3245 5797 Πατέρα
3273 5727 3366 5779 τὸν
3393 5726 3736 5797 ἐπουράνιον,
3767 5721 3853 5773 καὶ

2279 5816 2376 5889 τὴν
2403 5816 2614 5890 ἀγαθὴν
2641 5817 2735 5871 καὶ
2753 5818 2997 5891 χρηστὴν
3026 5818 3240 5893 μητέρα
3267 5819 3367 5892 τὴν
3391 5821 3550 5893 χάριν
3572 5819 3669 5874 τοῦ
3692 5812 3851 5871 Πνεῦ-
