3966 6534
164 350 279 418 713
1311 349 1687 416 HOMILm.
1712 380 1784 394 -
1815 330 2315 417 Houxxvm.’
3338 351 3447 419 7n

169 484 365 538 ματος,
398 464 495 520 καὶ
531 464 627 520 τὸν
655 463 861 535 γλυκὺν
893 464 989 521 καὶ
1027 460 1364 535 ποθούμενον
1406 466 1637 536 ἀδελφὺν
1663 466 1735 520 τδε

1877 467 2075 523 lulcem
2109 483 2175 523 ac
2204 464 2579 522 desideratura
2606 464 2855 532 fratrem,
2884 465 3209 533 Dominum;
3234 466 3443 525 amicos

166 561 411 630 Κύριον,
474 558 572 612 καὶ
605 559 732 623 τοὺς
782 557 971 627 φίλους
1030 558 1124 612 καὶ
1171 560 1433 631 γνησίους
1483 560 1732 629 ἀγγέλους

1879 570 1915 616 :t
1942 576 2253 631 germanos,
2282 568 2502 616 sanctos
2531 561 2775 632 angelos,
2803 559 3135 630 quibuscum
3169 560 3445 632 gaudebat

162 653 381 725 ἁγίους,
416 652 535 724 μεθ’
578 645 656 708 ὧν
697 651 885 723 ἔχαιρε
929 651 1173 723 χορεύων
1219 653 1315 707 καὶ
1351 653 1645 724 ἑορτάζων.
1677 655 1728 709 Οι

1878 652 2170 722 ι’ἰριιάἱοηε
2217 660 2274 706 et
2320 651 2458 707 festa
2501 653 2810 708 celebrans.
2854 651 2975 707 Non
3041 652 3217 706 solum
3258 663 3444 709 autem

169 748 335 816 μόνον
360 746 418 799 δὲ
447 746 553 810 ἕως
576 743 671 799 τοῦ
703 746 935 815 ἐσχάτου
969 744 1164 817 Ἀδὰμ,
1191 745 1306 799 ἀλλ’
1328 745 1408 798 ἔτι
1425 746 1520 799 καὶ
1550 744 1647 800 νῦν
1670 748 1735 815 ἐφ

1877 758 2036 813 isque
2066 743 2133 797 ad
2176 751 2519 813 postremum
2548 741 2853 808 Adamum,
2890 742 2986 798 sed
3021 742 3323 798 etiamnum
3363 743 3443 808 hi,

162 838 265 902 οὓς
304 839 406 892 οὐκ
435 837 711 891 ἀνέτειλεν
742 837 773 890 ὁ
802 836 954 909 ἥλιος
984 836 1085 907 τῆς
1114 836 1465 909 δικαιοσύνης
1498 837 1728 909 Χριστὸς

1886 834 2070 905 [uibus
2112 851 2225 889 non
2259 844 2345 890 est
2380 843 2607 891 exortus
2637 835 2716 890 sol
2745 835 2973 907 iustitiae
3000 834 3275 900 Christus,
3308 850 3452 905 quo-

165 932 267 984 καὶ
303 923 380 985 ὧν
405 931 506 984 οὐκ
544 930 843 1002 ἠνοίγησαν
888 931 938 983 oi
969 930 1071 999 τῆς
1110 929 1288 1001 ψυχῆς
1324 930 1618 1001 ὀφθαλμοὶ,
1647 931 1731 986 ἀπὶ

1883 941 2097 997 'umque
2130 927 2275 981 oculi
2321 928 2517 982 animae
2550 943 2663 982 non
2706 936 2838 982 sunt
2880 927 3079 997 aperti,
3133 943 3164 982 a
3197 942 3332 982 vero
3364 926 3449 981 lu-

162 1022 266 1076 τοῦ
298 1020 554 1093 ἀληθινοῦ
583 1021 763 1091 φωτὸς
785 1020 1169 1090 φωτισθέντες,
1195 1021 1301 1075 ὑπὸ
1321 1022 1381 1075 τὸ
1413 1022 1545 1077 αὐτὸ
1566 1022 1728 1077 σκότο

1882 1021 2011 1076 nine
2045 1020 2336 1074 illuminati
2392 1020 2496 1075 sub
2528 1019 2723 1074 iisdem
2750 1020 2935 1075 adhuc
2969 1020 3180 1075 haerent
3206 1019 3448 1074 tenebris

164 1115 270 1184 τῆς
302 1113 582 1185 ἁμαρτίας
600 1114 684 1167 ἔτι
708 1114 1061 1184 τυγχάνουσι,
1097 1113 1197 1185 τὴν
1225 1113 1395 1186 αὐτὴν
1414 1113 1523 1168 τῶν
1553 1114 1728 1185 ήδονῶ

1882 1111 2097 1177 teccati,
2120 1111 2313 1167 eadem
2336 1112 2681 1181 voluptatum
2702 1120 2898 1181 agente
2928 1112 2978 1165 vi
3004 1111 3242 1181 praediti,
3266 1110 3448 1166 eidem

164 1205 458 1276 ἐνέργειαν
480 1204 719 1274 ἔχοντες,
751 1208 820 1276 τῇ
848 1206 988 1276 αὐτῇ
1015 1206 1081 1275 τῇ
1110 1205 1354 1277 τιμωρίᾳ
1378 1204 1730 1275 ὑποκείμενοι

1884 1204 2135 1275 ιυρριὶοἰο
2158 1203 2417 1275 subjecti,
2448 1203 2660 1267 oculos,
2683 1202 2776 1273 qui
2803 1204 3019 1259 Patrem
3043 1204 3287 1270 videant,
3312 1218 3450 1259 non-

166 1297 483 1369 ὀφθαλμοὺς
522 1298 820 1369 βλέποντας
844 1297 937 1351 τδν
966 1298 1193 1369 Πατέρα
1222 1297 1450 1368 μηδέπω
1478 1296 1715 1367 ἔχοντες.

773 1314 820 1362 ις
844 1297 937 1351 τδν
966 1298 1193 1369 Πατέρα
1222 1297 1450 1368 μηδέπω
1478 1296 1715 1367 ἔχοντες.
1865 1297 1997 1353 dum
2029 1296 2339 1353 consecuti.

247 1389 328 1445 E'.
365 1390 537 1445 Τοῦτο
558 1393 668 1461 γὰρ
698 1390 905 1459 ὀφείλει
929 1391 1220 1459 γινώσκειν
1242 1391 1495 1456 ἕκαστος,
1515 1391 1597 1444 ὅτι
1620 1388 1759 1443 εἰσὶν

1931 1390 1997 1446 ν.
2033 1389 2150 1446 Hoc
2180 1390 2330 1445 enim
2362 1388 2600 1460 quilibet
2629 1395 2985 1459 perspectum
3018 1388 3226 1443 habere
3261 1389 3446 1454 debet,

165 1482 449 1553 ὀφθαλμοὶ⁵
507 1483 775 1554 ὲνδότεροι
836 1482 1134 1553 ὀφθαλμῶν
1184 1482 1412 1547 τούτων,
1465 1483 1559 1536 καὶ
1612 1482 1727 1536 ἔστι

1885 1497 1982 1539 :sse
2019 1484 2211 1539 oculos
2236 1483 2541 1539 'interiores
2565 1483 2761 1538 horum
2789 1482 3095 1546 oculorum,
3130 1490 3186 1536 et
3216 1482 3451 1537 interio-

168 1577 317 1648 ἀκοὴ
363 1576 616 1648 ὲνδοτέρα
656 1576 755 1645 τῆς
787 1577 958 1647 ἀκοῆς
984 1575 1211 1645 ταύτης.
1260 1575 1369 1627 Καὶ
1397 1573 1586 1645 ῶσπερ
1615 1566 1734 1628 οὗτο

1883 1593 1977 1633 'em
2008 1577 2260 1632 auditum
2307 1577 2473 1648 hujus
2502 1576 2749 1631 auditus.
2792 1576 2863 1631 Et
2892 1575 3356 1646 quemadmodum
3392 1575 3449 1629 hi

168 1670 224 1719 οἱ
253 1667 525 1737 ὀφθαλμοὶ⁵
554 1666 833 1737 αἰσθητῶς
885 1666 1145 1737 βλέπουσι
1196 1669 1291 1719 καὶ
1332 1666 1654 1719 κατανοοῦσι
1701 1685 1731 1721 τ

1885 1670 2007 1725 tculi
2036 1670 2375 1726 sensibiliter
2405 1670 2764 1741 conspiciunt
2803 1686 2867 1725 ac
2891 1678 3230 1740 cognoscunt
3256 1669 3451 1723 faciem

172 1759 473 1830 πρόσωπον
496 1757 591 1812 τοῦ
624 1759 807 1828 φίλου,
836 1757 868 1829 ᾗ
908 1756 1004 1811 τοῦ
1035 1755 1347 1828 ἀγαπητοῦ,
1377 1756 1550 1821 οὕτως
1589 1757 1683 1811 καὶ
1711 1774 1738 1810 ο

1886 1759 2029 1814 ιηιίοὶ
2076 1770 2172 1815 aut
2206 1759 2397 1815 dilecti
2448 1778 2461 1813 :
2520 1759 2601 1815 sic
2630 1775 2851 1829 quoque
2884 1760 3141 1829 pretiosa:
3170 1775 3233 1813 ac
3276 1758 3452 1814 ﬁdelis

171 1828 280 1924 τῆς
313 1853 469 1920 ἀξίας
502 1853 596 1905 καὶ
624 1852 821 1921 πιστῆς
845 1828 1036 1921 Ϋψυχῆς
1071 1849 1341 1921 ὀφθαλμοὶ
1375 1849 1737 1919 πνευματικῶ

1879 1851 2063 1907 mimae
2093 1853 2239 1908 oculi
2271 1854 2634 1924 spiritualiter
2670 1853 2964 1908 illuminati
2993 1853 3183 1908 divino
3212 1852 3445 1916 lumine,

173 1946 543 2013 φωτισθέντες
576 1945 719 2014 φωτὶ
752 1944 943 2015 θεῖκῷ,
974 1943 1234 2014 βλέπουσι
1284 1943 1380 1996 καὶ
1432 1942 1737 1997 κατανοοῦσ

1889 1952 2157 2001 ntuentur
2194 1961 2259 2001 ae
2293 1954 2635 2017 cognoscunt
2671 1962 2866 2001 verum
2893 1946 3156 2010 amicum,
3185 1944 3455 2000 suavissi—

172 2038 272 2091 τὸν
303 2037 554 2108 ἀληθινὸν
594 2037 768 2107 φίλον,
807 2036 904 2091 καὶ
936 2035 1294 2104 γλυκύτατον,
1326 2036 1423 2088 καί⁵
1457 2035 1735 2104 πολυπόθη

1890 2058 2040 2109 num,
2069 2040 2375 2110 multisque
2409 2040 2555 2093 votis
2582 2038 2955 2095 desideratum
2984 2055 3247 2109 sponsum
3273 2036 3456 2093 Domi-

171 2147 273 2184 τον
300 2130 534 2200 νυμφίον
555 2128 647 2183 τὸν
676 2128 901 2198 Κύριον,
929 2126 1434 2198 καταλαμπομένης
1457 2126 1558 2197 τῆς
1585 2124 1737 2196 ψυχῆ

1888 2152 2021 2201 ιυω,
2048 2146 2106 2191 et
2140 2133 2367 2204 quidem
2414 2131 2723 2187 illuminata
2772 2131 2952 2185 anima
2993 2147 3023 2185 a
3072 2130 3284 2200 Spiritu
3319 2130 3454 2185 ado-

170 2220 286 2277 ὑπδ
315 2220 409 2273 τοῦ
460 2219 841 2292 προσκυνητοῦ
892 2219 1243 2290 Πνεύματος⁹
1295 2220 1393 2273 καὶ
1441 2219 1589 2274 οὕτω
1638 2219 1731 2290 βλέ

1892 2228 2066 2283 ὀηάο.
2098 2224 2233 2293 Quae
2264 2225 2347 2279 sic
2377 2223 2664 2279 intellectu
2700 2223 3048 2293 conspiciens
3077 2222 3454 2277 desideratam

170 2330 361 2367 πουσα
384 2314 587 2384 νοερῶς
622 2313 683 2366 τὸ
713 2312 1050 2385 ἐπιθυμητὸν
1075 2313 1171 2366 καὶ
1204 2312 1366 2384 μόνον
1396 2313 1736 2384 ἀνεκλάλητοε

1893 2335 1931 2376 .c
1958 2320 2129 2375 solam
2161 2315 2581 2372 inenarrabilem
2607 2314 3100 2384 pulchritudinem,
3144 2329 3329 2368 amore
3374 2314 3459 2368 di-

171 2404 377 2469 κάλλος
404 2406 485 2469 είς
525 2404 884 2475 ἔρωτανθεῖον
910 2402 1301 2476 τιτρώσκεται,
1330 2406 1425 2460 καὶ
1458 2408 1539 2471 είς
1583 2406 1737 2461 πάσαι

1889 2410 1996 2465 Vino
2024 2407 2327 2472 sauciatur,
2377 2414 2544 2475 atque
2590 2406 2659 2461 ad
2705 2420 2898 2459 omnes
2932 2404 3169 2459 virtutes
3214 2403 3455 2474 Spiritus

170 2499 385 2569 ἀρετὰς
406 2497 500 2551 τοῦ
522 2498 663 2551 Πνεύ
673 2514 840 2568 ματος
866 2497 1276 2563 κατευθύνεται,
1302 2498 1396 2552 καὶ
1421 2497 1593 2562 οὕτως
1612 2498 1736 2570 ἀόρι

1888 2498 2147 2571 Iirigitur,
2195 2504 2362 2567 atque
2408 2494 2552 2551 adeo
2619 2495 2946 2550 immensam
3010 2502 3068 2549 et
3129 2504 3454 2565 perpetuam

170 2606 307 2643 στον
330 2591 425 2643 καὶ
450 2589 805 2643 ἀνέκλειπτον
834 2590 1097 2660 κέκτηται
1124 2590 1367 2660 ἀγάπην,
1396 2590 1533 2661 πρὸς
1559 2590 1649 2643 τὸν
1671 2590 1736 2642 ὑπ

1889 2591 2227 2661 :onsequitur
2260 2589 2642 2654 dilectionem,
2686 2604 2816 2660 erga
2847 2587 3055 2659 saepius
3081 2603 3111 2642 a
3149 2604 3208 2643 se
3236 2588 3455 2644 deside—

171 2682 355 2753 αύτῆς
388 2680 722 2752 ποθούμενον
766 2680 992 2753 Κύριον.
1034 2680 1100 2734 Τί
1128 2679 1309 2735 τοίνυν
1350 2679 1737 2751 μακαριώτερο

1891 2689 2050 2735 ὀιιιω
2086 2694 2375 2750 sponsum.
2421 2678 2566 2746 Quid
2609 2678 2777 2749 igitur
2814 2678 3031 2733 beatius
3066 2690 3272 2733 aeterna
3318 2694 3457 2734 voce

171 2775 276 2841 τῆς
303 2771 476 2826 ἀϊδίου
511 2772 695 2842 φωνῆς
724 2773 941 2842 ἐκείνης
980 2772 1255 2837 Ἰωάννου,
1296 2772 1634 2838 δεικνύοντος
1661 2790 1737 2844 πρ

1890 2772 1962 2828 lla
2005 2771 2258 2837 Joannis,
2293 2770 2652 2826 monstrantis
2689 2769 2761 2824 ob
2800 2770 2994 2826 ocuios
3038 2770 3358 2835 Dominum,
3391 2785 3456 2825 ac

171 2860 475 2933 ὀφθαλμῶν
502 2861 594 2914 τὸν
634 2861 859 2932 Κύριον,
890 2862 1163 2931 λέγοντος,
1199 2862 1322 2918 Ἴδε
1368 2866 1401 2918 ό
1424 2863 1617 2932 ἀμνὸς
1658 2870 1737 2919 τοι

1893 2864 2105 2920 licentis
2180 2880 2194 2919 :
2260 2862 2395 2919 Ecce
2453 2878 2623 2934 agnus
2688 2859 2822 2929 Dei,
2890 2861 2983 2932 qui
3041 2861 3180 2916 tollit
3238 2871 3459 2932 peccata

173 2953 353 3017 Θεοῦ,
386 2956 419 3007 ὁ
450 2953 634 3021 αἴρων
664 2954 779 3025 τὴν
816 2954 1111 3024 ἁμαρτίαν
1136 2955 1242 3010 τοῦ
1270 2957 1504 3026 κόσμου
1538 2973 1558 3021 ;
1872 2957 2056 3011 mundi
2084 2955 2171 3009 9'?

252 3044 345 3113 (τ’.
364 3044 623 3115 Ἀληθῶς,
653 3047 749 3101 Ἐν
768 3046 1077 3116 γεννητοῖς
1105 3047 1406 3117 γυναικῶν
1423 3047 1619 3115 οὐδεὶς
1639 3048 1771 3119 μεί-

1948 3049 2107 3119 112
2143 3046 2231 3104 Vl.
2279 3046 2491 3102 Revera
2541 3048 2681 3101 inter
2736 3056 2888 3101 natos
2948 3046 3229 3102 mulierum
3282 3048 3472 3103 nullus

172 3138 293 3201 ζων
316 3140 598 3195 Ἰωάννου
615 3140 721 3195 τοῦ
748 3141 1111 3196 Βαπτιστοῦ.
1135 3142 1414 3213 Πλήρωμα
1431 3141 1539 3215 γὰρ
1554 3142 1738 3198 πάντω

1896 3143 2055 3213 najor
2078 3140 2287 3196 Joanne
2318 3139 2567 3211 Baptista
2589 3141 2657 3193 ".
2684 3138 3165 3210 Complementum
3197 3140 3343 3193 enim
3375 3150 3462 3196 est

174 3232 481 3303 προφητῶν
520 3233 807 3303 τυγχάνειο
850 3234 947 3288 καὶ
992 3233 1193 3299 πάντες
1250 3235 1349 3305 μὲν
1419 3236 1736 3307 προεφήτευ

1892 3234 2122 3291 >ιηιιίυιῐι
2148 3233 2563 3304 prophetarum.
2594 3233 2664 3288 Et
2689 3249 2883 3289 omnes
2906 3233 3133 3303 quidem
3166 3234 3458 3289 vaticinati

174 3339 283 3374 σαν
332 3324 461 3391 περὶ
510 3322 604 3376 τοῦ
659 3323 886 3393 Κυρίου,
938 3324 1177 3395 μήκοθεν
1230 3325 1567 3390 δεικνύοντες
1616 3327 1740 3381 αὐτὸ

1899 3332 2007 3381 ;unt
2043 3324 2111 3379 de
2141 3324 2397 3389 Domino,
2444 3324 2637 3394 procul
2683 3333 3056 3379 monstrantes
3102 3340 3229 3379 eum
3268 3333 3465 3380 ventu-

174 3415 660 3484 παραγινόμενονζ·
683 3414 844 3479 αὐτὸς
871 3414 928 3468 δὲ
964 3415 1323 3487 προφητεύων
1340 3417 1575 3489 περὶτοῦ
1593 3419 1740 3492 Σωτῆ

1895 3435 2022 3477 -um.
2058 3418 2177 3489 Ipse
2206 3433 2338 3474 vero
2367 3417 2437 3473 de
2459 3417 2743 3473 Salvatore
2778 3418 3137 3487 prophetans,
3172 3434 3461 3473 common-

176 3524 300 3578 ρος,
332 3507 570 3560 ἐδείκνυε
617 3509 744 3578 παρ’
777 3507 1075 3579 ὀφθαλμοῖς
1098 3511 1255 3573 πᾶσι,
1290 3510 1430 3580 βοῶν
1457 3513 1551 3565 καὶ
1581 3512 1742 3581 λέγωκ

1893 3512 2088 3568 strabat
2135 3520 2262 3567 ante
2311 3510 2560 3565 omnium
2592 3511 2806 3577 oculos,
2839 3513 3084 3565 clamans
3112 3528 3177 3566 ac
3206 3512 3399 3567 dicens
3445 3531 3459 3567 :

178 3597 311 3652 Ἴδε
343 3601 375 3652 ό
403 3596 591 3668 ἀμνὸς
632 3598 738 3653 τοῦ
772 3598 941 3653 Θεοῦ.
978 3600 1042 3652 Τί
1078 3600 1228 3671 ἡδεῖα
1256 3600 1350 3654 καὶ
1374 3600 1513 3673 καλὴ
1549 3603 1583 3671 ἡ
1620 3605 1744 3673 φωνή

1900 3604 2011 3658 Ecce
2032 3620 2202 3675 agnus
2230 3602 2327 3657 Dei
2354 3602 2422 3658 ".
2454 3601 2597 3669 Quid
2624 3612 2747 3657 erat
2770 3604 2957 3657 suavis
2983 3619 3048 3658 ac
3075 3603 3335 3672 prmelara
3358 3620 3465 3659 vox

169 3689 315 3743 εὐθὺ
333 3689 671 3753 δεικνύοντος
690 3689 751 3743 τὸ
774 3690 864 3743 ὑπ’
892 3689 1058 3743 αὐτοῦ
1083 3692 1487 3762 κηρυσσόμενον
1511 3695 1523 3748 !
1554 3693 1735 3756 Μείζω

1898 3705 2031 3751 'ecta
2076 3693 2437 3750 monstrantis
2479 3710 2629 3761 eum,
2670 3710 2835 3765 quem
2880 3695 3251 3765 przedicabat?
3285 3696 3464 3767 Major

187 3780 470 3835 Ἰωάννου
521 3781 592 3834 ἐν
634 3781 947 3850 γεννητοῖς
1004 3782 1307 3852 γυναικῶν
1356 3784 1592 3853 οὐδείς·
1640 3788 1673 3840 ό
1708 3786 1753 3839 64

1896 3787 2084 3844 ioanne
2116 3790 2254 3843 inter
2279 3805 2364 3843 eos
2402 3789 2493 3859 qui
2532 3796 2824 3843 nascuntur
2846 3804 2871 3841 e
2903 3787 3206 3842 mulieribus
3240 3788 3462 3855 nullus;

161 3876 529 3943 μικρότερος
556 3873 627 3929 ἐν
658 3873 733 3943 τῇ
768 3875 1060 3944 βασιλείᾳ
1088 3873 1213 3930 τῶν
1239 3875 1534 3944 οὐρανῶν,
1562 3877 1727 3947 μείζω

1896 3880 1966 3948 yui
1996 3887 2175 3933 autem
2224 3880 2396 3933 minor
2431 3886 2507 3932 est
2570 3880 2623 3933 in
2676 3895 2837 3950 regno
2880 3878 3151 3945 caelorum,
3190 3882 3366 3951 major
3387 3890 3462 3935 est

172 3966 378 4021 αὐτοῦ
423 3967 615 4021 ἐστιν.
666 3970 729 4021 Οἱ
774 3966 981 4020 ἀνωθεν
1027 3969 1092 4021 ὲκ
1128 3966 1223 4021 τοῦ
1259 3966 1391 4021 Θεοῦ
1422 3968 1738 4038 γεννηθέντε

1899 3970 1970 4025 Ilo
1997 3971 2062 4025 “.
2104 3970 2208 4037 Qui
2256 3971 2494 4041 desuper
2526 3986 2595 4026 ex
2649 3972 2762 4027 Deo
2798 3973 2914 4027 nati
2955 3982 3085 4029 sunt
3136 3974 3369 4043 apostoli
3408 3985 3465 4029 et

179 4060 484 4115 ἀπόστολοι
507 4075 521 4089 ο
554 4061 603 4113 οἱ
636 4060 735 4130 τὴν
779 4058 1035 4130 ἀπαρχὴν
1080 4060 1172 4113 τοῦ
1217 4059 1572 4131 παρακλήτου
1606 4062 1742 4116 Πνεύ

1899 4064 2155 4119 »ι-ἰιηίιίοε
2192 4064 2433 4135 Spiritus
2463 4064 2727 4134 paracleti
2779 4075 3112 4135 acceperunt
3146 4085 3158 4120 :
3202 4068 3256 4120 hi
3287 4067 3465 4136 siqui-

175 4170 361 4223 ματος
391 4152 646 4215 λαϐόντες
666 4166 682 4183 ⁸
718 4146 865 4207 οὗτοι
908 4153 1012 4221 γὰρ
1037 4152 1392 4207 συνδικασταὶ
1419 4154 1515 4207 καὶ
1546 4154 1741 4227 σύνθρο

1899 4156 2037 4221 .lem,
2089 4163 2148 4210 ut
2179 4170 2287 4208 una
2329 4154 2549 4225 judices
2595 4163 2802 4218 essent,
2850 4170 2914 4209 ac
2946 4155 3001 4208 in
3041 4155 3235 4219 eodem
3266 4156 3465 4211 throno

172 4264 265 4301 νοι
326 4246 745 4319 κατηξιώθησαν
799 4247 1072 4316 γενέσθαι,
1131 4241 1279 4301 οὗτοι
1333 4248 1612 4322 λυτρωταὶ
1664 4252 1738 4305 τῶ

1898 4247 2163 4313 sederent,
2189 4246 2342 4318 digni
2381 4246 2618 4317 reputati
2652 4256 2782 4301 sunt
2819 4264 2831 4299 :
2868 4247 2926 4301 hi
2964 4232 3340 4318 redemptores
3366 4248 3464 4303 ho-

170 4339 491 4412 ἀνθρώπων
534 4338 842 4409 γεγόνασιν.
898 4340 1191 4410 Εὑρίσκεις
1242 4340 1439 4405 αὐτοὺς
1492 4341 1736 4413 σχίζοντα

1898 4341 2086 4395 uinum
2114 4339 2242 4395 facti
2272 4347 2421 4395 sunt.
2460 4339 2681 4394 lnvenis
2712 4354 2810 4393 eos
2833 4338 3145 4395 dividentes
3170 4356 3320 4395 mare
3346 4356 3464 4410 pra-

174 4434 467 4487 Οάλασσαν
493 4433 777 4502 δυνάμεων
798 4432 1074 4502 πονηρῶν,
1101 4433 1196 4487 καὶ
1224 4432 1583 4503 διαγαγόντας
1598 4435 1740 4507 ψυχὰ

1894 4446 2069 4486 rarum
2100 4437 2460 4500 potestatum,
2491 4439 2657 4500 atque
2687 4428 2993 4484 educentes
3016 4429 3209 4485 ﬁdeles
3228 4430 3460 4485 animas.

174 4527 570 4589 πιστευούσας.
594 4527 881 4598 Εὐρίσκεις
896 4526 1093 4588 αὐτοὺς
1113 4526 1393 4596 γεωργοὺς
1415 4526 1513 4598 τὴν
1529 4528 1740 4599 ἀμπελο

1899 4522 2108 4578 Iuvenis
2134 4538 2231 4577 eos
2263 4521 2512 4586 colonos,
2548 4520 2764 4575 vineam
2795 4520 2992 4575 anima:
3014 4522 3351 4577 excolentes.
3380 4523 3465 4576 ln-

173 4622 286 4689 τῆς
321 4619 501 4691 ψυχῆς
542 4617 968 4690 ἐργαζομένους.
1032 4617 1323 4687 Εὐρίσκεις
1362 4620 1560 4685 αὐτοὺς
1591 4640 1739 4693 πιρα

1886 4613 2038 4668 venis
2108 4628 2205 4667 eos
2274 4612 2717 4683 paranymphos,
2777 4611 3181 4681 desponsantes
3237 4612 3452 4667 animas

175 4712 460 4783 νύμφους,
491 4711 866 4782 νυμφεύοντας
885 4710 1063 4781 ψυχὰς
1097 4710 1346 4781 Χριστῷ·
1389 4712 1737 4784 Ἦρμοσάμη

1899 4704 2119 4761 lhristo.
2165 4703 2428 4773 Despondi
2456 4705 2617 4769 enim,
2650 4704 2850 4774 inquit,
2883 4720 2968 4757 vos
2997 4705 3089 4757 uni
3131 4705 3242 4758 viro
3274 4706 3342 4758 ⁸⁵.
3376 4705 3465 4760 ln-

176 4806 324 4875 γὰρ,
385 4804 576 4875 φησὶν,
630 4802 785 4874 ὑμᾶς
845 4802 934 4856 ἐνί
991 4801 1187 4869 ἀνδρί.
1258 4805 1544 4875 Εὐρίσκεις
1582 4808 1742 4863 αὑτοὺ

1897 4796 2041 4852 venis
2066 4812 2166 4852 eos
2198 4797 2492 4868 largientes
2537 4797 2706 4851 vitam
2748 4794 3095 4859 hominibus,
3127 4803 3183 4850 et
3218 4812 3463 4850 sumina-

177 4897 439 4961 διδόντας
471 4896 617 4968 ζωὴν
647 4894 1088 4967 τοίςβινθρὼποις
1106 4913 1119 4926 ο
1148 4897 1239 4949 καὶ
1268 4898 1607 4963 ἁπαξαπλῶς
1632 4902 1743 4972 εὑρΙ

1898 4888 1984 4942 tim
2012 4887 2227 4941 invenis
2258 4902 2354 4942 eos
2378 4886 2546 4941 variis
2570 4902 2635 4940 ac
2660 4885 2897 4940 diversis
2926 4884 3105 4939 modis
3142 4884 3464 4938 ministran-

178 5008 350 5053 σκεις
384 4990 582 5052 αὐτοὺς
614 4987 942 5058 πολυμερῶς
972 4986 1065 5038 καὶ
1096 4986 1448 5056 πολυτρόπως
1473 4990 1744 5044 διακονοῦν

1899 4988 1975 5035 tes
2022 4978 2279 5049 Spiritui.
2332 4977 2431 5032 llic
2460 4977 2628 5048 igitur
2664 4983 2750 5031 est
2794 4975 2886 5030 ille
2912 4989 3131 5045 parvus,
3169 4973 3265 5044 qui
3296 4974 3465 5045 major

174 5101 287 5146 τας
316 5081 398 5151 τῷ
427 5080 729 5151 Πνεύματι.
772 5074 941 5142 Οὗτος
966 5076 1060 5130 οὖν
1092 5078 1282 5133 ὲστινό
1304 5081 1499 5153 μικρὸς
1521 5085 1549 5137 ὁ
1580 5084 1740 5154 μείζω

932 5076 1060 5141 ςοῦν
1092 5078 1282 5133 ἐστι.νό
1304 5081 1499 5153 μικρὸς
1521 5085 1549 5137 ό
1580 5084 1784 5154 μείζων
1882 5082 1968 5129 est
1993 5073 2203 5128 Joanne
2236 5070 2498 5140 Baptista.

191 5175 459 5228 Ἰωάννου
484 5173 578 5227 τοῦ
612 5172 942 5232 Βαπτιστοῦ,

1954 5169 2069 5223 VII.
2108 5165 2583 5233 Quemadmodum
2628 5164 2777 5219 enim
2807 5163 3041 5234 agricola
3069 5165 3258 5233 jugum
3295 5163 3461 5217 boum

258 5267 339 5323 Z'.
375 5268 583 5337 Ὠσπερ
644 5270 751 5339 γὰρ
779 5272 806 5323 ὀ
830 5274 1074 5343 γεωργὸς
1133 5272 1326 5341 ζεῦγος
1357 5270 1495 5341 βοῶν
1520 5273 1786 5343 κᾶτέχων,

1899 5263 2132 5334 dirigens
2166 5260 2369 5315 excolit
2396 5267 2603 5313 terram
2641 5275 2653 5310 :
2697 5257 2891 5311 eodem
2922 5272 3140 5324 quoque
3169 5254 3332 5309 modo
3358 5256 3465 5307 Do-

176 5359 490 5427 ἐργάζεται
535 5358 635 5428 τὴν
674 5360 777 5429 γῆν
799 5373 812 5387 ⁶
864 5361 954 5414 τὸν
976 5360 1139 5414 αὐτὸν
1166 5360 1364 5429 τρόπον
1409 5359 1504 5412 καὶ
1533 5360 1560 5412 ὁ
1590 5359 1742 5430 Κύριε

1898 5358 2074 5413 minus
2114 5352 2293 5415 .lcsus,
2342 5352 2634 5421 prmclarus
2676 5364 2741 5403 ac
2786 5365 2948 5403 verus
2988 5348 3243 5418 agricola,
3304 5347 3464 5402 binos

192 5450 442 5521 Ἰησοῦς,
472 5452 501 5503 ὁ
529 5450 693 5513 καλὸς
724 5453 819 5504 καὶ
850 5452 1100 5523 ἀληθινὸς
1131 5451 1396 5521 γεωργὸς,
1427 5451 1521 5503 δύο
1550 5452 1758 5504 ἀποστό

1899 5450 2175 5520 apostolos
2200 5446 2485 5515 copulans,
2536 5442 2721 5497 emisit
2761 5456 2877 5505 eos,
2911 5456 3035 5493 cum
3074 5440 3181 5494 illis
3211 5440 3465 5493 excolens

176 5548 316 5608 λους
350 5542 570 5609 ζεύξας,
603 5545 922 5598 ἀπέστειλεν
954 5546 1169 5609 αὐτοὺς,
1206 5543 1521 5614 μετάύτῶν
1554 5542 1742 5614 ὲργαζε

1898 5555 2090 5599 terram
2120 5539 2463 5595 audientium
2508 5552 2571 5590 ac
2619 5550 2746 5589 vere
2789 5534 3153 5589 Credentium.
3196 5532 3464 5586 (Steterunt

182 5654 361 5709 μενος
380 5637 478 5706 τὴν
507 5638 611 5707 γῆν
636 5636 740 5689 τῶν
762 5639 1069 5691 ἀκουόντων
1116 5637 1210 5690 καὶ
1236 5638 1293 5689 ὲν
1316 5635 1543 5706 ἀληθεία
1566 5652 1748 5688 manu

1905 5650 1997 5689 ioc
2037 5646 2257 5702 quoque
2296 5630 2444 5683 dictu
2493 5627 2718 5697 dignum
2756 5636 2862 5689 est,
2909 5642 3018 5680 non
3054 5626 3105 5680 in
3137 5625 3253 5679 solo
3296 5625 3471 5681 verbo

181 5734 394 5786 όντων.
424 5727 568 5799 Πλὴν
601 5729 872 5783 καὶτοῦτο
898 5732 1072 5783 εἰπεῖν
1107 5728 1277 5795 ἄξιον,
1319 5728 1393 5790 ὡς
1419 5728 1519 5780 οὐκ
1548 5730 1607 5779 ὲν
1639 5726 1747 5794 λόγι

1902 5725 2107 5781 ιιιιΙὶιυε
2134 5739 2361 5795 regnum
2394 5722 2510 5786 Dei,
2530 5729 2587 5775 et
2616 5720 2988 5789 apostolorum
3021 5719 3468 5790 przcdicatioucuz

244 5828 309 5899 p“
350 5826 516 5883 Joan.
554 5826 706 5898 1,29.
780 5830 824 5861 θ’
860 5826 1051 5882 Matth.
1082 5842 1155 5891 xx,
1188 5825 1272 5881 ll.
1342 5825 1387 5856 ⁸³
1426 5824 1583 5880 Joan.
1619 5841 1654 5893 ι,
1688 5824 1776 5880 29.

1342 5825 1387 5856 ³³
1426 5824 1583 5880 Joan.
1619 5841 1654 5893 ι,
1688 5824 1776 5880 29.
1856 5823 1902 5855 θ’
1943 5822 2134 5879 Matth.
2166 5837 2238 5888 ιι,
2270 5820 2351 5874 tl.
2432 5820 2475 5851 ⁸⁵
2518 5817 2563 5873 ιι
2588 5816 2713 5873 Cor.
2745 5832 2818 5882 xu,
2848 5817 2901 5871 “2.
