3966 6510
585 313 690 376 715

1831 319 1891 378 S.
1929 318 2252 378 ΜΑΟΑΒΙΙ
2290 317 2618 379 IEGYPTII

3739 324 3826 387 'iiG

578 443 701 482 esse
721 467 735 488 ,
767 423 941 479 veluti
971 423 1016 479 si
1053 423 1180 494 quis
1211 423 1431 480 dicendi
1464 424 1721 481 facultate
1749 428 1972 496 polleat.
2001 436 2166 497 atque

2273 427 2421 498 μόνῳ
2447 429 2618 498 ἀκοῆς
2665 429 2698 498 ή
2750 427 2995 498 βασιλεία
3028 428 3122 482 τοῦ
3166 429 3327 496 Θεοῦ,
3359 432 3455 486 καὶ
3493 432 3554 485 τὸ
3585 431 3690 485 τῶν
3715 437 3828 490 ἀπο.

469 520 481 529 ’
581 516 726 590 apud
756 515 892 570 alios
933 524 1186 585 peruret;
1239 515 1334 570 sed
1368 517 1423 570 in
1472 516 1679 571 virtute
1726 527 1894 586 atque
1925 517 2165 572 efﬁcacia

582 609 823 680 Spiritus
871 623 1098 678 regnum
1127 607 1451 662 consistere.
1501 605 1626 662 llaec
1658 607 1805 663 enim
1847 609 2166 679 obtigerunt

579 715 804 771 quoque
853 699 1223 755 lsr‘aelitarum
1257 698 1404 762 filiis,
1459 699 1726 755 continuo
1769 700 2166 756 meditantibus

583 793 921 863 Scripturas,
972 799 1160 861 utpote
1213 789 1306 860 qui
1360 790 1429 844 de
1471 792 1704 846 Domino
1750 793 2166 848 meditationem

582 885 983 954 suscipiebant,
1033 884 1204 952 ipsam
1247 897 1378 936 vero
1417 883 1791 938 [nereditatem
1823 885 1949 940 aliis
1980 885 2164 941 trade-

580 978 750 1032 bant:
783 977 854 1029 ita
882 974 975 1044 qui
999 989 1282 1029 sermones
1309 974 1551 1044 Spiritus
1574 975 1698 1030 aliis
1723 986 2006 1041 enarrant,
2036 993 2162 1033 cum

585 1068 687 1136 ipsi
720 1067 946 1120 verbum
977 1065 1030 1118 in
1059 1065 1264 1120 virtute
1291 1082 1400 1120 non
1429 1067 1771 1137 possideant,
1794 1069 1917 1123 aliis
1939 1068 2166 1124 tradunt

583 1156 982 1211 liaareditatcm.
1015 1155 1198 1210 Gloria
1231 1155 1402 1223 Patri,
1425 1166 1480 1212 et
1511 1157 1672 1223 Filio,
1697 1167 1754 1213 et
1782 1158 2012 1230 Spiritui
2039 1174 2164 1214 san-

591 1259 680 1303 cto
709 1245 766 1303 in
803 1249 1024 1303 saecula.
1061 1248 1256 1304 Amen.

1124 1552 1408 1609 llOMlLlA
1446 1553 1642 1612 XXIX.

583 1671 799 1744 Duplici
850 1672 1055 1726 ratione
1086 1670 1529 1744 dispensationem
1569 1669 1758 1744 gratim
1781 1669 1846 1744 in
1872 1671 2163 1744 genitaliu-

657 1739 875 1798 manum
923 1750 1123 1796 exercet
1173 1739 1332 1805 Deus,
1369 1739 1570 1809 fructus
1617 1740 1729 1808 ejus
1765 1740 1910 1810 justo
1955 1741 2162 1810 judicio

654 1817 848 1869 iterum
873 1815 1211 1884 repetiturus.

651 2020 696 2074 l.
737 2019 1017 2090 Sapientia
1050 2017 1170 2084 Dei,
1204 2032 1330 2073 cum
1371 2017 1443 2072 sit
1495 2016 1708 2073 infinita
1751 2025 1809 2072 et
1853 2018 2164 2089 incompre-

583 2114 876 2169 hensibilis
908 2155 923 2179 ,
969 2109 1516 2182 incomprehensibili
1572 2119 1629 2165 et
1671 2110 2162 2183 impervestigabili

583 2207 752 2261 modo
782 2206 1224 2276 dispensationes
1260 2204 1443 2276 gratiae
1476 2218 1608 2274 erga
1653 2219 1828 2274 genus
1860 2205 2161 2259 humanum

582 2300 734 2354 varie
764 2306 1007 2364 exercet,
1042 2298 1109 2354 ad
1158 2297 1390 2352 liberam
1420 2297 1636 2352 arbitrii
1664 2297 2002 2352 voluntatem
2036 2313 2165 2368 pro-

581 2391 844 2457 bandam,
867 2401 928 2446 ut
956 2391 1395 2455 manifestentur,
1427 2390 1518 2460 qui
1553 2405 1618 2444 ex
1651 2399 1767 2444 toto
1797 2391 1962 2445 corde
1990 2391 2162 2445 Deum

587 2484 847 2550 diligunt,
901 2492 1064 2554 atque
1119 2497 1282 2537 omne
1322 2481 1626 2552 periculum
1657 2497 1722 2536 ac
1764 2483 2008 2538 laborem
2045 2485 2165 2555 ejus

585 2591 750 2630 causa
780 2575 1096 2638 jsustinent.
1131 2573 1282 2639 Quos
1330 2572 1479 2627 enim
1541 2582 1930 2643 praeoccupant
1975 2575 2163 2630 citari--

586 2677 789 2732 smata,
836 2682 902 2722 ac
957 2666 1194 2736 Spiritus
1245 2663 1419 2718 sancti
1470 2663 1635 2729 dona,
1674 2665 1728 2720 hi
1755 2666 2164 2737 quamprimum

585 2769 942 2814 accesserunt
991 2773 1116 2812 cum
1175 2757 1291 2815 nde”
1325 2767 1382 2814 et
1417 2759 1810 2834 postulatione,
1853 2759 2062 2830 absque
2087 2761 2166 2814 Ia-

582 2853 739 2915 bore,
769 2852 968 2907 sudore
997 2861 1053 2906 et
1087 2852 1402 2924 fatigatione
1438 2851 1714 2908 interdum
1750 2852 1805 2906 in
1832 2850 2040 2905 mundo
2067 2849 2166 2905 de-

583 2955 738 3017 gunt.
757 2946 984 3015 insuper
1005 2946 1481 3017 largiturfgraliam
1508 2946 1650 3000 illam
1671 2945 1815 3000 Deus
1833 2957 1943 2997 non
1966 2943 2163 3005 otiose,

585 3052 695 3092 non
729 3035 952 3101 frustra,
1006 3051 1187 3105 neque
1238 3035 1496 3100 fortuito;
1543 3033 1638 3088 sed
1684 3048 1885 3088 arcana
1926 3032 2165 3102 quadam

2271 519 2476 572 στόλων
2501 522 2786 591 κήρυγμα,
2816 521 2892 584 ὡς
2921 521 2986 575 ἀν
3014 538 3098 584 τις
3125 521 3282 586 είδὼς
3309 523 3505 592 λόγους
3527 525 3624 576 καὶ
3649 526 3830 594 ἑτέραις

2269 611 2718 682 ἐκδιηγούμενος,
2763 612 2880 666 ἀλλ’
2916 614 2978 666 ἐν
3008 612 3237 682 δυνάμει
3275 615 3370 667 καὶ
3401 613 3657 684 ἐνεργείᾳ
3691 617 3832 669 [1νεύ-

2271 720 2442 775 ματος
2487 704 2522 774 ἡ
2567 701 2817 773 βασιλεία
2854 707 3137 774 τυγχάνει.
3169 705 3358 758 Ταῦτα
3395 707 3506 776 γάρ
3554 707 3832 760 πεπόνθασι

2268 796 2364 850 καὶ
2401 795 2754 867 Ἰσραηλιτῶν
2773 795 2986 860 παῖδες,
3020 796 3358 865 μελετῶντες
3379 799 3479 861 τὰς
3509 799 3726 870 Γμφάς
3743 802 3831 867 ἀεὶ,

2267 890 2363 944 καὶ
2415 889 2548 959 περὶ
2599 887 2696 942 τοῦ
2733 888 2940 960 Κυρίου
2990 889 3153 960 δῆθεν
3190 890 3292 960 τὴν
3334 877 3568 961 μελέτην
3625 891 3832 961 ἔχοντες,

2268 985 2362 1040 καὶ
2389 985 2490 1056 τὴν
2520 985 2782 1055 ἀλήθειαν
2822 985 2996 1057 αὐτὴν
3035 985 3112 1056 μὴ
3156 985 3468 1056 δεξάμενοι,
3504 986 3718 1056 ἑτέροις
3755 990 3835 1057 τίτί

2267 1075 2442 1144 αὐτὴν
2469 1075 2836 1148 κληρονομίαν
2877 1077 3172 1131 ἀπέδοντο·
3206 1077 3380 1140 οὕτως
3424 1077 3527 1129 καὶ
3571 1078 3625 1130 οἱ
3671 1077 3836 1144 λόγους

2265 1169 2362 1222 τοῦ
2390 1168 2709 1238 Πνεῦματος
2742 1169 3093 1240 διηγούμενοι
3121 1171 3356 1240 ἑτέροις,
3389 1171 3545 1224 αὐτοὶ
3570 1170 3668 1223 τὸν
3707 1172 3837 1239 λόγον

2268 1262 2327 1314 ἐν
2355 1260 2587 1332 δυνάμει
2625 1263 2699 1332 μὴ
2745 1263 3106 1333 κεκτημένοι,
3151 1263 3336 1326 ἀλλοις
3368 1262 3722 1316 ἀποδέδονται
3759 1266 3836 1332 rip

2267 1350 2660 1422 κληρονομίαν.
2692 1353 2829 1420 Δόξα
2861 1353 3058 1424 Πατρι,
3090 1355 3184 1408 καὶ
3215 1353 3350 1426 Υίῷ,
3384 1355 3483 1408 καὶ
3516 1353 3664 1424 ἁγίῳ
3690 1355 3839 1408 Ilva-J-

2271 1461 2400 1496 ιιατι
2421 1485 2437 1511 ,
2474 1447 2553 1508 εἰς
2577 1445 2702 1509 τοὺς
2729 1445 2955 1508 αἰῶνας.
2986 1447 3177 1517 Ἀμήν.

2857 1580 3102 1634 ΟΜΙΛΙΑ
3135 1579 3264 1636 ΚΘ.

2266 1690 2427 1748 Κατὰ
2453 1690 2678 1762 δισσόν
2706 1692 2931 1762 τρόπον
2959 1691 3066 1758 τὰς
3096 1695 3442 1762 οίκονομίιις
3470 1693 3587 1762 τῆς
3620 1693 3841 1761 χάριτος

2195 1779 2238 1835 Β
2337 1763 2441 1842 ille
2466 1763 2534 1814 τὸ
2569 1760 2744 1842 γέν-οξ
2777 1760 3384 1842 τῆςηάνθρωίτότηὲος
3426 1760 3844 1842 έξεργᾶζξταιδ

2341 1832 2506 1903 Θεὸς,
2556 1831 2797 1903 μέλτὶων
2840 1831 2950 1900 τῆς
2987 1832 3180 1903 αὐτῆς
3231 1835 3505 1903 καρποὺς
3527 1831 3622 1890 ’ἐν
3662 1834 3847 1898 δικαίῳ

2336 1902 2570 1971 κρίματι
2603 1901 2790 1956 πάλιν
2820 1902 3168 1970 ἀπαιτῆσαι.

2336 2013 2414 2072 A'.
2455 2015 2520 2068 Ἦ
2548 2015 2645 2069 τοῦ
2693 2015 2828 2070 Θεοῦ
2880 2017 3044 2086 σοφία
3098 2019 3325 2090 ἄπειρος
3350 2019 3446 2074 καὶ⁸
3475 2020 3846 2091 ἀκατάληπτις

2266 2107 2418 2173 οὖσα,
2441 2109 2840 2180 ἀκαταλήπτως
2867 2112 2961 2164 καὶ
2992 2111 3414 2181 ἀνεξιχνιάστως
3432 2114 3534 2175 τὰς
3549 2113 3848 2181 οἰκονομίας

2264 2203 2366 2273 τῆς
2399 2203 2620 2275 χάριτος
2654 2206 2734 2268 είς
2764 2205 2821 2258 τὸ
2852 2206 3008 2273 γένος
3037 2205 3137 2275 τῆς
3188 2205 3617 2276 άνθρωπότητος
3654 2206 3848 2276 ἐξεργὰ-

2267 2296 2417 2359 ζεται
2452 2297 2708 2360 ποικίλως
2726 2337 2741 2362 ,
2772 2297 2910 2369 πρὸς
2937 2297 3034 2369 τὴν
3057 2297 3152 2350 τοῦ
3178 2297 3527 2362 αὑτεξουσίου
3559 2298 3847 2368 Θελήματνις

2265 2387 2592 2454 δοκιμασίαν
2612 2429 2625 2453 ,
2656 2388 2795 2442 ὥστε
2821 2389 3201 2460 φανερωθῆναι
3247 2391 3375 2454 τοὺς
3396 2390 3454 2455 ἐξ
3482 2390 3615 2459 ὅλης
3642 2392 3847 2461 καρδίας

2267 2479 2600 2546 ἀγαπῶντας
2627 2479 2810 2546 αὑτὸν,
2841 2481 2936 2534 καὶ
2970 2482 3150 2535 πάντα
3182 2481 3426 2535 κίνδυνον
3463 2483 3559 2535 καὶ
3585 2483 3754 2534 πόνον
3777 2483 3848 2534 διὰ

2267 2573 2359 2626 τὸν
2385 2573 2518 2626 Θεὸν
2549 2574 2938 2644 ὑπομένοντας.
2969 2569 3068 2638 Οἷς
3101 2575 3197 2646 μὲν
3222 2576 3330 2646 γάρ
3363 2577 3770 2646 προαπαντῶσι
3795 2582 3849 2629 τὰ

2267 2667 2608 2740 χαρίσματα,
2643 2667 2736 2720 καὶ
2765 2667 2834 2721 τὰ
2863 2667 2958 2720 τοῦ
2995 2667 3151 2735 ἁγίου
3184 2667 3503 2738 Πνεύματος
3529 2668 3688 2737 δωρῆ
3699 2687 3848 2738 ματα,

2268 2759 2431 2823 εὐθὺς
2455 2758 2570 2828 ἅμα
2588 2757 2665 2828 τῷ
2682 2757 3004 2830 προσελθεῖν
3029 2759 3166 2830 μετά
3184 2759 3421 2821 πίστεως
3443 2761 3542 2812 καὶ
3565 2761 3849 2828 αἰτήσεως,

2270 2853 2410 2920 ἄνευ,
2433 2853 2698 2921 καμάτων
2733 2852 2828 2906 καὶ
2860 2853 3099 2924 ἱδρώτων
3136 2854 3230 2906 καὶ
3261 2853 3460 2917 πόνων,
3495 2852 3655 2905 ἐστιν
3682 2854 3769 2906 ὅτε
3805 2857 3851 2905 ἐν

2270 2943 2351 3012 τῷ
2376 2945 2565 3014 κόσμῳ
2588 2945 2980 3013 τυγχάνουσιν·
3016 2945 3096 2998 ἔτι
3119 2945 3303 2999 δίδωσι
3332 2945 3434 3014 τὴν
3456 2945 3627 3018 χάριν
3657 2949 3687 2999 ό
3714 2945 3850 3009 Θεὶς,

2271 3036 2370 3089 οὐκ
2395 3035 2600 3106 ἀργῶς,
2623 3037 2740 3090 οὐδὲ
2767 3038 3030 3109 ἀκαίρως,
3059 3037 3176 3091 οὐδὲ
3200 3037 3274 3102 ὡς
3303 3038 3516 3109 ἔτυχεν,
3538 3039 3684 3092 ἀλλὰ
3711 3041 3852 3105 σοφία

582 3139 640 3184 et
663 3129 1204 3199 incmnprehensibili
1239 3127 1506 3197 sapientia
1531 3127 1597 3181 ad
1623 3125 1968 3194 probandum
1988 3125 2167 3178 inten-

2273 3130 2375 3182 τινὶ
2407 3131 2632 3202 ἀρρήτῳ
2689 3130 2782 3182 καὶ
2812 3130 3202 3201 ἀκαταλήπτῳ,
3245 3130 3325 3193 είς
3356 3132 3418 3184 τὸ
3461 3131 3851 3202 δοκιμασθῆναι

587 3219 792 3273 tionem
823 3233 886 3272 ac
913 3218 1144 3272 liberam
1189 3216 1407 3272 arbitrii
1442 3216 1780 3270 voluntatem
1827 3229 2042 3280 eorum,
2071 3215 2166 3284 qui

585 3311 772 3366 statim
799 3310 1039 3364 divinam
1075 3310 1303 3380 gratiam
1335 3318 1774 3378 consequuntur,
1813 3323 1880 3362 an
1906 3323 2170 3378 percepe-

586 3405 701 3459 rint
734 3403 1096 3468 benclicium,
1127 3413 1184 3457 et
1212 3402 1316 3456 sibi
1349 3400 1644 3472 prmstitam
1681 3401 2076 3471 benignitatem
2107 3415 2169 3455 ac

587 3494 935 3550 dulcedinem
972 3493 1093 3556 Dei,
1125 3494 1277 3565 juxta
1308 3492 1722 3562 proportionem
1747 3490 1936 3560 gratia:
1960 3489 2168 3558 absque

588 3588 832 3658 propriis
856 3587 1142 3645 laboribus
1171 3586 1402 3650 oblataa;
1436 3601 1547 3655 quo
1568 3583 1718 3654 digni
1743 3583 1936 3645 habiti,
1963 3581 2170 3636 debent

590 3679 854 3748 studium,
909 3694 1157 3742 cursum,
1195 3687 1452 3732 conatum
1486 3692 1549 3731 ac
1579 3678 1818 3731 fructum
1856 3660 2180 3730 dilectionis.

589 3792 621 3830 a
666 3775 948 3830 voluntate
977 3783 1033 3828 et
1058 3774 1343 3844 proposito
1391 3772 1718 3843 perfectum,
1764 3770 2166 3833 demonstrare,

589 3884 654 3924 ac
680 3867 1104 3924 retributionem
1141 3868 1535 3922 charismatum
1566 3863 1894 3934 rependere,
1927 3863 2034 3916 hoc
2062 3871 2166 3926 est,

591 3974 650 4013 se
691 3968 836 4013 totos
864 3955 1148 4012 dilectioni
1186 3955 1403 4010 Domini
1444 3953 1696 4008 addictos
1735 3951 1961 4016 dedere,
1997 3950 2171 4020 ipsius

595 4053 752 4122 113
780 4052 1120 4105 voluntatem
1150 4050 1318 4104 solam
1348 4062 1630 4118 peragere,
1666 4055 1723 4102 et
1755 4045 1824 4100 ab
1859 4044 2010 4100 omni
2044 4058 2170 4099 car-

589 4145 702 4199 nali
733 4141 1180 4213 concupiscentia
1208 4140 1429 4210 penitus
1463 4137 1746 4193 recedere.

661 4318 727 4373 ll.
764 4316 972 4383 Quibus
1003 4333 1158 4381 vero,
1203 4318 1455 4388 quamvis
1489 4318 1816 4372 secesserint
1863 4333 1894 4372 a
1934 4318 2165 4385 mundo,

593 4419 650 4464 et
677 4410 1041 4464 renuntiarint
1068 4410 1197 4465 huic
1217 4411 1420 4464 s:eculo
1453 4409 1756 4464 secundum
1788 4409 2166 4480 Evangelium,

595 4508 760 4570 atque
788 4499 1008 4555 assidue
1038 4500 1093 4554 in
1119 4500 1535 4555 continuatione
1567 4515 1818 4569 precum,
1840 4500 2057 4571 jejunii,
2089 4501 2174 4556 di-

594 4593 855 4664 ligentiae,
909 4594 1353 4664 reliquarumque
1414 4593 1680 4648 virtutum
1741 4595 2168 4664 perseverarint,

595 4706 706 4743 non
741 4688 923 4742 statim
967 4689 1113 4742 Deus
1141 4686 1393 4742 concedit
1425 4687 1674 4757 gratiam,
1711 4687 1956 4756 requiem
1988 4696 2045 4741 et
2073 4703 2170 4741 ex-

595 4780 948 4835 sultationem
995 4779 1244 4848 spiritus,
1294 4778 1707 4849 longanimitate
1737 4794 1864 4848 erga
1892 4793 1988 4833 eos
2015 4794 2168 4844 usus,

595 4871 912 4940 donumque
944 4871 1226 4926 retinens:
1258 4885 1362 4925 nec
1388 4885 1608 4939 quoque
1636 4869 1740 4924 hoc
1765 4869 1960 4934 otiose,
1993 4885 2173 4940 neque

595 4965 999 5034 intempestive,
1032 4980 1211 5034 neque
1236 4963 1459 5018 fortuito
1490 4962 1637 5028 facit,
1669 4962 1762 5017 sed
1795 4973 2004 5018 secreta
2037 4979 2172 5032 qua-

595 5057 722 5110 dam
748 5057 1014 5126 sapientia
1056 5057 1125 5110 ad
1159 5056 1496 5128 probandam
1533 5055 1692 5110 liberi
1729 5055 1941 5110 arbitrii
1975 5058 2152 5110 volun-

597 5157 790 5210 tatem,
838 5156 902 5202 ut
942 5147 1152 5210 videat,
1182 5163 1250 5201 an
1277 5146 1494 5201 fidelem
1529 5161 1593 5200 ac
1630 5161 1879 5200 veraccm
1915 5156 2172 5217 reputent

593 5242 766 5296 Deum
801 5282 816 5305 ,
851 5242 944 5311 qui
991 5241 1267 5310 pollicitus
1318 5241 1390 5294 sit
1425 5256 1482 5294 se
1533 5241 1788 5294 daturum
1837 5242 2171 5310 petentibus,

597 5349 662 5387 ac
695 5333 1042 5404 pulsantibus
1067 5342 1384 5402 aperturum
1421 5334 1644 5403 jannam
1673 5335 1838 5387 vitae:
1877 5343 1935 5387 ut
1965 5335 2175 5404 perspi-

597 5425 707 5479 ciat
748 5417 988 5495 queque,
1014 5441 1082 5477 an
1127 5425 1220 5494 qui
1276 5439 1404 5478 vere
1448 5425 1682 5479 credunt
1727 5426 1894 5479 verbo
1931 5441 2055 5489 suo,
2105 5427 2173 5481 ad

600 5519 764 5570 linem
795 5533 967 5586 usque
997 5515 1342 5586 pcrmansuri
1381 5516 1490 5568 sint
1520 5516 1574 5569 in
1621 5517 1782 5586 plena
1819 5516 2015 5572 fiducia
2049 5518 2173 5572 fidei

602 5621 664 5658 ac
708 5606 1013 5671 industriae,
1070 5608 1412 5677 postulantes
1472 5623 1536 5661 ac
1572 5618 1883 5676 quaerentes
1929 5627 1941 5661 :
1991 5625 2174 5663 annon

602 5691 811 5753 atllicti,
841 5702 898 5746 et
933 5695 1277 5749 remissiores
1306 5694 1433 5748 facti
1464 5703 1806 5761 avertantur,
1833 5713 1896 5751 ac
1922 5697 2174 5752 diﬂiden-

604 5786 690 5836 tes
720 5792 776 5838 et
802 5783 1156 5856 desperantes
1179 5795 1552 5855 contemnant,
1584 5804 1693 5844 non
1719 5790 2081 5860 pcrdurantes
2107 5791 2175 5848 ad

2269 3218 2367 3290 τὴν
2399 3220 2740 3290 προαίρεσιν,
2774 3221 2866 3274 καὶ
2910 3221 2972 3274 τὺ
3006 3222 3354 3288 αὐτεξούσιον
3385 3222 3604 3292 θέλημα
3637 3224 3748 3276 τῶν
3771 3241 3852 3276 τα-

2269 3310 2409 3380 κέως
2441 3310 2804 3378 ἐπιτυχόντων
2839 3310 2937 3380 τῆς
2976 3310 3127 3374 θείας
3158 3311 3401 3381 χάριτος,
3426 3313 3476 3363 εἰ
3504 3311 3740 3382 ᾔτθοντθ
3769 3312 3852 3378 τῆς

2269 3403 2614 3471 εὐεργεσίας,
2645 3401 2740 3455 καὶ
2778 3401 2881 3470 τῆς
2906 3403 3042 3472 πρὸς
3068 3405 3266 3467 αὐτοὺς
3294 3404 3606 3474 γενομένης
3630 3407 3852 3475 χρηστί-

2267 3512 2430 3564 τητος
2481 3496 2574 3547 καὶ
2600 3493 2940 3566 γλυκύτητος
2965 3496 3058 3549 τοῦ
3084 3497 3244 3562 Θεοῦ,
3275 3498 3417 3550 κατά
3446 3498 3753 3565 ἀναλογίαν
3771 3498 3853 3562 τῆς

2270 3588 2399 3640 ἀνευ
2449 3587 2628 3639 πόνων
2676 3589 2822 3642 ίδίων
2861 3590 3104 3660 χάριτος,
3148 3585 3216 3662 ἧς
3239 3592 3688 3656 καταξιωθέντες
3718 3593 3850 3659 ὀξεῖ·

2269 3675 2422 3728 λουσι
2473 3677 2726 3748 σπουδὴν,
2769 3679 2863 3730 καὶ
2890 3679 3110 3749 δρόμον,
3161 3681 3253 3734 καὶ
3299 3683 3507 3749 ἀγῶνα,
3537 3683 3638 3734 καὶ
3684 3683 3774 3734 τὸν
3801 3685 3853 3733 ἐκ

2271 3768 2578 3838 θελήματος
2619 3771 2712 3821 καὶ
2745 3773 3122 3842 προαιρέσεως
3155 3772 3378 3842 ἀγάπης
3414 3775 3639 3843 καρπὸν
3670 3775 3853 3826 ἐπιδεί-

2270 3859 2484 3926 ξασθαι,
2529 3860 2624 3914 καὶ
2663 3863 2760 3933 τὴν
2794 3863 3028 3935 ἀμοιϐὴν
3069 3865 3179 3917 τῶν
3219 3867 3584 3936 χαρισμάτων
3629 3869 3852 3919 ἀνταπο-

2269 3951 2475 4017 δοῦναι,
2509 3955 2788 4007 τουτέστιν
2814 3956 2967 4020 ὅλους
2994 3958 3222 4022 ἑαυτοὺς
3251 3959 3488 4023 διδόντες
3512 3961 3770 4022 ἐκδότους
3788 3963 3852 4014 εἰς

2267 4045 2366 4116 τὴν
2395 4045 2486 4098 τοῦ
2517 4047 2722 4117 Κυρίου
2757 4049 2996 4116 ἀγάπην,
3030 4050 3123 4102 καὶ
3153 4051 3216 4103 τὸ
3248 4051 3414 4105 αὑτοῦ
3447 4051 3675 4123 θέλημα
3711 4054 3852 4122 prima

2269 4136 2659 4204 ἐπιτελοῦντες,
2686 4141 2778 4192 καὶ
2810 4141 2988 4211 πάσης
3015 4145 3284 4214 σαρκικῆς
3318 4133 3853 4214 ἐπιθυμίαςτελεὶες

2270 4228 2707 4299 ἀναχωροῦντες.

2340 4320 2414 4372 B'.
2445 4317 2538 4384 Οἷς
2566 4321 2621 4374 δέ
2655 4323 2743 4376 καὶ
2770 4323 3156 4396 ἀναχωρήσασι
3177 4327 3272 4382 τοῦ
3304 4329 3535 4398 κόσμου,
3573 4332 3676 4383 καὶ
3701 4330 3852 4400 ἀρνη-

2271 4414 2524 4483 σαμένοις
2547 4413 2642 4467 τὸν
2670 4416 2842 4470 αἰῶνα
2861 4417 3050 4471 τοῦτον
3077 4421 3218 4473 κατά
3241 4421 3302 4474 τὸ
3319 4421 3686 4489 Εὐαγγέλιον,
3703 4425 3789 4475 καὶ
3808 4427 3853 4473 ἐν

2211 4516 2252 4568 ι)
2283 4505 2451 4576 πολὶῇ
2475 4509 2948 4579 προσκαρτερήσει
2973 4510 3138 4581 εὐχῆς
3160 4513 3251 4564 καὶ
3279 4514 3559 4582 νηστείας,
3577 4515 3679 4566 καὶ
3704 4530 3851 4565 σπον-

2275 4597 2379 4666 δῆς
2399 4597 2492 4650 καὶ
2519 4596 2628 4650 τῶν
2643 4598 2846 4651 λοιπῶν
2864 4600 3078 4670 ἀρετῶν
3108 4603 3492 4673 τυγχάνουσιν,
3517 4604 3621 4657 οὐκ
3652 4605 3808 4663 εὐθὺς
3831 4607 3851 4654 ό

2275 4687 2406 4752 Θεὸς
2431 4687 2614 4742 δίδωσι
2643 4689 2742 4760 τὴν
2759 4690 2917 4761 χάριν
2958 4693 3052 4744 καὶ
3067 4693 3164 4762 τὴν
3197 4695 3531 4757 ἀνάπαυσιν,
3567 4697 3668 4748 καὶ
3701 4697 3849 4762 ἀγαλ-

2274 4781 2450 4836 λίασιν
2469 4782 2561 4834 τοῦ
2575 4781 2714 4835 Πνεύ
2723 4799 2913 4853 ματος,
2939 4785 3310 4854 μακροθυμῶν
3327 4787 3413 4838 ἐπ’
3442 4789 3630 4851 αὐτοῖς
3659 4790 3755 4842 καὶ
3769 4790 3812 4839 τὲ
3829 4807 3850 4836 τ

2274 4874 2481 4945 δωρεὰν
2510 4875 2742 4946 ἐπέχων.
2780 4875 2887 4928 Καὶ
2907 4875 3065 4929 τοῦτο
3085 4878 3184 4930 οὐκ
3213 4879 3424 4949 ἀργῶς,
3444 4881 3568 4933 οὐδὲ
3591 4884 3848 4950 ἀκαίρως,

2275 4967 2394 5020 οὐδὲ
2423 4967 2497 5030 ὡς
2529 4967 2735 5037 ἔτυχεν,
2765 4967 2900 5022 ἀλλά
2939 4969 3098 5041 σοφία
3129 4970 3236 5023 τινὶ
3270 4973 3499 5043 ἀρρήτῳ
3524 4975 3604 5036 είς
3638 4975 3850 5042 691:9:-

2279 5061 2400 5113 σίαν
2432 5059 2525 5112 τοῦ
2555 5060 2904 5125 αὑτεξουσίου
2933 5059 3256 5132 θελήματος,
3287 5064 3382 5117 τοῦ
3410 5066 3558 5128 ίδεῖν,
3592 5068 3643 5118 εξ
3677 5067 3850 5118 πιστὶι

2278 5151 2373 5204 καί
2400 5152 2572 5222 ἀληθῆ
2600 5152 2836 5223 ἥγηνται
2863 5154 2953 5206 τὸν
2978 5155 3112 5208 Θεὸν
3136 5155 3229 5209 τὸν
3258 5157 3737 5227 ἐπαγγειλάμενον
3757 5165 3852 5217 τος

2277 5240 2488 5297 αἶτοῦσι
2531 5245 2753 5310 διδόναι,
2797 5247 2892 5300 καὶ
2931 5251 3044 5311 τοῖς
3089 5248 3380 5318 κρούουσιν
3421 5251 3664 5318 ἀνοίγειν
3695 5252 3847 5320 Θὲραι

2279 5335 2446 5406 ζωῆς,
2486 5337 2578 5390 τοῦ
2619 5339 2745 5392 ἰδεῖν
2792 5341 2886 5393 καὶ
2935 5343 3336 5406 πιστεύσαντας
3390 5344 3448 5407 ἐξ
3476 5344 3738 5412 ἀληθείας
3785 5343 3850 5408 τῷ

2277 5426 2419 5496 λόγῳ
2446 5428 2632 5493 αὐτοῦ,
2666 5431 2712 5481 εί
2756 5430 2860 5493 ἓως
2902 5431 3086 5496 τέλους
3120 5437 3532 5505 παραμένουσιν
3563 5438 3623 5488 ἐν
3659 5438 3848 5506 πληρο-

2279 5519 2443 5589 φορίᾳ
2464 5519 2702 5585 πίστεως
2728 5524 2823 5574 καὶ
2853 5525 3110 5594 σπουδῆς,
3130 5511 3414 5590 αἰτοῦντες
3432 5529 3523 5580 καὶ
3548 5529 3846 5595 ζητοῦντες,

2279 5613 2327 5662 εἰ
2359 5611 2434 5682 μὴ
2462 5618 2935 5684 περικακήσαντες
2980 5620 3073 5669 καὶ
3118 5620 3537 5684 ὑποστείλαντες
3574 5625 3848 5690 ἀποστριο

2280 5703 2444 5772 φῶσι,
2479 5705 2572 5758 καὶ
2605 5707 3006 5778 ἀπιστήσαντες
3039 5711 3130 5762 καὶ
3157 5711 3557 5774 ἀπελπίσαντες
3589 5713 3851 5780 chirogr-

2285 5812 2437 5863 σωσι,
2469 5797 2542 5868 μὴ
2576 5799 2655 5862 είς
2683 5799 2835 5863 τέλος
2860 5800 3251 5871 ὑπομείναντες
3290 5803 3377 5857 διά
3411 5804 3511 5874 τὴν
3540 5804 3848 5873 παραΰσλην
