3966 6558
165 337 260 400 717

1333 341 1702 404 HOMILI/E.
1732 367 1803 378 —
1835 342 2020 404 HOM.
2055 343 2270 406 XXIX.

3297 337 3429 407 713"

166 450 256 505 τοῦ
307 446 521 519 χρόνου,
559 446 741 501 καὶτὸ
778 448 1072 521 δοκιμάσαι
1119 450 1180 504 τὺ
1231 449 1441 523 θέλημα
1489 454 1583 506 καὶ
1636 454 1727 525 τὴν

1839 455 2000 510 ﬁnem
2047 470 2222 524 usque
2276 462 2502 525 propter
2544 454 2980 526 interjectionem
3026 457 3310 527 temporis,
3338 474 3402 514 ac

166 541 498 612 προαίρεσιν.

231 631 304 684 1".
346 629 402 683 '0
434 628 543 702 γὰρ
577 631 651 702 μὴ
683 631 868 701 τάχιον
909 631 1225 702 λαμϐάνων,
1274 633 1362 688 διά
1405 636 1504 706 τῆς
1538 634 1732 691 ἀναδο-

165 725 259 794 λῆς
286 723 374 778 καὶ
407 723 790 794 μακροθυμίας
817 723 910 778 τοῦ
938 724 1073 778 Θεοῦ
1116 725 1279 779 πλέον
1310 727 1610 793 ἐκκαίεται,
1635 731 1730 782 καὶ

166 817 321 872 πλέον
350 816 602 888 ὀρέγεται
649 817 757 870 τῶν
803 818 1070 888 οὐρανίων
1102 819 1345 886 ἀγαθῶν,
1381 821 1475 875 καὶ
1509 821 1731 877 πλείονα

165 911 322 964 πόθον
347 911 440 962 καὶ
465 908 723 980 σπουδὴν,
746 911 840 963 καὶ
860 909 1057 980 δρόμον
1081 911 1175 964 καὶ
1200 911 1407 979 ἀγῶνα,
1431 912 1525 966 καὶ
1549 916 1727 968 πᾶσαν

163 1001 352 1071 ἀρετῆς
395 1000 750 1066 κατάστασιν,
787 1001 882 1055 καὶ
931 1003 1140 1066 πεῖναν,
1191 1002 1286 1056 καὶ
1331 1002 1510 1071 δίψαν,
1542 1006 1620 1069 είς
1667 1005 1729 1059 τὸ

164 1093 356 1162 ἀγαθὸν
387 1093 660 1163 ὁσημέραι
704 1094 1051 1164 προστίθησι,
1104 1095 1177 1166 μὴ
1213 1097 1582 1166 χαυνούμενος
1624 1099 1729 1152 ὑπὸ

163 1186 266 1239 τῶν
295 1188 391 1254 τῆς
445 1185 643 1248 κακίας
675 1185 952 1256 λογισμῶν
989 1186 1098 1241 τῶν
1137 1189 1402 1244 συνόντων
1446 1194 1511 1260 τῇ
1557 1191 1727 1262 ψυχῇ,

165 1278 252 1332 καὶ
281 1280 358 1338 είς
385 1276 700 1347 ὀλιγωρίαν.
746 1277 840 1331 καὶ
879 1278 1339 1351 ἀνυπομονησίαν,
1376 1281 1471 1335 καὶ
1498 1283 1731 1336 ἀπελπι-

166 1368 293 1438 σμὸν
321 1367 742 1436 ἐκτρεπόμενος,
778 1369 810 1438 ἢ
841 1368 1006 1424 πάλιν
1039 1371 1312 1441 προφάσει
1347 1373 1730 1444 μακροθυμίας

165 1463 238 1523 εἰς
263 1459 534 1530 χαύνωσιν
566 1459 760 1512 ἐαυτὸν
779 1460 1038 1532 ἐπιδώσῃ,
1071 1463 1316 1532 λογισμῷ
1341 1463 1564 1534 τοιούτῳ
1586 1465 1729 1535 χρώ-

167 1551 416 1624 μενο;,ὼς
436 1553 517 1605 ὅτι
555 1552 694 1606 Ὅτε
722 1551 945 1619 δήποτε
968 1554 1250 1623 λαμϐάνω
1273 1555 1387 1623 τὴν
1417 1555 1593 1625 χάριν
1622 1557 1728 1612 τοῦ

165 1641 305 1696 Θεοῦ
322 1658 344 1707 ;
373 1641 670 1697 κάντεῦθεν
696 1645 776 1706 είς
806 1643 1068 1712 ἀμέλειαν
1097 1645 1200 1698 ὐπὸ
1228 1645 1326 1713 τῆς
1362 1647 1562 1709 κακίας
1592 1647 1728 1701 ὐπο-

71 1767 79 1774 -
163 1736 543 1806 κλεπτόμενος.
589 1737 728 1791 Ἀλλ’
763 1737 848 1805 ἐφ’
873 1737 995 1792 ὅσον
1019 1739 1180 1801 αὐτὸς
1211 1741 1238 1792 ὁ
1278 1739 1480 1809 Κύριος
1511 1740 1600 1794 διὰ
1628 1740 1729 1811 τῆς

163 1828 427 1896 ἀναϐολῆς
485 1831 831 1901 μακροθυμεῖ
885 1831 970 1883 ἐπ’
1019 1831 1203 1900 αὐτῷ,
1259 1831 1568 1901 δοκιμάζων
1628 1831 1726 1903 τὴν

163 1920 337 1972 πίστιν
371 1921 468 1973 καὶ
497 1922 596 1989 τὴν
631 1921 852 1990 ἀγάπην
880 1919 973 1973 τοῦ
1011 1919 1318 1990 θελήματος
1349 1922 1536 1985 αὐτοῦ,
1568 1923 1730 1987 αὐτὸς

163 2012 442 2082 ὀξυτέρως,
475 2013 566 2064 καὶ
589 2012 880 2068 ἐκπονεστέ
891 2029 1018 2080 ρως,
1045 2013 1138 2065 καὶ
1161 2012 1445 2078 ἀνενδεῶς,
1476 2013 1568 2067 καὶ
1591 2015 1729 2066 ἀπε-

167 2104 472 2174 ρικακήτως
523 2103 728 2171 ὀφείλει
767 2103 950 2171 ζητεῖν
1004 2105 1102 2174 τὴν
1159 2106 1368 2175 δωρεὰν
1419 2106 1513 2160 τοῦ
1569 2105 1727 2172 Θεοῦ,

164 2193 300 2260 ἅπαξ
354 2193 740 2258 πεπιστευκὼς
786 2195 880 2248 καὶ
933 2195 1357 2266 πληροφορήσας
1404 2197 1616 2262 ἑαυτὸν,
1646 2198 1729 2252 ὅτι

167 2287 292 2348 Θεδς
317 2285 557 2356 ἀψευδὴς
605 2287 698 2339 καὶ
739 2286 994 2356 ἀληθινός
1044 2288 1213 2353 ἐστιν,
1261 2288 1728 2360 ἐπαγγειλάμενος

168 2377 356 2430 διδόναι
385 2380 500 2440 τοῖς
533 2377 670 2446 μετά
710 2378 945 2441 πίστεως
978 2378 1190 2431 αἰτοῦσι
1230 2379 1327 2450 τὴν
1361 2379 1522 2451 χάριν
1561 2379 1728 2434 αὐτοῦ

160 2468 258 2530 ἓως
280 2468 489 2533 τέλους,
522 2469 580 2522 ἐν
615 2468 764 2541 πάσῃ
794 2469 1062 2539 ὑπομονῇ.

224 2561 292 2610 Δ’.
340 2559 476 2621 Ταῖς
504 2560 612 2630 γὰρ
646 2563 867 2623 πισταῖς
908 2559 1108 2630 ψυχαῖς
1155 2562 1346 2626 πιστὸς
1389 2563 1483 2617 καὶ
1521 2563 1726 2635 ἀληθὴς

169 2651 362 2720 ἡγεῖται
384 2652 412 2702 ὁ
447 2651 598 2716 Θεὸς,
629 2653 722 2705 καὶ
753 2653 1093 2721 ἐσφράγισαν
1119 2654 1199 2707 ὅτι
1230 2655 1438 2726 ἀληθής
1465 2657 1601 2722 ἐστι,
1626 2675 1730 2712 κα..

161 2742 223 2795 τὰ
247 2743 333 2794 τὸν
367 2742 545 2814 ἀληθῆ
578 2742 753 2810 λόγον.
773 2743 1104 2808 Ἀκολούθως
1135 2745 1226 2798 οὐν
1254 2750 1318 2818 τῇ
1354 2749 1726 2822 προειρημένη

160 2840 253 2908 τῆς
292 2838 530 2900 πίστεως
569 2837 746 2909 ἐννοίᾳ
787 2837 1172 2908 ἀνακρίνουσιν
1217 2841 1436 2904 ἑαυτὰς,
1490 2843 1547 2894 ἐν
1586 2842 1729 2896 τίσιν

162 2927 438 2997 ὐττεροῦσι
483 2929 546 2983 τὸ
597 2930 721 2984 ὅσον
769 2930 827 2995 ἐξ
856 2921 1122 3000 αὐτῶν,ἢ
1177 2932 1408 3002 πόνῳ,ἢ
1453 2933 1648 3001 ἀγῶνι,
1695 2935 1727 3004 ἢ

163 3019 373 3090 σπουδῇ,
410 3021 444 3091 ἦ
479 3021 679 3084 πίστει,
711 3021 744 3092 ἢ
773 3022 981 3094 ἀγάπῃ,
1015 3021 1046 3090 ἢ
1075 3025 1139 3092 τῇ
1182 3022 1338 3094 λοιπῇ
1379 3024 1487 3076 τῶν
1519 3025 1728 3094 ἀρετῶν

1830 546 2212 616 probationem
2244 547 2548 603 voluntatis
2577 556 2633 602 et
2664 546 2952 617 propositi.

1900 639 1991 693 ιιι.
2049 639 2153 704 Qui
2198 639 2347 694 enim
2393 655 2504 694 non
2562 640 2850 695 confestim
2911 641 3129 710 accipit,
3179 650 3404 712 propter

1830 727 2148 784 dilationem
2197 743 2264 784 ac
2313 729 2779 800 longanimitatem
2832 731 2950 796 Dei,
2988 731 3272 786 ardentius
3303 747 3398 786 ac-

1829 820 2106 887 cenditur,
2152 820 2644 892 vehementiusque
2682 823 2891 892 appetit
2935 823 3178 878 cmlestia
3232 823 3396 889 bona,

1835 921 2000 982 atque
2026 915 2202 984 majus
2236 914 2593 980 desiderium,
2640 916 2905 980 studium,
2942 932 3184 982 cursum,
3219 927 3400 972 certa-

1828 1020 1977 1070 men,
2001 1020 2217 1060 omnem
2247 1007 2468 1062 virtutis
2508 1017 2730 1073 statum,
2777 1008 3013 1062 esuriem
3046 1019 3101 1064 et
3141 1008 3288 1064 sitim
3330 1007 3402 1064 ad

1827 1095 2033 1149 bonum
2066 1096 2312 1165 quotidie
2358 1098 2606 1167 apponit,
2665 1113 2777 1153 non
2833 1098 3012 1154 factus
3054 1099 3335 1155 remissior
3368 1115 3400 1155 α

1829 1185 2034 1240 malitia
2053 1186 2446 1257 cogitationum
2466 1187 2662 1242 animae
2677 1187 3085 1253 inhaerentium,
3109 1199 3165 1244 et
3188 1189 3244 1244 in
3269 1205 3400 1244 con-

1832 1287 2122 1348 temptura,
2154 1279 2549 1348 impatientiam
2587 1294 2652 1334 ac
2690 1280 3130 1349 desperationem
3169 1296 3400 1335 conver-

1831 1384 1922 1424 sus
1947 1387 1961 1424 :
1985 1377 2081 1424 aut
2114 1376 2327 1437 contra,
2358 1380 2624 1440 prmtextu
2652 1371 3104 1442 longanimitatis,
3135 1372 3402 1428 socordiae

1832 1477 1891 1516 se
1915 1461 2094 1531 ipsum
2111 1461 2294 1526 dedat,
2308 1463 2411 1518 hac
2429 1463 2758 1533 cogitatione
2776 1479 2928 1528 usus,
2943 1479 3160 1533 nempe,
3179 1463 3400 1529 Quando

1830 1569 2125 1624 consequar
2153 1555 2386 1624 gratiam
2410 1553 2543 1608 Dei?
2573 1554 2700 1610 inde
2723 1554 2792 1609 ad
2821 1553 3205 1625 negligentiam
3225 1571 3254 1609 a
3283 1571 3401 1609 ma-

1830 1646 1948 1700 litia
2001 1646 2320 1716 subreptus.
2371 1645 2442 1700 At
2492 1661 2623 1702 vero
2673 1656 2878 1716 quanto
2920 1645 3092 1716 magis
3137 1647 3404 1700 Dominus

1832 1741 1947 1810 ipse
1973 1739 2276 1797 differendo
2310 1739 2682 1810 longanimum
2716 1755 2774 1793 se
2818 1747 3042 1809 praestat
3080 1753 3207 1806 erga
3251 1752 3400 1801 eum,

1832 1830 2150 1886 examinans
2190 1831 2351 1886 ﬁdem
2391 1845 2455 1885 ac
2499 1829 2850 1884 dilectionem
2896 1827 3196 1882 voluntatis
3243 1826 3401 1897 ejus;

1833 1931 1987 1978 tanto
2019 1924 2223 1989 acrius,
2261 1930 2414 1978 tanto
2442 1923 2782 1994 diligentius,
2818 1922 3099 1977 irremisse
3147 1936 3211 1975 ac
3244 1920 3401 1974 inde-

1833 2016 2186 2086 fatigabiliter
2214 2017 2494 2086 inquirere
2521 2017 2684 2070 debet
2713 2015 2917 2070 donum
2945 2014 3064 2077 Dei,
3093 2013 3262 2067 semel
3284 2026 3405 2066 στε-

1830 2108 1984 2174 dens,
2016 2124 2079 2165 ac
2101 2118 2252 2165 certa
2279 2108 2477 2163 ﬁducia
2506 2106 2611 2163 sibi
2643 2106 2976 2177 persuadens
3025 2106 3193 2160 Deum
3247 2089 3404 2156 men-

1831 2197 1975 2252 daeii
2019 2205 2298 2268 expertem
2335 2212 2398 2250 ac
2435 2210 2687 2250 veracem
2727 2209 2870 2257 esse,
2913 2194 3008 2262 qui
3037 2193 3287 2262 promisit
3340 2205 3398 2244 se

1830 2289 2086 2346 daturum
2143 2291 2372 2360 gratiam
2421 2303 2574 2344 suam
2627 2287 2684 2341 in
2739 2286 2845 2341 ﬁde
2892 2301 3013 2340 eam
3066 2284 3408 2355 petentibus,

1831 2396 2006 2452 usque
2033 2381 2101 2438 ad
2134 2382 2298 2442 ﬁnem
2328 2395 2455 2437 cum
2489 2378 2638 2434 omni
2672 2377 2958 2448 patientia.

1901 2557 1988 2612 IV.
2036 2557 2251 2611 Fideles
2278 2554 2425 2612 enim
2453 2555 2649 2610 animae
2678 2553 2893 2608 ﬁdelem
2925 2567 2989 2609 ac
3017 2567 3265 2608 veracem
3291 2552 3405 2607 exi-

1831 2651 2057 2705 stimant
2084 2649 2278 2712 Deum,
2323 2655 2371 2702 et
2411 2646 2840 2716 obsignaverunt,
2873 2645 3010 2716 quod
3037 2660 3198 2700 vorax
3229 2646 3295 2698 sit
3333 2643 3401 2706 ’⁸,

1831 2749 1894 2798 ιιι
1918 2755 2080 2796 verus
2103 2754 2287 2798 sermo
2316 2737 2594 2810 perhibet.
2634 2736 3048 2808 Conscquenter
3068 2735 3404 2806 igiturjuxta

1831 2832 2145 2902 praedictam
2189 2829 2313 2884 ﬁdei
2363 2828 2616 2884 notitiam
2642 2827 2948 2900 dijudicant
2983 2842 3040 2882 se
3071 2827 3235 2896 ipsas,
3265 2841 3405 2895 qua-

1832 2939 1953 2978 rum
1990 2939 2174 2978 rerum
2225 2923 2469 2992 inopiam
2510 2922 2812 2992 patiantur,
2856 2928 3120 2990 quantum
3148 2928 3400 2988 possunt,

1834 3016 1948 3070 sive
1982 3015 2193 3078 labore,
2223 3017 2338 3069 sive
2386 3013 2707 3077 certamine,
2751 3012 2864 3066 sive
2896 3010 3098 3074 studio,
3126 3010 3241 3064 sive
3274 3008 3404 3071 ﬁde,

161 3113 517 3168 καταστάσει·
550 3115 642 3166 καὶ
663 3115 1049 3185 ἁνακρίνουσαι
1068 3115 1125 3166 ἐν
1148 3116 1298 3186 πάσῃ
1341 3117 1596 3190 ἀκριϐείᾳ
1647 3118 1727 3171 λε-

1835 3107 1948 3162 sive
1975 3105 2292 3165 dilectione,
2324 3104 2439 3158 sive
2466 3104 2674 3173 reliqua
2715 3103 2983 3158 virtutum
3012 3101 3128 3155 acie
3164 3118 3175 3153 :
3207 3109 3262 3154 et
3309 3099 3402 3154 tibi

162 3205 432 3273 πτότητος,
471 3205 768 3275 βιάζονται,
816 3211 912 3277 ὅση
963 3207 1213 3276 δύναμις,
1237 3211 1329 3262 καὶ
1359 3209 1620 3278 ἄγχουσιν
1652 3213 1730 3274 είς

81 3322 88 3328 ’
161 3297 252 3366 τὴν
279 3297 638 3368 εὐαρέστησιν
673 3299 766 3352 τοῦ
794 3301 1024 3372 Κυρίου,
1057 3299 1204 3364 ἅπαξ
1234 3299 1615 3365 πιστεύσασαι,
1647 3301 1729 3354 ὅτι

161 3389 186 3441 ὁ
215 3389 338 3452 Θεὸς
365 3390 576 3460 ἀληθὴς
617 3392 692 3444 ὢν
720 3393 778 3445 οὐ
826 3395 1079 3464 στερήσει
1131 3394 1228 3460 τῆς
1272 3392 1364 3445 τοῦ
1415 3391 1729 3460 Πνεύματος

163 3481 356 3553 δωρεᾶς
389 3484 583 3549 αὐτάς,
619 3486 666 3537 εί
698 3486 1114 3557 παραμείνωσιν
1153 3486 1258 3548 ἕως
1292 3485 1481 3548 τέλους
1523 3486 1603 3549 είς
1633 3484 1731 3556 τὴν

162 3580 287 3640 πρὸς
313 3576 480 3629 αὐτὸν
511 3576 598 3630 διά
626 3576 806 3647 πάσης
848 3577 1084 3647 σπουδῆς
1117 3575 1372 3648 λατρείαν
1404 3577 1497 3630 καὶ
1525 3577 1731 3647 ἀναμο-

160 3667 266 3737 νην,
302 3667 436 3722 ἀλλά
481 3668 988 3737 καταξιωθήσονται
1031 3670 1131 3740 τῆς
1177 3669 1432 3740 οὐρανίου
1483 3671 1727 3740 χάριτος,

159 3759 228 3822 ὡς
256 3759 333 3812 ἔτι
364 3762 419 3813 ὲν
445 3762 610 3833 σαρκὶ
639 3761 1026 3832 τυγχάνουσαι,
1070 3762 1164 3816 καὶ
1197 3763 1297 3832 τῆς
1326 3763 1545 3816 αἰωνίου
1583 3761 1730 3832 ζωῆς

158 3851 449 3917 τεύξονται.

222 4026 294 4086 E'.
328 4029 442 4085 Καὶ
493 4029 668 4094 οὓτως
710 4030 956 4086 κινοῦσιν
999 4032 1128 4103 ὃλην
1166 4027 1263 4102 τὴν
1297 4031 1519 4103 ἀγάπην
1548 4031 1728 4086 αὐτῶν

159 4122 287 4195 πρὸς
318 4123 409 4178 τὸν
457 4123 686 4196 Κύριον,
741 4126 1120 4197 ἀρνησάμεναι
1169 4123 1373 4189 πάντα,
1422 4125 1518 4177 καὶ¹
1564 4124 1730 4177 αὐτὸν

161 4215 311 4284 μόνον
342 4217 400 4270 ἐν
429 4216 601 4289 πολλῇ
633 4215 923 4288 ἐπιθυμίᾳ,
953 4218 1047 4270 καὶ
1075 4217 1235 4286 πείνῃ
1251 4218 1344 4269 καὶ
1376 4215 1519 4286 δίψει
1557 4232 1730 4286 προσ-

157 4307 404 4374 δοκῶσαι,
453 4311 551 4365 καὶ⁴
602 4310 701 4381 τὴν
752 4310 1058 4364 ἀνάπαυσιν
1104 4313 1198 4363 καὶ
1237 4308 1586 4378 παράκλησιν
1631 4309 1730 4379 τῆς

158 4401 366 4472 χάριτος
398 4402 755 4472 ἐκδεχόμεναι
790 4403 1020 4456 πάντοτε
1058 4403 1152 4454 καὶ
1179 4401 1270 4454 ἐπὶ
1304 4401 1494 4471 μηδεν)⁸
1524 4402 1716 4456 τούτου

1832 3215 1890 3254 se
1921 3197 2288 3253 examinarint
2319 3196 2543 3257 omnino
2572 3204 2829 3250 accurate
2859 3202 2914 3248 et
2939 3192 3236 3254 subtiliter,
3255 3205 3406 3245 com-

1833 3290 2064 3360 pellunt,
2092 3303 2192 3357 pro
2219 3287 2452 3348 viribus,
2473 3295 2634 3355 atque
2655 3285 2884 3356 adigunt
2910 3298 2967 3338 se
2996 3283 3141 3352 ipsas
3165 3281 3232 3336 ad
3262 3281 3404 3335 bene

1833 3379 2158 3450 placendum
2211 3378 2472 3443 Domino;
2526 3375 2732 3447 quippe
2777 3389 2899 3446 quae
2941 3373 3108 3429 semel
3149 3370 3404 3426 credide--

1832 3480 1960 3528 runt
2018 3474 2189 3528 Deum
2228 3511 2242 3537 ,
2297 3469 2390 3540 qui
2443 3484 2606 3524 verax
2637 3475 2742 3532 est,
2793 3481 2901 3520 non
2935 3464 3277 3534 privaturum
3312 3477 3411 3517 eas

1831 3565 1977 3620 dono
2004 3564 2260 3636 Spiritus,
2295 3563 2342 3629 si
2384 3558 2791 3632 permanserint
2836 3571 3009 3629 usque
3050 3555 3116 3612 ad
3157 3555 3316 3612 ﬁnem
3350 3554 3404 3609 in

1832 3659 1982 3715 cultu
2011 3666 2176 3727 atque
2203 3653 2614 3726 exspectatione
2636 3667 2760 3708 cum
2797 3650 2946 3704 omni
2978 3648 3282 3719 diligentia,
3310 3647 3405 3701 sed

1831 3752 2022 3820 dignas
2072 3765 2129 3804 se
2166 3757 2481 3817 reputatum
2528 3745 2593 3798 iri
2639 3744 2849 3799 cmlesti
2896 3741 3089 3811 gratia,
3121 3749 3182 3794 ut
3227 3739 3407 3794 adhuc

1833 3845 1888 3898 in
1919 3857 2086 3899 carne
2125 3840 2473 3904 exsistentcs,
2521 3846 2684 3908 atque
2712 3835 2881 3890 vitam
2911 3841 3173 3888 aeternam
3208 3846 3406 3887 conse-

1831 3944 2074 3992 ευιυτοε.

1901 4029 1967 4083 V.
2007 4027 2185 4096 Atque
2221 4024 2326 4078 hoc
2350 4030 2510 4092 pacto
2534 4028 2681 4074 mota
2710 4017 2859 4072 omni
2891 4015 3188 4071 dilectione
3216 4026 3313 4068 sua
3337 4009 3403 4065 ad

1831 4115 2162 4178 Dominum,
2217 4110 2628 4180 repudiatisque
2697 4105 3000 4169 omnibus,
3046 4117 3174 4158 eum
3228 4099 3404 4155 solum

1832 4222 2046 4264 summo
2082 4203 2381 4266 desiderio,
2413 4200 2596 4256 esurie
2624 4209 2681 4255 et
2714 4198 2804 4253 siti
2832 4203 3184 4266 eXSpectant;
3219 4201 3274 4248 et
3311 4207 3403 4248 re-

1831 4297 2164 4354 creationem
2203 4301 2259 4349 et
2292 4289 2722 4348 consolationem
2753 4287 2941 4358 gratiae
2967 4293 3233 4356 perpetuo
3261 4298 3405 4352 prte-

1832 4384 2114 4454 stolantes,
2150 4388 2206 4442 in
2239 4385 2387 4440 nulla
2419 4399 2479 4439 re
2527 4382 2694 4454 hujus
2739 4379 2928 4434 mundi
2971 4377 3405 4435 consolationem

156 4493 243 4548 τοῦ
269 4496 476 4565 κόσμου
509 4495 1023 4565 παρακαλούμεναι,
1048 4496 1140 4548 καὶ
1169 4495 1606 4562 ἀναπαυόμεναι,
1635 4495 1727 4548 καὶ

1835 4481 2113 4551 accipiunt
2145 4488 2200 4533 et
2227 4475 2602 4546 requiescunt,
2635 4488 2699 4528 ac
2721 4473 2866 4527 ultro
2891 4471 3068 4541 ligatae
3110 4477 3235 4524 sunt
3265 4485 3279 4522 :
3311 4468 3408 4524 sed

157 4586 515 4660 δεσμούμεναι
568 4588 860 4650 ἑκουσίως*
912 4588 1046 4641 ἀλλά
1079 4588 1309 4642 πάντοτε
1364 4591 1477 4651 τοῖς
1524 4587 1728 4652 ὐλικοῖς

158 4679 429 4750 λογισμοῖς
482 4681 887 4749 ἀντιλέγουσαι,
932 4679 1030 4750 τὴν
1054 4679 1147 4733 τοῦ
1192 4678 1326 4732 Θεοῦ
1356 4679 1606 4751 βοήθειαν
1634 4680 1729 4732 καὶ

158 4774 430 4843 ἀντίληψιν
480 4773 642 4845 μόνον
683 4771 1076 4842 προσδοκῶσιν,
1112 4773 1274 4825 ὁπότε
1309 4773 1432 4834 ταῖς
1473 4772 1727 4842 τοιαύτην

159 4867 384 4938 σπουδὴν
409 4867 508 4920 καὶ¹
537 4865 858 4937 προαίρεσιν
885 4867 979 4918 καὶ
1006 4863 1280 4936 ὑπομονὴν
1303 4864 1728 4935 ἀναδεχομέναις

156 4959 343 5029 ψυχαῖς
383 4959 551 5021 αὐτὸς
581 4959 608 5010 ό
659 4957 861 5027 Κύριος
884 4957 1001 5027 ἱῆδη
1049 4955 1308 5026 κρυπτῶς
1350 4954 1586 5019 σύνεστι,
1631 4956 1726 5007 καὶ

159 5051 354 5124 βοηθεῖ,
397 5051 496 5104 κα)⁴
544 5049 910 5119 διαφυλάττει,
958 5049 1052 5101 καὶ
1103 5047 1452 5118 ὐποστηρίζει
1494 5046 1725 5101 ἕκαστον

157 5145 247 5214 τῆς
273 5144 477 5215 ἀρετῆς
507 5143 718 5213 καρπόν
739 5159 752 5173 ·
795 5141 897 5196 κᾶν
930 5142 988 5196 ἐν
1020 5141 1166 5210 πόνῳ
1190 5140 1282 5193 καὶ
1309 5138 1485 5209 θλίψει
1519 5139 1724 5209 τυγχά-

155 5251 302 5296 νωσι,
347 5224 460 5289 ua»;
505 5235 565 5287 ἐν
605 5233 899 5302 ἐπιγνώσει
947 5232 1223 5303 ἀληθείας,
1279 5231 1373 5285 καὶ
1423 5230 1728 5302 φανερώσει

156 5326 586 5398 ψυχῆςίούδέπω
606 5326 932 5397 ἐκομίσαντο
962 5325 1058 5396 τὴν
1079 5325 1238 5394 χάριν
1265 5324 1358 5378 τοῦ
1385 5323 1724 5394 Πνεύματος,

157 5417 246 5472 καὶ
281 5419 382 5489 τὴν
426 5418 738 5472 ἀνάπαυσιν
770 5417 870 5485 τῆς
913 5416 1236 5484 ἐπουρανίου
1264 5414 1492 5484 δωρεᾶς,
1527 5414 1619 5466 καὶ
1669 5415 1725 5466 ἐν

159 5509 496 5581 πληροφορίᾳ
531 5511 629 5564 οὐκ
675 5510 902 5581 ᾔσθοντο
937 5509 1142 5576 ταύτης
1184 5507 1272 5561 διὰ
1316 5506 1412 5577 τὴν
1447 5505 1543 5558 τοῦ
1589 5503 1723 5558 Θεοῦ

161 5601 387 5672 ἄρρητον
423 5603 640 5670 σοφίαν,
665 5604 756 5658 καὶ
789 5603 854 5658 τὰ
892 5601 1252 5672 ἀνεκδιήγητα
1287 5598 1552 5668 κρίματα,
1579 5596 1724 5650 δοκι-

215 5779 258 5811 "
291 5780 448 5836 Joan.
476 5797 557 5846 ιιι,
581 5781 666 5836 35.

1831 4575 2032 4631 crassis
2060 4586 2278 4642 semper
2317 4565 2746 4639 c0gitationibus
2777 4561 3410 4626 contradicentes,auxi-

1830 4671 1964 4726 lium
1988 4679 2170 4742 atque
2188 4664 2694 4722 remunerationem
2715 4661 2812 4717 Dei
2841 4668 3051 4715 tantum
3065 4667 3406 4728 exspectant,

1835 4759 1994 4831 114
2014 4775 2138 4814 cum
2169 4755 2484 4828 hujusmodi
2501 4754 2708 4818 studio,
2730 4753 3038 4808 intentione
3060 4766 3122 4805 ac
3147 4749 3408 4820 patientia

1831 4851 2076 4922 prazditis
2092 4849 2290 4902 animis
2312 4847 2426 4917 ipse
2447 4845 2710 4900 Dominus
2728 4845 2838 4913 jam
2863 4843 3074 4896 occulte
3093 4840 3254 4904 adsit,
3279 4854 3410 4907 sup-

1832 4944 2006 5014 petias
2035 4942 2193 5004 ferat,
2229 4946 2518 4994 conservet
2545 4945 2601 4992 et
2636 4935 2914 4990 suﬁ‘ulciat
2948 4947 3168 4988 omnem
3188 4931 3410 4984 virtutis

1832 5035 2072 5090 fructum
2113 5053 2126 5088 :
2176 5049 2240 5088 ac
2276 5032 2407 5087 licet
2450 5031 2505 5084 in
2551 5029 2740 5084 labore
2771 5036 2827 5082 et
2872 5025 3167 5080 aﬂlictione
3196 5025 3327 5088 sint,
3353 5033 3409 5076 et

1835 5129 1889 5182 in
1921 5127 2236 5199 cognitione
2263 5123 2513 5179 veritatis
2544 5131 2601 5178 et
2628 5119 2997 5176 illustratione
3023 5117 3240 5182 anima),
3264 5131 3406 5170 non-

1836 5220 1968 5274 dum
1998 5228 2180 5274 tamen
2208 5224 2517 5272 consecuta:
2536 5224 2667 5269 sunt
2685 5212 2916 5286 gratiam
2943 5209 3203 5279 Spiritus,
3229 5224 3294 5263 ac
3323 5224 3410 5262 rc-

1834 5313 2168 5370 creationem
2201 5309 2443 5365 cmlestis
2471 5306 2624 5367 doni,
2663 5321 2763 5360 nec
2790 5305 2842 5357 in
2877 5303 3039 5372 plena
3070 5300 3175 5355 ﬁde
3206 5299 3408 5355 consti-

1835 5415 1965 5461 tutae
2013 5410 2381 5475 perceperunt
2428 5415 2573 5463 eam,
2613 5405 2836 5467 propter
2884 5407 3143 5449 arcanam
3189 5391 3407 5462 sapien-

1835 5500 1985 5564 tiam,
2014 5505 2069 5552 ct
2099 5492 2489 5550 incnarrabilia
2517 5489 2723 5562 judicia
2758 5487 2878 5552 Dei,
2905 5487 3000 5558 qui
3030 5485 3196 5541 variis
3231 5483 3411 5542 modis

1833 5593 2023 5649 ﬁdeles
2053 5591 2266 5646 animas
2309 5587 2528 5659 probat,
2564 5593 2622 5641 ct
2655 5583 3003 5640 dilectionem
3033 5596 3100 5636 cx
3130 5580 3408 5634 voltuitate
