3966 6556
567 330 676 397 719

1800 339 1861 400 S.
1900 339 2220 400 MACARII
2261 336 2582 401 IEGYPTII

3690 337 3779 401 πο

568 451 626 498 et
679 443 963 514 proposito
1006 451 1317 498 manantem
1370 443 1639 500 intuetur.
1696 444 1941 500 Termini
1994 447 2141 501 enim

2248 447 2513 517 μὰζοντος
2563 448 2837 516 διαφόρως
2866 446 2965 510 τάς
2992 444 3353 505 rcta-reuolue;
3380 444 3573 517 ψυχάς,
3604 450 3691 501 καὶ
3715 455 3782 517 είς

569 536 791 605 quidam
820 545 971 602 sunt,
1008 550 1280 592 mensurae
1306 552 1371 591 ac
1394 538 1632 601 trutinae,
1656 537 1841 592 libera:
1869 538 2135 593 intentio-

571 626 679 692 nis,
706 636 763 683 et
786 628 1111 683 voluntaria:
1140 628 1475 693 dilectionis,
1500 637 1663 697 atque
1686 628 1992 684 aﬁ‘ectionis
2016 644 2142 699 erga

572 718 757 774 omnia
794 728 979 775 sancta
1025 721 1147 792 ejus
1197 719 1473 784 mandata,
1522 726 1787 789 quantum
1827 720 1978 775 licet.
2023 720 2144 786 Quo

574 811 656 875 ﬁt,
704 818 766 866 ut
814 812 1031 876 animae,
1087 828 1206 882 qua:
1254 812 1484 881 implent
1528 810 1730 867 amoris
1757 812 1942 881 {atque
1980 812 2142 867 officii

575 899 661 953 sui
695 915 1033 965 mensuram,
1059 914 1229 971 regno
1256 915 1321 954 ac
1352 899 1464 954 vita
1501 910 1708 957 aeterna
1754 900 1966 956 idonea:
1991 899 2142 971 judi-

575 1000 792 1048 cantur.

648 1186 736 1248 Vl.
776 1190 966 1248 Justus
992 1192 1141 1248 enim
1176 1190 1323 1248 Deus
1353 1200 1459 1256 est,
1492 1202 1549 1247 et
1584 1191 1733 1263 justa
1770 1190 1973 1262 judicia
2000 1192 2139 1263 ejus,

574 1296 755 1354 neque
786 1291 1070 1353 respectus
1102 1299 1458 1355 personarum
1501 1285 1644 1355 apud
1676 1300 1802 1339 eum
1834 1285 2018 1340 ullus:
2046 1285 2143 1340 sed

576 1384 675 1444 pro
697 1375 859 1429 modo
879 1374 1295 1439 beneﬁciorum,
1313 1375 1430 1430 sive
1463 1375 1854 1444 corporalium,
1898 1374 2013 1429 sive
2036 1375 2145 1444 spi-

575 1465 881 1531 ritualium,
916 1466 1030 1521 sive
1053 1466 1316 1529 scientiae,
1349 1465 1465 1520 sive
1490 1465 1802 1519 intellectus
1831 1466 1975 1536 (qua:
1996 1465 2142 1520 Deus

575 1564 786 1610 natura:
809 1571 1031 1626 quoque
1062 1555 1317 1609 humanae
1349 1555 1501 1609 varie
1536 1555 1758 1624 indidit)
1790 1555 2143 1626 judicaturus

576 1660 1043 1715 unumquemque,
1076 1644 1286 1699 fructus
1306 1644 1530 1699 virtutis
1559 1644 1826 1714 requiret,
1856 1652 1913 1699 et
1942 1661 2041 1715 pro
2064 1646 2146 1699 di-

575 1736 781 1805 gnitate
809 1736 999 1791 reddet
1028 1736 1229 1806 cuique
1255 1737 1410 1807 juxta
1436 1750 1603 1805 opera
1627 1736 1782 1807 ejus;
1817 1746 1874 1791 et
1901 1754 1913 1789 :
1948 1736 2142 1790 Poten-

2246 540 2345 610 τὴν
2374 540 2438 592 ὲκ
2464 538 2767 609 θελήματος
2798 538 2894 591 καὶ
2930 538 3304 609 προαιρέσεως
3330 538 3548 608 ἀγάπην
3577 541 3783 594 ἀποσκο-

2244 631 2662 703 ποῦντος.“οροι
2686 631 2797 700 γὰρ
2834 630 2931 683 καὶ
2968 630 3146 701 μέτρα
3173 630 3270 683 καί
3302 630 3531 700 σταθμοὶ
3563 631 3657 699 τῆς
3682 634 3785 687 αὺτ-

2245 723 2489 788 εξουσίου
2530 720 2906 793 προαιρέσεώς
2963 724 3092 786 εισι,
3136 722 3229 775 καὶ
3260 720 3358 774 τοῦ
3388 721 3677 791 θελήματος
3707 725 3787 794 τῆς

2245 816 2488 884 ἀγάπης,
2518 815 2612 867 καὶ
2633 814 2734 883 τῆς
2766 815 2845 877 εἰς
2869 814 3050 877 πάσας
3076 814 3175 878 τάς
3204 814 3367 882 ἁγίας
3390 812 3550 867 αὑτοῦ
3577 814 3788 878 ἐντολὰς,

2244 908 2345 978 ὅση
2376 906 2608 976 δύναμις
2637 905 2948 970 διαθέσεως.
2980 907 3091 960 Καὶ
3126 906 3300 969 οὕτως
3330 906 3723 975 ἀναπληροῦται
3742 911 3788 961 σί

2244 999 2417 1069 ψυχαὶ
2442 999 2505 1052 τὸ
2532 1000 2632 1069 τῆς
2661 999 2883 1068 ἀγάπης
2904 998 3082 1052 αὐτῶν
3110 999 3206 1053 καὶ
3227 998 3449 1069 όφειλῆς
3480 997 3691 1069 μέτρον,
3709 1000 3790 1069 τῆς

2246 1092 2527 1165 βασιλείας
2549 1094 2643 1147 καὶ
2671 1096 2771 1163 τῆς
2800 1094 3019 1149 αίωνίου
3044 1093 3191 1162 ζωῆς
3221 1091 3627 1157 καταξιοῦνται.

2318 1189 2412 1255 (τ’.
2444 1185 2665 1270 Δίκαιος
2692 1185 2983 1256 γάρηὲστιν
3009 1184 3039 1236 ὁ
3074 1182 3227 1247 θεὸς,
3257 1184 3354 1236 καὶ
3388 1182 3573 1235 δίκαια
3612 1182 3676 1235 τὰ
3697 1182 3793 1252 κρί-

2251 1296 2398 1351 ματα
2422 1278 2611 1342 αὑτοῦ,
2635 1277 2730 1331 καὶ
2754 1275 3182 1348 προσωποληψία
3210 1275 3340 1345 παρ’
3356 1273 3507 1344 αὐτῷ
3528 1274 3627 1327 οὐκ
3652 1274 3794 1337 ἔστιν,

2249 1372 2384 1427 ἀλλά
2419 1371 2560 1425 κατά
2588 1369 2883 1437 ἀναλογίαν
2911 1369 3021 1423 τῶν
3049 1365 3400 1438 εὐεργεσιῶν,
3431 1368 3552 1437 ἦτοι
3586 1382 3795 1433 σωματιο

2248 1468 2380 1533 κῶν,
2410 1467 2443 1537 ἢ
2476 1464 2884 1534 πνευματικῶν,
2912 1462 3032 1532 ἦτοι
3068 1460 3343 1530 γνώσεως,
3382 1460 3503 1529 ἦτοι
3534 1460 3794 1522 συνέσεως,

2248 1558 2281 1627 ἢ
2315 1556 2661 1625 διακρίσεως,
2709 1552 2746 1606 ἃ
2788 1552 2885 1605 καὶ
2912 1553 2970 1605 ὲν
3009 1553 3077 1621 τῇ
3119 1552 3279 1619 φύσει
3314 1548 3425 1602 τῶν
3454 1546 3797 1617 ἀνθρώπωνό

2249 1650 2381 1712 Θεὸς
2407 1646 2681 1716 διαφόρως
2709 1643 2988 1713 ἐνέθηκεν,
3028 1643 3258 1696 ἕκαστον
3296 1640 3501 1711 κρίνων
3529 1638 3654 1701 τοὺς
3682 1656 3796 1707 καρ-

2250 1743 2386 1804 ποὺς
2418 1740 2518 1810 τῆς
2564 1737 2769 1809 ἀρετῆς
2800 1735 3141 1806 ἐπιζητήσει,
3164 1734 3259 1788 καὶ
3292 1734 3411 1787 κατ’
3430 1732 3593 1797 ἀξίαν
3611 1731 3797 1784 ἀποδώ-

576 1832 649 1880 tes
695 1836 934 1897 potenter
970 1836 1234 1881 tormenta
1301 1829 1573 1897 patientur
1602 1828 1669 1880 "’.
1705 1827 1963 1882 Minimus
1998 1828 2144 1883 enim

2255 1850 2337 1886 σει
2361 1832 2576 1900 ἑκάστῳ
2600 1828 2737 1883 κατά
2768 1827 2834 1881 τὰ
2866 1829 3005 1898 ἔργα
3032 1825 3217 1888 αὑτοῦ,
3242 1824 3339 1879 καί
3368 1822 3615 1877 δυνατοί
3640 1821 3796 1876 δυνα-

572 1920 732 1973 τοιιίε
756 1934 819 1973 ac
842 1919 1223 1974 misericordia
1254 1918 1471 1989 dignus.
1494 1919 1564 1973 Et
1586 1918 1852 1973 Dominus
1882 1920 1959 1973 ait
1984 1936 1997 1973 :
2023 1918 2144 1974 Ser-

572 2026 686 2076 uus,
716 2012 808 2083 qui
850 2015 1087 2084 cognovit
1117 2013 1441 2068 voluntatem
1476 2014 1687 2068 Domini
1730 2016 1836 2080 sui,
1876 2024 1924 2069 et
1960 2030 2062 2068 non
2088 2031 2144 2068 se

572 2106 917 2174 praeparavit,
980 2122 1073 2158 nec
1120 2107 1238 2176 fecit
1289 2108 1577 2187 secundum
1630 2106 1957 2161 voluntatem
2006 2110 2140 2177 eius,

571 2194 747 2266 plagis
783 2197 1056 2267 vapulabit
1095 2196 1297 2251 multis.
1337 2196 1437 2263 Qui
1470 2207 1649 2252 autem
1672 2214 1777 2252 non
1804 2199 2061 2269 cognovit,
2092 2206 2142 2250 et

572 2287 693 2356 fecit
720 2288 879 2359 digna
907 2288 1080 2360 plagis
1106 2332 1120 2356 ,
1155 2290 1427 2360 vapulabit
1457 2292 1661 2362 paucis.
1710 2291 1879 2345 Porro
1924 2293 2141 2345 cuicun-

576 2395 677 2450 que
724 2379 952 2434 multum
977 2382 1161 2435 datum
1190 2392 1287 2447 est,
1325 2383 1550 2437 multum
1575 2393 1843 2453 qumretur
1874 2384 1939 2437 ab
1967 2400 2047 2449 eo,
2092 2390 2142 2437 et

571 2470 657 2523 cui
693 2472 1189 2527 commendaverunt
1233 2473 1480 2539 multum,
1516 2476 1636 2547 plus
1676 2486 1852 2547 petent
1886 2477 1951 2530 ab
1980 2493 2038 2531 eo
2071 2478 2139 2532 θ’.

572 2562 869 2618 Scientiam
896 2572 1080 2619 autem
1106 2574 1162 2620 et
1191 2565 1532 2621 intellectum
1564 2567 1938 2623 diversimode
1971 2568 2141 2623 intel-

569 2652 699 2725 lige,
739 2661 847 2709 tam
878 2656 1183 2710 secundum
1211 2657 1440 2727 gratiam
1469 2667 1526 2712 et
1552 2658 1758 2712 donum
1785 2659 2008 2713 cceleste
2030 2658 2146 2729 Spi-

569 2747 733 2812 ritus,
754 2764 917 2818 quam
947 2749 1250 2803 secundum
1278 2751 1585 2805 naturalem
1610 2766 1961 2822 progressum
1979 2752 2143 2807 intel-

567 2839 745 2895 lectus
765 2849 819 2896 et
858 2840 1232 2906 discretionis,
1259 2851 1425 2912 atque
1453 2860 1483 2898 e
1514 2843 1691 2898 sacris
1705 2843 1933 2899 Litteris
1964 2844 2146 2914 profe-

567 2942 672 2988 ctae
701 2933 1092 2988 institutionis.
1120 2934 1202 2989 Ab
1234 2950 1565 3006 unoquoque
1597 2937 1744 2991 enim
1779 2945 2145 3006 reposcentur

570 3024 784 3078 fructus
818 3026 1063 3089 virtutis,
1086 3040 1186 3095 pro
1212 3026 1378 3081 modo
1413 3043 1444 3081 a
1478 3028 1589 3082 Deo
1620 3029 1675 3082 in
1716 3044 1775 3083 se
1814 3028 2143 3083 collaturum

568 3114 999 3181 beneﬁciorum,
1040 3118 1154 3173 sive
1190 3120 1549 3183 naturalium,
1590 3120 1704 3174 sive
1732 3136 1763 3174 a
1807 3120 1991 3174 divina
2019 3135 2143 3191 gra-

2243 1926 2358 1992 τῶς
2389 1922 2857 1988 ἐτασθήσονται.
2910 1920 2970 1974 '0
3015 1918 3125 1990 γὰρ
3155 1918 3439 1988 ἐλάχιστος
3477 1916 3797 1983 συγγνωστός

2242 2019 2392 2072 ἐστιν
2424 2016 2636 2079 ἐλέουςο
2687 2014 2782 2069 καὶ
2812 2016 2841 2067 ὁ
2869 2011 3069 2083 Κύριος
3104 2010 3273 2079 λέγει,
3314 2009 3553 2091 ,Δοῦλος
3582 2011 3616 2062 ό
3643 2006 3797 2075 γνοὺς

2243 2110 2309 2165 τὸ
2346 2110 2575 2177 θέλημα
2599 2106 2707 2162 τοῦ
2732 2106 2943 2176 κυρίου
2965 2103 3208 2167 ἑαυτοῦ,
3236 2101 3336 2157 καί
3357 2101 3443 2172 μὴ
3475 2100 3797 2168 ἑτοιμάσας,

2237 2203 2395 2274 μηδὲ
2423 2201 2682 2269 ποιήσας
2714 2199 2865 2268 πρὸς
2898 2198 2966 2252 τὸ
2989 2197 3219 2266 θέλημα
3258 2195 3465 2255 αὐτοῦ,
3496 2192 3797 2263 δαρήσεται

2243 2294 2499 2361 πολλάς.
2559 2293 2615 2347 '0
2640 2293 2713 2347 ea
2734 2290 2825 2363 μὴ
2870 2290 3071 2362 γνοὺς,
3115 2288 3378 2353 ποιήσας
3405 2287 3474 2340 δὲ
3506 2286 3649 2350 ἀξια
3672 2289 3797 2351 πλη-

2244 2386 2383 2459 γῶν,
2416 2386 2742 2455 δαρήσεται
2768 2384 2975 2454 ὀλίγας
2994 2400 3008 2415 ο
3044 2382 3223 2435 παντί
3260 2381 3329 2434 δὲ
3354 2375 3403 2448 ᾧ
3433 2379 3614 2443 ἐδόθη
3643 2377 3797 2438 πολὺ.

2243 2479 2403 2534 πολὺ
2458 2477 2771 2545 ζητήσεται
2820 2475 2957 2544 παρ’
3007 2473 3212 2539 αὐτοῦ,
3249 2472 3349 2526 καί
3377 2466 3428 2539 ᾧ
3458 2470 3624 2525 πολὺ
3677 2486 3799 2536 παρ-

2242 2571 2468 2635 έθεντο,
2484 2570 2917 2637 περισσότερον
2936 2566 3387 2634 ἀπαιτήσουσιν
3411 2564 3623 2619 αὐτόν.
3637 2561 3738 2632 Τὴν
3752 2559 3798 2613 δὲ

2243 2664 2447 2734 γνῶσιν
2488 2662 2584 2715 καὶ
2619 2654 2836 2715 σύνεσιν
2857 2659 3132 2730 διαφόρως
3165 2659 3299 2724 νόει,
3328 2658 3446 2727 ἦτοι
3490 2658 3639 2710 κατά
3665 2655 3801 2725 χάριν

2245 2758 2340 2811 καὶ¹
2359 2756 2499 2826 δόμα
2527 2754 2849 2826 ἐπουράνιον
2870 2752 2964 2806 τοῦ
2992 2751 3332 2821 Πνεῦματος,
3354 2749 3471 2820 ἦτοι
3501 2748 3642 2801 κατὰ
3667 2762 3802 2815 φυσι-

2245 2849 2347 2920 κὴν
2378 2847 2703 2904 ἀκολουθίαν
2728 2844 2995 2906 συνέσεως
3029 2842 3062 2913 ἢ
3094 2840 3444 2912 διακρίσεως,
3472 2843 3571 2892 καὶ
3601 2839 3685 2891 διὰ
3712 2837 3799 2889 τῶν

2246 2941 2406 2995 θείων
2434 2938 2667 3011 Γραφῶν
2696 2934 3031 2998 παιδεύσεως
3050 2951 3066 2966 ·
3095 2932 3327 2994 ἕκαστος
3366 2930 3479 3000 γὰρ
3528 2929 3655 2991 τοὺς
3684 2945 3799 2997 καρ-

2244 3034 2380 3096 ποὺς
2406 3029 2842 3099 ἀπαιτηθήσεται
2870 3026 2971 3096 τῆς
2992 3024 3211 3095 ἀρετῆς,
3240 3025 3383 3077 κατά
3404 3021 3695 3089 ἀναλογίαν
3713 3019 3802 3072 τῶν

2246 3126 2396 3197 παρὰ
2431 3122 2565 3176 Θεοῦ
2615 3120 2923 3191 γενομένων
2968 3119 3050 3181 είς
3095 3116 3257 3171 αὑτὸν
3301 3114 3660 3185 εὐεργεσιῶν,
3699 3113 3798 3183 ἤτοι

572 3206 648 3262 tia
715 3223 1123 3264 concessorum.
1181 3210 1577 3267 Inexcusabilis
1639 3228 1774 3283 ergo
1826 3222 1911 3267 est
1964 3213 2144 3268 omnis

2249 3185 2514 3286 φυσικῶν.
2553 3185 2671 3284 ἦτοι
2703 3185 2767 3265 ὲκ
2796 3209 2947 3272 θείας
2975 3208 3199 3279 χάριτος
3235 3206 3559 3276 δεδομένων.
3602 3206 3800 3257 Ἄναπο-

571 3299 739 3353 homo
774 3299 919 3368 apud
953 3300 1125 3354 Deum
1172 3301 1228 3354 in
1258 3301 1347 3355 die
1372 3301 1586 3369 judicii.
1622 3302 1667 3361 A
1696 3302 1944 3372 quolibet
1971 3303 2143 3367 enim,

2248 3308 2476 3377 λόγητος
2528 3305 2708 3358 τοίνυν
2750 3301 2868 3357 ἐστὶ
2915 3301 3023 3364 πᾶς
3072 3298 3357 3370 ἄνθρωπος
3403 3296 3565 3367 παρὰ
3612 3295 3723 3365 Θεῷ
3756 3295 3805 3346 iv

571 3394 739 3459 prout
790 3387 965 3452 novit,
1014 3386 1226 3443 fructus
1274 3387 1423 3453 ﬁdei,
1474 3397 1530 3442 et
1594 3388 1926 3455 dilectionis,
1983 3396 2144 3458 atque

2248 3398 2432 3469 ἡμέρᾳ
2451 3395 2715 3467 κρίσεωςο
2742 3392 2974 3455 ἕκαστος
3002 3390 3109 3461 γὰρ
3136 3388 3260 3442 καθ’
3286 3386 3317 3440 δ
3350 3387 3493 3455 ἔγνω
3525 3388 3652 3449 τοὺς
3685 3402 3803 3455 mp-

572 3479 756 3534 omnis
786 3479 893 3533 sibi
922 3493 1195 3535 concessae
1233 3480 1478 3546 virtutis,
1506 3480 1830 3536 intentionis
1857 3495 1924 3535 ae
1951 3481 2144 3535 volun-

2250 3489 2387 3552 ποὺς
2433 3489 2531 3557 τῆς
2580 3486 2839 3547 πίστεως,
2887 3483 2985 3536 καὶ⁴
3019 3481 3261 3550 ἀγάπης,
3291 3480 3385 3532 καὶ
3420 3478 3607 3548 πάσης
3633 3476 3807 3546 ἀρετῆς

574 3571 705 3628 tatis
751 3572 963 3627 ratione
1002 3573 1207 3639 habita,
1258 3574 1541 3629 restitutio
1574 3574 1843 3644 exigetur,
1885 3572 1999 3629 sive
2044 3587 2144 3625 au-

2248 3581 2348 3651 τῆς
2377 3579 2513 3650 πρὸς
2534 3578 2716 3642 αὑτὸν,
2755 3579 2819 3630 ἐκ
2850 3574 3221 3646 προαιρέσεως
3245 3573 3340 3625 καὶ⁷
3368 3571 3673 3641 θελήματος
3700 3569 3803 3622 ἀντ·

575 3661 695 3716 ditu
745 3664 1078 3733 perceperit,
1119 3662 1237 3719 sive
1268 3679 1550 3737 nunquam
1582 3664 1813 3720 verbum
1858 3662 1957 3719 Dei
1985 3662 2148 3718 audi-

574 3752 741 3807 verit.

648 3857 761 3914 Vll.
796 3859 993 3914 Anima
1024 3861 1171 3916 enim
1209 3862 1409 3928 ﬁdelis,
1453 3878 1517 3918 ac
1548 3863 1795 3920 veritatis
1821 3880 2032 3931 amans,
2066 3865 2150 3919 in-

578 3962 739 4008 tuens
759 3961 963 4008 aeterna
990 3953 1134 4009 bona
1173 3956 1333 4027 justis
1372 3956 1635 4027 reposita,
1676 3966 1839 4025 atque
1872 3957 2151 4012 ineﬁ‘abile

575 4058 823 4103 ventura:
872 4049 1059 4119 gratiae
1099 4049 1299 4104 divina
1342 4048 1695 4115 beneﬁcium,
1737 4065 1796 4105 se
1842 4050 2038 4121 ipsam,
2085 4065 2151 4105 ac

577 4137 821 4196 studium
867 4156 1050 4208 suum,
1083 4140 1325 4198 laborem
1368 4152 1534 4213 atque
1580 4142 1955 4214 fatigationem
2002 4143 2149 4197 indi-

574 4247 735 4305 gnam
772 4231 963 4287 statuit
1004 4231 1220 4287 arcanis
1266 4233 1723 4303 promissionibus
1756 4233 2013 4304 Spiritus.
2051 4234 2151 4289 Hic

574 4340 778 4395 pauper
794 4334 866 4378 est
879 4322 1100 4394 Spiritu,
1116 4338 1279 4395 quem
1302 4324 1565 4381 Dominus
1579 4324 1789 4379 beatum
1808 4326 2060 4399 praedicat
2075 4326 2148 4379 9’:

575 4407 668 4468 hic
692 4414 866 4467 esurit
894 4420 949 4469 et
975 4411 1091 4467 sitit
1114 4412 1420 4483 justitiam:
1446 4413 1535 4467 hic
1560 4424 1642 4469 est
1664 4415 1935 4469 contritus
1963 4414 2148 4469 corde.

2255 3672 2513 3726 αποδοσιν
2571 3668 3029 3739 ἀπαιτηθήσεται,
3053 3668 3172 3738 ἢτοι
3194 3666 3261 3719 δι’
3287 3665 3480 3735 ἀκοῆς,
3514 3664 3634 3734 ἢτοι
3666 3659 3803 3732 μηδὲ·

2250 3780 2380 3817 ποτε
2415 3762 2572 3830 λόγον
2594 3760 2834 3822 ἀκούσας
2861 3758 3017 3812 Θεοῦ.

2322 3857 2396 3910 Z'.
2444 3851 2858 3908 Ἀποσκοποῦσα
2895 3850 3005 3921 γὰρ
3037 3851 3071 3921 ἡ
3117 3848 3266 3920 ψυχὴ
3305 3850 3339 3905 ἠ
3366 3846 3537 3901 πιστῦ
3576 3846 3668 3899 καί
3710 3844 3805 3913 φιλ-

2252 3946 2454 4018 αλήθης
2484 3947 2565 4009 είς
2581 3945 2649 3999 τὰ
2674 3943 3010 4014 ἀποκείμενα
3032 3941 3228 3995 αἰώνια
3248 3940 3560 4010 ἀγαθάτοτς
3581 3940 3803 4000 δικαίοις,

2253 4041 2347 4096 καὶ
2374 4041 2455 4104 εἰς
2481 4040 2585 4111 τὴν
2614 4040 2853 4112 άρῤητον
2881 4036 2980 4107 τῆς
3025 4035 3327 4107 μελλούσης
3358 4035 3649 4104 ὲπιφοιτᾷν
3682 4031 3802 4092 θείας

2253 4135 2476 4206 χάριτος
2507 4133 2849 4204 εὐεργεσίαν,
2890 4129 3114 4195 ἀναξίαν
3162 4128 3380 4199 ἑαυτὴν,
3411 4129 3509 4180 καὶ
3544 4126 3642 4197 τὴν
3670 4141 3803 4177 σπυ-

2252 4226 2348 4299 δὴν
2381 4227 2571 4298 αὐτῆς,
2607 4227 2701 4279 καλ⁸
2725 4224 2908 4289 πόνον,
2934 4224 3028 4277 καὶ
3051 4206 3299 4295 κάματον
3326 4223 3546 4294 ἡγεῖται
3574 4220 3702 4289 πρὸς
3724 4218 3802 4277 τὰς

2252 4320 2523 4391 ἀρρήτους
2556 4317 2883 4386 ἐπαγγελίας
2909 4316 3002 4369 τοῦ
3041 4316 3383 4385 Πνεῦματος.
3415 4306 3589 4374 Οὗτός
3617 4313 3746 4363 ἐστιν
3773 4309 3801 4359 ὁ

2256 4410 2495 4480 πτωχὸς
2524 4410 2604 4476 τῷ
2636 4411 2948 4474 πνεύματι,
2976 4409 3035 4462 ὃν
3053 4410 3080 4461 ό
3098 4409 3300 4479 Κύριος
3321 4404 3647 4475 μακαρίζει·
3676 4397 3800 4462 οὗτός

574 4504 680 4572 Qui
722 4504 1039 4576 huiusmodi
1099 4505 1459 4559 intentionem
1505 4506 1836 4576 suscipiunt,
1880 4506 2144 4573 studium,

2254 4504 2403 4556 ἐστιν
2440 4505 2468 4555 ό
2499 4501 2696 4555 πεινῶν
2746 4503 2843 4554 καὶ
2885 4500 3054 4569 διψῶν
3101 4498 3198 4569 τὴν
3243 4496 3627 4567 δικαιοσύνηνο
3674 4490 3799 4553 οὗτός

574 4596 822 4651 laborem
851 4612 913 4650 ac
953 4597 1286 4651 desiderium
1314 4598 1556 4662 virtutis,
1604 4607 1660 4652 et
1685 4598 1754 4652 ad
1795 4598 1956 4653 ﬁnem
1980 4615 2153 4669 usque

575 4689 630 4744 in
663 4703 729 4743 eo
762 4698 1105 4758 permanent,
1137 4690 1304 4745 vitam
1338 4703 1395 4744 et
1441 4705 1667 4759 regnum
1713 4699 1980 4745 :eternum
2022 4706 2152 4745 vere

576 4782 841 4852 consequi
872 4792 1150 4853 poterunt.
1196 4782 1275 4837 Ne
1309 4784 1476 4857 igitur
1512 4784 1637 4853 quis
1664 4785 1892 4839 fratrum
1920 4785 2150 4839 extolla-

575 4884 665 4929 tur
693 4871 955 4929 adversus
980 4872 1228 4939 fratrem,
1254 4889 1356 4930 nec
1386 4875 1453 4928 ad
1475 4884 1821 4946 arrogantem
1848 4876 1933 4931 sui
1959 4876 2150 4930 existi-

574 4964 872 5023 mationem
905 4964 1188 5035 procedat,
1218 4987 1249 5021 a
1279 4967 1486 5022 malitia
1521 4967 1816 5037 subreptus
1843 5007 1857 5031 ,
1893 4967 2149 5037 inquiens

574 5069 768 5127 nempe
804 5074 816 5109 :
852 5052 965 5127 Ego
999 5056 1194 5109 donum
1222 5057 1499 5127 spirituale
1528 5066 1829 5110 consecutus
1855 5075 1991 5111 sum.
2026 5059 2146 5113 Non

572 5148 719 5203 enim
748 5148 906 5203 decet
950 5148 1296 5206 Christianos
1336 5150 1451 5205 haec
1492 5150 1752 5219 cogitare.
1801 5149 1944 5215 Quid
1992 5150 2145 5203 enim

572 5242 809 5296 crastina
843 5241 937 5297 lux
976 5242 1052 5295 illi
1084 5244 1313 5298 allatura
1342 5244 1432 5307 sit,
1470 5244 1688 5313 ignoras
1726 5260 1739 5295 :
1771 5252 1826 5298 et
1859 5242 1984 5312 quis
2021 5242 2145 5297 ﬁnis

571 5326 715 5403 ejus,
742 5330 933 5397 quisve
968 5338 1095 5385 tuus
1133 5332 1351 5386 futurus
1384 5333 1476 5399 sit,
1508 5332 1705 5386 nescis.
1754 5331 1956 5385 Verum
1991 5332 2144 5400 quis-

571 5437 678 5490 que
706 5421 812 5476 sibi
838 5422 1105 5489 attendat,
1130 5434 1185 5478 et
1209 5426 1486 5494 propriam
1511 5425 1903 5479 conscientiam
1927 5424 2145 5479 assidue

573 5513 865 5583 dijudlcet,
912 5530 976 5569 ac
1009 5515 1205 5585 probet
1243 5531 1381 5586 opus
1425 5517 1612 5571 cordis
1652 5517 1759 5581 sui,
1792 5532 1901 5586 quo
1932 5515 2140 5579 studio,

575 5618 756 5675 quove
788 5613 987 5660 conatu
1016 5622 1173 5661 mens
1201 5622 1299 5662 sua
1330 5609 1499 5681 Deum
1532 5617 1896 5680 prosequatur
1925 5624 1939 5660 :
1973 5616 2031 5661 et
2072 5607 2141 5661 ad

658 5782 702 5816 "
740 5780 866 5851 Sep.
900 5797 972 5847 vn,
1003 5784 1055 5835 7.
1131 5783 1173 5815 ⁸³
1212 5780 1343 5838 Luc.
1381 5798 1471 5848 xu,
1508 5785 1593 5837 l7.
1668 5784 1712 5815 9°
1754 5782 1945 5838 Matth.
1978 5799 2033 5849 ν,
2063 5780 2117 5835 5.

2255 4596 2405 4648 ἐστιν
2455 4597 2485 4648 ὁ
2531 4594 2994 4665 συντετριμμένος
3032 4593 3131 4664 τὴν
3181 4591 3431 4661 καρδίαν.
3468 4592 3538 4643 0i
3580 4587 3799 4653 τοιαύτην

2255 4689 2575 4760 προαίρεσιν
2596 4686 3092 4756 ἀναλαμϐάνοντες,
3120 4684 3211 4738 καὶ
3238 4683 3500 4751 σπουδὴν,
3534 4683 3628 4734 καί
3648 4681 3795 4741 πόνον,

2253 4785 2347 4838 καὶ
2377 4783 2540 4835 πόθον
2566 4782 2788 4853 ἀρετῆς,
2822 4782 2917 4834 καὶ
2944 4779 3049 4843 ἓως
3072 4778 3255 4840 τέλους
3280 4779 3337 4829 ὲν
3367 4777 3520 4846 αὐτῷ
3548 4776 3797 4842 διαμένον·

2254 4892 2368 4937 τες.
2404 4877 2501 4945 τῆς
2534 4874 2676 4941 ζωῆς
2717 4874 2812 4926 καὶ
2860 4872 2959 4940 τῆς
2997 4870 3215 4924 αἰωνίου
3247 4867 3527 4937 βασιλείας
3556 4862 3796 4930 ἐπιτυχεῖν

2255 4967 2312 5031 ἐξ
2345 4964 2601 5035 ἀληθείας
2630 4964 2964 5035 δυνήσονται.
2996 4960 3088 5031 Μὴ
3118 4960 3297 5013 τοίνυν
3325 4975 3408 5020 τις
3437 4957 3548 5009 τῶν
3585 4951 3797 5018 aesaes»

2253 5055 2673 5126 κατεπαιρέσθω
2704 5053 2800 5107 τοῦ
2830 5052 3084 5123 ἀδελφοῦ,
3128 5052 3225 5105 καὶ
3283 5050 3366 5113 είς
3409 5050 3792 5119 οἴησινῖπροκοο

2254 5149 2456 5212 πτέτω,
2490 5147 2595 5198 ὑπὸ
2613 5147 2711 5215 τῆς
2733 5145 2931 5207 κακίας
2960 5142 3453 5212 ὑποκλεπτόμενος,
3477 5139 3555 5200 ὡς
3574 5139 3651 5191 ὅτι
3667 5132 3793 5188 Ἰδοὺ

2251 5239 2365 5308 ἐγὼ
2394 5238 2656 5308 χάρισμα
2685 5235 3093 5306 πνευματικὸν
3111 5233 3398 5301 κέκτημαι
3417 5247 3431 5260 ’
3463 5231 3564 5282 οὐκ
3585 5224 3794 5291 ἔστιγὰρ

2251 5330 2399 5393 ἀξιον
2431 5329 2608 5383 ταῦτα
2645 5326 3008 5397 Χριστιανοὺς
3038 5326 3406 5394 ἐνθυμεῖσθαι.
3439 5322 3504 5374 Τί
3549 5322 3655 5389 γὰρ
3680 5317 3792 5368 ποιεί

2253 5420 2505 5494 ήαῦριον
2560 5423 2640 5485 εἰς
2690 5421 2897 5474 ἐκεῖνον
2958 5419 3059 5472 οὐκ
3106 5413 3285 5480 οἶδας·
3340 5417 3436 5469 καὶ
3479 5416 3627 5466 ποῖον
3670 5408 3793 5467 τέλος

2250 5516 2482 5578 ἐκείνου,
2536 5513 2628 5566 καὶ
2686 5515 2835 5566 ποῖον
2884 5511 2945 5564 τὸ
2988 5511 3080 5563 σὺν
3132 5508 3367 5577 ἀγνοεῖς.
3404 5506 3542 5561 ⁹Δλλ’
3594 5506 3789 5560 ἕκαστος

2249 5606 2429 5678 ἐαυτῷ
2467 5606 2773 5677 προσέχων,
2821 5602 3159 5675 ἀνακρινέτω
3199 5603 3298 5671 τὴν
3336 5599 3473 5651 ἰδίαν
3522 5593 3790 5661 συνείδητιν
