3966 6506
147 345 240 410 721

1311 351 1677 417 ΗΟΜῙῙᾸᾹΞ.
1703 380 1765 395 ·-·
1801 360 1988 422 HOM.
2024 358 2208 422 XXX.

3275 356 3383 426 722

154 460 395 517 πάντοτε.
430 457 526 511 καὶ
571 457 910 529 δοκιμαζέτω
935 459 996 514 τὸ
1044 459 1204 532 ἔργον
1232 465 1398 518 αὐτοῦ
1444 467 1549 535 τῆς
1572 486 1709 540 καρ-

1827 472 2114 527 )erfectum
2151 487 2378 542 scopum
2406 470 2701 535 libertatis,
2738 483 2794 528 et
2823 472 3173 529 aﬁ'ectionum
3198 479 3383 533 vacui-

150 550 281 611 δίας,
305 549 463 603 ποίαν
492 551 727 621 σπουδὴν
764 553 861 607 καὶ
898 553 1084 622 ἀγῶνα
1109 557 1137 609 6
1163 556 1288 618 νοῦς
1313 557 1426 628 ἔχει
1455 561 1590 631 πρὸς
1616 562 1709 615 τὸν

152 640 306 693 Θεὸψ
330 638 426 692 καὶ
446 642 524 703 εἰς
554 642 647 694 τὸν
669 642 875 697 τέλειον
905 646 1111 698 σκοπὸν
1131 649 1229 718 τῆς
1255 646 1590 719 ἐλευθερίας,
1614 653 1711 705 καὶ

153 730 436 797 ἀπαθείας,
486 731 581 785 καὶ
634 732 735 801 τῆς
789 736 1186 801 καταπαύσεως
1239 737 1333 791 τοῦ
1402 740 1711 812 πνεύματος

153 822 495 886 ἀποσκοπῶν,
523 820 819 890 ἀπαύστως
846 827 1085 897 τρεχέτω
1117 830 1211 882 καὶ
1251 830 1480 895 ἀόκνως,
1522 833 1581 884 ὲν
1606 850 1711 904 μη-

152 912 254 965 δενί
281 912 594 983 χαρίσματι,
623 914 657 983 ἢ
687 917 782 969 καί
806 917 1133 987 δικαιώματι
1165 921 1709 993 ,πληροφορούμενοςο

153 1003 280 1067 Δόξα
316 1004 410 1056 καὶ
454 1006 825 1079 προσκύνησις
878 1010 1087 1081 Πατρί,
1128 1014 1222 1066 καὶ
1260 1014 1396 1085 Υἱῷ,
1449 1015 1542 1069 καὶ
1572 1014 1713 1087 ἁγίῳ

154 1096 442 1166 Πνεύματι,
468 1099 549 1161 είς
571 1099 700 1162 τοὺς
730 1100 957 1165 αἰῶνας.
1008 1103 1203 1175 ’Δμήν.

757 1212 1002 1270 ΟΜΙΛῘΑ
1015 1218 1115 1272 ~A’.

164 1304 252 1355 Ἐκ
273 1303 405 1381 ’τοῦ
448 1302 645 1381 ἁγίου⁸
677 1306 1016 1381 "religatae
1070 1306 1168 1381 ῥεῖ
1196 1310 1559 1381 γεννηθῆναι
1594 1312 1712 1381 τὴν

216 1371 566 1453 “amoma!-
594 1371 889 1453 εἰσελθεῖν
934 1371 1021 1453 είς
1046 1371 1376 1453 ,βασιξλείανλ
1405 1371 1552 1437 Θεοῦ
1597 1371 1716 1453 ψὺ-

214 1441 352 1509 χήν·
381 1444 478 1497 καί
520 1444 593 1497 ὃν
620 1448 842 1514 τρόπον
879 1445 1054 1501 τοῦτο
1098 1451 1363 1516 γένηται.

216 1536 293 1587 Αν.
341 1535 405 1587 Oi
428 1535 518 1589 τὸν
563 1535 720 1603 λόγον
766 1536 1075 1601 ἀκούοντες,
1111 1538 1272 1609 ἔργον
1302 1540 1396 1594 τοῦ
1445 1541 1606 1611 λόγου
1658 1545 1717 1597 ὲν

151 1623 262 1685 ταῖς
317 1622 528 1675 ἑαυτῶν
583 1623 783 1693 ψυχαῖς
831 1626 1136 1693 ὀφείλουσιν
1206 1628 1598 1693 ἐπιδείξασθαι.
1658 1632 1717 1685 Ὀ

151 1714 301 1781 λόγος
336 1716 446 1785 γὰρ
484 1714 579 1768 τοῦ
629 1715 763 1769 Θεοῦ
794 1717 895 1769 οὐκ
923 1716 1038 1771 ἔστι
1077 1719 1232 1787 λόγος
1264 1722 1451 1789 ἀργὸς,
1481 1720 1598 1775 ἀλλ’
1628 1722 1719 1793 ἔρ-

1811 563 1972 624 tatis,
2039 573 2201 633 atque
2254 564 2455 634 quietis
2515 563 2819 633 Spiritualis
2874 565 3193 633 collimans,
3245 569 3383 623 citra

1809 670 2029 708 omnem
2093 656 2556 710 intermissionem
2603 671 2668 709 ac
2724 657 3014 725 segnitiem
3070 667 3273 723 currat,
3325 659 3382 712 in

1810 742 1963 795 nullo
2004 743 2159 813 115
2196 743 2531 799 charismate
2567 754 2663 799 aut
2688 745 3084 814 justiﬁeatione
3121 747 3385 801 collocata

1811 831 2234 889 ﬁducia.Gloria
2256 845 2311 889 et
2332 836 2580 891 adoratio
2610 835 2855 903 Patri,et
2878 836 3039 903 Filio,
3068 846 3125 893 et
3154 835 3383 908 Spiritui

1810 933 2001 980 sancto
2028 926 2083 981 in
2111 927 2329 982 sarcula.
2356 927 2556 983 Amen.

2356 1208 2638 1268 llOMiLIA
2687 1208 2854 1269 XXX.

1815 1304 1900 1360 Ea:
1960 1302 2161 1374 Spiritu
2186 1314 2407 1382 _s{mrto
2456 1305 2661 1359 renasci
2720 1300 2920 1375 oportet
2964 1309 3222 1375 animum,
3270 1328 3387 1382 qum

1888 1392 2106 1450 regnum
2175 1375 2271 1429 Dei
2322 1377 2630 1447 ingressum
2681 1384 2779 1443 est,
2835 1387 2882 1429 et
2935 1394 3035 1446 quo
3083 1390 3235 1450 pacto
3281 1375 3386 1436 Ἰιοσ

1883 1445 2005 1514 ﬁat.

1888 1537 1931 1590 l.
1957 1534 2061 1602 Qui
2088 1536 2318 1591 verbum
2349 1536 2600 1604 audiunt,
2633 1554 2774 1609 opus
2806 1538 2958 1593 verbi
2993 1539 3047 1593 in
3089 1541 3204 1595 suis
3234 1540 3385 1611 ipso-

1818 1642 1941 1680 rum
1994 1628 2193 1681 animis
2251 1628 2631 1684 demonstrare
2692 1630 2918 1684 debent.
2948 1631 3187 1685 Verbum
3239 1632 3385 1685 enim

1819 1717 1917 1771 Dei
1964 1733 2077 1771 non
2132 1726 2219 1772 est
2276 1720 2537 1783 otiosum,
2586 1720 2682 1775 sed
2729 1737 2867 1790 opus
2917 1722 3100 1787 habet,
3133 1723 3277 1792 quod
3332 1724 3389 1778 in
3457 1765 3466 1773 .

152 1822 242 1871 γον
288 1803 401 1873 ἔχει
431 1805 513 1868 εἰς
566 1805 665 1876 τὴν
711 1806 887 1875 ψυχὴν
919 1808 1262 1879 γιγνόμενον.
1294 1811 1393 1863 Διὰ
1425 1812 1581 1865 τοῦτο
1610 1813 1718 1883 γὰρ

1827 1810 1999 1863 anima
2029 1810 2356 1880 perﬁcitur:
2388 1821 2681 1881 propterea
2716 1814 2862 1867 enim
2894 1830 3033 1884 opus
3055 1816 3385 1885 appellatur,

152 1898 240 1951 καί
270 1896 432 1968 ἔργον
481 1897 718 1966 λέγεται,
760 1898 846 1951 ἵνα
896 1900 989 1952 καὶ
1034 1899 1194 1971 ἔργον
1249 1902 1445 1973 εὑρεθῇ
1502 1905 1562 1957 ἔν
1607 1906 1719 1967 τοῖς

151 1986 425 2044 ἀκούουσι.
481 1990 759 2060 Παράσχοι
802 1990 979 2045 τοίνυν
1006 1993 1035 2045 6
1085 1991 1287 2063 Κύριος
1324 1994 1386 2047 τὸ
1419 1994 1579 2066 ἔργον
1619 1995 1720 2066 τῆς

151 2081 403 2151 ἀληθείας
438 2082 497 2135 ὲν
530 2084 640 2145 τοῖς
677 2081 988 2147 ἀκούουσιν,
1040 2084 1127 2138 ἵνα
1177 2087 1207 2139 6
1243 2085 1401 2154 λόγος
1448 2088 1722 2159 ἔγκαρπος

151 2172 344 2243 εὑρεθῇ
392 2174 472 2235 εἰς
505 2174 677 2243 ἡμᾶς.
708 2174 921 2246 Ὠσπερ
949 2175 1056 2247 γὰρ
1098 2176 1225 2230 σκιά
1252 2178 1483 2247 προάγει
1527 2177 1589 2232 τδ
1616 2177 1722 2232 σῶ-

155 2281 246 2336 μα’
273 2264 466 2336 ἠοσκιά
491 2265 547 2319 δὲ
564 2267 627 2321 τὸ
652 2265 811 2337 σῶμα
831 2267 1003 2338 δηλοῖ,
1034 2268 1128 2321 καὶ
1152 2270 1185 2337 ἡ
1215 2266 1445 2340 ἀλήθεια
1467 2268 1529 2324 τὸ
1563 2270 1724 2341 σῶμά

149 2356 284 2411 ἂστυ
318 2354 410 2409 τὸν
444 2355 606 2411 αύτδν
632 2357 835 2428 τρόπον
864 2360 960 2411 καὶ
982 2360 1010 2413 6
1036 2358 1192 2427 λόγος
1213 2358 1404 2433 ῶσπερ
1441 2360 1571 2415 σκιά
1594 2378 1723 2431 τυγ-

151 2448 307 2517 χάνει
327 2448 426 2517 τῆς
448 2447 706 2519 ἀληθείας
730 2449 825 2503 τοῦ
856 2450 1118 2521 Χριστοῦ.
1160 2452 1399 2523 Προάγει
1429 2454 1485 2507 δὲ
1509 2455 1538 2507 6
1565 2444 1743 2523 λόγος’

150 2539 247 2605 τὴν
277 2539 556 2611 ἀλήθειαν.
612 2543 674 2595 Oi
728 2542 821 2594 ἐπὶ
864 2542 967 2613 γῆς
1000 2543 1236 2615 πατέρες
1282 2546 1348 2598 ὲκ
1376 2545 1477 2615 τῆς
1510 2546 1722 2600 ἑαυτῶν

150 2633 365 2700 φύσεως
405 2634 634 2704 γεννῶσι
657 2635 826 2689 τέκνα
863 2636 929 2689 ὲκ
971 2636 1066 2690 τοῦ
1127 2636 1379 2709 σώματος
1410 2639 1589 2693 αὐτῶν
1626 2641 1722 2693 καὶ

148 2722 246 2795 τῆς
288 2725 491 2797 ψυχῆς,
543 2726 637 2781 καὶ
665 2726 993 2797 γεννηθέντα
1025 2728 1177 2801 πάσῃ
1211 2730 1413 2801 σπουδῇ
1445 2730 1722 2801 ἐπιμελῶς

146 2814 494 2869 παιδεύουσιν
530 2815 606 2879 ὡς
643 2815 852 2871 ἑαυτῶν
902 2817 1091 2883 τέκνα,
1143 2818 1248 2881 ’ἐως
1300 2819 1495 2873 τέλειοι
1530 2820 1721 2892 ἄνδρες

146 2905 428 2973 γένωνται,
466 2907 560 2960 καὶ
588 2907 820 2978 διάδοχοι
849 2910 1307 2981 καὶικληρονόμοι.
1333 2912 1457 2976 Τοῖς
1480 2912 1587 2984 γὰρ
1613 2931 1722 2966 πα-

144 2994 341 3062 τράσιν
370 2995 608 3067 ἔξαρχῆς
642 2997 845 3061 σκοπὸς
898 2998 995 3051 καὶ
1042 2998 1247 3069 σπουδὴ
1276 3001 1428 3054 πᾶσα
1471 3004 1720 3069 γίγνεται

144 3087 280 3156 πρὸς
303 3086 366 3139 τὸ
395 3089 651 3159 γεννῆσαι
679 3090 863 3151 τέκνα,
895 3090 989 3144 καί
1017 3093 1165 3161 σχεῖν
1206 3091 1596 3163 κληρονόμους,
1626 3094 1718 3147 καὶ

143 3178 303 3247 εἰμὴ
360 3177 674 3250 ἐγέννησαν,
731 3180 995 3251 μεγίστην
1051 3180 1228 3253 λύπην
1265 3183 1360 3235 καί
1412 3183 1604 3255 ὀδύνην
1651 3184 1717 3239 ἂν

144 3266 311 3337 εἰχον,
338 3268 478 3321 ὥστε
530 3270 693 3323 πάλιν
722 3271 1107 3342 γεννήσαντες,
1150 3272 1326 3343 χαρὰν
1362 3272 1537 3344 ἔσχον.
1582 3275 1720 3329 Χαί-

144 3377 295 3431 ρουσι
338 3360 394 3414 δὲ
422 3362 515 3414 καί
541 3364 589 3414 οἱ
622 3366 903 3429 συγγενεῖς
956 3363 1050 3416 καὶ
1083 3365 1132 3416 οἰ
1154 3366 1415 3432 γείτονες.

212 3453 289 3505 B’.
338 3452 442 3507 Τὸν
484 3454 644 3506 αὐτὸν
673 3455 874 3525 τρόπον
906 3456 1001 3509 καί
1029 3457 1057 3508 6
1092 3455 1295 3525 Κύριος
1322 3457 1479 3527 ἡμῶν
1512 3457 1720 3531 Ἰησοῦς

143 3544 389 3618 Χριστὸς
418 3546 547 3615 περὶ
580 3546 677 3616 τῆς
724 3546 819 3601 τοῦ
861 3545 1148 3619 ἀνθρώπου
1186 3550 1458 3621 σωτηρίας
1502 3554 1722 3622 φροντί-

140 3651 261 3704 σας,
294 3640 477 3692 πᾶσαν
499 3640 813 3710 οἰκονομίαν
840 3643 935 3695 καὶ
960 3642 1195 3711 σπουδὴν
1221 3643 1537 3697 ἐπετέλεσεν
1562 3644 1723 3716 ἐξαρ-

140 3728 242 3799 χῆς
276 3729 373 3783 διὰ
417 3731 699 3800 Πατέρων,
730 3733 1107 3804 πατριαρχῶν,
1136 3734 1225 3787 διά
1250 3734 1418 3805 νόμου
1450 3736 1545 3789 καὶ
1584 3753 1722 3807 προ-

139 3820 354 3891 φητῶν·
387 3821 611 3892 ἔσχατον
635 3824 731 3877 καὶ
748 3824 909 3887 αὐτὸς
942 3825 1405 3896 παραγενόμενος,
1435 3827 1531 3881 καὶ
1556 3845 1724 3881 σταυ-

140 3916 235 3989 ροῦ
270 3916 541 3987 αἰσχύνης
567 3918 1005 3988 καταφρονήσας,
1036 3918 1299 3989 ὑπέμεινε
1330 3919 1579 3976 Θάνατον.
1609 3922 1723 3976 Καὶ

136 4000 296 4071 οὗτος
334 4009 455 4072 ὅλος
481 4010 508 4061 6
536 4008 803 4078 κάματος,
851 4010 947 4063 καὶ
975 4011 1009 4079 η
1044 4009 1252 4079 σπουδὴ
1281 4009 1446 4064 αὑτοῦ
1478 4011 1721 4081 γέγονεν,

137 4099 288 4163 ὅπως
316 4103 557 4171 γεννήσῃ
582 4099 640 4166 ἐξ
672 4099 866 4152 ἑαυτοῦ
895 4099 960 4152 ἐκ
978 4100 1075 4169 τῆς
1096 4100 1290 4153 ἑαυτοῦ
1321 4100 1536 4170 φύσεως
1557 4102 1723 4155 τέκνα

135 4192 200 4245 ἐκ
227 4191 328 4244 τοῦ
363 4189 702 4260 Πνεύματος,
737 4189 942 4245 ἀνωθεν
972 4191 1273 4259 εὐδοκήσας
1302 4193 1627 4263 γεννηθῆναι
1658 4193 1724 4248 ἔκ

134 4286 234 4352 τῆς
270 4282 445 4337 αὐτοῦ
477 4283 749 4353 θεότητος.
787 4284 896 4336 Καὶ
948 4283 1138 4355 ὥσπερ
1180 4286 1231 4338 οἰ
1276 4287 1509 4356 πατέρες
1555 4280 1720 4352 οὗτοι,

134 4374 232 4428 ἐὰν
282 4376 366 4447 μὴ
397 4377 717 4447 γεννήσωσι,
740 4375 1039 4430 λυποῦνται
1068 4391 1084 4406 ⁸
1116 4377 1289 4441 οὕτως
1319 4378 1412 4431 καὶ
1446 4376 1476 4429 ὁ
1519 4378 1723 4447 Κύριος

1820 1910 1881 1956 ιιι
1909 1916 2049 1970 opus
2089 1916 2308 1971 quoque
2342 1902 2655 1957 inveniatur
2679 1906 2821 1974 apud
2852 1921 2968 1972 eos,
3005 1906 3099 1976 qui
3131 1908 3385 1963 audiunt.

1818 1993 2089 2050 Exhibeat
2120 1994 2287 2063 igitur
2328 1992 2594 2048 Dominus
2640 1998 3071 2064 opus>veritatis
3114 1995 3389 2051 audienti-

1818 2086 1944 2149 bus,
1973 2094 2035 2139 ut
2075 2085 2305 2140 verbum
2351 2084 2695 2141 fructuosum
2743 2088 3052 2157 reperiatur
3100 2088 3154 2142 in
3206 2088 3387 2144 nobis.

1818 2177 2052 2233 Perinde
2086 2178 2235 2232 enim
2283 2192 2348 2231 ac
2382 2177 2574 2232 umbra
2602 2176 2864 2248 praecedit
2908 2194 3144 2249 corpus;
3192 2181 3384 2233 umbra

1824 2276 2010 2321 autem
2064 2280 2268 2335 corpus
2310 2265 2675 2331 demonstrat,
2724 2276 2781 2321 at
2824 2268 3025 2322 veritas
3072 2277 3156 2322 est
3205 2268 3384 2337 ipsum

1819 2371 2020 2425 corpus
2055 2371 2071 2412 :
2097 2355 2177 2410 sic
2198 2370 2417 2425 quoque
2455 2365 2541 2411 est
2572 2356 2801 2414 verbum
2843 2360 2993 2414 velut
3019 2360 3212 2415 umbra
3240 2362 3390 2415 veri-

1819 2448 1998 2503 ritatis
2019 2447 2245 2504 Christi.
2272 2448 2539 2503 Praecedit
2580 2448 2767 2520 itaque
2810 2450 3037 2505 verbum
3081 2453 3387 2507 veritatem.

1818 2539 2010 2594 Patres
2055 2539 2151 2608 qui
2188 2538 2243 2592 in
2278 2539 2442 2594 terris
2491 2549 2641 2604 sunt,
2678 2556 2709 2597 e
2742 2557 2841 2596 sua
2892 2542 3136 2612 ipsorum
3195 2552 3391 2598 natura

1818 2640 2085 2703 generant
2126 2632 2354 2695 liberos,
2382 2647 2413 2686 e
2457 2648 2688 2703 corpore
2709 2649 2810 2688 suo
2856 2643 2913 2689 et
2954 2637 3156 2699 anima,
3184 2651 3391 2705 eosque

1818 2732 1977 2779 natos
2005 2724 2155 2778 omni
2185 2724 2370 2779 studio
2390 2733 2447 2779 et
2481 2733 2736 2779 accurata
2764 2725 3047 2797 diligentia
3074 2726 3389 2791 instituunt,

1819 2825 1879 2870 ut
1916 2831 2047 2870 suos
2074 2814 2236 2879 ﬁlios,
2262 2815 2441 2871 donec
2488 2816 2716 2886 perfecti
2740 2817 2844 2871 viri
2886 2818 3141 2883 evadant,
3173 2827 3229 2872 et
3260 2834 3389 2872 suc-

1820 2922 2069 2962 cessores
2096 2922 2161 2961 ac
2207 2906 2475 2961 hzeredes.
2520 2906 2713 2963 Omnis
2742 2908 2889 2963 enim
2928 2924 3126 2978 seopus
3153 2920 3390 2979 patrum,

1817 3006 1873 3055 et
1903 3014 2067 3054 omne
2096 2999 2364 3064 studium,
2396 3000 2465 3053 ab
2496 2998 2657 3053 initio
2685 3014 2751 3054 eo
2784 3000 2981 3066 tendit,
3010 3009 3069 3053 ut
3101 3011 3396 3070 procreent

1818 3088 2045 3155 liberos,
2092 3104 2158 3144 ac
2192 3088 2440 3144 haeredes
2497 3089 2772 3155 habeant;
2815 3099 2872 3144 et
2936 3090 3041 3144 nisi
3077 3091 3392 3161 genuerint,

1824 3195 2037 3235 summa
2066 3180 2292 3235 tristitia
2320 3195 2384 3235 ac
2410 3195 2647 3235 maerore
2687 3180 3040 3247 aﬁiciuntur;
3073 3182 3216 3236 sicut
3246 3197 3276 3236 e
3315 3182 3399 3236 di-

1822 3286 2003 3336 verso,
2039 3272 2133 3326 ubi
2176 3272 2586 3341 procreaverint
2634 3272 2840 3327 liberos
2881 3312 2897 3337 ,
2950 3272 3150 3342 gaudio
3171 3273 3401 3342 perfun-

1823 3360 2069 3415 duntur:
2108 3360 2347 3430 gaudent
2376 3375 2595 3432 quoque
2622 3361 2837 3432 cognati
2860 3370 2917 3416 et
2944 3361 3133 3417 vicini.

1894 3452 1960 3507 ll.
1996 3451 2206 3506 Eodem
2240 3452 2406 3507 modo
2435 3452 2701 3507 Dominus
2734 3460 2924 3507 noster
2956 3452 3116 3508 Jesus
3142 3451 3396 3509 Christus

1823 3543 1892 3599 de
1924 3543 2164 3599 hominis
2212 3544 2388 3600 salute
2442 3544 2733 3609 sollicitus,
2761 3560 2979 3598 omnem
3024 3544 3393 3614 dispensatio-

1824 3651 1950 3691 nem
1999 3651 2065 3691 ac
2113 3635 2357 3690 studium
2396 3635 2629 3705 perfecit
2674 3651 2707 3689 a
2752 3635 3048 3705 principio,
3090 3637 3400 3691 ministerio

1822 3728 2069 3794 Patrum,
2112 3728 2576 3798 patriarcharum,
2641 3729 2783 3799 legis
2830 3744 2895 3783 ac
2959 3730 3350 3798 prophetarum
3379 3770 3394 3792 ,

1823 3829 2103 3889 postremo
2128 3835 2350 3889 quoque
2372 3823 2488 3889 ipse
2520 3819 2841 3884 adveniens,
2870 3835 2935 3873 ac
2962 3820 3145 3873 crucis
3166 3819 3398 3889 ignomi-

1828 3912 1980 3966 niam
2022 3927 2311 3982 spernens,
2340 3920 2571 3965 mortem
2602 3911 2847 3981 pertulit.
2880 3910 3071 3966 Omnis
3096 3911 3277 3980 itaque
3314 3912 3397 3965 la~

1823 4004 1925 4059 bor
1961 4005 2053 4059 ille
2108 4014 2166 4059 et
2198 4003 2442 4058 studium
2469 4005 2587 4073 ejus
2634 4003 2689 4057 in
2736 4019 2805 4058 eo
2844 4002 2969 4068 fuit,
3002 4011 3063 4057 ut
3103 4013 3393 4073 generaret

1822 4107 1971 4148 exse
2014 4092 2153 4162 ipso,
2196 4108 2229 4148 e
2269 4108 2367 4146 sua
2405 4090 2576 4161 ipsius
2630 4099 2826 4145 natura
2886 4089 3029 4145 ﬁlios
3089 4106 3120 4145 e
3164 4090 3394 4160 Spiritu,

1822 4186 2035 4256 placide
2064 4186 2440 4256 acquiescens,
2463 4183 2610 4253 quod
2640 4183 2958 4253 supernitus
2975 4194 3334 4239 nascerentur
3360 4199 3395 4237 e

1822 4294 1922 4334 sua
1952 4278 2262 4333 divinitate.
2313 4278 2381 4331 Et
2429 4274 2898 4347 quemadmodum
2947 4286 3134 4346 patres
3164 4274 3243 4341 hi,
3286 4281 3393 4328 nisi

1824 4369 2138 4440 genuerint,
2191 4368 2414 4421 tristitia
2458 4374 2515 4421 et
2565 4366 2755 4421 dolore
2795 4366 3108 4420 alliciuntur
3146 4383 3160 4418 :
3201 4364 3395 4420 eodem

133 4467 442 4537 ἀγαπήσας
486 4467 547 4520 τὸ
596 4468 751 4533 γένος
783 4466 887 4520 τῶν
912 4466 1212 4538 ἀνθρώπων
1240 4467 1316 4530 ὡς
1350 4468 1484 4522 ἰδίαν
1512 4472 1717 4534 εἰκόνα,

1827 4460 1987 4515 modo
2048 4459 2351 4523 Dominus,
2424 4458 2658 4530 diligens
2736 4474 2910 4529 genus
2989 4458 3292 4513 humanum
3338 4465 3398 4511 ut

129 4558 410 4627 ἠθέλησεν
458 4559 653 4622 αὐτοὺς
688 4560 752 4611 ἐκ
780 4558 875 4612 τοῦ
925 4557 1092 4611 αὑτοῦ
1125 4559 1439 4630 σπέρματος
1464 4560 1722 4630 γεννῆσαι

130 4650 231 4717 τῆς
264 4648 549 4720 θεότητος.
602 4649 667 4701 Εἴ
696 4666 837 4713 τινες
864 4647 957 4703 οὖν
999 4649 1075 4720 μὴ
1106 4649 1401 4720 θελήσωσιν
1430 4652 1509 4714 εἰς
1544 4651 1725 4704 τοιαύ-

128 4755 232 4809 την
277 4740 539 4810 γέννησιν
583 4740 671 4792 ὲλθ
686 4744 785 4805 εῖν,
813 4741 906 4793 καὶ
936 4742 999 4794 ἐκ
1030 4741 1129 4810 τῆς
1156 4742 1393 4812 γαστρὸς
1430 4741 1525 4795 τοῦ
1557 4742 1723 4795 Πνεύ-

134 4848 314 4900 ματος
352 4832 453 4900 τῆς
501 4831 751 4900 θεότητος
806 4831 1157 4901 γεννηθῆναι,
1215 4832 1415 4902 πολλὴν
1468 4833 1643 4903 λύπην
1691 4835 1719 4887 ὁ

128 4923 380 4992 Χριστὸς
417 4923 760 4991 ἀναδέχεται,
790 4924 983 4979 παθὼν
1012 4925 1080 4977 δι’
1120 4926 1317 4989 αὐτοὺς
1351 4926 1446 4979 καὶ
1487 4926 1717 4996 ὑπομεί-

127 5031 255 5077 νας,
284 5015 380 5067 ἵνα
408 5015 634 5077 τούτους
678 5015 848 5087 σώσῃ.
1496 5059 1507 5065 -

198 5104 281 5160 I".
319 5106 539 5170 Πάντας
591 5106 699 5176 γὰρ
754 5106 1074 5178 ἀνθρώπους
1107 5106 1249 5161 θέλει
1312 5111 1339 5161 ό
1386 5108 1586 5179 Κύριος
1619 5108 1719 5177 τῆς

124 5203 452 5266 γεννήσεως
484 5196 885 5265 καταξιωθῆναι
916 5197 1137 5266 ταύτης.
1182 5198 1351 5268 ’Υπὲρ
1379 5198 1596 5251 πάντων
1614 5197 1721 5267 γὰρ

122 5289 403 5350 ἀπέθανε,
426 5290 518 5341 καί
541 5289 748 5351 πάντας
774 5290 853 5351 εἰς
884 5288 1030 5360 ζωὴν
1054 5290 1296 5343 ἐκάλεσε.
1332 5290 1453 5359 Ζωὴ
1487 5291 1543 5343 δέ
1574 5290 1720 5341 ἐστιν

124 5382 159 5451 ἡ
200 5380 423 5435 ἄνωθεν
477 5381 541 5432 ἐκ
585 5378 678 5433 τοῦ
727 5380 861 5433 Θεοῦ
906 5381 1178 5452 γέννησις·
1213 5382 1342 5435 ἄνευ
1376 5381 1485 5451 γὰρ
1513 5379 1720 5451 ταύτης

123 5476 298 5544 ζῆσαι
328 5476 513 5545 ψυχὴν
536 5474 815 5539 ἀδύνατον,
837 5472 911 5536 ὦς
946 5491 1106 5542 φησι]
1142 5475 1170 5526 6
1200 5474 1400 5543 Κύριος
1424 5489 1436 5501 ⁸
1472 5474 1612 5527 Ἐὰν
1634 5472 1720 5541 μή

122 5586 211 5634 τις
248 5565 525 5637 γεννηθῇ
564 5566 812 5630 ἄνωθεν,
850 5568 923 5620 οὺ
954 5565 1203 5618 δύναται
1228 5564 1374 5618 ἰδεῖν
1402 5564 1516 5631 τὴν
1540 5565 1724 5628 βασι-

124 5662 311 5715 λείαν
343 5659 455 5712 τοῦ
503 5658 671 5713 Θεοῦ.
719 5658 886 5712 Ὠστε
936 5657 1095 5714 πάλιν
1146 5658 1261 5712 ὅσοι
1308 5656 1723 5728 πιστεύουσιτῷ

198 5775 214 5825 9
239 5772 418 5828 Joan.
450 5787 527 5839 Ill,
561 5772 615 5827 3.

1826 4551 2103 4621 propriam
2153 4550 2482 4620 imaginem,
2528 4548 2705 4602 voluit
2750 4562 2846 4603 eos
2894 4563 2963 4602 ex
3015 4547 3133 4617 ipso
3187 4546 3399 4601 semine

1824 4644 2013 4698 divino
2040 4659 2355 4713 procreare.
2386 4643 2443 4698 Si
2473 4642 2568 4712 qui
2614 4657 2745 4711 ergo
2780 4640 3064 4695 renuerint
3104 4640 3169 4693 ad
3206 4640 3399 4710 huius-

1830 4733 1977 4788 modi
2026 4733 2439 4803 generationem
2472 4733 2683 4797 venire,
2731 4740 2787 4785 et
2832 4732 2900 4785 de
2937 4739 3129 4785 ventre
3158 4731 3400 4801 Spiritus

1829 4826 2003 4881 divini
2053 4828 2228 4893 nasci,
2256 4841 2530 4880 summum
2583 4825 2823 4879 dolorem
2864 4823 3095 4892 suscipit
3120 4822 3394 4888 Christus,

1824 4920 1918 4989 qui
1956 4928 2183 4989 propter
2208 4934 2304 4973 eos
2325 4932 2520 4987 passus
2567 4924 2653 4971 est
2690 4930 2754 4969 ac
2775 4914 3025 4985 pertulit,
3068 4921 3129 4966 ut
3159 4928 3256 4967 eos
3284 4928 3399 4967 ser-

1826 5020 2001 5066 varet.

1896 5104 1986 5157 Ill.
2025 5102 2229 5158 Omnes
2271 5102 2419 5157 enim
2482 5100 2735 5155 homines
2787 5100 2907 5153 vult
2946 5098 3211 5153 Dominus
3258 5097 3400 5152 hanc

1831 5193 2173 5247 nativitatem
2208 5191 2491 5260 consequi,
2528 5206 2627 5259 pro
2656 5190 2915 5243 omnibus
2944 5188 3216 5257 siquidem
3254 5203 3399 5241 mor-

1829 5292 1954 5337 tuus
1977 5294 2081 5347 est,
2107 5292 2161 5338 et
2191 5298 2383 5337 omnes
2416 5282 2484 5336 ad
2528 5282 2693 5335 vitam
2727 5280 2963 5334 vocavit.
2996 5280 3121 5334 Vita
3148 5294 3280 5333 vero
3315 5288 3397 5331 est

1826 5376 2064 5445 desuper
2089 5392 2157 5430 ex
2184 5377 2294 5429 Deo
2324 5374 2606 5444 generatio
2630 5391 2643 5427 :
2674 5373 2881 5441 absque
2907 5372 3008 5425 hac
3030 5372 3175 5425 enim
3213 5370 3399 5424 vivere

1828 5466 2089 5531 animam,
2127 5466 2485 5535 impossibile,
2514 5473 2572 5518 ut
2602 5463 2779 5533 inquit
2806 5462 3067 5515 Dominus
3094 5477 3107 5512 :
3140 5460 3255 5513 Nisi
3283 5460 3398 5527 quis

1829 5572 1985 5618 nutus
2028 5563 2181 5631 fuerit
2212 5579 2239 5615 e
2281 5560 2542 5631 supernis,
2580 5575 2684 5612 non
2729 5559 2917 5628 poterit
2963 5556 3135 5610 videre
3179 5568 3398 5623 regnum

1828 5657 1985 5711 Dei'.
2040 5656 2109 5713 Ut
2158 5664 2370 5721 contra,
2400 5652 2717 5724 quicunque
2767 5648 2999 5705 Domino
3035 5646 3393 5710 crediderint,
