3966 6564
550 331 656 396 723

1787 339 1850 399 S.
1890 337 2214 400 MACARII
2250 338 2575 400 EGYPTII
3010 370 3024 380 α
3687 342 3768 404 iii

547 461 604 508 et
628 448 953 506 accedentes
983 448 1325 504 nativitatem
1379 449 1522 505 hanc
1563 452 1846 528 consecuti
1901 451 2130 513 fuerint,

2247 451 2449 522 Κυρίῳ,
2486 451 2583 504 καὶ
2619 449 3046 520 προσερχόμενοι
3078 447 3457 516 καταξιοῦνται
3493 450 3586 520 τῆς
3610 458 3771 522 γεννή.

545 542 807 615 gaudium
855 540 1152 595 conciliant
1185 549 1241 594 et
1286 555 1556 595 summam
1615 542 2040 596 exsultationem
2074 542 2130 596 in

544 633 703 689 cmlis
745 633 1091 703 parentibus,
1125 632 1221 701 qui
1263 647 1360 686 eos
1409 644 1792 701 procrearunt.
1838 635 1906 688 Et
1936 649 2131 688 omnes

544 725 722 796 angeli
769 731 1084 793 sanctaque
1119 723 1351 778 virtutes
1390 723 1648 777 lmtantur
1672 723 1740 778 de
1771 725 1973 789 anima,
2009 741 2131 794 qua:

545 831 576 871 e
604 815 810 886 Spiritu
842 823 1106 885 prognata
1125 822 1182 869 et
1209 813 1450 884 Spiritus
1470 813 1664 869 effecta
1699 823 1808 870 est.
1839 815 1955 870 Iloe
1980 816 2129 870 enim

547 919 749 973 corpus
796 903 1100 957 similitudo
1144 908 1229 957 est
1277 903 1503 969 animm;
1537 905 1721 959 anima
1773 920 1904 960 vero
1951 906 2130 976 imago

547 995 788 1066 Spiritus
813 993 1048 1048 exsistit.
1082 994 1152 1047 Et
1180 993 1646 1064 quemadmodum
1674 1011 1878 1066 corpus
1921 997 2129 1066 absque

547 1091 729 1146 anima
753 1097 1032 1143 mortuum
1071 1096 1176 1153 est,
1212 1106 1317 1145 nec
1347 1090 1480 1160 quid
1525 1105 1791 1160 peragere
1822 1092 1967 1146 valet
2001 1108 2014 1144 :
2049 1096 2130 1148 sic

545 1181 754 1249 absque
809 1179 1024 1234 cmlesti
1083 1181 1304 1246 anima,
1362 1181 1572 1251 absque
1638 1182 1828 1238 divino
1894 1183 2126 1253 Spiritu,

545 1281 762 1328 mortua
787 1282 873 1328 est
913 1287 943 1327 a
978 1288 1146 1343 regno
1195 1273 1400 1338 anima,
1442 1289 1545 1328 nec
1592 1283 1776 1342 potest
1825 1274 2128 1344 quidquam

548 1380 808 1436 peragere
850 1381 1214 1436 eorum,qute
1258 1366 1327 1420 ad
1373 1366 1546 1421 Deum
1573 1368 1879 1436 pertinent,
1915 1367 2130 1438 absque

549 1457 782 1530 Spiritu.

625 1551 786 1621 116
808 1551 897 1605 1V.
933 1548 1407 1617 Quemadmodum
1438 1549 1585 1604 enim
1621 1549 1922 1605 statuarius
1947 1559 2130 1607 atten-

551 1643 633 1698 dit
653 1641 720 1697 ad
762 1641 958 1696 faciem
1003 1640 1169 1710 regis,
1198 1648 1314 1694 tum
1342 1639 1519 1710 pingit
1560 1657 1572 1692 :
1601 1657 1684 1705 ac,
1720 1641 1764 1696 si
1805 1657 1872 1697 ex
1898 1642 2130 1698 adversa

553 1745 712 1806 parte
738 1734 809 1790 sit
843 1733 1010 1788 facies
1041 1733 1205 1804 regis,
1226 1732 1520 1788 intendens
1541 1732 1597 1786 in
1628 1733 1809 1803 ipsum
1835 1733 2126 1803 pictorem,

552 1809 711 1884 facile
742 1835 906 1893 atque
939 1826 1222 1896 eleganter
1266 1825 1358 1879 ille
1389 1824 1683 1894 imaginem
1709 1826 1778 1880 ad
1812 1826 1997 1880 vivum
2029 1825 2129 1881 de-

551 1917 770 1988 pingit:
806 1916 892 1970 sin
939 1931 1074 1972 vero
1126 1915 1324 1971 faciem
1369 1925 1605 1982 avertat,
1651 1917 1879 1987 pingere
1914 1917 2128 1988 nequit,

551 2023 619 2063 eo
645 2007 793 2078 quod
820 2007 1046 2062 intentis
1075 2009 1250 2063 oculis
1275 2025 1385 2063 non
1420 2009 1740 2064 intuebatur
1764 2010 2080 2080 pingentem
2115 2027 2129 2064 :

552 2102 746 2155 eodem
784 2116 1004 2170 quoque
1047 2100 1212 2154 modo
1244 2100 1480 2172 insignis
1519 2103 1611 2158 ille
1644 2103 1821 2172 pictor
1854 2101 2131 2167 Christus,

553 2192 912 2248 credentibus
942 2193 1016 2259 ei,
1052 2202 1107 2247 et
1134 2193 1257 2249 ﬁxis
1289 2210 1417 2249 eum
1441 2194 1618 2249 oculis
1643 2209 1862 2264 semper
1910 2194 2135 2248 intuen-

555 2284 725 2348 tibus,
760 2283 1051 2340 confestim
1079 2285 1327 2356 depingit
1368 2287 1435 2340 ad
1485 2287 1782 2357 imaginem
1821 2302 1978 2341 suam
2027 2287 2135 2342 ho-

556 2377 762 2432 minem
812 2377 1113 2443 emlestem,
1155 2392 1225 2432 ex
1271 2378 1391 2448 ipso
1436 2377 1668 2448 Spiritu,
1710 2394 1776 2433 ex
1829 2379 2139 2434 substantia

557 2469 732 2539 ipsius
760 2469 986 2524 luminis
1013 2470 1222 2535 arcani,
1242 2470 1417 2541 pingit
1435 2470 1726 2540 imaginem
1750 2471 2055 2535 caelestem,
2081 2480 2141 2525 et

557 2562 789 2630 largitur
811 2560 860 2615 ei
886 2561 1210 2630 praeclarum
1253 2570 1309 2616 et
1352 2562 1558 2616 bonum
1587 2561 1736 2616 illius
1759 2578 2044 2631 sponsum.
2081 2563 2141 2619 Si

559 2655 686 2725 quis
710 2668 840 2725 ergo
865 2654 1107 2710 immotis
1130 2655 1448 2710 oculiseum
1470 2670 1580 2708 non
1598 2670 1815 2724 semper
1833 2655 2137 2724 intueatur,

559 2749 760 2818 Spretis
796 2748 1076 2813 omnibus,
1103 2763 1448 2818 nequaquam
1479 2750 1670 2821 pinget
1699 2750 1966 2805 Dominus
2002 2750 2141 2804 ima-

559 2841 739 2911 ginem
772 2841 891 2912 ejus
930 2857 960 2896 e
1001 2857 1100 2897 suo
1129 2840 1300 2910 ipsius
1331 2841 1558 2896 lumine.
1594 2841 1826 2910 Oportet
1863 2855 1995 2911 ergo
2023 2839 2144 2895 ﬁxis

562 2932 738 2988 oculis
767 2932 971 2987 intueri
1013 2948 1114 2988 nos
1147 2947 1295 2994 eum,
1331 2931 1582 2996 credere,
1607 2942 1666 2986 et
1706 2932 1935 3002 diligere
1963 2931 2140 2996 illum,

561 3023 742 3079 omnia
765 3023 1032 3095 projicere
1054 3025 1218 3094 eique
1239 3023 1546 3088 attendere,
1573 3033 1634 3078 ut
1650 3023 1838 3094 pingat
1859 3023 1945 3079 sui
1973 3023 2146 3093 ipsius

2234 559 2374 604 σεως
2414 541 2641 610 ταύτης,
2673 540 2848 611 χαρὰν
2893 539 3180 610 ἐμποιοῦσι
3228 542 3326 594 καὶ
3365 541 3600 611 μεγάλην
3641 544 3776 610 ἀγαλ-

2231 632 2410 686 λίασιν
2453 633 2510 685 ἐν
2549 633 2799 702 οὐρανοῖς
2841 633 2956 694 τοῖς
2999 633 3295 701 γεννήσασι
3337 630 3574 698 γονεῦσι·
3610 635 3776 699 πάντες

2231 741 2290 778 τε
2341 723 2585 792 ἄγγελοι,
2637 723 2733 776 καὶ
2773 722 3034 792 δυνάμεις
3089 722 3241 791 ἆγιαι
3283 723 3531 792 χαίρουσι
3573 728 3634 795 τῇ
3660 726 3778 798 ψυχῇ

2231 819 2297 887 τῇ
2329 819 2394 870 ἐκ
2437 816 2752 886 Πνεύματος
2781 815 3126 885 γεννηθείσῃ,
3150 815 3246 869 καὶ
3283 817 3554 887 γενομένῃ
3578 818 3777 889 πνεῦμα.

2231 909 2404 983 Τοῦτο
2429 906 2537 978 γάρ
2573 908 2636 960 τδ
2667 906 2827 977 σῶμα
2864 906 3118 978 ὁμοίωμα
3141 907 3403 976 τυγχάνει
3425 908 3526 978 τῆς
3557 909 3779 983 ψυχῆςνῇ

2231 981 2288 1056 δὲ
2319 1000 2467 1072 ψυχὴ
2503 997 2668 1053 εἰκὼν
2705 999 2802 1052 τοῦ
2857 997 3177 1068 Πνεύματος
3209 1000 3467 1069 ὑπάρχειο
3504 1001 3599 1052 καὶ
3625 1001 3780 1073 ὥσπερ

2230 1093 2294 1146 τὸ
2326 1093 2487 1163 σῶμα
2522 1091 2693 1162 χωρὶς
2723 1091 2825 1159 τῆς
2850 1090 3031 1161 ψυχῆς
3064 1091 3258 1161 νεκρόν
3297 1093 3434 1157 ἐστι,
3475 1092 3636 1162 μηδὲν
3661 1095 3785 1148 δυνά.

2242 1200 2405 1254 μενον
2438 1181 2865 1252 διαπράξασθαι,
2914 1180 3087 1244 οὕτως
3142 1182 3271 1236 ἄνευ
3330 1182 3430 1252 τῆς
3494 1183 3784 1254 ἐπουρανίου

2229 1275 2427 1346 ψυχῆς,
2449 1274 2618 1346 χωρὶς
2641 1271 2735 1325 τοῦ
2771 1271 2954 1326 θεῖκοῦ
2990 1272 3331 1342 Πνεύματος,
3355 1272 3528 1344 νεκρὰ
3560 1276 3784 1342 τυγχάνει

2231 1366 2343 1422 ἀπὸ
2366 1365 2468 1436 τῆς
2501 1364 2777 1435 βασιλείας
2806 1366 2840 1434 ἡ
2870 1363 3040 1434 ψυχὴ,
3076 1364 3239 1435 μηδὲν
3272 1364 3545 1435 δυναμένη
3587 1366 3784 1438 διαπρά-

2233 1461 2426 1525 ξασθαι
2455 1461 2564 1514 τῶν
2597 1459 2692 1514 τοῦ
2722 1460 2881 1525 Θεοῦ,
2911 1461 3038 1516 ἄνευ
3063 1459 3159 1514 τοῦ
3196 1460 3540 1530 Πνεὺματος.

2302 1556 2377 1606 A'.
2407 1555 2428 1572 "
2446 1553 2631 1623 Ωσπερ
2657 1552 2768 1622 γὰρ
2791 1552 2819 1605 ό
2842 1551 3232 1623 είκονογράφος
3256 1552 3520 1622 προσέχει
3551 1551 3627 1622 τῷ
3655 1570 3789 1620 προσ-

2231 1645 2368 1716 ώπῳ
2399 1644 2494 1698 τοῦ
2519 1645 2803 1715 βασιλέως,
2833 1644 2929 1696 καὶ
2950 1648 3174 1714 γράφει⁸
3196 1643 3293 1697 καὶ
3324 1644 3461 1696 ἐπάν
3490 1643 3551 1708 ἐξ
3576 1647 3788 1717 ἐναντίας

2230 1732 2265 1810 ᾗ
2314 1736 2377 1790 τὸ
2429 1738 2720 1806 πρόσωπον
2761 1736 2854 1789 τοῦ
2910 1736 3172 1807 βασιλέως
3205 1737 3472 1807 προσέχον
3517 1736 3662 1807 αὐτῷ
3711 1747 3789 1811 ρι’-

2235 1849 2414 1900 φοντι,
2447 1830 2686 1892 εὐκόλως
2717 1831 2812 1884 καὶ
2851 1830 3032 1891 καλῶς
3065 1831 3271 1893 ἐκεῖνος
3302 1831 3590 1902 ζωγραφεῖ
3616 1830 3703 1889 τὴν
3731 1833 3788 1881 εἱ-

2237 1921 2370 1977 κόνα
2395 1939 2408 1954 ·
2444 1924 2584 1978 ἐπὰν
2632 1921 2688 1975 δὲ
2719 1922 3039 1995 ἀποστρέψῃ
3060 1922 3120 1974 τὸ
3158 1923 3476 1992 πρόσωπον,
3509 1922 3574 1974 οὐ
3605 1921 3791 1974 oti-mra:

2236 2015 2467 2086 γράψαι,
2529 2014 2621 2067 διὰ
2663 2014 2726 2068 τὺ
2769 2013 2845 2085 μὴ
2904 2014 3172 2076 ἀτενίζειν
3227 2011 3376 2082 αὐτῷ
3413 2013 3496 2082 τῷ
3539 2014 3789 2081 γράφοντιε

2236 2106 2330 2159 τὸν
2369 2105 2532 2160 αὐτὸν
2559 2105 2762 2176 τρόπον
2802 2105 2896 2159 καὶ
2924 2107 2952 2158 ὁ
3010 2104 3176 2167 καλὸς
3228 2103 3524 2173 ζωγράφος
3570 2104 3788 2172 Χριστος,

2237 2202 2351 2263 τοῖς
2384 2198 2732 2252 πιστεύουσιν
2783 2197 2932 2267 αὐτῷ
2968 2198 3062 2252 καὶ
3109 2197 3449 2261 ἁτενίζουσιν
3499 2196 3590 2249 διὰ
3627 2197 3793 2257 tuti;

2240 2292 2379 2364 πρὸς
2426 2290 2610 2355 αὐτὸν,
2649 2288 2852 2352 εὐθέως
2892 2289 3176 2361 ζωγραφεῖ
3205 2290 3346 2343 κατὰ
3385 2289 3486 2360 τὴν
3517 2288 3694 2341 εἰκόνα
3723 2290 3794 2340 αὖ·

2238 2383 2334 2437 τοῦ
2366 2382 2691 2452 ἐπουράνιον
2720 2380 3032 2451 ἄνθρωπον,
3070 2381 3136 2433 ἐκ
3162 2380 3256 2434 τοῦ
3287 2379 3451 2435 αὐτοῦ
3488 2380 3791 2448 Πνεῦματοε.

2241 2477 2308 2530 ἐκ
2338 2475 2437 2546 τῆς
2473 2475 2826 2536 ὑποστάσεως
2869 2472 3034 2528 αὐτοῦ
3067 2471 3162 2526 τοῦ
3191 2473 3368 2542 φωτὸς
3407 2472 3506 2526 τοῦ
3542 2473 3797 2538 ἀνεκλαλή-

2239 2584 2358 2632 του,
2389 2567 2590 2639 γράφει
2635 2565 2820 2619 εἰκόνα
2861 2564 3137 2634 οὐράνιον,
3182 2565 3278 2618 καὶ
3325 2565 3549 2617 δίδωσιν
3579 2566 3705 2633 αὐτῇ
3732 2564 3797 2615 τὸν

2243 2659 2409 2714 καλὸν
2456 2660 2551 2714 καὶ
2589 2658 2794 2726 ἀγαθὸν
2841 2656 3012 2727 αὐτῆς
3053 2657 3308 2727 νυμφίον.
3370 2656 3434 2708 Εἰ
3460 2674 3551 2719 τις
3604 2656 3688 2708 οὖν
3724 2655 3799 2706 οὒκ

2244 2753 2480 2818 ἀτενίζει
2522 2753 2612 2806 διὰ
2645 2751 2848 2814 παντδς
2887 2750 3025 2820 πρὸς
3055 2749 3216 2825 αυτὸν
3251 2749 3360 2802 τῶν
3394 2748 3618 2801 πάντων
3664 2747 3799 2815 ὑπερ-

2249 2846 2373 2899 ιδὼν
2398 2886 2413 2908 ,
2438 2846 2500 2898 οὐ
2537 2845 2610 2914 μὴ
2646 2841 2872 2915 γράψῃό
2892 2841 3096 2910 Κύριος
3121 2839 3285 2893 αὐτοῦ
3319 2839 3416 2908 τὴν
3449 2839 3636 2892 εἰκόνα
3656 2841 3708 2890 ἐκ
3731 2837 3800 2888 τοῦ

2247 2936 2444 2992 ἐαυτοῦ
2480 2936 2678 3005 φωτός.
2712 2935 2832 3006 Χρὴ
2865 2933 3048 2987 τοίνυν
3081 2933 3351 2996 ἀτενίζειν
3375 2933 3532 3001 ἡμᾶς
3571 2933 3645 2992 εἰς
3675 2931 3799 2981 αὑτὸν

2247 3029 2622 3090 πιστεύοντας,
2659 3028 2760 3080 καὶ
2813 3025 3141 3095 ἀγαπῶντας
3187 3025 3350 3078 αὑτὸν
3374 3066 3389 3087 ,
3423 3025 3608 3076 πάντα
3647 3023 3801 3090 {ii-bv-

563 3117 856 3186 imaginem
889 3116 1173 3172 etelestem
1199 3125 1256 3171 et
1285 3116 1545 3170 immittat
1565 3117 1765 3170 animis
1800 3116 2037 3171 nostris:
2063 3122 2142 3170 at-

2247 3139 2364 3185 τας,
2397 3121 2493 3174 καὶ
2523 3119 2674 3190 αὐτῷ
2706 3121 3101 3190 προσέχοντας·
3139 3118 3229 3171 ἵνα
3261 3116 3487 3188 γράψας
3519 3114 3617 3185 την
3646 3112 3801 3166 ἐαπῦ

567 3224 676 3277 quc
715 3208 794 3262 sic
842 3223 942 3262 nos
995 3217 1272 3278 gestantes
1319 3208 1626 3272 Christum,
1667 3209 1836 3262 vitam
1884 3217 2145 3263 teternam

563 3315 971 3370 consequamur
997 3309 1079 3366 ,et
1104 3301 1236 3357 hinc
1253 3301 1478 3357 certiori
1521 3301 1723 3356 fiducia
1759 3301 1884 3356 fulti
1925 3301 2146 3372 requie-

564 3405 803 3446 scamus.

639 3580 705 3636 ν.
739 3579 978 3635 Perinde
1010 3595 1075 3636 ac
1097 3589 1316 3636 moneta
1349 3597 1534 3649 aurea,
1561 3580 1667 3637 nisi
1699 3582 2021 3652 impressam
2044 3583 2147 3638 ha-

565 3673 751 3728 buerit
794 3673 999 3743 regiam
1035 3674 1353 3745 imaginem,
1391 3691 1500 3729 non
1539 3675 1594 3729 in
1637 3675 1972 3734 commercio
2019 3692 2148 3730 ver-

565 3765 676 3822 sari
707 3774 912 3836 potest,
954 3781 1056 3822 nec
1092 3767 1146 3820 in
1177 3767 1326 3837 regis
1361 3767 1649 3821 thesauros
1681 3766 2024 3830 reconditur,
2052 3767 2148 3821 sed

568 3857 818 3927 rejicitur
855 3875 870 3913 :
910 3859 991 3913 sic
1023 3873 1244 3927 quoque
1265 3858 1468 3922 anima,
1516 3858 1621 3913 nisi
1663 3858 1921 3914 habuerit
1953 3860 2150 3930 imagi~

567 3965 696 4004 nem
725 3950 967 4005 cmlestis
1012 3949 1253 4020 Spiritus
1281 3951 1336 4005 in
1364 3951 1576 4006 lumine
1606 3967 1830 4017 arcano,
1867 3952 2149 4008 Christum

571 4041 627 4095 in
670 4057 730 4095 se
779 4041 1134 4111 insculptum,
1163 4057 1274 4096 non
1312 4051 1396 4097 est
1429 4043 1721 4097 counnoda
1773 4043 1838 4096 ad
1881 4058 2151 4113 supernos

575 4130 883 4195 thesauros,
909 4141 966 4185 et
1005 4146 1035 4184 a
1065 4132 1472 4187 mercatoribus
1499 4132 1678 4203 regni,
1713 4133 1994 4202 praeclaris
2022 4149 2153 4202 apo-

571 4221 748 4284 stolis,
775 4221 1075 4291 respuitur.
1121 4223 1225 4288 Qui
1276 4223 1427 4278 enim
1482 4224 1748 4279 invitatus
1791 4225 1990 4288 fuerat,
2040 4242 2152 4279 non

573 4321 875 4367 exornatus
908 4321 1060 4366 veste
1107 4313 1363 4383 nuptiali,
1395 4323 1657 4384 tanquam
1707 4316 1920 4371 alienus
1945 4317 2152 4385 ejectus

575 4402 745 4456 estin
779 4407 1085 4458 exteriores
1133 4406 1412 4469 tenebras,
1463 4423 1531 4461 eo
1565 4408 1712 4476 quod
1759 4424 1868 4461 non
1910 4415 2151 4478 gestaret

2248 3215 2435 3268 εἰκόνα
2487 3217 2585 3284 τὴν
2627 3213 2972 3280 ἐπουράνιον,
3017 3210 3318 3281 ἀποστείλῃ
3377 3211 3435 3262 ἐν
3478 3212 3604 3271 ταῖς
3639 3207 3801 3275 ψυχαῖς

2249 3307 2425 3378 ἡμῶν·
2477 3308 2568 3360 καὶ
2612 3305 2784 3368 οὕτως
2843 3304 3178 3374 φορέσαντες
3238 3303 3330 3355 τὸν
3398 3301 3636 3372 Χριστὸν
3686 3298 3798 3365 ζωὴν

2248 3399 2470 3454 αἰώνιον
2519 3397 2798 3469 λάϐωμεν,
2836 3397 2933 3450 καὶ
2967 3395 3300 3450 άπεντεῦθεν
3329 3393 3802 3466 πληροφορηθέντες

2247 3489 2479 3544 ἀναπαῶ
2487 3505 2605 3560 μεν.

2319 3584 2396 3637 E'.
2431 3583 2643 3653 Ὥσπερ
2681 3583 2739 3635 τὸ
2769 3582 3009 3653 νόμισμα
3055 3579 3151 3634 τοῦ
3181 3579 3428 3652 χρυσίου,
3466 3578 3567 3630 ἐὰν
3596 3577 3664 3647 μὴ
3693 3573 3801 3645 λάϐε

2249 3677 2344 3730 καὶ
2391 3675 2675 3747 ἐντυπωθῇ
2706 3675 2803 3745 τὴν
2856 3673 3142 3746 βασιλικὴν
3178 3673 3397 3736 εἰκόνα,
3431 3669 3562 3724 οὕτε
3609 3673 3680 3731 εἰς
3729 3670 3803 3737 ἐμ-

2252 3768 2448 3840 πορίαν
2511 3768 2831 3840 ἀπέρχεται,
2887 3766 3010 3819 οὔτε
3073 3766 3168 3828 εἰς’
3218 3764 3486 3835 βασιλέως
3525 3763 3795 3832 θησαυροὺς

2251 3855 2598 3918 ἀποτίθεται,
2651 3855 2788 3907 ἀλλὰ
2833 3854 3140 3923 ἀπόϐλητον
3198 3854 3483 3923 τυγχάνεν
3547 3851 3709 3912 οὕτως
3733 3851 3802 3901 καὶ

2251 3946 2285 4016 ὴ
2309 3945 2479 4015 ψυχὴ,
2515 3946 2609 3998 ἐὰν
2641 3945 2716 4016 μὴ
2748 3945 2844 4015 ἔχῃ
2883 3945 3067 3998 εἰκόνα
3088 3943 3180 3997 τοῦ
3217 3942 3548 4014 ἐπουρανίου
3593 3941 3804 4008 Πνεῦμα·

2252 4055 2344 4100 τος
2397 4039 2456 4090 ἐν
2495 4039 2635 4106 φωτί¹
2691 4039 2940 4110 ἁρῤήτῳ,
2992 4038 3226 4108 Χριστὸν
3283 4034 3718 4105 ἐντετυπωμένον
3761 4036 3802 4084 ἐν

2253 4129 2415 4199 αὐτῇ,
2453 4129 2514 4181 οὐ
2567 4127 2892 4198 χρησιμεύει
2929 4129 3007 4190 εἰς
3054 4128 3181 4190 τοὺς
3218 4127 3329 4179 ἄνω
3384 4126 3707 4195 Θησαυροῦς,
3734 4124 3800 4173 καὶ

2255 4221 2360 4273 ὑπὸ
2386 4221 2489 4273 τῶν
2521 4220 2777 4290 ἐμπόρων
2798 4221 2897 4287 τῆς
2922 4219 3197 4289 βασιλείας
3222 4218 3332 4270 τῶν
3365 4217 3554 4269 καλῶν
3611 4212 3801 4267 timete-

2253 4313 2360 4368 λων
2393 4313 2696 4382 ἀπόϐλητος
2726 4313 2954 4381 γίνεται.
2974 4312 3082 4364 Καὶ
3127 4311 3234 4380 γὰρ
3282 4312 3311 4362 ὁ
3340 4308 3592 4379 κληθεὶς,
3629 4305 3712 4358 καὶ
3747 4304 3801 4372 μὴ

2257 4404 2438 4476 φορῶν
2472 4405 2533 4457 τὸ
2557 4404 2759 4474 ἔνδυμα
2802 4403 2894 4456 τοῦ
2920 4403 3121 4474 γάμου,
3156 4401 3230 4464 ὡς
3261 4401 3547 4471 ἀλλότριος
3582 4397 3799 4464 ἐξεϐλήθη

575 4493 868 4564 imaginem
893 4495 1196 4551 cmlestem.
1224 4496 1342 4551 Hoc
1367 4498 1514 4552 enim
1550 4509 1634 4554 est
1662 4499 1878 4569 signum
1911 4516 1974 4554 ac
2002 4501 2142 4571 sigil-i

2261 4499 2339 4559 εἰς
2364 4497 2423 4550 τὸ
2456 4495 2737 4566 ἀλλότριον
2788 4494 3000 4558 σκότος,
3053 4493 3128 4564 μὴ
3163 4492 3345 4562 φορῶν
3372 4491 3471 4561 τὴν
3524 4490 3698 4543 εἰκόνα
3731 4485 3799 4553 τήν

572 4583 688 4640 lum
721 4586 937 4640 Domini
961 4588 1160 4644 animis
1195 4589 1544 4658 impressum,
1598 4591 1838 4660 Spiritus
1883 4593 2149 4647 nimirum

575 4677 803 4732 luminis
824 4679 1034 4733 arcani.
1067 4680 1134 4733 Et
1162 4681 1627 4750 quemadmodum
1665 4693 1914 4738 mortuus
1945 4685 2157 4740 inutilis

574 4774 684 4835 est,
720 4785 823 4824 nec
859 4771 1084 4827 omnino
1134 4774 1264 4842 quid
1319 4775 1631 4828 commodat
1678 4776 1767 4839 iis,
1815 4777 1910 4846 qui
1944 4778 2032 4832 hic
2072 4778 2157 4832 vi-

575 4869 747 4926 vunt;
779 4872 1120 4932 quapropter
1149 4873 1440 4933 exportant
1485 4881 1704 4934 quoque
1742 4882 1869 4921 eum
1898 4884 1963 4922 ex
1998 4868 2154 4933 urbe,

576 4960 635 5008 et
682 4953 834 5007 humi
893 4954 1219 5024 deponunt:
1255 4958 1335 5012 sic
1363 4973 1583 5027 quoque
1621 4959 1823 5024 aliima,
1873 4976 1996 5030 quae
2045 4977 2158 5015 non

576 5053 754 5115 gestat
793 5046 1075 5101 caelestem
1128 5047 1304 5102 divini
1352 5049 1577 5105 luminis
1608 5051 1938 5118 imaginem,
1987 5055 2158 5108 vitam

579 5137 795 5192 scilicet
842 5139 1063 5203 animm,
1103 5141 1254 5194 velut
1303 5142 1536 5211 reproba
1578 5159 1642 5197 ac
1677 5143 1836 5212 plane
1890 5146 2160 5214 rejectitia

579 5227 786 5282 evadit.
813 5229 934 5283 Non
969 5231 1118 5284 enim
1151 5233 1468 5286 commodat
1503 5233 1578 5286 illi
1603 5233 1811 5287 civitati
1842 5246 2159 5290 sanctorum

580 5319 764 5374 anima
793 5328 1032 5385 mortua,
1058 5338 1182 5391 qua:
1221 5339 1333 5377 non
1379 5326 1522 5394 gerit
1554 5327 1797 5381 lucidum
1825 5343 1888 5382 ac
1911 5328 2160 5384 divinum

581 5411 1359 5482 Spiritum.Quemadmodum
1389 5418 1535 5473 enim
1564 5419 1846 5475 inmundo
1886 5421 1997 5476 vita
2034 5437 2162 5475 cor-

583 5503 736 5572 poris
764 5511 849 5559 est
878 5506 1062 5559 anima
1100 5524 1113 5559 :
1142 5506 1222 5561 sic
1257 5523 1477 5577 quoque
1510 5510 1566 5563 in
1609 5519 1818 5566 aeterno
1859 5527 1922 5566 ac
1951 5512 2160 5568 cmlesti

587 5592 796 5648 mundo
828 5593 1028 5649 anima:
1053 5595 1164 5650 vita
1190 5606 1276 5652 est
1299 5597 1541 5668 Spiritus
1565 5599 1804 5656 divinus.

658 5772 747 5829 VI.
780 5773 1008 5846 Oportet
1036 5775 1201 5849 igitur
1250 5787 1588 5848 qumrentcm
1627 5782 1876 5851 credere,
1908 5790 1964 5839 et
2006 5797 2160 5840 accc-

2257 4585 2596 4658 ἐπουράνιον.
2627 4584 2798 4636 Τοῦτο
2826 4583 2935 4653 γὰρ
2967 4584 3188 4651 σημεῖον
3239 4581 3334 4633 καὶ
3380 4581 3566 4648 σίγνον
3605 4577 3797 4646 ὑπάρχει

2256 4677 2350 4730 τοῦ
2391 4677 2595 4747 Κυρίου
2630 4675 3025 4744 ἐντυπούμενον
3053 4677 3171 4736 ταῖς
3213 4672 3434 4742 ψυχαῖς,
3479 4670 3689 4739 πνεῦμα
3725 4684 3799 4733 τω

2256 4767 2346 4831 τὸς
2374 4768 2614 4839 ἀρρήτου
2649 4766 2912 4837 ὑπάρχον.
2944 4765 3055 4817 Καὶ
3093 4763 3283 4834 ὥσπερ
3321 4765 3348 4814 ό
3374 4761 3573 4832 νεκρὸς
3604 4760 3798 4828 ἀχρεῖπ.

2259 4861 2356 4913 καὶ
2395 4859 2532 4918 ὅλως
2579 4857 2652 4928 μὴ
2690 4855 3041 4928 χρησιμεύων
3083 4856 3195 4918 τοῖς
3246 4856 3364 4907 ἐκεῖ
3403 4855 3520 4906 ἐστι
3546 4871 3560 4883 ·
3613 4853 3684 4905 διὸ
3734 4849 3801 4899 καὶ

2261 4951 2642 5021 ἐκκομίζουσιν
2664 4950 2825 5002 αὑτὸν
2848 4948 2952 5012 ἔξω
2973 4949 3068 5016 τῆς
3098 4945 3308 5008 πόλεως
3332 4947 3425 4998 καὶ
3441 4943 3799 4998 κατατίθενται·

2261 5043 2432 5105 οὕτως
2460 5042 2555 5096 καὶ
2591 5044 2622 5112 ὴ
2651 5040 2795 5110 ψυχὴ
2821 5042 2853 5110 ἡ
2891 5040 2964 5110 μὴ
2998 5040 3238 5108 φέρουσα
3275 5037 3374 5107 τὴν
3402 5037 3710 5104 ἐπουράνιον
3732 5029 3797 5082 rei

2264 5133 2443 5187 οεῖκοῦ
2478 5133 2655 5200 φωτὸς
2692 5131 2897 5194 εἰκόνα,
2945 5131 3043 5201 τὴν
3097 5131 3242 5200 ζωὴν
3292 5129 3392 5198 τῆς
3425 5129 3623 5199 ψυχῆς,
3653 5128 3798 5191 ὥσπερ

2261 5227 2517 5296 ἀδόκιμος
2568 5226 2660 5278 καὶ
2697 5225 2873 5296 πάντη
2911 5224 3217 5295 ἀπόϐλητος
3244 5226 3521 5294 τυγχάνει·
3561 5224 3620 5276 οἱ.
3650 5236 3801 5290 ms:-

2265 5319 2421 5389 μεύει
2465 5317 2573 5388 γὰρ
2613 5317 2694 5379 εἰς
2722 5315 2937 5386 ἐκείνην
2971 5315 3069 5387 τὴν
3118 5316 3272 5369 πόλιν
3319 5316 3427 5368 τῶν
3475 5315 3643 5384 ἁγίων
3671 5313 3802 5379 νεκρὰ

2260 5409 2428 5480 ψυχὴ,
2480 5409 2555 5479 μὴ
2596 5410 2836 5478 φέρουσα
2896 5409 3155 5476 φωτεινόν
3201 5409 3295 5462 καὶ
3350 5409 3529 5461 θεῐκον
3595 5405 3797 5471 Πνεῦμα.

2264 5502 2475 5571 Ὥσπερ
2528 5504 2639 5572 γὰρ
2688 5503 2760 5554 ἐν’
2787 5502 2980 5572 κόσμῳ
3035 5501 3148 5573 ζωὴ
3198 5500 3293 5554 τοῦ
3337 5501 3587 5571 σώματος
3633 5498 3797 5568 ἡεέυὶῖέ.

2263 5594 2430 5657 ἐστιν,
2453 5592 2630 5656 οὕτως
2656 5592 2750 5647 καὶ
2772 5593 2830 5647 ἐν
2857 5593 2935 5662 τῷ
2961 5593 3163 5664 αἰωνίῳ
3190 5593 3287 5646 καὶ
3317 5592 3622 5663 ἐπουρανίῳ
3651 5591 3798 5655 κόσμῳ

2264 5687 2360 5756 τῆς
2391 5685 2569 5755 ψυχῆς
2598 5687 2630 5754 ἡ
2663 5682 2797 5756 ζωὴ,
2831 5686 2893 5738 τὸ
2928 5685 3149 5755 Πνεῦμα
3174 5687 3274 5755 τῆς
3301 5686 3552 5755 θεότητος
3583 5683 3794 5752 ὑπάρχει.

2338 5775 2550 5851 ς’.)ίρη
2573 5777 2749 5833 τοίνυν
2776 5777 2863 5832 τὸν
2885 5777 3147 5848 ζητοῦντα
3172 5776 3457 5831 πιστεῦσαι
3485 5777 3576 5831 καὶ
3609 5771 3794 5844 7:90:22-
