3966 6524
156 342 250 405 725

1313 327 1686 392 ΗΟΜΠΜΕ.
1717 353 1786 364 ’-
1808 329 1999 392 ΗΟΜ.
2038 328 2221 391 XXX.

3297 320 3406 386 7‘26

157 452 260 506 Θείν
278 445 355 518 τῷ
384 443 598 516 Κυρίῳ,
619 441 956 514 παρακαλεῖν
981 437 1234 494 ἐντεῦθεν
1258 439 1444 493 λαϐεῖν
1469 438 1530 490 τὸ
1549 436 1726 490 θεῖκδν

1832 437 1966 494 dere
1991 438 2066 494 ad
2103 436 2428 500 Dominum,
2454 434 2748 490 obsecrare
2776 441 2838 488 ut
2866 433 3000 488 hinc
3035 443 3407 503 consequatur

157 541 386 610 Πνεῦμαο
415 537 550 591 αὐτὸ
596 537 703 606 γάρ
728 538 876 590 ἐστιν
922 536 954 605 ἡ
989 535 1101 604 ζωὴ
1142 535 1242 602 τῆς
1284 531 1485 603 ψυχῆς,
1517 532 1611 584 καὶ¹
1635 530 1724 582 διὰ

156 635 299 691 τοῦτο
326 633 618 702 ἐποιήσατο
652 628 752 700 τὴν
779 628 987 681 ἔλευσιν
1011 630 1040 682 6
1070 628 1296 698 Κύριος,
1331 627 1418 679 ἵνα
1452 623 1598 696 ζωὴν
1635 626 1722 678 ἐν·

155 724 332 782 τεῦθεν
364 723 439 793 δῷ
477 723 546 792 τῇ
601 719 770 791 ψυχῇ,
804 719 866 773 τὸ
903 718 1126 788 Πνεῦμα
1157 715 1321 770 αὑτοῦ
1346 731 1361 747 ο
1385 714 1544 780 Ἕως
1586 713 1721 783 γὰρ,

157 815 299 888 φησι,
326 813 496 884 ἔχετε
534 815 604 868 τὸ
626 811 773 882 φῶς,
811 810 1123 866 πιστεύετε
1147 810 1237 874 εις
1274 806 1340 861 τὸ
1369 805 1515 876 φῶς·
1559 804 1726 874 ἔρχε-

154 924 240 962 rat
287 906 426 971 νὺξ,
471 907 571 961 ὅτε
619 906 820 962 οὐκέτι
851 905 1117 960 δύνασθε
1144 898 1511 971 ἐργάζεσθαι.
1545 898 1614 952 Εἴ
1644 914 1728 958 τις

155 999 323 1055 τοίνυν
351 999 450 1051 οὐκ
500 999 765 1069 ἐζήτησεν
808 995 1058 1051 ἐντεῦθεν
1115 994 1214 1047 καὶ
1261 991 1421 1045 ἐλαὸε
1483 989 1628 1059 ζωὴν
1656 990 1722 1058 τῇ

154 1094 288 1163 ψυχῇ
317 1090 381 1144 τὸ
411 1090 592 1145 θεῖκὸν
624 1090 740 1159 φῶς
781 1089 877 1143 τοῦ
929 1085 1267 1156 Πνεύματος,
1311 1085 1369 1136 ἐν
1406 1081 1485 1152 τῷ
1508 1081 1726 1153 ἐξέρχε-

157 1184 271 1238 σθαι
324 1182 419 1236 τοῦ
477 1182 748 1252 σώματος,
795 1183 854 1236 ἐν
903 1182 1016 1244 τοῖς
1075 1179 1384 1250 ἀριστεροῖς
1411 1176 1601 1236 τόποις
1625 1171 1721 1226 τοῦ

156 1275 370 1336 σκότους
399 1273 499 1345 ἤδη
542 1271 900 1343 ἀφορίζεται,
941 1271 1022 1335 είς
1058 1268 1336 1341 βασιλείαν
1363 1265 1611 1337 οὐρανῶν
1646 1265 1721 1335 μὴ

157 1363 548 1435 εἰσερχόμενος,
599 1365 656 1416 ἐν
707 1363 900 1434 γεέννῃ
938 1360 1000 1416 τὸ
1053 1360 1207 1422 τέλος
1259 1359 1400 1428 ἔχων
1442 1355 1586 1428 μετά
1625 1351 1722 1407 τοῦ

156 1454 389 1511 διαϐόλου
420 1455 518 1508 καὶ
547 1452 655 1507 τῶν
681 1453 928 1522 ἀγγέλων
959 1449 1143 1506 αὐτοῦ.
1174 1450 1244 1502 Ἢ
1279 1448 1468 1517 ὥσπερ
1499 1445 1723 1517 χρυσίον

157 1551 188 1621 ἢ
223 1546 506 1619 ἀργύριον,
557 1546 695 1599 ἐπὰν
747 1542 996 1616 ἐμϐληθῇ
1027 1542 1106 1614 τῷ
1139 1541 1292 1612 πυρὶ,
1337 1537 1722 1610 καθαρώτερον

155 1644 240 1698 καὶ
275 1638 645 1711 δοκιμώτερον
671 1638 902 1706 γίνεται,
937 1637 1033 1690 καὶ
1063 1634 1217 1689 οὐδὲν
1242 1633 1463 1686 δύναται
1495 1629 1724 1683 ἀλλοιῶ-

156 1751 237 1791 σαι
265 1733 420 1800 αὐτὸ,
450 1726 559 1786 οἷον
603 1731 752 1797 ξύλα,
780 1731 813 1802 ἢ
844 1731 1035 1800 χόρτος
1065 1747 1078 1760 ο
1107 1727 1286 1781 πάντα
1324 1727 1432 1798 γὰρ
1460 1723 1629 1778 ἐσθίει
1653 1723 1720 1776 τὰ

1826 527 2095 598 Spiritum
2145 529 2434 584 divinum:
2467 528 2582 598 ipse
2613 525 2762 581 enim
2794 533 2880 580 est
2909 524 3021 578 vita
3077 523 3276 578 anima:
3297 562 3314 585 ,
3351 532 3408 578 et

1824 629 2119 690 propterea
2175 621 2400 676 advenit
2444 620 2731 684 Dominus,
2760 626 2822 673 ut
2863 617 2996 671 hinc
3044 615 3214 670 vitam
3247 615 3410 685 largi-

1825 721 1980 766 retur
2005 713 2223 778 animm,
2269 711 2537 782 Spiritum
2582 726 2784 779 nempe
2805 724 2968 764 suum
3004 725 3018 760 :
3058 707 3197 761 Dum
3243 709 3405 772 enim,

1826 801 2030 871 inquit,
2063 801 2233 856 lucem
2260 803 2485 868 habetis,
2532 802 2726 857 credite
2762 802 2818 854 in
2854 799 3020 854 lucem
3046 815 3064 852 :
3094 798 3237 852 venit
3279 813 3405 861 nox,

1824 894 2042 962 quando
2073 911 2226 948 nemo
2249 903 2417 965 potest
2439 895 2653 965 operari
2670 895 2712 948 ⁸.
2747 893 2803 948 Si
2824 892 2950 962 quis
2969 905 3102 960 ergo
3125 904 3237 942 non
3259 905 3408 957 (μιξε-

1825 983 1983 1039 sierit
2016 985 2169 1052 hinc,
2213 995 2268 1041 et
2311 995 2644 1042 consecutus
2681 985 2852 1040 fuerit
2878 983 3048 1038 vitam
3075 982 3294 1047 animae,
3323 980 3407 1034 di-

1823 1076 2013 1130 vinum
2041 1077 2229 1132 lumen
2264 1076 2530 1146 Spiritus,
2559 1077 2647 1132 ille
2673 1076 2766 1131 ubi
2804 1074 3062 1146 migrabit
3087 1089 3118 1128 e
3145 1087 3403 1139 corpore,

1825 1169 1883 1224 in
1934 1169 2158 1225 sinistra
2205 1169 2328 1223 loca
2389 1169 2746 1224 tenebrarum
2795 1169 2906 1238 jam
2955 1174 3298 1236 segregatur,
3350 1165 3406 1218 in

1828 1270 2066 1326 regnum
2124 1256 2396 1311 caelorum
2453 1270 2567 1309 non
2616 1255 2956 1324 ingrediens,
3002 1264 3199 1309 nactus
3241 1252 3406 1306 ﬁnem

1825 1348 1882 1403 in
1922 1347 2174 1418 gebenna
2207 1362 2334 1402 cum
2360 1346 2580 1401 diabolo
2606 1354 2661 1401 et
2693 1346 2903 1416 angelis
2923 1345 3188 1416 ejus.Aut
3214 1360 3409 1414 quem-

1825 1438 2120 1493 admodum
2143 1454 2341 1492 aurum
2374 1438 2458 1493 vel
2477 1445 2786 1508 argentum,
2802 1437 3115 1507 conjectum
3129 1436 3183 1490 in
3202 1436 3406 1506 ignem,

1824 1532 2021 1603 purius
2064 1540 2124 1587 et
2162 1531 2455 1602 probatius
2509 1529 2768 1594 eﬂicitur,
2814 1544 2920 1585 nec
2971 1528 3274 1598 quidquam
3312 1544 3406 1598 po-

1827 1632 1933 1678 test
1978 1622 2114 1677 illud
2165 1631 2400 1686 mutare,
2435 1636 2633 1690 nempe
2683 1621 2767 1675 vel
2798 1620 3008 1689 lignum
3051 1619 3138 1672 vel
3196 1618 3407 1672 herba:

1825 1716 2010 1772 omnia
2041 1717 2189 1772 enim
2223 1716 2331 1770 sibi
2367 1716 2581 1786 adjecta
2614 1714 2912 1776 consumit,
2949 1728 3071 1782 quae
3100 1712 3323 1782 quidem
3357 1712 3410 1764 in

154 1828 560 1901 προσερχόμενα
592 1823 764 1894 αὐτῷ,
796 1822 910 1894 πῦρ
946 1823 1056 1892 γὰρ
1080 1820 1384 1890 γίγνονται·
1419 1815 1593 1879 οὕτως
1627 1815 1720 1868 καὶ

1832 1811 2004 1882 ignem
2057 1809 2300 1864 evadunt
2342 1826 2355 1862 :
2389 1808 2468 1864 sic
2532 1823 2752 1878 quoque
2795 1806 2979 1860 anima
3028 1806 3083 1859 in
3119 1805 3243 1875 igne
3285 1804 3412 1874 Spi-

153 1925 186 1992 ἡ
214 1917 359 1989 ψυχὴ
397 1920 454 1970 ἐν
480 1916 561 1987 τῷ
598 1915 731 1986 πυρὶ
765 1915 860 1968 τοῦ
925 1912 1245 1982 Πνεύματος
1277 1906 1725 1979 ἀναστρεφομένη

153 2014 238 2066 καὶ
282 2012 363 2081 τῷ
393 2009 557 2080 θεῑκῷ
593 2009 752 2078 φωτὶ,
804 2007 894 2059 ὑπ’
932 2004 1144 2067 οὐδενός
1181 2021 1234 2057 τι
1272 2002 1441 2056 κακὸν
1482 2001 1728 2053 πείσεται

152 2105 252 2158 τῶν
285 2102 543 2172 πονηρῶν
579 2101 926 2170 πνευμάτων.
961 2099 1023 2150 Εἰ
1061 2096 1120 2150 δὲ
1161 2095 1256 2149 καὶ
1295 2092 1646 2165 προσεγγίσει
1677 2107 1728 2143 τι

154 2199 300 2267 αὐτῇ,
335 2196 686 2250 ἀναλίσκεται
724 2192 830 2245 ὑπὸ
879 2190 973 2244 τοῦ
1031 2187 1354 2258 ἐπουρανίου
1406 2185 1580 2255 πυρὸς
1632 2182 1727 2236 τοῦ

155 2289 484 2360 Πνεύματος.
523 2288 593 2340 Ἢ
638 2285 831 2356 ὥσπερ
866 2283 1133 2342 πετεινὸν,
1172 2279 1313 2333 ὲπάν
1353 2281 1411 2332 ἐν
1454 2277 1580 2346 ὕψει
1629 2293 1729 2329 πε-

153 2381 336 2452 τασθῇ,
367 2379 670 2450 ἀμέριμνόν
715 2379 884 2441 ἐστιν,
921 2375 997 2438 ὡς
1031 2374 1196 2446 μηδὲν
1237 2371 1492 2436 δεδοικδς,
1528 2370 1727 2439 θηρευ-

153 2476 265 2537 τὰς,
298 2473 333 2542 ἢ
369 2472 536 2542 θηρία
579 2469 812 2541 πονηράο
869 2467 986 2522 ἀνω
1037 2465 1145 2536 γάρ
1197 2481 1298 2517 που
1346 2462 1407 2515 ὃν
1450 2459 1728 2530 καταγελᾷ

156 2568 385 2621 πάντων·
413 2564 556 2618 οῦτω
593 2564 687 2616 καὶ
731 2561 881 2632 ψυχὴ
912 2556 1153 2614 λαϐοῦσα
1189 2558 1289 2621 τὰς
1320 2554 1600 2624 πτέρυγας
1632 2551 1727 2606 τοῦ

155 2658 482 2728 Πνεύματος,
525 2657 620 2710 καὶ
668 2657 749 2717 είς
789 2654 856 2706 τὰ
911 2652 1090 2722 ὕψηλά
1140 2649 1236 2704 τοῦ
1285 2644 1518 2718 ούρανοῦ
1570 2662 1729 2699 πετο-

157 2753 303 2825 μένη,
339 2752 558 2804 πάντων
605 2747 854 2816 ἀνωτέρα
883 2745 1039 2809 οὖσα,
1069 2743 1286 2797 πάντων
1320 2739 1619 2810 καταγελᾷ.
1712 2775 1716 2778 -

217 2843 289 2899 Z'.
329 2841 441 2896 Καὶ
483 2843 512 2893 6
545 2839 643 2909 μὲν
673 2839 812 2894 κατὰ
845 2837 1023 2908 σάρκα
1065 2833 1305 2906 Ἰσραὴλ,
1349 2832 1470 2885 τότε
1504 2829 1728 2899 σχίσαν-

152 2953 236 2998 τος
263 2934 506 2996 Μωσέως
527 2931 623 3002 τὴν
658 2931 954 2994 Θάλασσαν,
978 2928 1263 2997 διήρχοντο
1289 2925 1460 2980 κάτω·
1493 2916 1639 2976 οὗτοι
1671 2920 1728 2972 δὲ

151 3027 306 3081 τέκνα
352 3023 488 3078 Θεοῦ
521 3023 672 3084 ὄντες
700 3021 885 3074 ἐπάνω
913 3018 1308 3090 περιπατοῦσιν
1347 3016 1440 3068 ἐπὶ
1487 3013 1585 3085 τὴν
1631 3012 1729 3066 θά-

98 3113 99 3116 “
155 3121 358 3174 λασσαν
401 3117 501 3186 τῆς
556 3113 781 3181 πικρίας
831 3111 940 3166 τῶν
991 3110 1245 3181 πονηρῶν
1295 3109 1598 3178 δυνάμεων.
1631 3104 1729 3170 ‘gTb

154 3214 307 3282 σῶμα
341 3209 450 3281 γὰρ
484 3209 578 3262 καὶ
608 3210 641 3278 ἠ
672 3205 822 3276 ψυχὴ
849 3203 1033 3257 αὐτῶν
1066 3201 1213 3265 οἶκος
1252 3200 1388 3254 Θεοῦ
1419 3200 1725 3267 γεγόνασιν

154 3307 208 3358 ἐν
237 3303 423 3375 ἐκείνῃ
469 3303 537 3372 τῇ
583 3300 788 3372 ἡμέρᾳ,
823 3298 911 3350 ὅτε
960 3296 1156 3349 ἔπεσεν
1184 3297 1213 3348 6
1255 3293 1448 3363 Ἀδὰμ,
1493 3289 1656 3363 ἦλθεν
1703 3291 1732 3344 ό

153 3398 276 3461 Θεὸς
306 3395 627 3468 περιπατῶν
669 3396 726 3446 ἐν
762 3391 842 3464 τῷ
877 3389 1216 3461 παραδείσῳ,
1247 3388 1530 3450 ἔκλαυσεν,
1560 3387 1634 3448 ὡς
1658 3385 1733 3438 εί-

155 3491 290 3548 πεῖν,
322 3486 448 3540 ίδὼν
471 3479 560 3538 τεν
606 3483 800 3552 Ἀδὰμ,
837 3480 933 3533 καὶ
962 3479 1204 3550 εἴρηκεν’
1247 3477 1348 3532 Ἐκ
1371 3476 1557 3529 ποιων
1587 3475 1735 3542 ἁγα-

153 3580 268 3636 θῶν
301 3580 447 3635 ποῖα
504 3579 760 3648 pperle
788 3574 944 3630 κακὰ
985 3574 1094 3628 lex
1127 3573 1300 3638 ποίας
1339 3570 1525 3635 δόξης
1553 3569 1734 3622 ποίαν

152 3673 454 3739 αίσχύν-ην
483 3668 712 3740 φορεῖς]
740 3667 796 3720 τί
829 3665 1142 3730 σκοτεινὸς
1169 3663 1226 3717 εἷ
1245 3662 1396 3716 νῦν]
1441 3663 1496 3714 τί
1530 3660 1733 3713 δυσει-

153 3765 303 3834 Mc!
371 3764 429 3818 τί
475 3763 708 3830 amrde
739 3760 849 3815 ,νέκ
885 3760 1060 3812 ποίου
1100 3755 1294 3826 φωτός
1335 3750 1466 3808 οἷον
1513 3754 1732 3818 σκότος

151 3855 424 3925 ἑκάλυψέ
467 3871 537 3910 σε
575 3856 594 3908 !
626 3856 720 3907 καὶ
763 3851 1021 3912 πεσόντος
1050 3848 1144 3902 τοῦ
1184 3847 1355 3917 ’Δδὰμ
1385 3846 1478 3899 κα)⁵
1521 3843 1732 3896 ἀποθα-

154 3947 331 4010 νόντος
381 3946 490 4000 ἀπὸ
540 3945 636 3999 τοῦ
674 3943 834 4008 Θεοῦ,
876 3942 1141 3995 ἔκλαυσεν
1189 3937 1351 3992 αὐτὸν
1387 3938 1415 3989 ὁ
1470 3935 1731 4005 Ποιητής,

153 4039 392 4106 ἄγγελοι,
423 4037 594 4091 πᾶσαι
634 4035 691 4089 αἱ
720 4034 1002 4104 δυνάμεις,
1035 4027 1278 4100 οὐρανοὶ,
1313 4027 1409 4096 γῆ,
1431 4025 1524 4078 καὶ
1556 4025 1734 4078 πάντα

153 4133 219 4185 τὰ
244 4132 520 4201 κτίσματα
542 4129 847 4200 ἐπένθησαν
875 4127 968 4179 ἐπὶ
991 4124 1069 4194 τῷ
1101 4121 1317 4192 Θανάτῳ
1367 4121 1463 4174 καὶ
1491 4121 1556 4189 τῇ
1590 4114 1735 4170 πτώ-

155 4239 232 4277 σει
264 4221 456 4276 αὐτοῦ’
496 4221 590 4274 τὸν
617 4219 726 4290 γάρ
763 4218 986 4272 δοθέντα
1041 4215 1227 4276 αὐτοῖς
1280 4211 1506 4284 βασιλέα
1547 4208 1734 4262 δοῦλον

153 4313 287 4369 εἶδον
347 4314 609 4384 γεγονότα
673 4310 921 4373 ἐναντίας
983 4308 1078 4362 καὶ
1135 4306 1380 4376 πονηρᾶς
1426 4303 1728 4372 δυνάμεως.

148 4403 346 4466 Σκότος
390 4402 569 4457 τοίνυν
601 4401 888 4455 ἐνεδύσατο
921 4399 980 4450 ἐν
1017 4399 1084 4467 τῇ
1117 4396 1309 4452 ἐαυτοῦ
1339 4394 1510 4464 ψυχῇ,
1545 4393 1733 4454 σκότος

1830 1903 1992 1965 ritus,
2025 1911 2083 1956 et
2114 1901 2170 1954 in
2208 1899 2416 1954 lumine
2444 1899 2634 1953 divino
2661 1913 3016 1960 conversaris,
3046 1897 3186 1950 nihil
3225 1911 3254 1949 a
3276 1911 3414 1964 quo-

1830 2009 1996 2064 quam
2044 2007 2340 2063 pravorum
2381 1989 2676 2060 spirituum
2700 1989 2907 2059 patitur
2939 1996 3036 2044 :et
3069 1988 3197 2041 licet
3217 2002 3413 2056 appro-

1829 2087 2064 2156 pinquet
2100 2083 2384 2153 quidpiam
2408 2082 2507 2145 illi,
2533 2079 2877 2136 consumitur
2907 2080 2962 2134 id
2987 2097 3017 2134 a
3054 2079 3263 2133 coelcsti
3291 2080 3414 2148 igne

1831 2179 2089 2250 Spiritus.
2111 2177 2222 2232 Aut
2255 2176 2426 2232 veluti
2457 2175 2724 2241 volucris,
2758 2174 2804 2229 si
2848 2174 2904 2228 in
2937 2174 3108 2227 altum
3155 2171 3412 2234 evolarit,

1829 2288 2024 2328 secura
2051 2281 2159 2336 est,
2182 2271 2334 2325 velut
2355 2269 2492 2324 nihil
2522 2278 2779 2324 metuens
2813 2283 3076 2336 aucupes,
3100 2274 3196 2320 aut
3225 2265 3418 2320 noxias
3491 2273 3494 2276 '

1830 2364 2069 2429 bestias;
2097 2362 2369 2433 siquidem
2412 2377 2580 2431 supra
2616 2361 2747 2415 dum
2798 2369 2903 2426 est,
2932 2358 3148 2414 deridet
3187 2373 3413 2412 omnes:

1830 2456 1911 2511 sic
1938 2471 2158 2526 quoque
2185 2455 2386 2519 anima,
2415 2453 2658 2523 acceptis
2709 2452 2811 2506 alis
2855 2450 3116 2521 Spiritus,
3150 2450 3206 2504 in
3247 2448 3419 2504 subli-

1831 2564 1950 2603 mes
1983 2547 2139 2616 117
2171 2547 2296 2602 cmli
2326 2546 2579 2616 regiones
2614 2543 2861 2609 evolans,
2887 2558 3012 2598 cum
3055 2542 3127 2597 sit
3158 2540 3417 2596 omnibus

1830 2639 2147 2706 sublimior,
2183 2638 2368 2693 omnia
2399 2638 2534 2692 risui
2559 2637 2747 2692 habet.

1901 2817 2015 2873 Vll.
2043 2817 2114 2872 Et
2161 2816 2386 2887 quidem
2434 2817 2676 2887 populus
2724 2815 2893 2871 Israel
2946 2814 3253 2871 secundum
3296 2828 3418 2869 car-

1820 2923 1989 2972 ,nem,
2007 2924 2133 2962 eum
2157 2915 2286 2963 tunc
2306 2907 2580 2962 divideret
2610 2906 2788 2962 Moses
2814 2922 2986 2972 mare,
3013 2907 3271 2961 deorsutn
3305 2916 3413 2961 tra-

1827 3000 1964 3072 jecit
1994 3000 2090 3054 :bi
2137 3015 2292 3064 vero,
2319 3016 2442 3054 cum
2491 3001 2605 3055 sint
2653 2999 2751 3054 ﬁlii
2799 2999 2921 3063 Dei,
2963 3015 3184 3060 sursum
3231 2999 3418 3053 deam-

1833 3091 2027 3147 bulant
2055 3108 2221 3162 super
2251 3108 2400 3147 mare
2434 3091 2853 3146 acerbissimum
2886 3104 3279 3160 perversarum
3317 3105 3418 3158 po-

1784 3184 1796 3203 ‘
1835 3191 2115 3239 testatum.
2143 3183 2356 3254 Corpus
2376 3183 2528 3238 enim
2575 3192 2634 3237 et
2700 3182 2884 3236 anima
2960 3182 3180 3236 illorum
3224 3181 3420 3236 domu‘s

1834 3277 1930 3332 Dei
1953 3276 2094 3332 facta
2113 3286 2262 3331 sunt.
2283 3277 2379 3330 Die
2395 3276 2508 3340 illa,
2523 3291 2628 3345 qua
2652 3275 2838 3344 lapsus
2863 3283 2948 3329 est
2975 3274 3170 3339 Adam,
3187 3274 3422 3328 accessit

1834 3366 2005 3430 Deus,
2037 3366 2327 3419 ambulans
2350 3364 2405 3418 in
2441 3363 2715 3434 paradiso,
2753 3363 3084 3416 lamentatus
3109 3372 3216 3427 est,
3251 3369 3312 3415 ut
3344 3361 3419 3416 ita

1835 3457 2039 3523 dicam,
2083 3465 2380 3526 conspecto
2429 3456 2570 3521 Ada,
2617 3471 2682 3510 ac
2739 3453 2877 3508 dixit
2913 3471 2925 3506 :
2970 3453 3168 3519 Quibus
3198 3470 3226 3506 e
3275 3453 3420 3508 bonis

1831 3549 2017 3620 qualia
2056 3550 2297 3602 excitasti
2331 3548 2477 3601 mola
2501 3548 2525 3600 ?
2553 3547 2600 3601 E
2634 3564 2736 3618 qua
2776 3548 2950 3617 gloria
2994 3545 3153 3616 quale
3197 3545 3419 3599 dedecus

1831 3643 1971 3712 geris
1999 3642 2022 3694 Ι)
2055 3641 2161 3694 Cur
2204 3640 2510 3694 tenebrosus
2537 3655 2590 3693 es
2628 3639 2828 3692 modo?
2865 3655 2961 3691 cur
2989 3637 3238 3706 deformis
3263 3640 3288 3692 ?
3325 3654 3420 3690 cur

1833 3734 2078 3805 putridus
2098 3733 2286 3805 ?quali
2317 3750 2379 3787 ex
2411 3733 2606 3787 lumine
2639 3732 2770 3787 tales
2801 3723 3024 3786 tenebrae
3051 3731 3420 3786 obvelaveruut

1834 3829 1934 3883 te?
1966 3828 2034 3884 Et
2061 3827 2308 3898 quidem,
2342 3843 2467 3882 cum
2518 3826 2811 3880 cecidisset
2863 3825 3059 3889 Adam,
3107 3832 3164 3878 et
3208 3839 3240 3878 a
3278 3823 3416 3878 facie

1833 3920 1928 3975 Dei
1953 3929 2210 3975 mortuus
2233 3924 2404 3982 esset,
2446 3916 2585 3970 luxit
2633 3913 3044 3979 eumCreator,
3076 3913 3278 3983 angeli,
3300 3912 3418 3966 vir-

1837 4018 1981 4065 tutes
2011 4024 2226 4073 omnes,
2256 4007 2404 4071 coeli,
2435 4015 2602 4070 terra,
2643 4013 2700 4060 et
2746 4019 2939 4059 omnes
2978 4012 3245 4059 creatura:
3266 4004 3419 4060 luxe-

1833 4108 1963 4154 runt
2003 4107 2234 4154 mortem
2269 4107 2326 4154 et
2357 4114 2542 4153 casum
2572 4097 2692 4168 ejus
2721 4113 2734 4150 :
2775 4112 2901 4151 cum
2941 4097 3113 4162 enim,
3137 4097 3232 4166 qui
3257 4097 3419 4152 datus

1833 4201 1952 4249 erat
1986 4192 2094 4248 illis
2126 4207 2244 4256 rex,
2277 4206 2498 4246 servum
2534 4189 2796 4244 videbant
2838 4188 3038 4243 factum
3069 4204 3190 4243 esse
3215 4188 3414 4242 adver-

1835 4284 1993 4340 sariae
2027 4292 2083 4338 et
2134 4298 2315 4353 pravae
2344 4279 2656 4351 potestatis.
2711 4279 2983 4334 Tenebris
3038 4279 3206 4349 igitur
3237 4280 3419 4336 induit

1834 4392 1990 4433 suam
2019 4376 2280 4438 animam,
2315 4382 2371 4429 et
2421 4373 2644 4443 quidem
2676 4371 2922 4426 tenebris
2951 4372 3166 4426 acerbis
3195 4387 3260 4426 ac
3290 4388 3416 4441 pra-

150 4464 366 4566 πικρὸν,
398 4496 490 4548 καὶ
511 4493 765 4564 πονηρόν-
794 4464 1115 4560 ἐϐασιλεύθη
1143 4487 1252 4557 γὰρ
1286 4487 1389 4540 ὑπὸ
1412 4485 1503 4538 τοῦ
1534 4485 1728 4553 ἄρχον·

1834 4470 1918 4525 vis
1955 4487 1968 4522 :
2000 4469 2278 4538 siquidem
2308 4467 2564 4521 redactus
2594 4473 2677 4520 est
2705 4465 2809 4520 sub
2832 4464 3122 4536 imperium
3149 4465 3417 4535 principis

148 4604 235 4651 τος
262 4587 361 4641 τοῦ
397 4586 644 4648 σκότους.
676 4578 842 4645 Οὗτος
882 4579 949 4654 ἦν
974 4583 1002 4634 6
1040 4567 1463 4650 τραυματισθείς
1496 4573 1600 4628 ὑπὸ
1624 4572 1732 4625 τῶν

149 4681 383 4756 λῃστῶν,
441 4682 534 4736 καὶ
583 4678 852 4750 ἡμιθανὴς
881 4675 1146 4747 γεγονὼς,
1182 4671 1588 4745 κατερχόμενος
1624 4667 1733 4722 ἀπὸ

165 4774 521 4846 Ἰερουσαλὴμ
550 4775 629 4836 είς
676 4771 908 4842 ’1εριχώ.

219 4867 305 4920 Η¹.
340 4865 454 4918 Καὶ
483 4864 591 4934 γὰρ
623 4863 716 4916 καὶ
758 4861 1029 4931 Λάζαρος,
1077 4857 1136 4912 ὃν
1176 4859 1204 4911 6
1250 4856 1456 4928 Κύριος
1502 4853 1732 4924 ἀνέστη-

149 4977 262 5027 σεν,
301 4962 330 5013 6
373 4959 575 5028 πολλῆς
604 4955 869 5018 δυσωδίας
905 4955 1114 5022 γέμων,
1162 4949 1304 5003 ὥστε
1341 4947 1544 5019 μηδένα
1572 4945 1731 4998 δύνα-

151 5050 274 5104 σθαι
307 5050 387 5120 τῷ
441 5049 683 5120 μνήματι
748 5043 1131 5114 προσεγγίσαι,
1189 5039 1456 5110 σύμϐολον
1513 5034 1581 5108 ἧν
1637 5036 1730 5090 τοῦ

160 5142 353 5213 Ἀδὰμ,
390 5141 485 5196 τοῦ
541 5140 740 5210 πολλὴν
788 5137 1052 5191 δυσωδίαν
1102 5135 1158 5187 ἐν
1187 5137 1253 5204 τῇ
1299 5133 1444 5202 ψυχῇ
1493 5129 1732 5202 προσλα-

149 5235 376 5301 ϐόντος,
437 5233 534 5289 καὶ
597 5231 853 5304 μελανίας
903 5230 1000 5282 καὶ
1061 5229 1285 5290 σκότους
1336 5224 1734 5296 πληρωθέντος.

162 5329 324 5384 Ἀλλά
356 5331 447 5391 σὺ,
484 5329 611 5381 ὃταν
641 5325 882 5395 ἀκούσῃς
937 5323 1064 5393 περὶ
1105 5321 1295 5391 Ἀδὰμ,
1342 5319 1438 5372 καὶ
1483 5319 1609 5388 περὶ
1641 5316 1736 5370 τοῦ

150 5419 714 5492 τετραυματισμένου,
763 5418 859 5470 καὶ
889 5416 983 5468 τοῦ
1031 5412 1308 5482 Λαζάρου.
1345 5414 1418 5482 μὴ
1455 5411 1731 5482 ἀπολύσῃς

152 5531 244 5567 σου
292 5515 388 5567 τὸν
409 5513 534 5565 νοῦν
565 5511 752 5581 ὥσπερ
784 5511 862 5572 είς
891 5509 1015 5578 ὅρη,
1057 5506 1171 5560 ἀλλ’
1219 5506 1366 5558 ἔνδον
1395 5507 1450 5559 ἐν
1494 5507 1559 5575 τῇ
1587 5505 1732 5575 ψυχῇ

155 5621 247 5659 σου
298 5607 515 5675 γίγνου,
542 5607 623 5660 ὅτι
675 5603 769 5658 καὶ
811 5605 875 5657 σὺ
904 5603 972 5656 τὰ
1005 5600 1143 5655 αὐτὰ
1169 5598 1484 5670 τραύματα,
1515 5601 1608 5655 καὶ
1635 5599 1734 5671 τὴν

225 5785 529 5874 -ίιὶοιιηαι,
555 5785 608 5840 4.
699 5783 718 5818 ³
741 5785 873 5840 Luc.
909 5800 960 5838 Χ.
1038 5781 1229 5841 ‘Joan.
1264 5797 1336 5849 Ix,
1376 5782 1468 5839 '59.

1832 4563 2208 4619 tenebrarum.
2242 4561 2294 4615 Is
2325 4569 2463 4626 erat,
2508 4559 2602 4628 qui
2657 4559 2980 4613 vulneratus
3007 4574 3038 4612 a
3083 4557 3412 4622 latronibus,

1833 4658 2230 4714 semimortuus
2254 4655 2481 4709 relictus
2524 4663 2626 4719 est,
2661 4669 2788 4710 cum
2829 4652 3195 4709 descenderet
3228 4653 3297 4707 ab
3329 4652 3418 4707 Je-

1829 4752 2071 4806 rusalem
2102 4763 2296 4804 versus
2319 4747 2596 4802 Jcricbo'.
3379 4794 3382 4796 _

1899 4841 2041 4895 Vill.
2072 4839 2330 4908 Quinimo
2373 4839 2616 4892 Lazarus
2635 4850 2856 4905 quoque
2876 4835 2918 4902 ⁸,
2961 4849 3125 4904 quem
3153 4832 3417 4887 Dominus

1829 4938 2110 5003 excitavit,
2139 4937 2276 4990 adeo
2311 4934 2484 4987 multo
2506 4932 2682 4986 fetore
2704 4931 2921 4998 plenus,
2964 4936 3026 4981 ut
3078 4941 3241 4980 nemo
3285 4941 3416 4994 pos-

1830 5040 1915 5086 set
1965 5035 2323 5084 monumento
2369 5023 2837 5094 appropinquare,
2892 5029 3052 5090 typus
3100 5026 3220 5071 erat
3263 5017 3412 5077 Adae,

1832 5124 1926 5195 qui
1972 5123 2204 5176 multum
2258 5119 2449 5174 fetoris
2508 5124 2565 5172 et
2618 5113 3006 5186 graveolentite
3062 5112 3115 5164 in
3170 5109 3409 5164 animam

1834 5216 2050 5277 ascivit,
2084 5223 2140 5268 et
2177 5212 2411 5280 caligine
2435 5225 2500 5262 ac
2531 5207 2774 5261 tenebris
2807 5206 3052 5274 repletus
3085 5202 3206 5256 fuit.
3236 5203 3414 5255 Caete-

1835 5328 1957 5367 rum
1986 5319 2064 5374 tu,
2099 5323 2224 5363 cum
2257 5305 2503 5359 audieris
2529 5303 2598 5356 de
2640 5299 2871 5364 Adamo,
2908 5297 2976 5351 de
3020 5296 3331 5356 vulnerato,
3359 5300 3414 5345 et

1839 5411 2068 5470 Lazaro,
2103 5420 2169 5458 ne
2201 5401 2446 5456 dimittas
2491 5404 2728 5450 mentem
2775 5401 2923 5445 tuam
2966 5389 3118 5442 velut
3164 5387 3220 5439 in
3259 5401 3416 5438 mon-

1838 5499 2081 5566 tem,sed
2109 5497 2260 5550 intus
2279 5494 2330 5547 in
2353 5491 2536 5545 anima
2560 5497 2740 5541 tecum
2771 5481 2954 5537 habita
2976 5520 2989 5544 ,
3017 5479 3146 5550 quia
3185 5485 3240 5531 tu
3273 5492 3414 5545 quo-

1837 5612 1943 5669 que
1976 5592 2168 5650 eadem
2221 5588 2472 5653 vulnera,
2495 5581 2751 5640 eumdem
2789 5570 3412 5661 letorem,casdcmque
