3966 6520
643 291 749 357 727

1872 317 1934 378 S.
1977 320 2300 386 MACARII
2339 325 2663 392 IEGYPTII
3746 356 3821 423 ἨΒ

644 403 902 462 tenebras
929 416 1129 478 gestas.
1160 411 1367 472 Omnes
1390 418 1538 474 enim
1580 421 1678 478 ﬁlii
1721 440 1913 483 sumus
1945 430 2093 487 illius
2137 442 2174 489 lt

644 499 863 528 halt-tn:
900 506 1118 528 ηλ..-..ε-
1182 518 1228 528 -.
1266 525 1280 528 -
1501 516 1577 528 ο...
1880 523 1892 528 -
2000 525 2010 528 -

2276 440 2297 495 ι
2327 439 2497 511 αὐτὴν
2521 442 2809 511 δυσωδίαν,
2836 446 2932 501 καὶ
2954 448 3014 503 τὸ
3042 449 3176 504 αὐτὸ
3195 452 3386 517 σκότος
3414 462 3607 528 φορεῖς.
3642 464 3821 526 Ἔκεξνυυ

641 499 863 554 nebrosi
898 506 1139 572 generis,
1175 518 1233 563 et
1256 525 1451 568 omnes
1499 516 1650 572 illius
1676 523 2062 589 graveolentiae
2091 543 2221 597 par-

642 588 837 660 ticipes
868 609 1079 650 sumus.
1121 598 1239 664 Qua
1271 600 1440 672 igitur
1468 588 1739 663 laboravit
1777 612 2068 671 aﬂ‘ectione
2092 588 2216 687 ille,

636 680 832 736 eadem
865 700 1077 752 omnes,
1103 691 1197 758 qui
1228 706 1295 745 ex
1339 695 1548 751 semine
1591 699 1722 755 Adae
1758 718 1968 771 sumus,
2003 709 2221 765 labora-

635 788 779 829 mus.
811 776 959 833 Talis
984 780 1132 835 enim
1168 784 1388 840 aﬂ‘ectio
1417 789 1670 861 contigit,
1699 794 1777 847 uti
1802 794 1966 853 Isaias
1993 801 2174 871 inquit
2198 820 2211 857 :

632 863 753 919 Non
784 877 859 919 est
886 869 1097 937 vulnus,
1125 891 1230 927 non
1266 885 1343 929 est
1367 879 1609 947 cicatrix,
1646 902 1751 938 non
1785 896 1861 941 est
1891 890 2074 962 plaga,
2098 910 2216 964 qua

624 1221 892 1281 Dominus
945 1231 1125 1298 potuit
1171 1249 1394 1291 curare.
1438 1221 1738 1311 Propterea
1790 1249 1936 1303 enim
1971 1251 2061 1307 ille
2092 1253 2209 1323 ipse

622 1315 793 1379 venit,
828 1320 959 1388 quia
1008 1338 1171 1379 nemo
1198 1342 1265 1381 ex
1289 1331 1592 1399 veteribus,
1619 1352 1797 1407 neque
1820 1340 1908 1395 lex
1938 1343 2077 1412 ipsa,
2105 1361 2208 1401 uec

624 1409 906 1477 propheta:
953 1422 1252 1482 potuerunt
1302 1435 1516 1477 sanare.
1577 1424 1678 1480 Hic
1730 1444 1863 1485 vero
1889 1434 2043 1489 solus
2078 1451 2204 1492 cum

619 1495 881 1567 venisset,
906 1503 1119 1557 curavit
1138 1505 1351 1579 plagam
1374 1509 1526 1566 illam
1551 1513 1747 1571 anima:
1778 1517 2174 1586 insanabilem.

686 1702 778 1760 IX.
811 1704 1186 1779 Suscipiamus
1228 1731 1359 1788 ergo
1381 1718 1558 1790 ipsum
1588 1723 1758 1781 Deum
1780 1743 1845 1783 ac
1883 1729 2198 1801 Dominum,

619 1809 812 1851 verum
853 1802 1152 1871 medicum,
1175 1809 1269 1877 qui
1318 1812 1468 1867 solus
1506 1818 1755 1884 veniens,
1787 1830 1967 1891 potest
2004 1840 2200 1884 sanare

614 1885 827 1942 animas
874 1902 1115 1962 nostras,
1153 1909 1443 1969 postquam
1497 1904 1749 1977 ingentes
1814 1914 1988 1969 nostri
2032 1931 2197 1973 causa

614 1976 883 2033 sustinuit
925 1982 1162 2041 labores.
1204 1989 1392 2047 Pulsat
1420 1976 1575 2048 enim
1603 2010 1875 2070 perpetuo
1907 2004 2055 2062 fores
2076 2024 2199 2064 cor-

611 2066 767 2122 dium
812 2081 1151 2144 nostrorum,
1186 2088 1247 2134 ut
1288 2087 1601 2153 aperiamus
1640 2091 1715 2157 ei,
1751 2109 1862 2163 quo
1917 2097 2196 2168 ingressus

614 2161 925 2230 requiescat
952 2166 1007 2222 in
1030 2171 1230 2227 animis
1256 2177 1498 2245 nostris;
1526 2190 1585 2236 ut
1613 2192 1669 2237 et
1690 2185 1980 2244 abluamus
2006 2200 2063 2246 et
2095 2208 2192 2247 un-

606 2268 798 2322 gamus
837 2260 1004 2327 pedes
1041 2264 1181 2333 ejus,
1201 2276 1257 2322 et
1277 2271 1619 2327 mansionem
1646 2276 1763 2347 ipse
1800 2281 1947 2349 apud
1973 2298 2074 2338 nos
2107 2284 2192 2339 fa-

605 2344 738 2400 ciet.
783 2347 999 2406 Etenim
1043 2353 1158 2410 illic
1181 2360 1487 2428 exprobrat
1538 2344 1807 2424 Dominus
1835 2344 1921 2433 ei,
1952 2373 2045 2442 qui
2077 2391 2187 2430 non

603 2433 815 2491 laverat
851 2440 1021 2508 pedes
1054 2444 1175 2514 ejus
1200 2446 1240 2500 ⁸.
1275 2448 1345 2503 Et
1392 2466 1615 2507 rursum
1664 2457 1796 2511 alibi
1850 2433 2023 2515 dicii:
2055 2463 2188 2521 Ecce

597 2535 681 2580 sto
723 2529 794 2583 ad
856 2535 1069 2601 ostium,
1137 2547 1186 2590 et
1227 2542 1401 2610 pulso,
1452 2546 1500 2598 si
1543 2549 1661 2617 quis
1721 2552 1948 2607 audierit
2006 2573 2185 2614 vocem

598 2635 791 2686 meam,
823 2632 871 2677 et
902 2632 1168 2696 aperuerit
1182 2632 1439 2701 januam,
1468 2638 1683 2694 intrabo
1716 2645 1786 2696 ad
1814 2644 2025 2703 illurn".
2053 2650 2184 2707 Pro-

593 2719 782 2779 pterea
822 2717 969 2772 enim
1029 2722 1200 2777 multa
1257 2741 1554 2797 perpessus
1618 2735 1905 2803 sustinuit,
1954 2742 2181 2801 tradens

591 2819 753 2859 suum
786 2808 955 2878 ipsius
983 2828 1184 2884 corpus
1215 2819 1402 2885 morti,
1456 2838 1563 2877 nos
1616 2826 1896 2886 redimens
1923 2846 1952 2886 a
1999 2836 2179 2890 servi-

589 2905 729 2965 tute,
780 2910 838 2955 ut
872 2904 1087 2961 veniret
1133 2909 1201 2963 ad
1240 2911 1479 2968 animam
1530 2928 1797 2985 nostram,
1842 2931 1899 2978 et
1935 2929 2178 2983 mansio-

586 3004 713 3044 nem
747 2990 952 3049 faceret
982 2996 1035 3050 in
1070 3014 1154 3053 ea.
1181 3000 1525 3074 Quapropter
1573 3009 1640 3063 ad
1672 3011 1816 3077 illos,
1846 3015 1940 3084 qui
1981 3033 2011 3071 a
2033 3018 2173 3073 sini-

2322 530 2433 601 γὰρ
2468 534 2671 599 πάντες
2704 538 2871 605 ἐσμὲν
2902 542 3010 594 υἱοὶ
3060 542 3156 597 τοῦ
3215 548 3489 602 σκοτεινοῦ
3537 553 3719 623 γένους,
3760 569 3824 617 καὶ

2322 623 2524 688 πάντες
2573 627 2677 696 τῆς
2726 630 2901 701 αὐτῆς
2934 632 3202 698 δυσωδίας
3250 639 3565 709 μετέχομεν.
3595 644 3744 719 Ὅπερ
3763 650 3826 707 οὖν

2319 714 2557 770 πέπονθε
2595 719 2767 785 πάθος
2800 723 3029 788 ἐκεῖνος,
3070 726 3229 781 τοῦτο
3274 732 3472 795 πάντες
3504 736 3567 787 ὲκ
3594 738 3676 791 τοῦ
3708 714 3827 815 ita.

2319 822 2491 875 ματος
2526 809 2699 882 Ἀδὰμ
2735 812 2889 878 ὄντες
2919 817 3293 890 πεπόνθαμεν·
3321 824 3558 878 τοιοῦτον
3585 828 3681 899 γὰρ
3704 809 3827 901 πάθες

2317 900 2685 972 συμϐέϐηκεν,
2731 905 2807 970 ὥς
2835 925 3001 977 φησιν
3044 911 3293 977 Ἡσαΐας·
3329 918 3451 969 Οὐκ
3478 919 3605 973 ἐστι
3638 926 3826 992 τραῦμα,

2314 994 2453 1048 οὔτε
2494 994 2747 1066 μώλωψ,
2796 1001 2937 1054 οὐτε
2985 1006 3191 1075 πληγὴ
3246 1011 3712 1079 φλεγμαίνουσα,
3751 1023 3828 1075 οὐχ

2184 1108 2211 1120 -
2312 1082 2444 1137 ἐστι
2470 1085 2758 1157 μάλαγμα
2790 1090 3105 1159 ἐπιθεῖναι,
3165 1098 3305 1152 οὔτε
3363 1102 3591 1169 ἔλαιον,
3617 1107 3734 1162 οὔτε
3757 1128 3826 1164 κο-

2310 1174 2655 1245 ταὸἐσμους
2684 1182 2957 1251 ποιῆσαι.
2994 1186 3182 1252 Οὕτως
3209 1191 3427 1245 ἀνίατον
3457 1195 3669 1266 τραῦμα
3692 1202 3829 1271 Erpua-

2315 1268 2680 1340 ματίσθημεν,
2720 1272 2867 1346 μόνῳ
2907 1276 2985 1348 τῷ
3041 1281 3232 1353 Κυρίῳ
3274 1284 3502 1338 δυνατὸν
3558 1268 3827 1357 θεραπεύσαι

2310 1359 2463 1414 αὑτό.
2495 1362 2596 1416 Διὰ
2621 1363 2780 1418 τοῦτο
2808 1366 2918 1437 γὰρ
2941 1368 3039 1422 καὶ
3059 1369 3127 1423 δι’
3154 1372 3350 1426 ἑαυτοῦ
3381 1370 3565 1445 ἦλθεν,
3591 1380 3665 1431 ὅτι
3691 1383 3828 1451 μηδεὶς

2307 1451 2417 1504 τῶν
2446 1453 2714 1523 ἀρχαίων,
2745 1456 2805 1509 οὔ
2817 1474 2877 1510 τε
2919 1460 2948 1512 ὁ
2974 1462 3137 1531 νόμος
3175 1465 3357 1531 αὐτὸς,
3386 1466 3512 1521 οὔτε
3538 1470 3587 1522 οί
3614 1475 3829 1543 προφῆται

2304 1544 2462 1597 τοῦτο
2478 1546 2822 1619 ἠδυνήθησαν
2841 1552 3199 1622 θεραπεῦσαι.
3229 1552 3397 1623 Οὗτος
3417 1560 3476 1615 δὲ
3507 1562 3657 1632 μόνος
3682 1566 3825 1633 ἐλθὼν,

2305 1637 2637 1707 ἐθεράπευσε
2656 1642 2754 1713 τὴν
2772 1644 2986 1717 πληγὴν
3003 1648 3220 1719 ἐκείνην
3234 1650 3334 1719 τῆς
3347 1652 3526 1723 ψυχῆς
3542 1655 3635 1725 τὴν
3644 1656 3826 1713 ἀνίατον.

2376 1729 2453 1783 Θ’.
2482 1731 2916 1804 Προσδεχὼμεθα
2943 1738 3125 1793 τοίνυν
3147 1741 3238 1794 τὸν
3263 1742 3397 1796 Θεὸν
3431 1745 3528 1797 καὶ
3549 1746 3746 1817 Κύριον,
3765 1753 3827 1805 τὸν

2304 1819 2560 1889 ἀληθινὸν
2596 1823 2961 1895 θεραπευτὴν,
2998 1829 3059 1892 ὃς
3087 1832 3246 1900 μόνος
3279 1833 3507 1899 δυνατός
3537 1839 3674 1891 ἐστιν
3704 1842 3827 1894 ἐλθὼν

2304 1911 2558 1967 ἰάσασθαι
2598 1915 2697 1978 τὰς
2734 1916 2913 1987 ψυχὰς
2960 1920 3116 1990 ἡμῶν
3142 1963 3158 1988 ,
3202 1926 3555 1992 κεκοπιακὼς
3594 1931 3742 1985 πολλᾶ
3779 1935 3826 1987 δι’

2297 2004 2465 2072 ἡμᾶς.
2520 2007 2727 2072 Κρούει
2792 2011 2901 2081 γὰρ
2949 2011 3038 2066 ἀεὶ
3092 2015 3189 2079 τὰς
3240 2017 3414 2089 θύρας
3480 2021 3590 2073 τῶν
3641 2026 3825 2096 καρδιῶν

2295 2096 2477 2164 ήμῶν,
2518 2098 2610 2152 ἵνα
2658 2099 2965 2172 ἀνοίξωμεν
3010 2106 3181 2179 αύτῷ,
3239 2111 3332 2163 καὶ
3373 2114 3633 2169 είσελθὼν
3658 2118 3822 2191 tivam]

2294 2187 2376 2249 εἰς
2402 2188 2501 2251 τὰς
2536 2188 2717 2260 ψυχὰς
2768 2194 2948 2264 ήμῶν,
2996 2198 3092 2252 καὶ
3137 2201 3402 2273 νίψωμεν,
3436 2206 3533 2260 καὶ
3564 2187 3823 2279 distenti;

2293 2279 2459 2333 αὑτοῦ
2495 2283 2623 2346 τοὺς
2653 2284 2843 2350 πόδας,
2895 2288 2994 2341 καὶ
3048 2292 3220 2363 μονὴν
3269 2296 3403 2367 παρ’
3465 2299 3599 2369 ἡμῖν
3634 2306 3821 2373 ποιήσει.

2290 2371 2401 2425 Καὶ
2432 2371 2543 2444 γὰρ
2575 2375 2695 2429 ἐκεῖ
2748 2377 2999 2445 ὀνειδίζει
3050 2383 3080 2435 ὁ
3128 2384 3335 2458 Κύριος
3385 2391 3482 2445 τὸν
3527 2394 3601 2465 μὴ
3645 2371 3821 2467 viti/em

2286 2460 2415 2524 τοὺς
2442 2462 2610 2527 πόδας
2646 2465 2838 2520 αὑτοῦ·
2871 2470 2969 2523 καὶ
3007 2472 3173 2527 πάλιν
3209 2476 3447 2549 ἀλλαχοῦ
3490 2460 3657 2551 λέγει,
3704 2460 3821 2543 ﬁdei:

2284 2551 2513 2621 ἕστηκα
2543 2556 2643 2611 ἐπὶ
2682 2559 2800 2626 τὴν
2839 2563 3054 2631 θύραν,
3086 2567 3200 2622 ἐὰν
3245 2571 3487 2644 ἀκούσῃ
3523 2577 3629 2647 τῆς
3666 2582 3823 2650 φωνῆς

2279 2658 2418 2711 μου,
2443 2644 2541 2698 καὶ
2561 2646 2776 2720 ἀνοίξῃ
2793 2650 2908 2720 τὴν
2928 2654 3137 2723 θύραν,
3154 2644 3592 2735 εἰσελεύσομαι
3602 2644 3732 2737 gzpr
3741 2644 3819 2726 ai);

2281 2734 2409 2788 τόν.
2463 2737 2564 2790 Διὰ
2619 2739 2775 2794 τοῦτο
2813 2742 2922 2814 γὰρ
2961 2746 3130 2802 πολλὰ
3187 2751 3381 2807 παθεῖν
3423 2734 3820 2827 ὑπέμεινείδοῂ

2280 2827 2342 2878 τὸ
2381 2827 2582 2883 ἑαυτοῦ
2618 2832 2779 2903 σῶμα
2822 2838 2901 2900 εἰς
2932 2837 3182 2909 θάνατον,
3227 2846 3321 2898 καὶ
3354 2847 3689 2921 ἐξαγορὰσας
3709 2856 3819 2923 ἡμᾶς

2277 2921 2378 2987 τῆς
2403 2919 2668 2989 δουλείας,
2708 2925 2795 2980 ἵνα
2818 2927 2990 2983 ἐλθὼν
3016 2935 3083 3003 τῇ
3107 2934 3251 3007 ψυχῇ
3280 2940 3441 3007 ἡμῶν
3472 2919 3637 3014 μονὴν

2277 3011 2411 3083 παρ’
2434 3012 2591 3085 αὐτῇ.
2622 3015 2723 3070 Διὰ
2754 3018 3190 3089 τοῦτολὲκείνοις
3229 3030 3342 3091 τοῖς
3368 3030 3430 3095 ἐξ
3473 3011 3817 3107 ἀριστερῶν-ἐξ

586 3082 717 3137 stris
747 3093 954 3142 stantes
981 3087 1034 3141 in
1065 3090 1298 3159 judicio,
1328 3095 1398 3150 ab
1432 3112 1501 3152 eo
1534 3099 1833 3157 mittuntur
1865 3082 1921 3160 in
1961 3109 2171 3178 gehen-

2276 3104 2341 3173 τῇ
2367 3082 2568 3172 κρίσει-
2600 3105 2692 3159 ὑπ’
2725 3108 2890 3162 αὐτοῦ
2932 3082 3430 3185 πεμπομένοιςείς
3464 3082 3689 3191 verane:
3712 3128 3815 3197 μετὰ

584 3186 710 3226 nam
757 3190 883 3229 cum
927 3178 1170 3249 diabolo,
1207 3186 1285 3241 ait
1324 3188 1589 3247 Dominus
1628 3211 1642 3247 :
1678 3196 1881 3268 Hospes
1919 3219 2090 3272 eram,
2123 3215 2174 3261 et

584 3281 691 3319 non
730 3268 1017 3340 collegistis
1064 3292 1166 3331 me.
1201 3276 1434 3349 Esurivi,
1466 3294 1517 3338 et
1552 3304 1657 3341 non
1696 3290 1911 3347 dedistis
1942 3297 2072 3351 mihi
2099 3302 2174 3353 ci-

580 3352 723 3409 bum.
744 3357 920 3423 Sitivi,
947 3369 995 3412 et
1022 3379 1126 3416 non
1156 3365 1375 3423 dedistis
1410 3372 1535 3426 mihi
1564 3384 1747 3444 potum
1774 3379 1999 3439 “.Cibus
2023 3386 2169 3443 enim

577 3455 831 3516 etpotus,
846 3450 1250 3525 indumentum,
1271 3459 1608 3519 domicilium
1632 3477 1686 3522 et
1709 3472 1928 3541 requies
1944 3476 2065 3547 ejus
2078 3489 2166 3535 est

577 3532 633 3587 in
657 3536 857 3593 animis
896 3542 1123 3599 nostris.
1159 3546 1389 3619 Semper
1415 3553 1576 3624 118
1595 3571 1725 3628 ergo
1750 3561 1952 3631 pulsat,
1975 3569 2169 3626 volens

576 3624 645 3678 ad
672 3641 773 3682 nos
805 3629 1038 3701 ingredi.
1073 3635 1343 3703 Quocirca
1392 3645 1762 3715 suscipiamus
1812 3669 1963 3722 eum,
2000 3668 2055 3713 et
2083 3660 2168 3714 in-

576 3718 935 3780 troducamus
964 3726 1107 3783 intra
1138 3746 1275 3797 nos;
1302 3733 1576 3804 siquidem
1603 3751 1795 3799 noster
1824 3747 2002 3817 cibus,
2028 3753 2161 3821 vita,

576 3818 740 3877 potus
774 3823 833 3867 et
856 3816 964 3871 vita
998 3826 1203 3876 :eterna
1239 3824 1355 3893 ipse
1386 3836 1491 3883 est.
1527 3831 1716 3904 Itaque
1743 3841 1923 3898 omnis
1954 3846 2159 3914 anima,

573 3916 695 3969 quae
727 3920 837 3959 non
886 3913 1195 3981 susceperit
1222 3932 1371 3973 nunc
1401 3936 1529 3977 eum
1575 3925 1723 3984 intus
1769 3948 1835 3987 ac
1873 3940 2165 4007 requieve-

571 3992 665 4057 rit,
700 3994 811 4051 imo
845 3998 897 4053 in
928 4000 1047 4071 ipso
1092 4019 1335 4064 recreata
1374 4011 1563 4081 fuerit,
1596 4018 1650 4074 in
1686 4038 1855 4093 regno
1889 4031 2157 4088 ccelorum

567 4100 691 4141 cum
756 4093 964 4148 sanctis
1015 4095 1392 4157 hmreditatem
1444 4122 1555 4162 non
1606 4114 1807 4183 cernit,
1862 4135 2045 4192 neque
2100 4125 2157 4181 in

566 4180 843 4236 cmlestem
893 4187 1171 4246 civitatem
1227 4194 1436 4265 ingredi
1468 4211 1667 4267 potest.
1700 4180 1821 4277 Ipse
1852 4180 2007 4280 vero,
2050 4216 2157 4272 Do-

569 4273 717 4327 mine
743 4275 873 4330 Jesu
916 4279 1157 4349 Christe,
1194 4287 1452 4349 introduc
1493 4310 1594 4351 nos
1640 4298 1696 4352 in
1739 4301 1908 4370 illam,
1940 4307 2154 4376 gloriﬁ-

564 4373 753 4420 cantes
782 4385 986 4427 nomen
1041 4384 1198 4433 tuum
1239 4397 1365 4437 cum
1408 4386 1568 4444 Patre
1598 4397 1654 4444 et
1696 4404 1889 4451 sancto
1912 4398 2148 4471 Spiritu,

563 4456 622 4528 in
646 4460 865 4516 saecula.
885 4463 1083 4522 Amen.

1078 4669 1364 4731 HOMILIA
1415 4678 1607 4737 XXXI.

556 4748 1021 4845 Fidelent‘oportet
1050 4768 1251 4845 mutari
1275 4772 1476 4845 animo,
1498 4782 1657 4845 atque
1678 4779 1733 4833 in
1770 4780 1935 4838 Deum
1966 4803 2145 4844 omnes

1465 4825 1475 4835 ,
1595 4825 1653 4831 η,
1770 4825 1935 4838 νη...
1966 4825 2144 4844 eum...

626 4825 967 4914 cogitationes
1013 4832 1277 4914 colligere.
1303 4842 1389 4914 Δἰη
1438 4825 1622 4914 quibus
1655 4865 1772 4906 vere
1816 4871 1969 4911 omne
1994 4858 2144 4913 obse-

624 4894 810 4962 quium
838 4899 1073 4957 divinunt
1100 4894 1355 4964 consistit.

624 5072 667 5128 l.
698 5073 925 5146 Oportet
953 5097 1101 5149 eum,
1143 5088 1238 5157 qui
1270 5093 1468 5158 credit,
1495 5097 1788 5159 obsecrare
1838 5106 2033 5174 Deum,
2077 5122 2139 5167 ut

552 5164 875 5224 immutetur
905 5172 1211 5234 intentione
1248 5198 1345 5238 sua
1388 5202 1487 5255 per
1528 5195 1885 5251 mutationem
1930 5202 2131 5268 cordis,

550 5258 699 5324 quod
747 5271 998 5321 vertatur
1064 5270 1134 5325 ab
1182 5276 1486 5336 acerbitate
1523 5282 1577 5338 in
1637 5284 2020 5357 dulcedinem;
2077 5305 2133 5350 et

548 5351 848 5421 recordari,
883 5374 994 5427 quo
1028 5376 1189 5432 pacto
1240 5380 1465 5428 sanatus
1522 5386 1607 5432 cst
1649 5396 1848 5448 caecus,
1914 5387 2129 5455 itidem,

546 5454 669 5508 qua:
726 5449 1007 5517 sanguinis
1037 5456 1310 5523 proﬂuvio
1362 5464 1666 5536 laborabat,
1726 5481 1864 5529 tacta
1914 5449 2129 5536 [imbria

545 5531 886 5605 vestimenti,
941 5544 1193 5603 sanitatis
1240 5554 1524 5627 particeps
1555 5569 1639 5615 est
1686 5562 1851 5630 facta,
1904 5568 2125 5625 leonum

546 5632 743 5683 natura
773 5637 1146 5695 mansuefacta
1201 5654 1304 5713 cst,
1334 5657 1391 5702 ct
1428 5650 1568 5721 ignis
1605 5666 1801 5713 natura
1831 5663 2121 5721 exstincta.

2278 3194 2375 3247 τοῦ
2426 3194 2673 3251 διαϐόλου
2704 3203 2870 3272 φησὶν
2895 3203 2926 3255 ὁ
2958 3205 3182 3277 Κύριος,
3203 3208 3389 3279 Ξένος
3422 3214 3607 3283 ἤμην,
3647 3194 3731 3273 καί
3762 3224 3816 3275 οὐ

2271 3287 2647 3355 συνηγάγετέ
2697 3309 2792 3361 με’
2844 3296 3122 3366 ἐπείνων,
3168 3302 3269 3355 καὶ
3300 3306 3412 3359 οὐκ
3458 3308 3707 3365 ἐδώκατέ
3734 3332 3810 3383 μοι

2269 3377 2501 3446 φαγεῖν·
2536 3380 2788 3450 ἐδίψων,
2826 3386 2924 3440 καί
2959 3390 3070 3443 οὐκ
3112 3392 3441 3451 ἐποτίσατέ
3462 3418 3583 3497 (με.
3648 3402 3704 3456 Ἡ
3730 3377 3811 3473 γὰρ

2269 3470 2438 3497 ..-ωε
2466 3471 2736 3497 -.⁹.--ἲτ--.Λ
2762 3476 2791 3497 ,ι
2826 3478 2922 3497 ,μ
2968 3496 2973 3497 ,
3103 3482 3116 3497 .
3163 3484 3185 3497 ..
3502 3493 3512 3497 -
3629 3494 3638 3497 ,

2267 3470 2441 3540 τροφὴ
2462 3471 2629 3525 αὐτοῦ
2650 3475 2793 3546 καὶὴ
2820 3478 2997 3545 πόσις,
3029 3482 3126 3535 καὶ
3155 3484 3391 3554 ἄμφιον,
3425 3470 3525 3544 καὶ
3554 3470 3814 3562 erumna!

2267 3560 2574 3628 ἀνάπαυσις
2622 3567 2681 3619 ἐν
2714 3572 2836 3634 ταῖς
2888 3570 3091 3644 ψυχαῖς
3121 3577 3280 3647 ἡμῶν
3318 3580 3492 3638 ἔστιν.
3543 3560 3812 3642 Ἀεὶγτοίων

2266 3652 2473 3722 κρούει,
2526 3656 2852 3731 βουλόμενος
2890 3664 3154 3721 εἰσελθεῖν
3193 3671 3331 3740 πρὸς
3361 3674 3534 3745 ἡμᾶς.
3565 3678 3810 3749 Δεξώμεθα

2262 3743 2443 3799 τοίνυν
2477 3747 2661 3814 αὑτὸν,
2708 3752 2803 3805 καὶ
2849 3754 3235 3829 εἰσαγάγωμεν
3265 3743 3415 3816 ἔνδον
3448 3767 3625 3837 ἡμῶν,
3647 3743 3721 3822 γότῖ
3743 3774 3811 3822 καὶ

2261 3837 2422 3908 ἡμῶν
2450 3840 2484 3910 ἡ
2525 3843 2723 3913 τροφὴ,
2768 3846 2861 3899 καὶ
2893 3849 2924 3918 ή
2960 3848 3097 3922 ζωὴ,
3128 3854 3224 3906 καὶ
3262 3855 3295 3926 ἡ
3342 3857 3529 3923 πόσις,
3558 3863 3648 3913 καὶ
3677 3862 3807 3930 filiai,

2258 3931 2291 4001 ἡ
2322 3930 2540 3997 αἰώνιος
2576 3936 2739 3999 αὐτός
2769 3939 2937 3996 ἐστιν.
2978 3944 3089 3997 Καὶ
3132 3947 3284 4000 πᾶσα
3308 3948 3461 4022 ψυχὴ
3502 3954 3537 4024 ἠ
3581 3955 3651 4024 μὴ
3683 3954 3806 4019 δεξα-

2262 4023 2398 4094 μένη
2430 4025 2592 4079 αὑτὸν
2650 4028 2799 4083 ἔνδον
2853 4032 2949 4087 νῦν
2992 4038 3086 4090 καὶ
3126 4023 3532 4110 ἀναπαύσασα,
3558 4023 3739 4117 μᾶλλον
3763 4050 3805 4102 δὲ

2257 4113 2565 4170 ἀναπαεῖσα
2606 4120 2664 4172 ὲν
2717 4122 2886 4194 αὐτῷ,
2942 4127 3001 4179 ὲν
3046 4131 3112 4200 τῇ
3152 4131 3397 4207 βασιλείᾳ
3444 4113 3569 4191 τῶν-
3605 4141 3805 4210 οὖρανιίν

2259 4207 2399 4274 μετὰ
2427 4206 2536 4261 τῶν
2571 4210 2741 4278 ἁγίων
2778 4215 3144 4288 κληρονομίαν
3174 4224 3275 4277 οὐκ
3310 4206 3449 4297 ἔχει,
3474 4230 3597 4283 οὔτε
3629 4206 3701 4295 εἰς
3730 4234 3802 4302 τὴν

2255 4297 2578 4370 ἐπουράνιον
2608 4303 2763 4358 πόλιν
2793 4308 3053 4363 εἰσελθεῖν
3078 4312 3319 4369 δύναται.
3353 4319 3533 4385 Αὐτὸς
3558 4322 3634 4385 δὲ,
3666 4297 3800 4391 litigi:

2268 4388 2443 4459 Ἰησοῦ
2486 4393 2714 4463 Χριστὲ,
2753 4398 3017 4470 εἰσάγαγε
3047 4404 3194 4473 ἡμᾶς
3236 4409 3316 4471 εἰς
3362 4411 3559 4484 αὐτὴν,

2174 4486 2229 4545 1)
2253 4479 2353 4543 τάς
2402 4500 2496 4535 σου
2528 4485 2588 4538 τὸ
2635 4487 2807 4559 ὄνομα
2859 4492 2957 4545 σὺν
3000 4496 3199 4567 Harp},
3231 4499 3327 4552 καὶ
3360 4479 3509 4575 ἀγίῴ
3541 4506 3795 4578 Πνεύμστι,

2252 4574 2333 4637 εἰς
2365 4575 2492 4641 τοὺς
2519 4578 2741 4646 αἰῶνας.
2790 4583 2982 4655 ⁹Δμήν.

2840 4701 3083 4757 ΟΜΙᾹῘΑ
3111 4704 3235 4761 AA'.

2247 4783 2350 4838 Δεῖ
2368 4785 2476 4839 τὸν
2492 4790 2858 4871 αξιστεύονζα
2872 4797 3323 4871 μεταλλαγῆναι
3352 4804 3461 4857 τοῦ
3484 4806 3597 4859 νοῦ
3618 4804 3789 4871 αὐτοῦ,

2319 4857 2420 4909 καὶ
2450 4857 2687 4955 πιέν-εαξη
2902 4857 3251 4955 ger/alueus;
3284 4874 3373 4937 είς
3409 4857 3576 4955 acciri
3603 4857 3791 4955 σύμέξ

2319 4942 2470 5001 τειν,
2511 4929 2582 4982 ἐν
2608 4928 2699 4998 οἷς
2728 4933 2968 5001 ἀληθῶς
2991 4928 3182 4994 ’πᾶσα
3214 4928 3496 4998 διακονία
3536 4948 3638 5001 τοῦ
3675 4928 3789 5000 Gesti

2316 4998 2469 5052 ἐστι.

2322 5112 2403 5167 A’.
2443 5115 2537 5166 Δεῖ
2564 5114 2655 5169 τὸν
2702 5118 3028 5175 πιστεύοντα
3082 5124 3253 5180 αἰτεῖν
3315 5130 3408 5182 τὸν
3451 5131 3587 5185 Θεὸν
3630 5132 3788 5203 μεταλ·

2243 5188 2473 5273 λαγῆναι
2518 5207 2619 5275 τῆς
2670 5212 3046 5282 προαιρέσεως
3072 5216 3258 5281 αὐτοῦ,
3294 5222 3565 5293 μεταϐολῇ

2244 5296 2723 5371 μεταϐαλλομένης
2756 5302 2865 5355 ἀπὸ
2910 5306 3239 5378 πικρότητος
3266 5312 3346 5374 εἰς
3370 5312 3685 5381 γλυκασίαν,
3713 5315 3783 5367 καὶ

2242 5391 2627 5460 μνημονεύειν,
2681 5394 2798 5457 πῶς
2846 5397 2874 5447 ὁ
2920 5397 3118 5467 τυφλὸς
3171 5400 3383 5474 limbi]
3446 5405 3780 5477 αἱμορροοῦσα

2237 5483 2442 5552 ὁμοίως
2465 5483 2721 5555 ἁψαμένη
2760 5485 2852 5539 τοῦ
2886 5490 3190 5557 κρασπέδου
3225 5494 3419 5558 ἰάσεως
3452 5496 3628 5566 ἔτυχε,
3662 5498 3777 5547 ὶεόν-

2234 5592 2343 5629 των
2375 5575 2535 5645 φύσις
2559 5576 2845 5649 ἡμερώθη,
2877 5581 3049 5652 πυρὸς
3088 5586 3249 5650 φύσις
3299 5586 3596 5657 ἐνεκρὼθη·
3630 5588 3698 5640 ὅτι
3729 5586 3775 5635 τὸ

2236 5667 2420 5738 ἄκρως
2454 5670 2617 5723 καλὸν
2661 5674 2690 5725 ὁ
2718 5673 2846 5738 Θεός
2876 5674 3012 5730 ἐστι·
3046 5674 3180 5745 πρὸς
3216 5676 3274 5730 ὃν
3304 5677 3541 5747 ὀφείλεις
3575 5695 3772 5744 συνατι-

616 5736 753 5794 'Isa.
788 5756 827 5809 ι,
869 5744 1001 5813 5,6.
1082 5751 1248 5810 “Luc.
1288 5771 1384 5825 vn,
1410 5760 1497 5815 Η.
1579 5766 1791 5837 7Apoc.
1829 5786 1909 5838 tn,
1949 5774 2027 5830 [0.
2107 5776 2174 5832 “.l

2276 5736 2345 5833 .hi.
2381 5796 2503 5847 xxv,
2533 5782 2619 5850 42,
2654 5782 2741 5837 45.
