3966 6516
142 370 235 434 79.9

1309 358 1679 443 HOMtLI/e.
1710 382 1780 393 —
1810 356 1996 419 ΗΘΜ.
2032 357 2247 418 XXXI.

3294 363 3398 425 730

140 484 248 555 γεῖν
278 477 363 532 τὸν
388 474 516 531 νοῦν
562 474 661 531 καὶ
700 473 829 539 τοὺς
877 472 1192 545 λογισμοὺς,
1250 472 1345 527 καὶ
1387 472 1555 543 μηδὲν
1584 470 1713 526 ἄλλο

1820 470 1961 525 Deus
2018 470 2166 525 enim
2214 483 2489 523 summum
2536 469 2745 525 bonum
2794 480 2899 537 est,
2919 472 2974 527 in
3023 489 3185 544 quem
3228 475 3399 533 debts

144 573 347 633 ἐννοεῖν,
374 567 410 639 ἢ
452 567 553 639 τὴν
585 566 917 639 προσδοκίαν
949 565 1115 621 αὑτοῦ
1162 564 1424 635 καθορᾷν.

203 840 451 912 Β’.1Ἥτω
483 834 579 893 οὖν
611 840 646 910 ἡ
677 838 821 910 ψυχὴ
877 838 954 904 ὡς
1005 840 1174 894 τέκνα
1233 839 1548 913 ῤεῦόμενα
1583 856 1710 893 συν-

145 938 356 1006 άγουσα,
406 931 504 985 καὶ
557 930 887 986 νουθετοῦσα
938 932 1066 996 τοὺς
1101 931 1210 986 ἀπὸ
1269 932 1371 1003 τῆς
1437 932 1713 1003 ἁμαρτίας

143 1024 594 1097 ἐσκορπισμένους
638 1024 956 1093 λογισμοὺς,
1005 1025 1271 1094 εἰσαγέτω
1310 1027 1391 1089 είς
1432 1026 1525 1079 τὸν
1564 1021 1713 1080 οἷκον

142 1118 227 1175 τοῦ
257 1114 503 1185 σώματος
536 1115 729 1184 αὐτῆς,
774 1114 863 1168 ἀεὶ
898 1115 1256 1186 προσδοκῶσα
1294 1116 1387 1170 τὸν
1420 1115 1628 1185 Κύριον
1652 1118 1711 1170 ἐν

142 1208 347 1281 νηστεία
374 1206 471 1259 καὶ
499 1206 710 1278 ἀγάπῃ,
739 1207 868 1261 πότε
908 1206 1077 1261 ἐλθὼν
1100 1207 1161 1273 ἐξ
1186 1207 1445 1281 ἀληθείας
1477 1208 1714 1276 συναγά-

142 1278 218 1373 γοι
246 1298 430 1370 αὐτήν.
479 1299 702 1369 Ἀδήλου
730 1299 786 1352 δὲ
816 1298 911 1353 τοῦ
941 1300 1224 1370 μέλλοντος
1248 1278 1421 1363 ὄντος,
1444 1299 1712 1364 ἐλπιζέτω

142 1394 290 1450 πλέον
326 1392 408 1444 ἔτι
434 1390 514 1462 τῷ
554 1390 868 1465 κυϐερνήτῃ
928 1393 1109 1455 καλῶς
1168 1392 1558 1458 ἐπελπίζουσα,
1616 1388 1713 1446 καί

144 1483 541 1561 μνημονευέτω,
572 1484 689 1548 πῶς
726 1484 820 1537 καὶ
861 1484 1029 1539 Ῥαὰϐ
1051 1483 1184 1538 οὖσα
1228 1484 1366 1555 μετά
1398 1484 1712 1554 ἀλλοφύλων

140 1578 442 1633 ἐπίστευσεν
477 1576 861 1647 Ἰσραηλίταις,
891 1578 985 1630 καὶ
1018 1577 1137 1648 μετ’
1161 1577 1343 1630 αὐτῶν
1369 1575 1706 1649 κατηξιώθη·

140 1671 184 1725 οι
208 1669 261 1723 δέ
301 1668 636 1739 Ἰσραηλῖται
667 1672 733 1739 τῇ
764 1671 951 1741 ἀγάπῃ
985 1672 1065 1734 είς
1102 1670 1376 1738 Αἴγυπτον
1407 1671 1710 1742 μετεστρά-

142 1777 321 1832 φησαν.
360 1757 448 1821 Ὣς
477 1757 571 1814 οὖν
593 1761 746 1815 οὐδὲν
766 1760 967 1831 ἐόλαψε
1012 1761 1110 1833 τὴν
1147 1762 1318 1817 Ῥαὰὸ
1346 1764 1379 1833 ἡ
1414 1762 1554 1833 μετά
1591 1762 1703 1816 τῶν

1815 562 2074 633 colligere
2109 569 2355 617 mentem
2409 570 2465 618 et
2511 563 2896 634 cogitationes.
2927 581 3032 621 nec
3073 566 3207 636 quid
3246 569 3398 623 aliud

1818 655 2005 710 animo
2042 656 2358 726 concipere,
2406 671 2571 727 quam
2621 658 3094 729 exspectationem
3145 661 3267 732 ejus
3316 662 3401 716 in-

1815 746 1981 800 tuerL

1887 838 1953 892 ll.
1988 836 2073 892 Sit
2110 836 2279 909 igitur
2299 836 2503 901 anima,
2530 836 2762 906 perinde
2790 851 2855 892 ac
2880 851 3002 907 quae
3029 835 3170 891 ﬁlios
3198 851 3402 907 vagan-

1814 936 1899 983 tes
1929 927 2161 998 colligit,
2194 936 2253 983 et
2299 930 2573 998 castigans
2606 927 2886 998 dispersas
2923 943 2954 981 a
2991 938 3217 997 peccato
3252 926 3399 996 cogi-

1812 1017 2071 1085 tationes,
2092 1018 2426 1088 inducatque
2453 1018 2511 1072 in
2532 1018 2759 1072 domum
2776 1018 3032 1088 corporis
3053 1018 3160 1082 sui,
3182 1033 3401 1086 semper

1812 1117 2138 1179 exspectans
2191 1109 2487 1164 Dominum
2553 1111 2608 1163 in
2684 1110 2897 1180 jejunio
2950 1118 3007 1164 ct
3066 1109 3397 1170 dilectione,

1813 1201 2033 1272 quando
2066 1201 2296 1257 veniens
2323 1217 2455 1257 vere
2493 1217 2615 1257 eam
2638 1202 2877 1273 colligat.
2907 1201 3176 1256 Futurum
3214 1210 3397 1257 autem

1812 1308 1938 1348 cum
1970 1294 2043 1348 sit
2065 1292 2363 1357 incertum,
2397 1308 2464 1348 eo
2500 1293 2761 1364 amplius/
2780 1301 2987 1363 speret,
3028 1293 3084 1347 in
3122 1295 3399 1364 guberna-

1815 1394 1935 1442 tore
1970 1401 2067 1457 spe
2104 1397 2253 1442 recte
2280 1387 2588 1454 collocata;
2621 1395 2677 1442 et
2710 1394 2933 1441 revocet
2961 1384 3016 1439 in
3047 1387 3393 1451 memoriam,

1813 1479 2091 1549 quomodo
2131 1479 2282 1535 Raab
2325 1495 2450 1535 cum
2498 1478 2824 1551 alienigenis
2877 1494 3230 1542 convcrsans,
3272 1495 3395 1534 cre-

1814 1572 1956 1626 didit
2000 1571 2288 1637 lsraelitis,
2333 1586 2637 1640 eorumque
2686 1571 2953 1626 societate
3005 1572 3168 1641 digna
3212 1570 3398 1626 habita

1811 1670 1918 1719 est.
1950 1664 2212 1719 Israelita:
2242 1674 2425 1719 autem
2457 1679 2525 1719 ex
2550 1679 2739 1718 amore
2779 1664 2835 1718 in
2871 1664 3164 1735 {Egyptum
3192 1664 3400 1720 reversi

1814 1765 1964 1810 sunt.
1988 1754 2465 1822 Quemadmodum
2492 1770 2622 1827 ergo
2654 1756 2794 1810 nihil
2825 1758 3015 1811 nocuit
3054 1758 3207 1812 Raab
3244 1758 3402 1812 habi-

139 1851 433 1919 ἀλλοφύλων
465 1851 700 1922 οἴκησις,
749 1852 865 1905 ἀλλ’
905 1854 940 1925 ἡ
985 1854 1168 1916 πίστις
1209 1853 1454 1925 ᾡκείωσε
1492 1855 1559 1925 τῇ
1612 1871 1709 1924 με-

1820 1847 1952 1902 Latio
1985 1862 2111 1901 cum
2159 1847 2505 1918 alienigenis,
2546 1847 2642 1902 sed
2687 1846 2824 1903 ﬁdes
2875 1864 2996 1902 eam
3040 1849 3398 1906 domesticam

144 1946 237 2018 ρίδι
272 1944 379 1996 τῶν
430 1944 797 2015 Ἰσραηλιτῶν·
828 1944 1001 2009 οὕτως
1054 1945 1207 1998 οὐδὲν
1240 1945 1432 2016 βλάψει
1471 1945 1715 2017 ἁμαρτία

139 2043 250 2099 τοὺς
276 2036 331 2089 ἐν
353 2036 530 2089 ἐλπίδι
552 2038 646 2091 καὶ
676 2038 853 2091 πίστει
878 2039 970 2092 τὸν
990 2037 1284 2110 Λυτρωτὴν
1309 2037 1713 2108 ἐκδεχομένους,

140 2128 193 2192 ὃς
206 2127 642 2200 παραγενόμενος
660 2127 983 2199 μεταϐάλλει
998 2130 1125 2193 τοὺς
1149 2128 1443 2200 λογισμοὺς
1480 2131 1582 2199 τῆς
1614 2127 1716 2198 ψυ-

139 2220 251 2293 χῆς,
272 2219 363 2273 xal
388 2222 537 2274 ποιεῖ
561 2220 757 2284 αὐτοὺς
776 2220 1009 2286 θεῖκοὺς,
1026 2220 1574 2293 ούρανίους,ἀγαθοὺς
1591 2262 1604 2286 ,
1620 2219 1717 2276 καὶ

137 2313 362 2367 διδάσκει
390 2310 494 2383 τὴν
514 2311 693 2383 ψυχὴν
730 2311 896 2383 εὐχὴν
960 2312 1241 2383 ἀληθινὴν,
1282 2312 1713 2383 ἀπερίσπαστον,

137 2402 529 2476 ἀρῤἐμὸαστον.
550 2407 608 2456 Μ
613 2403 645 2470 ὴ
669 2404 877 2472 φοϐοῦ,
907 2406 1091 2475 φησιν,
1106 2402 1222 2474 ἐγὼ
1241 2402 1583 2474 ἔμπροσθέν
1598 2418 1716 2457 σου

138 2492 472 2561 πορεύομαι,
508 2491 604 2546 καὶ
630 2493 740 2561 ὅρη
797 2492 1043 2562 ὀμιιλιῶ,
1075 2494 1258 2562 θύρας
1304 2491 1534 2563 χαλκᾶς
1565 2509 1715 2547 συν.

138 2586 334 2654 τρίψω,
397 2584 503 2637 καὶ
544 2584 817 2654 μοχλοὺς
872 2584 1162 2654 σιδηροῦς
1210 2584 1560 2639 συνθλάσω.
1606 2582 1714 2638 Καὶ

142 2677 309 2741 πάλιν,
324 2675 617 2745 Πρόσεχε,
633 2676 787 2745 φησι,
804 2675 1039 2740 σεαυτῷ
1055 2674 1287 2745 μήποτε
1298 2674 1537 2746 γένηται
1550 2673 1717 2744 ῥῆμα

139 2765 572 2839 κρυπτὸνὲντῇ
604 2767 815 2834 καρδίᾳ
832 2783 950 2821 σου
990 2767 1298 2835 ἁνόμημα’
1312 2765 1399 2835 μὴ
1435 2765 1616 2833 εἴπῃς
1649 2764 1719 2818 ἐν

141 2860 209 2931 τῇ
231 2860 437 2931 καρδίᾳ
459 2876 578 2914 σου
601 2875 616 2890 ο
646 2859 829 2915 Τοῦτο
850 2860 915 2912 τὸ
938 2859 1115 2924 ἔθνος
1139 2858 1298 2913 πολὺ
1326 2858 1423 2912 καὶ
1441 2859 1713 2927 ἰσχυρόν.

204 2955 275 3009 Γ’.
318 2952 443 3006 Ἐὰν
479 2952 556 3023 μὴ
596 2952 759 3021 ἡμεῖς
810 2949 1179 3021 χαυνωθῶμεν
1202 2988 1217 3012 ,
1250 2951 1345 3002 καὶ
1384 2949 1718 3019 παραδῶμεν

138 3045 229 3109 τὰς
255 3044 421 3114 νομὰς
442 3046 556 3106 τοῖς
582 3042 837 3104 ἀτάκτοις
867 3036 1144 3111 λογισμοῖς
1172 3040 1271 3110 τῆς
1312 3041 1510 3104 κακίας
1535 3082 1549 3107 ,
1582 3039 1718 3095 ἀλλά

140 3139 209 3210 τῷ
252 3137 520 3208 θελήματι
568 3133 728 3205 ἡμῶν
770 3133 1019 3204 ἕλκωμεν
1078 3132 1170 3186 τὸν
1208 3130 1355 3197 νοῦν,
1407 3132 1716 3204 βιαζόμενοι

139 3197 254 3293 τοὺς
278 3197 751 3299 λογίσμοὺςπρδς
782 3226 873 3280 τὸν
910 3197 1137 3297 ίίύριοψ
1180 3197 1418 3287 πάντως-
1443 3225 1472 3277 ὁ
1510 3197 1716 3296 Κύριος
1742 3197 1786 3260 C

138 3324 206 3395 τῷ
238 3324 503 3396 θελήματι
558 3320 723 3376 αὐτοῦ
766 3320 1048 3374 ἐλεύσεται
1103 3319 1238 3390 πρὸς
1291 3321 1461 3392 ἡμᾶς,
1517 3320 1613 3374 καὶ⁵
1655 3320 1714 3387 ἐξ

138 3416 382 3488 ἀληθείας
413 3416 714 3483 συναγάγοι
758 3416 905 3485 ἡμᾶς
941 3412 1079 3485 πρὸς
1110 3413 1325 3467 ἑαυτόν.
1356 3414 1513 3466 Πᾶσα
1550 3411 1659 3484 γὰρ
1679 3414 1713 3484 ἡ

133 3511 486 3583 εὐαρέστησις
544 3511 639 3562 καὶ
691 3510 725 3580 ἡ
779 3507 1027 3561 διακονία
1073 3506 1132 3558 ἐν
1180 3507 1293 3569 τοῖς
1345 3503 1716 3574 διαλογισμοῖς

135 3604 289 3655 ἐστιν’
320 3602 464 3656 ὥστε
502 3600 805 3655 σπούδασον
838 3599 1033 3669 ἀρέσαι
1062 3597 1142 3669 τῷ
1166 3597 1378 3668 Κυρίῳ,
1402 3595 1715 3668 προσδοκῶν

134 3692 285 3747 αὑτὸν
315 3693 401 3746 ἀεὶ
433 3690 661 3757 ἔσωθεν,
695 3691 874 3763 ζητῶν
904 3691 1068 3744 αὑτὸν
1094 3691 1154 3744 ἐν
1184 3692 1295 3753 τοῖς
1321 3688 1711 3759 διαλογισμοῖς,

133 3788 220 3841 καὶ
249 3786 576 3858 βιαζόμενος
614 3786 710 3840 καὶ
763 3784 1091 3854 ἀναγκάζων
1139 3783 1203 3837 τὸ
1257 3782 1452 3837 ἐαυτοῦ
1505 3782 1715 3853 θέλημα

134 3880 220 3935 καὶ
250 3880 347 3950 τὴν
382 3877 708 3950 προαίρεσιν
738 3918 752 3944 ,
785 3877 922 3948 πρὸς
964 3876 1127 3930 αὐτὸν
1177 3876 1267 3929 ἀεὶ
1315 3874 1712 3930 ἀνατείνεσθαι.

132 3972 233 4025 Καὶ
266 3972 367 4041 ὅρα
419 3969 543 4032 πῶς
576 3968 796 4039 ἔρχεται
843 3967 980 4040 πρὸς
1009 3968 1091 4033 σὲ,
1124 3967 1219 4019 καλ⁵
1257 3966 1425 4038 μονὴν
1481 3968 1715 4020 ποιεῖται

134 4064 275 4134 παρά
318 4063 424 4119 σοί.
460 4063 630 4116 Ὅσον
660 4062 769 4133 γὰρ
815 4061 1067 4130 συνάγεις
1094 4060 1185 4113 τὸν
1215 4059 1340 4113 νοῦν
1388 4077 1481 4112 σου
1511 4059 1590 4123 είς
1616 4059 1715 4130 τὴν

132 4156 351 4227 ζήτησιν
396 4153 593 4219 αὐτοῦ,
640 4154 774 4208 πολὺ
818 4153 983 4207 πλέον
1019 4153 1182 4215 αὐτὸς
1213 4151 1582 4220 ἀναγκάζεται
1610 4150 1717 4203 ὑπὸ

130 4253 222 4321 τῆς
256 4250 388 4314 ἰδίας
413 4248 823 4318 εὐσπλαγχνίας
847 4247 943 4300 καὶ
968 4247 1339 4318 χρηστότητος
1368 4244 1547 4297 ἐλθεῖν
1578 4245 1716 4315 πρὸς

131 4343 207 4403 σὲ,
239 4345 333 4397 καὶ
361 4341 684 4397 ἀναπαῦσαι
718 4358 799 4394 σε.
832 4341 1073 4409 Ἕστηκε
1114 4337 1223 4409 γὰρ
1248 4336 1467 4409 θεωρῶν
1502 4352 1595 4388 σου
1624 4334 1716 4387 τὸν

129 4432 266 4497 νοῦν,
303 4435 431 4496 τοὺς
458 4433 868 4503 διαλογισμοὺς,
891 4429 990 4494 τὰς
1017 4428 1367 4499 ἐνθυμήσειςο
1400 4424 1715 4480 ἐπισκοπῶν
1754 4488 1757 4489 ν

1817 1938 2063 1995 reddidit
2092 1938 2346 2009 partibus
2386 1939 2760 1994 lsraelilarum
2788 1956 2801 1993 :
2833 1939 2908 1993 ita
2934 1950 3221 2009 peccatum
3258 1940 3398 1995 nihil

1816 2029 1966 2085 laedit
1992 2043 2108 2092 eos,
2141 2029 2236 2098 qui
2280 2028 2335 2082 in
2369 2044 2465 2098 spe
2506 2038 2565 2083 et
2595 2028 2699 2082 ﬁde
2747 2028 3153 2099 redemptorem
3204 2045 3403 2100 exspe-

1816 2129 1991 2185 ctant,
2021 2120 2117 2190 qui
2141 2119 2451 2175 adveniens
2495 2119 2750 2174 immutat
2787 2120 3148 2191 cogitationes
3180 2122 3401 2187 animae,

1816 2212 2108 2282 redditque
2151 2228 2246 2267 eas
2290 2211 2527 2277 divinas,
2569 2212 2845 2276 cmlestes,
2893 2212 3102 2277 bonas;
3136 2202 3403 2269 et‘docet

1818 2307 2059 2361 animam
2102 2320 2297 2360 verum
2341 2304 2606 2376 precandi
2648 2305 2896 2368 modum,
2925 2320 3038 2359 non
3074 2304 3403 2361 distractum

1817 2416 1922 2455 nec
1941 2400 2352 2471 vagabundum.
2384 2399 2463 2453 Ne
2489 2402 2699 2464 timeas,
2734 2399 2933 2469 inquit,
2957 2417 3049 2471 ego
3076 2410 3200 2454 ante
3227 2410 3275 2455 te
3296 2401 3403 2467 ibo,

1819 2500 1868 2548 et
1931 2502 2135 2546 montes
2181 2491 2494 2563 adwquabo,
2532 2500 2716 2562 portas
2774 2506 2953 2545 teneas
3021 2501 3315 2557 conteram,
3353 2499 3403 2546 el

1819 2596 1985 2642 vertes
2031 2588 2228 2658 ferreos
2272 2586 2609 2656 confringam
2650 2587 2692 2639 ⁸.
2752 2584 2822 2640 Et
2860 2600 3078 2639 rursum
3115 2602 3129 2640 :
3177 2584 3404 2639 Attende

1821 2682 1912 2735 tibi
1986 2681 2107 2751 ipsi,
2165 2680 2262 2747 ait,
2329 2678 2609 2749 nequando
2650 2677 2863 2731 verbum
2932 2676 3296 2731 absconditum
3344 2678 3402 2731 in

1818 2774 1973 2827 corde
2003 2782 2091 2827 tuo
2130 2770 2231 2842 ﬁat
2260 2771 2538 2842 iniquitas,
2582 2786 2647 2824 ne
2682 2770 2825 2824 dicas
2848 2771 2903 2825 in
2929 2769 3084 2823 corde
3113 2779 3240 2825 tuo:
3266 2768 3404 2826 Gens

1818 2863 1926 2916 Ita’c
1956 2876 2236 2914 numerosa
2275 2867 2351 2913 est
2385 2868 2433 2912 et
2478 2869 2661 2929 potens
2686 2858 2750 2911 ‘°.

1890 2954 1978 3008 III.
2014 2952 2070 3007 Si
2106 2968 2206 3007 nos
2228 2950 2482 3007 socordia
2508 2966 2617 3005 non
2646 2949 3041 3015 dissolvamur,
3065 2965 3172 3005 nec
3204 2950 3405 3020 pabula

1818 3046 2164 3119 praebeamus
2182 3043 2561 3113 incompositis
2578 3041 3009 3112 cogitationibus
3032 3040 3255 3096 malitia:
3271 3082 3284 3105 ,
3305 3041 3403 3094 St'd

1824 3140 2110 3195 voluntate
2148 3145 2338 3193 nostra
2384 3135 2672 3189 trahamus
2721 3134 2989 3199 animum,
3016 3143 3073 3188 et
3108 3135 3406 3203 compella-

1821 3248 1945 3288 mus
1976 3230 2341 3302 cogitationes
2378 3228 2446 3283 ad
2496 3227 2827 3293 Dominum;
2865 3226 3034 3281 dubio
3076 3227 3271 3296 procul
3302 3227 3407 3281 Do-

1823 3327 2009 3381 minus
2030 3334 2226 3396 sponte
2256 3340 2355 3378 sua
2380 3322 2565 3377 veniet
2591 3321 2658 3374 ad
2689 3334 2812 3383 nos,
2853 3327 2909 3373 et
2941 3333 3135 3373 revera
3165 3333 3403 3388 congre-

1817 3420 1967 3492 gabit
1995 3434 2097 3474 nos
2122 3418 2187 3473 ad
2217 3433 2277 3472 se
2324 3416 2523 3487 ipsum.
2570 3412 2762 3469 Omnis
2809 3411 2956 3466 enim
3003 3412 3403 3481 complaccntia

1825 3523 1885 3570 et
1921 3511 2293 3567 ministerium
2318 3509 2372 3563 in
2397 3506 2828 3579 cogitationibus
2849 3503 3405 3571 consistit.Quocirm

1814 3602 2091 3659 contende
2137 3610 2198 3656 ut
2246 3599 2463 3671 placeas
2490 3596 2746 3662 Domino,
2770 3603 3096 3665 exspectans
3116 3608 3242 3650 eum
3274 3611 3406 3665 per-

1817 3702 1985 3764 petuo
2027 3691 2279 3756 interius,
2345 3703 2599 3760 quierens
2636 3703 2762 3743 eum
2829 3686 2882 3741 in
2938 3686 3402 3757 cogitationibus,

1816 3791 1873 3838 et
1901 3782 2237 3852 compellens
2251 3788 2415 3850 atque
2444 3778 2671 3848 adigens
2697 3787 2844 3832 tuam
2867 3777 3042 3847 ipsius
3060 3777 3401 3832 voluntatem

1816 3883 1983 3945 atque
2011 3873 2400 3937 intentionem,
2421 3879 2483 3926 ut
2513 3871 2567 3925 in
2601 3886 2728 3925 eum
2760 3878 3032 3940 perpetuo
3058 3869 3348 3924 intendant
3383 3886 3401 3925 :

1816 3975 1873 4021 et
1906 3965 2153 4036 expende
2184 3979 2294 4034 qua
2348 3963 2561 4019 ratione
2586 3962 2738 4016 venit
2777 3960 2845 4015 ad
2873 3969 2945 4022 te,
2979 3971 3033 4015 et
3057 3961 3404 4016 mansionem

1816 4055 1950 4110 facit
1978 4054 2123 4125 apud
2164 4061 2238 4109 te.
2281 4052 2498 4119 Quanto
2520 4052 2667 4107 enim
2710 4051 2883 4121 magis
2912 4050 3126 4122 colligis
3153 4050 3403 4106 animum

1820 4155 1974 4202 tuum
1994 4146 2061 4201 ad
2090 4161 2218 4201 eum
2270 4143 2650 4215 quaerendum,
2693 4151 2848 4197 tanto
2882 4142 3057 4213 magis
3102 4144 3219 4213 ipse
3253 4158 3404 4198 com-

1818 4238 2057 4309 pelletur
2087 4254 2117 4291 a
2150 4236 2373 4307 propria
2398 4234 2783 4290 misericordia
2828 4241 2994 4304 atque
3038 4234 3401 4306 benignitate,

1818 4340 1878 4386 ut
1910 4330 2093 4386 veniat
2123 4329 2191 4384 ad
2228 4336 2302 4394 te,
2336 4338 2393 4384 et
2423 4337 2473 4384 te
2497 4328 2788 4383 refocillet.
2827 4326 2996 4381 Fixus
3039 4327 3186 4381 enim
3218 4327 3403 4383 intue-

1820 4432 1911 4478 tur
1962 4433 2204 4477 meutcm
2251 4429 2424 4485 tuam,
2454 4421 2820 4492 cogitationes
2871 4427 2929 4473 et
2983 4420 3403 4487 meditationes;

128 4527 241 4590 πῶς
286 4527 476 4598 ζητεῖς
506 4526 692 4591 αὑτὸν,
726 4524 821 4578 καὶ
851 4527 897 4578 εξ
928 4524 989 4589 ἐξ
1010 4521 1136 4594 ὅλης
1177 4521 1285 4593 τῆς·
1310 4519 1488 4592 ψυχῆς
1518 4536 1635 4585 σου,
1665 4521 1713 4573 εί

1823 4519 1982 4588 119
2006 4517 2363 4572 considerans
2393 4515 2671 4586 quomodo
2728 4528 2944 4583 quzeras
2978 4528 3104 4568 eum
3129 4556 3143 4580 ,
3162 4523 3217 4569 et
3242 4530 3309 4569 an
3338 4530 3407 4569 ex

131 4619 201 4690 μὴ
227 4618 475 4690 νωθρῶς,
510 4620 561 4673 εί
592 4618 668 4690 μὴ
707 4616 948 4689 ἀμελῶς.

191 4804 262 4856 Δν.
290 4802 405 4855 Καὶ
430 4802 565 4856 ὅταν
590 4800 674 4873 ἴδῃ
712 4799 812 4872 τὴν
862 4799 1099 4870 σπουδήν
1135 4814 1228 4851 σου
1257 4795 1393 4869 πρὸς
1424 4796 1525 4865 τὴν
1547 4792 1711 4849 αὐτοῦ

128 4893 370 4965 ζήτησιν,
432 4896 565 4948 τότε
618 4893 953 4965 φανεροῦται
1015 4892 1111 4946 καὶ⁸
1193 4888 1541 4960 ἐπιφαίνεταί
1603 4904 1707 4952 σοι,

130 4986 217 5038 καὶ
245 4987 345 5056 τῆς
367 4984 544 5039 αὑτοῦ
597 4984 853 5055 βοηθείας
889 4983 1238 5055 μεταδίδωσι,
1274 4983 1371 5037 καὶ
1406 4980 1508 5051 τὴν
1542 4979 1702 5049 νίκην

130 5092 205 5129 σοι
243 5078 411 5142 ποιεῖ,
446 5076 713 5147 ῥυόμενος
740 5092 799 5129 σε
833 5077 898 5129 ἐκ
930 5075 1038 5129 τῶν
1091 5074 1301 5145 ἐχθρῶν
1338 5089 1453 5127 σου.
1485 5072 1705 5142 Θεωρή-

131 5186 223 5233 σας
254 5170 367 5241 γὰρ
404 5171 677 5250 πρέτερον
701 5168 801 5241 τὴν
846 5170 944 5241 σὴν
971 5168 1109 5238 πρὸς
1130 5166 1294 5220 αὐτὸν
1325 5166 1575 5239 ζήτησιν,
1613 5164 1708 5218 καί

127 5261 196 5326 ὡς
221 5263 351 5336 ὃλην
376 5281 475 5317 σου
503 5263 605 5334 τὴν
639 5262 965 5333 προσδοκίαν
982 5261 1345 5325 ἀδιαλείπτως
1377 5260 1514 5332 πρὸς
1543 5258 1706 5313 αὑτὸν

128 5352 262 5422 ἔχεις
285 5368 301 5383 ⁸
328 5347 490 5418 οὗτος
524 5353 790 5416 διδάσκει,
836 5353 929 5407 καὶ
973 5352 1157 5406 δίδωσί
1193 5369 1274 5405 σοι
1318 5350 1486 5423 εὐχὴν
1526 5348 1714 5422 ἀληθι-

126 5445 237 5517 νὴν,
303 5447 537 5517 ἀγάπην
600 5444 886 5517 ἀληθινὴν.
941 5445 1066 5517 ἥτις
1094 5445 1242 5498 ἐστὶν
1292 5444 1458 5508 αὐτὸς
1516 5444 1576 5496 ἐν
1627 5440 1713 5494 col

130 5539 301 5593 πάντα
333 5539 690 5609 γιγνόμενος,
726 5538 1079 5608 παράδεισος,
1113 5536 1270 5602 ξύλον
1296 5536 1466 5603 ζωῆς,
1500 5551 1710 5606 μαργα-

128 5632 299 5705 ρίτης,
362 5632 660 5702 στὲφανος,
736 5630 1038 5700 οἰκοδόμος,
1112 5628 1377 5701 γεωργὸς,
1442 5624 1706 5697 παθητὸς,

194 5813 338 5873 ’ISa.
366 5829 485 5883 xxv,
523 5814 587 5887 1.7
656 5812 699 5846 "
720 5811 879 5869 Deut.
910 5824 1008 5867 vn.
1051 5807 1142 5863 27.

1818 4621 1932 4667 tota
1996 4608 2179 4666 anima
2241 4617 2373 4676 tua,
2414 4623 2600 4663 annon
2648 4606 2929 4678 segniter,
2981 4621 3166 4661 annon
3229 4604 3407 4676 negli-

1819 4712 2034 4775 genter.

1880 4796 1973 4854 ιν.
2010 4796 2080 4853 Et
2108 4795 2203 4851 ubi
2233 4793 2439 4851 viderit
2467 4793 2811 4865 diligentiam
2844 4801 3016 4857 tuam,
3056 4790 3115 4845 in
3145 4806 3213 4847 eo
3246 4800 3403 4860 qum;

1809 4889 1984 4945 rendo
2016 4888 2342 4953 adhibitam,
2374 4895 2504 4941 tunc
2531 4884 2920 4940 manifestatur
2941 4892 2996 4938 et
3030 4890 3261 4953 apparet
3281 4881 3404 4947 tibi,

1809 4983 2188 5052 auxiliumque
2237 4996 2400 5036 suum
2444 4978 2762 5050 impertitur
2790 5020 2805 5044 ,
2858 4993 2922 5033 ac
2972 4976 3262 5032 victoriam
3299 4976 3403 5031 tibi

1813 5083 2104 5146 praeparat,
2130 5073 2374 5128 liberans
2410 5080 2462 5126 te
2492 5072 2561 5126 ab
2590 5070 2848 5125 hostibus
2878 5069 3011 5125 tuis.
3044 5067 3409 5138 Conspiciens

1813 5167 1961 5222 enim
1993 5166 2147 5236 prius
2176 5176 2329 5221 tuum
2366 5163 2649 5234 quaerendi
2699 5177 2827 5217 eum
2875 5161 3131 5216 ardorem
3156 5201 3171 5227 ,
3211 5168 3267 5215 et
3297 5176 3408 5231 quo

1812 5266 1975 5327 pacto
2001 5271 2221 5311 omnem
2254 5264 2403 5309 tuam
2435 5269 2587 5324 spem
2613 5252 3058 5308 iudesinentcrin
3088 5252 3407 5307 colocatam

1815 5347 2042 5412 habeas,
2084 5346 2177 5401 hic
2220 5345 2384 5400 docet
2437 5360 2578 5415 aque
2630 5345 2859 5415 largitur
2897 5359 3090 5399 verum
3141 5343 3406 5413 precandi

1811 5438 2059 5505 modum,
2120 5437 2478 5493 dilectionem
2540 5450 2751 5502 veram,
2778 5451 2902 5506 quae
2962 5444 3050 5491 est
3093 5433 3249 5503 ipse,
3310 5432 3406 5503 qui

1814 5530 1999 5587 omnia
2023 5529 2169 5600 apud
2209 5537 2263 5587 te
2288 5529 2368 5595 ﬁt,
2400 5528 2691 5600 paradisus
2713 5570 2727 5593 ,
2764 5529 2976 5600 lignum
3014 5527 3162 5592 vitae,
3189 5540 3407 5597 marga-

1813 5623 1939 5693 rita,
1981 5637 2209 5692 corona,
2253 5622 2614 5689 architectus,
2639 5618 2903 5692 agricola,
2926 5618 3193 5692 patibilis,
3234 5617 3406 5692 impa-

3454 5685 3473 5719 ἓ
