3966 6552
558 368 664 438 ’131

1786 368 1848 427 S.
1888 364 2213 426 MACARII
2252 360 2577 424 IEGYPTII
3704 361 3790 425 732

563 481 761 546 tibilis,
791 482 978 544 homo,
1009 481 1173 545 Deus,
1204 477 1396 533 vinum
1421 519 1435 542 ,
1463 493 1602 546 aqua
1636 476 1780 540 viva,
1807 475 1949 539 ovis,
1980 489 2148 543 spon-

2267 472 2487 542 ἱπαοὴς,
2516 471 2822 542 ἄνθρωπος,
2848 469 3000 536 Θεὸς,
3037 466 3200 536 οἶνος,
3251 469 3399 540 ὕδωρ
3439 468 3574 535 ζῶν,
3605 475 3794 544 πρόϐα-

565 591 681 643 sus,
707 575 964 644 bellator,
1014 589 1188 639 arma,
1237 572 1420 627 omnia
1475 571 1531 624 in
1585 570 1844 625 omnibus
1869 569 2142 625 Christus.

565 666 1037 734 Quemadmodum
1055 680 1187 719 vero
1214 664 1395 718 infans
1427 677 1536 716 non
1568 663 1722 716 novit
1752 678 1811 716 se
1843 661 2024 731 ipsum
2045 677 2146 715 cu-

567 770 687 810 rare
716 756 801 810 vel
837 771 1056 818 ornare,
1091 754 1187 808 sed
1219 754 1397 807 solum
1429 753 1620 806 oculos
1644 753 1921 807 convertit
1944 752 2010 806 ad
2030 767 2147 805 ma-

568 855 727 910 trem,
775 846 951 910 ﬂens,
994 845 1172 899 donec
1218 843 1598 898 misericordia
1650 852 1925 898 commota
1991 843 2146 897 illum

513 966 518 970 -
565 937 830 1007 suscipiat
870 937 992 991 :sic
1038 935 1228 990 ﬁdeles
1257 937 1455 990 anima:
1477 935 1533 989 in
1563 935 1682 989 solo
1709 936 1940 988 Domino
1993 949 2148 1004 spem

565 1029 770 1084 habent
805 1039 1108 1099 perpetuo,
1151 1045 1370 1084 onmem
1403 1029 1676 1100 justitiam
1705 1029 1757 1082 ei
1807 1029 2144 1094 tribuentes,

565 1124 692 1190 quia
727 1121 870 1174 sicut
891 1120 1010 1176 sine
1039 1121 1149 1176 vite
1180 1121 1390 1190 palmes
1439 1120 1661 1186 arescit,
1698 1120 1779 1175 sic
1810 1135 2028 1190 quoque
2055 1120 2150 1190 qui

565 1213 772 1280 absque
817 1210 1042 1265 Christo
1071 1210 1525 1280 vultjustiﬁcari.
1577 1211 1644 1265 Et
1685 1211 2147 1280 quemadmodum

566 1303 710 1358 latro
737 1312 824 1357 est
868 1312 924 1357 et
965 1304 1054 1358 fur
1086 1345 1100 1367 ,
1132 1305 1219 1373 qui
1249 1319 1342 1373 per
1379 1304 1673 1374 ingressum
1717 1319 1818 1356 non
1846 1304 2034 1366 intrat,
2062 1302 2151 1354 sed

569 1392 784 1446 aliunde
828 1394 1064 1447 ascendit
1089 1395 1128 1424 “
1158 1411 1172 1447 :
1204 1395 1280 1448 ita
1310 1394 1404 1463 qui
1449 1393 1568 1448 sine
1615 1393 1950 1464 justiﬁcante
1981 1409 2040 1447 se
2073 1394 2154 1463 ip-

571 1496 689 1536 sum
721 1482 1008 1555 justiﬁcat.

643 1668 710 1724 V.
776 1671 1058 1726 Tollamus
1121 1685 1252 1740 ergo
1311 1685 1512 1740 corpus
1567 1683 1818 1725 nostrum
1851 1711 1866 1734 ,
1921 1679 1978 1726 et
2030 1683 2154 1725 con-

572 1769 850 1816 struamus
905 1762 1076 1818 altare
1123 1772 1180 1816 et
1227 1763 1750 1832 superimponamus
1785 1777 1981 1818 omnes
2042 1779 2148 1817 no-

2246 581 2361 630 τον,
2398 564 2652 633 νυμφίος,
2701 563 3058 634 πολεμιστὴς,
3101 564 3293 624 ὅπλον,
3343 564 3525 616 πάντα
3571 567 3631 617 ἑν
3681 570 3796 620 πᾶσι

2247 653 2503 723 Χριστός.
2546 654 2656 707 Καὶ
2679 651 2870 724 ὥσπερ
2902 656 2965 707 τὸ
3000 655 3194 724 νήπιον
3223 655 3325 707 οὐκ
3367 650 3511 706 οἶδεν
3544 655 3796 709 6:19:60:-

2251 743 2548 816 ραπεῦσαι,
2575 743 2608 813 ἦ
2634 743 2964 813 τημελῆσαι,
3000 744 3138 798 ἀλλᾶ
3169 745 3331 815 μόνον
3361 745 3662 799 ἀποϐλέπει
3685 749 3798 814 προς

2249 834 2349 905 τὴν
2401 835 2638 907 μητέρα,
2710 837 2898 889 κλαῖον
2948 837 3080 890 πότε
3133 837 3604 907 σπλαηνισθείσα
3668 837 3801 890 τοῦτο

2250 928 2590 1000 ἁναλάὸηται
2615 946 2629 959 ·
2649 930 2824 990 οὕτως
2853 933 2909 985 αἱ
2934 932 3126 984 πισταὶ
3140 930 3314 1001 ψυχαὶ
3349 933 3499 1002 μόνῳ
3527 931 3612 1001 τῷ
3637 933 3802 1002 Κυρίῳ

2253 1020 2569 1084 ἐλπίζουσιν
2608 1023 2717 1087 ἀεὶ,
2745 1025 2930 1079 πᾶσαν
2959 1023 3308 1092 δικαιοσύνην
3334 1024 3484 1092 αὐτῷ
3525 1024 3805 1092 ἀπονέμον-

2255 1130 2372 1166 seu.
2408 1115 2621 1186 Ὠσπερ
2645 1115 2755 1186 γὰρ
2793 1116 2962 1185 χωρὶς
2988 1115 3083 1184 τῆς
3107 1116 3357 1184 ἀμπέλου
3412 1115 3477 1167 τὸ
3504 1115 3692 1184 κλῆμα
3718 1117 3803 1184 ψῦ-

2252 1223 2428 1275 χεται,
2453 1207 2630 1269 οὕτως
2657 1208 2753 1260 καὶ
2779 1209 2808 1262 6
2835 1209 2964 1262 ἄνευ
2996 1209 3233 1276 Χριστοῦ
3260 1207 3610 1262 δικαιοῦσθαι
3641 1207 3804 1262 θέλω.

2264 1301 2353 1363 Ὠς
2387 1304 2415 1354 6
2447 1301 2650 1373 λῃστὴς
2696 1302 2793 1354 καὶ
2817 1303 2845 1354 6
2898 1301 3139 1370 κλέπτης
3162 1303 3351 1362 -ὲστὶν,
3384 1305 3418 1355 ό
3457 1301 3550 1369 μὴ
3593 1301 3689 1353 διὰ
3720 1301 3808 1367 τῆς

2255 1393 2500 1446 εἰσόδου
2525 1395 2974 1462 εἰσερχόμενος,
3015 1393 3176 1446 ἀλλὰ
3210 1393 3564 1463 ἀλλαχόθεν
3597 1394 3812 1448 ἀναϐαι-

2254 1499 2377 1535 νων
2398 1501 2411 1514 ⁸
2443 1481 2617 1546 οὕτως
2652 1487 2680 1537 6
2708 1487 2836 1540 ἄνευ
2864 1482 2962 1535 τοῦ
2999 1482 3336 1546 δικαιοῦντος
3378 1485 3563 1554 ἑαυτῷ
3595 1484 3810 1538 δικαιοῶ

2259 1590 2442 1642 μενος.

2329 1667 2404 1720 E'.
2449 1668 2709 1738 ’Δρωμεν
2736 1664 2831 1724 οὖν
2853 1670 2912 1723 τδ
2945 1671 3108 1741 σῶμα
3136 1671 3315 1737 τοῦτο,
3362 1673 3459 1724 καὶ
3512 1672 3814 1741 ποιήσωμεν

2260 1757 2674 1831 ουσιαστήριον,
2703 1763 2796 1814 καὶ
2827 1763 3105 1832 ἐπιθῶμεν
3138 1766 3324 1819 ὲπάνω
3348 1766 3538 1817 πᾶσαν
3561 1765 3719 1835 ἡμῶν
3734 1765 3814 1833 τὴν

572 1862 718 1908 stras
745 1853 1146 1924 cogitationes,
1186 1869 1250 1908 ac
1295 1855 1658 1924 deprecemur
1695 1855 1989 1909 Dominum
2017 1895 2032 1916 ,
2095 1863 2155 1908 ut

2267 1850 2584 1922 ἐνθύμησιν,
2623 1854 2715 1906 καὶ
2775 1855 3058 1924 δεηθῶμεν
3101 1854 3194 1906 τοῦ
3245 1855 3482 1925 Κυρίου,
3529 1856 3620 1907 ἵνα
3651 1855 3814 1925 πέμῷῃ

573 1942 756 1995 mittat
791 1958 822 1997 e
861 1944 1000 1998 cmlo
1044 1943 1376 1998 invisibilem
1420 1954 1476 1998 et
1532 1959 1788 2015 magnum
1832 1945 2010 2015 ignem
2061 1945 2156 2013 qui

573 2046 864 2090 consumat
909 2036 1123 2100 altare,
1175 2048 1231 2092 et
1305 2038 1487 2092 omnia
1550 2053 1671 2106 qua:
1729 2038 1783 2091 in
1845 2052 1913 2090 eo
1980 2045 2154 2090 sunt:

573 2141 875 2196 omnesque
926 2128 1245 2184 sacerdotes
1302 2130 1425 2184 Baal
1475 2129 1694 2193 cadant,
1745 2144 1867 2197 qua:
1898 2136 2027 2182 sunt
2056 2128 2152 2181 ad-

573 2213 831 2272 versaria:
861 2226 1163 2286 potestates
1193 2229 1456 2288 :tumque
1488 2219 1607 2272 visu
1649 2217 2021 2287 percipiemus
2048 2217 2160 2286 spi-

574 2307 828 2363 ritualem
859 2309 1125 2378 pluviam,
1147 2309 1297 2362 velut
1319 2310 1609 2380 vestigium
1642 2309 1904 2372 hominis,
1930 2308 2159 2362 venien-

577 2407 686 2454 tem
717 2399 773 2454 in
821 2399 1079 2463 animam,
1112 2410 1171 2454 ut
1213 2401 1508 2470 impleatur
1534 2401 1591 2454 in
1626 2399 1788 2455 nobis
1819 2399 2004 2453 divina
2027 2414 2158 2468 pro-

576 2488 786 2553 missio,
831 2491 1297 2560 quemadmodum
1321 2492 1532 2546 dictum
1591 2501 1677 2547 est
1738 2492 1884 2562 apud
1917 2491 2160 2561 prephe-

576 2590 686 2638 tam
719 2599 734 2636 :
771 2581 988 2652 Erigam
1033 2590 1082 2636 et
1134 2584 1463 2654 rewdiﬁcabo
1528 2583 1932 2640 tabernaculum
1968 2583 2158 2650 David,

575 2673 717 2744 quod
742 2672 1036 2744 collapsum
1070 2683 1167 2740 est,
1209 2684 1258 2728 et
1286 2677 1465 2730 diruta
1498 2677 1612 2746 ejus
1643 2674 1975 2743 rerediﬁcabo
1999 2677 2064 2740 ¹¹;
2093 2683 2156 2728 ιιι

577 2767 816 2822 animam
848 2766 903 2820 in
931 2775 1093 2820 nocte
1123 2782 1187 2821 ac
1215 2768 1459 2822 tenebris
1501 2776 1776 2838 agentem,
1811 2769 1864 2820 in
1889 2767 2161 2822 ebrietate

580 2875 776 2931 nempe
827 2859 1170 2930 ignorantiae,
1222 2876 1320 2914 sua
1349 2861 1690 2931 benignitate
1723 2859 1991 2914 Dominus
2025 2859 2154 2913 illu-

578 2959 739 3017 stret,
775 2966 898 3020 qua:
949 2959 1139 3020 postea
1196 2950 1263 3004 ad
1286 2951 1643 3006 sobrietatem
1699 2952 1920 3008 rediens
1953 2953 2162 3023 absque

580 3042 918 3099 olfendiculo
938 3043 1203 3108 ambulet,
1229 3043 1339 3097 diei
1372 3043 1606 3113 vitaque
1650 3059 1818 3114 opera
1867 3060 2160 3116 peragens.

581 3137 696 3191 Illic
719 3137 866 3192 enim
901 3136 1067 3191 alitur
1107 3138 1312 3202 anima,
1365 3138 1460 3192 ubi
1499 3154 1720 3208 quoque
1758 3139 1895 3203 edit,
1943 3140 2060 3194 sive
2095 3139 2163 3194 de

583 3231 687 3286 hoc
723 3231 944 3298 saeculo,
999 3230 1114 3286 sive
1159 3231 1228 3286 de
1277 3231 1486 3302 Spiritu
1515 3232 1705 3286 divino
1743 3249 1756 3285 :
1789 3241 1846 3287 et
1882 3232 1995 3289 illic
2019 3234 2166 3288 Deus

583 3326 847 3391 nutritur,
884 3324 1042 3391 vivit,
1070 3323 1374 3394 requiescit
1405 3331 1461 3379 et
1495 3333 1773 3378 versatur.

652 3518 742 3576 Vl.
773 3516 1048 3574 Caeterum
1075 3515 1335 3585 quisque,
1359 3515 1405 3570 si
1435 3516 1589 3580 velit,
1620 3517 1858 3587 probare
1903 3532 1962 3573 se
1987 3517 2166 3588 ipsum
2195 3548 2200 3554 -

583 3616 786 3679 potest,
844 3605 991 3661 unde
1040 3606 1342 3671 nutriatur,
1395 3606 1489 3661 ubi
1533 3607 1704 3672 vivat,
1740 3616 1796 3663 et
1852 3608 1997 3678 apud
2031 3624 2172 3678 quos

585 3699 768 3769 degat,
808 3707 889 3763 ut,
923 3697 1015 3752 ubi
1052 3697 1156 3751 hoc
1189 3704 1349 3765 pacto
1379 3697 1734 3763 intellexerit,
1767 3708 1823 3754 et
1849 3709 2169 3755 accuratam

584 3787 938 3843 discernendi
967 3787 1281 3842 facultatem
1330 3798 1668 3843 consecutus
1714 3789 1901 3856 fuerit,
1940 3799 2076 3854 toto,
2099 3790 2168 3867 ad

583 3881 642 3935 id
668 3879 814 3951 quod
845 3880 1049 3934 bonum
1079 3887 1182 3944 est,
1211 3879 1417 3950 impetu
1445 3881 1604 3951 plene
1645 3897 1704 3936 se
1749 3883 1929 3952 ipsum
1963 3883 2166 3936 tradat.

589 3975 816 4044 Insuper
880 3973 1026 4028 inter
1103 3974 1438 4043 precandum
1512 3985 1678 4045 atque
1749 3975 2019 4030 orandum
2088 3984 2173 4031 at-

590 4066 752 4121 lende
823 4065 921 4119 tibi
987 4065 1130 4136 ipsi,
1203 4066 1505 4122 observans
1579 4069 1941 4139 cogitationes
2007 4078 2171 4138 atque

588 4157 940 4228 operationes
997 4157 1144 4213 unde
1213 4159 1323 4213 sint
1354 4201 1368 4225 ,
1436 4176 1466 4214 a
1502 4162 1612 4216 Deo
1640 4203 1654 4227 ,
1709 4178 1778 4216 an
1811 4163 1881 4216 ah
1909 4161 2170 4217 adversa-

591 4249 714 4306 rio?
763 4260 820 4304 et
868 4250 993 4320 quis
1025 4249 1266 4319 praebeat
1298 4253 1619 4307 alimentum
1653 4253 1830 4318 cordi,
1884 4254 2169 4317 Dominus,

591 4353 660 4392 an
687 4337 964 4408 principes
983 4340 1175 4392 mundi
1205 4350 1262 4395 et
1289 4341 1474 4394 saeculi
1510 4341 1714 4410 hujus?
1743 4341 1898 4407 Quod
1929 4341 2021 4394 ubi
2047 4356 2174 4410 pro-

595 4428 812 4484 baveris
863 4437 921 4484 et
957 4431 1304 4500 cognoveris,
1356 4446 1389 4486 ο
1437 4432 1656 4499 anima,
1694 4443 1819 4502 pete
1859 4449 1891 4488 a
1941 4434 2174 4489 Domino

2259 1945 2321 2007 ἐξ
2347 1947 2409 1998 οὐ
2421 1945 2582 2016 ρανοῦ
2612 1947 2674 2000 τὸ
2698 1948 2928 2020 ἀόρατον
2960 1949 3055 2000 καὶ
3085 1947 3228 2018 μέγα
3259 1947 3394 2018 πῦρ,
3423 1949 3523 2001 καὶ
3545 1951 3816 2020 xituqu

2259 2038 2319 2089 τὸ
2347 2037 2757 2108 Θυσιαστήριον,
2790 2040 2882 2092 καὶ
2909 2039 3088 2093 πάντα
3111 2039 3182 2092 τὰ
3213 2039 3270 2091 ὲν
3302 2038 3474 2108 αὐτῷ.
3503 2039 3620 2092 Καὶ
3641 2041 3813 2102 πάντες

2258 2130 2309 2181 οἱ
2336 2130 2501 2197 ἱερεῖς
2527 2129 2619 2181 τοῦ
2670 2131 2818 2184 Βαὰλ
2848 2131 3106 2193 πέσωσιν,
3153 2131 3360 2193 αἵτινές
3414 2133 3560 2184 εἰσιν
3603 2133 3817 2185 ἀντικείο

2263 2237 2421 2289 μεναι
2453 2221 2751 2292 ἐνέργειαι·
2783 2223 2879 2276 καὶ
2908 2224 3029 2276 τότε
3059 2222 3304 2292 ὀψόμεθα
3334 2223 3428 2276 τὺν
3461 2225 3815 2293 πνευματικὴ

2261 2310 2435 2374 ὑετὸν,
2468 2311 2544 2374 ὼς
2574 2313 2717 2382 ἴχνος
2745 2313 3034 2384 ἀνθρώπου
3061 2316 3355 2384 ἐρχόμενον
3400 2317 3456 2368 ὲν
3492 2315 3670 2387 ψυχῇ,
3702 2316 3818 2370 ὦσε

2259 2403 2512 2470 γενέσθαι
2543 2405 2602 2456 ἐν
2646 2406 2780 2474 ἡμῖν
2822 2407 2922 2474 τὴν
2950 2404 3044 2458 τοῦ
3091 2405 3226 2458 Θεοῦ
3257 2408 3624 2476 ἐπαγγελίαν,
3667 2408 3820 2472 καθὼς

2261 2497 2474 2566 εἴρηται
2515 2497 2572 2548 ὲν
2593 2496 2670 2566 τῷ
2702 2499 2977 2568 προφήτῃ,
3017 2499 3373 2566 Ἀνορθώσω,
3406 2501 3508 2555 καὶ
3540 2501 3821 2555 ἀνοικοδο-

2255 2587 2435 2656 μήσω
2472 2587 2588 2655 τὴν
2627 2589 2871 2656 σκηνὴν
2899 2589 3077 2643 Δαϐὶδ
3121 2591 3236 2658 τὴν
3292 2592 3704 2656 πεπτωκυῖαν,
3744 2595 3820 2645 καὶ

2262 2682 2333 2733 τὰ
2364 2681 2824 2750 κατεσκαμμένα
2871 2681 3062 2749 αὐτῆς
3091 2683 3557 2752 ἀνοικοδομήσω
3581 2701 3596 2714 ·
3639 2685 3723 2739 ῖνα
3746 2687 3823 2751 τὴν

2263 2773 2319 2823 ὲν
2357 2772 2514 2825 νυκτὶ
2567 2773 2662 2825 καὶ
2713 2773 2895 2824 σκότει
2939 2773 3307 2843 διαιτωμένην
3360 2775 3546 2844 ψυχὴν
3603 2777 3663 2828 ὲν
3709 2775 3822 2844 μέθη

2264 2862 2508 2930 ἀγνοίας,
2541 2866 2606 2934 τῇ
2644 2864 2750 2934 ἰδίᾳ
2780 2867 3108 2934 χρηστότητι
3133 2866 3160 2918 ὀ
3185 2866 3386 2935 Κύριος
3409 2867 3723 2938 ἐπιλάμψῃ,
3751 2868 3824 2919 καὶ

2263 2952 2449 3006 λοιπὶν
2479 2955 2803 3024 ἀνανήψασα
2840 2957 3025 3026 ἐκείνη
3051 2958 3420 3025 ἁπροσκόπως
3459 2958 3630 3028 ὁδεῦῃ
3663 2957 3726 3010 τὰ
3745 2957 3824 3024 τῆς

2265 3046 2481 3116 ἡμέρας
2519 3045 2610 3098 καὶ
2673 3045 2818 3116 ζωῆς
2869 3048 3007 3118 ἔργα
3049 3047 3371 3101 ἐπιτελοῦσα
3400 3063 3415 3078 ·
3463 3050 3686 3102 ἑκεῖῢεν
3738 3049 3824 3117 γὰρ

2265 3139 2524 3205 τρέφεται
2549 3137 2716 3208 ψυχὴ,
2749 3139 2878 3191 ἔνθα
2923 3140 3017 3192 καὶ
3044 3141 3234 3203 ἐσθίει,
3260 3141 3380 3210 ἤτοι
3407 3143 3470 3193 ὲκ
3507 3141 3611 3193 τοῦ
3654 3142 3823 3203 αἰῶνος

2267 3229 2480 3292 τούτου,
2509 3230 2629 3299 ἦτοι
2663 3233 2727 3284 ὲκ
2750 3230 2844 3284 τοῦ
2883 3233 3199 3300 Πνεῦματος
3229 3231 3322 3283 τοῦ
3349 3231 3494 3284 Θεοῦ
3514 3247 3529 3260 ·
3559 3234 3700 3286 καὶὸ
3717 3232 3824 3292 Θεὸς

2269 3322 2388 3374 ἐκεῖ
2419 3323 2701 3395 τρέερεται,
2740 3325 2834 3377 καὶ
2876 3323 2968 3395 ζῇ,
3027 3324 3124 3378 καὶ
3165 3325 3540 3390 ἀναπαύεται,
3598 3327 3691 3379 καὶ
3717 3329 3825 3380 ἀνα-

2272 3414 2587 3484 στρέφεται.

2342 3506 2432 3573 CT'.
2483 3509 2556 3561 T6
2607 3508 2792 3562 λοιπὸν
2848 3509 3105 3574 ἕκαστος,
3152 3511 3200 3562 εί
3231 3508 3509 3580 βούλεται,
3560 3511 3825 3582 δοκιμάσαι

2271 3599 2464 3652 ἑαυτὸν
2501 3599 2746 3665 δύναται,
2772 3601 2936 3655 πόθεν
2961 3604 3244 3674 τρέφεται,
3275 3604 3369 3655 καὶ
3401 3603 3510 3656 ποῦ
3541 3605 3638 3674 ζῇ,
3676 3606 3762 3656 καὶ
3781 3606 3824 3654 ἐν

2271 3685 2351 3754 οἷς
2384 3693 2534 3745 ἐστιν
2559 3709 2576 3725 ο
2622 3693 2692 3746 ἵν’
2722 3692 2896 3757 οὕτως
2935 3696 3156 3765 νοήσας,
3185 3695 3280 3748 καὶ
3317 3693 3415 3764 τὴν
3469 3695 3683 3764 ἀκριϐῆ
3731 3696 3826 3746 διάρ

2272 3799 2454 3854 κρισιν
2487 3785 2850 3855 κτησάμενος,
2875 3788 2943 3853 τῇ
2967 3786 3102 3857 προς
3125 3787 3183 3839 τὸ
3216 3786 3424 3854 ἀγαθὸν
3455 3789 3612 3858 ὁρμῇ
3635 3788 3828 3844 τελείως

2271 3875 2464 3928 ἑαυτὸν
2519 3877 2712 3947 ἐπιδῷ.
2759 3878 2960 3931 Λοιπὸν
3007 3879 3448 3949 προσευχόμενος
3489 3881 3554 3931 ὲν
3612 3883 3674 3948 τῇ

2273 3967 2508 4038 πρόσεχε
2531 3969 2762 4038 σεαυτῷ,
2790 3970 3002 4040 ἐπέχων
3023 3973 3134 4032 τοῖς
3150 3971 3432 4040 λογισμοῖς
3451 3971 3552 4023 καὶ
3570 3973 3686 4032 ταῖς
3702 3971 3826 4038 ἐπρ-

2273 4059 2454 4128 γείαις
2484 4060 2650 4112 πόθεν
2675 4061 2835 4126 εἰσὶν,
2860 4063 2923 4114 ἐκ
2960 4060 3058 4113 τοῦ
3101 4061 3261 4125 Θεοῦ,
3288 4062 3322 4132 ἢ
3346 4062 3412 4112 ὲκ
3435 4060 3536 4112 τοῦ
3573 4060 3825 4123 ἐναντίου,

2275 4158 2373 4209 καὶ
2404 4156 2487 4220 τίς
2507 4159 2810 4230 προσφέρει
2839 4159 3046 4229 τροφὴν
3070 4161 3136 4228 τῇ
3172 4157 3390 4229 καρδίᾳ,
3420 4159 3449 4211 6
3477 4157 3760 4227 Κύριος,ἦ
3790 4158 3824 4209 οἱ

2276 4250 2726 4320 κοσμοκράτορες
2767 4249 2861 4303 τοῦ
2881 4250 3076 4313 αἰῶνος
3109 4248 3322 4304 τούτου.
3356 4251 3468 4303 Καὶ
3514 4249 3825 4318 δοκιμάσαιτε

2276 4343 2372 4394 καὶ
2393 4340 2716 4409 ἐπιγνοῦσα,
2750 4335 2795 4395 ὦ
2817 4343 2984 4412 ψυχὴ,
3007 4340 3159 4394 αίτοῦ
3188 4341 3280 4394 τὸν
3298 4341 3506 4412 Κύριον
3531 4343 3592 4393 ὲν
3610 4343 3746 4410 πόνῳ
3759 4343 3826 4392 21‘:

2277 4435 2426 4506 πόθῳ
2480 4437 2685 4506 τροφὴν
2727 4436 2996 4504 οὐράνιον,
3044 4435 3138 4488 καὶ
3180 4433 3433 4504 αῠξησιν,
3464 4434 3569 4487 καὶ
3602 4435 3826 4505 ἐργασία-ι

596 4537 724 4577 cum
757 4521 946 4577 labore
974 4532 1029 4577 et
1057 4523 1334 4578 desiderio
1365 4524 1549 4579 cibum
1582 4526 1884 4589 emlestem,
1906 4536 1962 4581 et
1988 4527 2162 4582 incre-

2280 4527 2684 4599 Χριστοῦ,κατὰ
2704 4527 2764 4580 τὸ
2793 4527 3102 4597 εἰρημένον
3123 4526 3312 4596 Ἡμῶν
3339 4526 3408 4580 δὲ
3430 4526 3500 4580 τὸ
3531 4529 3827 4594 πολίτευμα

597 4621 842 4669 mentum
873 4626 1038 4685 atque
1069 4617 1443 4686 operationem
1499 4617 1726 4685 Christi,
1763 4621 1917 4691 juxta
1939 4620 1993 4674 id
2026 4621 2170 4691 quod

596 4707 806 4765 dictum
837 4716 954 4764 est:
983 4709 1178 4764 Nostra
1206 4719 1383 4765 autent
1413 4715 1738 4768 conversatio
1770 4716 1821 4768 in
1851 4714 1992 4769 ca’lis
2009 4716 2170 4771 est":

597 4813 706 4852 non
736 4806 918 4852 autem
955 4799 1009 4853 in
1039 4809 1165 4871 typo
1185 4811 1243 4855 et
1273 4802 1468 4872 ﬁgura,
1493 4813 1556 4858 ut
1583 4805 1807 4874 quidam
1835 4808 2174 4862 existimant.

596 4890 735 4946 Ecce
761 4892 910 4946 enim
943 4908 1156 4958 eorum,
1193 4893 1286 4964 qui
1325 4895 1564 4964 speciem
1598 4897 1821 4966 pietatis
1847 4898 2025 4953 solum
2075 4899 2145 4954 ha

595 4982 749 5050 bent,
779 4986 998 5039 animus
1033 4995 1196 5056 atque
1228 4987 1542 5044 intellectus
1569 4989 1770 5044 similis
1799 4998 1884 5046 est
1912 4992 2121 5048 mundo
2155 5009 2171 5046 :

595 5090 728 5130 ecce
788 5077 1086 5132 commotio
1155 5086 1213 5133 et
1263 5079 1550 5136 ﬂuctuatio
1606 5082 1906 5138 voluntatis
1959 5099 2174 5151 eorum,

598 5165 917 5223 inconstans
945 5169 1182 5235 animus,
1217 5170 1484 5224 timiditas
1505 5213 1520 5236 ,
1551 5181 1608 5227 et
1637 5183 1838 5237 metus,
1871 5176 2176 5230 secundum

599 5256 746 5325 quod
779 5257 987 5313 dictum
1013 5267 1099 5314 est
1127 5277 1142 5312 :
1176 5258 1241 5314 In
1271 5263 1517 5332 angustia
1552 5271 1599 5315 et
1639 5270 1864 5316 tremore
1892 5267 1995 5318 eris
2022 5282 2180 5336 super

602 5358 798 5404 terram
830 5349 875 5382 ιδ
907 5369 920 5405 :
954 5350 1276 5410 inﬁdelitate
1299 5353 1699 5410 etconl‘usione
1731 5355 1998 5411 ﬁumrum
2032 5360 2180 5429 cogi-

603 5438 871 5493 tationum
929 5451 1138 5510 quanto
1195 5453 1438 5514 tempore
1513 5445 1826 5515 agitantur,
1881 5455 1941 5501 ut
1980 5447 2175 5517 reliqui

602 5540 795 5585 onmes
859 5531 1145 5600 homines;
1199 5537 1385 5605 specie
1420 5537 1622 5602 solum,
1657 5553 1767 5592 non
1809 5538 1974 5592 etiam
2007 5539 2179 5594 animi

607 5622 884 5678 sententia
909 5623 1183 5682 dissident
1231 5627 1288 5682 hi
1325 5645 1358 5684 a
1396 5629 1634 5695 mundo;
1669 5641 1725 5684 et
1761 5645 2025 5699 corporea
2052 5647 2184 5701 pro-

676 5798 708 5833 ⁸³
740 5800 901 5860 Joau.
944 5819 997 5872 Σ,
1057 5804 1104 5860 1.
1183 5803 1223 5838 "
1246 5806 1414 5864 Amos
1446 5823 1522 5874 Ix,
1548 5809 1634 5864 11.

2274 4620 2344 4674 ἐν
2370 4619 2646 4689 οίφανοῖς
2661 4619 2935 4689 ὑπᾶρχεν
2961 4620 3051 4672 καὶ
3074 4619 3175 4673 οὐκ
3200 4621 3257 4672 ὲν
3284 4619 3530 4689 σχήματι
3563 4621 3656 4673 καὶ
3686 4619 3823 4684 τύπῳ.

2278 4712 2353 4776 ὦς
2375 4730 2519 4774 τινες
2549 4713 2884 4782 νομίζουσιν.
2932 4711 3064 4764 ’ἰδοὺ
3098 4713 3226 4780 γὰρ,
3260 4710 3369 4764 τῶν
3397 4710 3682 4781 μόρφωσιν
3703 4710 3825 4762 εὗσε-

2281 4806 2431 4870 6είας
2463 4807 2620 4877 μόνον
2651 4806 2884 4877 ἐχόντων
2925 4808 2953 4859 6
2979 4803 3104 4867 νοῦς
3163 4803 3256 4857 καὶ
3301 4806 3335 4874 ἡ
3367 4804 3588 4858 διάνοια
3617 4806 3748 4856 ἔοικε
3769 4799 3826 4867 τῷ

2283 4899 2493 4971 κόσμῳ.
2526 4900 2656 4952 Ἰδοὺ
2686 4902 2714 4952 ὁ
2743 4897 2966 4968 σεισμός
3000 4899 3096 4950 καὶ
3119 4900 3146 4950 6
3169 4897 3332 4960 σάλος
3359 4896 3462 4965 τῆς
3487 4898 3822 4968 προαιρέσεως

2275 4990 2485 5055 αὐτῶν,
2505 4991 2540 5060 ἡ
2574 4992 2806 5053 ἄστατος
2829 4988 3047 5060 γνώμη,
3066 4989 3103 5059 ή
3129 4987 3302 5041 δειλία
3334 4988 3434 5040 καὶ
3450 4988 3479 5040 6
3503 4987 3684 5054 φάεος,
3716 4984 3824 5037 κατᾶ

2283 5083 2345 5136 τὸ
2372 5085 2683 5154 εἰρημένον,
2703 5083 2936 5137 Στένων
2951 5082 3050 5136 καὶ
3074 5082 3300 5150 τρέμων
3323 5080 3441 5149 ἐστι
3465 5081 3570 5134 ἐπὶ
3593 5079 3699 5147 τῆς
3719 5075 3825 5148 τῆς.

2285 5175 2426 5228 κατὰ
2455 5175 2550 5246 τὴν
2582 5174 2845 5228 ἀπιστίαν
2895 5175 2992 5228 καὶ
3044 5174 3306 5244 σύγχυσιν
3340 5173 3452 5226 τῶν
3485 5174 3729 5227 ἁστὰτων
3757 5170 3824 5220 λο-

2287 5265 2524 5334 γισμῶν,
2549 5266 2679 5325 ὅσας
2706 5265 2856 5334 ὥρας
2872 5265 3246 5335 σαλευόμενοι,
3273 5264 3350 5327 ὡς
3374 5265 3425 5316 οἱ
3456 5265 3634 5316 λοιποὶ
3663 5261 3824 5317 πάντες

2288 5357 2564 5429 ἄνθρωποι
2589 5375 2602 5388 ·
2647 5359 2886 5428 σχήματι
2909 5358 2964 5411 δὲ
2994 5359 3142 5429 μόνῳ
3185 5359 3246 5409 οὺ
3283 5358 3378 5409 καὶ
3417 5357 3652 5425 νοήματι
3677 5349 3824 5416 διαῖέ·

2287 5464 2472 5518 ρουσιν
2509 5449 2557 5500 οἱ
2587 5450 2820 5502 τοιοῦτοι
2848 5449 2943 5502 τοῦ
2985 5449 3216 5518 κόσμου,
3245 5452 3339 5502 καὶ
3369 5449 3699 5518 σωματικοῖς
3727 5457 3824 5494 κατ·

2292 5539 2577 5610 οροώμασι
2603 5541 2698 5593 τοῦ
2753 5542 2859 5606 ἔξω
2902 5542 3218 5610 ἀνθρώπου,
3264 5545 3331 5610 τῇ
3355 5542 3414 5594 δὲ
3447 5540 3643 5610 καρδίᾳ
3663 5536 3746 5591 αὶ
3766 5533 3826 5601 τῷ

2293 5634 2484 5702 κόσμῳ
2507 5632 2781 5703 σύρονται,
2813 5634 2908 5688 καὶ
2949 5634 3169 5706 δεσμοῖς
3203 5635 3435 5706 γηῖνοις,
3466 5635 3559 5688 καὶ
3585 5624 3825 5704 μεριμιῖτι

1712 5806 2024 5880 ”_Pltilipp.
2062 5825 2148 5877 In,
2191 5811 2282 5866 “.20.
2361 5810 2399 5841 “
2428 5811 2564 5866 Gen.
2599 5829 2674 5878 tv,
2710 5813 2793 5868 l2.
