3966 6510
139 367 231 433 733
1286 358 1655 420 HOMILLE-
1690 385 1760 397 —
1784 359 1970 421 HOM.
2005 358 2257 423 XXXII.

3273 353 3378 419 734

143 479 418 549 ἀνωφελῶν
481 477 899 550 ἐμπεριέχονται
954 478 1052 548 τὴν
1085 477 1143 543 ἐξ
1199 476 1433 548 οὐρανοῦ
1473 476 1700 548 εἰρήνην

1805 475 2065 545 speritate
2114 472 2408 528 exterioris
2452 471 2724 538 hominis;
2758 469 2926 526 corde
2955 484 3088 526 vero
3116 479 3173 526 et
3199 471 3383 527 animo

139 584 189 634 ἐν
204 574 392 646 καρδίᾳ
413 573 488 644 μὴ
508 571 861 642 κτησάμενοι,
890 569 1072 634 καθώς
1098 587 1260 639 φησιν
1290 570 1318 622 ὁ
1352 568 1694 634 ’Λπόστολο;,

148 673 220 724 ὅτι
245 667 310 720 'H
332 664 542 733 εἰρήνη
566 663 674 716 τοῦ
733 661 882 716 Θεοῦ
896 663 1238 730 βραϐευέτω
1266 661 1336 715 ἐν
1398 660 1529 726 ταῖς
1559 676 1690 728 καρο

139 761 273 824 dial;
301 755 488 826 ὑμῶν,
513 756 634 820 ἥτις
659 753 773 806 ἐστὶ
806 752 1164 823 βασιλεύουσα
1196 752 1292 806 καὶ
1319 749 1700 816 ἀνακαινίζου-

142 872 202 909 σα
224 851 319 914 τὰς
357 848 467 902 τῶν
509 846 721 900 πιστῶν
763 845 1022 909 διανοίας,
1072 847 1129 898 ὲν
1177 844 1367 918 ἀγάπῃ
1396 843 1556 909 Θεοῦ,
1606 845 1701 897 καὶ

139 946 306 1012 πάσης
362 941 460 1011 τῆς
536 939 912 1006 ἀδελφότητος,
983 939 1120 1005 Δόξα
1171 939 1267 991 καὶ
1329 937 1702 1009 προσκύνησις

136 1033 318 1106 Πατρὶ,
352 1033 445 1086 καὶ¹
489 1032 623 1104 Titi),
658 1033 752 1087 ml
786 1033 927 1102 ἁγίῳ
971 1032 1270 1102 Πνεῦματι,
1304 1031 1385 1094 εἰς
1409 1030 1536 1094 τοὺς
1567 1029 1701 1084 αἰῶ-

137 1144 239 1191 νας.
280 1125 476 1196 Ἀμήν.

713 1326 956 1381 ΟΜΙΛΙΑ
990 1326 1114 1382 AB'.

147 1420 213 1474 'H
238 1418 382 1483 δόξα
421 1419 541 1474 τῶν
577 1416 952 1487 Χριστιανῶν
997 1417 1117 1472 ἀπὸ
1157 1417 1265 1472 τοῦ
1313 1418 1431 1471 νῦν
1467 1417 1538 1471 ἐν
1570 1417 1703 1482 ταῖς

198 1491 392 1544 αὐτῶν
413 1491 640 1558 ψυχαῖς
668 1488 928 1557 ἐμμένει,
956 1488 1279 1557 μέλλουσα
1315 1488 1384 1541 ἐν
1409 1487 1489 1558 τῷ
1521 1487 1702 1558 καιρῷ

204 1559 311 1628 τῆς
365 1555 758 1624 ἀναστάσεῶξ·
815 1555 1256 1628 φανερωθῆναι,
1309 1555 1700 1628 καὶγδοξάσαι

196 1627 266 1687 τὰ
295 1631 539 1700 σώματα
579 1631 706 1683 κατ’
767 1629 1100 1698 ἀναλογίαν
1155 1627 1265 1698 τῆς
1290 1627 1490 1682 αὐτῶν
1517 1631 1698 1684 εὐσε-

199 1705 372 1768 ϐείας.

1803 567 1856 621 in
1889 566 2098 620 mundo
2129 565 2536 626 distralmntur,
2564 573 2622 616 et
2653 561 2868 630 laqueis
2890 560 3150 624 terrenis,
3183 569 3239 616 et
3263 561 3387 616 inu-

1802 658 1980 712 tilium
2019 668 2279 712 eurarum
2335 642 2712 725 implicantur,
2760 669 2950 723 pacem
2995 654 3280 709 caelestem
3331 655 3388 709 in

1800 751 1970 806 corde
2015 765 2128 806 non
2156 748 2441 804 consecuti
2469 789 2483 813 ,
2515 747 2979 817 quemadmodum
3021 746 3202 816 inquit
3240 747 3388 815 Apo-

1801 843 1976 898 stolus
2005 857 2018 896 ;
2056 840 2175 894 Pax
2209 840 2301 894 Dei
2337 839 2570 911 palmam
2597 840 2737 909 [erat
2769 841 2826 893 in
2853 838 3094 893 cordibus
3121 839 3386 904 vestris”,

1803 947 1924 1002 quae
1977 934 2201 1000 regnat,’
2230 945 2296 984 ac
2326 938 2560 983 renovat
2611 928 2857 982 ﬁdelium
2892 928 3106 982 animos
3149 928 3204 981 in
3243 927 3387 981 dile-

1802 1023 1987 1077 ctione
2013 1020 2112 1074 Dei
2165 1025 2220 1073 et
2250 1018 2400 1072 omni
2425 1017 2791 1072 fraternitate.
2825 1017 3012 1073 Gloria
3040 1027 3096 1072 et
3138 1016 3387 1071 adoratio

1806 1118 1978 1182 Patri,
2017 1115 2176 1186 120
2204 1123 2260 1170 et
2291 1114 2452 1182 Filio,
2492 1123 2549 1170 et
2600 1115 2829 1184 Spiritui
2859 1123 3047 1170 sancto
3081 1113 3139 1168 in
3165 1112 3384 1168 saecula.

1803 1211 1999 1268 Amen.

2317 1325 2604 1382 HOMILIA
2647 1324 2868 1379 XXXII.

1804 1418 1986 1476 Gloria
2019 1417 2438 1473 Christianorum
2475 1435 2614 1472 nunc
2641 1419 2694 1470 in
2742 1417 2960 1470 illorum
3000 1416 3189 1469 animis
3219 1418 3384 1477 latet,

1873 1507 1990 1560 qua:
2023 1499 2254 1560 tempore
2289 1490 2686 1542 resurrectionis
2729 1495 2980 1560 emerget,
3008 1497 3056 1540 et
3098 1485 3385 1540 illustrabit

1872 1559 2094 1632 Corpora
2121 1559 2216 1632 pro
2247 1561 2399 1614 modo
2423 1576 2602 1613 eorum
2631 1559 2862 1630 pietatis.

196 1813 269 1867 A'.
322 1811 385 1864 Ai
421 1809 516 1862 τοῦ
543 1808 746 1878 κόσμου
767 1806 958 1860 τούτου
987 1807 1232 1876 γλῶσσαι
1257 1809 1505 1880 διάφοροί
1537 1810 1643 1864 εἱσι
1678 1825 1692 1838 ·

1870 1803 1912 1859 1.
1949 1804 2174 1875 Linguae
2208 1804 2374 1875 hujus
2401 1803 2592 1858 mundi
2615 1803 2779 1859 variae
2800 1812 2950 1858 sunt.
2971 1802 3215 1869 Quilibet
3237 1804 3385 1858 enim

134 1905 319 1966 παντὸς
346 1903 456 1972 γὰρ
482 1901 684 1968 ςέθνους
741 1899 846 1954 ἰδία
901 1900 1124 1968 γλῶσσά
1175 1903 1324 1956 ἐστιν
1348 1919 1362 1934 ·
1395 1904 1444 1955 οἱ
1477 1903 1534 1956 δὲ
1564 1903 1700 1973 Χρι-

136 1996 326 2051 στιανοὶ
384 1996 516 2066 μίαν
590 1996 686 2049 καὶ
736 1995 831 2049 νῦν
882 1993 1134 2063 γλῶσσαν
1202 1993 1558 2065 μανθάνουσι,
1603 1992 1698 2045 καὶ

134 2093 232 2146 ὅλοι
253 2089 353 2144 ὑπὸ
386 2089 515 2160 μίαν
551 2090 745 2158 σοφίαν
789 2089 1134 2144 παιδεύονται
1171 2089 1266 2143 τοῦ
1312 2089 1470 2154 Θεοῦ,
1506 2089 1701 2157 σοφίαν

134 2183 188 2236 οὐ
207 2180 296 2235 τοῦ
320 2180 529 2250 κόσμου
563 2180 779 2242 τούτου,
821 2179 947 2234 οὔτε
987 2181 1083 2234 τοῦ
1125 2182 1321 2244 αἰῶνος
1359 2181 1451 2235 τοῦ
1485 2199 1698 2253 παρερ-

135 2273 374 2345 χομένου.
407 2271 518 2325 Kal
545 2272 620 2334 ὡς
664 2271 1062 2344 περιπατοῦσιν
1117 2275 1196 2336 εἰς
1227 2274 1323 2343 τὴν
1353 2273 1532 2326 κτίσιν
1565 2273 1700 2326 ταύ-

133 2382 223 2434 την
254 2365 300 2417 οἱ
343 2365 686 2434 Χριστιανοὶ,
753 2366 833 2427 εἰς
879 2365 1204 2435 καινοτέρας
1239 2365 1367 2427 Θέας
1412 2366 1700 2436 οὐρανίους

134 2455 478 2528 ἐμπίπτουσι,
521 2455 615 2509 καὶ
637 2456 717 2519 είς
746 2455 926 2521 δόξας,
959 2456 1054 2509 καὶ
1104 2458 1402 2528 μυστήρια,
1435 2457 1544 2510 ἀπὸ
1586 2448 1700 2510 ¹τῶν

135 2547 468 2619 φαινομένων
488 2547 858 2617 λαμϐάνοντες
889 2548 988 2612 τὰς
1045 2550 1321 2620 ἀφορμάς.
1361 2550 1518 2603 Ἐστι
1544 2549 1700 2613 ζώων

133 2643 341 2712 ἡμέρων
377 2640 538 2711 γένη,
567 2633 680 2694 οἷον
737 2641 903 2704 ἵππος
943 2642 1036 2695 καὶ
1069 2641 1193 2711 βοῦς
1214 2659 1226 2671 ·
1257 2641 1488 2694 ἕκαστον
1521 2642 1701 2695 αὐτῶν

138 2735 257 2789 ἴδιον
285 2728 449 2802 σῶμα
493 2732 609 2803 ἔχει
683 2735 778 2787 καὶ
821 2734 955 2786 ἰδίαν
1002 2735 1205 2804 φωνήν.
1242 2734 1314 2786 Τὸ
1344 2733 1478 2786 αὐτὸ
1525 2735 1618 2786 καὶ
1643 2735 1702 2787 ὲν

133 2827 234 2887 τοῖς
257 2823 470 2894 Θηρίοις
499 2837 514 2853 ⁸
538 2823 566 2874 ὁ
593 2821 730 2876 λέων
751 2822 884 2876 ἴδιον
929 2823 1091 2892 σῶμα
1128 2821 1241 2892 ἔχει
1295 2823 1388 2874 καὶ
1421 2821 1555 2875 ἰδίαν
1592 2839 1703 2890 φω-

134 2917 244 2986 νὴν,
288 2915 315 2967 ὁ
354 2914 556 2982 ἔλαφος
599 2913 801 2984 ὁμοίως
827 2930 839 2943 ·
874 2913 968 2968 καὶ
1000 2916 1057 2968 ὲν
1102 2917 1213 2977 τοῖς
1240 2914 1489 2984 ἑρπετοῖς
1514 2913 1701 2983 διαφο-

135 3008 198 3080 ρὰ
251 3007 446 3077 πολλὴ,
508 3007 604 3060 καὶ
653 3008 710 3059 ὲν
763 3008 875 3070 τοῖς
931 3007 1198 3070 πετεινοῖς
1227 3006 1397 3059 πολλὰ
1425 3005 1652 3073 σώματα
1683 3021 1697 3036 ⁶

134 3097 250 3151 ἄλλο
283 3097 447 3166 σῶμα
513 3095 610 3149 καὶ
670 3095 822 3167 φωνὴ
867 3093 1050 3160 ἀετοῦ,
1083 3095 1176 3148 καὶ
1220 3093 1348 3148 ἄλλο
1392 3095 1553 3164 σῶμα
1607 3094 1701 3146 καὶ

1803 1897 2041 1966 pepulus
2090 1896 2367 1966 propriam
2413 1896 2656 1966 linguam
2694 1897 2879 1951 habet.
2921 1896 3220 1951 Christiani
3251 1912 3386 1951 vero

1801 1996 2020 2041 etuunc
2047 2001 2209 2041 unam
2245 1985 2501 2041 ediscunt
2534 1987 2797 2056 linguam,
2824 1994 2878 2040 et
2908 2002 3099 2041 omnes
3138 1987 3242 2042 sub
3280 2002 3390 2043 una

1802 2078 2071 2148 sapientia
2107 2078 2476 2142 erudiuntur,
2513 2078 2784 2147 sapientia
2839 2079 3096 2132 nimirum
3161 2078 3343 2132 divina
3370 2120 3384 2141 ,

1800 2186 1910 2223 non
1943 2170 2108 2240 hujus
2165 2169 2378 2235 mundi,
2421 2184 2602 2238 neque
2647 2168 2831 2222 saaculi
2863 2169 3269 2238 praetereuntis.
3316 2167 3385 2222 Et

1799 2259 1929 2314 licet
1964 2259 2018 2314 in
2051 2260 2140 2314 his
2168 2259 2368 2315 creatis
2420 2259 2587 2313 rebus
2628 2259 2914 2312 ambulent
2955 2257 3279 2322 Christiani,
3327 2258 3384 2312 in

1800 2367 1972 2406 novas
2007 2359 2187 2406 tamen
2247 2351 2547 2406 divisiones
2590 2351 2844 2406 cmlestes
2873 2349 3145 2413 incidunt,
3180 2349 3235 2403 in
3267 2349 3386 2420 glo-

1803 2443 1960 2505 riam,
1994 2451 2049 2496 et
2097 2443 2151 2496 iu
2185 2444 2464 2514 mysteria,
2520 2458 2551 2496 a
2586 2442 2901 2512 conspicuis
2954 2443 3119 2497 rebus
3165 2453 3384 2513 sumpta

1801 2533 2114 2588 Occasione.
2146 2534 2481 2589 Auimalium
2526 2542 2946 2588 mansuetorum
2993 2550 3195 2605 genera
3233 2545 3384 2599 sunt,

1801 2641 1982 2696 equus
2009 2635 2066 2680 et
2092 2627 2193 2681 bos
2234 2644 2247 2680 :
2291 2625 2723 2696 unumquodque
2755 2626 2948 2679 horum
2973 2627 3258 2696 proprium
3289 2627 3389 2681 ha-

1805 2720 1897 2776 bet
1952 2736 2154 2790 corpus
2200 2729 2256 2775 et
2305 2720 2584 2790 propriam
2619 2733 2832 2773 vocem.
2869 2719 3016 2772 idem
3068 2719 3121 2773 in
3163 2720 3383 2786 bestiis;

1801 2809 1888 2862 leo
1919 2809 2204 2878 proprium
2250 2808 2417 2862 habet
2455 2824 2676 2877 corpus,
2722 2823 2912 2862 vocem
2953 2809 3269 2878 propriam:
3299 2810 3389 2864 iti-

1803 2901 1927 2955 dem
1956 2910 2011 2956 et
2032 2917 2246 2956 cervus.
2266 2901 2327 2955 lu
2357 2901 2647 2970 reptilibus
2681 2917 2902 2971 quoque
2933 2901 3249 2957 diﬂerentia
3276 2919 3387 2958 non

1763 2985 1768 2989 ’
1803 2993 2020 3063 exigua,
2055 3003 2220 3061 atque
2272 2993 2326 3045 in
2369 2993 2692 3047 volucribus
2725 2995 3054 3064 multiplicia
3091 3004 3219 3050 sunt
3267 3013 3388 3051 cor-

1804 3100 1940 3153 pora
1975 3101 1988 3136 :
2022 3084 2170 3138 aliud
2211 3100 2412 3154 corpus
2437 3093 2494 3139 et
2527 3101 2632 3139 vox
2665 3086 2883 3155 aquilae,
2920 3095 2976 3140 et
3002 3087 3151 3156 aliud
3186 3104 3388 3158 corpus

134 3188 277 3260 φωνὴ
307 3187 634 3258 ὀξυπτέρου.
671 3188 750 3241 Τὰ
776 3188 916 3242 αὐτὰ
948 3189 1040 3240 καὶ
1076 3189 1134 3241 ἐν
1174 3190 1239 3258 τῇ
1271 3187 1518 3259 Θαλάσσῃ
1540 3187 1656 3240 ἐστί
1684 3202 1699 3217 ·

1805 3185 1858 3232 et
1896 3193 2002 3231 vox
2031 3178 2306 3248 oxypteri.
2337 3178 2541 3232 Eadem
2568 3195 2786 3249 quoque
2819 3189 2946 3233 sunt
2968 3180 3024 3234 in
3062 3182 3238 3248 mari;
3267 3197 3390 3237 cor-

133 3280 353 3349 σώματα
387 3279 562 3332 πολλὰ
593 3281 669 3351 μὴ
712 3280 927 3333 ἐοικότα
985 3281 1260 3352 ἀλλήλοις,
1292 3282 1386 3334 καὶ
1419 3283 1477 3334 ὲν
1522 3285 1586 3353 τῇ
1628 3286 1698 3353 γῇ

134 3371 418 3444 σπέρματά
463 3372 570 3425 εἱσι
631 3371 824 3438 πολλὰ,
875 3372 989 3426 ἀλλ’
1022 3373 1251 3427 ἕκαστον
1308 3374 1533 3445 σπέρμα
1569 3375 1701 3428 ἴδιον

135 3465 239 3535 ἔχει
286 3465 524 3537 καρπόν.
605 3466 713 3518 Καὶ
757 3465 950 3537 δένδρα
1000 3465 1169 3520 πολλὰ
1208 3469 1344 3520 εἰσιν
1373 3484 1386 3499 ⁸
1437 3467 1555 3520 ἀλλ’
1593 3468 1702 3520 εἰσὶ

131 3559 313 3630 δένδρα
366 3558 616 3628 μείζονα,
651 3559 748 3612 καὶ⁷
795 3559 928 3626 είσὶέ
953 3559 1142 3630 δένδρα
1203 3561 1522 3632 μικρότερα.
1593 3561 1702 3615 Καὶ

131 3651 283 3704 αὐταὶ
313 3653 369 3705 αἱ
403 3651 624 3722 ὀπῶραι
648 3652 914 3723 διαφορὰν
968 3653 1155 3723 ἔχουσι
1197 3653 1400 3722 πολλὴν
1422 3668 1434 3682 ⁶
1471 3653 1700 3708 ’ἑκαστον

129 3742 230 3814 γὰρ
264 3743 446 3797 αὐτῶν
473 3745 610 3797 ἰδίαν
657 3745 868 3813 γεῦσιν.
907 3745 1020 3799 Καὶ
1068 3745 1205 3799 εἰσὶν
1243 3744 1486 3815 βοτάναι,
1518 3746 1611 3799 καὶ
1643 3747 1701 3800 έν

134 3834 317 3897 αὑταῖς
361 3834 622 3904 διαφοραὶ
673 3834 888 3896 πολλαὶ,
924 3836 980 3888 αἱ
1022 3835 1123 3904 μὲν
1143 3837 1222 3900 εἰς
1268 3835 1456 3905 ὑγείαν
1489 3854 1704 3908 προχω-

133 3924 335 3996 ροῦσαι,
368 3926 430 3979 αἱ
488 3925 546 3978 δὲ
594 3927 674 3990 εἰς
710 3915 941 3980 ειῗωδίαν
971 3927 1151 3998 μόνον.
1191 3927 1463 3982 Ἕκαστον
1505 3929 1561 3982 δὲ
1591 3928 1700 3982 τῶν

131 4017 354 4089 δένδρων
417 4017 632 4072 ἔνδοθεν
683 4019 901 4092 ἐκφέρει
955 4019 1024 4072 τὰ
1080 4019 1352 4089 ἐνδύματα
1403 4020 1704 4090 φαινόμενα

132 4110 320 4179 φύλλα,
382 4112 482 4164 καὶ
524 4109 683 4179 ἄνθη,
721 4111 815 4165 καὶ
870 4111 1136 4183 καρπούς.
1201 4112 1434 4182 Ὁμοίως
1485 4113 1581 4167 καὶ
1633 4112 1704 4166 τὰ

132 4199 420 4270 σπέρματα
458 4199 669 4253 ἔνδοθεν
716 4198 990 4270 ἐνδύματα
1019 4202 1176 4274 φέρει
1229 4203 1568 4274 φαινόμενα’
1606 4204 1704 4256 καὶ

132 4289 264 4343 αὐτὰ
306 4291 377 4345 τὰ
405 4290 573 4362 κρίνα
615 4291 824 4346 ἔνδοθεν
857 4293 1080 4366 ἐκφέρει
1101 4293 1398 4366 ἐνδύματα,
1443 4296 1539 4350 καὶ
1568 4295 1703 4350 καλ-

128 4381 349 4448 λωπίξει
375 4384 479 4456 τὴν
501 4383 687 4456 χλόην.

195 4563 272 4618 Β’.
309 4563 474 4618 Οὕτω
507 4563 603 4618 καὶ
631 4564 739 4617 τῶν
767 4565 1110 4636 Χριστιανῶν
1140 4567 1254 4620 ὅσοι
1285 4566 1703 4638 κατηξιώθησαν

133 4655 466 4711 ἀπεντεῦϐεν
504 4657 814 4727 κτήσασθαι
851 4658 912 4711 τὸ
955 4660 1278 4730 ἐπουράνιον
1310 4661 1534 4732 ἔνδυμα,
1570 4661 1704 4715 αὐτὸ

128 4749 295 4803 ἐκεῖνο
322 4749 515 4820 ἔχουσι
545 4752 660 4814 ταῖς
683 4751 884 4821 ψυχαῖς
907 4752 1086 4805 αὐτῶν
1117 4755 1376 4824 ὲμμένον.
1409 4755 1519 4808 Καὶ
1549 4755 1702 4807 ἐπει-

127 4839 186 4910 δὴ
218 4842 325 4895 ἀπὸ
351 4841 492 4895 Θεοῦ
524 4843 862 4913 προώρισται
890 4843 1210 4917 διαλυθῆναι
1241 4849 1342 4917 τὴν
1362 4847 1545 4900 κτίσιν
1571 4846 1702 4901 ταύ-

120 4947 241 5000 την,
300 4932 402 4986 καὶ
455 4932 751 5004 παρελθεῖν
775 4934 866 4988 τδν
903 4936 1130 5008 οὐρανὸν
1166 4939 1261 4992 καὶ
1304 4939 1404 5009 τὴν
1455 4939 1581 5009 γῆν,
1641 4940 1703 4992 τὸ

128 5021 371 5084 ἐνδῦσαν,
414 5025 514 5077 καὶ
547 5023 778 5090 δοξάσαν
799 5025 908 5078 ἀπὸ
945 5025 1038 5079 τοῦ
1089 5027 1183 5080 νῦν
1213 5028 1416 5098 ἔνδυμα
1450 5029 1700 5098 οὐράνιον

126 5118 219 5188 τὴν
243 5117 451 5189 ψυχὴν,
500 5117 637 5186 ὅπερ
693 5117 1003 5188 ἐκτήσαντο·
1051 5121 1110 5171 ὲν
1143 5123 1208 5190 τῇ
1268 5119 1490 5192 καρδίᾳ,
1527 5122 1701 5173 ἐκεῖνο

129 5209 215 5261 καὶ
270 5211 340 5261 τὰ
394 5206 586 5277 γυμνὰ
636 5207 887 5278 σώματα,
917 5208 1062 5280 ἆπερ
1107 5209 1426 5264 ἀνίστανται
1485 5212 1550 5263 ἐκ
1591 5209 1700 5263 τῶν

127 5296 330 5366 τάφων,
371 5299 433 5350 ὲν
467 5295 656 5367 ἐκείνῃ
690 5298 757 5366 τῇ
789 5297 971 5368 ἡμέρᾳ
995 5300 1064 5350 τὰ
1093 5298 1418 5368 ἐγειρόμενα
1445 5299 1696 5368 σώματα·

130 5387 261 5440 ἀλλὰ
291 5388 458 5458 δῆλον
511 5389 594 5442 ὅτι
643 5387 930 5460 περιϐαλεῖ
964 5387 1136 5442 ταῦτα
1167 5387 1354 5454 δόξανο
1391 5389 1420 5442 ὃ
1466 5389 1576 5443 ἀπὸ
1608 5388 1702 5442 τοῦ

130 5477 218 5532 νῦν
257 5478 639 5550 λαμϐάνουσιν
683 5480 731 5532 οἱ
770 5480 1094 5550 Χριστιανοὶ
1145 5480 1285 5550 δόμα
1345 5480 1438 5533 καὶ
1497 5480 1705 5552 ἔνδυμα

129 5568 376 5639 ἀόρατον,
425 5570 525 5623 καλ⁵
563 5571 831 5642 οὐράνιον.
876 5572 1088 5643 ’Ὠσπερ
1125 5572 1182 5624 δὲ
1234 5572 1303 5624 τὰ
1350 5572 1620 5643 πρόϐατα,
1669 5573 1702 5644 ἢ

133 5661 183 5713 αἱ
209 5661 463 5733 ,κάμηλοι
522 5663 712 5732 χόρτον
771 5663 1115 5734 εὑρίσκοντα,
1151 5662 1367 5733 λάϐρως
1410 5667 1501 5719 καὶ
1538 5663 1704 5728 ὀξέως

199 5816 237 5850 ³⁵
268 5817 486 5878 Coloss.
531 5836 610 5890 tu,
643 5818 729 5875 15.

1729 4511 1782 4570 D

1802 3284 1934 3339 pora
1962 3273 2135 3323 multa
2166 3271 2314 3324 inter
2360 3286 2419 3325 se
2449 3271 2738 3325 dissimilia
2774 3289 2786 3324 :
2818 3282 2874 3326 et
2907 3272 2964 3326 in
3001 3281 3144 3327 terra
3173 3276 3386 3331 semina

1802 3371 1932 3416 sunt
1967 3363 2161 3428 multa,
2197 3379 2391 3418 verum
2425 3364 2862 3434 unumquodque
2921 3380 3110 3420 semen
3147 3369 3389 3436 peculia-

1803 3471 1916 3509 rem
1968 3455 2135 3511 habet
2178 3455 2443 3511 fructum.
2485 3457 2682 3512 Itidem
2737 3459 2925 3512 multa:
2959 3469 3090 3514 sunt
3135 3459 3385 3524 arbores,

1801 3564 1994 3603 verum
2019 3559 2148 3603 sunt
2175 3550 2404 3606 arbores
2425 3591 2438 3616 ,
2471 3553 2718 3620 quaedam
2750 3553 3000 3615 altiores,
3030 3552 3279 3623 quaedam
3303 3569 3390 3606 ar-

1804 3641 1967 3696 bores
1990 3642 2334 3697 humiliores.
2362 3643 2468 3713 Ipsi
2501 3659 2721 3714 quoque
2750 3647 3000 3698 autumni
3029 3645 3242 3699 fructus
3268 3661 3390 3699 ma-

1802 3749 1966 3804 gnum
2013 3734 2158 3787 inter
2196 3749 2254 3788 se
2287 3733 2541 3788 obtinent
2579 3734 2912 3800 discrimen;
2967 3734 3200 3804 quilibet
3240 3736 3386 3790 enim

1802 3842 1995 3882 eorum
2047 3826 2380 3894 peculiarem
2437 3826 2602 3881 habet
2670 3836 2913 3897 gustum.
2976 3827 3117 3880 Sunt
3168 3843 3388 3898 quoque

1802 3919 1948 3974 inter
1979 3920 2180 3975 herbas
2214 3919 2533 3975 discrimina
2559 3920 2728 3973 multa
2772 3937 2784 3973 :
2816 3921 2899 3974 ha:
2931 3920 3152 3989 quidem
3185 3920 3253 3974 ad
3304 3935 3388 3974 sa-

1801 4011 2031 4066 nitatem
2057 4009 2396 4077 conducunt,
2416 4010 2521 4064 illa:
2545 4026 2677 4065 vero
2703 4010 2773 4064 ad
2808 4010 3161 4081 fragrantiam
3189 4010 3387 4063 dunta-

1803 4109 1916 4155 xat.
1949 4102 2300 4172 Unaquaeque
2328 4116 2459 4156 vero
2489 4101 2748 4155 arborum
2776 4101 2924 4156 intus
2950 4101 3208 4171 producit
3235 4101 3388 4156 indu-

1803 4202 1989 4248 menta
2010 4235 2024 4258 ,
2055 4211 2177 4265 quae
2199 4194 2452 4249 videmus
2488 4193 2639 4258 folia,
2683 4193 2846 4249 ﬂores
2876 4201 2934 4249 ct
2965 4195 3179 4249 fructus
3207 4211 3219 4248 :
3253 4194 3385 4249 item

1803 4285 2011 4340 semina
2038 4287 2184 4340 intus
2212 4286 2528 4355 producunt
2559 4286 2880 4363 indumenta
2901 4329 2916 4352 ,
2947 4303 3069 4356 quae
3102 4287 3382 4341 videntur.

1804 4373 1927 4444 Ipsa
1954 4391 2174 4446 quoque
2193 4376 2306 4431 lilia
2331 4377 2480 4431 intus
2503 4376 2794 4447 proferunt
2821 4377 3059 4446 tegmina
3079 4415 3094 4441 ,
3127 4383 3184 4431 et
3225 4391 3387 4430 exer-

1807 4475 1941 4520 nant
1963 4474 2186 4520 terram.

1878 4559 1942 4612 ll.
1971 4558 2060 4613 Sic
2081 4573 2300 4628 quoque
2332 4566 2608 4628 quotquot
2637 4557 3080 4614 Christianorum
3123 4557 3256 4612 hinc
3297 4557 3384 4612 di-

1807 4649 1899 4721 gni
1930 4657 2061 4704 sunt
2088 4651 2264 4704 habiti
2293 4651 2558 4720 consequi
2591 4652 2871 4706 cmlestem
2905 4651 3198 4715 amictum,
3231 4651 3383 4704 illum

1807 4742 1989 4813 ipsum
2041 4743 2248 4797 habent
2297 4743 2355 4797 in
2408 4743 2608 4798 animis
2655 4743 2771 4798 suis
2823 4752 3273 4798 commorantem.
3315 4743 3384 4798 Et

1805 4839 2067 4911 quoniam
2118 4855 2151 4894 a
2203 4839 2316 4893 Deo
2384 4838 2714 4908 praeﬁnitum
2770 4847 2886 4902 est,
2946 4846 3007 4891 ut
3051 4837 3382 4891 dissolvatur

1805 4939 2062 4986 creatura
2081 4931 2217 4996 haec,
2249 4937 2412 5001 atque
2443 4931 2643 4986 coelum
2673 4937 2728 4984 et
2764 4937 2909 4984 terra
2943 4935 3255 4992 transeant,
3305 4927 3385 4980 iu-

1808 5026 2134 5081 dumentum
2167 5026 2390 5080 caeleste
2418 5040 2566 5079 nunc
2607 5033 2795 5093 tegens
2833 5031 2890 5076 et
2929 5021 3213 5075 illustraus
3255 5019 3377 5073 ani—

1807 5132 1975 5182 mam,
2000 5116 2147 5186 quod
2188 5117 2438 5171 obtinent
2475 5116 2529 5168 in
2559 5114 2745 5176 corde,
2792 5112 2922 5165 illud
2955 5110 3102 5164 nuda
3158 5125 3380 5179 quoque

1808 5225 2059 5278 corpora,
2083 5223 2204 5278 quae
2225 5216 2509 5278 resurgent
2530 5223 2597 5261 ex
2621 5205 2910 5275 sepulcris,
2935 5201 2990 5256 in
3024 5202 3112 5255 illa
3136 5201 3249 5267 die,
3273 5217 3380 5271 qua

1806 5315 2039 5370 corpora
2061 5299 2450 5353 excitabuntur
2474 5338 2489 5364 ,
2521 5297 2612 5350 illa
2648 5294 2906 5350 videlicet
2941 5291 3135 5347 induet
3175 5290 3376 5361 gloria;

1808 5392 1955 5462 quod
1989 5391 2194 5445 donum
2221 5399 2275 5444 et
2305 5390 2686 5444 indumentum
2739 5385 3015 5440 invisibile
3055 5399 3119 5438 ac
3157 5382 3380 5436 caeleste

1808 5497 1955 5535 nunc
1977 5489 2393 5550 consequuntur
2420 5477 2737 5535 Christiani.
2767 5473 3239 5542 Quemadmodum
3283 5487 3382 5525 au-

1808 5581 1918 5626 tem
1945 5586 2077 5626 oves
2121 5581 2216 5625 aut
2241 5570 2433 5626 cameli
2457 5569 2513 5623 in
2551 5569 2738 5624 fenum
2773 5566 3101 5630 incidentes,
3145 5563 3383 5617 inconti-

1810 5672 2009 5721 nenter
2035 5671 2091 5719 et
2124 5664 2377 5721 celeriter
2413 5661 2684 5720 accedunt
2710 5659 2777 5716 ad
2800 5657 3085 5732 pabulum,
3108 5663 3272 5727 atque
3295 5653 3379 5708 in-
3432 5649 3454 5707 't‘
