3966 6502
621 310 730 376 735

1964 316 2288 379 MACARII
2326 317 2655 384 BGYPTII
3762 337 3844 401 τε

624 427 856 483 cludunt
902 426 1007 483 sibi
1035 426 1397 492 alimentum;
1442 425 1581 482 liora
1636 434 1820 482 autem
1850 428 2012 485 famis
2066 431 2183 487 illm

2308 436 2703 507 προσέρχονται
2726 439 2841 502 τοῖς
2888 436 3167 511 βρώμασι,
3207 442 3303 498 καὶ
3330 442 3638 513 ὲγκλείουσι
3675 454 3848 523 τροφὴν

624 519 804 591 ipsum
857 538 890 575 e
941 519 1251 575 ventriculo
1296 519 1571 573 reducunt
1620 527 1678 572 et
1726 519 2050 585 ruminant,
2104 522 2203 577 ha-

622 610 865 682 bentque
897 613 1050 666 velut
1079 611 1423 675 alimentum,
1474 624 1596 679 quae
1628 620 1755 665 ante
1795 621 2154 681 reposuerant
2182 630 2195 668 :

621 698 704 754 sic
733 715 953 771 quoque
983 699 1297 771 quicunque
1334 714 1483 753 nunc
1517 715 1750 770 regnum
1788 703 2056 757 caelorum
2108 720 2200 760 ra-

622 801 882 863 puerunt,
909 802 965 847 et
987 792 1265 848 caelestem
1296 790 1480 845 cibum
1506 790 1561 845 in
1593 793 1793 861 spiritu
1827 793 2078 851 viventes
2105 796 2203 851 de-

620 893 1179 953 gustarunt,tempore
1230 883 1660 940 resurrectionis
1706 901 1838 941 eum
1887 888 2071 958 ipsum
2101 890 2200 944 ha.

626 974 759 1031 bent
796 984 1069 1044 tegentem
1101 984 1158 1030 et
1186 974 1461 1031 foventem
1490 976 1677 1032 omnia
1701 992 1895 1033 eorum
1926 982 2196 1037 membra.

687 1192 776 1247 Ill.
814 1190 1284 1259 Quemadmodum
1312 1208 1443 1265 ergo
1468 1193 1713 1248 diximus
1735 1193 2035 1251 discrimen
2075 1211 2197 1253 esse

618 1282 762 1338 inter
812 1284 1043 1350 semina,
1103 1284 1233 1354 quia
1286 1285 1611 1355 multiplicia
1676 1286 1731 1339 in
1775 1302 1941 1340 unam
1989 1296 2193 1342 terram

620 1375 774 1443 121
811 1376 1078 1430 seminata
1105 1376 1354 1431 diversos
1384 1376 1702 1447 producunt
1748 1377 1963 1433 fructus
1984 1420 1998 1444 ,
2052 1380 2197 1434 inter

616 1480 674 1519 se
699 1466 994 1521 dissimiles
1020 1484 1033 1521 :
1071 1467 1257 1522 itidem
1280 1468 1347 1522 de
1369 1468 1664 1523 arboribus
1702 1470 1783 1523 sic
1800 1485 1859 1524 se
1885 1485 1974 1523 res
2004 1470 2192 1538 habet,

614 1558 875 1613 videlicet
924 1559 1189 1629 quasdam
1215 1574 1402 1613 earum
1461 1574 1584 1614 esse
1630 1561 1899 1631 majores,
1926 1562 2193 1630 quasdam

614 1650 880 1715 minores,
938 1667 1103 1705 unam
1153 1659 1338 1705 autem
1403 1659 1607 1705 terram
1666 1652 1882 1707 radices
1942 1654 2190 1709 omnium

613 1742 899 1799 continere
928 1742 1040 1797 :sie
1091 1757 1312 1812 quoque
1361 1742 1606 1798 caelestis
1660 1743 1907 1798 Ecclesia
1963 1759 2087 1799 cum
2119 1744 2192 1800 sit

614 1849 746 1899 una,
798 1834 1145 1889 innumerata
1183 1843 1289 1901 est,
1339 1835 1574 1904 quisque
1624 1843 1808 1889 autem
1835 1837 2193 1906 peculiariter

609 1936 910 1984 exornatur
938 1943 967 1982 a
991 1926 1171 1997 gloria
1213 1926 1474 1998 Spiritus.
1508 1927 1747 1982 Perinde
1777 1927 1925 1982 enim
1957 1944 2021 1984 ac
2040 1930 2196 1984 volu-

611 2034 731 2074 cres
758 2034 1041 2089 ecorpore
1090 2018 1412 2077 indumenta
1457 2020 1667 2075 alarum
1709 2021 2042 2091 producunt,
2078 2022 2195 2078 dis-

610 2104 821 2161 crimen
852 2116 1036 2160 autem
1064 2106 1320 2164 intereas
1357 2122 1469 2161 non
1501 2117 1585 2163 est
1621 2108 1911 2179 exiguum;
1941 2111 2189 2181 quaedam

608 2197 757 2253 enim
788 2196 1015 2267 propius
1048 2204 1251 2251 terram
1291 2198 1496 2259 volant.
1525 2199 1775 2268 qumdam
1804 2216 1937 2255 vero
1964 2202 2021 2257 in
2063 2220 2191 2261 aere

609 2289 831 2345 evolant
861 2306 874 2342 :
900 2296 995 2343 aut
1037 2288 1507 2359 quemadmodum
1543 2292 1743 2349 coelum
1780 2309 1951 2348 unum
2000 2304 2103 2359 est,
2135 2307 2192 2352 et

610 2378 811 2435 multas
843 2379 897 2431 in
929 2393 987 2434 se
1024 2378 1213 2433 stellas
1256 2380 1523 2445 continet,
1563 2381 1663 2435 has
1690 2383 1911 2449 quidem
1939 2385 2189 2454 splendi-

609 2469 827 2535 diores,
862 2469 985 2525 illas
1018 2470 1274 2540 majores,
1296 2470 1416 2524 illas
1432 2486 1563 2526 vero
1591 2472 1836 2528 minores
1872 2492 1885 2540 ;
1918 2477 2191 2533 universae

607 2575 741 2615 vero
770 2560 822 2614 in
858 2560 995 2615 cmlo
1038 2559 1157 2615 lixae
1203 2571 1333 2616 sunt
1361 2578 1374 2615 :
1403 2562 1483 2617 sic
1512 2578 1735 2634 quoque
1769 2566 1943 2620 sancti
1990 2566 2044 2621 in
2078 2584 2188 2623 uno

606 2653 749 2708 caelo
778 2651 987 2717 divino,
1019 2661 1076 2707 et
1120 2652 1175 2705 in
1208 2652 1469 2708 invisibili
1507 2664 1652 2709 terra
1695 2656 2068 2714 diversimode
2100 2674 2189 2715 ra-

605 2744 758 2800 dices
785 2754 1037 2815 egerunt.
1072 2743 1264 2799 Itidem
1300 2762 1421 2816 qum
1466 2746 1597 2802 Adae
1638 2748 1946 2804 obveniunt
1975 2751 2185 2822 cogita-

608 2834 811 2901 tiones,
844 2834 1077 2889 diversa:
1109 2844 1239 2890 sunt
1275 2854 1289 2891 :
1327 2845 1383 2891 at
1410 2836 1652 2907 Spiritus
1684 2840 1743 2895 in
1786 2855 1882 2895 cor
1933 2844 2183 2909 veniens,

604 2941 771 2980 unam
817 2925 1076 2996 producit
1103 2926 1490 2997 cogitationem
1549 2936 1606 2983 et
1655 2945 1824 2985 unum
1851 2934 2188 3005 cor:siqui-

603 3017 729 3072 dem
754 3017 850 3087 qui
884 3017 1146 3073 deorsum
1177 3027 1327 3083 sunt,
1359 3026 1417 3072 ct
1442 3018 1536 3089 qui
1559 3035 1799 3091 sursum,
1828 3023 1897 3077 ab
1918 3040 2029 3080 uno
2082 3041 2184 3096 gu-

601 3109 910 3165 bernantur
938 3109 1169 3180 Spiritu.

2304 527 2517 591 ἑαυτοῖς
2540 543 2555 558 ·
2609 530 2669 582 ὲν
2704 528 2762 583 δὲ
2801 530 2982 602 καιρῴ
3016 532 3230 603 πείνης,
3271 535 3405 589 αὐτὸ
3441 538 3624 591 ἐκεῖνο
3675 539 3736 592 ἑκ
3770 544 3848 611 τῆς

2304 620 2513 685 κοιλίας
2528 619 2885 693 ἀναφέρουσι,
2917 624 3014 677 καὶ
3031 625 3521 699 ἀναμηρυκῶνται,
3552 630 3650 684 καὶ
3679 631 3849 702 ἔχειὼς

2302 714 2529 785 τροφὴν,
2556 714 2703 787 ἅπερ
2734 715 3055 787 ὲνεθηκίασε
3098 719 3385 790 πρότερον,
3416 721 3591 786 οὕτως
3631 728 3727 777 καὶ
3761 727 3850 779 ὅσοι

2302 805 2398 860 νῦν
2426 807 2688 878 ἥρπασαν
2716 807 2813 880 τὴν
2840 808 3122 879 βασιλείαν
3150 812 3260 866 τῶν
3296 815 3566 885 οὐρανῶν,
3597 818 3691 871 καὶ
3722 819 3852 885 ira}.

2304 915 2467 953 σαντο
2489 899 2591 971 τῆς
2628 901 2955 972 ἐπουρανίου
2996 902 3255 974 βρώσεως
3283 906 3341 957 ἐν
3380 908 3655 976 πνεύματι
3682 910 3852 979 ζήσαι.

2301 1008 2414 1055 τες,
2436 992 2589 1063 ἐντῷ
2620 994 2800 1065 καιρῷ
2826 997 2927 1065 τῆς
2955 997 3307 1062 ἀναστάσεως
3339 1000 3471 1054 αὐτὸ
3502 1002 3686 1057 έκεῖνο
3703 1005 3851 1074 ἔχουσι

2303 1084 2579 1148 σκεπάζον
2613 1085 2706 1138 καὶ
2745 1085 2951 1142 θάλπον
2978 1089 3158 1144 αὐτῶν
3185 1074 3372 1147 δλα’τά
3397 1094 3563 1164 μέλη.

2370 1176 2446 1231 Γ’.
2475 1176 2673 1242 Καθὼς
2700 1178 2792 1232 οὖν
2822 1182 3051 1252 εἴπομεν
3076 1184 3177 1255 τὴν
3194 1183 3458 1256 διαφορὰν
3485 1187 3599 1239 τῶν
3634 1192 3853 1260 σπερμά-

2300 1286 2431 1336 των,
2465 1273 2549 1326 ὅτι
2590 1274 2762 1328 πολλὰ
2793 1276 2851 1328 έν
2883 1280 2981 1347 μιᾷ
3001 1280 3071 1347 γῇ
3114 1278 3422 1351 σπείρεται,
3458 1283 3555 1335 καὶ
3591 1283 3855 1355 διαφόρους

2298 1366 2547 1435 καρποὺς
2581 1366 2788 1433 δίδωσι,
2836 1370 2909 1440 μὴ
2949 1371 3198 1435 ἐοικότας
3244 1373 3525 1445 ἀλλήλοις⁸
3556 1377 3761 1446 ὁμοίιος
3783 1380 3855 1431 καὶ

2298 1456 2430 1528 περὶ
2453 1458 2564 1511 τῶν
2589 1458 2845 1531 δένδρων,
2876 1462 2958 1515 ὃτι
2981 1463 3049 1516 τὰ
3088 1464 3187 1533 μὲν
3221 1465 3400 1518 αὐτῶν
3434 1468 3544 1520 εισι
3582 1469 3775 1537 μείζω,
3804 1472 3855 1523 τὰ

2296 1548 2353 1603 δὲ
2409 1550 2733 1623 μικρότερα,
2775 1554 2872 1623 μία
2922 1555 2981 1608 δὲ
3011 1555 3083 1625 γῆ
3113 1558 3212 1620 τὰς
3252 1558 3409 1628 ῥίζας
3441 1560 3583 1613 ὅλων
3627 1564 3853 1632 κατέχει·

2296 1638 2467 1704 οὓτως
2501 1641 2658 1712 καὶὴ
2716 1644 3041 1715 ἐπουράνιος
3083 1647 3379 1717 Ἐκκλησία
3440 1649 3545 1720 μία
3578 1645 3741 1717 οὖσα,
3784 1654 3856 1705 ἀν-

2301 1733 2609 1803 αρίθμητος
2659 1736 2830 1800 ὲστιν,
2870 1738 3100 1803 ἕκαστος
3131 1739 3187 1792 δὲ
3224 1740 3370 1804 ἰδίως
3398 1745 3746 1815 κεκόσμηται
3775 1748 3855 1797 ὑπὸ

2224 1806 2265 1861 Β
2295 1824 2392 1895 τῆς
2427 1824 2587 1897 δόξης
2623 1827 2717 1880 τοῦ
2768 1828 3109 1899 Πνεύματος.
3135 1832 3343 1907 ’Ὠσπερ
3395 1835 3507 1907 γὰρ
3548 1806 3858 1895 τ’ὰ’πετεινὲ

2293 1916 2403 1969 ἀπὸ
2431 1918 2525 1971 τοῦ
2558 1918 2810 1992 σώματος
2839 1921 2908 1977 τὰ
2939 1923 3216 1997 ἐνδύματα
3246 1927 3353 1981 τῶν
3382 1929 3611 2001 πτερῶν
3634 1931 3854 2002 ἐκφέρει,

2292 2010 2524 2083 διαφορὰ
2556 2014 2613 2067 δέ
2664 2016 2814 2069 ἐστιν
2878 2019 2938 2070 ὲν
2981 2020 3166 2082 αὐτοῖς
3225 2020 3395 2096 πολλή
3426 2026 3449 2054 θ’
3492 2022 3565 2076 τὰ
3608 2023 3716 2093 μὲν
3769 2026 3855 2095 γὰρ

2292 2106 2715 2179 προσγειότερον
2756 2109 3040 2177 πέτανται,
3067 2111 3136 2167 τὰ
3174 2113 3230 2165 δὲ
3266 2115 3325 2166 ὲν
3352 2116 3474 2185 ἁέρι
3510 2116 3853 2187 ῗπτανταιοῇ

2290 2194 2480 2269 ὥσπερ
2508 2198 2537 2252 6
2581 2198 2808 2269 οὐρανὸς
2840 2194 2923 2265 εἷς
2945 2202 3085 2267 ἐστι,
3113 2204 3206 2258 καὶ
3233 2204 3347 2276 ἔχει
3376 2207 3610 2269 πολλοὺς
3642 2210 3853 2281 ἀστέρας

2289 2290 2349 2341 ἐν
2383 2290 2583 2361 ἑαυτῷ,
2617 2294 2742 2357 τοὺς
2764 2294 2865 2364 μὲν
2884 2296 3319 2368 λαμπροτέρους,
3349 2301 3476 2364 τοὺς
3506 2302 3564 2355 δὲ
3593 2304 3852 2375 μείζονας,

2289 2383 2419 2447 τοὺς
2453 2383 2510 2436 δὲ
2551 2387 2933 2457 μικροτέρους,
2963 2388 3074 2442 ὅλοι
3104 2389 3161 2444 δὲ
3196 2393 3255 2444 ὲν
3282 2392 3501 2464 οὐρανῷ
3528 2398 3855 2465 πεπηγμένα

2290 2471 2429 2524 είσίν
2454 2488 2469 2503 ο
2494 2473 2668 2538 οὕτως
2698 2477 2792 2528 καὶ
2829 2478 2878 2529 oi
2922 2476 3069 2547 ἅγιοι
3100 2480 3159 2532 ὲν
3193 2480 3274 2532 ἐνὶ
3308 2482 3529 2553 οὐρανῷ
3558 2484 3667 2554 τῆς
3694 2487 3857 2555 Θεότι-

2288 2580 2402 2626 τος,
2447 2566 2541 2618 καὶ
2587 2568 2645 2618 ὲν
2693 2570 2760 2638 τῇ
2788 2570 3007 2641 ἀοράτῳ
3056 2574 3125 2643 τῇ
3176 2572 3449 2647 διαφόρως
3511 2576 3855 2648 ἐρριζωμένοι

2289 2656 2448 2711 εἰσίν.
2497 2657 2730 2727 Ὁμοίως
2756 2660 2813 2713 δὲ
2850 2662 2946 2715 καὶ
2973 2664 3022 2716 oi
3048 2666 3128 2725 είς
3157 2665 3320 2718 αὐτὸν
3375 2667 3468 2719 τὸν
3514 2668 3700 2738 Ἀδὰμ
3730 2669 3857 2736 lor:-

2290 2750 2419 2819 σμοὶ
2444 2752 2756 2823 ἐρχόμενοι,
2794 2754 3045 2827 διάφοροί
3088 2759 3195 2813 είσι
3216 2771 3231 2787 ⁸
3253 2744 3260 2753 ’
3280 2759 3341 2812 1:6
3369 2759 3426 2814 δὲ
3454 2760 3694 2831 Πνεῦμα
3719 2765 3772 2815 ὲν
3802 2766 3853 2835 τῇ

2288 2838 2487 2912 καρδίᾳ
2541 2841 2858 2913 ἐρχόμενον,
2918 2845 3015 2899 ἕνα
3066 2846 3326 2918 λογισμὸν
3379 2852 3530 2903 ποιεῖ
3612 2854 3713 2907 καὶ
3744 2855 3854 2923 μίαν

2288 2933 2519 3003 καρδίαν
2544 2952 2559 2966 ο
2597 2937 2645 2990 οἱ
2677 2936 2830 2994 κάτω
2854 2938 2964 3012 γὰρ
2992 2940 3086 2994 καὶ
3113 2943 3162 2999 οἱ
3192 2940 3304 2996 ἄνω
3334 2943 3439 3000 ὑπὸ
3466 2944 3591 3009 ἐνὸς
3619 2946 3855 3018 Πνεῦμα.

2286 3038 2378 3087 τος
2410 3024 2803 3099 κυϐερνῶνται.

673 3199 763 3254 1v.
792 3197 935 3264 Quid
958 3163 1095 3253 vero
1134 3198 1239 3253 sibi
1284 3200 1479 3257 volunt
1506 3201 1764 3257 animalia
1802 3202 2012 3259 biﬁda?
2036 3204 2183 3276 Quo-

2357 3201 2432 3255 A'.
2476 3202 2543 3254 Τί
2602 3202 2659 3256 δέ
2696 3204 2811 3257 ἐστι
2845 3205 2915 3261 τὰ
2963 3207 3282 3278 διχηλοῢντα
3310 3182 3465 3281 tilia;
3503 3214 3736 3290 Ἐπειδὴ
3761 3222 3855 3286 td;

602 3288 750 3343 niam
774 3287 992 3343 duobus
1027 3289 1307 3359 unguibus
1327 3291 1581 3346 celeriter
1606 3292 1751 3347 viam
1771 3294 2095 3364 conﬁciunt,
2124 3296 2179 3351 in

603 3382 834 3452 ﬁguram
860 3380 1045 3451 posita
1093 3389 1220 3436 sunt
1250 3397 1469 3449 eorum,
1500 3384 1592 3453 qui
1625 3384 1681 3438 in
1719 3385 1838 3456 lege
1871 3395 2021 3444 recte
2060 3404 2179 3443 am-

601 3472 817 3528 bulant.
850 3472 1322 3539 Quemadmodum
1368 3484 1553 3529 autem
1599 3476 1793 3531 umbra
1832 3480 2082 3548 corporis
2120 3481 2178 3535 in

599 3563 794 3620 eodem
820 3578 1051 3633 corpore
1087 3573 1193 3630 est,
1244 3574 1300 3619 at
1329 3565 1567 3621 oﬂieium
1598 3567 1780 3623 carnis
1810 3569 2040 3639 implere
2081 3587 2178 3627 ne-

598 3657 719 3727 quit
753 3673 767 3711 :
796 3655 991 3711 umbra
1042 3656 1192 3711 enim
1241 3657 1468 3712 vulnera
1515 3658 1743 3731 alligare
1788 3662 2020 3734 nequit,
2074 3679 2179 3718 nec

597 3749 784 3805 cibum
828 3749 1074 3818 praebere
1118 3758 1215 3803 aut
1265 3750 1416 3820 loqui
1464 3768 1479 3806 :
1517 3752 1585 3807 ab
1637 3752 1758 3823 ipso
1814 3755 2177 3812 nihilominus

597 3855 829 3911 corpore
852 3850 1056 3906 manat,
1091 3852 1147 3896 et
1177 3843 1494 3911 praecedens
1538 3844 1887 3914 praesentiam
1930 3848 2177 3916 corporis

600 3928 847 3987 declarat
872 3950 885 3986 :
912 3932 977 3987 ad
1004 3933 1263 3988 eumdem
1297 3935 1522 3989 modum
1547 3936 1634 3989 lex
1668 3946 1830 3991 vetus
1856 3936 2055 3992 umbra
2093 3949 2178 3993 est

597 4023 726 4077 novi
762 4023 1073 4078 testamenti
1097 4023 1161 4076 ".
1195 4024 1585 4080 Praemonstrat
1614 4034 1799 4079 autem
1845 4028 2039 4081 umbra
2078 4044 2173 4084 ve—

595 4112 837 4180 ritatem,
866 4122 922 4168 at
955 4113 1323 4168 ministerium
1358 4114 1597 4186 Spiritus
1627 4131 1737 4168 non
1765 4116 2023 4172 obtinuit.
2054 4118 2175 4172 Non

594 4207 744 4259 enim
775 4204 966 4275 potuit‘
980 4203 1158 4257 Moses
1190 4219 1357 4257 carne
1381 4204 1619 4259 amictus
1649 4214 1945 4273 penetrare
1978 4223 2095 4271 cor,
2119 4214 2177 4263 et

593 4294 815 4350 auferre
846 4292 1066 4348 sordida
1092 4293 1419 4346 vestimenta
1442 4294 1800 4348 tenebrarum
1830 4313 1841 4349 :
1876 4296 1970 4350 sed
1996 4298 2175 4352 solum

595 4384 827 4454 spiritus
882 4399 913 4437 a
959 4384 1193 4453 spiritu,
1246 4392 1302 4437 et
1358 4384 1500 4454 ignis
1527 4384 1597 4438 ab
1637 4385 1749 4454 igni
1789 4387 2039 4443 dissolvit
2062 4389 2172 4443 vim

2284 3290 2439 3346 δυσὶν
2486 3293 2667 3359 ὄνυξιν
2701 3295 2905 3361 εὐθέως
2941 3306 3235 3372 περιπατεὶ
3256 3304 3356 3373 τὴν
3391 3306 3535 3373 ὁδὸν,
3568 3310 3657 3372 είς
3707 3310 3855 3363 τύπον

2285 3385 2463 3437 κεῖται
2488 3385 2596 3439 τῶν
2622 3387 2682 3438 ὲν
2711 3387 2790 3458 τῷ
2817 3389 2968 3461 νόμῳ
2994 3394 3380 3464 πορευομένων
3413 3397 3621 3470 ὀρθῶς.
3661 3402 3853 3475 Ὠσπερ

2281 3475 2338 3528 δὲ
2366 3478 2398 3547 ἡ
2431 3477 2558 3530 σκιά
2589 3479 2682 3533 τοῦ
2712 3479 2961 3553 σώματος
2984 3484 3044 3552 ἐξ
3071 3486 3240 3540 αὑτοῦ
3273 3488 3369 3542 τοῦ
3402 3490 3669 3562 σώματός
3699 3498 3852 3563 ἐστιν,

2282 3568 2417 3623 ἀλλὰ
2467 3569 2742 3626 διακονίαν
2803 3576 3072 3648 σαρκικὴν
3124 3579 3413 3651 πληρῶσαι
3468 3585 3531 3636 ού
3596 3586 3852 3642 διὶναταιο

2284 3665 2412 3717 σκιὰ
2451 3666 2561 3735 γὰρ
2601 3666 2891 3739 τραύματα
2936 3671 3196 3741 ἐπιδῆσαι
3240 3674 3302 3727 οὐ
3351 3675 3623 3744 δύναται,
3665 3684 3855 3755 τροφὴν

2278 3755 2483 3822 δοῦναι,
2516 3758 2806 3831 ἧλαλῆσαι
2832 3778 2848 3796 ο
2880 3763 2939 3827 ἐξ
2994 3766 3159 3818 αὐτοῦ
3209 3766 3263 3820 δέ
3306 3768 3423 3821 ἐστι
3457 3768 3556 3823 τοῦ
3588 3772 3851 3843 σώματος,

2279 3846 2375 3899 καὶ⁵
2405 3849 2865 3919 προλαμϐάνουσα
2900 3854 3051 3924 δηλοῖ
3078 3857 3174 3928 τὴν
3202 3862 3511 3931 παρουσίαν
3547 3865 3646 3918 τοῦ
3679 3865 3852 3940 σῶμα·

2277 3957 2368 4004 τος
2392 3957 2407 3973 ο
2449 3942 2623 4008 οὕτως
2667 3947 2762 3999 καὶ⁵
2790 3949 2818 4001 6
2874 3948 3036 4020 νόμος
3085 3951 3113 4003 6
3146 3953 3375 4018 παλαιὸς
3424 3958 3559 4013 σκιά
3600 3961 3726 4014 ἐστι
3767 3964 3850 4035 τῆς

2499 4036 2765 4108 διαθήκης
2784 4055 2799 4069 ο
2833 4043 3093 4117 προδηλοῖ
3118 4044 3172 4097 δὲ
3203 4047 3234 4117 ἡ
3273 4047 3401 4103 σκιὰ
3443 4049 3546 4121 τὴν
3578 4032 3846 4126 ἀλήθειαν,

2276 4123 2411 4176 ἀλλά
2441 4125 2719 4181 διακονίαν
2750 4130 3068 4201 Πνεύματος
3089 4134 3187 4186 οὐκ
3209 4132 3376 4206 εἶχεν.
3409 4140 3488 4191 Ού
3522 4140 3638 4211 γὰρ
3668 4123 3848 4211 ἡδύνα-

2276 4232 2337 4268 το
2363 4218 2602 4288 Μωῦσῆς
2633 4221 2809 4291 σάρκα
2840 4224 3306 4295 περιϐεϐλημένος
3346 4230 3620 4285 εἰσελθεῖν
3652 4236 3735 4299 είς
3764 4238 3845 4306 τήν

2276 4311 2523 4382 καρδίαν,
2567 4314 2664 4366 καὶ
2706 4316 3001 4384 ἀφελέσθαι
3038 4318 3107 4371 τὰ
3148 4321 3372 4390 ῥυπαρὰ
3426 4324 3715 4395 ἐνδύματα
3767 4330 3845 4379 τοῦ

2280 4404 2527 4468 σκότους,
2564 4408 2613 4458 εί
2650 4406 2726 4477 μὴ
2758 4408 2977 4480 πνεῦμα
3012 4412 3076 4465 ὲκ
3129 4412 3459 4484 πνεύματος,
3515 4419 3615 4471 καὶ
3663 4419 3772 4489 πῦρ
3793 4424 3846 4471 ἐκ

594 4491 978 4547 perversarum
1024 4475 1400 4530 tenebrarum.
1447 4475 1812 4533 Circumcisio
1854 4496 2007 4550 ergo,
2050 4497 2172 4551 quae

2285 4496 2446 4565 πυρὸς
2473 4496 2587 4550 λύει
2610 4498 2707 4570 τὴν
2726 4500 2954 4571 δύναμιν
2987 4504 3080 4556 τοῦ
3124 4504 3363 4578 πονηροῦ
3400 4508 3657 4573 σκότους.
3691 4512 3841 4582 Περι-

593 4567 791 4621 eratin
825 4567 1254 4637 lege,signilicat
1289 4567 1825 4639 appropinquantem
1851 4587 2038 4627 veram
2062 4575 2171 4628 eir-

593 4658 985 4713 cumcisionem
1028 4657 1242 4721 cordis,
1281 4668 1336 4711 et
1382 4658 1654 4728 baptisma
1700 4661 1836 4731 legis
1868 4663 2059 4717 umbra
2084 4673 2170 4720 est

590 4763 846 4805 verarum
902 4762 1109 4802 rerum.
1165 4747 1282 4802 Illic
1323 4748 1470 4802 enim
1502 4749 1764 4804 abluebat
1805 4767 2006 4823 corpus
2037 4772 2051 4808 :
2079 4754 2169 4810 hic

588 4856 723 4897 vero
751 4843 996 4895 animum
1025 4854 1183 4895 emno
1207 4840 1622 4910 coinquinatum
1656 4843 1926 4917 baptisma
1951 4846 2091 4919 ignis
2112 4855 2169 4903 et

588 4932 828 5003 Spiritus
852 4940 1046 5007 purgat
1076 4938 1133 4985 et
1160 4931 1353 4984 abluit.

663 5140 723 5194 V.
754 5138 872 5194 Illic
900 5140 1160 5195 sacerdos
1184 5138 1560 5195 imbecillitate
1591 5139 1965 5198 circumdatus
1990 5142 2165 5219 ingre-

583 5231 836 5286 diebatu‘r
870 5232 925 5286 in
954 5242 1162 5296 sancta,
1191 5243 1246 5287 et
1267 5248 1368 5304 pro
1393 5248 1452 5287 se
1479 5240 1535 5286 et
1556 5248 1656 5304 pro
1684 5236 1888 5303 populo
1921 5236 2164 5293 oll‘erens

581 5322 897 5389 victimam;
934 5323 1031 5377 hic
1063 5338 1196 5378 vero
1226 5339 1394 5379 verus
1424 5323 1671 5393 pontifex
1697 5325 1949 5383 Christus
1993 5330 2165 5384 semel

583 5412 866 5485 ingressus
886 5423 971 5468 est
994 5416 1049 5468 in
1077 5430 1186 5469 non
1218 5415 1592 5469 manufaetum
1618 5417 2033 5473 tabernaculum
2067 5460 2073 5485 ί
2110 5429 2167 5475 et

582 5520 882 5575 supernum
911 5506 1104 5571 altare,
1129 5516 1419 5582 promptus
1439 5507 1505 5561 ad
1548 5510 1893 5577 purgandum
1921 5525 2037 5575 eos,
2068 5511 2164 5580 qui

579 5597 941 5665 postulantab
965 5613 1052 5663 eo,
1083 5608 1141 5653 et
1167 5598 1507 5671 inquinatam
1531 5600 1949 5659 conscientiam.
1978 5602 2165 5676 lnquit

650 5781 695 5813 "
718 5780 928 5841 Coloss.
960 5799 1023 5853 ιι,
1054 5787 1151 5855 l7;
1176 5786 1345 5844 llebr.
1384 5805 1437 5856 κ,
1466 5790 1517 5846 ι.

2272 4589 2412 4660 τομὴ
2442 4591 2610 4663 γὰρὴ
2643 4594 2701 4645 ἐν
2752 4597 2819 4664 τῇ
2862 4596 2987 4669 σκιᾷ
3024 4595 3117 4649 τοῦ
3148 4597 3314 4668 νόμου
3367 4600 3527 4671 δηλοῖ
3554 4606 3840 4674 προσεηίο

2273 4681 2471 4745 ζουσαν
2504 4683 2602 4755 τὴν
2630 4684 2887 4756 ἀληθινὴν
2916 4690 3219 4758 περιτομὴν
3246 4689 3348 4760 τῆς
3387 4692 3646 4764 καρδίας,
3677 4697 3768 4748 καὶ
3792 4696 3843 4747 τὸ

2273 4770 2558 4844 βάπτισμα
2618 4775 2714 4827 τοῦ
2741 4778 2905 4846 νόμου
2946 4781 3075 4838 σκιά
3105 4782 3219 4833 ἐστι
3262 4781 3370 4833 τῶν
3400 4784 3685 4854 ἀληθινῶν
3716 4803 3841 4854 πρα-

2272 4866 2519 4937 γμάτων.
2585 4867 2733 4922 Ἐκεῖ
2803 4871 2912 4941 γὰρ
2947 4869 3107 4941 σῶμα
3141 4872 3476 4935 ἀπέπλυνεν.
3506 4870 3612 4930 ὦδε
3661 4878 3720 4931 δὲ
3758 4878 3837 4929 τὸν

2270 4958 2658 5034 ὲρρυπωμὲνον
2705 4961 2829 5015 νοῦν
2874 4962 3155 5034 βάπτισμα
3190 4965 3359 5037 πυρὸς
3389 4968 3485 5022 καὶ
3534 4968 3840 5040 Πνεύματις

2269 5050 2556 5122 καθαρίζει
2596 5052 2690 5105 καὶ
2716 5052 3037 5108 ἀποπλύνει.

2343 5145 2420 5198 E'.
2465 5145 2610 5197 Ἐκεῖ
2644 5145 2820 5216 ἱερεὺς
2859 5147 3145 5200 ἀσθένειαν
3170 5147 3647 5223 περιϐεϐλημένος
3678 5152 3835 5221 dogs:

2264 5234 2346 5299 εἰς
2378 5235 2445 5288 τὰ
2475 5235 2626 5303 am,
2657 5236 2797 5307 ὑπέρ
2823 5254 2884 5289 τε
2915 5236 3109 5290 ἑαυτοῦ
3142 5239 3236 5291 καὶ
3264 5238 3360 5291 τοῦ
3416 5239 3549 5292 λαοῦ
3600 5241 3835 5312 προσ-,τέ-

2265 5344 2373 5397 ρων
2408 5327 2645 5391 θυσίανζ
2691 5322 2795 5383 ὧδε
2830 5330 3119 5401 ἀρχιερεὺς
3178 5330 3435 5402 ἀληθινὸς
3492 5332 3523 5383 6
3584 5331 3833 5403 Χριστὸς,

2263 5416 2409 5484 ἆπαξ
2440 5418 2688 5488 εἰσῆλθεν
2716 5420 2795 5483 εἰς
2820 5418 2919 5491 τὴν
2942 5419 3355 5491 ἀχειροποίητον
3394 5419 3601 5492 σκηνὴν
3664 5422 3759 5473 καὶ
3779 5422 3831 5469 τὸ

2262 5511 2377 5566 ἄνω
2434 5510 2843 5583 θυσιαστήριον,
2896 5512 3026 5579 τοὺς
3057 5511 3342 5576 αἰτοῦντας
3396 5513 3563 5565 αὐτὸν
3619 5512 3831 5581 homo;

2264 5602 2580 5676 καθαρίσαι,
2616 5603 2714 5659 καὶ
2731 5604 2828 5676 τὴν
2860 5604 3275 5678 μεμολυσμένην
3307 5602 3641 5677 συνείδησιν.
3670 5603 3828 5671 Λέγει
