3966 6540
112 378 203 443 ’13⁸1

1232 374 1597 439 ΗΟΜΙΙᾸΑΕ.
1626 401 1695 411 -
1721 373 1908 437 ΗΟΜ.
1944 373 2189 437 XXXII.

3222 376 3326 442 738

112 489 229 557 γὰρ.
263 483 402 540 Μεθ’
429 483 597 553 ὑμῶν
623 482 835 554 ἔσομαι
862 483 974 550 ἕως
1007 483 1121 552 τῆς
1159 486 1520 550 συντελείας
1548 483 1657 538 τοῦ

1780 486 1905 538 :nim
1952 501 1967 540 :
2016 483 2286 537 Vobiscum
2340 499 2458 537 sum
2516 497 2679 553 usque
2725 480 2793 538 ad
2820 489 3326 543 consummationem

110 574 323 640 αἰῶνος.
351 572 509 644 Εἵχεν
533 577 560 628 6
586 576 873 647 ἀρχιερεὺς
908 576 1000 629 ἐπὶ
1044 577 1141 628 τοῦ
1185 575 1416 646 στήθους
1455 576 1549 628 δύο
1576 594 1659 629 τι-

114 663 254 737 μίους
308 662 507 726 λίθους,
568 667 664 718 καὶ
701 661 847 733 εἶχον
898 665 968 718 τὰ
1021 665 1261 735 ὀνόματα
1308 667 1418 718 τῶν
1451 665 1661 719 δώδεκα

112 752 467 822 πατριαρχῶν.
500 754 573 806 Τὸ
589 754 878 823 γενόμενον
917 756 1051 819 ἐκεῖ,
1080 754 1249 819 τύπος
1272 756 1419 808 ἐστίν
1444 773 1458 788 ’
1489 758 1659 821 οὕτως

112 848 207 915 γὰρ
236 846 324 897 καὶ
351 848 379 898 6
403 846 604 914 Κύριος
630 847 992 916 ἐνδυσάμενος
1018 850 1142 911 τοὺς
1175 850 1387 902 δώδεκα
1424 852 1659 903 ἀποστό-

110 940 238 998 λους,
260 937 577 991 ἀπέστειλεν
609 940 804 1002 αὐτοὺς
837 940 1250 1009 εύαγγελιστάς,
1288 944 1381 995 καὶ
1413 944 1662 1012 κήρυκας

109 1031 217 1083 ὅλου
237 1028 328 1080 τοῦ
355 1029 583 1094 κόσμου.
624 1028 787 1099 ὐρᾷς
813 1031 931 1093 πῶς
960 1033 992 1103 η
1044 1032 1171 1085 σκιὰ
1220 1034 1659 1102 προσεγγίζουσα

108 1118 197 1190 τὴν
229 1118 480 1187 ἀλήθειαν
513 1119 808 1174 δείκνυσιν.
861 1122 958 1175 Ὃν
998 1122 1281 1192 δὲτρόπον
1317 1124 1351 1194 ή
1381 1125 1508 1176 σκιὰ
1542 1124 1662 1177 δια·

109 1208 281 1267 κονίαν
322 1211 423 1262 οὑκ
452 1209 584 1280 ἔχει,
640 1210 765 1263 οὔτε
801 1212 995 1276 πόνους
1039 1213 1183 1267 ἰᾶται
1207 1229 1223 1245 ·
1258 1213 1431 1276 οὕτως
1460 1214 1581 1266 οὐδὲ
1633 1214 1662 1265 ό

107 1299 325 1362 παλαιὸς
374 1299 537 1376 νόμος
584 1301 654 1354 τὰ
703 1302 995 1372 τραύματα
1037 1304 1135 1372 τῆς
1179 1303 1360 1373 ψυχῆς
1398 1305 1493 1357 καὶ
1535 1303 1662 1367 τοὺς

108 1392 290 1455 πόνους
326 1392 581 1445 ἰάσασθαι
601 1393 839 1463 ἠδυνήθη
867 1410 881 1424 °
907 1394 1027 1447 οὐδὲ
1062 1395 1171 1465 γὰρ
1200 1393 1344 1465 εἶχεν
1374 1394 1541 1465 ζωήν.

171 1482 243 1547 ς’.
279 1482 383 1535 Δύο
416 1484 523 1554 γὰρ
564 1485 833 1553 πρόσωπα
888 1489 1293 1556 συναπτόμενα,
1351 1487 1557 1540 τέλειόν
1610 1503 1664 1540 τι

104 1576 329 1646 πρᾶγμα
358 1574 753 1644 ἀπεργάζεται,
777 1568 888 1626 οἷον
914 1573 1009 1627 δύο
1038 1576 1293 1645 διαθῆκαι
1315 1594 1329 1607 ο
1364 1576 1485 1630 κατ’
1509 1578 1658 1629 είκό-

102 1682 165 1717 να
212 1664 306 1716 καὶ
349 1664 607 1732 ὁμοίωσιν
657 1663 792 1716 Θεοῦ
848 1666 1073 1733 γέγονεν
1136 1669 1164 1718 6
1213 1666 1519 1737 ἄνθρωπος,
1570 1666 1665 1720 δύο

101 1755 408 1825 ὀφθαλμοὺς
437 1754 570 1824 ἔχει,
601 1754 695 1807 δύο
719 1755 950 1825 ὀφρύας,
985 1757 1080 1809 δύο
1108 1759 1316 1827 χεῖρας,
1349 1757 1443 1810 δύο
1474 1757 1661 1819 πόδας,

104 1846 191 1899 καὶ
213 1847 308 1898 ἐὰν
338 1845 517 1914 συμϐῇ
551 1845 935 1915 μονόφθαλμον
980 1844 1143 1913 εἶναι,
1173 1848 1205 1918 ἢ
1267 1847 1577 1918 μονόχειρα,
1629 1850 1661 1920 ἢ
1700 1832 1738 1886 Β

105 1938 388 2009 μονόπουν,
426 1938 615 2005 ὥσπερ
640 1937 932 2008 ἐπίμωμός
971 1941 1118 1992 ἐστιν
1143 1956 1156 1970 ·
1186 1940 1218 2010 ἢ
1260 1937 1449 2010 ὥσπερ
1486 1958 1665 1995 πετει-

102 2029 187 2083 νὸν
234 2028 332 2080 ἐὰν
378 2028 474 2099 ἔχῃ
506 2030 704 2098 πτερὸν
755 2029 835 2094 ἓν,
894 2032 953 2083 ἐν
998 2030 1076 2100 τῷ
1116 2033 1195 2084 ἐνί
1241 2033 1574 2103 πετασθῆναι
1602 2036 1663 2087 οὐ

103 2120 327 2174 δύναται
356 2135 370 2148 ’
410 2118 553 2172 οὕτω
586 2123 680 2174 καὶ
702 2124 736 2192 ή
769 2121 929 2190 φύσις
961 2123 1060 2193 τῆς
1096 2123 1536 2195 ἀνθρωπότητος,
1570 2128 1665 2180 ἐὰν

101 2210 221 2265 καθ’
246 2209 449 2276 ἐαυτὴν
482 2210 665 2281 γυμνὴ
715 2211 1009 2283 ἀπομείνῃ,
1053 2214 1146 2264 καὶ
1175 2213 1250 2283 μή
1280 2213 1418 2286 λάϐῃ
1446 2214 1544 2284 τὴν
1577 2217 1669 2284 μί-

100 2301 179 2365 ξιν
208 2301 305 2353 καὶ⁵
332 2300 431 2371 τὴν
454 2302 742 2354 κοινωνίαν
772 2304 871 2372 τῆς
902 2302 1230 2373 ἐπουρανίου
1257 2305 1489 2373 φύσεως,
1515 2307 1668 2360 οὐδὲν

98 2391 386 2465 διωρθώθη
410 2409 425 2423 ο
448 2393 562 2446 ἀλλ’
583 2392 764 2464 ἔμεινε
787 2396 989 2464 γυμνὴ,
1020 2397 1116 2448 καὶ
1144 2397 1432 2466 ὲπίμωμος
1464 2400 1543 2462 εἰς
1569 2399 1668 2470 τήν

98 2482 260 2553 φύσιν
287 2484 459 2553 αὐτῆς
499 2486 558 2538 ἐν
602 2484 849 2557 ῥυπαρία
876 2485 1068 2555 πολλῇ.
1118 2488 1266 2558 Αὐτὴ
1304 2490 1413 2559 γὰρ
1440 2491 1472 2561 ή
1498 2490 1666 2561 ψυχὴ,

98 2575 224 2640 ναὸς
252 2574 389 2628 Θεοῦ
417 2576 512 2629 καὶ
538 2577 853 2648 οἰκητήριον
891 2578 1187 2649 ἐπεκλήθη,
1226 2582 1320 2633 καὶ
1351 2581 1535 2654 νύμφη
1571 2582 1670 2652 βα-

98 2666 334 2729 σιλέω;’
399 2667 547 2735 λέγει
597 2668 731 2738 γὰρ,
804 2667 1136 2736 Ἐνοικήσω
1178 2674 1249 2726 ἐν
1304 2674 1531 2741 αὐτοῖς,
1571 2676 1670 2729 καὶ

96 2758 583 2829 ἐμπεριπατήσω.
615 2757 801 2822 Οὕτως
833 2761 1125 2831 εὐδόκησεν
1153 2766 1182 2816 ό
1229 2764 1380 2830 Θεὸς,
1415 2766 1496 2819 ὅτι
1542 2783 1673 2820 κατ-

94 2847 270 2903 ελθὼν
298 2850 360 2915 ἐξ
411 2849 581 2917 ἁγίων
635 2850 900 2920 οὐρανῶν.
929 2855 1334 2925 συμπεριέλαὸε
1372 2856 1469 2927 τὴν
1509 2858 1672 2926 φύσιν

98 2956 193 2993 σου
222 2940 329 3010 τὴν
378 2940 625 3012 λογικὴν,
668 2942 768 3014 τὴν
800 2942 978 3013 σάρκα
1017 2944 1117 3015 τὴν
1157 2947 1222 2999 ἐκ
1267 2948 1367 3017 τῆς
1402 2949 1525 3017 γῆς,
1577 2950 1674 3002 καὶ

94 3032 437 3103 συνεκέρασε
472 3033 550 3103 τῷ
582 3033 712 3105 θείῳ
760 3035 925 3087 αὑτοῦ
954 3036 1259 3108 Πνεύματι,
1292 3039 1379 3091 ἵνα
1421 3041 1518 3093 καὶ
1545 3041 1610 3093 σὺ
1645 3041 1675 3095 ὁ

95 3125 283 3194 χοῖκὸς
307 3122 437 3196 δέξῃ
466 3125 566 3194 τὴν
600 3126 920 3196 ἐπουράνιον
941 3125 1140 3197 ψυχήν.
1175 3130 1284 3181 Καὶ
1310 3131 1438 3183 ὅταν
1473 3132 1506 3201 ἡ
1528 3130 1671 3200 ψυχή

98 3232 196 3269 σου
223 3218 540 3288 κοινωνήσῃ
555 3218 635 3288 τῷ
657 3218 957 3287 Πνεύματι,
983 3220 1076 3273 καὶ
1101 3219 1317 3292 εἰσέλθῃ
1340 3220 1488 3293 ψυχὴ
1518 3223 1680 3275 ἐπου-

96 3306 294 3378 ράνιος
329 3308 410 3369 είς
440 3306 538 3377 τὴν
561 3307 741 3377 ψυχήν
797 3326 913 3374 σου,
939 3312 1062 3363 τότε
1091 3307 1141 3363 εἷ
1162 3311 1366 3375 τέλειος
1392 3312 1679 3385 ἄνθρωπος

90 3400 155 3452 ἐν
189 3398 343 3469 Θεῷ.
378 3399 474 3452 καὶ
496 3399 850 3471 κληρονόμος,
884 3404 977 3455 καὶ
998 3402 1131 3466 υἱός.

166 3490 247 3543 Z'.
289 3490 507 3563 Ὠσπερ
531 3490 587 3544 δὲ
631 3491 691 3545 τὸ
731 3492 961 3561 μέγεθος
994 3494 1087 3546 τοῦ
1114 3492 1273 3559 Θεοῦ,
1300 3494 1397 3549 καὶ
1447 3495 1509 3548 τὸ
1537 3495 1681 3550 ἀκα-

92 3581 392 3652 τάληπτον
426 3581 615 3648 αὑτοῦ,
648 3581 771 3636 οὔτε
788 3585 835 3637 οἱ
864 3585 976 3638 ἄνω
1004 3586 1201 3649 αἰῶνες
1222 3587 1515 3658 χωροῦσιν,
1554 3588 1681 3643 οὔτε

87 3672 144 3726 oi
176 3674 345 3727 κάτω
364 3688 381 3702 ⁸
412 3672 585 3737 οὕτως
608 3674 770 3728 πάλιν
796 3675 857 3728 τὺ
885 3675 1079 3728 λεπτὸν
1107 3677 1203 3730 τοῦ
1232 3678 1387 3741 Θεοῦ,
1415 3682 1511 3732 καὶ
1532 3680 1682 3743 ὅπως

90 3765 545 3835 συσμικρύνεται
594 3765 815 3830 λεπτοῖς
868 3770 962 3821 καὶ
997 3771 1236 3839 μικροῖς,
1302 3769 1426 3824 οὔτε
1470 3772 1520 3824 οἱ
1569 3772 1681 3826 ἄνω

88 3857 330 3927 κόσμοι,
391 3856 515 3911 οὔτε
587 3858 638 3910 οί
696 3859 927 3927 ἐπίγειοι
987 3860 1316 3913 καταλαϐεῖν
1402 3861 1679 3919 δύνανται.

87 3947 326 4019 Ὠσπερ
357 3949 467 4019 γὰρ
495 3950 556 4003 τὸ
602 3950 831 4019 μέγεθος
866 3950 1031 4003 αὑτοῦ
1071 3952 1478 4023 ἀκατάληπτον,
1509 3953 1683 4019 οὕτως

83 4041 189 4093 καὶ
219 4040 292 4092 τὸ
324 4040 526 4092 λεπτὸν
557 4039 723 4093 αὐτοῦ
752 4056 769 4072 ·
807 4041 901 4093 καὶ
934 4041 1243 4111 συμϐαίνει,
1270 4044 1351 4097 ὅτι
1381 4049 1684 4117 οἰκονομεῖ-

84 4147 183 4185 ται
211 4134 305 4195 εἰς
337 4131 548 4200 Θλίψεις
574 4127 736 4199 εἶναι,
774 4135 869 4186 καὶ
907 4134 1077 4204 πάθη.
1130 4136 1225 4189 καὶ
1269 4137 1564 4207 στίγματα,
1590 4139 1684 4192 καὶ

78 4221 121 4274 ἃ.
183 4222 448 4292 νομίζεις
510 4223 750 4289 ἐναντία,
804 4225 975 4277 ταῦτα
1022 4225 1161 4295 ὑπὲρ
1196 4227 1293 4297 τῆς
1344 4227 1523 4298 ψυχῆς
1589 4247 1681 4283 σου

78 4312 344 4380 γίνεται.
382 4314 449 4367 Εί
482 4315 540 4366 ἐν
572 4313 650 4384 τῷ
680 4315 870 4386 κόσμῳ
893 4314 1066 4377 θέλεις
1102 4313 1241 4369 εἶναι
1272 4318 1366 4370 καὶ
1407 4320 1680 4386 πλουτεῖν,

74 4404 325 4477 ἀπαντᾷ
377 4422 462 4459 σοι
490 4407 639 4459 πᾶσα
664 4408 879 4477 ἀτυχία·
908 4407 1052 4480 ἄρχῃ
1092 4409 1216 4462 καθ’
1248 4410 1440 4463 ἐαυτὸν
1471 4410 1682 4479 λογίζε-

79 4498 244 4563 σθαι,
287 4495 447 4565 Παρ’
470 4497 502 4551 ὃ
529 4500 640 4552 οὐκ
666 4500 967 4568 εὐτύχηκα
983 4502 1069 4567 εὶς
1099 4502 1205 4555 τὸν
1226 4505 1477 4572 κόσμον,
1497 4507 1682 4560 ἀπελ-
1714 4526 1757 4580 υ

72 4586 206 4639 θὼν
238 4586 333 4641 ἂν
363 4588 807 4657 ἀποτάσσομαι,
830 4591 927 4644 καί
953 4592 1033 4658 τῷ
1068 4590 1189 4656 Θεῷ
1232 4592 1519 4649 δουλεύω.
1558 4597 1684 4649 Δοι-

75 4679 185 4731 πὸν
229 4678 551 4749 ἐρχόμενος
578 4672 702 4741 ὧδε.
737 4682 954 4746 ἀκούεις
985 4684 1087 4753 τῆς
1129 4685 1347 4755 ἐντολῆς
1396 4686 1681 4759 λεγούσηςο

70 4770 416 4837 Πώλησόν
467 4787 587 4826 σου
639 4773 710 4825 τὰ
741 4774 1110 4844 ὑπάρχοντα,
1171 4778 1452 4847 μίσησον
1482 4797 1687 4833 κοινω-

1760 576 1937 632 ειεσιιίὶ
1965 576 2030 630 ¹⁷.
2059 574 2306 629 Habebat
2343 574 2588 644 pontifex
2619 574 2674 629 in
2702 584 2923 644 pectore
2950 575 3089 630 duos
3117 578 3329 647 lapides

1761 670 2056 739 pretiosos,
2108 667 2203 737 qui
2241 667 2598 723 continebant
2640 666 2864 720 nomina
2898 666 3191 722 duodecim
3237 685 3333 738 pa-

1763 761 2153 815 triarcharum.
2184 759 2299 814 lllic
2328 759 2473 828 quod
2499 758 2686 822 ﬁebat,
2709 766 2794 814 est
2822 758 2992 828 figura
3024 778 3038 814 :
3072 759 3152 813 sic
3182 762 3328 815 enim

1763 866 1981 921 quoque
2017 851 2272 906 Dominus
2308 850 2534 905 indutus
2557 850 2847 904 duodecim
2875 851 3155 919 apostolis,
3180 852 3334 907 misit

1762 958 1860 997 eos
1895 942 2256 1013 evangelistas
2304 950 2359 996 et
2386 957 2665 1011 praecones
2702 943 2942 996 universi
2994 944 3206 998 mundi.
3239 943 3335 999 Vi-

1764 1032 1862 1087 des
1896 1033 2172 1103 quomodo
2200 1034 2393 1087 umbra
2422 1033 2870 1102 appropinquans
2918 1034 3204 1088 veritatem
3249 1035 3335 1089 in-

1764 1123 1909 1177 dicet
1940 1140 1953 1175 :
1979 1124 2443 1192 quemadmodum
2479 1134 2661 1177 autem
2691 1126 2883 1178 umbra
2910 1125 3047 1178 nihil
3094 1125 3333 1190 confert.

1764 1228 1867 1269 nec
1920 1214 2200 1269 laboribus
2247 1216 2501 1268 medetur
2540 1232 2551 1267 :
2594 1215 2675 1268 sic
2723 1230 2903 1283 neque
2968 1215 3196 1284 antiqua
3246 1217 3335 1271 lex

1763 1304 1992 1358 vulnera
2033 1304 2227 1358 anima:
2256 1318 2319 1357 ac
2347 1303 2627 1358 molestias
2658 1318 2855 1357 sanare
2889 1304 3067 1372 potuit
3108 1321 3121 1356 :
3158 1305 3334 1374 siqui-

1765 1396 1888 1450 dem
1910 1395 2077 1449 vitam
2107 1411 2217 1450 non
2249 1395 2507 1450 habebat.

1835 1486 1923 1541 Vl.
1960 1487 2086 1541 Duae
2109 1486 2259 1541 enim
2280 1500 2529 1555 personae
2563 1486 2872 1555 conjuncta:
2893 1485 3190 1554 perfectam
3220 1501 3338 1539 rem

1764 1578 2080 1647 quampiam
2122 1576 2395 1639 efﬁciunt,
2428 1574 2705 1639 videlicet,
2731 1575 2842 1629 duo
2877 1584 3223 1630 testamenta.
3256 1576 3339 1629 Ad

1766 1668 2059 1739 imaginem
2102 1677 2160 1724 et
2207 1668 2626 1723 similitudinem
2662 1666 2758 1720 Dei
2799 1667 2963 1720 homo
3016 1666 3195 1721 factus
3232 1675 3339 1731 est,

1767 1756 1907 1810 duos
1937 1757 2127 1811 oculos
2164 1755 2358 1823 habet,
2390 1756 2530 1811 duas
2563 1772 2747 1818 nares,
2785 1756 2924 1810 duas
2958 1773 3174 1823 manus,
3200 1757 3343 1810 duos

1770 1845 1939 1915 pedes
1979 1862 2185 1915 :quem
2222 1847 2269 1900 si
2326 1847 2608 1915 contingat
2638 1847 2937 1901 unoculum
2982 1857 3080 1902 aut
3130 1848 3345 1901 unima-

1772 1952 1901 1991 num
1933 1952 2073 2001 esse,
2119 1940 2216 1991 au't
2236 1938 2410 1991 altero
2442 1937 2581 2006 pede
2615 1953 2827 2001 carere,
2858 1938 3010 1992 velut
3045 1940 3349 2008 reprehen-

1771 2028 1987 2083 dendus
2006 2038 2109 2082 est.
2138 2028 2723 2097 Autquemadmodum
2752 2031 2889 2092 avis,
2924 2032 2967 2084 si
2998 2031 3217 2084 unicam
3249 2032 3350 2085 ha-

1771 2120 1958 2174 buerit
2002 2122 2164 2181 alam,
2210 2136 2276 2173 ea
2319 2121 2436 2175 sola
2473 2120 2662 2174 volare
2704 2121 2923 2189 nequit;
3003 2122 3083 2175 sic
3126 2138 3347 2191 quoque

1773 2212 2012 2267 humana
2042 2222 2256 2275 natura,
2311 2211 2356 2266 si
2388 2212 2535 2266 nuda
2565 2213 2745 2282 quoad
2776 2229 2834 2267 se
2864 2224 3101 2278 maneat,
3138 2225 3194 2268 et
3235 2231 3349 2268 non

1773 2304 2004 2373 recipiat
2037 2303 2353 2356 mistionem
2398 2312 2456 2358 et
2484 2305 2934 2359 communionem
2978 2306 3219 2360 caelestis
3249 2323 3349 2360 na»

1775 2403 1947 2459 turae,
1991 2395 2131 2449 nihil
2185 2396 2347 2449 laude
2379 2397 2536 2465 122
2563 2397 2791 2467 dignum
2817 2397 3011 2463 eﬂicit;
3051 2398 3147 2453 sed
3202 2399 3351 2453 nuda

1774 2494 1993 2549 manet,
2046 2492 2105 2537 et
2154 2484 2427 2554 culpanda
2474 2486 2532 2539 in
2572 2501 2674 2539 sua
2728 2496 2946 2549 natura,
2987 2495 3043 2540 et
3093 2488 3352 2541 sordibus

1775 2577 1981 2631 multis.
2002 2577 2120 2646 Ipsa
2140 2578 2286 2630 enim
2308 2578 2489 2631 anima
2519 2578 2782 2647 templum
2803 2577 2900 2632 Dei
2922 2586 2979 2632 et
3011 2579 3352 2634 domicilium

1776 2669 2044 2737 appellata
2076 2678 2181 2732 est,
2224 2664 2427 2737 sponsa
2466 2670 2628 2739 regis.
2682 2670 2864 2739 lnquit
2895 2671 3047 2724 enim
3087 2671 3351 2725 :Inhabi-

1779 2757 1898 2810 tabo
1948 2758 2005 2810 in
2034 2756 2164 2821 illis,
2216 2772 2261 2810 et
2304 2758 2642 2811 inambulabo
2669 2760 2733 2812 ¹⁸.
2771 2759 2849 2813 Ita
2888 2761 3001 2815 Deo
3035 2761 3257 2830 placuit,
3293 2770 3354 2814 ut

1778 2845 2121 2901 descendens
2158 2862 2190 2901 e
2244 2849 2449 2902 sanctis
2504 2851 2693 2917 caelis,
2740 2861 3045 2908 assumeret
3099 2864 3352 2909 naturam

1782 2945 1932 2991 tuam
1977 2938 2324 3003 rationalem,
2376 2956 2597 2995 carnem
2627 2958 2825 3012 nempe
2854 2952 3153 3009 terrenam,
3189 2960 3354 3015 quam

1781 3033 2108 3103 temperavit
2135 3050 2260 3088 cum
2299 3034 2489 3091 divino
2518 3052 2620 3091 suo
2665 3037 2895 3106 Spiritu,
2946 3050 3006 3094 ut
3051 3058 3271 3111 quoque
3295 3052 3355 3097 tu

1784 3133 2044 3179 terrenus
2096 3125 2375 3180 caelestem
2437 3127 2747 3194 susciperes
2803 3129 3062 3184 animam.
3126 3132 3195 3185 Et
3259 3132 3356 3186 ubi

1779 3217 1960 3272 anima
1988 3226 2084 3272 tua
2106 3232 2231 3274 cum
2257 3217 2464 3288 Spiritu
2493 3220 3000 3285 communicaverit,
3028 3231 3083 3276 et
3112 3221 3356 3292 ingressa

1779 3309 1949 3364 fuerit
1976 3310 2159 3363 anima
2190 3307 2436 3364 caelestis
2468 3309 2705 3362 animam
2739 3319 2907 3375 tuam,
2937 3320 3052 3365 tum
3080 3313 3360 3381 perlectus

1780 3402 1947 3457 homo
1979 3401 2036 3454 in
2061 3401 2175 3455 Deo
2205 3408 2310 3465 est,
2332 3410 2388 3455 et
2427 3399 2624 3464 hatres,
2647 3410 2703 3455 et
2732 3401 2899 3454 ﬁlius.

1850 3489 1963 3545 Vl].
2015 3489 2490 3556 Quemadmodum
2554 3506 2686 3544 vero
2733 3491 3073 3561 majestatem
3128 3492 3248 3557 Dei,
3301 3503 3361 3549 et

1782 3581 2397 3650 incomprehensibilem
2422 3581 2540 3650 ejus
2570 3590 2847 3646 naturam,
2869 3597 3044 3651 neque
3069 3584 3358 3652 superiora

1783 3672 1979 3726 saecula
2024 3672 2269 3741 capiunt,
2321 3686 2501 3740 neque
2548 3670 2853 3725 inferiora:
2887 3672 2968 3726 sic
3010 3690 3039 3727 e
3090 3688 3359 3728 converso

1785 3761 2154 3815 humilitatem
2204 3762 2323 3825 Dei,
2374 3772 2431 3816 et
2469 3776 2580 3831 quo
2611 3771 2770 3830 pacto
2816 3762 3096 3816 exinaniat
3123 3778 3181 3817 se
3230 3779 3361 3820 cum

1784 3852 2086 3907 humilibus
2106 3861 2161 3907 et
2202 3854 2386 3923 parvis
2409 3893 2423 3916 ,
2458 3870 2561 3908 nec
2596 3854 2820 3922 superni
2855 3854 3078 3917 mundi,
3105 3870 3207 3910 nec
3243 3864 3358 3910 ter-

1786 3946 1903 4003 reni
1926 3949 2191 4017 consequi
2224 3958 2473 4017 possunt.
2504 3948 2976 4013 Quemadmodum
3011 3950 3155 4003 enim
3187 3951 3361 4020 maje-

1785 4048 1897 4095 stas
1941 4042 2062 4111 ejus
2088 4056 2197 4094 non
2229 4040 2742 4109 comprehenditur,
2791 4040 2872 4095 sic
2907 4056 3086 4109 neque
3110 4043 3230 4111 ejus
3264 4043 3361 4096 hu-

1785 4132 2006 4185 militas.
2035 4131 2223 4201 Itaque
2258 4130 2524 4201 contingit
2574 4140 2636 4184 ut
2668 4171 2683 4195 ,
2734 4132 2779 4186 si
2831 4147 2898 4185 ex
2947 4132 3363 4201 dispensatione

1785 4222 2098 4292 subjiciaris
2140 4221 2529 4277 affectionibus
2554 4262 2569 4286 ,
2620 4222 2967 4291 passionibus
2999 4230 3054 4275 et
3091 4224 3365 4294 stigmati-

1784 4314 1909 4376 bus,
1942 4322 2036 4367 aut
2084 4314 2228 4379 aliis,
2253 4328 2375 4383 qua:
2406 4312 2506 4367 tibi
2540 4312 2768 4366 adversa
2805 4313 3085 4377 videntur,
3117 4330 3181 4368 ca
3211 4324 3364 4384 grata

1785 4403 1981 4458 animae
2016 4413 2121 4458 tua:
2160 4402 2429 4458 accidant.
2485 4402 2541 4457 Si
2596 4402 2649 4455 in
2698 4401 2905 4456 mundo
2948 4406 3160 4457 versari
3203 4404 3361 4470 velis,

1786 4506 1841 4552 et
1877 4496 2170 4560 ditescere,
2222 4505 2520 4550 occurrunt
2575 4495 2674 4548 tibi
2734 4494 3075 4550 infortunata
3126 4497 3361 4552 omnia:

1786 4580 1985 4659 incipis
2018 4595 2195 4642 tecum
2225 4586 2541 4641 ratiocinari
2568 4585 2863 4652 :Quoniam
2884 4588 3110 4658 feliciter
3135 4606 3216 4644 res
3240 4605 3367 4645 mea:

1787 4697 1889 4733 non
1929 4687 2284 4733 successerunt
2309 4679 2364 4731 in
2396 4678 2590 4732 mundo
2610 4719 2623 4741 ,
2672 4680 2860 4733 decedo
2893 4697 2955 4734 ac
3017 4683 3287 4748 renuntio,
3319 4689 3367 4735 et

1788 4771 1896 4828 Deo
1926 4772 2167 4825 inservio.
2195 4771 2547 4826 Postmodum
2575 4771 2668 4826 ubi
2694 4772 2802 4827 huc
2824 4774 3168 4841 perveneris,
3207 4773 3368 4828 audis

1791 4863 2107 4918 mandatum
2129 4861 2275 4932 quod
2300 4862 2475 4916 dicit:
2533 4860 2706 4915 Vende
2739 4862 3023 4931 facultates
3054 4873 3197 4927 tuas,
3250 4864 3368 4916 odio

1793 4954 2122 5024 prosequitor
2168 4952 2439 5006 carnalem
2488 4954 2829 5017 societatem,
2902 4955 3095 5008 inserui
3143 4952 3361 5007 Deo";

1794 5053 1913 5099 tum
1946 5044 2144 5114 incipis
2169 5052 2385 5114 gratum
2433 5052 2484 5097 te
2526 5044 2789 5099 exhibere
2823 5044 3069 5099 adversae
3110 5044 3367 5108 fortunat,

1796 5154 1905 5209 qua
1937 5138 1995 5192 in
2042 5136 2251 5190 mundo
2289 5136 2638 5201 obruebaris,
2690 5135 2952 5206 inquiens
2985 5153 2999 5189 :
3034 5133 3191 5191 Illius
3242 5151 3371 5190 sane

69 4864 231 4916 νίαν
291 4863 650 4931 σαρκικήν,
694 4864 1034 4920 δούλευσον
1075 4866 1155 4933 τῷ
1204 4869 1344 4934 Θεῷ.
1387 4870 1519 4922 Τότε
1550 4870 1692 4943 ἄρχῃ

68 4955 463 5025 εὐχαριστεῖν
506 4957 572 5024 τῇ
635 4957 834 5028 ἀτυχίᾳ
878 4975 972 5010 σου
1013 4960 1079 5029 τῇ
1130 4961 1189 5012 ὲν
1237 4960 1314 5030 τῷ
1348 4961 1558 5031 κόσμῳ,
1603 4962 1686 5013 ὃτι

68 5045 166 5097 διὰ
206 5045 567 5116 προφάσεως
598 5043 923 5117 εὑρίσκομαι
958 5050 1200 5119 ὑπήκοος
1229 5051 1327 5121 τῆς
1347 5052 1566 5121 ἐντολῆς
1592 5051 1687 5105 τοῦ

65 5134 385 5206 Χριστοῦ.
436 5133 640 5187 Λοιπὸν
690 5135 738 5187 ει
774 5136 831 5187 ἐν
868 5135 1023 5206 μέρει
1077 5138 1137 5190 ἐν
1188 5141 1300 5201 τοῖς
1344 5135 1690 5209 φαινομένοις

66 5226 348 5296 ῆλλαξάς
388 5239 482 5277 σου
506 5223 594 5277 τὸν
617 5222 761 5289 νοῦν,
797 5226 892 5278 καὶ
941 5225 1298 5297 ἁνεχώρησας
1337 5228 1542 5298 κόσμου
1592 5227 1688 5280 καὶ

67 5315 407 5377 κοινωνίας
436 5314 709 5383 σαρκικῆς
741 5332 755 5347 ·
795 5315 969 5380 οὕτως
1004 5316 1097 5370 οῦν
1123 5319 1226 5388 χρή
1252 5335 1311 5371 σε
1340 5319 1433 5372 καὶ
1472 5320 1552 5382 εἰς
1594 5319 1687 5370 τὸν

63 5405 205 5458 νοῦν
252 5402 585 5471 ἀλλαγῆναι
608 5403 716 5457 ἀπὸ
748 5405 1013 5474 σαρκικοῦ
1060 5408 1411 5477 φρονήματος
1443 5410 1521 5471 είς
1552 5410 1674 5479 φρό-

1793 5414 2057 5478 animum,
2088 5422 2145 5467 et
2184 5430 2215 5468 a
2251 5413 2456 5468 mundo
2490 5428 2553 5467 ac
2591 5413 2798 5469 carnali
2824 5411 3157 5467 commercio
3187 5425 3371 5466 seces-

64 5514 235 5569 νημα
268 5494 567 5565 οὐράνιον.
612 5495 815 5548 Λοιπὸν
860 5496 942 5556 είς
985 5497 1154 5567 αὐτὴν
1194 5499 1293 5568 τήν
1335 5498 1503 5567 ἀκοὴν
1546 5499 1674 5570 ἄρχε

1794 5502 1912 5557 sisti
1942 5518 1955 5555 :
1994 5502 2074 5556 sic
2108 5501 2279 5572 igitur
2306 5509 2525 5570 oportet
2566 5510 2619 5555 te
2658 5515 2879 5570 quoque
2908 5498 3091 5568 quoad
3128 5496 3370 5551 animum

61 5588 441 5659 διακρίνειν,
500 5584 596 5639 καὶ
643 5587 741 5638 οὐκ
773 5585 854 5639 ἔτι
905 5588 1048 5658 ἔχεις
1097 5590 1491 5661 ἀνάπαυσιν,ἢ
1532 5592 1674 5661 μόνοι

1797 5593 2098 5658 immutari,
2139 5610 2168 5647 a
2190 5592 2459 5663 sapientia
2492 5592 2695 5647 carnali
2744 5592 2799 5646 in
2838 5591 3119 5646 cmlcstem
3148 5586 3373 5661 sapieno

1794 5230 2064 5284 occasione
2089 5226 2447 5297 deprehendor
2473 5227 2711 5281 obedienc
2736 5226 2991 5281 mandato
3019 5225 3232 5283 Christi.
3253 5226 3371 5281 Ca:-

1792 5333 1971 5377 terum
2002 5321 2048 5375 si
2088 5334 2156 5374 ex
2206 5327 2399 5391 parte,
2430 5319 2611 5389 quoad
2662 5334 2753 5373 res
2800 5328 3092 5383 externas,
3149 5318 3371 5373 mutasti

138 5770 182 5802 "
214 5765 448 5824 Matth.
476 5778 665 5826 xxvm,
697 5764 785 5818 20.
866 5763 906 5796 ¹¹¹
939 5764 982 5819 ιι
1007 5766 1133 5820 Cor.
1159 5767 1348 5831 vr,16.
1426 5762 1464 5799 ¹⁹
1487 5766 1679 5823 Matth.
1711 5784 1823 5835 xu,
1854 5768 1943 5822 2i.

446 5856 712 5917 Pnaon.
740 5859 855 5921 Gn.
907 5860 1204 5919 XXXIV.

2864 5856 2939 5918 2';
