3966 6508
650 365 756 429 739
788 316 790 319 l

1888 349 1946 409 s.
1988 344 2309 407 MACARII
2352 342 2675 402 /EGYPTII
3751 343 3826 409 της)

648 477 799 532 tiam.
830 470 1183 528 Postmodum
1212 482 1278 521 cx
1307 464 1500 520 eodem
1525 462 1714 517 auditu
1747 460 2061 514 discernere
2088 453 2219 509 inci-

2325 452 2423 521 τὴν
2466 452 2758 521 μέριμναν,
2789 450 2884 504 καὶ
2925 450 3021 504 τὸν
3075 449 3256 515 πόνον,
3292 449 3380 502 ἶνα
3433 449 3601 521 κτήσῃ
3639 449 3666 502 δ
3706 452 3828 520 ἧκον.

646 566 787 637 pies.
836 578 937 617 nec
970 561 1208 629 amplius
1251 557 1415 611 habet
1450 553 1718 623 requiem,
1762 549 1858 604 sed
1904 548 2075 602 solam
2117 559 2217 598 cu-

646 673 764 712 ram
792 664 850 711 et
881 653 1124 709 laborem
1144 692 1159 717 ,
1193 660 1254 704 ut
1285 645 1624 703 nanciscaris
1655 643 1801 714 quod
1826 639 2087 697 audieris.

716 746 855 803 Vlll.
887 745 992 801 Ubi
1024 739 1303 814 putaveris
1335 748 1387 793 te
1414 736 1714 807 perfecisse
1739 732 1945 798 omnia,
1973 745 2040 786 eo
2073 727 2221 798 quod

646 835 1006 899 renuntiaris,
1052 844 1361 887 sermonem
1392 828 1605 882 confert
1671 836 1851 880 tecum
1914 822 2220 877 Dominus:

646 928 783 993 Quid
812 926 1060 997 gloriaris
1085 924 1110 976 7
1136 937 1308 975 nonne
1342 936 1528 990 corpus
1556 928 1703 972 tuum
1734 923 1781 970 et
1812 918 2051 969 animam
2075 922 2222 966 tuam

645 1033 737 1087 ego
766 1015 978 1069 creavi?
1004 1012 1129 1083 quid
1145 1011 1311 1082 fecisti
1339 1018 1395 1065 tu
1429 1011 1453 1064 ξ)
1480 1010 1676 1079 Incipit
1698 1009 1879 1062 anima
1911 1004 2223 1062 confitendo

645 1122 839 1179 rogare
863 1105 1178 1169 Dominum,
1197 1112 1253 1158 et
1274 1104 1481 1169 dicere,
1506 1102 1763 1157 videlicet
1792 1117 1805 1154 :
1826 1100 1939 1154 Tua
1963 1106 2082 1153 sunt
2109 1113 2224 1150 om-

643 1202 755 1266 nia,
787 1202 989 1264 domus,
1030 1199 1084 1252 in
1128 1214 1233 1267 qua
1270 1196 1420 1266 dego,
1470 1204 1561 1249 tua
1610 1200 1729 1247 est:
1763 1192 2073 1245 indumenta
2106 1203 2223 1242 mea

643 1303 735 1347 tua
760 1301 881 1347 sunt
917 1308 987 1347 :a
1014 1299 1066 1344 te
1088 1290 1318 1354 nutrior,
1358 1296 1406 1341 et
1438 1305 1470 1340 a
1495 1296 1543 1340 te
1570 1287 1769 1355 dirigor
1794 1285 1862 1337 ad
1887 1297 2040 1336 omne
2077 1297 2221 1334 emo-

644 1385 954 1439 lumentum.
1008 1380 1148 1434 Tum
1194 1377 1387 1447 incipit
1416 1374 1682 1429 Dominus
1732 1372 1799 1427 ad
1832 1372 1949 1425 haec
1987 1369 2171 1423 dicere
2205 1383 2220 1422 :

643 1472 823 1527 Habeo
842 1472 930 1525 tibi
962 1470 1214 1541 gratiam,
1239 1466 1515 1537 facultates
1548 1473 1652 1519 tua:
1678 1471 1800 1517 sunt
1824 1477 1843 1515 :
1875 1460 2010 1514 bona
2032 1458 2221 1512 volun-

645 1575 727 1619 tas
759 1574 849 1617 tua
904 1573 978 1616 est
1013 1582 1032 1614 .·
1059 1570 1107 1615 et
1134 1560 1194 1614 ob
1248 1568 1395 1612 tuum
1444 1560 1498 1612 in
1548 1572 1632 1611 me
1671 1570 1927 1618 amorem,
1972 1552 2223 1623 quoniam

644 1653 923 1724 confugisti
946 1651 1014 1706 ad
1050 1665 1150 1713 me,
1172 1648 1296 1702 cedo
1320 1663 1338 1701 :
1368 1647 1583 1716 insuper
1606 1645 1739 1698 dabo
1761 1644 1873 1706 tibi,
1900 1656 2017 1707 qua:
2056 1654 2223 1710 neque

645 1754 701 1797 tu
728 1748 977 1797 hactenus
1028 1738 1336 1811 possedisti,
1390 1753 1484 1791 nec
1520 1736 1610 1806 qui
1658 1749 1818 1805 super
1867 1740 2067 1785 terram
2096 1736 2221 1783 sunt

2326 562 2442 604 σας.

2398 721 2477 772 [Γ.
2514 718 2638 771 Ὅτι
2677 714 2920 786 νομίζεις
2945 714 3029 766 ὅτι
3067 710 3528 781 ἐποίησας’πάντα
3553 710 3835 781 ἀποταξάμε.

2323 828 2432 875 νος,
2466 811 2607 863 ποιεῖ
2622 808 2782 876 λόγον
2820 804 2961 874 μετά
2994 802 3087 857 σοῦ
3119 805 3148 856 ό
3196 801 3433 872 Κύριοςο
3462 801 3521 854 Τί
3542 800 3831 869 καυχᾶσαι;

2323 900 2463 970 οὐχὶ
2490 900 2555 954 τὸ
2590 897 2765 969 σῶμά
2792 912 2911 951 σου
2939 894 3037 948 καὶ
3064 893 3181 962 τὴν
3218 891 3435 961 ψυχὴν
3471 890 3584 961 ἐγὼ
3634 892 3838 958 haec;

2323 993 2381 1048 τί
2399 992 2697 1059 ἐποίησας
2734 989 2855 1055 σύ;
2884 987 3108 1057 ἄρχεται
3156 985 3190 1055 ἡ
3243 983 3389 1053 ψυχὴ
3423 982 3835 1053 ἐξομολογουμένη

2322 1083 2538 1137 δέεσθαι
2567 1082 2661 1135 τοῦ
2684 1081 2893 1152 Κυρίου
2921 1079 3015 1133 καὶ
3035 1077 3238 1145 λέγειν,
3258 1076 3341 1128 ὃτι
3362 1075 3565 1128 Πάντα
3595 1074 3671 1127 σά
3692 1075 3837 1137 ἐστιν,

2325 1177 2357 1228 ό
2387 1170 2554 1238 οἶκος
2583 1174 2671 1239 είς
2702 1173 2774 1225 ὅν
2800 1175 2937 1240 ειμι,
2971 1170 3084 1235 σός
3120 1168 3274 1221 ἐστι’
3306 1164 3381 1220 τὰ
3414 1163 3705 1232 ἐνδύματά
3736 1182 3838 1232 μου,

2323 1265 2408 1319 σά
2445 1265 2636 1318 ἐστιν.
2676 1264 2778 1317 Ἐκ
2808 1261 2926 1316 σοῦ
2954 1260 3262 1329 τρέψομαι,
3304 1256 3403 1311 καί
3442 1255 3562 1309 ἀπὸ
3584 1253 3692 1307 σοῦ
3725 1258 3841 1307 οίιιοο

2322 1355 2618 1425 νομοῦμαι
2655 1355 2743 1419 εἰς
2774 1350 2984 1406 πᾶσαν
3013 1350 3244 1418 χρείαν.
3278 1348 3413 1399 Τότε
3450 1346 3673 1416 ἄρχεται
3710 1346 3733 1395 ὁ
3760 1346 3843 1395 Κύ-

2326 1464 2441 1518 ριος
2466 1447 2603 1518 πρὸς
2648 1444 2823 1499 ταῦτα
2854 1442 3055 1509 λέγειν,
3089 1440 3276 1507 Χάριν
3304 1455 3401 1492 σοι
3430 1438 3569 1505 ἔχω,
3602 1434 3671 1488 τὰ
3701 1434 3845 1501 bad;-

2324 1555 2516 1610 χοντα
2548 1535 2633 1590 σά
2670 1536 2801 1589 ἐστι
2826 1551 2842 1566 ·
2873 1533 2938 1587 τὸ
2964 1532 3191 1599 θέλημα
3217 1530 3283 1583 τὸ
3302 1528 3549 1597 ἀγαθὸν,
3589 1527 3698 1580 σόν
3714 1526 3842 1580 ἐστι’

2322 1632 2422 1686 καί
2456 1631 2555 1685 διὰ
2604 1627 2720 1696 τὴν
2748 1628 2899 1695 πρός
2939 1624 3018 1694 μέ
3063 1641 3179 1678 σου
3226 1621 3490 1691 ἀγάπην,
3540 1618 3666 1673 ἐπεὶ
3700 1632 3845 1684 κραν-

2321 1718 2543 1790 ἐφυγές
2575 1735 2698 1788 μοι,
2736 1716 2911 1785 δεῦρο
2934 1713 3154 1768 λοιπὸν
3195 1710 3367 1765 δώσω
3411 1725 3533 1773 σοι,
3583 1705 3846 1761 deﬁniri:

647 1792 698 1797 ’⁷⁷
728 1792 971 1797 """"""
1028 1792 1049 1811 r
1072 1792 1077 1793 ⁷
1128 1792 1135 1793 '
1158 1792 1163 1793 ⁷
1320 1792 1335 1804 ν
1530 1792 1543 1806 ι
1725 1792 1735 1805 υ

641 1834 908 1898 homines,
942 1832 1150 1886 habent.
1195 1830 1380 1900 Accipe
1430 1843 1511 1882 me
1543 1826 1825 1880 Dominum
1869 1840 1987 1877 cum
2037 1822 2219 1876 anima

2322 1812 2431 1879 ἕως
2462 1810 2597 1879 ἄρτι
2645 1807 2901 1874 ἐκτήσω,
2941 1806 3079 1859 οὔτε
3105 1802 3205 1858 ἐπὶ
3242 1802 3353 1872 γῆς
3388 1801 3683 1868 ἄνθρωποι
3710 1797 3845 1865 Exce-

642 1932 829 1991 tua,ut
854 1924 925 1978 sis
950 1930 1201 1995 perpetuo
1236 1936 1438 1974 mecum
1459 1919 1515 1973 in
1544 1916 1729 1971 laetitia
1763 1922 1810 1968 et
1847 1912 2215 1969 exsultatione.

710 2184 805 2240 ιχ.
834 2182 1069 2239 Perinde
1090 2180 1235 2236 enim
1263 2195 1327 2234 ac
1352 2179 1550 2233 mulier
1574 2176 1693 2231 viro
1720 2174 2067 2244 desponsata,
2096 2182 2217 2225 om-

640 2278 734 2335 nia
758 2277 901 2332 bona
944 2290 1063 2341 sua,
1112 2282 1167 2328 et
1198 2280 1367 2327 totam
1406 2269 1591 2324 dotem
1637 2265 1800 2322 olIert
1833 2279 1946 2335 pra:
2006 2273 2221 2317 summo

638 2383 850 2434 amore,
880 2376 936 2423 et
982 2366 1039 2422 in
1074 2380 1270 2420 manus
1319 2361 1425 2418 viri
1457 2359 1706 2431 projicit,
1755 2366 1920 2427 atque
1954 2355 2060 2409 hoc
2091 2354 2168 2407 ait
2202 2371 2215 2406 :

644 2461 823 2515 Meum
854 2458 990 2529 quod
1023 2457 1112 2521 sit,
1142 2452 1271 2508 nihil
1296 2451 1477 2513 habeo,
1516 2449 1653 2504 bona
1684 2464 1799 2501 mea
1827 2453 1917 2498 tua
1940 2452 2061 2498 sunt
2091 2441 2221 2496 :dos

640 2566 847 2620 quoque
897 2556 986 2600 tua
1021 2554 1117 2610 est,
1158 2552 1207 2598 et
1269 2544 1450 2596 anima
1498 2555 1655 2604 mea,
1704 2544 1753 2590 et
1797 2550 1983 2606 corpus
2024 2547 2216 2592 meum,

641 2650 791 2694 tuum
828 2648 900 2693 est
926 2656 943 2694 :
974 2639 1055 2692 sic
1092 2650 1313 2705 quoque
1348 2644 1662 2702 temperans
1711 2628 1893 2683 anima
1934 2635 2019 2680 est
2065 2623 2221 2693 virgo

641 2731 901 2795 Domini,
970 2727 1307 2799 participans
1369 2738 1495 2779 cum
1560 2720 1769 2790 Spiritu
1825 2718 1944 2787 ejus
2006 2722 2218 2770 sancto.

639 2822 867 2893 Oportet
894 2828 1099 2883 autem,
1122 2815 1350 2886 perinde
1379 2829 1443 2869 ac
1464 2813 1602 2883 ipse,
1629 2825 1755 2866 cum
1783 2809 2025 2863 venisset
2052 2820 2221 2875 supra

643 2924 869 2976 terram,
924 2924 1119 2981 passus
1149 2917 1206 2963 et
1248 2904 1546 2961 cruciﬁxus
1577 2911 1681 2965 est,
1734 2910 1789 2954 te
1813 2914 2032 2969 quoque
2056 2895 2219 2951 simul

639 3005 774 3077 pati.
803 3003 907 3059 Ubi
945 3002 1092 3057 enim
1130 2995 1424 3053 recesseris
1450 3010 1480 3049 a
1515 2992 1742 3057 mundo,
1780 3006 1844 3045 ac
1874 2991 2046 3044 Deum
2073 3002 2224 3058 quaa-

641 3112 764 3150 rcre
792 3093 1047 3163 coeperis,
1101 3099 1158 3145 et
1197 3089 1532 3150 discernere,
1580 3089 1854 3152 superest,
1889 3088 1951 3134 ut
1978 3094 2216 3150 pugnam

642 3186 797 3242 ineas
829 3199 953 3237 cum
976 3189 1175 3235 natura
1221 3187 1335 3241 tua,
1372 3172 1617 3243 antiquis
1650 3169 1913 3225 nimirum
1943 3167 2213 3231 moribus,

642 3272 1042 3331 consuetudine
1068 3268 1165 3322 tibi
1189 3267 1395 3320 innata.
1433 3263 1501 3317 Et
1532 3262 1677 3315 inter
1707 3257 2057 3330 pugnandum
2092 3271 2216 3311 cum

643 3363 1070 3425 consuetudine,
1098 3357 1310 3428 reperis
1331 3354 1692 3425 cogitationes
1728 3351 2063 3406 reluctantes
2092 3347 2215 3409 tibi,

642 3466 701 3514 et
727 3464 1093 3526 repugnantes
1125 3450 1309 3505 animo
1334 3457 1426 3501 tuo
1452 3464 1465 3500 :
1498 3460 1618 3516 qua:
1637 3443 1996 3513 cogitationes
2031 3449 2083 3494 te
2111 3449 2219 3493 tra-

644 3551 808 3613 hunt,
862 3555 918 3602 et
968 3543 1124 3615 123
1157 3550 1485 3610 occupatum
1537 3536 1777 3591 reddunt
1833 3534 2019 3595 rebus,
2074 3530 2218 3585 unde

643 3639 897 3702 exivisti,
938 3637 1114 3692 oculis
1173 3632 1454 3702 subjectis.
1513 3629 1784 3696 Deinceps
1829 3624 2028 3694 incipis
2080 3638 2221 3693 prae-

644 3730 779 3784 lium
820 3739 1113 3781 conserere
1135 3737 1198 3776 ac
1224 3704 1448 3783 bellum,
1488 3717 1848 3787 cogitationes
1878 3726 2102 3766 movens
2124 3708 2221 3764 ad-

646 3833 839 3875 versus
898 3815 1296 3886 cogitationes,
1352 3818 1592 3865 mentem
1646 3807 1911 3861 adversus
1954 3811 2218 3866 mentem,

647 3911 886 3967 animam
914 3907 1179 3960 adversus
1202 3903 1471 3965 animam,
1501 3899 1765 3969 Spiritum
1801 3896 2063 3951 adversus
2092 3891 2218 3961 Spi-

644 4004 812 4058 ritum
849 4018 861 4053 :
891 4008 1149 4054 cancrum
1175 3996 1287 4049 illic
1314 4004 1770 4062 aatcrna'quoquc
1810 3989 1991 4044 anima
2018 3994 2217 4056 praesto

642 4102 747 4151 εει.

716 4187 785 4243 Χ.
816 4186 973 4241 Latet
1001 4184 1149 4240 enim
1172 4182 1387 4237 occulta
1420 4178 1670 4249 quaedam
1699 4185 1755 4231 et
1789 4176 2008 4232 subtilis
2047 4174 2221 4229 facul-

646 4287 731 4336 tas
778 4276 1155 4339 tenebrarum,
1201 4271 1446 4327 insidens
1492 4268 1668 4323 cordi.
1710 4268 1972 4322 Dominus
2004 4280 2222 4335 quoque

646 4386 821 4441 prope
866 4368 1106 4422 animam
1150 4372 1207 4419 et
1239 4377 1441 4432 corpus
1471 4370 1622 4415 tuum
1666 4367 1777 4423 est,
1824 4368 2075 4429 spectans
2122 4373 2223 4426 pu-

2319 1918 2447 1959 σιν.
2492 1901 2624 1972 Ἐμὲ
2647 1899 2797 1955 λαϐὲ
2821 1900 2928 1952 τὸν
2958 1895 3177 1964 Κύριόν
3202 1909 3321 1947 σου
3359 1892 3513 1961 μετὰ
3548 1889 3659 1957 τῆς
3686 1886 3847 1955 ψυχῆς

2320 2010 2461 2060 σου,
2488 1994 2591 2047 ἵνα
2623 1988 2698 2064 ᾖς
2725 1991 2983 2044 πάντοτε
2996 1988 3124 2058 μετ’
3147 1986 3297 2057 ἐμοῦ
3327 1978 3748 2053 εὐφραινομέιη
3772 1979 3842 2031 ul

2319 2083 2729 2157 ἁγγαίλιῶσα.

2390 2177 2468 2233 Θί.
2502 2177 2713 2245 Ὠσπερ
2743 2172 2852 2243 γὰρ
2875 2169 3013 2239 γυνὴ
3055 2163 3511 2239 μεμνηστευμένη
3544 2162 3714 2234 ἀνδρὶ,
3742 2160 3844 2215 πάνυ

2320 2285 2389 2324 τα
2417 2266 2487 2321 τὰ
2518 2267 2833 2336 ὑπάρχοντα
2860 2262 3049 2331 αὐτῆς,
3099 2256 3195 2311 καὶ
3224 2256 3353 2327 ὅλην
3377 2254 3477 2323 τὴν
3528 2257 3723 2321 προῖκα
3747 2254 3847 2304 am-

2321 2360 2479 2430 φέρει
2507 2359 2571 2411 ὲκ
2605 2355 2802 2425 πολλῆς
2835 2354 3055 2421 ἀγάπης
3095 2352 3175 2413 εἰς
3206 2348 3307 2412 τάς
3344 2348 3533 2416 χεῖρας
3564 2343 3754 2414 ῥίψασα
3774 2340 3846 2393 τοῦ

2321 2451 2534 2521 ἀνδρὸς,
2569 2450 2663 2501 καὶ
2692 2446 2849 2500 τοῦτο
2878 2445 3047 2513 λέγει,
3091 2443 3271 2511 Ἐμὸν
3298 2438 3480 2493 οὐδὲν
3496 2437 3639 2502 ἔχω,
3668 2435 3733 2487 τὰ
3755 2433 3849 2501 ipsi

2320 2541 2673 2610 ὑπάρχοντα
2716 2536 2802 2592 σά
2825 2537 2954 2591 ἐστι
2977 2552 2992 2569 ο
3049 2532 3149 2587 καὶ
3188 2530 3363 2600 προὶξ
3389 2528 3471 2594 σή
3530 2528 3680 2589 ἐστι,
3712 2524 3791 2575 καί
3821 2524 3849 2589 ἡ

2320 2633 2432 2702 ἐμὴ
2465 2630 2635 2701 ψυχὴ
2675 2629 2774 2684 καὶ
2802 2628 2868 2682 τὸ
2901 2626 3070 2696 σῶμα
3086 2625 3154 2678 τὸ
3174 2624 3344 2694 ἐμὸν,
3370 2623 3489 2675 σόν
3517 2620 3716 2673 ἐστιν’
3743 2615 3853 2669 οὕτω

2323 2726 2417 2779 καὶ
2447 2724 2481 2794 ἡ
2518 2723 2750 2792 σώφρων
2780 2721 2927 2789 ψυχὴ
2956 2718 3223 2788 παρθένος
3252 2716 3371 2768 ἐστὶ
3407 2712 3486 2782 τῷ
3534 2711 3735 2781 Κυρίῳ,
3763 2726 3849 2759 κοι-

2321 2815 2567 2869 νωνοῦσα
2586 2812 2665 2884 τῷ
2688 2811 2828 2882 ἁγίῳ
2861 2808 3023 2864 αὐτοῦ
3054 2805 3355 2877 Πνεύματι.
3390 2804 3512 2875 Χρὴ
3543 2803 3603 2854 δέ
3629 2819 3683 2854 σε
3704 2801 3852 2867 ὥσπερ

2322 2904 2484 2967 αὐτὸς
2518 2904 2612 2956 ἐπὶ
2639 2903 2743 2970 γῆς
2769 2899 2938 2953 ἐλθὼν
2968 2898 3157 2960 ἔπαθε,
3199 2896 3294 2949 καὶ
3323 2891 3673 2963 ἐσταυρώθη,
3708 2891 3787 2942 καὶ
3808 2890 3850 2941 σὲ

2324 2996 2655 3068 συμπαθεῖν.
2683 2995 2854 3048 Ὅταν
2881 2991 2990 3062 γὰρ
3018 2989 3381 3059 ἀναχωρήσῃς
3407 2985 3506 3039 τοῦ
3538 2985 3754 3053 κόσμου,
3785 2983 3854 3034 καὶ

2322 3088 2463 3163 ἄρξῃ
2492 3088 2677 3159 ζητεῖν
2724 3085 2816 3138 τὸν
2866 3083 2999 3137 Θεὸν
3033 3082 3129 3135 καὶ
3178 3079 3498 3148 διακρίνειν,
3530 3076 3713 3129 λοιπὸν
3740 3077 3854 3143 μάχῃ

2317 3181 2383 3249 τῇ
2429 3177 2588 3245 φύσει
2639 3191 2734 3228 σου
2781 3174 2840 3226 ὲν
2878 3173 2992 3235 τοῖς
3041 3169 3289 3231 παλαιοῖς
3333 3167 3491 3238 ήθεσι
3529 3166 3625 3217 καὶ
3658 3166 3719 3233 τῇ
3756 3180 3853 3214 συν-

2320 3263 2535 3341 ηθείᾳῇ
2566 3262 2981 3333 συνεγεννήθης.
3005 3262 3115 3315 Καὶ
3148 3262 3205 3312 ὲν
3246 3258 3325 3329 τῷ
3358 3257 3635 3328 μάχεσθαι
3661 3257 3721 3323 τῇ
3752 3270 3849 3305 συν·

2320 3358 2497 3429 ηθείᾳ,
2533 3356 2807 3427 εὑρίσκεις
2855 3353 3145 3422 λογισμοὺς
3194 3348 3615 3417 ἀντικειμένους
3663 3362 3737 3399 σοι
3779 3346 3849 3396 καὶ

2324 3447 2668 3516 μαχομένους
2697 3444 2777 3514 τῷ
2801 3445 2878 3516 νῷ
2901 3460 3017 3507 σου,
3069 3441 3165 3495 καὶ
3196 3439 3415 3493 ἓλκουσί
3446 3456 3506 3491 σε
3543 3440 3596 3490 οἱ
3624 3436 3853 3504 λογισμοέ,

2321 3538 2416 3589 καὶ
2456 3535 2849 3605 ρεμὸάζουσιν,
2908 3534 3030 3587 ὅθεν
3062 3531 3287 3603 ἐξῆλθες
3325 3532 3406 3592 εἰς
3442 3530 3508 3582 τὸ
3549 3527 3851 3597 φαινόμενον.

2325 3630 2506 3700 Ἀρχῃ
2533 3627 2720 3679 λοιπὸν
2756 3627 2931 3678 ποιεῖν
2963 3624 3151 3691 ἀγῶνα
3180 3623 3275 3676 καὶ
3305 3622 3567 3691 πόλεμον,
3600 3620 3851 3686 λογισμοὺς

2321 3718 2486 3772 κινῶν
2513 3718 2651 3787 πρὸς
2681 3715 2994 3786 λογισμοὺς,
3052 3712 3176 3769 νοῦν
3215 3712 3351 3785 πρὸς
3380 3711 3527 3774 νοῦν,
3561 3710 3731 3781 ψυχὴν
3749 3710 3853 3775 πρὶς

2319 3808 2521 3878 ψυχὴν,
2553 3805 2771 3875 πνεῦμα
2799 3806 2935 3877 πρὸς
2961 3804 3177 3874 πνεῦμα
3200 3820 3215 3835 ο
3269 3802 3363 3857 καὶ
3392 3802 3584 3858 λοιπὸν
3618 3803 3727 3856 ἐκεῖ
3752 3802 3855 3852 aiu-

2322 3899 2409 3952 νία
2434 3898 2468 3968 ἡ
2504 3896 2677 3967 ψυχή.

2394 4166 2448 4220 I'.
2487 4164 2955 4219 Ἀποκαλύπτεται
2986 4163 3095 4233 γὰρ
3123 4161 3480 4232 κεκρυμμένη
3502 4177 3590 4223 τις
3619 4160 3709 4213 καὶ

2322 4256 2548 4327 δύναμις
2578 4257 2671 4310 τοῦ
2705 4256 2931 4317 σκότους
2973 4254 3408 4322 ὲγκαθεζομένου
3433 4255 3501 4321 τῇ
3528 4252 3719 4321 καρδίᾳ
3745 4266 3759 4282 ο
3784 4266 3851 4299 και

2323 4352 2351 4402 ὁ
2396 4347 2601 4419 Κύριος
2645 4347 2812 4415 ἔγγὺς
2848 4345 2947 4415 τῆς
2986 4346 3162 4415 ψυχῆς
3212 4344 3306 4396 καὶ
3347 4343 3442 4395 τοῦ
3490 4342 3736 4412 σώματός
3784 4338 3850 4392 sit}

648 4476 809 4530 gnam
845 4468 1016 4522 tuam,
1044 4464 1102 4510 et
1143 4468 1371 4509 arcanas
1417 4452 1665 4507 cmlestes
1694 4449 2052 4520 cogitationes
2079 4446 2219 4501 indit

2325 4442 2469 4494 ἐστιν
2495 4439 2635 4512 ὀρῶν
2661 4440 2752 4493 τὸν
2784 4437 3017 4508 πόλεμόν
3046 4453 3160 4500 σου,
3184 4438 3279 4489 καὶ
3301 4436 3583 4503 κρυπτοὺς
3604 4435 3849 4501 λογισμοδς

650 4549 771 4616 tibi,
803 4558 967 4619 atque
1008 4546 1203 4616 incipit
1231 4546 1368 4598 clam
1406 4552 1458 4597 te
1500 4541 1827 4596 refocillare.
1859 4537 2095 4592 Dimittit
2122 4551 2220 4590 au-

648 4652 760 4696 tem
806 4647 892 4703 te,
937 4638 1113 4693 donec
1153 4633 1456 4695 erudiaris,
1485 4641 1541 4688 et
1585 4632 1641 4686 in
1673 4630 1805 4700 ipsis
1833 4627 2221 4683 afﬂictionibus

648 4732 836 4801 dirigit
867 4740 919 4785 te
943 4728 1115 4799 gratia
1145 4746 1157 4780 :
1186 4742 1307 4797 qua:
1336 4724 1428 4779 ubi
1453 4740 1483 4778 a
1514 4739 1694 4794 pugna
1732 4720 1798 4775 ad
1829 4720 2067 4788 quietem
2094 4734 2219 4787 per-

646 4819 892 4883 veneris,
947 4815 1381 4889 cognoscendam
1441 4813 1543 4868 tibi
1594 4827 1653 4868 se
1709 4811 1882 4881 ipsam
1929 4808 2129 4873 tradit,
2165 4817 2222 4863 et

647 4920 1044 4969 commonstrat
1088 4910 1209 4974 tibi,
1241 4924 1299 4964 se
1328 4908 1395 4963 ad
1439 4906 1869 4961 emolumentum
1902 4912 2057 4958 tuum
2096 4918 2222 4972 pcr-

646 5005 896 5069 misisse,
947 5011 1009 5057 ut
1056 5000 1385 5057 exercearis.
1435 4998 1668 5055 Perinde
1713 5011 1776 5052 ac
1825 4997 1873 5051 si
1919 4995 1991 5050 sit
2036 4992 2223 5049 divitis

647 5095 933 5168 cujusdam
982 5108 1153 5165 puer,
1197 5092 1292 5163 qui
1344 5092 1542 5146 habeat
1588 5089 1975 5160 paedagogum,
2033 5085 2221 5140 tandiu

646 5188 869 5258 quidem
914 5187 1048 5242 loris
1077 5186 1231 5241 illum
1262 5185 1455 5251 caedit;
1488 5192 1543 5239 et
1575 5181 1879 5253 castigatio,
1905 5178 2134 5234 vulnera
2159 5193 2223 5233 ac

647 5279 818 5350 plagae
845 5277 1089 5331 molesta:
1119 5276 1170 5330 ei
1197 5275 1476 5339 videntur,
1506 5272 1682 5328 donec
1705 5271 1889 5327 evadit
1919 5270 1973 5324 in
2002 5269 2217 5334 virum;

648 5380 781 5425 tunc
808 5384 943 5423 vero
988 5367 1181 5436 incipit
1224 5374 1441 5437 gratum
1489 5379 1548 5419 se
1590 5363 1853 5418 exhibere
1884 5361 2217 5432 padagogo:

647 5463 727 5517 sic
745 5474 964 5531 quoque
992 5460 1165 5529 gratia
1185 5473 1307 5511 cum
1332 5454 1742 5525 dispensatione
1770 5452 2019 5523 castigat,
2046 5452 2221 5507 donec

650 5552 707 5607 in
741 5551 1044 5623 perfectum
1080 5551 1276 5603 virum
1296 5547 1517 5603 evadas.

716 5642 810 5695 XI.
841 5641 1094 5711 Agricola
1125 5655 1309 5694 semen
1352 5639 1408 5693 in
1434 5652 1819 5709 quamcunque
1847 5643 2057 5707 partem
2089 5648 2220 5705 pro-

647 5729 785 5802 jicit,
821 5738 874 5785 ct
909 5730 1001 5801 qui
1046 5730 1251 5800 plantat
1280 5729 1518 5798 vineam,
1554 5730 1704 5801 cupit
1740 5740 1798 5785 ut
1838 5738 1949 5785 tota
1978 5728 2218 5783 fructum

2322 4532 2607 4603 οὐρανίους
2632 4530 2871 4601 ἐντίθησι
2898 4545 2998 4591 σοι,
3033 4528 3131 4581 καὶ
3155 4528 3381 4597 ἄρχεται
3402 4528 3704 4582 ἀναπαύειν
3736 4543 3785 4578 σε
3808 4529 3851 4577 ἐν

2320 4623 2397 4693 τῷ
2428 4622 2675 4695 κρυπτῷ.
2716 4621 2931 4691 ’Λφίησι
2957 4619 3013 4673 δέ
3045 4636 3104 4672 σε
3135 4620 3269 4681 τέως
3293 4619 3672 4690 παιδευθῆναι,
3696 4620 3849 4677 nisi:

2322 4715 2491 4777 αὐτὰς
2536 4715 2634 4777 τὰς
2681 4713 2888 4782 θλίψεις
2934 4712 3207 4781 οἰκονομεῖ
3260 4728 3319 4762 σε
3349 4712 3384 4781 ἡ
3413 4711 3609 4780 χάρις·
3636 4712 3722 4765 καὶ
3758 4712 3851 4763 ὅταν

2322 4806 2480 4878 ἔλθῃς
2505 4806 2583 4869 είς
2612 4806 2938 4866 ἀνάπαυσιν,
2964 4804 3213 4873 γνωρίζει
3233 4818 3315 4855 σοι
3333 4802 3556 4871 ἑαυτὴν,
3582 4804 3675 4855 καί⁵
3692 4803 3852 4854 δείκη-

2324 4897 2376 4950 σί
2404 4914 2505 4961 σοι,
2540 4897 2621 4950 ὃτι
2666 4896 2808 4967 ὑπὲρ
2838 4894 2930 4949 τοῦ
2968 4895 3338 4966 συμφέροντός
3378 4910 3475 4946 σου
3532 4892 3850 4965 παρεχώρησε

2322 4989 2697 5059 γυμνασθῆναί
2726 5005 2807 5042 σε.
2836 4988 3042 5059 Ὠσπερ
3076 4989 3205 5041 ὅταν
3300 4986 3560 5040 πλουσίου
3590 4985 3728 5046 τινὸς
3754 5001 3851 5035 παι-

2321 5080 2450 5144 δίον,
2482 5081 2576 5134 καὶ
2607 5080 2706 5152 ἔχῃ
2741 5078 3093 5148 παιδαγωγὸν
3114 5119 3129 5145 ,
3178 5080 3317 5142 τέως
3365 5080 3465 5149 μὲν
3506 5077 3703 5148 λὼροις
3728 5074 3850 5130 aiam

2323 5172 2624 5243 βασανίζει,
2655 5174 2749 5227 καὶ
2785 5175 2819 5245 ἡ
2848 5173 3088 5238 παιδεία,
3114 5172 3208 5226 καὶ
3240 5171 3312 5227 τὰ
3337 5172 3655 5242 τραύματα,
3702 5169 3785 5222 καὶ
3812 5166 3850 5217 :1

2323 5266 2531 5337 πληγαί⁵
2577 5266 2792 5337 βαρεῖαι
2840 5266 3144 5336 φαίνονται,
3202 5264 3308 5328 ἕως
3334 5267 3424 5319 ὅτε
3452 5265 3681 5333 γένηται
3709 5260 3849 5327 ἀνὴρ.

2320 5359 2444 5412 τότε
2473 5358 2531 5412 δὲ
2564 5359 2789 5429 ἄρχεται
2832 5357 3173 5427 εὐχαριστεῖν
3205 5355 3284 5425 τῷ
3319 5355 3654 5423 παιδαγωγῷ
3674 5371 3687 5382 ⁸
3716 5351 3849 5409 οὔτως

2323 5451 2418 5503 καὶ
2445 5452 2477 5520 ἡ
2510 5450 2668 5519 χάρις
2701 5448 3063 5519 οἰκονομικῶς
3099 5447 3339 5499 παιδεύει
3369 5485 3385 5511 ,
3417 5446 3524 5509 ἕως
3558 5448 3653 5508 ,ὅτε
3679 5441 3849 5512 φθάστις

2323 5543 2401 5604 εἰς
2429 5542 2633 5594 τέλειον
2662 5540 2851 5610 ἄνδρα.

2396 5636 2497 5691 IA'.
2527 5634 2583 5687 Ὀ
2608 5633 2849 5703 γεωργὸς
2871 5632 2963 5685 τὸν
2994 5630 3194 5699 σπόρον
3217 5629 3485 5700 πανταχοῦ
3520 5628 3717 5698 ῥίπτει,
3735 5616 3847 5675 καὶὸ

2325 5726 2569 5795 φυτεύων
2599 5723 2865 5795 ἄμπελον,
2899 5722 3063 5790 θέλει,
3087 5722 3175 5778 ἵνα
3195 5721 3291 5791 ὅλη
3317 5718 3729 5793 καρποφορήσῃ.
3748 5713 3846 5764 Λοι-
