3966 6530
141 351 235 417 741

1249 347 1619 410 HOMILI/E.
1651 373 1722 385 --
1754 349 1941 411 HOM.
1978 347 2259 411 XXXIII.

3288 353 3393 419 742

144 469 235 521 πὸν
257 461 349 521 οῦν
375 465 627 537 ἐπιφέρει
650 464 712 519 τὸ
743 462 1034 536 δρέπανον,
1068 461 1164 516 καὶ
1204 464 1252 515 εί
1281 464 1358 535 μὴ
1381 463 1531 535 εὕροι
1566 481 1704 534 καρ-

1831 463 2089 544 »ι-οΐετεις
2115 460 2464 533 postmodum
2493 476 2625 532 ergo
2655 462 2805 518 illata
2832 462 2991 530 falce,
3022 479 3069 519 ει
3094 480 3203 520 non
3233 466 3389 523 inve-

144 560 256 624 πδν,
285 559 534 611 λυπεῖται
560 574 577 589 °
607 556 782 621 οὕτως
815 557 910 610 καὶ
936 558 966 609 ὁ
1000 554 1203 626 Κύριος
1226 556 1317 609 τὸν
1350 556 1509 624 λόγον
1537 555 1704 610 αὐτοῦ

146 650 410 721 σπαρῆναι
433 647 578 702 θέλει
599 649 679 711 είς
697 649 798 711 τὰς
828 648 1057 718 καρδίας
1077 647 1184 701 τῶν
1209 646 1532 718 ἀνθρώπων.
1565 647 1707 700 Ἀλλ’

142 743 323 813 ὥσπερ
341 742 370 794 ὁ
398 740 640 810 γεωργὸς
669 742 726 794 ὲν
744 742 811 809 τῇ
845 740 1095 809 ἀποκένῳ
1120 737 1275 811 χώρᾳ
1296 735 1546 792 λυπεῖται
1563 754 1576 768 ·
1610 735 1708 792 οὓ-

142 852 243 898 τως
272 835 366 887 καὶ
383 836 412 886 ὁ
438 832 643 903 Κύριος
674 832 733 883 ὲν
765 834 831 901 τῇ
859 832 1109 900 ἀποκένῳ
1131 830 1330 901 καρδίᾳ
1355 830 1451 884 καὶ
1482 830 1558 901 μὴ
1579 848 1712 903 καρ-

148 926 448 997 ποφορούσῃ
493 923 763 977 λυπεῖται.
804 923 1015 994 Ὥσπερ
1067 924 1116 975 oi
1180 923 1374 993 ἄνεμοι
1431 924 1707 994 πανταχοῦ

144 1019 393 1070 πνέουσιν
448 1015 530 1077 είς
592 1015 775 1065 πᾶσαν
816 1013 914 1081 τὴν
968 1012 1169 1079 κτίσιν,
1216 1013 1313 1065 κα)⁸
1339 1010 1531 1083 ῶσπερ
1558 1011 1708 1082 ἥλιος

142 1108 284 1179 πάσῃ
341 1110 410 1176 τῇ
469 1105 766 1177 οἰκουμένῃ
817 1102 1363 1174 ἐπιλάμπειοοῦτως
1419 1106 1453 1175 ὴ
1517 1102 1710 1171 θεότης

142 1196 412 1267 πανταχοῦ
448 1198 563 1248 ἐστι
591 1234 608 1259 ,
654 1194 750 1248 καὶ
783 1194 1057 1264 πανταχοῦ
1101 1192 1436 1265 εὑρίσκεται.
1492 1194 1557 1246 Et
1613 1193 1711 1264 ζη-

140 1291 250 1351 τεῖς
290 1288 451 1340 αὐτὸν
502 1287 561 1337 ὲν
602 1288 716 1349 τοῖς
771 1287 1056 1356 οὐρανοῖς,
1114 1287 1232 1338 ἐκεῖ
1279 1284 1597 1355 εὑρίσκεται
1652 1287 1711 1339 ἐν

137 1382 249 1442 τοῖς
280 1380 558 1449 λογισμοῖς
592 1379 699 1429 τῶν
721 1376 970 1445 ἀγγέλων
990 1392 1004 1406 ⁸
1030 1379 1079 1430 εί
1106 1378 1288 1448 ζητεῐς
1310 1375 1472 1430 αὑτὸν
1496 1378 1588 1429 ἐπὶ
1612 1376 1713 1445 τῆς

136 1472 264 1540 γῆς,
314 1471 409 1524 καὶ
453 1463 556 1524 ὧδε
601 1468 914 1539 εὑρίσκεται
944 1470 1001 1521 ἐν
1044 1472 1162 1530 ταῖς
1196 1468 1449 1540 καρδίαις
1476 1468 1582 1521 τῶν
1614 1469 1711 1521 ἀνο

138 1561 393 1631 θρώπων.
463 1560 596 1616 Ἀπὸ
657 1559 868 1615 πολλῶν
940 1560 997 1613 δὲ
1051 1560 1222 1628 ὀλίγοι
1271 1560 1615 1629 εὑρίσκονται
1662 1559 1712 1612 oi

135 1654 561 1725 εὐαρεστοῦντες
592 1653 741 1723 αὑτῷ
769 1654 1108 1722 Χριστιανοί.
1140 1652 1278 1719 Δόξα
1331 1653 1426 1706 καὶ
1482 1653 1716 1723 μεγαλον-

136 1748 378 1817 πρέπεια
408 1745 602 1815 Πατρὶ,
633 1746 729 1798 καὶ
777 1744 893 1816 Υίῷ
914 1785 930 1812 ,
962 1746 1058 1799 καλ⁴
1099 1745 1240 1815 ἁγίῳ
1278 1742 1592 1814 Πνεύματι,
1634 1745 1714 1806 εἰς

134 1841 264 1905 τοὺς
296 1839 519 1902 αἰῶνας.
549 1838 744 1910 Ἀμήν.

721 1950 969 2007 ΟΜΙΛΙΑ
1002 1950 1128 2008 AI”.

147 2045 572 2112 Ἀδιαλείπτως
605 2045 706 2099 καί
735 2046 1053 2169 προσεέῶς
1076 2045 1174 2099 δεῖ
1198 2044 1278 2113 τῷ
1303 2042 1425 2113 Θεῷ
1448 2046 1713 2118 προσεύ-

813 2132 927 2169 γεσ
964 2133 1046 2169 αι.

810 2132 1046 2185 χεσυαι.

208 2225 291 2281 A'.
327 2227 417 2279 Δει
445 2227 615 2296 ἡμᾶς,
662 2225 914 2297 μὴκατὰ
969 2225 1092 2289 ἔθος
1146 2226 1458 2296 σωματικὸν
1491 2265 1508 2289 ,
1573 2228 1714 2298 μήτε

132 2317 392 2383 κραυγῆς
419 2312 551 2377 ἔθει,
592 2316 729 2383 μήτε
767 2314 1026 2386 συνηθείᾳ
1052 2318 1284 2385 σιωπῆς,
1318 2317 1456 2385 μήτε
1484 2317 1715 2380 κλίσεως

130 2408 383 2473 γονάτων
440 2407 839 2478 προσεύχεσθαι
888 2424 902 2439 ·
968 2408 1105 2461 ἀλλά
1156 2408 1443 2483 νηφαλέως
1510 2408 1589 2478 τῷ
1637 2408 1713 2477 νῷ

131 2498 511 2568 προσέχοντας
543 2490 851 2569 προσδοκᾷν
884 2498 977 2552 τὸν
1006 2499 1139 2552 Θεὸν
1183 2500 1313 2552 πότε
1368 2501 1586 2569 ὲπιστῇ,
1620 2500 1716 2551 καὶ

131 2590 509 2660 ἐπισκέψηται
536 2591 623 2644 διὰ
656 2592 845 2644 πασῶν
874 2590 984 2643 τῶν
1016 2590 1210 2657 ἐξόδων
1238 2589 1338 2661 τὴν
1369 2591 1580 2661 ψυχὴν,
1622 2592 1717 2643 καὶ

130 2681 250 2734 τῶν
266 2682 467 2752 τρίϐων
489 2683 653 2750 αὐτῆς
683 2684 780 2736 καὶ
809 2682 1197 2754 αἰσθητηρίων.
1218 2683 1328 2737 Καὶ
1355 2682 1527 2746 οὕτως
1554 2683 1717 2754 ἡνίκα

131 2775 250 2845 χρὴ
303 2776 511 2845 σιωπᾷν
532 2814 547 2838 ,
579 2775 674 2828 καὶ
705 2774 869 2845 ἡνίκα
901 2775 1030 2846 βοᾷν
1069 2776 1175 2846 χρὴ
1206 2813 1221 2838 ,
1265 2775 1363 2829 καὶ
1409 2777 1467 2828 ἐν
1500 2777 1716 2845 κραυγῇ

132 2865 570 2935 προσεύχεσθαι,
605 2866 765 2935 μόνον
799 2868 827 2919 ό
867 2866 991 2929 νοῦς
1022 2867 1336 2937 ἐρρωμένος
1446 2865 1581 2936 πρὸς
1628 2865 1719 2917 τὸν

131 2958 303 3011 Θεόν.
331 2959 544 3029 Ὥσπερ
571 2959 679 3030 γὰρ
701 2958 762 3011 τὸ
795 2958 954 3029 σῶμα
982 2958 1110 3012 ὅταν
1141 2958 1447 3029 ὲργάζηταί
1490 2975 1567 3022 τι,
1601 2958 1721 3010 ὅλον

131 3051 213 3104 δι’
245 3052 369 3106 ὅλου
397 3052 778 3122 άποσχολεῖται
826 3052 1148 3123 ἐγκείμενον
1177 3052 1256 3123 τῷ
1276 3051 1443 3122 ἔργῳ,
1473 3052 1565 3105 καὶ
1598 3051 1722 3103 πάν-

1809 556 1926 611 niat
1957 555 2219 621 fructum,
2251 568 2490 610 maerore
2521 553 2757 609 aﬂicitur
2791 573 2805 609 :
2837 555 2918 610 sic
2949 572 3169 626 quoque
3196 559 3385 613 Domi~

1811 664 1917 703 nus
1946 647 2178 703 verbum
2212 660 2374 700 suum
2428 645 2689 701 seminari
2721 646 2840 701 vult
2884 647 2943 702 in
2989 649 3250 705 cordibus
3286 650 3389 704 ho-

1814 740 2048 793 minum.
2079 739 2280 793 Verum
2327 737 2557 807 perinde
2603 753 2668 793 ac
2713 739 2954 809 agricola
2990 740 3062 794 oh
3110 741 3388 811 regionem

1812 834 2033 888 inanem
2079 832 2336 903 angitur;
2390 831 2471 885 sic
2520 845 2740 901 quoque
2789 832 3055 886 Dominus
3105 831 3174 886 de
3216 848 3391 887 vacuo

1811 924 1998 990 corde,
2022 939 2125 979 nec
2158 922 2369 976 fructus
2403 920 2766 991 producente,
2791 922 3167 978 contristatur.
3193 921 3394 988 Quem-

1811 1015 2105 1071 admodum
2142 1016 2295 1072 venti
2343 1015 2582 1085 perﬂant
2614 1014 2820 1084 ubique
2866 1024 3121 1069 cunctam
3177 1022 3395 1069 creatu-

1814 1124 1959 1174 ram;
1985 1117 2041 1163 et
2062 1107 2526 1178 quemadmodum
2549 1106 2630 1161 sol
2651 1121 2870 1161 omnem
2892 1116 3097 1161 terram
3118 1108 3390 1165 illustrat.

1814 1201 1897 1255 sic
1919 1200 2097 1254 deitas
2118 1198 2322 1267 ubique
2343 1206 2448 1264 est,
2470 1209 2525 1254 et
2545 1197 2751 1267 ubique
2784 1198 3076 1266 reperitur.
3100 1197 3157 1251 Si
3177 1213 3392 1267 quaaras

1816 1292 1970 1346 illum
2003 1291 2059 1345 in
2087 1291 2264 1355 caelis,
2294 1290 2407 1345 illic
2437 1289 2715 1359 reperitur
2753 1290 2807 1343 in
2838 1289 3266 1357 cogitationibus
3298 1305 3393 1343 an-

1814 1383 2093 1453 gelorum;
2119 1381 2165 1436 si
2188 1396 2400 1451 quaeras
2428 1396 2556 1436 eum
2582 1379 2636 1433 in
2668 1388 2833 1442 terra,
2865 1379 2956 1431 hic
2981 1394 3199 1449 quoque
3235 1395 3393 1449 repe-

1815 1472 1958 1526 ritur
2006 1471 2063 1526 in
2109 1470 2371 1525 cordibus
2416 1468 2723 1523 hominum.
2760 1466 2804 1521 Ε
2848 1467 3038 1520 multis
3068 1481 3200 1521 vero
3228 1465 3392 1534 pauci

1814 1563 2195 1632 reperiuntur,
2226 1563 2322 1633 qui
2356 1562 2612 1633 placeant
2645 1560 2756 1614 Deo
2781 1557 3102 1613 Christiani.
3134 1555 3317 1611 Gloria
3339 1566 3396 1609 et

1816 1654 2222 1725 magniﬁcentia
2251 1653 2421 1720 Patri,
2448 1661 2506 1709 et
2528 1652 2688 1719 Filio,
2725 1658 2782 1705 et
2820 1646 3048 1720 Spiritui
3081 1656 3292 1713 sancto,
3335 1646 3392 1702 in

1818 1748 2039 1803 saecula.
2067 1747 2263 1804 Amen.

2306 1958 2596 2017 HOMILIA
2629 1957 2872 2015 XXXIII.

1820 2054 2186 2111 Indesinenter
2234 2061 2287 2109 et
2338 2061 2540 2109 attente
2601 2058 2806 2121 oportet
2868 2048 2978 2103 Deo
3044 2056 3164 2102 vota
3224 2047 3396 2117 facere

2454 2132 2504 2175 et
2536 2123 2764 2193 precari.

1890 2238 1932 2292 Ι.
1959 2238 2188 2308 Oportet
2222 2253 2342 2300 nos,
2388 2249 2500 2291 non
2528 2249 2597 2289 ex
2642 2248 2793 2287 more
2834 2246 3124 2301 corporeo,
3158 2245 3261 2285 nec
3296 2246 3398 2300 pro

1821 2347 1973 2386 more
2016 2330 2390 2395 vociferandi,
2441 2343 2543 2383 nec
2597 2342 2664 2382 ex
2713 2323 3112 2379 consuetudine
3158 2322 3394 2382 silendi,

1825 2429 1920 2475 aut
1951 2436 2128 2491 genua
2174 2418 2450 2482 ﬂectendi,
2481 2431 2676 2487 preces
2722 2413 2932 2479 facere;
2978 2428 3172 2468 verum
3214 2414 3398 2468 sobrie

1822 2514 2067 2567 animum
2124 2511 2470 2567 attendentes
2530 2517 2851 2579 exspectare
2910 2509 3115 2572 Deum,
3178 2506 3399 2577 quando

1824 2606 2000 2661 aderit
2027 2613 2085 2660 et
2111 2604 2356 2660 visitabit
2397 2620 2496 2674 per
2527 2618 2719 2658 omnes
2752 2602 3096 2671 egressiones
3136 2603 3395 2660 animam.

1825 2714 1922 2767 per
1948 2698 2171 2751 semitas
2194 2698 2314 2767 ejus
2342 2712 2406 2751 ac
2437 2711 2696 2750 sensuum
2724 2710 2959 2765 organa;
2992 2702 3047 2749 et
3076 2695 3149 2747 ita
3179 2694 3400 2763 quando

1825 2791 2116 2844 conveniat
2160 2799 2362 2854 tacere,
2397 2797 2452 2843 et
2486 2789 2706 2858 quando
2735 2787 3027 2841 conveniat
3056 2787 3313 2851 clamare,
3344 2796 3402 2840 et

1826 2896 1952 2935 cum
1981 2881 2371 2935 vociferatione
2401 2862 2833 2950 precati—modo
2878 2892 3033 2933 mens
3075 2876 3146 2931 sit
3188 2877 3399 2930 ﬁrmata

1828 2974 1885 3027 in
1924 2974 2113 3028 Deum.
2154 2973 2387 3028 Perinde
2421 2972 2567 3026 enim
2613 2986 2678 3025 ac
2725 2985 2925 3039 corpus
2972 2983 3095 3023 cum
3142 2977 3403 3037 operatur

1828 3064 2131 3133 quidpiam,
2151 3071 2323 3133 totum
2350 3062 2570 3131 penitus
2587 3067 2915 3129 occupatum
2939 3057 3207 3112 incumbit
3224 3058 3399 3126 operi,

130 3144 217 3197 τὰ
245 3143 409 3197 αὐτου
436 3144 505 3197 τὰ
534 3143 672 3211 μέλη
711 3143 963 3213 ἀλλήλοις
999 3143 1186 3215 βοηθεῖ
1216 3161 1229 3175 ο
1254 3144 1396 3196 οὕτω
1430 3145 1521 3196 καὶ
1549 3145 1584 3214 ή
1615 3143 1721 3212 ψυο

1831 3165 1882 3208 et
1929 3155 2111 3209 omnia
2154 3156 2273 3225 ejus
2311 3152 2557 3208 membra
2602 3166 2661 3206 se
2701 3149 2933 3205 invicem
2980 3148 3239 3219 adjuvant
3278 3148 3405 3204 :sic

135 3234 219 3303 κὴ
244 3232 342 3303 ὅλη
372 3233 439 3285 δι’
471 3234 594 3287 ὅλου
624 3232 974 3286 ἀποδεδύσθω
1001 3234 1081 3294 είς
1107 3233 1207 3302 τὴν
1248 3231 1384 3302 πρὸς
1415 3230 1618 3300 Κύριον
1645 3230 1726 3282 αἷ-

133 3344 311 3396 ⁶εησιν
341 3327 434 3379 καὶ
466 3326 709 3394 ἀγάπην,
741 3325 814 3397 μὴ
851 3324 1161 3398 ῥεμϐομένη
1194 3324 1288 3377 καὶ
1324 3322 1729 3393 περιφερομένη

133 3421 263 3484 τοῖς
286 3418 591 3490 λογισμοῖς,
622 3419 718 3474 καὶ
752 3421 904 3490 πάσῃ
933 3420 1001 3489 τῇ
1041 3415 1339 3489 προσδοκίᾳ
1374 3428 1733 3488 προσανακιι-

136 3513 293 3582 μένη
318 3512 576 3581 Χριστοῦ.

220 3604 296 3657 B'.
319 3604 426 3655 Καὶ
448 3602 624 3665 οὕτως
654 3602 814 3666 αὐτὸς
840 3601 1157 3673 ὲπιλάμψει,
1181 3598 1439 3670 ἀληθινὴν
1465 3598 1730 3652 διδάσκων

134 3697 394 3765 αἴτησιν,
444 3696 616 3758 διδοὺς
663 3694 827 3765 εὐχὴν
852 3692 1101 3765 καθαρὰν
1125 3734 1142 3759 ,
1168 3690 1560 3762 πνευματικὴν,
1595 3689 1729 3743 Θεοῦ

131 3787 338 3853 ἀξίαν,
369 3787 463 3839 καὶ
488 3787 605 3855 τὴν
627 3786 698 3839 ὲν
735 3786 1027 3855 πνεύματι
1055 3784 1154 3838 καί
1185 3784 1441 3851 ἀληθείᾳ
1463 3782 1731 3849 προσκύ-

131 3891 363 3943 νησιν.
401 3878 610 3945 Ὠσπερ
642 3876 699 3929 δὲ
731 3876 759 3927 ὁ
791 3875 1061 3946 ἐμπορίας
1090 3873 1287 3943 τέχνην
1316 3870 1731 3939 ἐπανελόμενος,

132 3970 212 4021 οὐ
242 3968 575 4039 μονότροπον
604 3966 717 4038 ἔχει
747 3966 839 4020 τοῦ
888 3965 1114 4036 κέρδους
1153 3965 1255 4033 τὴν
1303 3962 1569 4027 ἐπίνοιαν,
1599 3962 1735 4015 ἀλλά

134 4059 425 4115 πάντοθεν
482 4056 666 4121 αὔξειν
736 4058 829 4110 καὶ
891 4055 1350 4119 πολυπλασιάζειν
1417 4055 1480 4107 τὸ
1544 4055 1734 4126 κέρδος

132 4150 465 4218 ἐπείγεται,
493 4150 602 4203 ἀπὸ
639 4149 842 4218 ταύτης
864 4148 949 4217 ἐφ’
975 4148 1170 4219 ἑτέραν
1202 4146 1402 4217 μετιὼν
1450 4146 1694 4199 ἐπίνοιαν
1717 4184 1732 4209 ,

132 4244 251 4296 καὶ
282 4240 535 4295 ἐντεῦθεν
563 4241 702 4312 πρὸς
730 4240 916 4310 ἓτερον
946 4240 1154 4311 τρέχων
1180 4239 1368 4308 πόρον,
1392 4237 1488 4290 καὶ
1511 4236 1620 4290 ἀπὸ
1641 4235 1733 4288 τοῦ

136 4333 328 4405 μηδὲν
362 4334 654 4403 όνήσαντος
692 4332 779 4384 ἀεὶ
808 4331 1104 4401 ἀποπηδῶν
1132 4330 1227 4383 ἐπὶ
1265 4330 1327 4382 τὸ
1367 4330 1737 4399 κερδαλεώτε-

138 4445 254 4500 ρον
280 4428 469 4498 τρέχει
502 4442 515 4455 ·
551 4424 724 4490 οὕτως
751 4425 845 4477 καὶ
877 4427 1038 4495 ἡμεῖς
1066 4424 1165 4495 τὴν
1212 4424 1390 4495 ψυχὴν
1425 4426 1582 4495 ἡμῶν
1615 4443 1734 4477 ποι-

1835 3263 2052 3317 quoque
2079 3248 2257 3302 anima
2286 3255 2397 3301 tota
2423 3259 2649 3315 prorsus
2669 3251 3027 3299 consecretur
3047 3240 3404 3310 postulationi

1835 3347 1890 3390 et
1915 3337 2165 3391 charitati
2200 3335 2436 3398 Domini,
2462 3350 2582 3404 quae
2624 3349 2728 3389 nec
2768 3334 2920 3405 vagis
2965 3342 3284 3402 occupetur,
3309 3341 3407 3387 aut

1833 3429 2253 3483 circumferatur
2297 3425 2755 3497 cogitationibus,
2804 3432 2861 3479 et
2901 3439 3052 3494 spem
3103 3434 3269 3493 atque
3306 3439 3407 3478 ex-

1834 3520 2229 3590 spectationem
2258 3534 2474 3573 omnem
2500 3519 2819 3573 collocatam
2852 3517 3049 3570 habeat
3088 3516 3139 3569 in
3163 3514 3405 3570 Christo.

1905 3609 1970 3663 ll.
2018 3610 2195 3677 Atque
2240 3608 2345 3662 hoc
2383 3615 2542 3677 pacto
2584 3607 2867 3660 illucescet
2910 3606 3036 3669 ille,
3075 3605 3169 3674 qui
3203 3620 3407 3674 purum

1834 3699 1996 3755 docet
2030 3696 2253 3768 petendi
2300 3696 2543 3759 modum,
2577 3704 2633 3749 et
2665 3695 2907 3764 suggerit
2949 3694 3256 3748 orationem
3299 3708 3407 3763 pu-

1834 3808 1950 3846 ram
1980 3789 2343 3860 spirilualem,
2377 3789 2487 3841 Deo
2515 3787 2757 3857 dignam,
2791 3794 2847 3840 et
2874 3801 2996 3855 quas
3026 3784 3087 3839 ﬁt
3124 3786 3180 3839 in
3213 3786 3409 3856 spiritu

1835 3894 1884 3939 et
1922 3886 2168 3949 veritate,
2217 3882 2581 3937 adorationem
2615 3880 2681 3932 ²⁰.
2729 3877 3199 3944 Quemadmodum
3242 3892 3407 3938 vero,

1834 3977 1928 4048 qui
1961 3976 2342 4032 mercatoriam
2372 3981 2543 4028 artem
2575 3971 2760 4043 elegit,
2804 3986 2915 4025 non
2958 3971 3184 4026 unicum
3226 3970 3405 4025 solum

1835 4070 1974 4125 lucri
2006 4068 2237 4124 faciendi
2278 4065 2552 4135 excogitat
2584 4065 2888 4127 inventum,
2917 4062 3010 4117 sed
3040 4062 3408 4132 undecunque

1836 4175 2034 4231 augere
2054 4168 2108 4214 et
2137 4158 2415 4212 cumulare
2438 4157 2650 4209 lucrum
2678 4155 2913 4224 cogitur,
2936 4154 3005 4208 ab
3029 4154 3135 4208 hac
3158 4154 3317 4225 124
3337 4154 3405 4209 ad

1836 4254 1996 4309 aliam
2025 4251 2294 4307 transiens
2320 4249 2597 4304 solertiam
2618 4254 2673 4300 et
2695 4247 3009 4312 inventum;
3036 4255 3091 4301 et
3109 4246 3236 4301 inde
3256 4247 3405 4301 aliud

1836 4347 1941 4401 iter
1964 4343 2288 4412 suscipiens,
2310 4350 2367 4395 et
2393 4340 2462 4394 ab
2481 4354 2569 4400 eo,
2596 4337 2741 4412 quod
2758 4337 2905 4392 nihil
2937 4338 3161 4406 prodest
3190 4354 3411 4408 semper

1837 4435 2172 4497 transiliens,
2215 4433 2283 4488 ad
2336 4433 2411 4497 id,
2455 4431 2599 4501 quod
2632 4430 2997 4500 quzestuosius
3038 4439 3142 4494 est,
3174 4431 3351 4485 currit
3391 4448 3407 4484 :

134 4520 327 4583 κίλως
347 4520 440 4571 καὶ
464 4518 723 4586 ἐντέχνως
747 4517 1178 4587 εύτρεπίσωμεν,
1206 4517 1355 4579 ὅπως
1386 4518 1724 4588 κερδάνωμεε.

1840 4527 1921 4582 sic
1945 4538 2162 4596 quoque
2188 4539 2291 4579 nos
2322 4523 2555 4577 animam
2586 4530 2829 4575 nostram
2858 4520 3007 4574 varie
3035 4526 3092 4574 et
3116 4520 3410 4575 artiﬁciose

132 4615 209 4666 τὸ
230 4610 492 4681 ἀληθινὸν
518 4608 611 4663 καὶ
633 4609 775 4678 μέγα
796 4609 1003 4679 κέρδος,
1028 4610 1119 4661 τὸν
1140 4609 1270 4661 Θεὸν
1302 4608 1393 4662 τὸν
1419 4610 1738 4662 διδάσκοντα

135 4707 309 4777 ἡμᾶς
342 4702 402 4768 ἐξ
432 4701 689 4772 ἀληθείας
720 4700 1137 4771 προσεύχεσθαι.
1173 4702 1359 4764 Οὕτως
1393 4702 1500 4772 γὰρ
1537 4704 1739 4754 ἐπανα-

138 4797 402 4851 παύεται
434 4797 463 4849 ὁ
490 4796 695 4866 Κύριος
728 4797 794 4864 τῇ
832 4795 1010 4864 ἀγαθῇ
1042 4795 1141 4863 τῆς
1173 4793 1351 4864 ψυχῆς
1396 4794 1738 4864 προαιρέσει,

140 4891 359 4961 θρόνον
382 4887 541 4957 δόξης
570 4889 741 4957 αὐτὴν
799 4886 1186 4959 ἐργαζόμενος,
1232 4885 1633 4956 ὲπικαθήμενός
1681 4904 1739 4937 τε

140 4985 263 5039 καὶ
305 4981 799 5049 ὲπαναπαυόμενος
839 4978 928 5032 ἐπ’
962 4980 1151 5048 αὑτήν.
1197 4979 1382 5041 Οὕτως
1431 4979 1537 5048 γὰρ
1590 4977 1743 5048 παρά

152 5073 443 5142 Ἰεζεκιὴλ
471 5071 566 5125 τοῦ
612 5075 893 5142 προφήτου
927 5070 1245 5141 ἠκούσαμεν
1276 5070 1405 5140 περὶ
1444 5069 1549 5123 τῶν
1583 5086 1744 5122 πνευ-

159 5165 430 5237 ματικῶν
480 5163 657 5227 ζώων,
718 5164 826 5216 τῶν
863 5162 1285 5230 ὑπεζευγμένων
1322 5160 1399 5231 τῷ
1429 5160 1742 5229 Δεσποτικῷ

148 5261 382 5329 ἅρματι
405 5273 421 5288 ο
449 5255 761 5325 ὁλόφθαλμα
783 5255 891 5325 γὰρ
908 5256 1042 5324 ἡμῖν
1072 5255 1311 5324 παριστᾷ
1336 5254 1527 5314 ταῦτα,
1554 5252 1743 5321 ὥσπερ

144 5352 317 5404 ἐστὶν
341 5351 377 5417 ὴ
396 5348 543 5417 ψυχὴ
563 5345 958 5416 ἠιβαστάζουσα
970 5346 1060 5397 τὸν
1079 5345 1232 5410 Θεὸν,
1258 5344 1456 5414 μᾶλλον
1469 5344 1523 5396 δὲ
1542 5344 1741 5413 βαστα-

147 5440 377 5510 ζομένη
421 5438 527 5490 ὑπὸ
559 5436 656 5489 τοῦ
690 5435 826 5488 Θεοῦ
863 5450 877 5466 ο
922 5436 1165 5503 γίγνεται
1190 5437 1298 5504 γὰρ
1322 5434 1416 5504 ὅλη
1446 5433 1742 5503 ὀφθαλμός.

236 5532 317 5585 Ρ.
368 5529 479 5583 Καὶ
514 5529 575 5582 ὃν
614 5529 817 5596 τρόπον
852 5523 1001 5588 οἶκος
1051 5527 1145 5580 τὸν
1188 5526 1455 5597 δεσπότην
1505 5526 1748 5596 παρόντα

145 5625 309 5695 ἔχων
325 5664 341 5689 ,
379 5623 560 5692 πάσης
586 5623 745 5690 γέμει
769 5622 1063 5691 εὐκοσμίας
1082 5621 1175 5673 καὶ
1189 5619 1517 5690 ὡραιότητος
1538 5619 1633 5671 καὶ
1662 5618 1751 5670 εύ-

1841 4615 2203 4677 adornemus,
2249 4618 2311 4664 ut
2354 4610 2761 4664 lucrifaciamus
2799 4624 2989 4662 verum
3037 4623 3100 4663 ac
3133 4624 3406 4664 summum

1840 4707 2076 4765 lucrum,
2110 4704 2281 4757 Deum
2308 4700 2590 4763 nimirum,
2621 4699 2715 4769 qui
2746 4699 2941 4753 doceat
2970 4712 3070 4752 nos
3099 4698 3153 4751 in
3181 4698 3411 4752 veritate

1841 4794 2074 4863 precari.
2107 4790 2186 4845 Ad
2222 4791 2369 4845 hunc
2393 4790 2537 4844 enim
2568 4788 2788 4842 modum
2822 4787 3119 4856 requiescit
3148 4786 3413 4840 Dominus
3451 4792 3461 4857 ζ

1843 4886 1898 4939 in
1950 4884 2089 4938 bona
2134 4882 2328 4936 animae
2373 4881 2705 4943 intentione,
2752 4880 3010 4932 thronum
3062 4878 3246 4947 gloria:
3290 4893 3412 4932 eam

1843 4976 2201 5037 constituens,
2224 4973 2487 5035 insidens,
2511 4981 2567 5026 et
2588 4971 2941 5038 requiescens
2961 4970 3019 5023 in
3044 4984 3130 5023 ea.
3157 4968 3247 5023 Sic
3263 4969 3413 5021 enim

1844 5067 1988 5137 apud
2018 5065 2358 5121 Ezechielem
2381 5063 2697 5133 prophetam
2720 5061 3031 5115 audivimus
3057 5060 3125 5115 de
3150 5060 3412 5129 spiritua—

1846 5161 1990 5214 libus
2014 5157 2340 5213 animalibus
2368 5157 2436 5220 ²¹,
2462 5154 2763 5225 subjugatis
2786 5152 2973 5207 currui
3011 5152 3245 5206 Domini.
3277 5150 3410 5205 Tota

1846 5250 1992 5304 enim
2009 5248 2224 5304 oculata
2243 5245 2403 5301 nobis
2423 5243 2679 5313 pr0ponit
2695 5258 2780 5305 ea,
2800 5242 3106 5311 cujusmodi
3128 5251 3213 5296 est
3232 5243 3415 5296 anima

1853 5358 1974 5411 quae
2010 5343 2181 5396 Deum
2228 5348 2422 5410 gestat,
2472 5336 2723 5408 quinimo
2767 5350 2890 5404 qua:
2936 5343 3180 5404 gestatur
3210 5350 3240 5389 a
3279 5335 3413 5389 Deo.

1856 5433 1941 5487 Fit
1973 5432 2119 5486 enim
2151 5440 2261 5486 tota
2290 5431 2501 5485 oculus.

1927 5524 2017 5579 lll.
2068 5525 2135 5578 Et
2178 5521 2635 5587 quemadmodum
2689 5521 2915 5583 domus,
2966 5532 3086 5588 quae
3133 5516 3413 5571 dominum

1862 5626 2183 5686 praesentem
2213 5617 2397 5685 habet,
2427 5614 2573 5670 omni
2606 5613 2849 5671 abundat
2873 5620 3092 5679 ornatu,
3118 5608 3418 5680 pulchritu-

238 5787 291 5818 ’°
322 5784 483 5842 Joan.
524 5801 595 5851 PI,
630 5783 721 5839 24.
799 5784 839 5814 ἰ
874 5780 1074 5836 Ezecb.
1103 5795 1140 5843 ι,
1178 5780 1197 5831 l
1228 5798 1241 5846 ;
1272 5796 1324 5841 κ,
1351 5778 1420 5845 ‘2;
1452 5777 1651 5832 llomil.
1684 5792 1720 5841 ι,
1752 5777 1769 5829 l
1808 5790 1922 5841 sm].
