3966 6516
618 377 722 438 743

1850 374 1907 432 S.
1949 370 2268 431 MACARII
2308 369 2629 429 [EGYPTII
3747 370 3832 434 7H

618 486 749 540 dine
776 491 830 538 et
854 483 1081 548 decore;
1111 482 1304 538 eodem
1339 481 1503 535 modo
1526 482 1726 543 anima,
1751 496 1872 550 qua:
1900 481 2189 535 Dominum

2294 474 2567 545 πρεπείας
2594 490 2609 505 ’
2645 472 2788 526 οὕτω
2842 474 2935 526 καὶ
2967 473 3113 547 ψυχὴ
3152 476 3185 545 ὴ
3237 473 3437 543 ἔχουσα
3465 471 3553 527 τὸν
3587 476 3837 547 Δεσπότην

619 590 780 631 suum
819 574 963 645 apud
1013 590 1070 629 se
1111 575 1286 643 ipsam
1332 572 1535 638 habet,
1566 580 1621 627 et
1656 574 1710 627 in
1744 586 1801 627 se
1839 581 2151 627 manentem
2176 611 2190 635 ,

621 670 770 724 omni
796 668 1203 739 pulchritudine
1227 673 1283 720 et
1315 664 1513 719 decore
1543 665 1748 734 repleta
1781 672 1892 731 est;
1919 665 2191 734 siquidem

618 760 912 816 Dominum
948 774 1071 813 cum
1113 757 1493 827 spiritualibus
1520 756 1635 811 suis
1671 757 1945 811 thesauris
1979 756 2196 810 inhabi-

622 862 828 909 tantem
862 853 1045 915 habet,
1076 858 1131 905 et
1168 850 1433 921 aurigam.
1470 850 1562 905 Va:
1598 850 1806 914 domui,
1830 851 1986 920 cujus
2010 848 2194 903 domi-

620 961 727 999 nus
754 944 1154 1014 peregrinatur,
1194 943 1393 1011 cuique
1424 943 1679 997 dominus
1711 957 1818 996 non
1858 952 2057 1012 praesto
2089 951 2192 1007 est,

622 1038 750 1106 quia
776 1036 1019 1091 desolata
1050 1044 1154 1099 est,
1194 1034 1398 1100 diruta,
1433 1036 1591 1104 plena
1623 1037 1769 1089 omni
1802 1036 2116 1104 impuritate
2140 1042 2197 1089 et

621 1123 1058 1192 perturbatione.
1096 1122 1211 1176 Illic
1254 1121 1462 1176 Sirenes
1490 1132 1537 1176 et
1564 1124 1823 1177 darmonia
1872 1125 1951 1188 ¹²;
1995 1140 2195 1178 secun-

622 1211 752 1265 dum
795 1210 1119 1279 prophetam
1154 1210 1425 1265 habitant.
1477 1212 1533 1265 ln
1580 1212 1796 1266 deserta
1841 1214 1990 1267 enim
2032 1213 2195 1267 domo

620 1302 779 1367 feles,
804 1317 990 1366 canes,
1017 1310 1073 1357 et
1099 1302 1278 1356 omnis
1302 1302 1649 1359 immunditia
1682 1305 1832 1358 latet;
1862 1304 1954 1359 Vae
1978 1305 2193 1368 animze,

623 1410 746 1465 qua
770 1410 877 1449 non
906 1396 1142 1465 resurgit
1173 1411 1203 1449 a
1239 1398 1386 1466 gravi
1420 1397 1571 1466 lapsu
1608 1412 1739 1461 suo;
1767 1405 1823 1451 et
1850 1397 1991 1450 intra
2014 1412 2071 1450 se
2099 1396 2197 1451 ha—

623 1487 739 1554 bet,
768 1486 862 1557 qui
889 1487 1257 1556 persuadeant
1279 1488 1351 1552 ei,
1379 1497 1540 1556 atque
1566 1488 1787 1558 adigant
1809 1504 1928 1543 cam
1957 1487 2195 1541 inimici-

624 1579 730 1633 tias
770 1579 1047 1648 suscipere
1088 1594 1211 1633 cum
1254 1593 1355 1633 suo
1398 1579 1570 1648 ipsius
1608 1578 1843 1650 Sponso,
1883 1588 1937 1633 et
1979 1579 2071 1649 qui
2104 1594 2199 1633 εις

625 1677 817 1738 Optem
849 1684 1201 1738 corrumpere
1227 1672 1346 1741 ejus
1374 1671 1541 1724 animi
1576 1686 1733 1725 sensa
1765 1686 1793 1724 a
1815 1669 2054 1725 Christo.

696 1760 785 1815 IV.
818 1760 954 1815 Cum
988 1776 1117 1814 vero
1142 1762 1406 1817 Dominus
1445 1762 1664 1828 viderit,
1692 1763 1839 1831 quod
1877 1763 2097 1832 colligat
2135 1777 2194 1817 se

625 1850 796 1921 ipsam
826 1865 925 1919 pro
954 1850 1165 1903 viribus
1196 1852 1329 1917 suis,
1364 1868 1580 1921 semper
1602 1853 1891 1906 Dominum
1920 1848 2190 1921 quan-ens,

622 1952 791 1997 noctu
833 1941 1039 2011 diuque
1084 1948 1426 2011 exspectans,
1458 1953 1621 2012 atque
1663 1944 1904 1997 clamans
1937 1944 2005 1998 ad
2043 1959 2192 2009 eum,

616 2032 1080 2102 quemadmodum
1133 2034 1412 2088 mandavit
1460 2036 1593 2087 citra
1650 2036 2092 2089 intermissionem
2138 2034 2195 2088 in

618 2124 771 2175 omni
817 2123 1037 2192 negotio
1064 2125 1292 2194 precari,
1342 2124 1496 2193 faciet
1532 2127 1814 2179 vindictam
1863 2127 1975 2196 ejus
2017 2127 2085 2192 ",
2134 2135 2196 2180 ut

620 2214 895 2285 promisit,
940 2224 1105 2284 atque
1153 2230 1271 2270 eam
1304 2226 1657 2286 expurgatam
1693 2218 1760 2271 ab
1791 2216 1940 2271 omni
1987 2217 2195 2271 malitia

620 2322 741 2372 sua,
772 2309 1272 2378 irreprehensibilem
1297 2318 1344 2362 et
1379 2309 1777 2363 immaculatum
1802 2327 2050 2379 sponsam
2085 2311 2196 2379 ipse

618 2400 716 2453 sibi
741 2402 1016 2453 constituet
1046 2417 1162 2454 eam
1206 2401 1273 2454 ".
1310 2400 1578 2455 Caeterum
1621 2402 1667 2456 si
1699 2402 1879 2457 credis
1920 2402 2037 2456 haec
2065 2417 2195 2455 vera

618 2506 761 2555 esse,
788 2500 847 2546 ut
880 2506 1097 2561 quoque
1130 2501 1276 2557 sunt,
1308 2493 1527 2547 attende
1566 2494 1663 2547 tibi
1711 2494 1849 2563 ipse,
1895 2508 2027 2548 num
2060 2508 2195 2547 con-

618 2590 805 2638 secuta
840 2582 913 2637 sit
946 2584 1125 2637 anima
1177 2595 1267 2639 tua
1302 2586 1486 2639 lumen
1530 2584 1773 2654 dirigens
1815 2600 1957 2650 eam,
2003 2599 2195 2639 verum

618 2673 800 2728 cibum
822 2683 879 2728 et
902 2684 1111 2744 potum,
1134 2675 1227 2744 qui
1250 2689 1333 2729 est
1362 2676 1654 2743 Dominus;
1679 2677 1763 2731 sin
1789 2676 1973 2730 minus
2004 2686 2196 2730 nactus

617 2766 713 2831 sis,
747 2782 931 2836 quaare
962 2778 1129 2823 noctu
1173 2768 1402 2838 diuque,
1450 2780 1511 2823 ut
1543 2770 1918 2840 consequaris.
1963 2769 2019 2824 Si
2064 2784 2197 2839 ergo

617 2858 894 2927 aspexeris
938 2858 1147 2923 solem,
1195 2859 1461 2928 inquirite
1509 2876 1702 2914 verum
1759 2861 1961 2926 solem;
2020 2875 2197 2915 caecus

617 2946 889 3014 siquidem
921 2962 999 3002 es.
1029 2947 1085 3001 Si
1115 2950 1448 3017 spectaveris
1470 2950 1675 3015 lumen,
1710 2953 1921 3020 respice
1956 2952 2195 3005 animam

619 3049 791 3100 tuam,
828 3054 958 3092 num
1007 3053 1197 3093 verum
1247 3049 1303 3093 et
1352 3040 1556 3094 bonum
1613 3042 1798 3096 lumen
1852 3052 2047 3096 nactus
2093 3044 2189 3097 sis.

2295 568 2464 637 αὐτῆς
2496 568 2633 638 πρὸς
2671 568 2868 637 ἑαυτὴν
2894 568 2987 621 καὶ
3017 570 3074 619 ὲν
3105 569 3243 638 αύτῇ
3271 568 3664 637 καταμένοντα,
3688 570 3837 639 πάσης

2293 659 2630 729 ὡραιότητος
2661 660 2753 713 καὶ
2784 660 3122 729 εὐπρεπείας
3153 660 3316 728 γέμει
3340 673 3357 689 ⁸
3386 660 3477 711 τὸν
3524 661 3632 726 γὰρ
3664 660 3838 729 Κνὶριον

2298 752 2398 802 σὺν
2427 752 2540 811 τοῖς
2564 753 2957 819 πνευματικοῖς
2988 749 3153 802 αὐτοῦ
3187 750 3479 821 θησαυροῖς
3507 750 3710 802 ἕνοικον
3751 752 3840 817 ξίει

2296 842 2393 893 καλ¹
2426 840 2665 910 ἡνίοχον.
2700 841 2835 893 Ούαὶ
2878 841 2937 893 δὲ
2980 842 3151 911 οἰκία,
3191 837 3257 911 ἦς
3294 844 3321 894 6
3358 842 3625 910 δεσπότης
3668 842 3841 910 (suffit.-

2300 935 2411 1002 μεῖ,
2452 933 2544 985 καὶ
2576 935 2603 985 6
2632 932 2821 1002 κύριος
2861 933 2921 984 ού
2964 932 3228 1003 πάρεστιν
3253 974 3269 998 ,
3305 933 3387 984 ὅτι
3430 934 3721 1001 ἠρήμωται
3745 950 3844 985 κατι

2296 1027 2641 1095 εσκαμμένη,
2671 1026 2917 1094 γέμουσα
2964 1025 3144 1094 πάσης
3179 1025 3544 1095 ἀκαθαρσίας,
3595 1027 3686 1076 καὶ
3735 1029 3842 1076 m-

2295 1118 2616 1181 ταστασίας.
2659 1117 2807 1169 Ἐκεῖ
2829 1116 3113 1186 Σειρῆνες
3135 1116 3231 1169 καὶ
3270 1115 3566 1182 δαιμόνια,
3609 1117 3743 1168 κατὰ
3774 1119 3847 1168 τὶν

2298 1210 2606 1279 προφήτην,
2644 1208 2905 1263 οἰκοῦσιν.
2935 1207 3028 1261 Ἐν
3058 1208 3167 1277 γὰρ
3212 1210 3277 1278 τῇ
3314 1209 3661 1277 ἡρημωμένῃ
3706 1210 3845 1277 οἰκίᾳ,

2298 1301 2541 1370 αἴλουροι
2566 1300 2660 1353 καὶ
2685 1301 2868 1367 κύνες,
2901 1302 2997 1354 καὶ
3036 1301 3186 1353 πᾶσα
3224 1298 3540 1370 ἀκαθαρσία
3561 1299 3729 1351 ἐστίν·
3751 1302 3849 1353 οὐαὶ

2297 1394 2443 1464 ψυχῇ
2482 1396 2548 1465 τῇ
2591 1394 2667 1465 μὴ
2716 1395 3054 1465 ἀνισταμένη
3095 1395 3158 1446 ὲκ
3208 1394 3306 1463 τῆς
3332 1393 3581 1462 χαλεπῆς
3620 1392 3849 1455 πτώσεως

2298 1485 2492 1555 αὐτῆς,
2524 1486 2620 1538 καὶ
2640 1486 2787 1539 ἔνδον
2816 1486 2985 1557 αὐτῆς
3006 1485 3208 1557 ἐχούσῃ
3228 1504 3355 1549 τους
3374 1486 3665 1548 πείθοντας
3687 1487 3848 1554 αὐτὴν,

2298 1578 2395 1629 καὶ
2451 1575 2861 1645 ἀναγκάζοντας
2906 1576 3109 1647 ἔχθραν
3164 1577 3311 1647 ἔχειν
3353 1576 3491 1645 πρὸς
3538 1576 3633 1629 τὸν
3681 1577 3850 1642 ἑαυτῆς

2298 1667 2570 1736 Νυμφίον,
2589 1668 2684 1721 καὶ
2705 1667 3065 1739 βουλομένους
3090 1668 3332 1738 φθείρειν
3348 1666 3419 1720 τά
3434 1668 3689 1737 νοήματα
3708 1667 3852 1736 αὐτῆς

2298 1758 2406 1812 ἀπὸ
2441 1758 2534 1811 τοῦ
2568 1758 2829 1829 Χριστοῦ.

2366 1848 2438 1902 Δ’.
2483 1850 2652 1903 Ὅταν
2683 1850 2739 1902 δὲ
2774 1851 2857 1922 ῖδῃ
2911 1853 2939 1904 6
2988 1851 3193 1922 Κύριος
3222 1892 3237 1917 ,
3273 1851 3356 1905 ὅτι
3414 1852 3643 1920 συνάγει
3684 1852 3852 1919 tanta:

2307 1943 2431 1996 ὅσον
2471 1943 2534 1995 τὸ
2586 1944 2727 1996 κατά
2759 1943 3010 2014 δύναμιν,
3043 1944 3131 1997 ἀεὶ
3167 1945 3258 1997 τὸν
3289 1944 3493 2014 Κύριον
3526 1946 3761 2011 ζητουσα
3778 1961 3853 1993 w-

2298 2031 2425 2095 κτὸς
2449 2031 2543 2084 καὶ
2568 2032 2802 2101 ἡμέρας,
2822 2032 2915 2083 καὶ
2937 2031 3117 2101 βοῶσα
3134 2032 3270 2101 πρὸς
3288 2029 3662 2095 αύτὺν,καθὼς
3680 2028 3853 2080 ἐνετεί-

2296 2124 2443 2188 λατο,
2461 2125 2856 2190 ἀδιαλείπτως
2883 2126 3329 2193 προσεύχεσθαι
3354 2126 3409 2177 ἐν
3432 2123 3625 2187 παντὶ,
3643 2121 3853 2183 ποιήσει

2295 2218 2738 2285 τὴνέκδὶκησιν
2758 2216 2965 2284 αὐτῆς,
2985 2218 3058 2280 ῶς
3076 2218 3361 2286 ὑπέσχετο,
3388 2216 3700 2285 καθαρῖσας
3718 2213 3854 2283 αὐτὴν

2296 2310 2405 2363 ἀπὸ
2425 2313 2525 2378 τῆς
2546 2312 2603 2363 ὲν
2640 2311 2779 2381 αύτῇ
2810 2309 3009 2371 κακίας
3030 2353 3044 2373 ,
3075 2309 3173 2362 καὶ
3196 2310 3458 2378 ἄμωμον,
3486 2308 3593 2359 καὶ
3617 2307 3855 2359 degatu-

2295 2403 2542 2470 νύμφην
2586 2402 2770 2467 αὐτὸς
2818 2400 3009 2466 ἐαυτῷ
3056 2403 3432 2482 παραστήσει
3479 2399 3702 2464 αὑτήν.
3736 2397 3855 2450 Elii

2295 2496 2573 2557 πιστεύεις
2601 2493 2775 2546 ταῦτα
2805 2492 2979 2563 ἀληθῆ
3013 2488 3171 2557 εἶναι,
3206 2491 3395 2562 ῶσπερ
3426 2491 3518 2544 καὶ
3544 2492 3685 2552 εἰσὶ,
3710 2491 3854 2557 sar/.5.

2297 2604 2389 2657 εχε
2448 2585 2682 2656 σεαυτῷ,
2712 2586 2760 2637 εῐ
2791 2579 2950 2655 εὗρεν
2982 2586 3014 2655 ἡ
3046 2585 3191 2655 ψυχή
3228 2602 3320 2639 σου
3354 2585 3414 2637 τὸ
3438 2584 3684 2654 ὁδηγοῦν
3711 2580 3853 2650 αὐτὴν

2298 2679 2435 2747 φῶς,
2461 2678 2556 2731 καὶ
2580 2678 2680 2748 τὴν
2712 2677 2972 2747 ἀληθινὴν
3002 2676 3205 2747 βρῶσιν
3244 2676 3335 2729 καὶ
3366 2674 3543 2737 πόσιν,
3576 2676 3702 2743 ἥτις
3730 2674 3855 2724 ἐστὶν

2296 2771 2324 2822 6
2345 2770 2567 2839 Κύριος.
2604 2771 2663 2822 Εἰ
2687 2770 2743 2821 δὲ
2772 2769 2871 2821 ούκ
2902 2769 3078 2837 ἔχεις,
3119 2768 3357 2837 ζήτησον
3389 2766 3587 2829 νυκτὸς
3625 2767 3714 2816 καὶ
3741 2764 3855 2833 ημὲσ

2301 2880 2395 2934 ρας
2430 2864 2516 2915 ἴνα
2562 2862 2754 2932 λάϐῃς.
2788 2861 2959 2913 Ὅταν
2997 2859 3090 2912 οὖν
3123 2860 3242 2929 ἴδῃς
3271 2858 3362 2911 τὸν
3398 2858 3553 2927 ἥλιον
3580 2896 3597 2919 ,
3648 2857 3855 2926 ζήτησον

2296 2954 2387 3007 τὸν
2428 2953 2683 3022 ἀληθινὸν
2715 2953 2887 3022 ἥλιον
2920 2950 3121 3019 τυφλὸς
3173 2951 3283 3021 γὰρ
3332 2945 3403 3003 ei.
3438 2949 3615 3002 Ὅταν
3671 2948 3855 3016 θεωρῇς

2298 3043 2434 3114 φῶς,
2464 3043 2756 3111 ὲπίσλεψον
2785 3044 2862 3106 εἰς
2893 3042 2991 3112 τὴν
3016 3042 3199 3111 ψυχήν
3231 3058 3347 3103 σου,
3384 3042 3432 3093 εξ
3465 3036 3630 3110 εὗρες
3656 3040 3719 3090 τὸ
3747 3040 3855 3106 ἀλη-

618 3126 815 3182 Omuia
835 3129 1003 3192 enim,
1027 3145 1149 3198 quae
1170 3130 1309 3189 visui
1337 3141 1545 3200 patent,
1570 3141 1698 3186 sunt
1722 3133 1914 3187 umbra
1934 3148 2189 3187 verarum

2301 3138 2444 3191 θινδν
2486 3136 2621 3205 φῶς,
2663 3136 2757 3188 καὶ
2796 3134 3018 3203 ἀγαθόν.
3057 3134 3193 3187 Σκιά
3246 3134 3357 3204 γάρ
3418 3135 3535 3186 ἐστι
3590 3135 3767 3185 πάντα
3799 3131 3853 3181 τὰ

621 3234 808 3274 rerum
853 3221 920 3276 ad
950 3224 1184 3275 animam
1228 3224 1646 3291 pertinentium.
1676 3224 1772 3279 Est
1798 3226 1945 3279 enim
1992 3234 2194 3295 prazter

617 3309 896 3365 hominem
923 3311 1300 3381 conspicuum,
1347 3314 1485 3368 alius
1516 3315 1682 3369 homo
1734 3315 1980 3377 interior,
2011 3325 2066 3369 et
2099 3315 2191 3369 alii

617 3398 783 3463 oculi,
801 3414 941 3469 quos
960 3402 1249 3455 occaecavit
1281 3402 1508 3457 Satanas
1529 3420 1543 3469 ;
1564 3412 1621 3459 et
1642 3419 1821 3468 aures,
1847 3420 1982 3472 quas
2000 3406 2193 3458 surdas

617 3487 818 3544 eﬂecit.
854 3490 1042 3560 Itaque
1084 3492 1235 3546 venit
1280 3493 1460 3557 Jesus,
1505 3502 1567 3548 ut
1617 3494 1868 3549 interiori
1924 3496 2055 3549 huic
2089 3495 2191 3549 ho-

618 3577 753 3632 mini
797 3580 1051 3634 restituat
1092 3582 1402 3636 sanitatem.
1441 3583 1542 3638 Cui
1584 3584 1756 3654 gloria
1801 3595 1857 3639 et
1900 3586 2190 3655 imperium

616 3685 740 3726 cum
771 3670 953 3736 Patre,
982 3680 1038 3729 et
1067 3673 1274 3744 Spiritu
1313 3685 1503 3730 sancto
1527 3676 1582 3731 in
1607 3678 1825 3732 saecula.
1850 3678 2046 3733 Amen.

1130 3875 1411 3934 HOMILIA
1450 3879 1689 3937 XXXIV.

617 3990 693 4046 De
736 3991 903 4061 gloria
946 3992 1367 4069 Christianorum
1413 4014 1571 4063 quam
1611 4014 1834 4069 corpora
1878 4000 2091 4055 illorum
2132 4005 2188 4057 in

686 4065 1061 4183 resugrectione
1090 4075 1491 4135 consequentur,
1514 4075 1561 4119 et
1588 4065 1831 4136 quacum
1857 4073 2039 4125 anima
2060 4072 2189 4126 illu-

686 4140 795 4183 stra
839 4145 1017 4183 untur.

684 4140 1017 4184 strabuntur.

688 4244 728 4299 l.
786 4243 1259 4308 Quemadmodum
1313 4247 1458 4301 oculi
1510 4251 1760 4319 corporei
1812 4253 1958 4307 clare
2003 4256 2188 4311 omnia

613 4333 979 4402 conspiciunt,
1029 4335 1109 4389 sic
1156 4351 1374 4408 quoque
1427 4340 1623 4395 animis
1661 4351 1972 4397 sanctorum
2008 4346 2187 4399 mani-

614 4422 753 4478 festa
780 4432 836 4478 et
871 4426 1167 4495 conspicua
1203 4438 1331 4482 sunt
1360 4442 1679 4487 ornamenta
1707 4435 2029 4500 divinitatis,
2058 4439 2185 4507 qui-

614 4514 718 4570 bus
745 4515 993 4584 permisti
1029 4516 1325 4573 Christiani
1369 4522 1605 4590 sapiunt.
1632 4525 1701 4579 At
1743 4542 1873 4581 vero
1908 4530 2187 4597 corporeis

614 4606 792 4661 oculis
811 4608 1081 4662 occultata
1103 4618 1188 4663 est
1216 4610 1305 4664 illa
1328 4612 1528 4681 gloria;
1558 4616 1752 4672 anima:
1774 4634 1903 4672 vero
1935 4621 2185 4675 credenti

612 4696 904 4765 perspicue
944 4698 1238 4763 revelatur,
1264 4715 1426 4769 quam
1464 4704 1727 4762 Dominus
1757 4720 2003 4764 necatam
2035 4712 2184 4767 exci-

612 4792 693 4839 tat
735 4800 765 4839 a
810 4793 1058 4855 peccato,
1088 4789 1550 4857 quemadmodum
1598 4796 1829 4851 suscitat
1869 4805 1925 4851 et
1969 4807 2185 4853 mortua

613 4888 875 4943 corpora;
921 4876 1010 4930 cui
1056 4889 1326 4947 praeparat
1372 4882 1570 4936 coelum
1617 4900 1839 4949 novum,
1883 4895 1939 4941 et
1984 4896 2184 4942 terram

611 4978 832 5031 novam,
867 4972 923 5019 et
947 4966 1117 5020 solem
1138 4967 1386 5038 justitise,
1417 4971 1505 5024 cui
1556 4972 1786 5043 largitur
1824 4975 2006 5029 omnia
2031 4991 2062 5031 c
2094 4976 2182 5030 di-

610 5054 842 5110 vinitate
880 5071 999 5111 sua.
1028 5057 1149 5127 Ipse
1188 5068 1273 5113 est
1310 5062 1549 5117 mundus
1572 5079 1756 5130 verus,
1784 5074 1927 5119 terra
1968 5066 2179 5133 vivens,

608 5148 738 5203 vitis
756 5147 1064 5215 fructifera,
1093 5150 1249 5220 125
1270 5153 1426 5221 panis
1458 5154 1602 5221 vitae,
1640 5164 1695 5211 et
1724 5172 1864 5226 aqua
1882 5158 2091 5222 vivens,
2122 5167 2184 5212 ut

608 5237 875 5304 scriptum
908 5249 1024 5295 est:
1060 5240 1227 5295 Credo
1270 5244 1444 5297 videre
1490 5245 1625 5300 bona
1676 5245 1891 5301 Domini
1930 5249 1987 5302 in
2035 5257 2181 5304 terra

606 5328 887 5383 viventium
918 5331 983 5385 ".
1015 5331 1085 5386 Et
1126 5348 1348 5389 rursum
1375 5352 1388 5389 :
1419 5334 1628 5390 Orietur
1671 5339 1966 5393 timentibus
1995 5339 2179 5394 Domi-

606 5434 733 5472 num
761 5418 855 5473 Sol
868 5420 1115 5490 justitiaz,
1146 5434 1194 5477 et
1223 5427 1427 5481 sanitas
1457 5428 1513 5481 in
1542 5428 1643 5482 alis
1666 5430 1778 5499 ejus
1802 5431 1868 5483 “.
1900 5431 1964 5485 Et
1994 5432 2179 5486 Domi-

604 5523 711 5564 nus
734 5526 954 5583 quoque
986 5513 1165 5585 inquit
1204 5534 1218 5571 2
1249 5517 1363 5587 Ego
1388 5535 1505 5572 sum
1551 5521 1669 5574 vitis
1710 5537 1833 5577 uera
1860 5522 1926 5577 ’7.
1954 5522 2023 5578 Et
2053 5540 2179 5579 rur-

2296 3228 2597 3296 φαινόμενα
2644 3225 2753 3279 τῶν
2804 3224 3073 3295 ἀληθινῶν
3126 3225 3226 3295 τῆς
3278 3224 3459 3295 ψυχῆς
3506 3224 3853 3295 πραγμάτων.

2296 3320 2453 3371 Ἔστι
2507 3317 2616 3387 γὰρ
2670 3316 2820 3385 παρὰ
2869 3317 2960 3369 τὸν
3011 3317 3337 3385 φαινόμενον
3397 3316 3557 3378 ἄλλος
3594 3317 3854 3384 ἄνθρωπος

2293 3410 2441 3463 ἔνδον
2482 3426 2496 3443 ο
2548 3412 2641 3464 καὶ
2693 3410 2983 3479 ὀφθαλμοὶ,
3041 3410 3137 3471 οὓς
3183 3410 3493 3478 ἐτύφλωσεν
3524 3413 3553 3462 6
3588 3412 3851 3469 Σατανᾶς,

2294 3502 2388 3557 καὶ
2430 3496 2546 3555 ὦτα
2595 3502 2631 3555 ἃ
2682 3502 2974 3572 ὲκώφωσεν
3004 3544 3017 3565 ,
3054 3504 3151 3556 καὶ
3184 3499 3346 3573 ἦλθεν
3372 3504 3401 3555 6
3444 3502 3656 3571 Ἰησοῦς
3690 3502 3854 3553 τοῦτιν

2290 3595 2383 3648 τὸν
2431 3594 2539 3647 ἔσω
2582 3594 2867 3665 ἄνθρωπον
2900 3594 3027 3665 ὑγιῆ
3083 3596 3307 3663 ποιῆσαι
3334 3613 3349 3626 ·
3384 3589 3429 3663 ᾧ
3462 3597 3494 3665 ή
3533 3595 3666 3659 δόξα
3698 3595 3784 3648 καὶ
3807 3594 3854 3645 τὺ

2291 3689 2494 3759 κράτος
2552 3689 2648 3742 σὺν
2682 3688 2857 3759 Πατρὶ
2887 3690 2981 3741 καὶ
3009 3687 3149 3758 ἁγίῳ
3180 3686 3461 3759 Πνεύματι
3488 3689 3569 3751 εἰς
3592 3690 3720 3750 τοὺς
3740 3685 3851 3741 αξῶο

2294 3795 2412 3843 νας.
2438 3782 2633 3850 Ἀμήν.

2886 3890 3125 3946 ΟΜΙΛΙΑ
3143 3892 3263 3945 AA'.

2288 4002 2428 4069 Περὶ
2462 4000 2568 4069 τῆς
2590 4002 2709 4055 τῶν
2737 4002 3107 4069 Χριστιανῶν
3136 4002 3321 4068 δόξης
3347 4043 3361 4065 ,
3418 3998 3494 4071 ἧς
3521 4004 3594 4055 τὰ
3628 4002 3847 4071 σώματα

2359 4071 2557 4126 αὐτῶν
2586 4073 2655 4123 ἐν
2687 4070 2761 4139 τῇ
2810 4073 3143 4126 ἀναστάσει
3188 4070 3723 4139 καταξιωθήσεται,
3766 4071 3845 4123 καὶ

2356 4144 2507 4212 μετὰ
2532 4141 2643 4208 τῆς
2669 4141 2878 4209 ψυχῆς
2906 4140 3370 4210 φωτισθήσεται.

2357 4250 2652 4321 Α’.”Ωσπερ
2667 4252 2716 4303 οἱ
2748 4253 3046 4321 σωματικοὶ
3074 4252 3345 4323 ὀφθαλμοὶ
3374 4252 3665 4324 τηλαυγῶς
3692 4253 3843 4305 πάντα

2290 4342 2603 4414 βλέπουσιν,
2635 4344 2778 4397 οὓτω
2806 4346 2899 4397 καὶ
2922 4348 3039 4409 ταῖς
3066 4346 3263 4414 ψυχαῖς
3288 4346 3397 4397 τῶν
3450 4347 3623 4413 ἁγίων
3662 4341 3845 4414 φανερὰ

2288 4431 2380 4483 καὶ
2412 4432 2583 4502 ὁρατὰ
2616 4434 2731 4485 ἐστι
2760 4433 2827 4486 τὰ
2850 4434 3021 4503 κάλλη
3045 4436 3141 4501 τῆς
3172 4434 3445 4505 θεότητος,
3475 4437 3552 4496 εἰς
3578 4435 3618 4488 ἃ
3648 4450 3844 4499 nymp-

2290 4521 2488 4574 νῶνται
2520 4524 2610 4575 καὶ
2647 4523 2904 4592 φρονοῦσι
2944 4526 3279 4592 Χριστιανοί.
3323 4525 3483 4578 Ἀλλά
3518 4527 3631 4588 τοῖς
3678 4542 3842 4593 smps-

2285 4616 2455 4677 τικοῖς
2484 4613 2780 4682 ὀφθαλμοῖς
2806 4615 3142 4668 κεκάλυπται
3176 4618 3206 4685 ἡ
3235 4616 3361 4679 δόξα
3392 4617 3595 4683 ἐκείνη,
3620 4619 3687 4683 τῇ
3709 4615 3832 4681 ψυχῇ

2286 4701 2344 4753 δὲ
2373 4705 2437 4773 τῇ
2485 4702 2817 4773 πιστευούσῃ
2864 4704 3146 4774 τηλαυγῶς
3192 4704 3664 4763 ἀποκαλύπτεται,
3710 4703 3770 4772 ἢν
3817 4702 3841 4755 6

2286 4792 2491 4863 Κύριος
2518 4796 2883 4865 νεκρωθεῖσαν
2910 4797 3107 4866 ἁνιστᾷ
3131 4796 3194 4848 ὲκ
3218 4796 3318 4865 τῆς
3354 4798 3651 4868 ἁμαρτίας,
3675 4798 3837 4861 ὥσπερ

2286 4885 2489 4953 ἐγείρει
2548 4888 2641 4940 καὶ
2708 4890 2777 4941 τὰ
2845 4888 3017 4956 νεκρά
3084 4885 3356 4956 σώματα,
3412 4890 3717 4957 ἑτοιμάζων
3760 4888 3839 4937 ait.

2287 4980 2354 5049 τῇ
2400 4978 2628 5047 οὐρανὸν
2661 4978 2845 5032 καινὸν
2870 5020 2884 5040 ,
2920 4980 3013 5031 καὶ
3042 4977 3147 5048 γῆν
3179 4979 3404 5048 καινὴν,
3455 4983 3547 5033 καὶ
3583 4981 3737 5049 ἥλιον
3776 4979 3841 5031 ει-

2289 5072 2600 5138 καιοσύνης,
2632 5069 2806 5133 διδοὺς
2851 5071 2988 5141 αὐτῇ
3022 5072 3197 5124 πάντα
3244 5071 3308 5123 ἐκ
3338 5072 3437 5140 τῆς
3470 5072 3635 5125 αὐτοῦ
3669 5072 3837 5136 6561?,-

2286 5177 2400 5223 τος.
2435 5162 2591 5214 Ἔστι
2617 5162 2820 5231 κόσμος
2855 5161 3104 5231 ἀληθινὸς
3126 5203 3141 5225 ,
3173 5163 3266 5215 καὶ
3307 5164 3378 5233 γῆ
3414 5163 3558 5227 ζῶσα
3585 5204 3600 5225 ,
3634 5166 3725 5215 καὶ
3755 5164 3838 5228 ag.

2288 5252 2448 5314 πελος
2479 5253 2850 5322 καρποφόρος,
2883 5255 2977 5305 κοιλ⁸
3004 5253 3164 5323 ἄρτος
3195 5252 3363 5324 ζωῆς,
3398 5256 3491 5307 καὶ
3528 5253 3672 5321 ὕδωρ
3710 5252 3831 5312 ζῶν,

2286 5342 2469 5404 καθὼς
2516 5344 2864 5414 γέγραπται,
2919 5347 3183 5399 Πιστεύω
3229 5347 3338 5400 τοῦ
3390 5346 3532 5399 ἰδεῖν
3560 5348 3635 5398 τὰ
3664 5346 3833 5413 ἀγαθὰ

2288 5437 2506 5503 Κυρίου
2536 5437 2605 5489 ἐν
2731 5435 2960 5498 ζώντων
2988 5455 3002 5468 ·
3055 5440 3148 5492 καὶ
3204 5442 3386 5502 πάλιν,
3415 5441 3703 5494 Ἄνατελεῑ
3729 5438 3831 5499 τοῖς

2286 5526 2681 5596 φοϐουμένοις
2703 5528 2810 5581 τὸν
2840 5528 3274 5596 ΚύριονἽῐλιος
3294 5532 3704 5593 δικαιοσύνης,
3748 5528 3834 5579 καὶ

676 5693 847 5775 ”_lsa.
883 5712 1062 5775 xx‘xﬂrv.
1094 5698 1177 5753 Η.
1220 5700 1263 5730 ’⁸
1299 5699 1431 5755 an.
1465 5716 1611 5768 xvm,
1644 5702 1692 5768 l,
1724 5705 1773 5757 7.
1830 5704 1873 5736 "
1901 5705 2101 5775 Ephes.
2127 5722 2176 5771 ν,

2293 5746 2301 5771 ν
2328 5706 2417 5761 Ἦ.
2484 5709 2529 5739 ’³
2560 5708 2701 5764 Psal.
2731 5724 2873 5775 xxvi,
2893 5709 2981 5764 26.
3060 5711 3103 5741 ²⁶
3129 5710 3363 5766 Malacb.
3390 5725 3460 5773 tv,
3482 5710 3530 5766 Ξ.
3604 5710 3650 5742 ’ν
3684 5707 3827 5763 hac.

605 5777 692 5828 xv,
724 5762 781 5828 l;
840 5778 908 5829 vt,
934 5766 1020 5819 48.
