3966 6522
244 296 357 358 745

1384 313 1754 377 ΗΟΜΙΕΙΑΞ.
1779 337 1847 348 -·’
1869 315 2056 377 HOM.
2097 318 2357 380 XXXIV.

3393 330 3503 393 746

246 411 417 477 ιασις
437 412 508 465 ἐν
527 413 657 480 ταῖς
679 418 964 485 πτέρυξιν
983 422 1190 477 αὐτοῦ.
1216 424 1328 478 Καὶ
1360 426 1389 477 ὁ
1424 427 1629 497 Κύριος
1652 422 1813 480 εἶπεν.

1929 443 2091 483 sum:
2120 430 2233 502 Ego
2258 449 2376 486 sum
2418 436 2571 503 panis
2608 438 2753 501 vita:
2794 446 2849 494 et
2889 455 3106 496 rursum
3139 442 3285 508 τρυε
3311 444 3499 501 biberit

256 501 403 571 Ἐγώ
437 507 552 574 ειμι
579 507 618 574 ἠ
651 509 918 578 ἄμπελος
942 514 979 582 ἠ
1009 513 1285 584 ἀληθινή.
1326 521 1435 572 Καὶ
1460 521 1640 585 πάλιν,
1676 519 1823 589 Ἐγώ

239 595 367 663 ειμι
397 599 430 648 ό
452 596 630 664 ἄρτος
656 598 765 667 τῆς
790 599 956 669 ζωῆς.
994 606 1105 658 Καὶ
1152 609 1313 663 πάλιν
1339 651 1355 676 ,
1398 610 1462 664 '0
1506 612 1699 665 πίνων
1750 612 1820 666 ἐκ

240 686 357 739 τοῦ
379 687 597 754 ὕδατος
624 686 697 746 οὗ
717 691 833 762 ἐγὼ
871 694 1041 750 δώσω
1068 699 1247 765 αὐτῷ,
1278 703 1599 771 γενήσεται
1617 704 1688 758 ἐν
1713 706 1819 759 αὐ-

240 777 331 839 τῷ
366 778 528 848 πηγὴ
568 779 785 847 ὕδατος
821 784 1161 854 ἁλλομένου
1183 792 1271 856 είς
1298 789 1451 860 ζωὴν
1480 792 1739 850 αἰώνιον.

325 868 397 922 Β’.
440 870 506 922 Ἦ
548 870 656 942 γὰρ
682 872 892 937 ἔλευσις
934 877 1027 930 τοῦ
1076 880 1282 951 Κυρίου
1312 885 1461 936 πᾶσα
1493 884 1582 938 διὰ
1608 884 1700 939 τὸν
1731 886 1823 941 ἆν-

244 955 471 1025 θρωπον
500 962 813 1034 γεγένηται,
844 966 936 1020 τὸν
961 970 1406 1042 τεθανατωμένον
1430 975 1489 1027 ὲν
1513 975 1670 1046 τάφῳ
1698 978 1823 1031 σκό-

240 1063 397 1111 τους,
448 1051 743 1120 ἁμαρτίας,
796 1058 1102 1128 πνεύματος
1151 1063 1482 1136 ἀκαθάρτου,
1529 1068 1625 1121 καὶ
1658 1068 1819 1123 δυνά-

251 1156 401 1207 μεων
435 1144 704 1213 πονηρῶν,
735 1146 821 1201 ἵνα
842 1151 899 1200 ἐν
922 1150 1000 1220 τῷ
1028 1153 1183 1207 αίῶνι
1216 1156 1391 1228 τούτῳ
1414 1157 1508 1211 νῦν
1543 1161 1822 1235 ἀναστήσῃ

247 1232 348 1283 καὶ
376 1231 684 1307 ζωοποιήσῃ
716 1237 809 1290 τὸν
829 1238 1134 1311 ἄνθρωπον,
1170 1247 1263 1299 καὶ
1285 1249 1556 1323 καθαρίσῃ
1584 1252 1691 1304 ἀπὸ
1712 1231 1820 1305 ’πτιῐὶζ

250 1336 355 1387 σης
388 1321 665 1390 μελανίας,
710 1328 807 1379 καὶ
852 1331 1061 1402 φωτίσῃ
1090 1334 1251 1388 αὐτὸν
1276 1337 1353 1407 τῷ
1389 1338 1502 1409 ἰδίῳ
1529 1321 1689 1407 φωτὶ,
1728 1341 1823 1395 καὶ

245 1411 505 1483 ἀμφιάσῃ
538 1415 699 1469 αὐτὸν
731 1420 799 1473 τὰ
827 1420 1020 1475 ἑαυτοῦ
1051 1425 1322 1496 ἐνδύματα
1346 1428 1447 1498 τῆς
1474 1429 1727 1502 θεότητος
1754 1432 1823 1486 τὰ

245 1500 497 1569 οὐράνια.
545 1504 632 1559 Ἐν
684 1506 742 1560 δὲ
794 1513 860 1581 τῇ
916 1514 1214 1569 ἀναστάσει
1257 1518 1367 1571 τῶν
1402 1522 1690 1589 σωμάτων,
1747 1518 1822 1577 ὧν

249 1594 662 1683 στησαν
685 1602 778 1652 καὶ
805 1604 1276 1678 προεδοξάσθησαν
1295 1611 1351 1663 ai
1371 1611 1559 1683 ψυχαὶ,
1583 1615 1703 1668 τότε
1728 1615 1823 1669 καὶ

244 1680 321 1733 τὰ
367 1682 595 1751 σώματα
649 1690 1077 1761 συνδοξάζονται,
1112 1702 1203 1752 καὶ
1245 1680 1567 1769 φωτίζονται
1600 1709 1667 1777 τῇ
1714 1708 1822 1761 ἀπὸ

1928 533 1993 571 ea:
2026 520 2124 574 hac
2147 538 2310 592 aqua,
2340 540 2500 593 quam
2524 541 2617 595 ego
2646 527 2779 581 dabo
2805 529 2874 594 ei,
2901 528 2994 597 ﬁet
3025 531 3082 586 in
3104 547 3164 587 eo
3194 533 3310 603 [om
3340 551 3497 607 aqua

1926 609 2163 666 salientis
2188 614 2243 666 in
2271 615 2435 669 vitam
2455 625 2709 671 azternam
2740 619 2806 674 ’⁸.

1996 875 2063 930 ll.
2105 876 2389 935 Adventus
2402 882 2549 936 enim
2577 884 2795 940 Domini
2820 894 2969 944 totus
2994 889 3223 960 penitus
3263 901 3497 964 propter

1927 969 2207 1025 hominem
2236 970 2360 1037 fuit,
2383 976 2477 1042 qui
2513 985 2763 1033 mortuus
2778 980 2993 1050 iacebat
3014 981 3071 1036 in
3113 984 3369 1054 sepulcro
3409 992 3507 1040 ιε·-

1925 1058 2241 1124 nebrarum,
2273 1064 2505 1130 peccati,
2556 1066 2785 1134 spiritus
2836 1069 3058 1141 impuri,
3101 1081 3159 1128 et
3205 1088 3494 1143 perversa-

1927 1163 2047 1202 rum
2074 1159 2432 1218 potestatum,
2457 1155 2595 1209 utin
2626 1157 2730 1212 hoc
2763 1162 2962 1215 saeculo
2999 1178 3150 1218 nunc
3200 1165 3493 1221 resuscitet

1927 1253 1991 1292 ac
2017 1239 2256 1294 viviﬁeet
2276 1241 2580 1309 hominem,
2605 1249 2873 1305 emundet
2894 1252 2964 1306 ab
2997 1255 3148 1309 omni
3181 1256 3501 1326 nigredine,

1928 1327 2202 1384 illuminet
2250 1345 2378 1385 eum
2436 1348 2540 1388 suo
2586 1335 2831 1405 lumine,
2880 1348 3045 1410 atque
3104 1344 3326 1399 amiciat
3364 1359 3494 1399 eum

1925 1420 2042 1474 suis
2069 1420 2244 1490 ipsius
2275 1424 2610 1483 indumentis
2647 1428 2851 1485 divinis
2879 1441 2938 1487 et
2959 1433 3294 1490 cmlestibus.
3320 1436 3380 1490 ln
3408 1452 3496 1491 re-

1927 1514 2273 1569 surrectione
2301 1526 2487 1573 autem
2510 1535 3076 1594 corporum,quorum
3098 1535 3224 1582 ante
3248 1544 3505 1583 resurre~

1925 1604 2107 1660 xerint
2138 1613 2195 1660 et
2213 1608 2386 1677 gloria
2416 1610 2702 1669 illustrataa
2725 1614 2932 1672 fuerint
2952 1617 3171 1681 anima},
3201 1627 3331 1675 tunc
3352 1636 3493 1691 quo-

1930 1709 2037 1763 que
2057 1710 2295 1766 corpora
2327 1699 2489 1755 simul
2513 1703 2965 1773 gloriﬁcabuntur
2993 1716 3049 1763 et
3070 1709 3496 1767 illustrabuntur

245 1771 348 1823 τοῦ
379 1775 472 1827 νῦν
510 1782 897 1866 πεφιυτισμένῃ
950 1788 1044 1839 καὶ
1091 1788 1449 1865 δεδοξασμένῃ
1483 1771 1665 1866 ψυχῇῖ
1705 1796 1813 1850 ἐστι

1922 1800 2045 1840 cum
2077 1789 2281 1855 anima,
2305 1807 2426 1861 qua:
2465 1771 2612 1849 nunc
2648 1796 2951 1855 illuminata
2979 1809 3035 1855 et
3064 1801 3335 1858 illustrata
3367 1803 3492 1859 fuit.

242 1863 361 1932 γὰρ
383 1867 558 1920 αὐτῶν
599 1865 746 1936 οἶκος
771 1876 868 1928 καὶ
904 1880 1077 1948 σκηνὴ
1109 1882 1202 1934 καὶ
1240 1863 1451 1948 πόλιςδ
1750 1889 1824 1943 Τὸ

243 1955 569 2027 οἰκητήριον
599 1960 657 2014 δὲ
686 1962 747 2016 τὸ
773 1962 833 2029 ἐξ
859 1968 1091 2038 οὐρανοῦ
1130 1972 1191 2024 τὸ
1223 1955 1634 2046 ἀχειροποίητον
1666 1997 1824 2051 περι-

246 2043 538 2116 ϐέϐληνται
575 2051 732 2117 δόξαν
775 2057 952 2123 φωτὸς
982 2059 1182 2127 θεῖκοῦ,
1218 2064 1293 2127 ὡς
1324 2065 1489 2120 τέκνα
1524 2043 1700 2137 ιρωτὸς
1730 2043 1823 2136 γε-

245 2136 491 2205 νόμενοι,
525 2141 585 2194 οὐ
610 2146 966 2214 προσέξουσιν
999 2152 1249 2224 ἀλλήλοις
1277 2136 1541 2230 ὀφθαλμῷ
1570 2164 1820 2234 πονηρῷ·

250 2231 492 2301 πονηρία
520 2234 627 2306 γὰρ
653 2237 878 2312 ἐξήρθη.
909 2243 1021 2297 Οὐκ
1050 2245 1196 2300 ἔστιν
1229 2249 1346 2301 ἐκεῖ
1364 2251 1528 2319 ἄρσεν
1550 2254 1643 2308 καὶ
1664 2231 1819 2325 θῆλυ,

238 2319 435 2386 δοῦλος
464 2328 558 2379 καὶ
583 2329 863 2402 ἐλεύθερος
883 2350 898 2367 ·
933 2338 1011 2399 είς
1049 2337 1234 2407 θεῖκὴν
1263 2343 1371 2412 γὰρ
1401 2343 1562 2412 φύσιν
1587 2319 1823 2414 ἅπαντες

246 2416 702 2484 μεταϐάλλονται,
734 2427 985 2495 χρηστοὶ,
1024 2431 1119 2484 καὶ
1172 2432 1303 2495 θεοὶ.
1346 2438 1438 2490 καὶ
1479 2439 1644 2493 τέκνα
1686 2440 1820 2495 Θεοῦ

247 2506 560 2573 γενόμενοι.
608 2512 755 2566 Ἐκεῖ
789 2518 1231 2589 ἀνεπαισχύντως
1265 2525 1385 2578 τότε
1422 2528 1644 2600 λαλήσει
1673 2534 1822 2604 εἰρή-

241 2608 351 2662 νην
377 2595 597 2667 ἁδελφὸς
621 2601 821 2675 ἀδελφῇ
845 2622 859 2637 ο
888 2606 947 2659 ἓν
974 2610 1081 2680 γάρ
1103 2613 1240 2666 εἰσιν
1269 2616 1327 2667 ὲν
1353 2595 1574 2689 Χριστῷ
1599 2595 1819 2689 πάντες,

241 2685 347 2736 καὶ
371 2686 571 2752 πάντες
599 2692 657 2744 ὲν
690 2694 771 2745 ἑνὶ
801 2700 940 2764 φωτὶ
969 2685 1674 2780 ἀναπαυόμενοιξΠροσέξει
1701 2685 1819 2768 Ere;

243 2789 347 2867 ρος
377 2775 452 2845 τῷ
485 2779 675 2851 ἑτέρῳ,
713 2787 807 2838 καὶ
838 2788 897 2839 ὲν
941 2790 1019 2860 τῷ
1064 2797 1373 2866 προσέχειν,
1422 2775 1621 2867 εθθέως
1658 2808 1819 2863 πάλιν

240 2866 331 2969 εἰς
363 2868 615 2939 ἀλήθειαν
648 2876 1037 2950 ἐκλάμψουσιν,
1080 2888 1161 2949 είς
1193 2889 1453 2962 ἀληθινὴν
1481 2866 1613 2951 θέαν
1646 2906 1820 2969 φωτὸς

237 2957 510 3027 ἀρρήτου.
1285 2957 1294 2960 ﬁ
1410 2957 1421 2962 ’
1580 2997 1585 3003 ο

319 3050 360 3099 Γ
361 3055 393 3102 '.
429 3051 613 3119 Οὕτως
643 3058 855 3123 πολλοῖς
885 3066 1151 3135 σχήμασι,
1191 3071 1285 3126 καὶ
1318 3073 1535 3140 πολλαῖς
1566 3080 1659 3131 καὶ
1700 3099 1816 3134 ποι-

239 3138 426 3201 κίλαις
456 3143 634 3207 δόξαις
667 3149 875 3216 θεϊκαῖς
907 3155 1157 3227 ἀλλήλοις
1184 3161 1434 3234 ἐνορῶσι,
1460 3138 1553 3219 κᾴι
1589 3170 1817 3237 ἕκαστος

237 3233 615 3303 ἐκπλήσσεται
661 3242 753 3294 καὶ
805 3245 1036 3318 ἀγαλλιᾷ
1083 3233 1399 3320 ἀγαλλιάσει
1444 3233 1813 3334 ἀνεκλαλήτῳ,

239 3330 531 3397 προσέχων
580 3337 645 3404 τῇ
700 3337 795 3389 τοῦ
842 3340 1030 3411 ἑτέρου
1077 3345 1225 3417 δόξῃ.
1278 3347 1442 3420 Ὁρᾷς
1484 3352 1600 3416 πῶς
1629 3330 1814 3411 αἱντοῦ

240 3418 386 3471 Θεοῦ
433 3422 576 3487 δόξαι
607 3425 875 3496 ἄφραστοί
924 3434 1029 3486 είσι
1076 3437 1170 3489 καὶ
1208 3418 1599 3512 ἀκατάληπτοι,
1639 3450 1815 3516 φωτὸς

238 3511 483 3578 ἀρρήτου
534 3516 625 3567 καὶ
670 3518 857 3572 ἀϊδίων
906 3526 1240 3595 μυστηρίων,
1295 3532 1388 3584 καὶ⁹
1430 3511 1815 3607 ἀναριθμήτων

238 3602 466 3668 ἀγαθῶν
500 3605 834 3677 ὑπάρχουσις
870 3611 1076 3686 Ὠσπερ
1106 3618 1214 3689 γὰρ
1243 3622 1300 3673 ὲν
1331 3626 1445 3687 τοῖς
1471 3602 1815 3698 φαινομένοις

234 3695 308 3745 τὰ
336 3694 434 3763 τῆς
460 3696 562 3765 γῆς
599 3700 760 3766 φυτὰ,
788 3702 820 3772 ἦ
857 3706 1165 3775 σπέρματα,
1196 3710 1228 3781 ἢ
1269 3713 1402 3784 ἄνθη
1441 3694 1661 3773 ποικίλα
1690 3723 1816 3775 ἁδύσ

236 3786 401 3837 νατόν
428 3805 531 3840 τινι
563 3792 884 3847 καταλαϐεῖν
924 3797 1161 3869 ἀριθμῷ,
1197 3804 1291 3855 καὶ
1322 3804 1413 3857 τὸν
1440 3808 1616 3862 πάντα
1650 3812 1814 3865 πλοῦ-

232 3891 334 3928 τον
361 3878 458 3947 τῆς
495 3880 616 3949 γῆς,
651 3884 928 3954 ἀμήχανόν
965 3906 1070 3943 τινι
1098 3895 1416 3967 μετρῆσαιῆ
1452 3900 1773 3957 ἐπίστασθαι
1795 3922 1809 3937 ο

234 3969 269 4037 ἢ
308 3968 498 4040 ὥσπερ
523 3975 581 4025 ἐν
605 3978 670 4045 τῇ
712 3976 952 4050 θαλάσσῃ
985 3981 1053 4033 τὰ
1083 3986 1139 4035 ὲν
1171 3986 1308 4057 αὑτῇ
1341 3988 1531 4059 ζῶα,ἢ
1568 3993 1659 4046 τὸν
1693 3995 1813 4066 ἀρι-

232 4058 396 4127 θμὸν,
432 4062 463 4131 ἢ
499 4064 567 4117 τὰ
598 4067 747 4135 γένη,
776 4070 807 4135 ἣ
839 4071 938 4140 τὴν
965 4072 1249 4145 διαφορὰν,
1282 4077 1313 4147 ἢ
1361 4080 1422 4132 τὸ
1473 4058 1671 4153 μέτρον
1718 4058 1811 4140 τοῦ

231 4150 433 4216 ὕδατος
466 4156 653 4226 αὐτῆς,
684 4160 715 4228 ἢ
763 4161 823 4212 τὸ
857 4162 1053 4233 μέτρον
1095 4166 1189 4219 τοῦ
1222 4168 1387 4223 τόπου
1418 4174 1588 4243 αὐτῆς
1622 4176 1813 4230 ἀδύνα-

222 4245 327 4296 τόν
358 4262 462 4298 τινι
486 4248 593 4299 τῶν
635 4250 939 4321 ἀνθρώπων
967 4259 1324 4313 καταλαϐεῖν·
1355 4262 1387 4334 ἢ
1417 4264 1606 4338 ῶσπερ
1637 4269 1696 4322 ἐν
1734 4271 1811 4342 τῷ

223 4336 359 4406 ἀέρι
404 4338 495 4389 τὸν
538 4341 768 4411 ἀριθμὸν
804 4346 910 4397 τῶν
944 4352 1237 4405 πετεινῶν’
1273 4353 1304 4423 ἢ
1355 4355 1424 4408 τὰ
1452 4336 1583 4429 γένη
1630 4360 1662 4431 ἢ
1696 4336 1810 4432 μτὴν

1926 1878 2195 1934 Dominus
2223 1881 2372 1935 enim
2402 1894 2487 1938 est
2513 1900 2703 1940 eorum
2735 1887 2954 1955 domus,
2994 1891 3408 1948 tabernaculum
3439 1903 3496 1949 et

1924 1968 2147 2037 civitas;
2173 1971 2457 2030 domicilio
2486 1992 2615 2032 vero
2637 1980 2869 2047 cmlesti,
2894 1998 3006 2036 non
3026 1986 3341 2041 manufacto
3364 2003 3493 2056 pro—

1924 2062 2052 2115 tecti
2085 2072 2236 2131 sunt,
2264 2066 2439 2135 gloria
2468 2068 2729 2124 nimirum
2760 2072 2989 2127 luminis
3022 2074 3195 2129 divini
3218 2078 3372 2131 velut
3396 2077 3502 2132 lilii

1923 2149 2063 2207 lucis
2107 2153 2312 2210 eli‘ecti.
2348 2157 2467 2212 Non
2521 2158 2886 2216 intuebuntur
2935 2178 2993 2219 se
3046 2164 3283 2229 invicem
3330 2169 3495 2221 oculo

1923 2255 2125 2308 pravo;
2185 2245 2394 2301 malitia
2434 2248 2581 2303 enim
2636 2251 2853 2306 sublata
2913 2262 3017 2309 est.
3074 2255 3195 2309 Non
3244 2265 3328 2311 est
3380 2258 3495 2312 illic

1924 2333 2199 2389 masculus
2221 2344 2278 2389 et
2299 2336 2522 2402 femina,
2545 2353 2738 2395 servus
2759 2352 2814 2395 et
2836 2342 2993 2398 liber.
3009 2343 3067 2397 ln
3082 2344 3323 2400 divinam
3345 2347 3493 2401 enim

1923 2432 2174 2478 naturam
2203 2441 2393 2482 omnes
2424 2437 2883 2499 transmutantur,
2917 2434 3160 2506 benigni,
3202 2437 3277 2491 dii
3309 2448 3365 2493 ct
3394 2438 3503 2495 lilii.

1925 2512 2021 2566 Dei
2049 2513 2198 2568 facti.
2232 2516 2349 2571 lllic
2384 2519 2593 2589 absque
2635 2522 2747 2577 ullo
2801 2524 3012 2593 pudore
3060 2536 3191 2582 tunc
3232 2529 3493 2598 loquetur

1920 2617 2110 2670 pacem
2135 2604 2306 2660 frater
2336 2622 2459 2661 cum
2487 2624 2693 2665 sorore.
2724 2612 2905 2668 Unum
2945 2615 3216 2685 siquidem
3258 2628 3387 2675 sunt
3435 2620 3497 2674 in

1918 2692 2140 2748 Christo
2160 2710 2371 2763 omnes,
2387 2708 2643 2756 etomncs
2671 2703 2724 2757 in
2751 2720 2862 2759 uno
2882 2705 3089 2762 lumine
3112 2708 3488 2779 requiescunt.

1920 2783 2179 2840 Attendet
2217 2788 2358 2843 alter
2402 2790 2459 2844 in
2490 2793 2748 2857 alterum,
2792 2803 2850 2849 et
2901 2796 3048 2852 inter
3093 2802 3493 2858 attendendum

1919 2876 2205 2931 confestim
2247 2879 2429 2936 denuo
2461 2883 2515 2936 in
2543 2884 2773 2940 veritate
2804 2888 3199 2959 splendebunt,
3259 2893 3319 2948 in
3361 2911 3503 2953 vera,

1919 2971 2381 3039 contemplatione
2414 2975 2637 3031 luminis
2665 2979 2873 3034 arcani.

1993 3075 2082 3129 lll.
2121 3076 2271 3131 Adeo
2322 3080 2717 3150 multiplicibus
2764 3084 2975 3155 figuris,
3026 3089 3194 3145 multa
3243 3100 3299 3146 et
3338 3094 3503 3150 varia.

1919 3168 2091 3237 gloria
2120 3168 2304 3225 divina
2327 3186 2386 3226 se
2417 3171 2649 3227 invicem
2670 3175 2936 3245 aspicient
2964 3196 2976 3231 :
3011 3180 3243 3250 quisque
3267 3190 3491 3252 stupore

1917 3261 2261 3328 percutietur
2307 3272 2365 3318 et
2416 3265 2717 3321 exsultabit
2780 3270 3149 3327 exsultatione
3201 3272 3488 3338 ineﬂ‘abili,

1916 3354 2298 3411 animadversa
2370 3357 2599 3413 alterius
2662 3360 2856 3429 gloria.
2918 3360 3088 3419 Vides
3156 3382 3267 3436 quo
3330 3377 3512 3438 pacto.

1916 3446 2085 3513 gloria
2130 3446 2225 3500 Dei
2276 3448 2460 3503 verbis
2506 3449 2769 3519 explicari
2818 3463 2914 3509 aut
2951 3457 3344 3525 comprehendi
3391 3475 3490 3515 ne-

1914 3543 2099 3603 queat,
2136 3537 2308 3607 gloria
2359 3540 2572 3595 scilicet
2630 3542 2858 3599 lumlnis
2899 3549 3108 3611 arcani,
3158 3558 3508 3607 mternorumu

1916 3632 2303 3701 mysteriorum
2327 3642 2381 3687 et
2398 3632 2670 3688 bonorum
2692 3635 3489 3707 innumerabilium.Quemad-

1915 3723 2136 3776 modum
2178 3724 2326 3777 enim
2376 3724 2431 3777 in
2467 3725 2631 3780 rebus
2669 3727 2817 3783 aciei,
2859 3729 3147 3783 oculorum
3203 3731 3487 3802 subjectis.

1916 3814 2129 3883 plantas
2163 3816 2344 3879 terrae,
2372 3816 2581 3870 semina
2606 3826 2699 3871 aut
2729 3817 2891 3874 liores
2924 3822 3109 3877 varios
3151 3840 3262 3878 non
3297 3825 3504 3881 datum.

1914 3912 1998 3957 est
2054 3904 2291 3974 cuipiam
2361 3922 2589 3961 numero
2642 3911 3150 3979 comprehendere,
3217 3923 3383 3984 atque
3427 3927 3501 3973 utr-

1914 4009 2106 4049 onmes
2136 4010 2268 4064 opes
2300 4006 2457 4052 terrae
2482 3997 2739 4053 metiatur
2756 4001 3028 4071 quispiam
3053 4013 3148 4059 aut
3169 4019 3487 4078 cognoscat,

1915 4085 2032 4139 ﬁeri
2070 4101 2181 4140 non
2210 4094 2425 4156 potest;
2466 4096 2563 4142 aut
2602 4091 2770 4145 veluti
2815 4093 3072 4149 animalia
3116 4096 3170 4150 in
3213 4098 3351 4153 mari
3389 4099 3488 4155 de-

1914 4177 2118 4245 gentia,
2153 4187 2248 4233 aut
2272 4195 2586 4248 numerum,
2618 4192 2714 4237 aut
2739 4196 3073 4254 genera,aut
3095 4188 3485 4258 dill‘erentiam,

1914 4276 2009 4322 aut
2036 4283 2347 4324 mensuram
2379 4287 2533 4340 aqua:
2569 4274 2705 4343 ejus,
2741 4283 2835 4327 aut
2864 4291 3177 4332 mensuram
3217 4280 3322 4334 loci
3368 4282 3489 4352 ejus

1916 4359 2255 4429 impossibile
2291 4372 2377 4417 est
2408 4364 2501 4417 ulli
2530 4363 2817 4418 hominum
2858 4369 3360 4437 comprehendere;
3393 4382 3489 4433 aut

224 4429 509 4483 ποικιλίαν
538 4433 797 4490 ἀδύνατον
830 4439 1055 4505 γνῶναι·
1082 4442 1113 4513 ἢ
1147 4443 1334 4516 ὥσπερ
1364 4448 1424 4500 τὸ
1451 4449 1543 4501 τοῦ
1574 4453 1803 4522 οὐρανοῦ

1920 4451 2081 4505 veluti
2123 4466 2221 4521 per
2244 4467 2427 4506 aerem
2459 4454 2761 4509 volantium
2811 4455 3118 4510 volucrium
3170 4474 3484 4526 numerum,

226 4518 486 4590 μέγεθος.
511 4521 544 4592 ἢ
576 4525 674 4586 τὰς
706 4526 883 4591 θέσεις
912 4531 1021 4583 τῶν
1048 4532 1285 4603 ἄστρων.
1318 4536 1349 4607 ἦ
1380 4539 1468 4591 τὸν
1488 4518 1687 4611 δρόμον
1714 4545 1807 4596 αὑ-

218 4611 339 4662 τῶν
362 4612 436 4673 ὡς
458 4614 605 4666 ἔστιν
627 4617 886 4672 ἀδύνατον
911 4624 1240 4678 καταλαϐεῖν
1263 4642 1276 4658 ⁸
1311 4630 1480 4694 οὕτως
1513 4634 1659 4686 ἐστὶν
1685 4636 1813 4688 ἀδύ-

220 4719 395 4753 νατον
430 4707 686 4778 είπεῖν,ἢ
725 4709 1074 4782 διαγορεῦσαι
1113 4718 1203 4770 τὸν
1246 4720 1474 4775 πλοῦτον
1521 4726 1629 4778 τῶν
1676 4729 1811 4798 Χρι-

218 4798 464 4847 στιανῶν
488 4799 578 4851 τὸν
602 4802 931 4874 ἀμέτρητον,
953 4807 1256 4879 ἀπέραντον
1283 4816 1376 4866 καὶ
1400 4816 1807 4888 ἀκατάληπτον.

216 4886 287 4937 Εἰ
345 4887 454 4955 γὰρ
514 4889 582 4942 τὰ
632 4892 906 4961 κτίσματα
948 4897 1115 4952 ταῦτα
1170 4903 1419 4957 τοσοῦτον
1473 4907 1675 4979 ἄπειρα
1714 4914 1806 4965 καὶ

212 4977 591 5048 ἀκατάληπτα
635 4985 746 5045 τοῖς
791 4987 1099 5056 ἀνθρώποις
1126 4995 1403 5064 τυγχάνει,
1427 5000 1577 5071 πόσῳ
1607 5002 1803 5070 μᾶλλον

209 5071 246 5121 ὁ
280 5070 477 5133 κτίσας
510 5075 602 5125 καὶ
642 5082 1061 5147 κατασκευάσας
1096 5084 1264 5140 αὺτάι
1314 5089 1548 5159 Ὀφείλει
1591 5089 1682 5149 οὖν
1720 5114 1803 5160 τις

216 5161 433 5229 μᾶλλον
487 5163 916 5239 ἀγαλλιασθῆναι
964 5175 1057 5228 καὶ
1105 5180 1360 5251 χαρῆναι,
1418 5183 1498 5236 ὅτι
1547 5185 1800 5252 τοσοῦτος

212 5257 459 5317 πλοῦτος
506 5262 599 5311 καὶ
648 5260 981 5334 κληρονομία
1030 5272 1141 5333 τοῖς
1190 5272 1534 5343 Χριστιανοῖς
1579 5279 1799 5349 ἡτοίμα-

211 5360 374 5407 σται,
407 5343 546 5400 ὥστε
573 5351 779 5421 μηδένα
805 5353 1098 5428 δυνηθῆναι
1129 5364 1320 5432 είπείν,
1350 5367 1380 5438 ἢ
1415 5369 1790 5442 ἐξαγορεῦσαι.

207 5437 380 5489 Μετά
409 5439 592 5510 πάσης
616 5442 674 5494 δὲ
708 5447 944 5518 σπουδῆς
979 5452 1071 5504 καὶ
1105 5437 1607 5532 ταπεινοφροσύνης
1642 5482 1799 5535 προσ-

208 5530 402 5582 ε)θεῖν
452 5531 534 5585 δεῖ
560 5535 655 5588 ἐπὶ
691 5538 784 5592 τὸν
816 5540 1000 5609 ἀγῶνα
1030 5545 1139 5601 τῶν
1172 5549 1532 5623 Χριστιανῶν,
1563 5530 1797 5613 καὶ-λα-

291 5705 337 5733 ”
369 5712 525 5766 Joan.
566 5730 637 5777 Iv,
666 5719 715 5772 ί.

1905 4549 2217 4612 autgenera
2241 4553 2336 4597 aut
2362 4544 2659 4599 varietates
2682 4561 2792 4600 non
2829 4547 2955 4601 licet
2990 4563 3358 4618 cognoscere;
3392 4563 3487 4606 aut

1907 4634 2075 4687 veluti
2108 4635 2545 4705 magnitudinem
2596 4638 2742 4703 caeli,
2779 4648 2874 4692 aut
2920 4641 3135 4708 positus
3187 4651 3483 4708 astrorum,

1906 4735 1999 4780 aut
2040 4742 2262 4781 cursum
2308 4743 2499 4783 eorum
2562 4730 2824 4799 consequi
2876 4731 3218 4799 impossibile
3259 4742 3373 4787 est:
3407 4735 3488 4789 sic

1907 4834 2125 4888 quoque
2148 4819 2486 4889 impossibile
2514 4831 2597 4876 est
2622 4838 2879 4878 enarrare
2904 4833 2999 4878 aut
3031 4825 3306 4894 explicare
3336 4825 3483 4879 divi-

1912 4916 2012 4969 tias
2044 4914 2484 4971 Christianorum
2538 4917 2855 4983 immensas,
2906 4919 3149 4975 inﬁnitas
3186 4931 3241 4975 ct
3271 4921 3485 4977 incom-

1907 5005 2325 5073 prehensibiles.
2348 5008 2403 5061 Si
2430 5009 2633 5063 ctenim
2664 5019 2932 5063 creatum
2958 5009 3073 5064 ista:
3093 5011 3231 5066 adeo
3256 5010 3484 5068 inﬁnitae

1907 5108 1963 5150 et
2028 5097 2621 5168 incomprehensibiles
2670 5101 2989 5157 hominibus
3056 5110 3204 5168 sunt,
3273 5115 3503 5174 quanto,

1904 5189 2096 5257 magis,
2135 5191 2229 5260 qui
2261 5192 2510 5246 condidit
2535 5202 2590 5247 et
2636 5195 2844 5249 creavit
2880 5196 3037 5249 illas?
3084 5196 3260 5252 Debet
3312 5198 3483 5268 igitur

1903 5278 2172 5348 quispiam
2210 5280 2596 5336 vehementius
2626 5281 2902 5336 exsultare
2937 5292 2993 5337 et
3042 5283 3239 5349 lzetari,
3301 5293 3481 5338 tantas

1906 5386 2037 5441 opes
2080 5382 2135 5427 et
2169 5373 2541 5428 hmreditatcm
2575 5375 2904 5431 Christianis
2934 5386 3288 5445 prmparatam
3337 5391 3479 5438 esse.

1910 5476 1969 5520 ut
2000 5483 2160 5522 nemo
2187 5468 2361 5539 possit
2385 5470 2569 5539 eloqui
2598 5478 2692 5524 aut
2722 5469 3297 5525 enarrare.C2eterum
3327 5470 3497 5524 omni

1907 5559 2089 5617 studio
2115 5569 2169 5616 et
2201 5561 2367 5618 animi
2400 5560 2711 5619 humilitate
2736 5563 2999 5619 accedere
3024 5570 3245 5635 oportet
3268 5560 3334 5619 ad
3361 5577 3495 5623 cerr.
