3966 6518
606 317 709 381 747
1830 335 1873 392 S
1931 332 2253 395 MACARII
2286 337 2609 399 [EGYPTII
3722 344 3803 403 ιιι

605 443 789 488 tamen
819 432 1282 502 Christianorum,
1326 454 1391 495 ac
1448 442 1710 529 consequi
1767 443 1891 500 illas
1931 446 2143 502 divitias

2247 499 2249 507 ,
2281 449 2396 502 δεῖν
2426 452 2635 506 ἐκεῖνον
2659 452 2751 506 τὸν
2782 452 3030 508 πλοῦτον.
3060 454 3410 525 Κληρονομία
3434 457 3541 526 γὰρ
3562 457 3652 509 καὶ
3678 461 3807 529 perii;

610 521 918 577 llaereditas
946 523 1095 579 enim
1142 534 1201 580 et
1254 541 1380 595 pars
1417 527 1881 595 Christianorum,
1924 540 2009 585 est
2057 531 2142 601 ips

2274 539 2384 592 τῶν
2424 542 2769 611 Χριστιανῶν
2814 545 2977 607 αὑτός
3010 521 3223 599 ἐστινῂ-ὁ
3254 521 3418 609 Θεόςο
3445 521 3806 618 ὟΚύριος-ιτλρ,

604 610 770 665 Deus.
802 611 1055 670 Dominus
1080 616 1241 681 enim,
1283 616 1482 686 inquit,
1528 636 1654 688 pars
1682 620 2003 674 hcereditatis
2048 638 2143 676 met

2274 632 2428 700 φησὶ.
2441 610 2613 701 μερὶς
2634 633 2742 701 τῆς
2762 638 3163 704 κληρονομίας
3181 656 3298 707 μου
3316 639 3412 692 καί
3432 610 3809 708 τοῦ-ποτηρίου

605 705 656 751 et
685 700 865 755 salicis
897 704 1002 756 mei
1023 704 1089 757 ”.
1112 705 1296 761 Gloria
1329 707 1401 761 sit
1432 707 1506 773 ei,
1549 710 1643 778 qui
1679 725 1737 765 se
1773 710 1952 779 ipsum
1982 712 2143 766 donat

2266 738 2406 788 μου.
2442 700 2579 788 Δόξα
2612 723 2690 793 τῷ
2727 700 2918 778 ἐαυτδν
2945 700 3160 792 διδδντι,
3181 700 3299 781 *καὶ
3346 700 3711 799 συγκιρνῶντῖ
3732 734 3809 803 τίς)

602 797 767 859 atque
817 793 1115 861 permiscet
1175 805 1419 850 sanetam
1474 799 1715 853 animam
1765 815 1922 856 suam
1973 801 2139 855 animi

2271 810 2434 877 ἁγίαν
2470 812 2631 880 φύσιν
2656 815 2819 868 αὑτοῦ
2845 818 2965 881 ταῖς
2994 817 3191 889 ψυχαῖς
3221 820 3329 872 τῶν
3368 822 3721 891 Χριστιανῶθ,
3748 826 3809 888 εἰς

600 878 1061 951 Christianorum,
1096 886 1153 941 in
1183 889 1402 942 saecula.
1433 888 1628 944 Amen.

2268 904 2395 966 τοὺς
2424 878 2648 969 αἰῶνας.
2703 907 2903 979 Ἀμήν.’

1006 997 1165 1068 126
1216 998 1499 1055 liOMlLIA
1533 1002 1744 1059 XXXV.

2855 1020 3099 1076 OMIAIA
3130 1022 3253 1077 AE'.

959 1085 1039 1142 De
1078 1089 1309 1145 δαὺὺαιο
1335 1096 1552 1164 antiquo
1581 1103 1630 1148 ει
1653 1112 1805 1150 ηουοο
2319 1111 2460 1181 Περὶ
2490 1110 2594 1166 τοῦ
2618 1112 2880 1167 παλαιοῦ
2912 1115 3007 1167 καί
3063 1114 3168 1168 τοῦ
3192 1115 3405 1170 καινοῦ
3441 1118 3757 1174 Σαόϐἁτου.

669 1193 711 1248 l.
748 1194 809 1251 In
833 1198 1030 1259 umbra
1052 1201 1188 1273 legis
1202 1220 1300 1273 per
1318 1204 1504 1259 Mosen
1524 1206 1664 1261 data:
1690 1206 1971 1263 mandavit
1999 1207 2138 1263 Deus

2337 1228 2416 1281 A'.
2471 1226 2559 1279 ’Ev
2604 1228 2671 1296 τῇ
2720 1227 2849 1298 σκιᾷ
2880 1225 2973 1279 τοῦ
3009 1228 3175 1297 νόμου
3203 1228 3297 1281 τοῦ
3329 1229 3418 1282 διὰ
3464 1231 3709 1295 Μωσέως
3739 1235 3809 1286 ἃ)-

602 1301 1055 1363 unumquemque
1106 1298 1457 1367 requiescere
1508 1302 1565 1355 in
1618 1301 1877 1368 Sabbato,
1926 1316 1983 1358 et
2023 1304 2140 1358 nihi

2277 1317 2481 1383 θέντος,
2506 1317 2836 1387 προσέταξεν
2882 1319 2910 1370 ὁ
2942 1318 3073 1381 Θεὸς
3106 1321 3162 1371 ὲν
3200 1319 3278 1388 τῷ
3307 1318 3574 1391 Σαϐὁρὶτῳ
3610 1322 3811 1376 ἕκαστον

597 1392 779 1449 agere.
806 1383 919 1439 Hoc
941 1395 1125 1442 autem
1150 1388 1321 1460 ﬁgura
1343 1402 1462 1448 erat
1480 1405 1535 1449 et
1558 1394 1753 1449 umbra
1778 1396 1890 1450 veri
1916 1396 2136 1452 Sabbati

2268 1383 2646 1460 ἀναπαύεσθαι
2680 1408 2775 1461 καὶ
2802 1408 2967 1478 μηδὲν
2997 1411 3190 1462 ποιεῖν.
3209 1383 3378 1463 Τοῦτο
3392 1383 3639 1473 sessim;
3656 1409 3719 1481 ἦν
3736 1416 3813 1467 καὶ

595 1471 743 1536 quod
775 1473 971 1529 animae
997 1476 1232 1533 donatur
1260 1496 1291 1535 a
1330 1481 1581 1537 Domino.
1614 1484 1805 1539 Anima
1842 1487 2011 1548 enim,
2041 1503 2143 1557 qua

2265 1497 2392 1551 σκιά
2431 1496 2523 1549 τοῦ
2555 1471 2816 1567 ἀληθινοῦ.
2835 1471 3110 1551 έαὸϐἀτου
3137 1497 3231 1551 τοῦ
3268 1498 3544 1569 διδομένου
3679 1471 3810 1571 ’ψυχῇ

594 1559 759 1631 digna
786 1577 1043 1621 censetur
1073 1570 1141 1623 ab
1179 1570 1435 1626 obscenis
1486 1585 1543 1629 et
1593 1575 1850 1643 turpibus
1875 1578 2143 1647 cogitatio

2259 1589 2367 1641 ἀπὸ
2389 1588 2481 1641 τοῦ
2500 1559 2726 1659 Κυρίου.
2742 1588 2807 1642 Ἦ
2826 1590 2934 1660 γὰρ
2957 1590 3351 1655 καταξιωθεῖσα
3361 1559 3506 1661 ιίρυχὴ

593 1650 760 1707 nibus
800 1654 1044 1723 liberari,
1109 1667 1222 1714 tum
1278 1678 1471 1716 verum
1528 1663 1828 1719 Sabbatum
1894 1666 2155 1737 celebrat,

2259 1678 2437 1751 θῆναι]
2462 1680 2568 1732 ἀπὸ
2597 1681 2706 1735 τῶν
2725 1682 2963 1751 αἰσχρῶν
2991 1683 3088 1735 καὶ
3121 1684 3380 1754 ῥυπαρῶν
3410 1684 3707 1755 λογισμῶν,
3736 1691 3813 1741 καὶ

594 1751 708 1796 tum
764 1761 949 1806 veram
1006 1750 1253 1818 requiem
1303 1754 1622 1821 requiescit,
1652 1756 1847 1810 otium.
1889 1774 2056 1828 agens
2100 1772 2143 1815 et

594 1832 809 1854 mea-”
1081 1842 1113 1854 ..
1356 1844 1388 1854 ..
1632 1848 1646 1854 -
1768 1850 1780 1854 _

2259 1768 2509 1839 ἀληθινὸν
2534 1769 2806 1823 Σάδδατον
2820 1750 3175 1838 euasurus},
3192 1750 3286 1826 καί
3306 1750 3564 1845 ἀληθινὴν
3573 1750 3809 1830 ἀνάπαυε

590 1832 818 1891 liberata
847 1838 916 1892 ab
946 1842 1201 1897 omnibus
1217 1844 1479 1913 operibus
1504 1848 1833 1905 tenebrosis.
1864 1850 1981 1905 lllie
2008 1854 2156 1907 enim

593 1924 649 1977 in
678 1927 843 1996 lypici
873 1930 1098 1986 Sabbati
1131 1934 1525 2001 celebratione,
1551 1939 1653 1993 etsi
1670 1956 1898 2010 corpora
1912 1944 2161 2012 quiesce-

589 2013 742 2080 luant,
775 2030 1154 2078 verumtamen
1184 2026 1379 2082 animze
1413 2030 1674 2098 nequitiis
1700 2047 1765 2087 ae
1803 2034 1957 2088 vitiis
2000 2044 2159 2090 erant

588 2103 830 2175 illigalze.
858 2108 973 2166 Hoc
991 2128 1144 2179 vero,
1158 2131 1350 2170 verum
1370 2116 1666 2174 Sabbatum
1685 2138 1815 2179 vera
1832 2134 1915 2179 est
1938 2127 2159 2194 requies

588 2197 806 2260 anima}.
830 2216 952 2269 quae
980 2216 1157 2271 vacat,
1179 2214 1234 2261 et
1255 2220 1554 2279 expurgata
1575 2223 1657 2266 est
1681 2230 1710 2267 a
1733 2218 2159 2286 cogitationibus

590 2282 822 2351 Satanae,
850 2298 907 2345 et
934 2291 1231 2363 requiescit
1270 2294 1326 2349 in
1370 2308 1640 2369 perpetua
1669 2282 1854 2372 quiete
1884 2316 1939 2367 et
1968 2306 2156 2363 laetitia

588 2373 828 2441 Domini.

657 2639 725 2693 ll.
768 2640 1237 2707 Quemadmodum
1266 2642 1414 2706 enim
1444 2661 1575 2710 tunc
1608 2656 1903 2724 mandavit,
1940 2669 2001 2714 ut
2038 2661 2153 2731 ipsa

579 2747 802 2802 quoque
836 2734 995 2791 bruta
1027 2739 1284 2798 animalia
1311 2743 1549 2800 Sabbato
1571 2749 1942 2817 quiescerent,
1961 2768 2031 2807 ne
2056 2754 2154 2809 bos

578 2822 685 2891 sub
735 2825 926 2904 jugum
956 2833 1327 2887 necessarium
1364 2838 1701 2905 traheretur;
1726 2857 1793 2895 ne
1811 2844 1964 2898 asino
1982 2860 2152 2900 onera

578 2900 1033 2987 imponerentur;
1065 2925 1424 2993 quiescebant
1456 2930 1604 2984 enim
1633 2932 1749 3001 ipsa
1780 2950 2002 3005 quoque
2033 2939 2154 2993 ani-

2262 1876 2346 1911 σιν
2393 1862 2753 1926 ἀναπαύεται,
2805 1863 3049 1933 ἀργοῦσα
3094 1866 3189 1917 καὶ
3246 1866 3674 1937 ὲλευθερουμένη
3722 1871 3811 1921 ἀπὸ

2259 1953 2476 2007 πάντων
2507 1955 2617 2006 τῶν
2646 1956 2934 2010 σκοτεινῶν
2963 1956 3159 2026 ἔργων.
3205 1956 3349 2009 Ἐκεῖ
3378 1958 3476 2026 μὲν
3520 1960 3633 2028 γάρ
3668 1962 3742 2023 εἰς
3763 1962 3812 2012 τὸ

2258 2043 2489 2096 τυπικδν
2540 2044 2834 2110 Σάϐϐατον,
2865 2048 2913 2098 εἰ
2964 2047 3061 2099 καὶ
3107 2049 3427 2117 σωματικῶς
3472 2051 3810 2114 ἀνεπαύοντο,

2257 2134 2373 2187 ἀλλ’
2403 2137 2459 2187 αἰ
2488 2135 2655 2204 ψυχαὶ
2684 2137 2762 2198 είς
2789 2137 2885 2200 τάς
2916 2138 3179 2208 πονηρίας
3218 2140 3311 2191 καὶ
3341 2140 3542 2202 κακίας
3573 2137 3711 2209 ἦσαν
3740 2143 3810 2194 δε-

2256 2226 2496 2293 δεμέναι.
2526 2226 2697 2279 Τοῦτο
2731 2226 2788 2279 δὲ
2817 2227 2877 2279 τὸ
2904 2227 3156 2298 ἀληθινὸν
3193 2230 3490 2295 Σάδδατον,
3528 2233 3813 2293 ἀνάπαυσις

2256 2318 2480 2389 ἀληθινή
2531 2319 2669 2380 ἐστι,
2719 2318 2893 2388 ψυχῆς
2932 2319 3209 2391 ἀργούσης
3257 2321 3351 2374 καὶ
3390 2322 3813 2394 καθαριζομένης

2256 2409 2364 2463 ἀπὸ
2395 2410 2500 2463 τῶν
2530 2409 2890 2478 διαλογισμῶν
2923 2410 3019 2464 τοῦ
3065 2412 3298 2477 Σατανᾶ,
3340 2413 3435 2466 καὶ
3478 2415 3813 2485 ἀναπαυομέ-

2255 2517 2353 2570 νης
2396 2502 2475 2564 εἰς
2519 2498 2619 2569 τὴν
2664 2498 2758 2552 τοῦ
2807 2498 3012 2573 Κυρίου
3066 2500 3373 2557 ἀνάπαυσιν
3429 2502 3692 2570 αἰωνίαν,
3734 2506 3812 2558 καὶ

2255 2592 2448 2661 χαράν.

2327 2679 2401 2730 B'.
2427 2680 2636 2746 Ὥσπερ
2661 2680 2769 2750 γὰρ
2800 2679 2918 2732 τότε
2947 2680 3244 2751 προσέταξε
3278 2680 3374 2733 καὶ
3396 2681 3536 2733 αύτά
3560 2680 3633 2735 τὰ
3662 2682 3811 2747 ἄλογα

2255 2766 2370 2831 ζῶα
2396 2767 2475 2837 τῷ
2505 2768 2767 2838 Σαϐϐάτῳ
2818 2768 3211 2832 ἀναπαύεσθαι,
3265 2769 3354 2821 τὸν
3410 2768 3535 2838 βοῦν
3600 2768 3676 2839 μὴ
3722 2771 3811 2821 ὑπὸ

2254 2856 2416 2925 ζυγὸν
2444 2856 2687 2926 ἀνάγκης
2725 2856 3016 2919 ἕλκεσθαι,
3055 2856 3144 2908 τὸν
3174 2856 3293 2909 δνον
3338 2856 3412 2927 μὴ
3456 2859 3812 2927 mmmam

2254 2948 2605 3018 (ἀνεπαύοντο
2637 2950 2744 3021 γὰρ
2794 2949 2889 3001 καὶ
2918 2948 3060 3002 αύτά
3083 2948 3153 3001 τὰ
3189 2948 3302 3012 ζῶα
3327 2949 3434 3001 ἀπὸ
3468 2950 3579 3001 τῶν
3617 2951 3812 3019 βαρέων

577 3006 739 3074 qualia
770 3023 800 3061 a
826 3008 980 3065 duris
1012 3014 1273 3081 operibus
1300 3034 1314 3082 ;
1375 3018 1455 3072 sic
1504 3036 1721 3093 quoque
1746 3039 1870 3077 cum
1909 3028 2143 3083 venisset

2254 3006 2475 3111 ἐργων)·
2514 3006 2687 3104 οὕτως
2715 3006 2887 3093 item
2934 3042 2962 3093 ὁ
3009 3006 3213 3111 Κύριος
3242 3042 3335 3093 καὶ
3365 3041 3424 3093 τὸ
3452 3006 3706 3109 ἀληθῶν
3733 3046 3813 3093 καὶ

577 3097 864 3165 Dominus,
914 3110 969 3162 et
998 3118 1191 3157 verum
1218 3116 1596 3179 aeternumque
1625 3111 1919 3169 Sabbatum
1952 3128 2143 3172 contu-

2253 3134 2470 3188 αἰώνιον
2498 3133 2773 3187 Σάϐϐατον
2817 3134 2960 3196 δοὺς,
2994 3133 3265 3186 ἀνέπαυσε
3305 3135 3405 3200 τὴν
3444 3132 3811 3203 βεϐαρημένην

574 3186 748 3252 lisset,
785 3191 1111 3247 refocillavlt
1136 3196 1371 3255 animam
1396 3203 1659 3258 oneribus
1690 3206 2019 3276 iniquitatis,
2045 3211 2143 3264 im-

2250 3224 2343 3278 καὶ
2369 3186 2815 3294 γπεφορτισμένην
3042 3224 3281 3294 φορτίοις
3303 3186 3549 3293 ἀνομίας,
3584 3186 3811 3294 ἀκαθάρ-

575 3280 1014 3352 mundarumque
1041 3288 1433 3358 cogitationum
1467 3305 1744 3365 gravatam
1778 3307 1835 3353 et
1868 3312 2142 3371 onustam,

574 3375 632 3421 et
665 3382 985 3438 operantem
1032 3375 1341 3447 iniquitatis
1374 3398 1540 3451 opera
1574 3391 1909 3457 necessario,
1943 3396 2145 3464 quippe

575 3473 698 3525 qua:
730 3462 834 3515 sub
873 3465 1199 3524 acerborum
1253 3472 1603 3530 dominorum
1654 3480 1976 3537 servitutem
2026 3496 2147 3540 erat

575 3549 830 3613 redacta;
857 3562 912 3609 et
944 3556 1145 3613 levavit
1166 3577 1288 3617 eam
1310 3565 1380 3620 ob
1402 3569 1661 3623 oneribus
1686 3572 2142 3641 intolerabilibus,

571 3639 739 3695 variis
799 3652 963 3714 atque
1016 3648 1273 3709 obscenis
1320 3658 1765 3727 cogitationibus,
1816 3639 2143 3735 sublatoque

570 3733 723 3799 gravi
752 3734 880 3806 jugo
911 3754 1139 3809 operum
1170 3743 1489 3816 iniquorum
1512 3753 1780 3810 recreavit
1814 3771 1959 3825 eam,
1994 3759 2144 3831 cogi-

571 3824 875 3897 tationibus
905 3829 1136 3902 impuris
1169 3836 1528 3898 laborantem.

640 3916 730 3989 Ill.
763 3920 1029 3979 Dominus
1062 3927 1209 3982 enim
1236 3941 1397 3986 vocat
1437 3933 1716 3993 hominem
1745 3938 1812 3994 ad
1839 3943 2140 3998 recreatio-

569 4025 717 4075 nem,
749 4013 1038 4083 inquiens:
1076 4019 1251 4075 Venite
1277 4025 1348 4077 ad
1382 4043 1481 4091 me,
1529 4045 1705 4084 omnes
1751 4034 1841 4102 qui
1888 4033 2140 4090 laboratis

567 4111 618 4157 ct
651 4108 858 4177 onerati
901 4111 1044 4174 estis,
1100 4121 1149 4165 et
1207 4131 1299 4185 ego
1350 4117 1651 4186 refocillabo
1703 4140 1791 4177 vos
1844 4125 1909 4178 ⁸⁸.
1952 4126 2139 4197 Itaque

565 4216 907 4287 quaecunque
926 4210 1121 4265 animm
1136 4215 1475 4271 crediderint
1491 4228 1545 4273 et
1563 4222 1914 4290 accesserint,
1933 4226 2142 4283 reﬁciet

566 4273 661 4355 eas
693 4292 762 4345 ab
794 4294 879 4365 his
919 4298 1196 4366 gravibus,
1226 4304 1469 4359 molestis
1503 4317 1558 4360 et
1597 4307 1896 4366 immundis
1931 4315 2140 4384 cogita-

567 4383 832 4453 tionibus,
864 4404 988 4461 quge
1024 4402 1282 4460 vacantes
1314 4396 1383 4450 ab
1428 4400 1575 4453 omni
1626 4401 1933 4471 iniquitate,
1994 4409 2141 4464 cele~

2246 3334 2354 3369 των
2406 3315 2805 3384 διαλογισμῶν,
2855 3317 2948 3369 καὶ
2996 3313 3370 3387 ἐργαζομένην
3422 3314 3637 3377 ἀδικίας
3692 3317 3809 3383 ἔργα

2250 3407 2385 3478 μετὰ
2402 3409 2644 3477 ἀνάγκης
2666 3408 2738 3470 ὡς
2759 3408 2860 3460 ὑπὸ
2875 3408 3143 3469 δεσπότας
3158 3410 3386 3478 πικροὺς
3398 3407 3809 3476 δεδουλωμένην,

2246 3499 2340 3550 καὶ
2363 3498 2648 3567 ἐκούφισεν
2667 3498 2832 3568 αὐτὴν
2861 3498 2967 3550 ἀπὸ
2989 3498 3097 3551 τῶν
3118 3498 3531 3552 δυσδαστάκτων
3562 3501 3811 3567 φορτίων,

2248 3589 2490 3659 ματαίων
2511 3590 2604 3643 καὶ
2627 3590 2886 3659 ῥυπαρῶν
2903 3590 3285 3660 διαλογισμῶν.
3307 3592 3411 3642 Καὶ
3426 3587 3527 3661 ἦρε
3544 3593 3640 3643 τὸν
3660 3592 3809 3657 ζυγὸν

2244 3682 2335 3731 τὸν
2367 3680 2559 3750 πικρὸν
2582 3681 2689 3733 τῶν
2723 3683 2898 3751 ἔργων
2920 3681 3152 3748 ἀδικίας,
3186 3684 3279 3735 καὶ
3305 3683 3612 3735 ἀνέπαυσεν
3658 3684 3808 3753 αὐτῇ

2244 3770 2523 3835 κοπιῶσαν
2553 3774 2609 3825 ὲν
2638 3774 2748 3836 τοῖς
2774 3774 3138 3844 διαλογισμοῖς
3176 3775 3276 3845 τῆς
3299 3774 3666 3845 ἀκαθαρσίας.

2315 3946 2389 4001 1".
2436 3949 2492 4005 '0
2539 3949 2649 4019 γὰρ
2682 3948 2884 4021 Κύριος
2934 3950 3090 4003 καλεῖ
3137 3951 3225 4005 τὸν
3266 3952 3553 4022 ἄνθρωπον
3588 3956 3673 4016 εἰς
3720 3953 3807 4023 τὴν

2242 4038 2547 4093 ἀνάπαυσιν
2580 4040 2773 4109 λέγων,
2806 4041 2982 4096 Δεῦτε
3011 4040 3233 4107 πάντες
3263 4046 3315 4097 οἱ
3339 4042 3687 4110 κοπιῶντες,
3719 4045 3808 4095 καὶ

2242 4133 2720 4201 πεφορτισμένοι·
2760 4134 2919 4203 κάγὼ
2949 4134 3281 4188 ἀναπαύσω
3318 4134 3491 4203 ὑμᾶς.
3532 4138 3645 4189 Καὶ
3695 4139 3804 4189 ὗσαι

2241 4222 2412 4293 ψυχαὶ
2442 4225 2716 4279 πείθονται
2759 4229 2854 4278 καὶ
2890 4227 3302 4296 προσέρχονται,
3339 4229 3608 4281 ἀναπαύει
3648 4231 3803 4290 αὐτὰς

2242 4314 2351 4366 ἀπὸ
2378 4318 2583 4369 τούτων
2612 4316 2720 4369 τῶν
2740 4316 2947 4387 βαρέων
2970 4318 3062 4369 καὶ
3081 4319 3352 4388 φορτικῶν
3370 4322 3462 4372 καὶ
3490 4322 3801 4389 ἀκαθάρτων

2242 4404 2537 4475 λογισμῶν,
2570 4410 2662 4460 καὶ
2696 4408 2955 4477 ἀργοῦσιν
2984 4411 3091 4462 ἀπὸ
3116 4412 3293 4480 πάσης
3317 4413 3566 4482 ἀνομίας,
3602 4414 3800 4465 σαὸὁαο

571 4472 735 4545 brant
783 4475 1083 4554 Sabbatum
1159 4499 1373 4552 verum,
1436 4489 1756 4547 deliciarum
1814 4496 2032 4564 plenum
2078 4508 2135 4555 ct

2247 4472 2483 4560 τίζουσαι
2532 4472 2805 4551 Σάϐϐατον
2834 4499 3106 4570 ἀληθινὸν,
3156 4472 3445 4572 τρυφερὸν,
3489 4472 3673 4571 ἅγιον·
3716 4505 3799 4555 καὶ

564 4575 813 4627 sanctum
840 4585 854 4645 ς
892 4583 1159 4659 peragunt
1192 4575 1390 4633 festum
1443 4580 1701 4651 Spiritus,
1734 4588 1917 4655 gaudii
1950 4600 2005 4643 et
2035 4606 2134 4645 ex-

561 4657 1287 4740 sultationisinenarrabilis,
1302 4678 1357 4723 et
1373 4673 1915 4733 serviuntservitium
1936 4697 2131 4750 purum

559 4756 618 4824 et
654 4751 765 4804 Deo
791 4763 1005 4829 gratum
1037 4770 1102 4810 ex
1133 4775 1275 4828 puro
1307 4762 1495 4831 corde,
1556 4766 1664 4821 hoc
1707 4778 1810 4833 est,
1845 4786 2037 4826 verum
2078 4786 2135 4829 et

556 4826 1157 4916 sanctum-Sabbatumi.
1193 4826 1559 4925 Obsecremus
1610 4871 1739 4924 ergo
1778 4873 1877 4911 nos
1910 4876 2134 4931 quoque

556 4926 751 5001 Deum,
774 4938 832 4982 ut
852 4919 1227 5000 ingrediainur
1248 4936 1303 5010 in
1324 4922 1471 4993 hanc
1496 4943 1764 5024 requiem,
1783 4955 1843 4999 ut
1866 4947 2134 5006 feriemur

555 5034 587 5095 a
620 5021 896 5100 turpibus,
925 5024 1219 5081 malitiosis
1267 5039 1434 5099 atque
1478 5021 1636 5088 vanis
1679 5037 2128 5109 cogitationibus,

554 5126 664 5178 quo
690 5107 795 5188 hoc
826 5123 986 5192 pacto
1006 5117 1288 5185 possimus
1317 5116 1606 5197 servitium
1633 5128 1895 5197 exhibere
1927 5132 2041 5187 Deo
2061 5150 2129 5189 ex

556 5190 697 5270 puro
732 5190 1026 5285 corde,vac
1064 5210 1347 5287 celebrare
1396 5214 1597 5271 festum
1648 5218 1886 5295 Spiritus
1930 5226 2125 5279 sancti.

554 5292 750 5363 Beatus
795 5311 948 5367 ergo,
1008 5301 1100 5369 qui
1150 5302 1433 5373 ingressus
1489 5318 1574 5362 est
1638 5292 1784 5365 illam
1854 5317 2125 5383 requiem.

552 5384 735 5439 Gloria
765 5376 931 5450 Patri,
964 5393 1053 5444 cui
1109 5393 1189 5447 sic
1232 5397 1463 5475 placuit,
1497 5409 1552 5454 et
1590 5399 1758 5478 Filio,
1794 5413 1851 5459 et
1898 5376 2125 5478 Spiritui

553 5484 763 5540 sancto,
808 5478 861 5532 in
897 5484 1117 5537 smcula.
1157 5486 1354 5566 Arnen.
1392 5472 1395 5475 Α
1611 5472 1615 5476 ’
1951 5490 1958 5498 ’

624 5723 665 5765 i9
690 5721 832 5799 Qsal.
866 5742 976 5793 1m,
1007 5730 1057 5783 5'.
1140 5733 1181 5763 ³ο
1212 5734 1401 5789 Matth.
1435 5753 1509 5802 τι,
1542 5742 1629 5794 28.

2240 4588 2587 4657 ἑορτάζουσιν
2616 4589 2808 4661 ἑορτὴν
2837 4590 3168 4661 Πνεύματος,
3200 4594 3397 4661 χαρᾶς,
3427 4596 3519 4646 καὶ
3546 4595 3798 4661 ἀγαλλιά-

2238 4697 2374 4743 σεως
2404 4681 2796 4751 ἁνεκλαλήτου.
2840 4682 2948 4737 Καὶ
2985 4682 3306 4768 λατρεύουσι
3352 4684 3599 4754 λατρείαν
3638 4684 3798 4737 καθα-

2237 4770 2358 4839 ρὰν.
2390 4771 2484 4823 καὶ
2514 4771 2807 4842 εὐάρεστον
2839 4771 2917 4841 τῷ
2958 4771 3097 4842 Θεῷ,
3147 4774 3212 4834 ὲκ
3259 4772 3507 4844 καθαρᾶς
3550 4775 3794 4843 καρδίαςσ

2232 4861 2390 4914 τοῦτό
2419 4863 2535 4915 ἐστι
2560 4862 2622 4915 τὸ
2653 4863 2902 4934 ἀληθινὸν
2929 4865 3022 4917 καὶ
3049 4864 3203 4933 ᾆγιον
3233 4865 3527 4927 Σάϐϐατον.
3548 4869 3795 4937 Παρακα-

2232 4952 2477 5023 λὲσωμεν
2505 4949 2598 5007 οὖν
2644 4955 2737 5007 καὶ
2780 4957 2940 5026 ἡμεῖς
2968 4954 3059 5009 τὸν
3102 4955 3234 5018 Θεὸν
3291 4956 3553 5020 εἰσελθεῖν
3600 4958 3795 5025 εἰςτὶῃι

2232 5046 2577 5098 κατάπαυσιν
2616 5046 2839 5116 ταύτην,
2889 5046 2985 5099 τοῦ
3033 5049 3222 5117 ἀργεῖν
3254 5049 3402 5116 ἡμᾶς
3437 5048 3544 5102 ἀπὸ
3569 5047 3681 5099 τῶν
3716 5049 3793 5098 αί-

2233 5135 2437 5205 σχρῶν,
2474 5136 2564 5189 καὶ
2605 5137 2879 5207 πονηρῶν,
2910 5137 3005 5191 καὶ⁷
3029 5136 3274 5208 ματαίων
3303 5138 3682 5207 διαλογισμῶν,
3713 5138 3791 5191 ἵνα

2231 5223 2405 5288 οὕτως
2426 5224 2743 5295 δυνηθῶμεν
2770 5226 3063 5297 λατρεῦσαι
3084 5228 3158 5296 τῷ
3181 5228 3299 5297 Θεῷ
3325 5230 3388 5293 εκ
3410 5229 3649 5297 καθαρᾶς
3666 5245 3791 5295 acap-

2230 5315 2366 5380 δίας,
2400 5316 2492 5368 καὶ
2524 5317 2777 5387 ἑορτάσαι
2820 5318 3015 5388 ἑορτὴν
3048 5318 3361 5387 Πνεύματος
3391 5319 3560 5385 ἀγίου.
3600 5318 3790 5370 Maxi-

2232 5423 2346 5475 ριος
2401 5406 2495 5460 οὖν
2546 5408 2575 5459 ὁ
2624 5408 2878 5461 εἰσελθὼν
2912 5410 2991 5472 εἰς
3036 5408 3250 5477 ὲκεινην
3278 5408 3383 5478 τὴν
3423 5408 3789 5461 κατάπαυσιν·

2231 5496 2356 5561 δόξα
2377 5497 2453 5569 τῷ
2476 5497 2650 5562 οὕτως
2671 5500 3022 5570 εύδοκήσαντι
3051 5500 3243 5567 Πατρὶ,
3263 5500 3359 5552 καὶ
3386 5498 3517 5570 Υῐῷ,
3545 5497 3635 5551 καὶ
3654 5496 3787 5564 ἀῖίῳ

2233 5589 2529 5659 Πνεύματι,
2562 5592 2641 5655 εἰς
2664 5594 2790 5657 τοὺς
2819 5591 3040 5659 αἰῶνας.
3081 5594 3272 5663 Ἀμήν.
