3966 6516
207 294 319 361 Ίᾶθ

712 417 722 430 ’·
797 417 1034 472 omnm
1066 421 1204 489 Λςο.

208 505 352 574 Περὶ
377 504 618 583 ,δισσῆς
636 507 1028 583 ἀναστάσεως
1050 509 1186 583 τῶν-
1201 511 1419 582 ψυχῶν
1453 513 1551 566 καί
1591 513 1789 583 σωμὰ-

298 593 438 640 των,
463 578 562 630 καὶ
585 577 873 648 διαφόρου
902 580 1089 646 δόξης
1116 577 1236 634 τῶὺ·
1267 577 1702 652 ἆὶτισταμ-ένωνῖ

173 707 182 715 ·
285 687 366 744 A'.
411 687 737 755 ’Δνάστασις
779 691 889 745 τῶν
938 692 1148 762 νεκρῶν
1187 693 1376 764 ψυχῶν
1411 694 1519 748 ἀπὸ
1561 693 1656 748 τοῦ
1695 693 1792 749 νῦν

210 777 446 848 γίνεται.
507 781 831 846 ’Δνάστασις
872 783 928 837 δὲ
962 784 1069 837 τῶν
1114 787 1383 855 σωμάτων
1411 786 1470 839 ὲν
1501 785 1685 858 ἐκείνῃ
1723 789 1790 859 τῇ

211 869 419 941 ἡμέρᾳ.
458 871 670 942 Ὥσπερ
702 873 849 940 δὲξέν
876 874 956 945 τῷ
993 874 1208 946 οὐρανῷ
1254 875 1596 946 πεπνιγμένοι
1639 877 1794 942 ὄντες

210 963 266 1015 oi
305 962 554 1035 ἀστέρες,
588 965 692 1019 οὐκ
723 966 828 1019 ῐσοι
857 965 1059 1030 πάντες
1089 967 1245 1030 εἰσὶν,
1289 966 1405 1020 ἀλλ’
1436 961 1517 1032 εἷς
1548 968 1643 1023 τοῦ
1672 970 1793 1035 ὲνὸς

213 1050 467 1124 διαφέρει
495 1056 556 1110 ὲν
582 1058 649 1128 τῇ
687 1054 1037 1128 λαμπρότητι
1069 1057 1165 1112 καὶ
1202 1059 1582 1133 μεγαλειότητι
1601 1077 1617 1093 ο
1651 1060 1794 1116 οὕτω

215 1143 324 1199 κάν
352 1148 466 1210 τοῖς
491 1151 908 1216 πνευματικοῖς,
939 1149 1080 1203 κατὰ
1107 1149 1169 1204 τὸ
1203 1151 1401 1221 μέτρον
1429 1152 1529 1223 τῆς
1556 1153 1794 1218 πίστεώς

216 1235 330 1305 εισι
358 1239 635 1309 προκοπαὶ
653 1240 711 1293 ὲν
739 1239 887 1310 αὐτῷ
914 1239 992 1310 τῷ
1017 1241 1320 1311 Πνεῦματι,
1351 1238 1432 1308 εἷς
1462 1244 1793 1299 πλουσιώτε-

177 1361 188 1366 -
212 1345 377 1399 τερος
403 1329 498 1384 τοῦ
515 1325 737 1402 ὶτέρου.
763 1332 874 1386 Καὶ
906 1335 939 1404 ή
965 1333 1152 1406 Γραφὴ
1185 1334 1350 1404 λέγει,
1373 1337 1455 1390 ὅτι
1496 1337 1559 1391 '0
1587 1337 1796 1392 λαλῶν

211 1420 290 1474 ἐν
324 1421 594 1490 γλώσσῃ.
617 1424 915 1492 Πνεὺματι
944 1425 1092 1480 Θεοῦ
1123 1428 1305 1480 λαλεῖ
1339 1424 1506 1493 Οὗτος
1548 1449 1793 1501 πνευμα-

213 1512 370 1577 τικός
403 1515 518 1567 ἐστι
547 1513 665 1585 Θεῷ
681 1515 877 1570 λαλῶνο
907 1516 971 1570 '0
987 1518 1055 1572 δὲ
1085 1521 1498 1590 προφητεύων,
1541 1523 1796 1591 Ἐκκλη-

213 1605 368 1660 σίαν
394 1606 707 1676 οἰκοδομεῖ.
743 1604 912 1678 Οὗτος
935 1610 1252 1681 περίσσειαν
1282 1610 1408 1682 ἔσχε
1431 1613 1528 1683 τῆς
1552 1615 1791 1685 χάριτοςο

212 1695 246 1749 6
269 1695 372 1765 μὲν
396 1697 505 1768 γὰρ
531 1698 721 1752 ἑαυτὸν
748 1701 907 1769 μόνον
926 1702 1216 1773 οἰκοδομεῖ,
1243 1703 1272 1756 6
1293 1703 1348 1756 δὲ
1370 1705 1559 1759 ἑαυτὸν
1581 1707 1675 1760 καὶ
1701 1702 1794 1761 τὸν

1164 279 1840 368 nomne—110M.
1878 301 2143 376 XXXVI,
2176 297 2472 360 XXXVII.

3351 291 3457 358 75’)

2399 407 2682 464 HO.“le
2721 406 2959 462 XXXVI.

1891 506 1967 561 De
1993 505 2188 577 duplici
2225 503 2603 577 resurrectione
2636 503 3050 577 animarum_et_
3079 515 3376 571 corporum,
3414 506 3464 552 et

2267 575 2474 628 diversa
2505 572 2885 643 resurgentium
2915 568 3107 640 gloria.

1962 695 2007 750 ι.
2037 693 2396 750 Resurrectio
2414 697 2756 745 mortuarum
2781 686 3086 742 animarum
3109 684 3178 740 ab
3205 684 3310 739 hoc
3344 697 3464 738 mo-

1894 795 2083 842 mento
2106 786 2197 842 iit:
2222 785 2558 842 resurrectio
2591 798 2724 839 vero
2756 795 3050 851 corporum
3112 778 3171 833 in
3221 777 3313 831 illa
3352 776 3460 830 die.

1890 876 2361 944 Quemadmodum
2396 890 2527 931 vero
2553 874 2608 929 in
2635 873 2794 938 ccelo,
2832 886 2953 942 qua:
2980 869 3097 922 ﬁxze
3121 875 3250 923 sunt
3272 866 3462 930 stellae,

1891 984 2002 1024 non
2024 977 2152 1024 sunt
2179 983 2372 1025 omnes
2405 968 2648 1037 aquales,
2677 964 2774 1020 sed
2803 978 2910 1018 una
2941 963 3009 1018 ab
3054 961 3224 1018 altera
3279 958 3466 1014 diﬂ‘ert

1893 1059 2185 1130 splendore
2207 1071 2263 1114 et
2285 1058 2664 1130 magnitudine
2687 1073 2703 1122 ;
2731 1055 2883 1110 sicin
2902 1051 3470 1122 rebusspiritualibus

1893 1168 1993 1223 pro
2024 1151 2190 1207 modo
2231 1151 2357 1206 ﬁdei
2411 1158 2540 1206 sunt
2572 1147 2948 1220 promotiones
2994 1146 3050 1200 in
3084 1145 3203 1215 ipso
3231 1143 3462 1214 Spiritu,

1893 1260 2038 1300 unus
2068 1244 2401 1314 locupletior
2427 1243 2622 1298 altero.
2647 1240 2934 1310 Scriptura
2963 1252 3184 1307 quoque
3205 1236 3283 1290 ait
3311 1252 3324 1287 :
3360 1234 3464 1298 Qui

1894 1335 2127 1406 loquitur
2150 1334 2352 1404 lingua,
2371 1330 2571 1402 Spiritu
2591 1329 2684 1383 Dei
2709 1327 2940 1390 loquitur
2961 1327 3022 1376 ³¹.
3044 1325 3142 1379 llic
3162 1322 3467 1394 spiritualis

1893 1433 1998 1489 est,
2038 1425 2130 1496 qui
2163 1439 2288 1478 cum
2317 1423 2428 1476 Deo
2449 1420 2732 1490 loquitur:
2762 1419 2826 1473 At
2860 1418 3016 1487 127
3047 1418 3134 1487 qui
3166 1417 3463 1486 prophetat,

1894 1515 2164 1570 ecclesiam
2184 1514 2431 1583 wdiﬁcat.
2449 1513 2554 1569 Iste
2569 1511 2956 1567 abundantiam
2983 1508 3218 1576 adeptus
3237 1514 3322 1560 est
3345 1520 3467 1574 gra-

1896 1608 2002 1662 tias.
2032 1608 2126 1662 Ille
2153 1609 2300 1662 enim
2330 1622 2388 1661 se
2422 1608 2602 1676 ipsum
2630 1605 2897 1658 duntaxat
2921 1601 3176 1660 tediiicat,
3207 1599 3305 1653 hic
3338 1613 3467 1650 vero

1895 1711 1954 1752 se
1983 1697 2162 1767 ipsum
2184 1707 2242 1750 ct
2262 1695 2592 1765 proximum.
2622 1693 2736 1747 Hoc
2758 1707 2924 1761 porro
2949 1705 3004 1744 se
3037 1689 3222 1750 habet,
3257 1695 3315 1739 nt
3343 1701 3466 1755 gra-

215 1786 473 1857 πλησίον.
509 1789 680 1843 Τοῦτο
713 1791 770 1844 δέ
806 1794 975 1859 ἐστιν,
1006 1792 1196 1866 ῶσπερ
1228 1796 1428 1860 κόκκος
1456 1797 1602 1850 σίτου
1633 1814 1791 1852 σπει-

1903 1805 2025 1843 num
2062 1787 2320 1843 frumenti
2345 1786 2398 1839 in
2432 1796 2636 1840 terram
2669 1785 2977 1854 conjectum
3023 1798 3036 1834 :
3079 1779 3223 1833 idem
3259 1793 3324 1832 ex
3361 1793 3468 1830 uno

199 1871 448 1947 ’ρόμενος
486 1880 543 1934 έν
570 1883 636 1952 τῇ
671 1884 765 1952 γῇ,
793 1884 887 1936 καὶ
921 1885 950 1936 6
985 1885 1146 1948 αὐτὸς
1177 1888 1240 1940 ὲκ
1280 1887 1380 1958 τῆς
1413 1891 1543 1960 μιᾶς
1567 1891 1794 1961 καρδίας

212 1970 450 2034 πολλοὺς
486 1972 579 2025 καὶ
611 1973 900 2043 διαφόρους
941 1976 1172 2042 κόκκους
1211 1980 1453 2051 ἐκφέρει.
1489 1982 1600 2034 Καὶ
1633 1981 1794 2036 πάλιν

212 2061 374 2116 αὐτοὶ
404 2065 452 2117 0i
495 2064 747 2136 στάχυες,
791 2067 842 2120 οί
874 2068 976 2138 μέν
1017 2072 1124 2123 εἰσι
1159 2071 1484 2142 μειζότεροι,
1532 2074 1582 2127 ot
1614 2073 1672 2128 δὲ
1702 2054 1791 2144 μι-

211 2151 489 2223 κρότεροι,
539 2153 650 2207 ὅλοι
695 2155 751 2208 δὲ
807 2157 888 2220 εὶς
930 2159 1060 2228 μίαν
1100 2162 1424 2231 συνάγονται
1457 2163 1659 2228 ἆλωνα,
1711 2167 1793 2230 είς

210 2243 352 2388 ἔίαν
380 2244 682 2317 ἀποθήκην,
713 2247 957 2321 διάφοροι
985 2251 1136 2317 ὄντες
1165 2247 1247 2317 εἷς
1279 2253 1340 2319 ἐξ
1374 2255 1554 2309 αὐτῶν
1585 2256 1792 2326 γίνεται

255 2351 402 2388 οτος.
1512 2345 1527 2355 ”

255 2351 402 2405 ρτος.
1512 2345 1527 2355 α

286 2423 368 2479 B’.
412 2427 480 2479 Ἣ
505 2425 694 2500 ῶσπερ
726 2428 866 2483 εἰσὶν
894 2430 952 2483 ὲν
978 2430 1129 2484 πόλει
1156 2431 1333 2505 πλήθη
1355 2433 1677 2506 ἀνθρώπων,
1699 2438 1794 2491 καὶ

207 2516 264 2568 οἱ
301 2520 401 2587 μέν
432 2520 538 2574 εἱσι
561 2522 749 2575 παιδία
777 2524 966 2595 νήπια,
1003 2526 1052 2578 ol
1088 2525 1146 2578 δὲ
1177 2526 1387 2598 ἄνδρες,
1417 2527 1450 2599 ἢ
1481 2530 1754 2583 νεανίσκοι
1775 2547 1791 2564 ο

212 2618 420 2681 πάντες
455 2618 512 2672 δὲ
565 2620 674 2674 ἀπὸ
710 2623 840 2691 μιᾶς
871 2622 1056 2693 πηγῆς
1105 2622 1248 2695 ὕδωρ
1287 2625 1524 2692 πίνουσι,
1561 2629 1652 2682 καὶ
1687 2629 1794 2682 ἀπὸ

209 2707 339 2770 ὲιὸς
377 2709 542 2778 ἄρτου
573 2710 858 2778 ἐσθίουσιν,
893 2711 989 2764 ἕνα
1030 2713 1166 2783 ἀέρα
1216 2713 1430 2784 ἔχοντες
1462 2731 1476 2747 ·
1520 2716 1553 2787 ἢ
1608 2716 1794 2787 ὥσπερ

209 2801 329 2852 εἰσὶ
362 2800 565 2870 λύχνοι,
595 2803 688 2854 καὶ
713 2804 742 2855 6
769 2803 869 2872 μὲν
896 2803 1011 2875 ἔχει
1039 2805 1132 2858 δύο
1157 2807 1462 2878 μυκτῆρας,
1496 2810 1524 2862 6
1546 2809 1602 2862 δὲ
1633 2810 1792 2864 ὲπτά’

217 2892 340 2946 ἀλλ’
367 2894 498 2947 ὅπου
528 2895 677 2948 ἐστὶν
714 2897 748 2966 ὴ
780 2896 1066 2967 περίοσεια
1100 2895 1194 2950 τοῦ
1227 2899 1403 2967 φωτὸς
1435 2899 1610 2962 ἄλλως
1632 2902 1797 2969 φωτί-

215 2986 306 3049 ζει
329 3001 344 3013 ⁸
371 2985 542 3050 οὕτως
571 2987 686 3040 ὅσοι
723 2989 860 3041 εἰσιν
887 2991 943 3041 έν
975 2989 1106 3060 πυρὶ
1132 2989 1229 3043 καὶ
1259 2990 1417 3059 φωτὶ,
1453 2991 1514 3043 οὐ
1545 2991 1796 3046 δύνανται

1894 1881 2065 1937 corde
2091 1881 2249 1950 plura
2286 1887 2341 1932 et
2367 1877 2582 1933 diversa
2604 1891 2770 1946 grana
2810 1872 3086 1942 producit.
3143 1871 3213 1924 Et
3251 1883 3466 1923 rursum

1893 1986 1961 2026 ex
1996 1970 2163 2040 spicis
2190 1969 2325 2038 ipsis
2348 1969 2470 2022 alia:
2503 1976 2633 2022 sunt
2659 1966 2974 2035 ampliores,
3010 1963 3129 2017 aliae
3151 1960 3468 2024 tenuiores;

1897 2061 2176 2116 universa:
2208 2075 2342 2114 vero
2393 2059 2448 2112 in
2503 2072 2666 2112 unam
2712 2063 3116 2126 congregantur
3163 2067 3367 2114 aream,
3414 2050 3470 2104 in

1897 2168 2066 2206 unum
2099 2153 2396 2214 horreum;
2424 2157 2480 2204 et
2499 2148 2626 2205 licet
2654 2147 2885 2203 diversae
2911 2146 3043 2211 sint,
3077 2159 3219 2199 unus
3241 2159 3309 2196 ex
3338 2139 3484 2210 ipsis.

1896 2242 2186 2298 coniicitur
2216 2239 2393 2310 panis.
2959 2226 2964 2230 ’

1965 2423 2030 2477 ιι.
2060 2422 2167 2479 Aut
2204 2417 2670 2491 quemadmodum
2705 2415 2763 2471 in
2788 2415 3013 2471 civitate
3038 2411 3496 2468 sunthominum

1897 2513 2301 2578 multitudines,
2347 2521 2404 2567 et
2446 2510 2698 2566 nonnulli
2741 2515 2870 2564 sunt
2901 2505 3058 2577 pueri
3111 2503 3333 2575 pusilli,
3378 2500 3473 2555 alii

1896 2624 2032 2663 vero
2051 2606 2155 2662 viri
2190 2607 2275 2660 vel
2303 2605 2715 2668 adolescentes;
2739 2605 2931 2657 amnes
2950 2613 3082 2652 vero
3104 2613 3171 2652 ex
3193 2611 3302 2651 uno
3324 2594 3474 2648 fonte

1898 2714 2095 2770 aquam
2128 2697 2348 2761 bibunt,
2402 2711 2574 2750 unum
2610 2707 2807 2763 panem
2841 2688 3159 2753 comedunt,
3193 2698 3474 2752 unumque

1898 2806 2081 2846 aerem
2103 2789 2334 2860 spirant.
2365 2787 2474 2841 Aut
2501 2784 2731 2856 perinde
2757 2792 2817 2838 ut
2846 2790 2976 2837 sunt
3000 2779 3262 2841 lucernae,
3284 2784 3339 2831 et
3359 2774 3477 2829 hac

1899 2882 2123 2954 quidem
2174 2881 2342 2935 habet
2393 2879 2499 2934 dno
2547 2874 2858 2937 luminaria,
2911 2871 3002 2926 illa
3058 2883 3194 2924 vero
3237 2874 3473 2936 septem,

1901 2981 1956 3027 at
1984 2972 2078 3028 ubi
2102 2979 2186 3026 est
2220 2969 2560 3024 abundantia
2600 2966 2763 3030 lucis,
2823 2962 2901 3018 ibi
2958 2961 3120 3015 aliter
3163 2956 3486 3012 illuminat:.

213 3080 364 3137 εἶναι
396 3084 454 3136 ὲν
483 3081 698 3135 σκότει·
731 3081 868 3136 ἀλλά
912 3051 1145 3151 διαφορά
1183 3051 1348 3154 πολλή
1387 3051 1554 3137 ἐστιν.
1587 3083 1793 3156 Ὥσπερ

1903 3064 1984 3119 sic
2039 3062 2357 3132 quicunque
2404 3067 2534 3114 sunt
2586 3058 2642 3110 in
2679 3057 2802 3123 igne
2853 3062 2911 3108 et
2937 3051 3168 3114 lumine,
3199 3053 3480 3117 nequeunt

210 3180 286 3233 ἂν
311 3179 368 3234 εί
385 3198 469 3244 τις
497 3183 677 3252 πατὴρ
705 3178 781 3233 ῶν
819 3180 968 3242 υἱοὺς
1011 3179 1123 3248 έχει
1153 3177 1266 3244 δύο,
1299 3177 1391 3230 τὸν
1433 3177 1532 3246 μὲν
1562 3176 1794 3239 παιδίον,

212 3274 316 3324 τὸν
341 3271 396 3325 δὲ
425 3262 726 3335 νεανίσκον,
762 3269 858 3323 καὶ
891 3271 980 3323 τὸν
1017 3271 1114 3340 μὲν
1144 3269 1225 3332 είς
1262 3267 1446 3332 πόλεις
1475 3267 1800 3321 ἀποστέλλει

215 3366 319 3419 καὶ
347 3365 637 3437 πατρίδας,
665 3365 726 3417 τὸ
762 3364 819 3418 δὲ
859 3364 1050 3434 νήπιον
1081 3362 1310 3419 πάντοτε
1343 3361 1652 3433 δορυφορεῖ,
1677 3359 1803 3413 ἐπεὶ

222 3457 396 3532 μηδὲν
413 3457 633 3511 δύναται
666 3457 859 3510 ποιεῖν.
900 3455 1038 3521 Δόξα
1062 3454 1140 3526 τῷ
1168 3453 1304 3524 Θεῷ.
1357 3441 1582 3525 ’Λμήν.’

814 3721 1055 3776 ΟΜῙΛΙᾹ
1095 3719 1217 3776 AZ'.

260 3815 404 3885 Περὶ
433 3815 540 3870 τοῦ
569 3813 962 3884 παραδείσου,
998 3815 1093 3868 καί
1117 3815 1307 3884 νόμου
1337 3809 1764 3881 πνευματικοῦ.

297 3933 381 3985 Α’.
423 3932 495 3986 Ἠ
517 3932 691 4000 φιλία
724 3931 831 3984 τοῦ
855 3931 1113 4000 κόσμου,
1139 3929 1281 3983 κάτά
1313 3928 1373 3982 τὸ
1402 3927 1807 3998 γεγραμμένον,

219 4023 418 4092 ἔχθρα
430 4023 701 4088 ἐστὶνείς
726 4023 896 4093 Geor.
922 4023 1011 4075 Διὺ
1029 4025 1064 4095 ή
1087 4021 1275 4094 Γραφὴ
1297 4019 1507 4074 κελεύει
1539 4019 1691 4092 πάσῃ
1713 4035 1809 4086 φυ-

1900 3171 2021 3212 esse
2042 3155 2098 3209 in
2117 3153 2393 3210 tenebris:
2425 3165 2614 3206 verum
2645 3161 2838 3218 magna
2868 3145 3012 3198 inter
3034 3158 3129 3197 eos
3159 3148 3242 3195 est
3267 3140 3478 3194 discre-

1901 3248 2109 3320 pantia.
2146 3244 2326 3302 Veluti
2364 3259 2428 3299 ac
2476 3242 2522 3297 si
2575 3247 2733 3311 pater
2765 3237 3037 3308 quispiam
3089 3233 3289 3287 habeat
3340 3229 3479 3283 duos

1902 3341 2064 3403 ﬁlios,
2096 3337 2245 3394 hunc
2276 3336 2558 3408 pusillum,
2587 3333 2825 3388 alterum
2865 3328 3293 3387 adolescentem,
3331 3321 3480 3375 hunc

1900 3432 2126 3503 quidem
2157 3429 2214 3485 in
2241 3428 2412 3483 urbes
2440 3425 2610 3481 mittit
2635 3431 2692 3478 et
2714 3416 3266 3492 regiones,pusillum
3293 3421 3477 3467 autem

1902 3540 2122 3595 semper
2151 3531 2364 3588 tuetur,
2395 3519 2522 3591 quia
2548 3515 2684 3572 nihil
2717 3522 2898 3586 potest
2927 3525 3106 3582 agere.
3134 3505 3318 3566 Gloria
3341 3504 3476 3559 Deo.

1906 3619 2099 3672 Amen.

2399 3723 2686 3782 llOlllLlA
2713 3719 2977 3778 XXXV“.

2238 3817 2316 3872 De
2343 3816 2596 3886 paradiso
2633 3821 2683 3866 et
2720 3812 2831 3882 lege
2857 3805 3146 3880 spirituali.

1977 3932 2224 3988 Amicitia
2257 3931 2415 4000 hujus
2440 3926 2646 3989 mundi,
2673 3931 2734 3978 ut
2766 3922 3032 3991 scriptum
3062 3928 3167 3982 est,
3202 3915 3482 3971 inimicitia

1910 4033 1984 4077 est
2011 4022 2106 4076 Dei
2142 4023 2208 4076 ⁸².
2233 4019 2577 4090 Quapropter
2609 4014 2896 4084 Scriptura
2922 4011 3082 4083 jubet
3112 4021 3484 4076 unumquem-

218 4113 372 4182 λακῇ
405 4115 592 4184 τηρεῖν
619 4113 849 4166 ἕκαστον
867 4111 966 4183 τὴν
999 4110 1193 4166 ἑαυτοῦ
1227 4107 1474 4180 καρδίαν,
1514 4109 1600 4160 ἵνα
1631 4125 1714 4170 τις
1733 4109 1793 4168 ῶς

1915 4131 2024 4186 que
2048 4114 2198 4171 omni
2225 4112 2476 4168 custodia
2500 4109 2796 4166 observare
2822 4121 2917 4160 cor
2947 4118 3108 4159 suum
3147 4102 3214 4167 ³³,
3246 4111 3306 4154 ιιι
3335 4098 3480 4169 quis,

221 4203 560 4273 παράδεισον
601 4203 892 4272 φυλάσσων
918 4204 977 4257 ἐν
1017 4203 1155 4272 αὐτῇ
1187 4201 1279 4255 τὸν
1311 4200 1488 4270 λόγον,
1525 4199 1793 4272 ἀπολαύσῃ

1910 4207 2061 4264 velut
2093 4205 2429 4277 paradisum,
2452 4213 2786 4257 conservans
2808 4197 2864 4252 in
2888 4212 2955 4251 eo
2986 4194 3241 4258 verbum,
3272 4192 3494 4247 fruatur.

218 4298 334 4367 τῆς
360 4298 598 4367 χάριτος,
626 4297 702 4368 μὴ
722 4296 936 4351 ἀκούων
956 4294 1048 4350 τοῦ
1073 4294 1222 4349 ἔνδον
1241 4293 1614 4363 εἱλισσομένου
1636 4293 1793 4362 ὄφεως

1910 4297 2104 4370 gatia,
2129 4311 2231 4352 nec
2254 4295 2442 4349 audiat
2469 4297 2800 4362 serpentem
2816 4289 2966 4343 intus
2989 4302 3048 4342 se
3073 4284 3475 4355 implicantom,

221 4390 693 4461 συμϐουλεύοντος
721 4390 792 4444 τὰ
822 4389 958 4460 πρὸς
986 4389 1202 4460 ήδονὴν,
1233 4389 1299 4442 δι’
1320 4383 1388 4458 ἧς
1426 4389 1681 4458 γεννᾶται
1713 4388 1793 4440 θυ-

1911 4400 1970 4447 et
2025 4389 2406 4447 consulentem
2436 4401 2558 4456 qua:
2599 4380 2866 4453 voluptati
2895 4378 3228 4442 inserviunt,
3259 4392 3324 4431 ex
3381 4389 3490 4444 qua

225 4482 338 4552 μὸς
366 4483 394 4534 6
427 4481 832 4550 ἀδελφοκτόνος,
876 4481 970 4534 καὶ
1000 4480 1226 4550 Θνήσκει
1257 4479 1405 4550 ψυχὴ
1445 4481 1478 4548 ή
1505 4478 1793 4533 τίκτουσαι

1913 4482 2165 4539 nascitur
2195 4477 2481 4534 iracundia
2512 4475 2580 4530 ad
2628 4471 2998 4529 fratricidium
3031 4466 3493 4525 committendum-

218 4575 350 4628 ἀλλ’
376 4573 589 4628 ἀκούων
610 4573 704 4626 τοῦ
731 4573 934 4646 Κυρίου
963 4574 1231 4641 λέγοντος,
1280 4572 1689 4640 Ἐπιμελεῖσθε
1709 4574 1793 4626 πί-

1916 4567 2497 4643 adigens,etmoritur
2540 4564 2722 4620 anima
2750 4563 3009 4634 pariens;
3057 4573 3251 4615 verum
3302 4555 3494 4611 audiat

220 4683 426 4733 στεως
453 4665 552 4720 καὶ
597 4665 864 4732 ἐλπίδος,
915 4660 1100 4735 δι’ῖῶν
1149 4665 1427 4735 γεννᾶται
1459 4665 1497 4732 ἡ
1532 4665 1793 4736 φιλόθεος

1916 4665 2212 4720 Dominum
2257 4661 2576 4716 dicentem:
2627 4656 2826 4714 Curam
2869 4653 3051 4708 habete
3077 4651 3202 4720 ﬁdei
3241 4666 3304 4705 ac
3359 4649 3491 4713 spei,

221 4759 332 4812 ml
379 4756 799 4828 φιλάνθρωπος
843 4757 1064 4826 ἀγάπη,
1110 4756 1148 4822 ἡ
1204 4755 1319 4824 τὴν
1363 4756 1606 4810 αἰώνιον
1659 4755 1793 4825 ζωὴν

1922 4773 1949 4811 e
1981 4756 2165 4827 quibus
2195 4750 2551 4824 proﬁciscitur
2580 4748 2832 4812 charitas,
2886 4754 2935 4800 et
2982 4743 3079 4799 Dei
3127 4750 3176 4796 et
3222 4742 3492 4797 hominum

222 4849 611 4917 παρέχουσα.
635 4849 727 4911 Είς
746 4847 935 4901 τοῦτον
962 4847 1054 4900 τὸν
1078 4846 1403 4916 παράδεισον
1427 4846 1642 4917 εἰσῆλθε
1665 4847 1786 4900 Νῶε

1921 4864 2131 4914 amans,
2167 4862 2284 4916 quae
2310 4845 2474 4898 vitam
2505 4850 2763 4897 azternam
2790 4839 3037 4910 largitur.
3076 4836 3136 4891 In
3177 4831 3492 4906 huiusmodi

220 4940 333 5011 τὴν
368 4938 586 5009 ἐντολήν
618 4938 909 5007 φυλάσσων
935 4936 1029 4990 καὶ
1058 4936 1443 5008 ἐργαζόμενος,
1475 4939 1568 4991 καὶ
1595 4937 1682 4991 διὰ
1712 4941 1793 5011 τῆς

1920 4937 2241 5010 paradisum
2271 4935 2554 5005 ingressus
2574 4942 2658 4988 est
2678 4931 2812 4994 Noe,
2843 4929 3158 4984 mandatum
3191 4927 3494 4981 observans

222 5034 460 5100 ἀγάπης
527 5029 810 5100 ὲλυτρὼθη
864 5031 963 5099 τῆς
1018 5028 1210 5098 ὀργῆς.
1263 5027 1466 5082 Τοῦτον
1527 5030 1793 5100 φυλάσσω

1915 5038 2079 5099 atque
2093 5033 2592 5098 exsequens,atque
2608 5039 2707 5094 per
2723 5021 3046 5076 charitatem
3064 5026 3312 5073 servatus
3326 5025 3410 5071 est
3426 5015 3495 5068 ab

240 5121 502 5192 ’.\6potdtp.
553 5119 738 5192 φωνὴν
796 5109 931 5174 Θεοῦ
990 5120 1214 5191 ἤκουσε.
1273 5119 1509 5174 Τοῦτον.
1528 5120 1793 5190 φυλάσσω

1916 5119 2018 5172 ira.
2051 5115 2209 5171 Hunc
2233 5127 2572 5170 conservans
2593 5111 2867 5166 Abraham
2898 5108 3097 5164 divina:
3115 5107 3236 5162 voci
3279 5105 3497 5162 obtetné-

227 5215 376 5266 Μωῦ
388 5212 483 5280 τῆς
513 5211 672 5278 δόξαν
700 5212 781 5274 εἰς
811 5211 872 5265 τὸ
898 5211 1190 5283 πρόσωπον
1225 5195 1550 5281 ἐλάμϐανεν.
1589 5210 1793 5282 Ὁμοίω-

1918 5210 2150 5280 peravit.
2178 5208 2337 5262 llunc
2376 5205 2698 5262 custodiens
2739 5202 2936 5264 Moses,
2977 5200 3209 5272 gloriam
3261 5199 3318 5253 in
3359 5197 3497 5252 facie

226 5300 405 5354 A1616
441 5300 630 5354 τοῦτον
655 5299 946 5370 φυλάσσων
983 5300 1289 5371 είργάζετο,
1319 5299 1441 5353 ὅθεν
1469 5300 1578 5354 τῶν
1611 5300 1789 5372 ἐχθρῶ

1920 5303 2152 5372 recepit.
2184 5299 2379 5355 Itidem
2409 5307 2466 5354 et
2498 5296 2670 5353 David
2715 5293 2865 5349 hunc
2907 5291 3246 5356 custodiens,
3293 5289 3496 5350 effecit.

228 5391 558 5465 ἐκυρίευενο
598 5392 734 5446 ἀλλὰ
786 5393 882 5446 καὶ
930 5393 1104 5446 Σαοὺλ
1148 5391 1254 5456 ἕως
1299 5385 1361 5449 o6
1409 5391 1678 5462 ἐφύλασσε
1728 5392 1792 5461 τὴ

1934 5393 2080 5449 unde
2127 5390 2434 5447 dominium
2493 5389 2551 5444 in
2607 5389 2794 5444 hostes
2839 5384 3075 5455 adeptus
3135 5392 3236 5438 est.
3299 5381 3500 5437 Verum

230 5483 492 5554 καρδίαν,
527 5483 812 5539 εὐωδοῦτο.
860 5484 989 5539 Ὅτε
1036 5485 1092 5538 δὲ
1138 5485 1220 5549 είς
1265 5484 1423 5549 τέλος
1462 5485 1700 5556 παρέϐη,
1745 5485 1793 5536 εἰ

1930 5487 2094 5541 etiam
2127 5483 2278 5549 Saul,
2311 5481 2554 5552 quandiu
2595 5479 2899 5536 eustodivit
2950 5493 3066 5540 cor,
3123 5473 3267 5530 felici
3316 5487 3504 5527 rerum

232 5575 397 5639 τέλος
431 5577 838 5647 ἐγκατελήφθη.
878 5576 966 5629 Ἐν
997 5577 1183 5649 μέτρῳ
1210 5575 1317 5646 γὰρ
1363 5577 1503 5630 κατὰ
1535 5577 1791 5644 ἀναλογία

1930 5591 2187 5632 successu
2219 5573 2476 5631 utebatur
2501 5590 2513 5638 ;
2543 5570 2762 5642 quando
2809 5583 2939 5625 vero
2969 5567 3073 5624 sub
3116 5565 3276 5621 linem
3327 5573 3498 5620 trans».

314 5731 360 5764 ⁸¹
392 5731 563 5789 lCor.
595 5749 702 5787 XIV.
742 5734 795 5788 2.
876 5736 916 5771 ³³
942 5735 1054 5789 Jac.
1079 5751 1148 5798 Iv,
1181 5738 1228 5793 .i.
1311 5737 1352 5767 ³³
1386 5735 1544 5788 Prov.
1585 5753 1655 5799 l‘.‘,
1684 5737 1770 5788 “1.3.
