3966 6564
553 274 653 343 ’151

1780 280 1839 340 S-
1879 280 2199 341 MACARII
2234 278 2555 338 [EGYPTII
3666 270 3756 334 759

553 403 772 458 gressus
804 394 912 451 est,
942 384 1160 441 tandem
1193 394 1277 440 est
1306 384 1734 440 circumventus.
1782 385 1943 440 Juxta
1974 400 2121 440 men-

2230 386 2551 455 μετέρχεται
2584 383 2813 437 ικαστον
2836 383 2865 435 6
2894 379 3051 449 λόγος
3082 378 3175 432 τοῦ
3202 376 3359 439 Θεοῦ,
3395 378 3518 431 ὅσον
3557 380 3759 449 impa-

552 494 734 533 suram
766 480 915 533 enim
939 485 995 532 et
1020 492 1087 531 ex
1112 476 1462 546 proportione
1508 474 1759 545 pervenit
1818 474 1884 529 ad
1916 490 2121 529 unum-

553 585 831 642 quemque
887 568 1117 624 verbum
1173 566 1293 633 Dei,
1354 576 1619 637 quantum
1680 565 1806 636 quis
1851 565 2116 634 possedit,

556 672 767 719 tantum
795 659 1169 730 possidebitur
1193 678 1207 713 :
1232 667 1287 713 et
1310 664 1575 727 quantum
1615 656 1744 726 quis
1769 656 2117 722 custodierit,

554 758 767 803 tantum
793 747 1150 802 custodietur.

622 839 689 893 ll.
711 839 1005 906 Propterea
1025 836 1315 889 universus
1331 834 1534 888 chorus
1552 842 1862 889 sanctorum
1881 835 2119 904 prophe—

553 942 756 992 tarum.
789 930 1181 999 apostolorum,
1209 936 1263 980 et
1293 935 1593 997 martyrum
1621 927 1851 981 verbum
1899 926 1954 980 in
1991 942 2117 981 cor-

553 1024 716 1077 dibus
745 1021 859 1075 suis
884 1018 1286 1075 custodierunt.
1325 1018 1392 1073 de
1426 1018 1577 1071 nulla
1623 1033 1682 1071 re
1736 1018 1977 1081 solliciti,
2024 1016 2118 1071 sed

554 1110 923 1179 despicientes
964 1117 1184 1160 terrena
1238 1106 1290 1159 in
1350 1102 1603 1159 mandato
1655 1105 1893 1174 Spiritus
1943 1106 2118 1159 sancti

550 1205 992 1269 permanserunt,
1025 1195 1293 1264 eligentes
1321 1195 1466 1263 quod
1498 1195 1608 1248 Deo
1642 1193 1873 1263 Spiritui
1906 1204 2119 1264 gratum

551 1296 608 1341 et
635 1287 837 1339 bonum
862 1294 981 1339 erat
1006 1302 1018 1337 :
1040 1301 1147 1337 non
1168 1284 1338 1337 verbo
1363 1283 1479 1336 solo
1497 1292 1591 1335 aut
1608 1284 1919 1353 cognitione
1952 1283 2118 1345 nuda,

552 1377 647 1431 sed
664 1377 835 1430 verbo
852 1384 907 1430 et
923 1391 1108 1445 opere,
1124 1391 1186 1428 ac
1205 1375 1371 1427 rebus
1392 1374 1552 1442 ipsis:
1575 1390 1673 1442 pro
1694 1374 1900 1427 divitiis
1917 1375 2120 1443 eligen-

553 1479 636 1523 tes
659 1476 1061 1539 paupertatem.
1101 1480 1197 1535 pro
1226 1464 1394 1534 gloria
1426 1465 1693 1517 honorum
1723 1474 2119 1533 contemptum,

552 1574 654 1629 pro
726 1559 1007 1627 voluptate
1072 1555 1371 1616 miseriam,
1449 1555 1595 1607 unde.
1647 1553 1811 1607 etiam
1880 1570 1981 1622 pro
2043 1554 2121 1607 ira

552 1651 901 1705 dilectionem
926 1666 941 1701 :
969 1649 1096 1703 odio
1121 1648 1267 1701 enim
1298 1656 1692 1714 prosequentes
1720 1663 1841 1714 quae
1880 1645 2120 1716 jucunda

2222 477 2306 527 τεῖ
2348 492 2454 539 τις,
2484 474 2738 527 τοσοῦτον
2783 472 3180 541 ἐπικρατεῖται,
3215 469 3312 523 καὶ
3348 469 3469 522 ὅσον
3501 469 3760 539 φυλάσσει,

2224 568 2474 622 τοσοῦτον
2500 567 2851 639 φυλάσσεται.

2296 827 2371 881 Β’.
2408 825 2507 879 Διὰ
2544 825 2702 879 τοῦτο
2744 826 2853 887 πᾶς
2882 826 2910 877 6
2937 824 3094 894 χορὸς
3120 822 3230 876 τῶν
3264 822 3437 891 ἁγίων
3476 822 3763 893 προφητῶν,

2224 918 2556 981 ἀποστόλων,
2609 916 2921 987 μαρτύρων,
2976 916 3065 968 τὸν
3106 915 3265 983 λόγον
3302 917 3358 969 ὲν
3390 917 3511 975 ταῖς
3551 915 3767 983 καρδίαις

2226 1008 2401 1062 αὐτῶν
2430 1008 2753 1074 ἐφύλασσον,
2806 1006 2968 1076 μηδὲν
3006 1007 3190 1076 ἕτερον
3226 1004 3620 1075 μεριμνῶντες,
3657 1004 3770 1059 ἀλλὰ

2223 1099 2291 1153 τὰ
2347 1100 2510 1169 γήϊνα
2566 1098 2961 1168 ὑπερορῶντες,
3024 1098 3119 1150 καὶ
3164 1099 3223 1148 ἐν
3280 1097 3466 1164 ἐντολῇ
3497 1096 3590 1147 τοῦ
3640 1097 3769 1162 ἁγίου

2225 1194 2540 1261 Πνεύματος
2579 1190 2922 1258 διαμένοντες
2966 1190 3059 1241 καὶ
3086 1187 3144 1239 τὸ
3176 1187 3270 1239 τοῦ
3305 1187 3619 1255 Πνεύματος
3644 1188 3770 1254 φιλό-

2225 1284 2365 1346 θεον,
2418 1283 2509 1334 καὶ
2557 1280 2759 1349 ἀγαθὸν
2808 1281 3023 1333 πάντων
3082 1278 3491 1347 προκρίνοντες,
3549 1279 3609 1330 οὐ
3652 1280 3772 1348 λόγῳ

2227 1377 2371 1447 μόνῳ
2394 1376 2425 1445 ἢ
2453 1373 2651 1442 γνώσει
2676 1373 2822 1443 ψιλῇ,
2858 1371 2970 1425 ἀλλ’
2997 1374 3053 1424 ἐν
3078 1370 3222 1441 λόγῳ
3241 1371 3333 1423 καὶ
3360 1371 3509 1441 ἔργῳ
3532 1372 3598 1422 δι’
3622 1372 3771 1423 αὐτῶν

2222 1468 2332 1521 τῶν
2380 1465 2753 1536 πραγμάτων·
2804 1464 2923 1517 ἀντὶ
2956 1461 3187 1515 πλούτου
3230 1462 3473 1531 ἑλόμενοι
3504 1464 3772 1531 πτωχείαν,

2225 1559 2345 1612 ἀντὶ
2379 1558 2535 1625 δόξης
2564 1556 2809 1626 ἀτιμίαν,
2849 1554 2971 1608 ἀντὶ
3022 1554 3214 1627 ἡδονῆς
3244 1554 3644 1639 ταλαιπωρίαν,
3676 1554 3776 1605 ὅθεν

2225 1652 2318 1703 καὶ
2340 1651 2459 1703 ἀντὶ
2484 1648 2579 1701 τοῦ
2620 1647 2790 1716 θυμοῦ
2825 1646 3047 1717 ἀγάπην
3070 1662 3085 1677 ⁸
3117 1645 3399 1715 μισοῦντες
3425 1648 3541 1714 γὰρ
3574 1647 3637 1696 τὰ
3668 1646 3777 1712 ἡδέα

554 1751 685 1795 sunt
716 1742 768 1795 in
794 1741 895 1794 hac
912 1740 1043 1802 vita,
1076 1754 1172 1793 eos
1196 1738 1290 1807 qui
1316 1738 1432 1792 haec
1452 1738 1795 1801 auferebam,
1824 1738 2121 1791 vehemen—

2225 1739 2314 1792 τοῦ
2352 1739 2491 1808 βίου,
2522 1738 2648 1800 τοὺς
2680 1737 3114 1808 ἀφαιρουμένους
3143 1737 3282 1789 αὐτά
3313 1737 3518 1805 μᾶλλον
3552 1737 3773 1803 ἠγάπων,

552 1828 661 1881 tius
691 1826 1009 1895 diligebant,
1045 1837 1302 1895 tanquam
1356 1826 1688 1895 opitulantes
1723 1826 1830 1881 sibi
1876 1826 1942 1880 ad
2002 1842 2122 1880 sco-

552 1935 680 1989 pum
717 1918 1117 1987 attingendum,
1144 1917 1409 1987 prohibiti
1443 1933 1473 1972 a
1501 1918 1816 1987 cognitione
1850 1918 1974 1971 boni
2005 1934 2121 1972 ma-

550 2011 732 2079 lique:
767 2010 1117 2077 nequeenim
1177 2009 1352 2063 bonos
1397 2009 1757 2077 repellebant,
1793 2026 1895 2063 nec
1918 2012 2121 2079 impro-

551 2100 651 2153 bos
679 2099 1046 2155 accusabant:
1078 2114 1173 2153 eos
1196 2114 1387 2154 omnes
1406 2100 1615 2169 legatos
1631 2100 2122 2155 administrationis

549 2192 847 2246 Dominicze
876 2206 995 2245 csse
1023 2190 1419 2245 existimantes.
1448 2191 1718 2256 Quocirca
1759 2208 1887 2261 erga
1932 2209 2124 2247 omnes

550 2281 817 2350 gerebant
867 2280 1110 2334 animum
1159 2280 1425 2334 benevole
1484 2281 1764 2335 affectum.
1799 2282 1933 2337 Cum
1969 2284 2121 2337 enim

556 2371 719 2439 128
749 2370 1004 2426 audirent
1050 2370 1341 2425 Dominum
1387 2370 1691 2427 dicentem:
1750 2372 2037 2435 Remittite,
2073 2384 2123 2427 et

550 2462 849 2514 remittetur
877 2460 1015 2515 vobis
1048 2462 1113 2525 ³⁵,
1140 2470 1270 2517 tunc
1306 2463 1401 2531 qui
1433 2477 1490 2517 se
1520 2464 1809 2527 laederent,
1845 2464 2123 2519 beneﬁcos

552 2553 908 2622 reputabant,
940 2553 1092 2607 velut
1125 2554 1194 2607 ab
1224 2554 1292 2608 iis
1340 2555 1623 2609 consecuti
1662 2556 2004 2609 occasionem
2030 2572 2121 2610 re-

551 2645 975 2701 mittendi.Cum
999 2661 1130 2701 vero
1145 2662 1337 2701 rursus
1363 2647 1617 2702 audirent
1640 2648 2122 2714 :Quemadmodum

549 2735 731 2800 vultis,
762 2744 816 2790 ut
846 2738 1047 2807 faciant
1072 2738 1211 2791 vobis
1241 2739 1493 2802 homines,
1522 2740 1595 2792 ita
1620 2757 1707 2793 vos
1737 2756 1940 2809 quoque
1972 2739 2125 2792 facile

550 2827 658 2883 illis
690 2828 756 2893 ⁸³,
801 2838 931 2882 tunc
954 2844 1174 2899 quoque
1208 2830 1409 2898 probos
1460 2830 1513 2883 in
1549 2831 1886 2885 conscientia
1926 2831 2121 2901 dilige-

552 2920 705 2974 bant.
743 2921 1144 2989 Relinquentes
1168 2921 1315 2975 enim
1344 2936 1495 2975 suam
1530 2923 1822 2993 justitiam,
1855 2932 1911 2976 et
1957 2925 2121 2993 justi—

553 3012 683 3065 tiam
734 3013 832 3066 Dei
873 3022 1203 3082 quaerentes,
1246 3022 1650 3081 consequenter
1698 3015 2032 3068 invenerunt
2066 3022 2120 3069 et

552 3102 874 3157 charitatcm
900 3105 955 3158 in
975 3119 1039 3157 ea
1062 3104 1385 3159 naturaliter
1405 3106 1768 3160 reconditam.

623 3218 713 3273 Ill.
740 3219 1006 3274 Dominus
1036 3219 1181 3273 enim
1207 3236 1329 3274 cum
1354 3220 1525 3275 multa
1574 3220 1641 3275 de
1667 3220 1934 3276 charitate
1981 3237 2124 3291 prae-

553 3310 783 3380 ciperet,
811 3311 976 3380 jussit
1005 3327 1251 3381 qurerere
1294 3312 1562 3381 justitiam
1612 3312 1743 3367 Dei:
1790 3314 1945 3367 novit
1977 3314 2122 3368 enini

553 3400 699 3455 lianc
750 3410 978 3454 matrem
1041 3402 1327 3456 charitatis
1403 3417 1544 3458 esse.
1615 3403 1733 3457 Non
1782 3404 1913 3459 licet
1975 3404 2122 3458 enim

554 3493 771 3556 salvari,
800 3493 903 3546 nisi
928 3509 1026 3562 per
1042 3495 1375 3562 proximum,
1400 3504 1461 3549 ut
1493 3496 1758 3563 prmcepit
1791 3512 1803 3548 :
1829 3495 2122 3561 Remittite,

553 3592 603 3637 et
649 3584 943 3636 remittetur
987 3584 1146 3637 vobis.
1196 3584 1320 3639 llmc
1361 3593 1448 3639 est
1504 3585 1590 3641 lex
1640 3586 1964 3654 spiritualis,
2002 3602 2125 3656 qua:

554 3676 609 3727 in
644 3675 905 3729 cordibus
932 3674 1185 3729 ﬁdelibus
1215 3676 1494 3739 scribitur,
1542 3676 2004 3745 complementum
2040 3678 2126 3732 ni-

553 3766 754 3819 mirum
798 3766 999 3836 prioris
1053 3767 1207 3837 legis.
1252 3766 1371 3821 Non
1423 3767 1583 3831 enim,
1637 3768 1834 3837 inquit,
1885 3771 2002 3823 veni
2055 3770 2125 3823 ad

554 3856 926 3909 destruendam
966 3856 1152 3926 legem,
1182 3856 1274 3909 sed
1313 3866 1370 3910 ut
1405 3857 1699 3928 compleam
1729 3859 1795 3915 ⁸⁶.
1826 3858 1945 3925 Quo
1991 3875 2124 3929 ergo

552 3956 713 4015 pacto
747 3947 1058 4016 impleatur,
1088 3949 1469 4018 accipe.Prior
1490 3950 1575 4004 lex
1595 3959 1809 4020 sumpta
1833 3951 2124 4006 occasione

553 4037 916 4091 benedicendi
950 4038 1024 4101 ei,
1057 4039 1151 4108 qui
1182 4048 1527 4109 peccaverat,
1560 4040 1757 4093 fortius
1791 4040 2126 4095 condemna—

551 4125 632 4177 vit
678 4141 839 4188 eum,
885 4125 979 4194 qui
1033 4125 1194 4180 laesus
1239 4136 1341 4181 est.
1396 4128 1461 4181 In
1510 4146 1632 4198 quo,
1689 4129 1888 4198 inquit,
1909 4130 2123 4197 judicas

554 4214 804 4278 alterum,
857 4217 912 4269 in
957 4227 1091 4269 eote
1129 4219 1302 4287 ipsum
1338 4220 1654 4273 condemnas
1692 4236 1709 4273 :
1752 4222 1807 4274 in
1855 4237 1956 4291 quo
2003 4238 2124 4275 vero

555 4307 793 4368 remittit,
844 4310 1163 4360 remittettur
1214 4310 1260 4361 ei
1314 4310 1377 4364 ³⁷.
1437 4311 1513 4364 Ita
1569 4312 1717 4365 enim
1772 4314 1858 4366 lex
1901 4314 2121 4383 inquit:

2223 1833 2297 1893 ὡς
2322 1830 2716 1901 συνεργοῦντας
2764 1831 2943 1893 αὐτοῖς
2974 1828 3109 1898 πρὸς
3136 1828 3227 1880 τὸν
3270 1830 3484 1889 σκοπὸν,
3529 1829 3776 1896 ἀπεχόμε-

2224 1942 2302 1977 νοι
2338 1922 2431 1975 τοῦ
2464 1922 2751 1991 γινώσκειν
2780 1922 2942 1975 καλὸν
2965 1921 3059 1974 καὶ
3088 1938 3221 1990 πονη
3233 1921 3340 1989 ρόν.
3373 1919 3517 1972 Οὔτε
3545 1920 3650 1988 γὰρ
3673 1922 3776 1981 τούς

2224 2015 2460 2083 ἀγαθοὺς
2520 2014 2800 2083 ἠρνοῦντο,
2860 2012 2981 2066 οὐτε
3046 2012 3171 2075 τούς
3228 2013 3498 2083 πονηροὺς
3552 2013 3774 2081 ᾐτιῶντο,

2225 2109 2429 2169 πάντας
2474 2103 2919 2173 ἀποκρισιαρίους
2969 2101 3069 2170 τῆς
3110 2101 3445 2169 Δεσποτικῆς
3484 2103 3777 2169 οἰκονομίας

2224 2200 2535 2268 ἡγούμενοι.
2562 2196 2700 2265 Πρὸς
2731 2197 2933 2258 πάντας
2959 2192 3051 2246 οὖν
3072 2190 3215 2264 εἶχον
3236 2194 3546 2246 εὐδιάθετον
3571 2192 3775 2248 εὔνοιαν.

2224 2290 2356 2342 ’Ὀτε
2386 2289 2493 2359 γὰρ
2522 2290 2717 2357 ἤκουον
2756 2286 2848 2340 τοῦ
2896 2286 3123 2355 Κυρίου,
3168 2287 3396 2354 Ἅφετε,
3438 2285 3539 2338 καὶ
3580 2285 3775 2353 ἀςεθήο

2223 2396 2394 2434 σεται
2428 2380 2585 2448 ὑμῖν,
2610 2380 2729 2431 τότε
2764 2378 2891 2441 τοὺς
2937 2379 3257 2440 ἀδικοῦντας
3301 2378 3601 2446 εὐεργέτας
3631 2376 3776 2443 ἐλογίσ

2225 2473 2378 2536 ζοντο
2405 2473 2483 2534 εἰς
2519 2472 2710 2540 ἄφεσιν
2740 2470 2951 2540 ἔχοντες
2989 2473 3088 2534 τὰς
3126 2473 3256 2543 παρ’
3291 2472 3469 2525 αὐτῶν
3519 2472 3774 2539 ἀφορμάς·

2224 2566 2311 2617 ὅτε
2377 2564 2432 2617 δὲ
2483 2564 2643 2617 πάλιν
2673 2564 2886 2634 ἤκουον,
2947 2564 3148 2630 Καθὼς
3182 2564 3383 2617 θέλετε
3414 2564 3520 2616 ἵνα
3548 2561 3777 2616 ποιῶσιν⁹

2224 2656 2366 2726 ὑμῖν
2401 2659 2456 2710 οἱ
2482 2656 2798 2724 ἅνθρωποι,
2839 2655 2933 2709 καὶ
2966 2655 3134 2724 ὑμεῖς
3161 2655 3377 2708 ποιεῖτε
3412 2655 3641 2720 αὐτοῖς,
3675 2654 3775 2705 τότε

2224 2748 2318 2800 καὶ
2362 2749 2489 2811 τοὺς
2519 2748 2759 2815 ἀγαθοὺς
2785 2746 2927 2799 κατά
2954 2749 3261 2815 συνείδησιν
3303 2746 3559 2814 ἠγάπων.
3608 2745 3778 2812 Ἀφένο

2222 2857 2313 2900 τες
2346 2840 2455 2909 γὰρ
2484 2838 2583 2910 τὴν
2614 2837 2961 2909 δικαιοσύνην
2997 2838 3227 2899 ἑαυτῶν,
3272 2838 3366 2889 xui.
3395 2837 3490 2906 τὴν
3544 2837 3636 2888 τοῦ
3664 2835 3777 2888 Θεοῦ

2224 2929 2570 2997 δικαιοσύνην
2618 2929 2970 2996 ζητήσαντες,
3014 2922 3171 2998 εὗρον
3224 2927 3536 2989 ἀκολούθως
3571 2930 3666 2980 καὶ
3698 2928 3779 2996 τὴν

2226 3021 2448 3089 ἀγάπην
2472 3021 2529 3072 ἐν
2554 3021 2689 3089 αὐτῇ
2726 3018 2864 3071 κατὰ
2895 3017 3055 3086 φύσιν
3085 3017 3571 3088 ὲγκεκρυμμένην.

2297 3219 2373 3273 Γθ,
2403 3218 2512 3270 Καὶ
2546 3216 2654 3287 γάρ
2679 3219 2707 3270 6
2737 3215 2941 3286 Κύριος
2973 3216 3144 3269 πολλὰ
3172 3215 3301 3285 περὶ
3326 3215 3422 3284 τῆς
3463 3216 3684 3283 ἀγάπης
3706 3215 3779 3267 ἐν-

2226 3310 2565 3379 τειλάμενος,
2625 3311 2725 3377 τὴν
2776 3308 3123 3377 δικαιοσύνην
3170 3309 3419 3362 ἐκέλευσε
3467 3307 3651 3377 ζητεῖν
3700 3305 3778 3358 τοῦ

2224 3401 2390 3456 Θεούο
2437 3400 2682 3470 οἳδεῖγάρ
2724 3398 2926 3468 ταύτην
2972 3401 3180 3471 μητέρα
3215 3400 3313 3469 τῆς
3357 3400 3578 3467 ἀγάπης
3620 3399 3778 3466 ὐπάρ·

2225 3512 2361 3562 χειν.
2422 3493 2536 3546 Οὐκ
2582 3492 2697 3545 ἔστι
2739 3492 2847 3562 γὰρ
2893 3491 3067 3553 ἄλλως
3111 3490 3370 3561 σωθῆναι,
3404 3493 3452 3542 εἰ
3484 3492 3560 3560 μὴ
3589 3490 3672 3541 διὰ
3698 3488 3778 3540 τοῦ

2225 3583 2473 3653 πλησίον,
2524 3581 2707 3645 καθὼς
2751 3582 3071 3645 ἐνετείλατο,
3099 3583 3324 3650 Ἅφετε,
3370 3583 3463 3633 καὶ
3508 3581 3780 3649 άςεεεθήσε⁴

2224 3691 2317 3727 ται
2364 3674 2527 3742 ὑμῖν.
2570 3667 2735 3736 Οὗτός
2773 3675 2919 3726 ἐστιν
2962 3675 2990 3726 6
3038 3674 3404 3742 πνευματικὸς
3447 3674 3632 3741 νόμος,
3667 3673 3693 3722 ό
3730 3672 3778 3721 ἐν

2225 3766 2476 3834 καρδίαις
2504 3767 2723 3826 πισταῖς
2748 3764 3112 3835 γραφόμενος,
3137 3763 3198 3815 τὸ
3231 3763 3502 3833 πλήρωμα
3531 3762 3623 3814 τοῦ
3652 3762 3779 3829 πρὼ-

2224 3874 2317 3911 του
2345 3856 2511 3925 νόμου
2534 3870 2547 3885 ⁸
2584 3858 2704 3908 Οὐκ
2732 3850 2919 3925 ἦλθον
2950 3854 3081 3921 γὰρ,
3120 3854 3274 3921 φησὶ,
3334 3853 3663 3905 καταλῦσαι
3692 3854 3778 3903 τεν·

2228 3948 2435 4014 νόμον,
2463 3945 2623 3999 ἀλλὰ
2662 3942 2996 4011 πληρῶσαι.
3027 3942 3149 4003 Πῶς
3178 3942 3235 3994 δὲ
3278 3940 3598 4011 πληροῦται,
3626 3940 3774 4008 μήδε’

2224 4036 2252 4087 6
2283 4034 2500 4105 πρῶτος
2525 4033 2683 4103 νόμος
2721 4032 2807 4085 διὰ
2841 4032 2941 4101 τῆς
2968 4033 3190 4098 εὐλόγου
3217 4032 3471 4100 ἀφορμῆς
3500 4031 3593 4083 τοῦ
3621 4031 3777 4097 am.

2223 4129 2485 4198 τὴσειντος
2504 4126 2790 4195 κατέκρινε
2812 4124 3213 4194 περισσοτέρως
3232 4124 3321 4175 τὸν
3335 4124 3673 4192 ἀδικηθέντα’
3692 4124 3775 4174 ‘Er

2223 4215 2270 4286 ᾧ
2298 4219 2427 4287 γὰρ,
2449 4220 2579 4287 φησι
2605 4219 2826 4285 κρίνεις
2858 4216 2963 4269 τὸν
2983 4216 3207 4282 ἓτερον,
3238 4217 3500 4270 σεαυτὸν
3520 4215 3776 4281 ,κατακρί-

2224 4325 2381 4375 νειςσ
2415 4309 2484 4361 ἐν
2524 4302 2572 4374 ᾧ
2596 4307 2662 4359 δὲ
2702 4309 2977 4375 ἀφίησιν,
3009 4307 3373 4375 ἀφεθήσεται
3408 4305 3595 4370 αὐτῷ’
3625 4304 3774 4363 οὕτως

552 4392 619 4447 In
644 4394 809 4447 medio
842 4394 1031 4464 judicii
1055 4394 1341 4464 judicium,
1372 4406 1445 4450 'et
1486 4398 1541 4449 in
1595 4399 1764 4452 medio
1807 4401 2121 4455 remissionis

2229 4404 2336 4469 γὰρ
2379 4402 2408 4451 ὁ
2452 4400 2612 4469 νόμος
2661 4399 2827 4465 λέγει,
2883 4398 3025 4451 Ἀνὰ
3057 4397 3255 4468 μέσον
3280 4400 3532 4467 κρίσεως
3578 4398 3771 4464 κρίσις,

554 4485 810 4537 remissio.

623 4594 711 4648 IV.
740 4595 1029 4651 Plenitudo
1053 4611 1187 4665 ergo
1216 4597 1352 4667 legis
1391 4599 1643 4653 remissio
1689 4609 1793 4654 est.
1847 4601 2118 4657 Caeterum

552 4687 785 4757 priorem
815 4688 979 4757 legem
1009 4688 1269 4753 diximus,
1294 4706 1404 4743 non
1435 4691 1581 4759 quod
1611 4692 1753 4747 Deus
1797 4693 1934 4748 duas
1974 4695 2122 4765 leges

554 4781 949 4850 przescripserit
975 4781 1312 4847 hominibus,
1349 4784 1441 4837 sed
1478 4784 1785 4849 unicam,et
1808 4786 2028 4855 quidem
2054 4787 2120 4841 il-

552 4870 659 4923 lam
700 4871 1040 4939 spiritualem
1068 4887 1133 4926 ex
1162 4882 1391 4926 natura:
1423 4873 1609 4941 quoad
1638 4874 1943 4929 vindictam
1962 4892 2120 4940 vero,

549 4961 749 5030 justam
781 4959 1028 5015 inferens
1057 4961 1353 5031 unicuique
1374 4964 1663 5028 ultionem,
1696 4964 1995 5020 remittenti
2034 4983 2125 5020 re-

554 5050 746 5115 mittit,
804 5059 861 5105 et
908 5052 1164 5107 aemulum
1202 5054 1513 5108 :emulatur.
1576 5055 1960 5125 Inquitenim:
1993 5057 2124 5113 Cum

554 5141 735 5204 electo,
760 5142 952 5197 electus
988 5146 1111 5209 eris,
1140 5154 1188 5197 et
1209 5162 1326 5199 cum
1350 5162 1614 5216 perverso,
1650 5165 1889 5219 perverse
1910 5167 2032 5220 ages
2055 5152 2124 5205 "'.

554 5229 918 5300 Quapropter,
947 5233 1040 5303 qui
1073 5235 1435 5304 spiritualiter
1481 5253 1601 5292 eam
1660 5241 1907 5309 implent,
1943 5252 1998 5295 et
2024 5256 2127 5311 pro

558 5320 721 5373 modo
749 5320 1046 5391 participes
1085 5332 1214 5378 sunt
1241 5324 1449 5393 gratia},
1480 5341 1589 5379 non
1613 5324 1889 5381 beneﬁcos
1922 5327 2123 5391 solum,

2228 4493 2325 4545 καὶ
2355 4491 2469 4545 ἀνὰ
2487 4491 2680 4559 μέσον
2711 4490 2979 4558 ἀφέσεως
3012 4490 3246 4559 ἄφεσις.

2298 4610 2369 4659 Δθ.
2405 4606 2677 4675 Πλήρωμα
2708 4600 2799 4657 οὖν
2824 4605 2987 4674 νόμου
3035 4606 3068 4675 ἡ
3112 4606 3304 4672 ἄφεσις
3337 4603 3608 4672 τυγχάνει.
3637 4599 3772 4670 Πρῶ-

2230 4714 2320 4749 τον
2371 4695 2427 4748 δὲ
2476 4695 2639 4763 νόμον
2688 4695 3014 4763 εἰρήκαμεν,
3043 4694 3140 4763 οὐχ
3165 4695 3245 4745 ὅτι
3271 4696 3299 4746 ὁ
3326 4693 3456 4755 Θεὸς
3482 4693 3570 4744 δύο
3602 4692 3773 4759 νόμους

2231 4786 2498 4857 παρέθετο
2520 4789 2629 4848 τοῖς
2653 4784 2981 4853 ἀνθρώποις,
3015 4785 3127 4837 ἀλλ’
3167 4785 3261 4836 ἕνα
3300 4782 3663 4852 πνευματικδν
3692 4780 3771 4849 μὲι

2231 4877 2373 4932 κατὰ
2409 4876 2591 4947 φύσιν,
2633 4875 2772 4928 κατὰ
2814 4876 2871 4926 δὲ
2903 4874 2999 4945 τὴν
3029 4875 3326 4942 ἐκδίκησιν,
3356 4872 3567 4926 δικαίαν
3602 4869 3770 4936 ἐπιφὲο

2231 4988 2340 5043 ρων
2376 4970 2590 5036 ἑκάστῳ
2620 4967 2717 5037 τὴν
2746 4967 3042 5037 ἐκδίκησιν,
3086 4964 3163 5035 τῷ
3211 4966 3422 5034 ἀφιέντι
3465 4962 3669 5033 ἀφίησι,
3694 4960 3769 5011 καὶ

2228 5059 2305 5130 τῷ
2381 5056 2783 5129 παραζηλοῦντι
2849 5055 3171 5127 παραζηλοί.
3240 5055 3379 5122 Φησὶ
3435 5054 3573 5121 γάρ·
3633 5050 3769 5102 Μετὰ

2226 5150 2514 5206 summa
2546 5147 2830 5213 ἐκλεκτὸς
2861 5148 2997 5214 ἔσῃ,
3042 5145 3137 5199 καὶ
3165 5146 3314 5214 μετὰ
3352 5143 3636 5212 στρεϐΙΟὗ
3662 5141 3769 5193 δια-

2224 5240 2521 5307 στρέφεις.
2554 5238 2652 5289 Διά
2674 5236 2828 5289 τοῦτο
2848 5237 2896 5288 οἱ
2923 5236 3304 5304 πνευματικῶς
3330 5235 3493 5287 αὐτὸν
3522 5229 3769 5286 ἐκτελοῦν-

2226 5349 2338 5393 τες,
2379 5330 2472 5383 καὶ
2498 5330 2774 5396 ἀναλόγως
2805 5332 2904 5399 τῆς
2936 5330 3154 5399 χάριτος
3182 5328 3515 5397 μετέχοντες,
3543 5325 3598 5377 οὐ
3631 5324 3767 5393 μόνον

2227 5424 2354 5487 τοὺς
2392 5422 2838 5492 εὐεργετοῦντας,
2874 5421 3007 5474 ἀλλὰ
3044 5423 3139 5473 καὶ
3166 5420 3292 5481 τοὺς
3324 5419 3665 5482 ὀνειδίζοντας
3688 5410 3765 5463 καὶ

2227 5512 2521 5575 διώκοντας
2559 5513 2812 5581 ἠγάπων,
2838 5513 2936 5581 τὴν
2979 5509 3352 5579 πνευματικὴν
3401 5510 3628 5576 ἀγάπην,
3662 5505 3765 5556 ἀντ-

555 5411 649 5464 sed
672 5413 838 5466 etiam
864 5415 1234 5471 conviciantes
1257 5433 1320 5471 ac
1343 5428 1724 5486 persecutores
1740 5419 1996 5489 diligunt,
2016 5421 2130 5490 spi—

558 5502 808 5567 ritualem
826 5504 1148 5561 charitatem
1172 5520 1550 5577 exspectantes
1567 5526 1665 5589 pro
1684 5514 2129 5567 remuneratione

628 5682 670 5721 "
695 5682 825 5741 Luc.
856 5700 926 5748 rt,
960 5685 1045 5748 3'1.
1124 5687 1167 5718 "
1193 5686 1381 5741 Matth.
1410 5704 1502 5749 vn,
1534 5689 1616 5749 l2.
1694 5688 1736 5719 ³⁸
1776 5687 1963 5746 Matth.
1993 5705 2041 5753 τ,
2080 5689 2121 5743 ιῖ

2236 5688 2277 5719 ⁸⁷
2311 5687 2469 5746 Rom.
2506 5701 2567 5752 ll,
2605 5686 2653 5753 l,
2679 5686 2733 5743 2.
2810 5684 2852 5719 ³⁸
2886 5684 3028 5741 Psal.
3057 5699 3209 5746 χτμι,
3244 5682 3331 5740 $6.
