3966 6518
133 319 232 382 753
1276 325 1644 392 HOMILL‘E.
1665 353 1699 364 ·-

1802 329 1944 392 [ΟΜ.
1982 332 2280 396 XXXVII.
3262 342 3368 405 754

131 433 383 490 αποδοσιν
405 431 746 502 ἐκδεχόμενοι
773 433 882 487 τῶν
903 433 1160 503 ἀγαθῶν·
1192 436 1411 504 ἀγαθῶν
1445 437 1504 491 δὲ
1533 439 1697 508 λέγω,

1801 441 2070 499 bonorum
2101 464 2116 500 :
2153 447 2405 502 bonorum
2438 455 2620 504 autem
2642 447 2787 515 dico;
2831 467 2938 505 non
2971 451 3098 522 quia
3130 452 3367 508 offensas

131 526 225 593 οὐχ
250 525 332 576 δτι
361 523 426 576 τὰ
458 522 770 592 ἀδικήματα
790 525 1196 594 συνεχώρησαν,
1227 526 1342 579 ἀλλ’
1374 528 1456 581 ὅτι
1475 529 1570 583 καὶ
1597 529 1696 593 τάς

1802 537 2150 603 remiserunt,
2192 554 2382 593 verum
2434 541 2562 609 quia
2604 541 2816 597 animas
2842 542 3099 613 injuriam
3127 542 3368 597 inferen-

132 614 305 683 ψυχὰς
337 613 444 667 τῶν
477 612 806 666 ἀδικούντων
846 615 1236 685 εὺηργέτησαν.
1283 617 1440 671 Οὕτω
1464 619 1574 690 γὰρ
1600 621 1696 674 αύ-

1801 627 1935 680 tinm
1966 628 2234 684 beneﬂcio
2262 646 2480 701 quoque
2503 632 2820 687 affecerunt.
2850 612 2940 688 Sic
2973 634 3121 688 enim
3149 648 3246 688 eos
3268 634 3367 687 ob-

131 707 254 769 τοὺς
289 705 642 775 παρετίθεντο
664 707 742 778 τῷ
781 707 920 776 Θεῷ,
963 709 1036 770 ὼς
1069 707 1138 762 δι’
1173 710 1353 762 αὐτῶν
1386 711 1481 764 τοῦ
1519 730 1696 783 μακαο

1799 722 2044 776 tulerunt
2066 724 2199 789 Deo,
2234 741 2296 780 ac
2326 727 2370 780 si
2403 742 2502 796 per
2531 742 2627 782 eos
2657 728 3052 800 beatitudinem
3083 729 3365 784 consecuti

133 798 326 868 ρισμοῦ
378 797 718 866 τυχάνοντες,
763 799 943 861 καθώς
988 816 1143 868 φησι.
1195 801 1487 871 Μακάριοι
1533 805 1692 869 ἐστε,

1801 823 2016 877 essent,
2073 818 2536 884 quemadmodum
2585 819 2812 890 inquit:
2863 820 3014 874 Beati
3068 822 3187 874 estis
3249 836 3367 873 cum

131 891 274 942 ὅταν
313 889 700 944 ὀνειδίσωσιν
739 891 917 960 ὑμᾶς,
965 892 1062 946 καὶ
1100 891 1412 957 διώξωσιν,
1464 896 1561 948 καί
1609 897 1693 949 ετ-

1800 903 2168 959 maledixerint
2202 908 2361 971 vobis,
2405 917 2452 962 et
2491 889 2748 980 persecuti
2783 927 2870 965 vos
2904 910 3117 979 fuerint,
3147 919 3194 962 et
3219 909 3366 963 dixe-

130 993 282 1031 πωσι
314 975 436 1033 πᾶν
476 980 742 1048 πονηρόν
760 980 925 1050 ῥῆμα
949 981 1081 1038 καθ’
1125 980 1294 1052 ὑμῶν
1339 984 1696 1053 ψευδόμενοι

1803 996 1903 1048 rint
1927 1012 2079 1050 omne
2103 998 2305 1053 malum
2357 1002 2606 1057 adversus
2645 1019 2755 1068 vos,
2800 1004 3104 1057 mentientes
3155 1011 3369 1072 propter

129 1068 335 1121 ἕνεκεν
361 1068 530 1137 ἐμοῦ.
1796 1104 1877 1140 ,ηε
1905 1090 1970 1142 τε.

205 1158 277 1210 E'.
301 1159 434 1212 Ὑπὸ
469 1159 525 1212 δὲ
554 1161 924 1229 πνευματικοῦ
957 1161 1140 1232 νόμου,
1174 1162 1314 1216 οὕτω
1343 1168 1558 1234 φρονεῖν
1589 1167 1696 1220 ἐδι-

1866 1180 1928 1233 V.
1957 1179 2000 1234 A
2027 1181 2145 1250 lege
2173 1181 2473 1250 spirituali,
2499 1185 2665 1238 utsic
2690 1186 2984 1249 sentirent,
3008 1182 3188 1238 edocti
3214 1189 3363 1236 sunt.

129 1249 386 1302 δάεκοντο
407 1267 419 1280 ο
469 1250 850 1320 ὑπομενόντων
878 1252 986 1323 γὰρ
1012 1254 1212 1317 αὐτῶν,
1247 1255 1340 1308 καὶ
1381 1257 1480 1326 τὴν
1503 1259 1694 1327 γοερὰν

1802 1269 1936 1322 Dum
1967 1270 2114 1324 enim
2150 1271 2422 1340 patienter
2447 1272 2652 1337 ferunt,
2693 1284 2750 1328 ct
2778 1273 2946 1326 animi
2991 1272 3368 1326 mansuetudi-

131 1341 410 1410 πραότητα
436 1342 765 1411 τηρούντων,
807 1344 835 1394 ὁ
870 1345 1070 1414 Κύριος
1105 1345 1316 1414 βλέπων
1349 1347 1444 1418 τὴν
1490 1349 1696 1419 ὑπομο-

1805 1375 1920 1412 nem
1947 1369 2186 1423 servant,
2221 1359 2488 1413 Dominus
2531 1361 2754 1414 intuens
2807 1361 3124 1430 patientiam
3187 1360 3371 1413 cordis

128 1428 223 1498 νην
250 1433 345 1497 τῆς
374 1431 602 1502 καρδίας
643 1433 1072 1503 πολεμουμένης,
1116 1438 1206 1488 καὶ
1242 1438 1340 1506 τῆς
1369 1440 1585 1509 ἀγάπης
1619 1441 1693 1512 μὴ

1800 1448 1940 1502 bello
1969 1449 2239 1518 oppressi,
2272 1459 2328 1504 et
2349 1450 2618 1504 charitate
2644 1428 2870 1504 minime
2918 1450 3253 1512 labascente,
3280 1448 3366 1501 di-

131 1519 504 1589 ἑξισταμένης,
525 1521 770 1592 διέρρηξε
795 1523 860 1576 τὸ
882 1525 1244 1592 μεσότοιχον
1267 1528 1371 1582 τοῦ
1400 1532 1690 1600 φραγμοῦ,

1801 1540 1909 1593 ruit
1934 1541 2276 1595 interstitium
2312 1543 2557 1596 maceriae
2582 1541 2648 1607 ⁸ο,
2695 1552 2862 1612 atque
2907 1541 3044 1595 adeo
3092 1541 3367 1610 ingentem

131 1613 225 1664 καὶ
273 1613 370 1679 τὴν
421 1612 626 1665 τελείαν
679 1613 880 1684 ἔχθραν
939 1616 1300 1681 ἀπείάλοντο,
1360 1622 1454 1672 καὶ
1513 1623 1696 1676 οὐκέτι

1801 1631 2140 1686 inimicitiam
2185 1634 2539 1702 expulerunt,
2601 1642 2664 1688 ut
2703 1648 2810 1687 non
2854 1633 3088 1701 amplius
3138 1632 3214 1694 vi,
3270 1629 3367 1684 sed

131 1703 269 1770 μετά
299 1703 438 1770 βίας,
462 1703 596 1755 ἀλλά
626 1706 764 1772 μετά
788 1704 1037 1775 βοηθείας
1065 1704 1209 1778 εἶχον
1232 1711 1329 1779 τὴν
1358 1711 1598 1782 ἀγάπην.
1636 1714 1692 1768 Ὀ

1800 1741 1924 1780 cum
1965 1727 2169 1782 auxilio
2195 1728 2519 1782 charitatem
2540 1728 2643 1783 sibi
2663 1729 2964 1798 subjectam
2982 1727 3235 1780 habeant.
3256 1725 3366 1778 Do-

124 1795 232 1863 γὰρ
291 1795 489 1864 Κύριος
559 1795 745 1849 λοιπὸν
809 1797 1087 1868 κατείργει
1155 1801 1252 1870 τὴν
1315 1804 1686 1874 στρεφομένην

1803 1816 1984 1870 minus
2013 1817 2161 1870 enim
2191 1817 2422 1886 posthac
2468 1828 2691 1872 coercet
2736 1817 3050 1871 versatilem
3099 1815 3363 1884 gladium,

123 1885 419 1954 ῥομφαίαν,
446 1885 543 1956 τὴν
575 1887 832 1942 κινοῦσαν
873 1889 1000 1951 τοὺς
1033 1889 1342 1959 λογισμοὺς,
1376 1893 1471 1946 καὶ
1508 1895 1689 1965 εἰσήρ-

1799 1908 2128 1962 excitantem
2176 1885 2557 1977 cogitationes,
2598 1917 2654 1962 et
2685 1908 3066 1977 ingrediuntur
3105 1905 3365 1960 interiora

123 1992 281 2044 χοντο
328 1979 406 2038 είς
442 1977 505 2029 τὸ
552 1979 824 2050 ἐσώτερον
867 1977 963 2034 τοῦ
1012 1982 1520 2052 καταπετάσματος,
1558 1985 1689 2038 ὅπου

1801 1999 2101 2065 velaminis,
2173 2014 2283 2068 quo
2359 2015 2665 2068 praecursor
2757 2014 2855 2068 pro
2923 1998 3086 2051 nobis
3155 1995 3367 2068 introiit

121 2067 425 2137 πρόδρομος
463 2070 601 2142 ὑπὲρ
635 2073 788 2142 ἡμῶν
831 2074 1081 2143 εἰσῆλθεν
1109 2076 1138 2127 ό
1171 2075 1374 2144 Κύριος
1399 2093 1413 2106 ·
1465 2079 1558 2131 καὶ
1601 2080 1687 2132 ὲν-

1803 2091 2090 2144 Dominus:
2138 2067 2200 2145 et
2240 2067 2371 2144 cum,
2400 2067 2767 2145 delectatione
2799 2090 3064 2143 fruuntur
3093 2067 3369 2143 fructibus

120 2160 372 2228 στρύφων
419 2166 532 2224 τοῖς
560 2168 792 2233 καρποῖς
824 2165 919 2218 τοῦ
971 2166 1306 2236 Πνεύματος,
1340 2170 1432 2222 καὶ
1459 2171 1526 2223 τὰ
1560 2171 1686 2239 μέλ-

1797 2179 2240 2252 Spiritus,atque
2274 2182 2459 2236 futura
2482 2197 2608 2236 cum
2657 2182 2824 2235 animi
2877 2181 3185 2236 constantia
3229 2195 3363 2234 con-

117 2249 280 2302 λοντα
312 2253 371 2303 ἐν
399 2251 708 2324 βεϐαιότητι
753 2256 980 2326 καρδίας
1013 2257 1358 2328 θεασάμενοι,
1415 2262 1510 2316 καὶ
1549 2262 1683 2316 κατά

1799 2249 2165 2341 ῑειιιριιιιιιεεξ
2203 2287 2327 2336 nec,
2383 2281 2441 2326 ut
2504 2273 2797 2342 Apostolus
2859 2274 2954 2336 ait,
3021 2272 3258 2340 amplius
3308 2271 3365 2324 in

117 2340 205 2392 τὸν
257 2342 574 2396 ’Λπόστολον
603 2385 616 2404 ,
669 2346 850 2399 ούκέτι
901 2349 957 2399 ἐν
997 2349 1266 2419 ἐσόπτρῳ,
1305 2352 1398 2404 καὶ
1449 2355 1506 2406 ὲν
1549 2353 1683 2406 αἰνί-

1809 2365 1996 2432 :peculo
2021 2374 2178 2434 atque
2211 2367 2494 2432 aenigmate
2518 2366 2561 2396 δ*
2595 2374 2898 2421 versantes.
2925 2364 3183 2434 inquiunt
3208 2361 3375 2428 :Quas-

115 2449 288 2499 γματι
315 2433 518 2502 ἔλεγον,
557 2437 616 2489 Ἀ
648 2437 958 2506 ὀφθαλμὸς
999 2443 1107 2494 οὐκ
1135 2439 1277 2502 εἶδε.
1321 2443 1417 2496 καί
1443 2439 1551 2510 οῦς
1571 2448 1681 2500 οὐκ

1799 2453 1967 2508 oculus
1998 2471 2103 2507 non
2131 2456 2278 2517 vidit,
2320 2473 2414 2509 nec
2451 2458 2598 2510 auris
2641 2456 2860 2520 audivit,
2897 2472 2988 2508 nec
3031 2457 3086 2508 in
3135 2471 3223 2508 cor
3273 2455 3365 2507 ho-

113 2522 365 2589 ἦκουσε.
412 2524 511 2577 καὶ
538 2525 635 2578 ἐπὶ
677 2527 929 2594 καρδίαν
970 2529 1282 2596 ἀνθρώπου
1331 2534 1441 2586 οὐκ
1480 2536 1679 2600 ἀνέϐη,

1806 2545 1944 2598 ninis
1971 2546 2342 2612 ascenderunt,
2369 2563 2486 2617 qua:
2511 2549 2833 2617 preparavit
2864 2547 3000 2600 Deus
3031 2546 3366 2616 diligentibus

116 2615 233 2668 ὅσα
267 2617 595 2684 ἡτοίμασεν
623 2621 656 2672 ό
685 2619 827 2684 Θεὸς
851 2621 973 2686 τοῖς
1001 2622 1312 2690 ἀγαπῶσιν
1327 2625 1531 2678 αὐτόν.
1552 2627 1682 2679 Ἀλλ’

1796 2637 1932 2689 te“.
1985 2635 2194 2691 Verum
2241 2651 2341 2706 ego
2380 2615 2534 2694 hanc
2585 2615 2962 2692 admirandam
3003 2615 3362 2708 quaestionem

112 2703 219 2773 ἐγὼ
248 2705 404 2759 τοῦτο
435 2706 742 2776 Θαυμαστὸν
768 2712 1124 2781 ἐπερωτήσω.

478 2710 742 2776 ιυμαστδν
768 2712 1124 2781 ἐπερωτήσω.
1791 2728 2044 2783 movebo.

177 2797 274 2856 ς’.
317 2795 653 2864 Ἐρώτησις.
698 2802 768 2854 Εἰ
799 2800 896 2853 ἐπὶ
932 2803 1185 2876 καρδίαν
1228 2804 1540 2875 ἀνθρώπου
1579 2815 1690 2866 οὐκ

1859 2820 1951 2874 Vl.
1981 2820 2362 2890 Interrogatio.
2403 2819 2462 2875 Si
2505 2822 2559 2875 in
2589 2837 2680 2874 cor
2710 2822 2934 2874 hominis
2972 2837 3077 2874 non
3118 2819 3365 2874 ascende—

109 2883 316 2952 ἀνέϐη.
346 2886 515 2954 ὑμεῖς
547 2888 698 2941 αὐτὰ
726 2887 852 2954 πῶς
891 2890 1123 2944 οῖδατεο
1168 2895 1436 2961 μάλιστα
1475 2902 1675 2968 ὁμολο.

1801 2921 1937 2972 runt,
1970 2928 2057 2964 vos
2092 2928 2195 2979 quo
2219 2923 2371 2981 pacto
2392 2912 2490 2966 illa
2515 2913 2676 2966 nostis
2696 2929 2714 2966 :
2745 2913 2833 2981 qui
2856 2913 3086 2965 maxime
3113 2909 3367 2978 conﬁtea-

109 2974 410 3042 715011718;-
455 2978 526 3030 ἐν
575 2978 704 3044 ταῖς
741 2979 1062 3048 Πράξεσιν,
1095 2987 1471 3055 ὁμοιοπαθεῖς
1520 2991 1675 3060 ὑμεῖς

1799 3004 1917 3056 mini
1949 3004 2003 3055 in
2040 3002 2182 3056 Artis
2216 3019 2234 3056 :
2269 3022 2287 3053 ι
2329 3003 2424 3057 Vos
2457 3020 2566 3057 esse
2599 3006 2832 3058 homines
2855 3004 3038 3059 iisdem
3071 3019 3189 3056 cum
3219 3002 3365 3057 nobis

104 3063 260 3120 εἶναι
291 3068 587 3136 ἅνθρωποι
604 3085 622 3132 ;

1088 3165 1099 3171 Δ
1223 3167 1234 3171 _
1393 3169 1415 3171 _
1710 3111 1754 3171 ο
1789 3094 2142 3163 affectionibus
2165 3094 2423 3162 subjectos
2463 3095 2548 3147 “?
2579 3113 2597 3145 ι

187 3159 553 3228 Ἀπόκρισις.
593 3161 730 3214 Ἀλλ’
764 3164 1009 3231 ἀκούετε,
1046 3165 1099 3220 τί
1143 3167 1280 3238 πρὸς
1325 3169 1489 3223 τοῦτα
1544 3171 1683 3225 ἀπο·
1715 3159 1753 3171 η

1823 3159 2026 3252 "129
2048 3159 2354 3254 Responsio.
2387 3186 2490 3241 Sed
2520 3186 2728 3252 audite,
2748 3186 2878 3255 quid
2912 3185 2979 3240 ad
3002 3186 3118 3240 haec
3137 3199 3367 3254 respon-

104 3254 354 3318 κρίνεται
383 3253 622 3318 Παῦλος·
673 3256 835 3324 Ἡμῖν
869 3256 957 3321 δὲ,
1004 3260 1188 3326 φησὶν,
1227 3260 1626 3330 ἀπεκάλυψεν
1651 3283 1670 3318 ί

1797 3273 1914 3328 deat
1940 3253 2171 3329 Paulus:
2189 3275 2347 3330 Nobis
2366 3285 2541 3330 autem
2565 3253 2811 3331 reuelauit
2837 3267 2974 3330 Deus
2995 3293 3087 3346 per
3107 3253 3363 3345 Spiritum

107 3345 251 3408 Θεὸς
298 3343 394 3396 διὰ
421 3344 524 3396 τοῦ
551 3346 894 3412 Πνεύματος
930 3348 1118 3401 αὐτοῦ
1145 3363 1157 3376 ·
1181 3349 1246 3401 τὸ
1282 3350 1393 3419 γὰρ
1424 3351 1673 3420 Πνεῦμα,

1796 3383 1960 3420 tuum.
1993 3365 2219 3437 Spiritus
2251 3370 2388 3422 enim
2425 3370 2602 3423 omnia
2629 3377 2920 3434 scrutatur,
2950 3371 3110 3423 etiam
3138 3370 3362 3438 profun-

99 3434 303 3487 πάντα
334 3433 549 3502 ἐρευνᾷ
579 3435 675 3490 καί
699 3437 769 3490 τὰ
791 3437 952 3504 βάθη
977 3439 1083 3493 τοῦ
1107 3440 1278 3494 Θεοῦ.
1319 3441 1456 3495 Ἀλλ’
1487 3443 1573 3496 ἵνα
1606 3445 1665 3512 μί

1799 3460 1976 3513 titates
2026 3433 2205 3514 Dei“.
2245 3461 2445 3516 Verum
2494 3476 2564 3517 ne
2625 3463 2750 3531 quis
2796 3433 2962 3527 dicat,
2992 3433 3365 3530 ipsis'datum

99 3544 183 3590 τις
219 3530 354 3598 εἴπῃ
387 3528 467 3580 ὅτι
506 3528 684 3592 αὐτοῖς
716 3530 873 3598 ἐδόθη
907 3531 968 3584 τὸ
996 3530 1215 3601 Πνεῦμα
1249 3532 1323 3595 ὼς
1347 3534 1658 3597 ἀποστόλοις

1793 3566 1908 3605 esse
1936 3549 2202 3620 Spiritum
2236 3558 2493 3621 tanquam
2524 3528 2807 3621 apostolis,
2835 3568 2864 3607 a
2904 3528 3065 3607 nobis
3103 3569 3233 3606 vero
3268 3568 3359 3607 se-

99 3618 302 3684 ήμῖνδὲ
318 3619 457 3672 κατὰ
486 3617 647 3687 φύσιν
681 3619 965 3691 ἀχώρητον
995 3622 1172 3687 τοῦτο,
1200 3623 1432 3693 ἀλλαχοῦ
1455 3627 1665 3696 ἐπευχόι

1798 3641 2026 3696 eundum
2057 3651 2309 3696 naturam
2337 3643 2728 3712 comprehendi
2773 3643 2876 3697 hoc
2909 3658 3019 3696 non
3060 3657 3240 3711 posse,
3263 3641 3364 3695 ali-

101 3723 267 3775 μενος
295 3708 462 3773 λέγει,
477 3707 611 3762 Ἵνα
629 3706 746 3774 δῴη
767 3708 909 3778 ὑμῖν
929 3713 960 3763 ὁ
981 3711 1123 3777 Θεὸς
1137 3714 1285 3765 κατὰ
1298 3713 1667 3769 τὸνπλοῦτοι

1795 3731 1910 3785 cubi
1935 3731 2234 3801 deprecans
2268 3732 2375 3785 ait:
2407 3706 2478 3787 Ut
2509 3733 2597 3785 det
2623 3733 2761 3785 vobis
2795 3731 2935 3784 Deus
2960 3706 3120 3802 juxta
3153 3731 3361 3785 divitias

95 3796 203 3864 τῆς
237 3796 426 3863 δόξης
465 3797 651 3851 αὐτοῦ
684 3798 948 3868 δύναμιν
975 3802 1408 3870 κραταιωθῆναι
1441 3804 1537 3859 διὰ
1576 3807 1661 3860 τοι

1798 3821 1965 3890 gloria:
1987 3796 2117 3885 sum,
2141 3830 2198 3875 ut
2226 3822 2538 3890 fortitudine
2570 3796 2979 3876 corroboremini
3011 3823 3062 3875 in
3094 3823 3364 3874 internum

95 3889 449 3956 Πνεύματος
485 3889 672 3944 αὑτοῦ
710 3895 798 3958 εὶς
824 3891 930 3945 τὸν
960 3893 1080 3946 ἔσω
1106 3894 1441 3962 ἄνθρωπον,
1483 3915 1661 3951 κατοιη

1799 3915 2065 3977 lominem,
2093 3921 2148 3966 ut
2175 3915 2428 3968 inhabitet
2455 3913 2690 3968 Christus
2722 3930 2814 3983 per
2852 3913 3011 3981 ﬁdem
3039 3914 3094 3966 in
3121 3913 3365 3968 cordibus

93 3980 290 4048 κῆσαι
309 3980 414 4034 τὸν
430 3983 691 4048 Χριστὸν
715 3983 783 4035 ἐν
801 3983 922 4049 ταῖς
945 3984 1213 4051 καρδίαις
1236 3985 1419 4055 ὑμῶν.
1442 3988 1552 4039 Kal.
1570 3989 1659 4041 πάι

1793 4006 1966 4058 vestris
1983 4004 2050 4057 ⁵⁵⁸.
2085 4004 2151 4058 Ει
2179 4020 2397 4058 rursum
2428 4023 2440 4058 :
2475 4005 2732 4058 Dominus
2780 4010 2956 4058 autem
2987 4001 3216 4071 Spiritus
3263 4011 3359 4057 est.

94 4073 178 4125 λιν
204 4088 218 4101 ·
277 4073 339 4128 '0
385 4073 454 4126 δὲ
482 4076 694 4143 Κύριος
721 4075 789 4128 τό
817 4075 1062 4144 Πνεῦμά
1091 4076 1262 4130 ἐστιν
1280 4095 1295 4110 ·
1336 4077 1489 4133 ὅπου
1514 4079 1584 4133 δὲ
1615 4099 1660 4134 τι

1795 4095 1881 4150 Ubi
1914 4112 2031 4149 vero
2066 4093 2295 4165 Spiritus
2323 4095 2556 4159 Domini,
2586 4096 2655 4150 ibi
2685 4096 2898 4149 libertas
2919 4094 2985 4148 ⁸⁸.
3015 4094 3082 4147 Ει
3105 4107 3361 4147 rursum:

91 4169 345 4238 Πνεῦμα
383 4171 624 4236 Κυρίου,
655 4171 784 4224 ἐκεῖ
813 4172 1136 4239 ἐλευθερία.
1184 4174 1292 4226 Καὶ
1314 4175 1495 4242 πάλιν,
1520 4178 1588 4230 Ei
1615 4176 1657 4229 ὃ.

1798 4185 1840 4241 Si
1869 4188 1982 4256 quis
2011 4202 2131 4239 vero
2160 4184 2416 4254 Spiritum
2448 4185 2642 4241 Christi
2682 4202 2788 4239 non
2838 4185 3012 4250 habet,
3043 4184 3124 4237 hic
3151 4200 3255 4238 non
3286 4191 3364 4238 est

92 4279 183 4326 τις
241 4261 487 4330 Πνεῦμα
529 4261 787 4330 Χριστοῦ
825 4263 937 4316 οὐκ
978 4263 1124 4332 ἕχει,
1154 4259 1330 4330 οὗτος
1364 4267 1475 4319 οὐκ
1511 4267 1704 4321 ἐστιν-
1783 4280 1895 4349 φη
1913 4278 1979 4332 ιτ,

87 4352 311 4406 αὑτοῦ.

167 4445 247 4514 Ζέ
282 4441 584 4513 Εύξώμεθα
617 4445 796 4498 τοίνυν
825 4445 919 4497 καὶ
951 4446 1108 4515 ἡμεῖς
1147 4446 1205 4498 ἐν
1225 4446 1563 4518 πληροφορίᾳ
1585 4449 1677 4501 καὶ
1703 4438 1733 4496 Ῑ

1856 4453 1969 4508 Vll.
2002 4452 2372 4508 Obsecremus
2401 4467 2531 4522 ergo
2561 4465 2780 4522 quoque
2811 4467 2913 4506 nos
2945 4453 3000 4506 in
3031 4449 3364 4506 certiludine

88 4537 351 4605 αἰσθήσει
384 4537 705 4606 μεταλαϐεῖν
736 4537 828 4595 ⁶ιςοῦ
847 4538 1000 4605 ἁγίου
1031 4537 1368 4607 Πνεύματος,
1394 4541 1488 4592 καὶ
1520 4540 1654 4593 eius)

1796 4543 1914 4599 [idei
1942 4553 1998 4599 et
2026 4559 2214 4608 sensu,
2243 4554 2304 4596 ut
2333 4543 2630 4612 participes
2669 4542 2862 4596 ﬁamus
2901 4543 3142 4611 Spiritus
3165 4540 3362 4606 sancti,

89 4631 202 4681 Οείν
230 4631 362 4683 ὅθεν
412 4629 834 4700 ὲξεληλύθαμεν,
861 4631 952 4682 καὶ
981 4629 1075 4682 τοῦ
1108 4629 1296 4682 λοιποῦ
1328 4631 1655 4700 ἀποστραφῆ

1797 4646 1843 4692 et
1877 4635 2250 4706 ingrediamur
2297 4634 2441 4688 unde
2476 4635 2682 4704 egressi
2735 4649 2963 4689 sumus:
2998 4644 3054 4686 et
3082 4640 3142 4685 ut
3190 4631 3363 4702 impo-

88 4739 178 4774 ναι
212 4722 314 4790 ἀφ’
352 4722 513 4792 ἡμῶν
559 4723 650 4774 τὸν
706 4721 1036 4792 Θυμοκτόνον
1080 4722 1224 4793 δφιν,
1276 4723 1371 4776 καὶ
1405 4723 1650 4789 κενόδοξο

1799 4742 1997 4784 sterum
2042 4737 2322 4782 avertatur
2367 4742 2398 4780 a
2445 4726 2607 4780 nobis
2657 4740 2886 4794 serpens
2940 4731 2995 4778 et
3043 4722 3365 4777 interfector

85 4813 410 4880 σύμϐουλον
457 4813 516 4866 τδ
568 4811 792 4881 Πνεῦμα
812 4815 912 4882 τῆς
940 4814 1208 4884 μερίμνης
1241 4815 1334 4867 καὶ
1355 4815 1651 4885 κραιπάλης

1796 4821 1980 4884 ultimi,
2007 4820 2280 4890 superbus
2305 4825 2360 4872 et
2385 4833 2558 4872 vanus
2599 4816 2902 4877 consultor,
2937 4813 3176 4882 Spiritus
3211 4813 3362 4867 solli-

83 4906 212 4958 ὅθεν
243 4905 482 4972 βεϐαίως
510 4905 901 4968 πιστεύσαντες
939 4907 1037 4969 τὰς
1091 4906 1312 4969 ἐντολὰς
1350 4906 1444 4959 τοῦ
1471 4907 1649 4979 Κυρίοι

1800 4913 2044 4968 :itudinis
2090 4921 2147 4966 et
2199 4910 2436 4980 crapula:
2465 4927 2478 4962 :
2512 4917 2572 4963 ut
2623 4908 2749 4962 inde
2797 4907 3030 4961 ﬁrmiter
3075 4905 3366 4958 credentes

84 4992 449 5060 φυλάξωμεν,
475 4992 570 5044 καὶ
624 4991 947 5063 αύξηοῶμεν
979 4995 1038 5046 ὲν
1073 4994 1219 5064 αὐτῷ
1249 4997 1337 5059 είς
1360 4995 1550 5062 ἄνδρα
1581 4995 1650 5049 τέη

1799 5003 2038 5057 naudata
2070 5001 2286 5056 Domini
2321 5015 2626 5065 servemus,
2655 5009 2710 5054 et
2737 5013 3052 5053 crescamus
3095 4998 3150 5051 in
3195 5013 3263 5052 eo
3307 4999 3365 5052 in

81 5088 243 5138 λεον
276 5087 368 5149 είς
394 5082 617 5152 μέτρον
643 5085 903 5151 ἡλικίας,
934 5085 1026 5139 τοῦ
1057 5085 1252 5156 μηκέτι
1281 5086 1642 5158 κατακυριεύε

1797 5097 1952 5148 ιίνιιιη
2004 5095 2309 5163 perfectum,
2365 5094 2421 5146 in
2477 5109 2780 5146 mensuram
2830 5091 3089 5154 wtatis",
3122 5091 3363 5144 neultra

82 5175 216 5227 «om
241 5176 354 5227 ὑπὸ
383 5176 485 5243 τῆς
507 5176 721 5245 ἀπάτης
738 5176 832 5230 τοῦ
852 5177 1049 5239 αἰῶνος
1077 5177 1289 5240 τούτου,
1319 5176 1432 5229 ἀλλ’
1460 5179 1518 5229 ὲν
1541 5178 1648 5247 πλη

1797 5184 2101 5237 lominetur
2161 5183 2322 5236 nobis
2377 5182 2631 5250 deceptio
2678 5180 2844 5247 huius
2894 5178 3100 5240 saeculi,
3149 5177 3244 5231 sed
3307 5177 3363 5230 in

87 5265 334 5336 ροφορία
361 5267 458 5319 τοῦ
493 5267 806 5337 Πνεύματος
834 5265 1004 5334 εἶναι,
1057 5269 1154 5322 καὶ
1187 5271 1261 5339 μὴ
1291 5270 1564 5333 ἀπιστεῖν,
1599 5269 1653 5322 ὅτ

1793 5271 2109 5326 :ertitudine
2159 5271 2284 5325 lidei
2315 5269 2556 5340 Spiritus
2583 5270 2780 5333 simus,
2807 5283 2986 5337 neque
3015 5266 3359 5320 diﬂidamus:

83 5359 181 5408 καὶ
204 5359 295 5418 εἰς
324 5357 679 5427 ἁμαρτωλοὺς
710 5359 1102 5428 μετανοοῦντας
1131 5361 1162 5429 ἡ
1197 5359 1356 5430 χάρις
1381 5358 1514 5411 Θεοῦ
1538 5359 1649 5411 εύδε

1794 5361 1910 5431 quia
1937 5370 2251 5431 peccatores
2279 5376 2499 5429 quoque
2531 5360 2922 5429 resipiscentes
2942 5358 3114 5428 gratia
3141 5358 3238 5411 Dei
3265 5357 3360 5410 be-

79 5452 191 5503 κεῖ.
231 5449 314 5500 Τὸ
337 5449 445 5519 γὰρ
471 5450 610 5503 κατὰ
644 5451 803 5520 χάριν
831 5450 1193 5523 δωρούμενον,
1232 5450 1416 5504 οὐκέτι
1446 5453 1502 5503 ὲν
1536 5468 1645 5521 παρ

1793 5452 1981 5506 nevole
2005 5450 2256 5520 suscipit.
2281 5449 2437 5516 Quod
2461 5450 2608 5505 enim
2632 5465 2732 5521 per
2765 5449 2994 5520 gratiam
3023 5448 3279 5513 donatur,
3306 5446 3359 5500 id

154 5639 214 5718 ’1
238 5643 436 5718 blatta.
460 5662 516 5709 ν,
544 5646 628 5699 il.
663 5717 670 5718 ί
704 5649 748 5680 ⁸ο
776 5649 976 5718 Ephes.
1010 5666 1070 5710 ιι,
1094 5648 1180 5703 ll.
1257 5648 1300 5679 “
1380 5649 1507 5704 Cor.
1547 5665 1667 5715 xm,
1705 5650 1720 5702 l

1869 5647 1912 5680 δ’
1943 5649 2110 5704 lCor.
2145 5666 2202 5713 ιι,
2229 5650 2282 5705 9.
2319 5649 2362 5682 “
2435 5650 2558 5706 Act.
2592 5665 2703 5715 XIV,
2731 5648 2815 5706 l5.
2887 5648 2974 5703 “I
3009 5646 3133 5702 Cur.
3181 5663 3239 5715 ιι,
3274 5618 3356 5702 10.

84 5714 131 5749 ⁸³
169 5712 386 5786 Ephes.
416 5730 493 5780 ιιι,
533 5719 615 5783 lii,
658 5717 737 5774 l7.
816 5712 861 5752 “
887 5720 931 5774 ll
953 5719 1084 5777 Cor.
1127 5735 1202 5785 ιιι,
1235 5721 1320 5774 l7.
1395 5721 1438 5751 "
1472 5721 1632 5778 Rom.

860 5720 931 5774 ‘ll
953 5719 1084 5777 Cor.
1127 5735 1202 5785 ιιι,
1235 5721 1320 5774 l7.
1395 5721 1438 5751 "
1472 5721 1632 5778 Rom.
1655 5712 1768 5786 ιἰιι,
1796 5723 1852 5782 9.
1925 5719 1970 5752 "
2003 5720 2200 5790 Ephes.
2231 5736 2304 5786 tv,
2342 5719 2426 5775 15.
