3966 6516
646 303 754 367 755

1888 312 1949 374 S.
1986 313 2213 376 MACAI

2348 316 2673 381 ιλΕϐΥΡΤῙΙ
3754 340 3829 405 7ίό

640 434 749 472 non
799 414 929 471 licet
969 416 1225 486 amplius,
1277 420 1648 490 comparando
1692 436 1818 476 cum
1863 427 2213 483 antecedente

2332 431 2582 503 εικασμῷ
2648 431 2749 503 τῆς
2823 433 3205 506 προλαϐούσης
3256 438 3534 504 ἀσθενείας
3583 451 3829 515 μετρεῖταιε

641 506 993 572 inﬁrmitate,
1051 506 1269 573 metiri;
1323 510 1450 578 quia
1497 512 1672 580 gratia
1724 513 1838 583 jam
1906 529 2018 569 non
2076 525 2225 572 esset

639 600 837 669 gratia,
863 598 959 654 sed
990 599 1045 654 in
1080 598 1251 654 Deum
1285 600 1720 670 omnipotentem
1750 604 2061 673 credentes,
2090 609 2222 663 sim-

640 692 770 760 plici
803 700 859 745 et
889 692 1041 746 curis
1074 708 1249 745 vacuo
1284 691 1451 746 corde
1486 694 1816 749 accedamus
1842 696 1911 751 ad
1944 712 2094 763 eum,
2125 700 2221 770 qui

642 798 740 851 per
766 781 926 837 ﬁdem
951 782 1426 852 participationem
1456 782 1696 853 Spiritus
1714 786 1968 857 largitur,
1989 805 2100 843 non
2123 806 2223 860 per

640 873 1091 927 assimilatiouem
1119 888 1349 943 operum
1381 872 1507 928 ﬁdei
1537 892 1550 928 :
1583 875 1765 946 inquit
1791 879 1976 934 enim:
2007 880 2125 935 Non
2157 898 2222 936 ea:

638 963 877 1031 oreribus
930 962 1058 1032 legis
1119 960 1381 1034 Spiritum
1427 968 1733 1037 accepistis,
1779 970 1870 1024 sed
1917 986 1982 1025 ex
2033 973 2220 1027 auditu

638 1055 762 1123 ﬁdei
781 1054 846 1108 u‘.

710 1144 842 1198 Vlll.
879 1143 1258 1216 Interrogatio.
1307 1148 1520 1214 Dixisti,
1559 1151 1739 1206 omnia
1773 1154 2131 1224 spiritualiter
2163 1158 2220 1212 in

634 1234 819 1289 anima
844 1251 953 1289 esse
977 1238 1270 1292 recondita.
1303 1238 1440 1305 Quid
1472 1249 1547 1295 est
1567 1258 1689 1313 ergo
1709 1260 1729 1297 :
1767 1263 1786 1297 ι
1834 1244 1960 1300 Volo
1990 1250 2220 1320 quinque

635 1326 790 1380 verba
823 1328 877 1381 in
918 1327 1154 1385 Ecclesia
1192 1340 1365 1385 mente
1404 1350 1522 1387 mea
1556 1333 1702 1405 loqui
1726 1337 1794 1391 '°.
1838 1357 1857 1389 ι

709 1418 1017 1491 Responsio.
1050 1422 1295 1478 Ecclesia
1332 1424 1386 1477 in
1417 1424 1632 1480 duabus
1665 1428 1915 1496 personis
1955 1429 2216 1503 intelligi-

2328 521 2449 573 ἐπεὶ
2481 523 2514 591 ή
2554 522 2715 592 χάρις
2738 522 2923 579 οὐκέτι
2944 526 3062 579 ἐστὶ
3085 529 3264 599 χάρις,
3294 529 3428 583 ἀλλὰ
3454 530 3527 601 τῷ
3561 539 3832 594 παντοδυιιᾶ.

2328 628 2414 681 μῳ
2442 611 2562 683 Θεῷ
2590 614 2999 681 πιστεύσαντες,
3028 619 3198 689 ἁπλῇ,
3240 621 3338 673 καὶ
3369 622 3671 694 ἀπεριέργῳ
3688 633 3834 704 καρδίᾳ

2323 701 2718 774 προσέλθωμεν
2770 707 2849 774 τῷ
2896 708 2984 761 διὰ
3042 710 3277 774 πίστεως
3318 711 3418 783 τὴν
3473 718 3737 783 μετουσίαν
3769 701 3833 774 re:

2323 793 2644 867 Πνεύματος
2678 799 3046 871 χαριζομένῳ,
3075 805 3170 856 καὶ
3201 803 3262 855 ού
3285 802 3374 856 διὰ
3398 809 3749 877 παρεικασμοῦ
3770 816 3835 862 πί-

2324 906 2495 955 στεως
2528 890 2707 963 ἔργων
2728 908 2743 924 ·
2784 895 2919 966 φησι
2956 896 3086 964 γὰρ,
3128 898 3251 950 Οὐκ
3272 896 3343 961 ἐξ
3385 896 3571 967 ἔργων
3600 901 3761 969 γόμου
3792 906 3837 957 τὸ

2320 983 2563 1052 Πνεῦμα
2595 984 2856 1053 ἐλάϐετε,
2888 987 3048 1042 ἀλλὰ
3084 987 3159 1042 δι’
3184 988 3375 1057 ἀκοῆς
3393 990 3661 1056 πίστεως.

2389 1168 2475 1224 H'.
2491 1169 2834 1240 Ἐρώτησις.
2869 1168 3073 1240 Εἷπες,
3106 1175 3305 1231 πάντα
3325 1177 3396 1232 ἐν
3414 1178 3491 1246 τῇ
3516 1180 3679 1249 ψυχῇ
3703 1198 3837 1237 πνευ-

2315 1260 2576 1328 ματικῶς
2630 1263 3154 1332 ἀποκρύπτεσθαι,
3197 1269 3257 1322 τί
3300 1269 3451 1335 ἐστι,
3499 1272 3683 1325 «θέλω
3708 1276 3837 1329 πέντε

2317 1353 2538 1421 λόγους
2556 1352 2626 1406 ἐν
2643 1353 2942 1424 ἐκκλησίᾳ
2968 1357 3067 1411 διὰ
3090 1358 3197 1413 τοῦ
3222 1360 3365 1426 νοός
3392 1379 3514 1430 μου
3534 1363 3774 1430 λαλῆσαι
3791 1385 3835 1429 ;ι

2400 1446 2764 1514 Ἀπόκρισις.
2782 1450 3081 1520 Ἐκκλησία
3104 1453 3161 1505 ἐν
3196 1452 3319 1505 δυσὶ
3346 1454 3651 1525 προσώποις
3673 1462 3841 1523 νοεῖται,

638 1518 750 1577 tur,
778 1515 1207 1585 congregatione
1253 1516 1467 1571 scilicet
1518 1516 1789 1586 ﬁdelium,
1820 1529 1877 1575 et
1904 1522 1961 1576 in
1984 1538 2213 1580 concre-

2317 1536 2395 1607 τῷ
2426 1540 2734 1608 συστήματι
2760 1541 2869 1593 τῶν
2899 1542 3127 1607 πιστῶν,
3149 1545 3246 1597 καὶ
3290 1545 3369 1616 τῷ
3422 1549 3741 1617 συγκρίματι
3773 1552 3843 1619 τῆς

634 1602 785 1660 tione
814 1606 1030 1662 animae.
1055 1607 1113 1663 Si
1152 1623 1283 1679 ergo
1312 1609 1677 1679 spiritualiter
1724 1612 1781 1667 in
1814 1614 2038 1672 homine
2066 1619 2213 1674 acci-

2316 1602 2516 1699 ψυχῆς.
2551 1602 2720 1685 ’ὅταν
2772 1632 2866 1686 οὖν
2923 1602 3313 1705 πνευματικῶς
3340 1602 3421 1701 είς
3467 1602 3587 1691 τδντ

634 1698 839 1768 piatur,
875 1690 1111 1757 ecclesia
1160 1710 1245 1757 est
1303 1709 1416 1757 tota
1467 1706 1587 1776 ejus
1622 1721 1931 1779 compages.
1961 1710 2213 1784 Quinque

2316 1690 2683 1794 λαμέανηται,
2734 1724 3031 1796 Ἐκκλησία
3060 1690 3212 1782 ἐστὶν
3236 1690 3358 1782 ὅλον
3393 1690 3560 1783 αὐτοῦ
3583 1730 3642 1783 τὸ
3666 1690 3843 1803 σύγκρι-

632 1799 818 1846 autem
853 1792 1023 1848 verba
1050 1802 1181 1849 sunt
1203 1796 1459 1864 virtutes,
1479 1798 1683 1867 quibus
1698 1804 2211 1873 comprehenditur,

630 1898 753 1952 quae
781 1891 954 1939 totum
999 1886 1279 1941 hominem
1328 1898 1681 1957 construunt,
1723 1894 1894 1949 variis
1922 1897 2100 1952 modis
2127 1899 2215 1953 di-

628 1976 780 2032 visae.
808 1978 1284 2045 Quemadmodum
1314 1981 1461 2035 enim
1490 1983 1585 2052 qui
1609 1984 1858 2054 loquitur
1885 1988 1941 2042 in
1958 1988 2213 2055 Domino,

628 2085 727 2138 per
746 2070 989 2140 quinque
1007 2072 1172 2127 verba
1205 2088 1427 2128 omnem
1447 2075 1835 2144 complectitur
1857 2080 2211 2149 sapientiam;

628 2163 711 2217 sie
751 2166 844 2233 qui
880 2166 1135 2235 sequitur
1169 2167 1463 2221 Dominum
1518 2184 1620 2237 per
1671 2169 1916 2239 quinque
1952 2174 2210 2240 virtutes,

629 2268 979 2324 summopere
1008 2254 1232 2325 pietatis
1262 2258 1471 2313 cultum
1503 2259 1759 2316 aediﬁcat.
1786 2262 1918 2328 Quae
1945 2280 2071 2319 eum
2101 2268 2214 2323 sint

627 2345 897 2417 quinque,
927 2350 1192 2420 freliquas
1238 2366 1430 2406 omnes
1485 2354 1983 2423 comprehendunt,
2030 2361 2209 2429 prima

630 2436 893 2492 nimirum
931 2442 1202 2497 oratione.
1235 2442 1457 2498 Caetera!
1486 2445 1847 2512 continentia,
1896 2449 2211 2507 misericor-

627 2526 739 2593 dia,
774 2541 1091 2601 paupertas,
1126 2534 1536 2607 longanimitas,
1583 2537 1669 2592 hae
1698 2538 1976 2595 desiderio
2012 2558 2078 2598 ac
2109 2560 2209 2600 vo-

626 2621 839 2677 luntate
895 2623 1229 2694 implentur;
1279 2637 1522 2698 suntque
1560 2628 1730 2685 verba
1781 2632 1998 2698 animm,
2033 2649 2212 2704 quaaa

629 2713 858 2769 Domino
883 2718 1260 2787 proferuntur,
1287 2727 1344 2775 et
1388 2722 1445 2776 in
1479 2722 1645 2777 corde
1676 2723 2074 2780 exaudiuntur.
2104 2726 2213 2783 Do-

624 2806 810 2861 minus
852 2810 1000 2863 enim
1046 2820 1331 2881 operatur,
1359 2821 1414 2868 et
1444 2820 1575 2869 tunc
1613 2813 1853 2885 Spiritus
1881 2817 2129 2887 loquitur
2153 2821 2210 2878 in

626 2896 911 2953 intellectu
938 2917 951 2952 :
983 2906 1040 2954 et
1079 2915 1174 2955 cor
1203 2912 1472 2971 quantum
1498 2903 1797 2971 desiderat,
1828 2914 2041 2964 tantum
2072 2928 2211 2983 quo-

625 3004 733 3058 que
763 2989 816 3043 iu
854 3000 1048 3060 aperto
1081 3003 1364 3062 operatur.

2320 1832 2414 1885 μα.
2449 1816 2616 1868 Πέντε
2645 1816 2701 1870 δὲ
2718 1816 2866 1884 λόγοι
2892 1819 3031 1873 εἰσὶν
3061 1822 3117 1873 ai
3150 1823 3505 1890 περιεκτικαὶ
3528 1822 3733 1892 ἀρεταὶ,
3761 1824 3847 1877 ελον

2315 1908 2406 1960 τὸν
2428 1907 2714 1977 ἄνθρωπον
2760 1910 3161 1977 οίκοδομοῦσαι,
3195 1913 3553 1983 πολυτρόπως
3588 1913 3845 1983 διαιρούμε·

2314 2015 2423 2051 ναι.
2458 1999 2668 2069 Ὥσπερ
2710 2000 2819 2069 γὰρ
2844 2003 2872 2053 ὁ
2913 2000 3088 2055 λαλῶν
3141 2004 3200 2055 ἐν
3239 2004 3447 2074 Κυρίῳ,
3486 2004 3573 2056 διὰ
3596 2004 3699 2057 τῶν

2312 2086 2487 2155 λόγων
2518 2088 2696 2141 πᾶσαν
2736 2089 3060 2160 περιέλαϐεν
3095 2091 3195 2163 τὴν
3241 2094 3469 2164 σοφίαν·
3502 2093 3672 2151 οὕτως
3701 2097 3725 2148 ὁ
3752 2098 3845 2149 ἁκε-

2312 2176 2519 2230 λουθῶν
2548 2177 2625 2248 τῷ
2659 2179 2849 2249 Κυρίῳ
2874 2180 2963 2233 διὰ
2988 2180 3100 2233 τῶν
3132 2182 3297 2235 πέντε
3342 2183 3558 2252 ἀρετῶν
3590 2184 3770 2255 πολλὴν
3794 2188 3846 2237 ai-

2312 2267 2536 2336 κοδομεί
2555 2267 2655 2338 τὴν
2677 2268 2978 2325 εὐσέϐειαν.
3019 2270 3185 2324 Πέντε
3234 2272 3345 2343 γὰρ
3383 2269 3542 2327 οὖσαι
3573 2274 3752 2339 λοιπὰς
3775 2279 3846 2328 πά-

2315 2374 2414 2422 σας
2460 2361 2776 2431 περιέχουσι
2839 2362 3035 2435 πρώτῃ
3093 2363 3249 2433 εὐχῇ.
3316 2366 3520 2418 Λοιπὸν
3582 2368 3845 2435 ἐγκράτεια,

2311 2451 2676 2521 ἐλεημοσύνη,
2717 2451 2984 2521 πτωχεία,
3017 2451 3388 2521 μακροθυμία,
3414 2452 3591 2505 ταῦτα
3622 2454 3757 2523 πόθῳ
3782 2460 3848 2507 u‘:

2310 2541 2629 2611 προαιρέσει
2659 2541 3072 2611 ἐπιτελούμενα·
3115 2542 3262 2609 λόγοι
3311 2542 3419 2596 εἰσὶ
3450 2543 3632 2612 ψυχῆς
3650 2544 3743 2596 ύπο
3764 2546 3846 2596 Κυ-

2312 2634 2430 2703 ρίου
2483 2632 2828 2703 λαλούμενοι,
2866 2633 2958 2686 καὶ
3000 2632 3105 2686 ὑπὸ
3156 2633 3384 2704 καρδίας
3436 2635 3765 2704 ἀκουόμενοι.
3809 2638 3849 2689 ’θ

2308 2727 2418 2795 γὰρ
2454 2724 2655 2794 Κύριος
2690 2726 2931 2796 ἐνεργεῖ·
2958 2726 3053 2778 καὶ
3097 2726 3158 2778 τὸ
3185 2724 3407 2795 Πνεῦμα
3436 2727 3559 2778 τότε
3580 2728 3765 2796 vespa;
3785 2727 3851 2779 λσ·

2308 2819 2391 2871 λεί
2414 2821 2508 2871 καὶ
2537 2823 2570 2890 ἠ
2598 2819 2794 2887 καρδία
2838 2822 2964 2875 ὅσον
3016 2820 3291 2885 ἐπιποθεῖ,
3321 2820 3581 2875 τοσοῦτον
3611 2825 3701 2875 καὶ
3725 2840 3851 2887 7173-

2310 2911 2419 2981 ρῶς
2449 2910 2713 2965 ἐπιτελεῖ.

694 3082 786 3138 ΙΧ.
815 3084 1063 3139 Virtutes
1087 3094 1274 3140 autem
1306 3088 1430 3155 illas,
1456 3090 1511 3145 in
1538 3099 1802 3162 quantum
1839 3108 2032 3149 omnes
2054 3111 2205 3151 com-

2379 3092 2460 3147 6'.
2493 3092 2559 3166 Δί
2588 3092 2644 3146 δὲ
2665 3092 2857 3163 ἀρεταὶ
2903 3092 3026 3146 ὅσον
3053 3093 3160 3146 εἰσὶ
3189 3093 3535 3163 περιεκτικαὶ
3569 3090 3769 3149 πασῶν,
3790 3106 3853 3141 το-

625 3175 1002 3245 prehendunt,
1051 3186 1264 3234 tantum
1301 3197 1421 3238 sese
1448 3194 1641 3239 mutuo
1672 3197 1959 3256 generant.
1986 3188 2212 3245 Sublata

623 3264 773 3317 enim
804 3265 1002 3333 prima,
1034 3268 1305 3323 tolluntur
1331 3286 1545 3328 omnes.
1572 3275 1764 3331 Itidem
1784 3293 1885 3348 per
1910 3281 2210 3336 secundam

625 3371 749 3424 qua:
781 3367 1131 3427 sequuntur:
1162 3371 1218 3416 et
1257 3361 1333 3417 ita
1368 3364 1649 3436 deinceps.
1684 3368 1803 3435 Quo
1840 3381 2006 3439 pacto
2062 3374 2210 3428 enim

626 3448 754 3516 quis
790 3451 1114 3520 precabitur
1159 3469 1268 3509 non
1296 3471 1325 3510 a
1357 3455 1568 3527 Spiritu
1616 3460 1921 3532 impulsus?
1959 3465 2029 3520 Et
2069 3475 2213 3521 atte-

627 3549 804 3594 statur
835 3543 968 3597 mihi
997 3544 1305 3616 Scriptura,
1331 3565 1454 3619 qua:
1486 3550 1659 3607 dicit:
1714 3554 1881 3609 Nemo
1916 3566 2083 3627 potest
2126 3560 2208 3613 di-

624 3648 741 3686 cere
770 3634 1054 3691 Dominum
1083 3638 1286 3704 Iesum,
1315 3644 1416 3696 nisi
1458 3661 1550 3714 per
1593 3644 1851 3716 Spiritum
1879 3660 2121 3705 sanctum
2142 3654 2208 3707 ⁸¹.

623 3722 856 3797 Insuper
899 3744 1010 3798 quo
1051 3739 1209 3800 pacto
1255 3734 1413 3804 130
1446 3736 1653 3807 absque
1699 3740 1964 3796 orationis
2007 3744 2211 3800 auxilio

624 3818 915 3875 continens
960 3825 1351 3890 permanebit?
1394 3828 1463 3882 Et
1497 3829 1591 3897 qui
1626 3846 1738 3885 non
1781 3842 1866 3887 est
1898 3849 1999 3903 per
2027 3838 2210 3892 omnia

623 3909 937 3975 continens,
968 3928 1078 3982 quo
1100 3925 1260 3983 pacto
1290 3917 1643 3973 miserebitur
1675 3923 1972 3980 esurientis
2003 3940 2092 3980 aut
2125 3928 2211 3981 in-
2254 3918 2259 3921 ⁴

617 3999 820 4068 juriam
858 4004 1048 4073 passi?
1076 4007 1277 4062 Verum
1295 4012 1388 4079 qui
1422 4011 1803 4070 misericordia
1835 4032 1946 4071 non
1966 4018 2207 4085 ducitur,

623 4086 718 4144 ille
751 4107 931 4162 neque
971 4105 1275 4165 Spontaneo
1320 4109 1473 4155 motu
1530 4115 1913 4173 paupertatem
1957 4111 2207 4180 suscipit.

622 4180 864 4236 Rursum
897 4201 1026 4240 vero
1058 4187 1342 4245 iracundia
1387 4203 1472 4247 est
1500 4194 1722 4251 alumna
1777 4208 1834 4252 et
1890 4202 2079 4255 nutrix
2109 4218 2209 4257 cu-

622 4274 871 4344 piditatis
906 4280 1302 4347 pecuniarum;
1336 4285 1451 4339 sive
1492 4290 1783 4356 pecuniam
1825 4291 2047 4360 habeat,
2092 4294 2209 4350 sive

623 4381 757 4419 non.
790 4366 1065 4424 Craterum
1105 4374 1332 4440 praedita
1383 4377 1685 4434 virtutibus
1711 4383 1893 4436 anima
1934 4382 2011 4439 ita
2038 4384 2209 4439 aediﬁ-

2316 3185 2506 3239 σοῦτον
2539 3185 2783 3257 ἀλλήλων
2824 3185 3162 3256 γεννητικαί.
3198 3187 3311 3255 Τῆς
3339 3184 3566 3256 πρώτης
3593 3185 3701 3254 γὰρ
3722 3182 3856 3237 ἀπού-

2315 3292 2435 3347 σης,
2471 3275 2822 3346 ἀναιροῦνται
2858 3276 3055 3329 πᾶσαι.
3095 3275 3326 3346 Ὁμοίως
3352 3276 3439 3328 διὰ
3484 3274 3589 3344 τῆς
3621 3274 3853 3341 δευτέρας,

2313 3370 2371 3424 αἱ
2402 3370 2687 3423 ἀκόλουθοι
2710 3383 2725 3399 ’
2753 3369 3017 3430 ὡσαύτως
3052 3370 3109 3422 αἱ
3158 3368 3411 3437 καθεξῆς.
3448 3368 3577 3431 Πῶς
3608 3367 3712 3438 γὰρ
3739 3365 3856 3428 :53:-

2313 3463 2402 3517 ταί
2424 3480 2509 3525 τις
2544 3462 2619 3534 μὴ
2650 3460 2756 3516 ὑπὸ
2782 3463 3101 3533 Πνεύματος
3123 3461 3470 3532 ὲνεργηθείςς
3502 3460 3602 3513 καὶ
3639 3460 3858 3529 μαρτυρεῖ

2317 3574 2406 3627 μοι
2427 3556 2663 3629 ὴΓραφὴ
2691 3556 2945 3626 λέγουσα,
2965 3556 3176 3623 Οὐδείς
3202 3556 3453 3609 δύναται
3471 3553 3667 3607 εἰπεῖν
3684 3551 3857 3619 Κύριοι·

2326 3649 2591 3717 Ἰησοῦν,
2622 3650 2674 3702 εί
2690 3648 2776 3718 μὴ
2798 3649 2866 3702 ἐν
2882 3650 3181 3718 Πνεύματι
3209 3648 3377 3717 ἁγίῳ.
3410 3647 3534 3709 Πῶς
3555 3646 3615 3699 δὲ
3640 3646 3859 3712 ὑπομεπῖ

2312 3743 2530 3813 ὁχωρὶς
2584 3742 2751 3813 εὐχῆς
2796 3743 3265 3814 ἐγκρατευόμενος
3320 3741 3681 3810 ἁϐοηθήτωςς
3730 3740 3780 3791 '0
3817 3737 3858 3789 δὲ

2314 3837 2373 3888 ἐν
2422 3836 2593 3888 παντὶ
2628 3835 2704 3905 μὴ
2735 3835 3225 3906 ἐγκρατευόμενος,
3259 3834 3377 3897 πῶς
3404 3832 3623 3902 ἐλεήσει
3651 3831 3736 3882 τὸν
3769 3846 3857 3879 πει-

2313 3928 2488 3981 νῶντα
2513 3928 2547 4000 ἢ
2576 3927 2897 3993 ἀδικοῦντα;
2935 3928 2992 3980 'O
3026 3927 3083 3979 δὲ
3104 3928 3205 3980 ούκ
3227 3926 3413 3992 ἐλεῶν,
3441 3925 3564 3979 οὐδὲ
3597 3923 3855 3994 πτωχεύειν

2314 4017 2580 4082 ἑκουσίως
2607 4018 2989 4088 καταδέχεται.
3039 4019 3208 4072 Πάλιν
3241 4018 3299 4070 δὲ
3322 4017 3424 4085 τῆς
3456 4016 3568 4068 τῶν
3598 4014 3855 4085 χρημάτων

2314 4110 2612 4180 ἐπιθυμίας
2639 4112 2667 4163 ὁ
2697 4111 2866 4180 θυμὸς
2890 4110 3209 4181 σύντροφος,
3228 4110 3331 4162 κᾶν
3357 4108 3456 4180 ἔχῃ
3477 4110 3584 4178 χρὴ
3596 4124 3753 4177 ματα,
3784 4105 3854 4156 κᾶν

2316 4204 2391 4273 μὴ
2425 4203 2526 4275 ἔχῃ
2547 4220 2559 4235 °
2589 4204 2621 4273 ἡ
2645 4203 2701 4256 δὲ
2739 4203 2991 4273 ἐνάρετος
3013 4203 3160 4273 ψυχὴ
3194 4202 3368 4265 οὕτως
3393 4200 3857 4271 προσοικοδομεῖτιι

2311 4296 2378 4365 τῇ
2416 4293 2732 4364 Ἐκκλησία,
2763 4293 2862 4363 οὐχ
2903 4294 2985 4346 ὅτι
3026 4294 3305 4363 ἐποίησεν,
3352 4291 3466 4345 ἀλλ’
3500 4292 3582 4344 ὅτι
3609 4290 3852 4358 ἐπόθησεν.

2313 4388 2388 4440 Οὐ
2404 4387 2513 4459 γὰρ
2531 4387 2591 4440 τὸ
2610 4387 2742 4440 ἴδιον
2775 4386 2934 4457 ἔργον
2959 4384 3119 4448 σώζει
3150 4386 3242 4440 τὸν
3266 4385 3577 4455 ἄνθρωπον,
3615 4383 3727 4436 ἀλλ’
3744 4385 3767 4435 ὁ
3784 4396 3857 4447 χα-

622 4460 863 4515 caturin
888 4464 1301 4531 ecclesiarum:
1341 4468 1475 4539 quia
1509 4482 1733 4540 Operata
1779 4483 1883 4537 est,
1930 4476 2027 4531 sed
2074 4478 2204 4548 quia

2315 4479 2602 4549 ρισάμενος
2639 4479 2739 4547 τὴν
2768 4477 3019 4547 δύναμιν.
3054 4478 3118 4531 Εἰ
3142 4476 3236 4532 οὖν
3271 4478 3528 4547 ὑπομένει
3556 4495 3644 4541 τις
3671 4477 3735 4529 τὰ
3775 4476 3856 4526 sti-

621 4552 976 4610 desideravit.
1018 4558 1141 4613 Non
1190 4560 1339 4614 enim
1385 4565 1668 4633 proprium
1705 4580 1845 4635 opus
1891 4567 2064 4622 salvat
2103 4570 2204 4623 ho-

2315 4587 2501 4641 γματα
2530 4568 2625 4624 τοῦ
2660 4570 2949 4634 Δεσπότου,
2988 4568 3061 4642 μὴ
3079 4570 3234 4640 οἰηθῇ
3267 4569 3323 4623 ἔν
3363 4587 3488 4635 τινι,
3523 4568 3630 4622 κᾶν
3655 4569 3714 4621 τὸ

622 4644 850 4710 minem,
894 4647 989 4702 sed
1025 4649 1121 4718 qui
1162 4652 1425 4720 operandi
1478 4652 1792 4709 facultatem
1842 4657 2092 4728 largitur.
2143 4659 2199 4715 Si

2315 4661 2765 4733 πεποίηκεν,ἀλλ’
2791 4661 2823 4733 ἢ
2856 4662 3014 4732 μόνον
3036 4661 3097 4715 τὸ
3126 4662 3429 4732 ἀγαπῆσαι,
3480 4662 3573 4714 καὶ
3616 4657 3855 4727 snt-agis}-

621 4752 754 4807 crgo
807 4738 933 4807 quis
987 4742 1239 4812 stigmata
1287 4744 1503 4799 Domini
1553 4746 1783 4815 perfert,
1817 4764 1885 4803 ne
1929 4749 2208 4807 existimet

2315 4771 2398 4808 σαι
2428 4755 2565 4826 πρὸς
2596 4753 2696 4816 τὰς
2727 4754 3030 4825 ἐνεργείας.
3068 4755 3162 4825 Μὴ
3210 4754 3304 4807 οὖν
3332 4754 3491 4827 δόξῃς
3520 4755 3653 4806 ποτὲ
3682 4754 3736 4804 ὲν
3766 4753 3856 4817 ipso

620 4828 829 4899 aliquid
864 4846 1006 4896 esse,
1048 4834 1179 4888 licet
1216 4835 1438 4904 quidvis
1469 4836 1686 4904 fecerit,
1720 4839 1804 4893 vel
1841 4840 2031 4905 etiam,
2057 4843 2205 4911 quod

2315 4851 2368 4919 τῇ
2409 4847 2801 4918 προειληφέναι
2849 4847 2940 4901 τὸν
2975 4846 3181 4917 Κύριον
3212 4847 3356 4903 κατὰ
3393 4850 3486 4900 τὸν
3539 4848 3774 4915 λέγοντι,
3795 4844 3854 4893 ὅτι

620 4937 838 4977 summo
866 4940 1054 4979 amore
1096 4934 1265 4997 atque
1301 4929 1470 4983 animi
1522 4939 1722 4984 conatu
1780 4931 1938 5002 operi
1991 4932 2202 5002 produ-

2315 4936 2495 5006 Οὗτός
2520 4939 2694 4993 ἐστιν
2719 4941 2754 4995 ὸ
2783 4938 3044 5011 ἐνεργῶν
3071 4940 3140 4993 ἐν
3173 4939 3319 5009 ὑμῖν
3344 4940 3443 4995 καί
3478 4940 3544 4993 τὸ
3564 4940 3760 4993 θέλειν
3782 4932 3855 4987 καὶ

618 5013 795 5068 cendo
824 5015 1165 5072 incubuerit.
1197 5018 1276 5073 Ne
1304 5019 1470 5090 igitur
1498 5021 1782 5077 existimes
1822 5031 1875 5078 te
1908 5024 1964 5077 in
1995 5024 2201 5081 virtute

2315 5029 2367 5081 rd
2393 5028 2669 5098 ἐνεργεῖν
2700 5028 2857 5098 ὑπὲρ
2891 5027 2999 5095 τῆς
3023 5029 3327 5094 εὐδοκίας.

620 5107 951 5173 praevertisse
992 5109 1312 5178 Dominum,
1361 5115 1665 5170 secundum
1704 5132 1831 5171 eum
1873 5118 1970 5188 qui
2020 5118 2197 5173 dicit:
2237 5120 2356 5192 Ipse
2404 5132 2478 5177 est
2538 5123 2627 5191 qui
2655 5132 2913 5194 operatur
2944 5123 3001 5175 in
3023 5124 3185 5188 vobis,
3224 5122 3356 5177 velle
3390 5130 3440 5175 et
3474 5120 3746 5193 perﬁcere,
3784 5129 3855 5181 ρτο

620 5195 753 5247 bona
778 5196 1049 5253 voluntate
1065 5199 1133 5254 δ’.

690 5290 760 5346 X.
811 5292 1188 5365 Interrogatio.
1239 5297 1377 5365 Quid
1426 5302 1589 5372 igitur
1629 5304 1863 5374 prwcipit
1915 5302 2199 5374 Scriptura

617 5379 819 5435 homini
838 5382 1010 5451 facere
1028 5386 1055 5437 Ρ

2379 5299 2434 5353 l'.
2480 5297 2817 5367 Ἐρώτησις.
2857 5299 2919 5354 Τί
2936 5299 3049 5355 οὖν
3072 5302 3111 5370 ἡ
3133 5300 3345 5371 Γραφὴ
3374 5300 3763 5369 παραγςέλλει
3794 5298 3853 5361 τῷ

2307 5387 2598 5455 ἀνθρώπῳ
2622 5387 2851 5455 ποιεῖν;

692 5470 998 5541 Responsio.
1026 5476 1201 5532 Antea
1226 5478 1487 5547 diximus,
1509 5484 2004 5554 promptitudinem
2030 5483 2199 5538 animi

622 5559 902 5617 hominem
951 5564 1155 5624 habere
1182 5586 1214 5625 a
1234 5583 1453 5638 natura,
1487 5590 1653 5644 quam
1693 5591 1912 5646 quoque
1944 5576 2089 5631 Deus
2118 5592 2201 5631 re—

2392 5482 2757 5548 Ἀπόκρισις.
2784 5482 3148 5553 Προείπομεν,
3174 5484 3255 5537 ὅτι
3288 5485 3386 5554 τὴν
3412 5485 3743 5554 ἐπιτήδευσιν
3764 5481 3852 5547 ἔχει

2306 5577 2334 5628 ὁ
2357 5576 2800 5646 ἄνθρωποςκατά
2838 5575 3022 5645 φύσιν,
3046 5580 3139 5631 καὶ
3162 5577 3368 5648 ταύτην
3396 5579 3423 5631 ὁ
3454 5578 3579 5640 Θεὸς
3610 5574 3847 5643 ἐπιζητεῖ.

695 5740 739 5775 ‘9
764 5741 937 5799 Galat.
974 5762 1053 5811 tu,
1078 5748 1131 5801 2.
1209 5752 1252 5783 ⁵ο
1282 5751 1451 5807 lCor.
1482 5770 1591 5821 xlv,
1633 5756 1710 5811 19.
1791 5757 1829 5789 ⁵¹
1866 5756 1884 5811 l
1916 5729 2239 5823 Cor.‘xu,5.
2319 5758 2361 5790 τά
2387 5756 2622 5826 Philipp.
2656 5772 2714 5822 ιι,
2748 5756 2831 5809 l3.
