3966 6516
132 329 236 391 757

1280 341 1651 408 HOMILIB.
1675 370 1744 383 -
1765 346 1953 412 HOM.
1992 348 2323 415 XXXVIII.

3296 360 3403 423 758

137 441 507 511 Παραγγέλλει
525 442 640 509 οὖν,
660 445 750 499 ἵνα
777 447 992 519 πρῶτον
1014 449 1207 523 νοήσῃ,
1236 453 1331 504 καὶ
1356 455 1557 526 νοήσας
1574 457 1715 525 ἀγα-

1824 461 2012 530 quirit.
2054 463 2309 533 Praecipit
2360 463 2549 535 igitur,
2591 474 2651 522 ut
2696 467 2936 538 primum
2990 480 3314 537 cognoscat,
3345 480 3401 527 et

138 535 310 607 πήσῃ,
348 535 444 586 καὶ¹
475 534 743 605 θελήματι
782 539 1113 612 ὲπιτηδεύσῃ
1132 555 1147 570 ⁶
1177 541 1239 594 τὸ
1259 542 1317 595 δὲ
1358 546 1720 617 ὲνεργηθῆναι

136 622 228 676 τὸν
256 624 399 687 νοῦν,
431 623 464 695 ἢ
502 625 792 697 ὑπομεῖναι
818 629 907 682 τὸν
930 630 1117 692 κόπον,
1143 631 1175 702 ἦ
1206 633 1419 689 τελέσαι
1451 637 1511 689 τὸ
1532 638 1715 709 ἔργον,

134 711 172 781 ἠ
204 711 359 780 χάρις
384 710 478 763 τοῦ
513 713 719 783 Κυρίου
768 716 999 787 παρέχει
1031 717 1110 789 τῷ
1162 720 1451 791 θελήσαντι
1495 727 1590 779 καὶ
1625 744 1718 781 πι-

144 804 442 857 στεύσαντι.
486 806 559 857 Τὸ
600 806 693 859 οὖν
726 807 935 879 θέλημα
967 810 1061 864 τοῦ
1103 814 1392 884 ἀνθρώπου
1410 816 1485 881 ὡς
1539 820 1719 889 παρά-

136 910 325 957 στασις
351 896 685 967 ὑποστατική
722 917 736 930 -
777 901 852 970 μὴ
887 903 1154 972 παρόντος
1173 905 1229 958 δὲ
1262 906 1584 978 θελήματος,
1600 912 1719 964 οὐδὲ

134 984 293 1047 αὐτὸς
317 986 345 1037 6
372 986 503 1048 Θεός
522 1004 571 1039 τι
606 991 767 1054 ποιεῖ,
791 991 991 1063 καίπερ
1016 994 1333 1065 δυνάμενος,
1368 998 1456 1052 διὰ
1482 1000 1544 1052 τὸ
1582 1001 1717 1054 αὑτ-

134 1074 395 1137 εξούσιον.
439 1076 499 1128 'll
530 1072 621 1130 οὖν
649 1079 1025 1150 τελεσιουργία
1055 1085 1151 1137 τοῦ
1184 1085 1501 1156 Πνεύματος
1562 1091 1620 1142 ὲν
1639 1090 1717 1161 τῷ

139 1165 400 1235 θελήματι
441 1167 537 1220 τοῦ
583 1169 873 1240 ἀνθρώπου
916 1177 1115 1230 κεῖται.
1151 1177 1342 1241 Πάλιν,
1380 1178 1477 1233 ἐὰν
1505 1180 1626 1235 ὅλον
1657 1182 1718 1235 τὸ

141 1255 353 1326 θέλημα
386 1258 586 1328 δῶμεν,
612 1261 732 1315 ὅλον
759 1264 819 1316 τὸ
866 1264 1026 1335 ἔργον
1049 1268 1181 1338 ἡμῖν
1221 1269 1539 1342 ἐπιγράφει,
1588 1273 1720 1327 θαυ-

141 1349 345 1416 μαστὸς
366 1350 393 1402 6
425 1350 558 1415 Θεὸς
587 1354 645 1406 ὲν
676 1356 829 1420 πᾶσι,
867 1360 961 1411 καὶ
987 1360 1343 1431 ἀπερινόητος
1369 1364 1431 1417 τὸ
1462 1358 1679 1419 σύνολόν
1698 1383 1713 1396 ⁸

137 1438 415 1509 ἄνθρωποι
455 1442 510 1496 δὲ
555 1444 717 1514 μέρος
761 1464 810 1499 τι
856 1448 965 1501 τῶν
996 1449 1314 1521 θαυμασίων
1340 1454 1504 1507 αὑτοῦ
1536 1456 1718 1512 λαλεῖν

135 1531 542 1604 ἐπιχειροῦμεν,
584 1538 650 1607 τῇ
696 1537 887 1610 Γραφῇ
938 1542 1342 1613 ἐπερειδόμενοι
1369 1589 1381 1611 ,
1413 1546 1613 1615 μᾶλλον
1660 1549 1717 1602 δὲ

133 1622 229 1675 ὑπ’
261 1624 431 1693 αὐτῆς
497 1632 933 1701 συνεταζόμενοι.
1000 1636 1097 1699 Τίς
1148 1638 1258 1705 γὰρ
1283 1680 1297 1697 ,
1334 1639 1521 1709 φησὶν,
1564 1641 1717 1710 ἔγνω

132 1717 288 1769 νοῦν
320 1721 579 1787 Kvplov;
628 1722 791 1786 αὐτὸς
830 1724 887 1778 δέ
936 1743 1089 1795 φησι,
1142 1729 1406 1796 Ποσάκις
1442 1732 1717 1799 ἠθέλησα

1822 566 1949 606 cum
1984 554 2255 623 cognorit,
2290 554 2500 626 diligat,
2555 566 2612 612 et
2664 558 2949 612 voluntate
3000 557 3301 615 incumbat.
3333 560 3403 616 Ut

1821 649 2004 695 autem
2037 654 2367 698 exerceatur
2403 659 2579 708 mens,
2612 654 2705 700 aut
2740 646 2987 701 laborem
3042 648 3257 712 toleret,
3306 660 3404 705 aut

1819 748 1960 803 opus
2002 732 2226 802 aliquod
2268 734 2539 803 perﬁciat,
2575 738 2747 806 gratia
2781 738 3000 809 Domini
3040 739 3274 809 largitur
3305 756 3402 795 vo-

1818 824 1955 880 lenti
2005 833 2059 879 et
2107 825 2380 881 credenti.
2413 828 2682 883 Voluntas
2714 846 2846 901 ergo
2873 831 3113 887 hominis
3139 844 3222 888 est
3250 835 3402 889 velut

1818 915 2152 986 adiutorium
2188 933 2219 972 a
2244 928 2444 973 natura
2486 919 2747 975 insitum:
2789 922 3015 978 absente
3047 940 3178 979 vero
3202 926 3399 980 volun-

1820 1015 1952 1072 tate,
1985 1025 2168 1079 neque
2193 1010 2311 1080 ipse
2340 1012 2488 1065 Deus
2525 1013 2808 1082 quidpiam
2840 1025 3121 1085 operatur,
3150 1007 3402 1085 quamvis

1818 1099 2025 1168 possit;
2055 1109 2281 1170 propter
2309 1102 2538 1156 liberam
2572 1104 2833 1158 nimirum
2873 1107 3092 1161 arbitrii
3144 1109 3400 1162 volunta-

1821 1190 2251 1246 tem.Peri‘ectio
2300 1192 2469 1262 igitur
2512 1194 2696 1263 operis
2740 1194 3000 1263 Spiritus,
3031 1197 3083 1251 in
3118 1199 3401 1253 voluntate

1820 1279 2063 1337 hominis
2117 1283 2221 1338 sita
2268 1292 2374 1339 est.
2430 1283 2691 1350 Rursum,
2734 1284 2780 1339 si
2836 1292 3005 1341 totam
3061 1289 3401 1343 voluntatem

1818 1371 2211 1437 concedamus,
2240 1373 2517 1445 integrum
2549 1390 2688 1444 opus
2722 1376 2885 1431 nobis
2920 1377 3209 1442 adscribit,
3236 1380 3404 1433 mira-

1818 1460 1947 1517 bilis
1982 1462 2073 1518 ille
2101 1465 2249 1519 Deus
2282 1465 2337 1519 in
2368 1466 2649 1528 omnibus,
2680 1474 2738 1521 et
2777 1468 2872 1536 qui
2920 1469 3104 1524 animo
3151 1486 3402 1539 compre-

1820 1549 1988 1605 hendi
2019 1553 2247 1606 omnino
2276 1569 2389 1608 non
2419 1564 2600 1624 potest
2625 1572 2639 1608 :
2681 1570 2781 1610 nos
2830 1556 3083 1612 homines
3111 1574 3242 1612 vero
3274 1576 3403 1630 por-

1794 1636 2121 1699 ‘tiunculam
2153 1646 2392 1715 aliquam
2440 1646 2783 1701 mirabilium
2828 1649 2949 1718 ejus
2994 1649 3275 1718 explicare
3302 1666 3397 1705 co-

1819 1747 2038 1798 namur,
2077 1732 2365 1802 Scriptura
2398 1734 2534 1798 nixi,
2567 1734 2701 1804 quin
2736 1738 2947 1805 potius
2973 1736 3042 1789 ab
3079 1738 3167 1791 illa
3192 1738 3397 1794 edocti.

132 1808 493 1874 ἐπισυνάξαι
542 1811 616 1866 τὰ
668 1814 849 1869 τέκνα
886 1831 1025 1881 σου,
1064 1820 1160 1872 καὶ
1199 1823 1310 1875 οὐκ
1342 1823 1716 1891 ἠθέλησατε;

1824 1821 1951 1887 Quis
2004 1824 2166 1888 enim,
2218 1824 2314 1886 ait,
2370 1827 2607 1895 cognovit
2656 1844 2866 1881 sensum
2920 1829 3137 1882 Domini
3157 1831 3241 1883 5'?
3278 1831 3400 1900 Ipse

143 1900 235 1962 Ὧς
263 1904 326 1954 ὲκ
350 1902 541 1956 τούτου
571 1907 866 1973 πιστεύειν,
899 1910 982 1963 ὅτι
1007 1910 1166 1973 αὐτὸς
1190 1914 1339 1982 ἡμᾶς
1373 1916 1715 1984 ἐπισυνάγει.

148 1988 336 2059 Ἦμῶν
383 1992 440 2045 δὲ
472 1995 633 2063 μόνον
661 1997 968 2069 παραζητεί
997 2000 1058 2053 τὸ
1089 2002 1318 2072 θέλημα.
1352 2006 1448 2068 Τίς
1467 2006 1523 2059 δὲ
1550 2009 1583 2078 ἡ
1619 2026 1720 2079 φα-

130 2080 363 2155 νέρωσις
378 2083 470 2139 τοῦ
505 2085 832 2161 θελήματος,
870 2091 920 2143 εἰ
954 2091 1030 2163 μὴ
1065 2093 1225 2158 πόνος
1256 2094 1538 2161 ἑκούσιος;

212 2346 311 2401 ΙΑ’.
332 2348 541 2419 Ὠσπερ
569 2349 677 2419 γὰρ
705 2351 923 2423 σίδηρος
953 2353 1181 2424 πρίζων,
1218 2360 1519 2426 ἐκκόπτων,
1545 2381 1718 2436 γεωρ-

128 2437 269 2506 γῶν,
290 2440 696 2508 καταφυτεύων,
721 2444 883 2508 αὐτὸς
904 2447 1001 2515 μὲν
1017 2448 1437 2519 ὑποθλιόόμενος
1455 2456 1715 2523 ἐνδίδωσι,

131 2536 278 2603 πλὴν
310 2535 466 2599 ἄλλος
494 2537 642 2591 ἐστὶν
672 2540 700 2592 6
750 2541 935 2606 κινῶν,
983 2543 1079 2596 καὶ
1118 2546 1361 2614 ἐπάγων,
1402 2551 1497 2601 καὶ
1543 2552 1600 2602 ὲν
1638 2551 1716 2620 τῷ

132 2627 497 2697 συντριὸἧναι
526 2630 715 2700 πυρῶν
762 2634 856 2686 καὶ
900 2634 1266 2700 ἀνακαινίζων
1297 2655 1311 2669 ·
1348 2640 1518 2704 οὕτως
1569 2644 1660 2695 καὶ
1692 2645 1720 2695 6

129 2720 422 2791 ἄνθρωπος
456 2720 560 2773 κᾶν
595 2721 842 2793 θλίὸηται
896 2726 990 2778 καὶ
1042 2731 1206 2800 κοπιᾷ
1242 2731 1608 2802 ἐργαζόμενος
1660 2734 1720 2789 τὸ

128 2812 359 2879 ἀγαθὸν,
392 2813 505 2867 ἀλλ’
529 2817 556 2867 6
584 2817 787 2885 Κύριος
820 2817 1194 2885 λανθανόντως
1225 2823 1283 2875 ὲν
1309 2824 1460 2895 αὐτῷ
1494 2826 1721 2895 ἐργάζε-

127 2922 250 2971 ται,
295 2907 389 2958 καὶ
438 2909 494 2960 ὲν
521 2906 599 2978 τῷ
635 2911 894 2962 κοπιᾶσαι
922 2911 1021 2964 καὶ
1060 2916 1429 2984 συντριϐῆναι,
1459 2920 1557 2986 τὴν
1589 2935 1721 2989 καρ·

129 2995 257 3048 δίαν
292 2998 602 3068 παρακαλεῖ
629 3002 720 3054 καὶ
748 3004 1107 3071 ἀνακαινίζει,
1148 3007 1333 3070 καθὼς
1374 3010 1468 3061 καὶ
1519 3012 1546 3061 ὁ
1584 3028 1719 3080 προ-

132 3088 318 3156 φήτης
356 3088 525 3158 λέγει,
570 3091 666 3159 Μὴ
717 3092 1165 3164 δοξασθήσεται
1201 3098 1378 3166 ἀξίνη
1425 3099 1573 3154 ἄνευ
1610 3103 1717 3156 τοῦ
1746 3136 1790 3195 C

130 3181 469 3249 κόπτοντος
480 3201 501 3247 ;
533 3184 570 3251 ἢ
621 3187 1009 3253 ὑψωθήσεται
1058 3190 1247 3257 πρίων
1286 3190 1433 3247 ἄνευ
1466 3194 1573 3246 τοῦ
1618 3194 1716 3248 ἕλ-

130 3290 398 3339 κοντος;
428 3274 613 3339 Οὕτως
643 3277 697 3330 δέ
723 3279 837 3332 ἐστι
865 3280 960 3332 καὶ
1015 3282 1095 3342 εἰς
1122 3282 1181 3333 τὸ
1240 3283 1429 3347 κακὸν,
1465 3284 1551 3337 ὅτε
1576 3288 1603 3338 ό
1625 3286 1719 3340 ἇν-

130 3364 361 3432 θρωπος
389 3367 654 3422 ὑπακούει
678 3370 770 3422 καὶ
797 3371 1143 3441 ἐτοιμάζεται
1163 3387 1176 3401 ⁸
1210 3375 1331 3427 τότε
1363 3376 1455 3429 καὶ
1488 3378 1515 3429 6
1551 3378 1719 3431 Σαταο

128 3459 236 3520 νᾶς
271 3458 486 3512 ἐλαύνει
517 3462 612 3515 καὶ
647 3462 935 3532 παροξύνει
961 3466 1122 3519 αὐτὸν
1153 3466 1227 3528 ὡς
1264 3469 1292 3520 6
1328 3467 1529 3540 λῃστὴς
1556 3470 1615 3522 τὸ
1638 3471 1714 3534 ξί-

131 3565 261 3616 φος.
292 3550 500 3620 Σιδὴρῳ
540 3552 595 3604 δὲ
625 3555 1037 3624 παρεικάσαμεν
1066 3556 1164 3628 τὴν
1208 3558 1454 3628 καρδίαν,
1504 3559 1591 3613 διὰ
1622 3561 1722 3631 τὴν

130 3638 502 3707 ἀναισθησίαν
519 3641 625 3692 τῶν
643 3646 987 3714 πραγμάτων
1021 3648 1116 3699 καὶ
1134 3649 1334 3720 πολλὴν
1360 3651 1719 3720 σκληρότητα.

129 3731 257 3783 Οὐκ
288 3731 392 3783 ἔδει
420 3731 476 3784 δὲ
510 3735 657 3802 ἡμᾶς
680 3737 895 3805 ἀγνοεῖν
917 3738 1008 3791 τὸν
1026 3739 1328 3810 κρατοῦντα
1363 3742 1437 3804 ὡς
1468 3743 1725 3811 ἀναίσθη-

128 3838 231 3885 τος
269 3824 488 3894 σίδηρος
506 3842 520 3856 ·
547 3828 669 3880 ἐπεὶ
688 3829 897 3899 ταχέως
927 3831 1034 3885 ἀπὸ
1053 3832 1148 3885 τοῦ
1178 3834 1429 3904 γεωργοῦ
1459 3834 1617 3903 λόγου
1643 3838 1724 3899 είς

127 3912 231 3964 τὸν
258 3913 352 3965 τοῦ
391 3917 626 3986 πονηροῦ
676 3918 935 3987 λογισμὸν
977 3922 1037 3974 οὐ
1090 3924 1534 3994 μετεπίπτομενο
1583 3927 1719 3980 ἀλλὰ

134 4003 347 4073 μᾶλλον
370 4006 443 4070 ὼς
469 4008 497 4058 6
531 4009 659 4077 βοῦς
699 4013 792 4064 καὶ
828 4015 855 4066 6
893 4011 1013 4076 δνος
1056 4014 1254 4068 εἰδέναι
1301 4016 1394 4069 τὸν
1436 4017 1724 4071 ἐλαύνοντα

128 4096 238 4147 καὶ
257 4096 557 4165 όδηγοῦντα
586 4102 725 4154 κατά
742 4102 982 4159 διάνοιαν
1004 4122 1020 4137 ’
1045 4107 1178 4176 φησὶ
1200 4107 1267 4173 γὰ
1279 4124 1329 4177 ρ,
1365 4109 1550 4178 Ἔγνω
1568 4111 1726 4176 βοῦς

128 4186 253 4240 τὸν
294 4189 695 4259 κτησάμενον,
736 4196 835 4247 καὶ
867 4196 1008 4264 ὄνος
1042 4197 1159 4265 τὴν
1184 4199 1423 4267 φάτνην
1472 4200 1578 4253 τοῦ
1615 4218 1721 4254 κυ-

118 4280 275 4349 ρίου
308 4281 513 4346 αὐτοῦ,
544 4283 794 4352 Ἰσραὴλ
820 4286 889 4340 δέ
914 4306 991 4357 με
1038 4290 1150 4342 οὐκ
1204 4288 1377 4359 ἔγνω.
1402 4290 1725 4361 ,Εὑξώμεοα

127 4371 326 4422 τοῖνυν
353 4370 604 4437 δέξασθαι
627 4376 826 4442 γνῶσιν
857 4379 1015 4443 Θεοῦ,
1051 4384 1145 4434 καὶ
1180 4384 1534 4454 πνευματικῷ
1578 4402 1709 4438 παι-

1816 1929 1949 1967 vcro
1982 1916 2153 1969 dixit:
2187 1916 2398 1981 Quoties
2441 1918 2581 1972 volui
2628 1936 2948 1991 congregare
2996 1922 3138 1991 filios
3186 1932 3321 1987 tuos,
3349 1932 3401 1977 et

1819 2005 2059 2060 noluistis
2078 2008 2158 2061 "2?
2178 2008 2366 2077 Itaque
2398 2025 2464 2063 ex
2486 2010 2590 2063 hoc
2623 2012 2938 2076 credamus,
2968 2013 3115 2082 quod
3152 2015 3268 2083 ipse
3297 2031 3399 2069 nus

1818 2108 2116 2167 congregat
2144 2116 2158 2166 ;
2187 2113 2216 2151 a
2256 2098 2417 2152 nobis
2452 2109 2636 2153 autem
2663 2102 2833 2155 solam
2870 2103 3107 2172 requirit
3139 2105 3397 2158 volunta-

1818 2198 1951 2244 tem.
1974 2188 2105 2254 Qua:
2133 2205 2266 2244 vero
2298 2191 2603 2246 voluntatis
2630 2192 2738 2248 erit
2765 2193 3067 2248 declaratio
3104 2196 3209 2249 nisi
3245 2196 3401 2250 labor

1818 2278 2199 2348 spontaneus?
2886 2280 2891 2283 ’

1887 2370 1979 2424 XI.
2018 2370 2492 2438 Quemadmodum
2543 2387 2692 2427 enim
2751 2374 2984 2439 ferrum,
3034 2375 3164 2429 dum
3228 2386 3398 2443 secat,

1820 2466 2045 2530 scindit,
2077 2474 2218 2529 arat,
2247 2467 2474 2535 plantat,
2504 2466 2680 2535 ipsum
2725 2466 2947 2535 quidem
2991 2477 3264 2536 quatenus
3295 2469 3398 2522 im-

1819 2557 2061 2627 pellitur,
2094 2556 2303 2625 aliquid
2337 2555 2610 2626 porrigit:
2644 2556 2787 2610 alius
2818 2567 2997 2611 tamen
3033 2566 3135 2623 est,
3159 2559 3251 2627 qui
3279 2554 3399 2613 mo-

1818 2657 1911 2703 vet
1947 2657 2002 2702 et
2025 2647 2196 2718 agitat
2224 2647 2458 2709 ferrum,
2487 2656 2544 2702 et
2573 2648 2666 2701 ubi
2688 2647 2854 2703 fuerit
2883 2649 3157 2713 attritum,
3191 2650 3401 2704 inllam-

1820 2750 1931 2794 mat
1970 2748 2137 2808 atque
2168 2746 2432 2805 renovat;
2474 2740 2554 2794 sic
2583 2755 2803 2810 quoque
2852 2741 3042 2806 homo,
3100 2743 3227 2797 licet
3272 2758 3401 2811 pre-

1824 2841 2008 2897 matur
2040 2840 2097 2885 et
2128 2832 2364 2895 laboret,
2400 2847 2639 2901 operans
2667 2832 2812 2901 quod
2845 2833 3051 2887 bonum
3082 2842 3188 2898 est,
3216 2834 3402 2888 Domi-

1819 2939 1929 2978 nus
1958 2934 2137 2977 tamen
2185 2923 2323 2977 clam
2367 2924 2420 2977 in
2474 2923 2595 2992 ipso
2647 2933 2927 2993 operatur,
2957 2934 3013 2978 et
3047 2924 3175 2978 dum
3211 2924 3401 2980 labore

1822 3015 2156 3085 defatigatur
2199 3023 2255 3068 et
2294 3015 2558 3069 atteritur
2594 3015 2707 3078 ille,
2750 3030 2845 3069 cor
2875 3017 3189 3070 consolatur
3237 3026 3401 3086 atque

1820 3116 2062 3173 recreat,
2090 3118 2148 3162 ut
2176 3123 2397 3177 quoque
2432 3108 2699 3176 prOpheta
2726 3107 2907 3176 inquit
2933 3125 2945 3159 :
2980 3108 3119 3161 Num
3145 3108 3401 3177 gloriabi—

1824 3210 1912 3254 tur
1951 3201 2147 3254 securis
2193 3200 2391 3269 absque
2437 3198 2751 3251 scindente?
2777 3209 2866 3251 aut
2892 3200 2944 3252 in
2972 3199 3138 3252 altum
3186 3199 3403 3254 tolletur

1821 3309 1971 3346 serra
2012 3294 2123 3347 sine
2155 3294 2392 3344 trahente
2410 3290 2453 3321 ⁵⁵
2478 3290 2501 3342 ?
2526 3289 2730 3342 Eodem
2762 3289 2929 3343 modo
2974 3306 3031 3344 se
3074 3307 3160 3345 res
3185 3307 3403 3362 quoque

1824 3384 1990 3439 habet
2019 3384 2075 3438 in
2105 3383 2507 3438 committenda
2538 3383 2682 3435 malo
2708 3399 2721 3435 :
2746 3382 2967 3451 quando
2998 3382 3163 3436 homo
3187 3384 3402 3437 obtem-

1822 3484 1998 3546 perat,
2016 3484 2072 3531 et
2094 3484 2407 3545 promptum
2427 3490 2485 3529 se
2512 3474 2759 3538 exhibet,
2788 3485 2900 3528 tum
2921 3490 3142 3544 quoque
3169 3475 3405 3531 Satanas

1823 3568 2055 3637 impellit
2082 3576 2138 3622 et
2168 3567 2388 3621 exacuit
2418 3567 2595 3631 illum,
2623 3567 2775 3621 velut
2826 3566 2966 3620 latro
2994 3582 3203 3621 ensem.
3235 3567 3404 3622 Ferro

1821 3669 2004 3716 autem
2058 3659 2486 3714 assimilavimus
2535 3674 2652 3721 cor,
2693 3657 2765 3711 ob
2811 3656 3147 3725 imperitiam
3203 3672 3389 3711 rerum

1822 3765 2203 3819 summamque
2256 3749 2541 3805 duritiem.
2589 3747 2828 3803 Tametsi
2870 3763 2982 3801 non
3032 3746 3265 3801 decebat
3298 3762 3402 3802 nos

1824 3845 2078 3913 ignorare
2127 3858 2275 3906 eum,
2329 3842 2423 3911 qui
2480 3841 2756 3912 gubernat
2815 3856 2941 3905 nos,
2988 3840 3143 3895 velut
3196 3839 3400 3895 ferrum

1823 3950 1987 3991 sensu
2043 3950 2239 3989 carens
2273 3932 2552 4003 (quoniam
2586 3933 2841 3987 celeriter
2868 3931 2936 3985 ab
2957 3931 3212 4001 agricolae
3234 3932 3404 3986 verbo

1823 4025 1891 4080 ad
1911 4024 2130 4078 malitiae
2151 4023 2544 4093 cogitationem
2575 4038 2682 4075 non
2715 4020 3033 4093 dilabimur)
3059 4038 3073 4086 ;
3099 4021 3195 4076 sed
3222 4022 3405 4091 potius

1823 4116 1992 4171 veluti
2038 4116 2141 4170 bos
2184 4124 2241 4170 et
2271 4114 2458 4168 asinus
2485 4129 2649 4167 nosse
2693 4111 2965 4167 debemus
2994 4127 3143 4175 eum,
3177 4113 3270 4181 qui
3306 4112 3407 4166 im-

1822 4208 1981 4279 pellit
2005 4215 2062 4262 et
2085 4206 2273 4277 dirigit
2296 4221 2395 4275 pro
2429 4205 2629 4259 mentis
2656 4204 2972 4274 agitatione.
3001 4203 3186 4271 lnquit
3211 4204 3359 4258 enim
3387 4222 3401 4258 :

1824 4297 2076 4368 Cognovit
2115 4298 2202 4350 bos
2247 4311 2593 4366 possessorem
2643 4311 2819 4358 suum,
2860 4303 2910 4347 et
2954 4296 3134 4348 asinus
3178 4310 3409 4364 prwsepe

1830 4391 1981 4461 131
1999 4390 2199 4446 domini
2240 4390 2363 4453 sui;
2394 4387 2564 4441 Israel
2592 4398 2769 4441 autem
2813 4404 2894 4441 me
2942 4404 3045 4442 non
3089 4388 3403 4459 cognovit".

127 4460 397 4531 δευθῆναι
432 4465 580 4536 νόμῳ
610 4468 690 4530 εἰς
730 4469 1068 4541 ὑπούργησιν
1090 4473 1198 4526 τῶν
1233 4476 1403 4545 ἁγίων
1450 4477 1613 4530 αὑτοῦ
1641 4479 1719 4530 ὲν-

1834 4460 2132 4537 Precemur
2163 4481 2331 4552 igitur
2360 4490 2420 4534 ut
2446 4496 2851 4550 consequamur
2896 4481 3261 4550 cognitionem
3284 4480 3403 4541 Dei,

128 4553 337 4616 τολῶν,
362 4556 676 4622 δοξάζοντες
699 4562 939 4633 Πατέρα,
973 4564 1069 4618 καὶ
1084 4566 1234 4634 Υῑὸν,
1264 4568 1361 4629 καὶ
1379 4569 1531 4643 ἅγιον
1556 4568 1719 4623 Πνεῦ-

1828 4583 1885 4630 et
1914 4573 1970 4628 in
1991 4574 2266 4645 spirituali
2293 4572 2617 4627 erudiamur
2640 4573 2779 4642 lege,
2807 4572 2876 4626 ad
2900 4572 3228 4642 obsequium
3285 4588 3409 4627 san-

132 4662 242 4713 μα,
275 4648 360 4710 εὶς
388 4648 511 4711 τοὺς
535 4649 759 4716 αἰῶνας.
798 4654 990 4726 Ἀμήν.

713 4870 954 4923 ΟΜΙΛΙΛ
985 4873 1121 4927 ΑΠ’.

1827 4674 2041 4720 ctorum
2094 4664 2478 4718 mandatorum
2507 4665 2645 4734 ejus,
2674 4663 3044 4733 gloriﬁcantes
3072 4664 3310 4726 Patrem,
3352 4673 3409 4719 et

1831 4753 2029 4816 Filium
2050 4762 2106 4809 et
2136 4752 2404 4831 Spiritum
2440 4761 2720 4815 sanctum,
2748 4750 2803 4806 in
2829 4751 3049 4805 saecula.
3078 4751 3273 4805 Amen.

2306 4881 2593 4937 HOMILIA
2637 4880 2925 4939 XXXVIII.

127 4954 398 5043 Πολίιγξς
426 4957 725 5040 ἀκριϐείας
752 4959 1387 5043 θεαὶ-συνέσειως-χρεία
1423 4966 1617 5043 ἐστὶν,

1830 4974 2093 5036 Accurato
2122 4974 2326 5043 judicio
2358 4983 2526 5043 ﬁatque
2572 4973 2842 5027 intellectu
2865 4988 2993 5041 opus
3016 4980 3092 5025 est
3127 4972 3182 5024 in
3215 4971 3411 5043 discer-

214 5024 300 5105 τῷ
327 5025 643 5105 δοκιμᾴσαι
672 5029 814 5105 τοὺς
838 5024 1727 5105 ἀληθινοὺς’Χριστιανοὺς,’καὶ

210 5097 382 5161 τίνες
408 5097 629 5151 ἐκεῖνοί
656 5100 836 5153 εἰσιν.

216 5212 301 5263 A'.
330 5210 519 5263 Πολλοὶ
548 5211 743 5266 δίκαιοι
771 5214 1081 5283 φαινόμενοι
1103 5217 1411 5285 νομίζονται
1439 5215 1729 5293 εἶναιΧρι-

128 5304 382 5361 στιανοὶ,
415 5304 673 5371 τεχνιτῶν
701 5305 757 5358 δέ
789 5306 904 5358 ἐστι
936 5308 1028 5358 καὶ
1063 5312 1480 5379 πεπειραμένων
1499 5313 1726 5383 δοκιμά-

132 5408 261 5451 σαι,
291 5392 343 5443 εἰ
382 5391 597 5463 ἀληθῶς
625 5394 674 5447 οἱ
718 5394 947 5447 τοιοῦτοι
979 5397 1158 5465 έχουσι
1186 5398 1249 5451 τὸ
1285 5400 1465 5468 σίγνον
1505 5403 1600 5455 καὶ
1629 5404 1729 5474 τὴν

133 5483 341 5535 εἰκόνα
372 5484 465 5536 τοῦ
517 5484 801 5553 βασιλέως.
853 5488 1065 5557 Μήπως
1094 5489 1202 5560 ἄρα
1236 5494 1725 5563 παρακεχάρακται

128 5574 411 5645 τεχνιτῶν
462 5577 620 5647 ἔργα,
666 5578 763 5631 καὶ
821 5578 1162 5650 θαυμάζουσι
1214 5585 1453 5653 τεχνῖται
1503 5587 1596 5640 καὶ
1629 5586 1725 5656 ψέ-

259 5754 311 5792 ”
341 5754 386 5819 ll
412 5756 536 5821 Cor.
572 5776 631 5827 ιι,
658 5760 755 5827 16;
780 5761 938 5816 Rom.
972 5777 1046 5823 ιιι,
1074 5764 1162 5818 54.
1238 5762 1284 5796 ⁸⁵
1322 5762 1455 5818 Luc.
1485 5780 1597 5831 xm,
1641 5764 1707 5819 31

1824 5765 1979 5825 lattlt.
2015 5782 2127 5832 xm,
2165 5764 2251 5825 '57.

1964 5041 2147 5098 nendis
2171 5046 2307 5098 veris
2336 5041 2673 5107 Christianis,
2710 5051 2759 5096 et
2794 5045 3010 5112 quinam
3044 5044 3149 5101 sint
3182 5041 3281 5101 illi.

1902 5222 1945 5275 l.
1976 5220 2126 5274 Multi
2158 5219 2251 5289 qui
2282 5219 2414 5289 justi
2449 5226 2739 5287 apparent,
2777 5217 3056 5271 habentur
3099 5232 3200 5285 pro
3247 5214 3409 5270 Chri-

1838 5314 2033 5369 stianis
2056 5332 2068 5367 :
2097 5328 2289 5367 verum
2316 5312 2592 5366 artiﬁcum
2627 5319 2711 5365 est
2739 5319 2796 5366 et
2818 5310 3119 5381 peritorum
3154 5310 3408 5379 probare,

1836 5419 1968 5457 num
2020 5403 2154 5456 tales
2202 5417 2393 5455 revera
2442 5400 2680 5454 habeant
2740 5400 2959 5469 signum
3011 5409 3068 5453 et
3119 5398 3409 5468 imaginem

1834 5496 1979 5565 regis
2005 5532 2021 5557 ,
2051 5510 2119 5546 an
2168 5491 2399 5546 forsitan
2444 5491 2756 5545 adulterino
2794 5491 3063 5560 impresso
3092 5490 3247 5558 signo
3277 5502 3409 5541 cusa

1832 5588 1944 5643 sint
1993 5584 2273 5641 artiﬁcum
2328 5600 2520 5656 opera,
2567 5598 2637 5638 an
2682 5583 3028 5638 admirentur
3056 5580 3317 5648 artiﬁces,
3351 5586 3412 5635 et

2363 5766 2411 5799 ⁸⁸
2442 5765 2541 5820 lsa.
2577 5780 2633 5829 ιι,
2663 5763 2746 5818 15.
2821 5763 2870 5797 ⁸⁸
2902 5761 3003 5818 Isa.
3036 5776 3073 5825 ι,
3098 5758 3152 5813 2.
