3966 6520
592 293 696 355 759

1819 300 1881 359 S.
1922 300 2161 358 MACAF

2284 298 2607 358 IEGYPTII
3740 297 3823 358 τῦθ

594 402 1022 472 reprehendant.
1064 406 1121 461 Si
1154 422 1285 461 vero
1317 406 1595 462 defuerint
1641 408 1899 467 artifices.
1940 425 2050 462 non
2077 426 2161 479 p0-

2273 427 2480 479 γουσιν.
2527 411 2652 463 Ἐὰν
2677 410 2734 463 δέ
2764 411 2839 480 μὴ
2869 404 2972 463 ὦσι
3002 412 3263 480 τεχνῖται,
3317 411 3380 461 οὐ
3411 408 3668 460 δύνανται
3709 408 3830 461 δοκι-

593 503 779 547 terunt
819 495 1041 563 probari
1094 496 1270 553 dolosi
1321 497 1717 551 fabricatores:
1752 499 2009 567 quoniam
2062 500 2165 569 ipsi

593 601 811 654 quoque
836 594 1035 655 gerunt
1063 584 1312 639 habitum
1338 602 1554 650 eorum,
1604 586 1697 655 qui
1737 588 2036 641 solitariam
2088 589 2168 640 vi-

594 686 702 731 tam
740 689 907 747 agunt
956 688 1050 732 aut
1078 679 1537 733 Christianorum.
1571 679 1788 733 Etenim
1821 680 2166 749 pseudoapo-

594 771 718 822 stoli
753 786 850 838 pro
880 768 1099 823 Christo
1128 770 1499 838 patiebantur,
1527 778 1582 824 et
1633 770 1735 839 ipsi
1765 771 2168 825 annuntiabant

590 876 819 931 regnum
874 862 1158 915 caelorum.
1214 862 1559 931 Quapropter
1612 862 1791 931 inquit
1832 863 2163 932 Apostolus:

591 950 655 1004 In
693 951 937 1020 periculis
966 954 1242 1021 copiosius,
1272 955 1325 1006 in
1360 954 1720 1024 afﬂictionibus
1749 972 1911 1024 supra
1935 956 2164 1020 modum,

590 1043 643 1095 in
666 1044 956 1096 carceribus
1008 1045 1365 1099 abundantius
1383 1047 1425 1080 "
1453 1064 1465 1098 :
1498 1047 1692 1101 volens
1753 1047 2064 1113 ostendere,
2110 1066 2167 1103 se

587 1134 764 1204 plura,
800 1151 961 1203 quam
995 1135 1119 1204 ipsi,
1152 1152 1369 1205 passum
1403 1153 1545 1191 esse.

659 1226 723 1279 ll.
758 1230 967 1280 Aurum
1003 1228 1162 1283 facile
1208 1230 1527 1297 reperitur;
1572 1232 1881 1301 margarita:
1932 1248 2065 1287 vero
2112 1244 2169 1287 et

587 1314 802 1385 lapides
864 1320 1117 1387 pretiosi,
1166 1321 1437 1385 commodi
1498 1322 1564 1375 ad
1625 1322 1877 1377 diadema
1930 1325 2164 1394 regium,

589 1408 771 1461 rarius
819 1408 1214 1474 inveniuntur;
1254 1426 1632 1478 saepenumero
1662 1412 1810 1464 enim
1867 1428 1933 1467 ex
1966 1414 2035 1467 iis
2082 1428 2170 1467 re-

587 1500 794 1568 perias,
820 1500 912 1569 qui
950 1502 1130 1555 minus
1158 1500 1269 1554 sint
1323 1501 1504 1554 idonei
1553 1517 1566 1553 :
1619 1500 1696 1556 sic
1748 1517 1969 1569 quoque
2022 1503 2169 1556 inter

589 1591 963 1652 Christianos,
990 1593 1084 1661 qui
1114 1600 1578 1661 superstruuntur
1612 1607 1829 1646 corona:
1855 1592 2081 1659 Christi,
2109 1604 2167 1648 ut

588 1680 751 1733 socia:
806 1690 1119 1734 sanctorum
1184 1680 1315 1733 fiant
1366 1680 1563 1733 animae
1620 1680 1743 1733 illa.
1778 1680 1962 1735 Gloria
1996 1682 2067 1735 sit
2092 1683 2163 1746 ei,

2278 501 2449 571 μάσαι
2481 501 2609 564 τοὺς
2639 500 2846 565 δολίους
2871 501 3128 571 ἐργάτας,
3170 499 3360 568 ἐπειδὴ
3410 497 3509 549 καὶ
3535 498 3692 549 αὐτοὶ
3736 502 3835 549 ἐπι-

2276 594 2531 663 φέρονται
2560 594 2741 663 σχῆμα
2779 593 3142 663 μοναζὸντων,
3178 595 3297 662 ἦτοι
3338 590 3715 660 Χριστιανῶν.
3745 593 3833 641 Καὶ

2276 687 2382 754 γὰρ
2406 687 2455 737 οί
2486 685 2904 753 ψευδαπόστολοι
2926 686 3162 753 ἔπασχον
3187 684 3328 751 ὑπὲρ
3343 683 3436 735 τοῦ
3475 683 3735 753 Χριστοῦ,
3756 684 3834 732 ni

2276 775 2431 826 αὐτοὶ
2460 773 2875 842 εὐηγγελίζοντο
2918 772 3194 841 βασιλείαν
3244 770 3513 840 οὐρανῶν.
3554 769 3658 820 Διὰ
3700 768 3833 819 τοῦτο

2275 864 2421 931 λέγει
2461 866 2488 915 ὁ
2532 862 2872 926 Ἀπόστολος,
2916 864 3018 916 Ἐν
3048 860 3355 925 κινδύνοις
3392 859 3832 927 περισσοτέρως,

2275 955 2345 1006 ἐν
2382 956 2667 1021 θλίψεσιν
2686 956 3175 1022 ὑπερϐαλλόντως
3190 992 3205 1017 ,
3238 953 3307 1006 ἐν
3327 951 3634 1021 φυλακαῖς
3655 968 3835 1018 περισ-

2234 1064 2235 1067 ‘
2276 1044 2558 1112 σοτέρως,
2582 1045 2751 1099 θέλων
2781 1046 2953 1112 δεῖξαι
2992 1047 3075 1099 ὅτι
3104 1045 3290 1098 πλεῖον
3315 1042 3499 1096 αὐτῶν
3525 1043 3716 1096 ἐπαθε.

2349 1221 2429 1276 B'.
2464 1222 2679 1291 Χρυσδς
2701 1219 2937 1290 εὐχερῶς
2966 1221 3299 1288 εὑρίσκεται’
3322 1220 3662 1290 μαργαρῖται

2275 1315 2412 1366 liis:
2466 1314 2639 1381 τίμιοι
2694 1310 3107 1381 προχωροῦντες
3157 1312 3235 1369 εἰς
3287 1310 3524 1377 διάδημα
3597 1310 3832 1377 βασιλέως

2278 1409 2514 1468 σπανίως
2567 1406 2940 1476 εὑρίσκονται·
2974 1404 3234 1467 πολλάκις
3268 1404 3375 1473 γὰρ
3422 1402 3485 1467 ἐξ
3526 1402 3707 1454 αὐτῶν
3752 1404 3833 1477 (μὲι

2276 1500 2622 1566 εὑρίσκοντα
2656 1496 3092 1567 προχωροῦντες.
3128 1495 3315 1557 Οῦτως
3343 1496 3437 1548 καὶ
3461 1498 3512 1545 οἱ
3537 1495 3835 1563 Χριστιανεὶ

2275 1589 2750 1658 ἐποικοδομοῦντες
2790 1589 2867 1652 είς
2900 1588 2992 1640 τὸν
3043 1588 3301 1657 στέφανον
3338 1586 3434 1639 τοῦ
3477 1585 3735 1652 Χριστοῦ,
3762 1588 3835 1637 ἵνα

2276 1682 2525 1734 κοινωνοὶ
2557 1682 2822 1748 γένωνται
2850 1680 2959 1732 τῶν
2991 1679 3159 1746 ἁγίων
3180 1681 3236 1731 αἱ
3268 1680 3436 1748 ψυχαὶ
3466 1680 3693 1730 ἐκεῖναι.
3716 1679 3834 1739 Δόξα

591 1771 686 1840 qui
733 1787 906 1840 usque
938 1770 1077 1825 adeo
1110 1772 1306 1826 dilexit
1338 1772 1577 1825 animam
1616 1771 1777 1836 hanc,
1825 1780 1880 1827 et
1926 1789 2028 1843 pro
2081 1776 2161 1827 illa

2274 1776 2350 1843 τῷ
2374 1773 2546 1836 οὕτως
2579 1773 2924 1841 ἁγαπήσαντι
2964 1770 3063 1841 τὴν
3106 1770 3284 1841 ψυχὴν
3323 1770 3553 1839 ταύτην,
3590 1770 3686 1822 καὶ
3713 1770 3834 1837 ὑπὲρ

588 1876 783 1930 passus
831 1871 935 1929 est,
989 1873 1044 1917 et
1083 1864 1372 1917 suscitavit
1422 1880 1543 1918 eam
1593 1880 1623 1918 a
1661 1865 1918 1918 mortuis.
1965 1865 2167 1931 Quem-

588 1953 885 2007 admodum
943 1963 1127 2009 autem
1193 1956 1324 2009 Mosi
1380 1958 1631 2010 velamen
1696 1957 2083 2026 imponebatur
2111 1959 2165 2011 in

588 2046 802 2097 vultum
828 2046 893 2110 ⁸⁸,
927 2048 1054 2115 quia
1110 2063 1219 2102 non
1273 2056 1490 2117 poterat
1547 2047 1835 2101 intendere
1884 2047 1940 2100 in
1970 2048 2165 2102 faciem

588 2137 710 2205 ejus
738 2138 975 2206 populus
999 2155 1013 2204 ;
1052 2139 1133 2192 sic
1162 2154 1381 2208 quoque
1406 2154 1553 2192 nunc
1581 2138 1735 2192 cordi
1766 2147 1861 2191 tuo
1902 2139 2164 2209 injectum

588 2234 676 2279 est
705 2226 976 2290 velamen,
1005 2243 1073 2280 ne
1108 2227 1418 2296 conspicias
1444 2227 1671 2296 gloriam
1727 2227 1846 2282 Dei.
1899 2228 2001 2283 Ubi
2035 2244 2167 2281 vero

589 2317 724 2372 illud
755 2319 1209 2383 fueritablatum,
1242 2330 1354 2373 tum
1388 2330 1615 2391 apparet
1656 2329 1713 2376 et
1765 2320 2079 2375 manifestat
2110 2337 2166 2375 se

589 2409 768 2479 ipsum
796 2410 1147 2474 Christianis,
1180 2421 1237 2465 et
1264 2412 1622 2482 diligentibus
1669 2427 1749 2475 se,
1780 2419 1837 2466 et
1882 2411 2165 2481 inquiren-

588 2504 737 2558 tibus
769 2505 820 2558 in
849 2504 1100 2569 veritate,
1125 2516 1185 2559 ut
1214 2506 1322 2559 ait:
1352 2504 1705 2573 Manifestabo
1748 2504 1795 2556 ei
1843 2519 1923 2556 me
1969 2505 2163 2574 ipsum,

588 2606 636 2649 et
669 2599 993 2651 mansionem
1019 2598 1161 2668 apud
1184 2615 1297 2650 eum
1322 2598 1518 2667 faciam
1535 2599 1600 2651 δ’.

656 2795 747 2849 Ill.
793 2794 1207 2850 Contendamus
1253 2809 1387 2860 ergo
1442 2794 1714 2849 accedere
1766 2792 1835 2847 ad
1883 2792 2164 2848 Christum

582 2886 859 2942 mendacii
882 2896 1164 2955 expertem
1207 2895 1268 2940 ut
1305 2901 1715 2955 consequamur
1741 2870 2163 2955 promissionem

581 2989 642 3035 et
688 2994 889 3035 novum
940 2986 1352 3040 testamentum,
1385 2977 1530 3047 quod
1566 2980 1854 3033 renovavit
1901 2977 2168 3031 Dominus

582 3087 684 3141 per
712 3087 931 3126 crucem
970 3078 1031 3123 et
1058 3079 1312 3132 mortem,
1343 3069 1588 3123 effractis
1636 3069 1813 3138 portis
1854 3067 2074 3121 inferni
2110 3074 2165 3121 et

582 3161 828 3230 peccati;
888 3177 1011 3215 cum
1062 3160 1341 3215 eduxisset
1393 3160 1608 3214 animas
1662 3159 1875 3223 fideles,
1933 3159 2163 3213 donavit

578 3250 791 3306 eisdem
844 3250 1078 3304 interius
1129 3249 1498 3315 Paracletum,
1549 3257 1715 3319 atque
1763 3248 1982 3304 reduxit
2040 3248 2163 3303 illas

582 3342 641 3395 in
694 3356 921 3411 regnum
961 3355 1143 3394 suum.
1182 3339 1302 3395 Una
1335 3354 1468 3409 ergo
1505 3355 1631 3395 cum
1664 3340 1757 3394 illo
1800 3355 1902 3394 nos
1943 3352 2163 3409 quoque

582 3448 898 3503 regnemus,
926 3431 981 3485 in
1009 3432 1317 3487 Jerusalem
1340 3432 1563 3486 civitate
1585 3432 1725 3502 ejus,
1750 3431 1806 3485 in
1828 3431 2037 3486 caalesti
2060 3432 2163 3487 Ec-

580 3524 772 3587 clesia.
816 3525 873 3579 in
922 3524 1092 3579 choro
1147 3534 1467 3578 sanctorum
1516 3524 1858 3594 angelorum.
1896 3523 1999 3590 Qui
2030 3540 2161 3579 vero

579 3617 815 3670 fratrum
846 3616 1011 3687 longo
1041 3624 1284 3685 tempore
1320 3616 1609 3671 exercitati
1658 3627 1715 3670 et
1757 3617 1975 3685 probati
2007 3626 2158 3683 sunt,

580 3706 637 3761 bi
665 3716 893 3777 possunt
924 3708 1155 3761 rudibus
1181 3708 1463 3776 suppetias
1495 3706 1640 3762 ferre
1669 3715 1726 3761 et
1756 3707 2017 3777 compati.

648 3889 736 3943 IV.
764 3887 996 3954 Quidam
1021 3888 1168 3941 enim
1198 3887 1510 3942 munientes
1557 3902 1620 3942 se
1648 3886 1816 3957 ipsos,
1839 3897 1895 3943 et
1924 3903 1955 3942 a
1984 3890 2160 3960 gratia

576 3980 675 4035 Dei
702 3980 976 4050 imprimis
1002 3981 1214 4049 agitati,
1246 3980 1384 4034 adeo
1423 3978 1763 4035 sanctiﬁcata
1792 3981 2038 4035 membra
2062 3997 2160 4036 sua

576 4079 921 4140 repererunt,
952 4081 1012 4125 ut
1049 4071 1449 4137 existimarent,
1482 4087 1596 4125 non
1628 4071 1972 4143 contingere,
2008 4082 2070 4127 ut
2102 4074 2158 4128 in

576 4160 1061 4216 Christianismum
1093 4162 1251 4216 cadat
1278 4162 1593 4231 cupiditas;
1626 4162 1723 4216 sed
1755 4178 1852 4217 eos
1877 4164 2159 4233 possidere

576 4262 817 4307 mentem
845 4252 1086 4307 sobriam
1129 4263 1186 4307 et
1225 4262 1468 4318 castam;
1502 4262 1558 4307 et
1597 4254 1779 4322 quoad
1818 4256 2032 4325 reliqua
2077 4256 2162 4310 in-

578 4346 841 4400 teriorem
864 4344 1143 4397 hominem
1171 4344 1412 4413 pendere
1437 4362 1467 4399 a
1498 4345 1702 4399 divinis
1730 4355 1785 4399 et
1810 4348 2155 4403 caelestibus:

2268 1865 2436 1932 αὑτῆς
2484 1864 2707 1917 παθόντι
2737 1865 2830 1917 καὶ
2874 1864 3241 1935 ἁναστήσαντι
3291 1864 3461 1932 αὐτὴν
3506 1864 3574 1914 ἐκ
3614 1862 3833 1930 νεκρῶν.

2269 1955 2545 2024 Ὢσπερδὲ
2568 1956 2642 2025 τῷ
2662 1958 2883 2008 Μωῦσεῖ
2902 1956 3167 2025 κάλυμμα
3192 1955 3475 2007 ἐπετίθετο
3507 1955 3589 2017 είς
3604 1953 3665 2004 τὸ
3688 1956 3836 2021 πράσα

2268 2063 2437 2110 ωπον,
2485 2046 2620 2116 πρὸς
2649 2047 2709 2099 τὸ
2755 2047 3109 2116 μὴδύνασθαι
3150 2047 3438 2117 προσέχειν
3460 2044 3540 2113 τῷ
3578 2046 3835 2114 προσώπῳ

2268 2137 2434 2190 αὑτοῦ
2466 2140 2557 2189 τὸν
2604 2138 2731 2190 λαόν
2753 2157 2767 2170 ·
2798 2139 2941 2191 οὕτω
2970 2140 3065 2191 καὶ
3102 2138 3197 2190 νῦν
3226 2139 3318 2190 ἐπὶ
3365 2138 3465 2206 τὴν
3495 2137 3726 2207 καρδίαν
3756 2153 3833 2187 σου

2268 2232 2442 2282 κεῖται
2478 2230 2741 2299 κάλυμμα
2772 2231 2907 2298 πρὸς
2929 2230 2989 2282 τὸ
3021 2230 3095 2300 μὴ
3147 2230 3365 2299 βλέπειν
3412 2229 3513 2299 τὴν
3559 2230 3721 2292 δόξαν
3756 2227 3833 2280 τοῦ

2267 2322 2425 2374 Θεοῦ.
2468 2323 2637 2375 ’Ὁταν
2666 2323 2721 2374 δὲ
2765 2322 3083 2391 περιαιρεθῇ
3124 2321 3302 2385 τοῦτο,
3337 2322 3459 2374 τότε
3502 2321 3835 2389 ἐπιφαίνεται

2270 2413 2363 2464 καὶ
2387 2412 2677 2481 ἐμφανίζει
2709 2413 2898 2464 ἑαυτὸν
2924 2414 3037 2474 τοῖς
3068 2412 3438 2481 Χριστιανοῑς,
3467 2413 3565 2464 καὶ
3590 2414 3701 2473 τοῖς
3724 2414 3837 2479 ἁγαο

2267 2502 2441 2555 πῶσιν
2474 2503 2655 2565 αὑτὸν,
2700 2502 2794 2555 καὶ
2827 2501 3149 2569 ἐκζητοῦσιν
3181 2503 3237 2554 ἐν
3267 2502 3517 2573 ἀληθεία,
3557 2502 3740 2559 καθὼς
3762 2503 3837 2555 λέ-

2266 2611 2371 2661 γει.
2403 2595 2483 2646 ὅτι
2515 2595 2850 2662 Ἐμφανίσω
2871 2593 3029 2659 αὐτῷ
3058 2594 3339 2662 ἐμαυτὸν,
3370 2595 3464 2647 καί
3490 2594 3693 2663 μονὴν
3716 2596 3837 2660 παρ’

2267 2684 2427 2750 αὐτῷ
2459 2684 2711 2749 ποιήσω.

2335 2794 2407 2849 Γ.
2431 2795 2827 2864 Σπουδάσωμεν
2843 2795 2935 2848 οῦν
2954 2796 3267 2866 προσελθεῖν
3278 2797 3355 2866 τῷ
3368 2797 3596 2867 ἀψευδεῖ
3609 2800 3651 2851 Χ
3661 2798 3835 2866 ριστῷ,

2269 2888 2355 2940 ἴνα
2385 2888 2642 2957 τύχωμεν
2687 2889 2785 2958 τῆς
2806 2889 3159 2955 ἐπαγγελίας,
3183 2890 3279 2943 καὶ
3310 2890 3415 2959 τῆς
3442 2891 3641 2959 καινῆς
3668 2890 3839 2958 διαθῇ-

2272 2994 2395 3044 κης,
2421 2979 2487 3048 ἢν
2519 2978 2858 3031 ἁνεκαίνισεν
2889 2979 2917 3030 ὀ
2938 2976 3144 3049 Κύριος
3176 2977 3263 3031 διὰ
3293 2978 3530 3049 σταυροῦ
3561 2982 3656 3034 καί
3688 2980 3838 3033 θανά-

2267 3083 2359 3118 του
2388 3065 2689 3137 διαρρήξας
2714 3065 2889 3129 πύλας
2922 3065 3075 3137 ᾅδου,
3106 3066 3202 3119 καὶ
3250 3068 3529 3137 ἁμαρτίας
3550 3083 3569 3098 ο
3616 3070 3711 3120 καὶ
3766 3067 3840 3130 ii-

2266 3156 2487 3224 αγαγὼν
2510 3158 2606 3220 τὰς
2636 3157 2833 3221 πιστάς
2880 3156 3084 3227 ψυχὰς,
3133 3157 3229 3212 καὶ
3284 3159 3407 3221 δοὺς
3466 3159 3659 3223 αὐταῖς
3706 3160 3838 3211 ἔνδον

2265 3250 2643 3321 παράκλητον,
2666 3250 2761 3302 καὶ
2789 3250 3087 3318 ἀνενέγκας
3119 3252 3199 3313 είς
3219 3250 3321 3315 τὴν
3352 3250 3634 3320 βασιλείαν
3662 3250 3835 3304 αὐτοὶ

2264 3341 2799 3412 Συμὸασιλεύσωμεν
2819 3341 2911 3395 οῦν
2932 3342 3083 3413 αὑτῷ
3113 3342 3208 3395 καὶ
3235 3344 3395 3412 ἡμεῖς
3425 3344 3508 3406 είς
3531 3342 3631 3412 τὴν
3658 3342 3839 3410 Ἰερου-

2263 3431 2444 3503 σαλὴμ
2474 3430 2573 3503 τὴν
2612 3432 2769 3484 πόλιν
2789 3430 2981 3493 αὑτοῦ.
3010 3435 3088 3495 είς
3116 3433 3213 3502 τὴν
3245 3434 3575 3500 ἐπουράνιον
3618 3433 3837 3497 Ἐκκληο

2264 3526 2409 3587 σίαν,
2457 3526 2537 3587 είς
2582 3523 2672 3577 τὸν
2704 3523 2863 3594 χορὸν
2896 3524 3003 3576 τῶν
3038 3523 3212 3592 ἁγίων
3252 3524 3523 3591 ἀγγέλων.
3563 3526 3627 3576 ut
3670 3524 3726 3575 δὲ
3759 3525 3838 3574 ἐττί

2264 3616 2435 3670 πολὺν
2466 3615 2657 3685 χρόνον
2688 3616 3091 3685 γυμνασθέντες
3116 3616 3338 3683 ἀδελφοί
3372 3618 3468 3667 καὶ
3497 3614 3839 3685 δοκιμασθέν-

2260 3723 2374 3769 τες,
2413 3700 2554 3759 οὗτοι
2587 3703 2838 3759 δύνανται
2871 3708 2983 3770 τοῖς
3017 3707 3268 3777 ἀπείροις
3290 3706 3581 3776 βοηθῆσαι,
3602 3710 3693 3759 καὶ
3712 3724 3835 3772 συμ-

2262 3796 2525 3866 παθῆσαι.

2332 3891 2405 3944 Δ’.
2438 3888 2596 3953 Τινὲς
2617 3888 2726 3959 γὰρ
2745 3887 3177 3956 ἀσφαλισάμενοι
3204 3887 3429 3948 ἑαυτοὺς
3457 3887 3553 3938 καὶ
3577 3888 3679 3938 ὖπὺ
3698 3888 3836 3955 χάμ-

2260 3996 2350 4042 τος
2380 3977 2515 4031 Θεοῦ
2541 3977 2925 4047 ἐνεργηθὲντες
2965 3976 3240 4046 μεγάλως,
3273 3976 3449 4039 οὕτως
3484 3972 3643 4046 εὗρον
3665 3978 3728 4028 τά
3751 3976 3836 4044 μὲ-

2262 4070 2329 4139 λη
2362 4071 2540 4124 αὐτῶν
2586 4069 2922 4141 ήγιασμένα,
2968 4069 3108 4121 ὥστε
3151 4068 3469 4137 λογίζεσθαι
3514 4072 3725 4133 αὐτοὺς,
3758 4071 3833 4121 Ξτι

2262 4163 2323 4216 οὐ
2354 4162 2645 4232 συμϐαίνει
2683 4164 2761 4225 είς
2784 4162 3212 4232 Χριστιανισμδν
3248 4162 3501 4231 γίνεσθαι
3531 4164 3832 4231 ἐπιθυμίαν,

2262 4254 2398 4307 ἀλλά
2428 4254 2723 4324 κέκτηνται
2770 4252 2895 4306 νοῦν
2932 4253 3184 4325 σώφρονα
3217 4256 3313 4307 καὶ
3364 4255 3562 4323 ἁγνόν·
3612 4258 3702 4307 καὶ
3726 4254 3830 4306 ἔστι

2262 4343 2500 4397 λοιπδνδ
2556 4344 2665 4397 ἔσω
2706 4344 2993 4415 ἄνθρωπος
3034 4345 3307 4415 μετέωρος
3352 4348 3435 4409 είς
3491 4347 3560 4399 τά
3607 4347 3716 4399 θεῖα
3742 4350 3831 4396 καὶ

575 4447 639 4491 ιιι
682 4438 907 4491 omnino
934 4438 1316 4490 existimarent
1365 4438 1525 4491 talem
1575 4438 1687 4507 jam
1734 4438 1804 4493 ad
1854 4439 2159 4508 perfectum

2270 4437 2586 4507 ἐπουράνια,
2626 4436 2767 4489 ὥστε
2806 4438 3023 4500 πάντως
3058 4438 3276 4507 νομίσαι
3322 4438 3415 4490 τὸν
3460 4439 3697 4491 τοιοῦτον
3733 4439 3829 4505 ἢδη

574 4528 897 4596 pervenisse
922 4527 1173 4597 gradum,
1226 4528 1321 4596 qui
1346 4544 1471 4583 cum
1513 4538 1755 4598 putaret,
1794 4530 2069 4599 appulisse
2098 4548 2157 4587 se

568 4621 680 4687 jam
740 4619 809 4673 ad
867 4630 1089 4689 portum
1159 4621 1562 4689 tranquillum,
1626 4622 2044 4677 insurrexerunt
2105 4624 2157 4678 ei

571 4713 794 4775 fluctus,
827 4719 889 4764 ut
920 4710 1105 4765 denuo
1151 4712 1408 4766 inventus
1442 4713 1515 4766 sit
1560 4712 1615 4766 in
1649 4713 1830 4767 medio
1856 4714 2056 4783 pelagi,
2092 4714 2157 4768 il-

568 4802 773 4871 lucque
802 4802 1040 4866 delatus,
1063 4803 1156 4856 ubi
1190 4819 1361 4866 mare,
1386 4805 1585 4856 caelum
1616 4813 1672 4857 ct
1701 4820 1848 4858 mors
1865 4814 2153 4874 prompta:

570 4895 709 4950 adeo
733 4906 1022 4965 peccatum
1058 4896 1367 4964 ingressum
1412 4896 1745 4965 produxerat
1776 4913 1995 4951 omnem
2036 4914 2153 4951 ma-

569 4989 679 5043 lam
721 4988 1103 5057 cupiditatem.
1137 4988 1374 5041 Rursum
1399 5004 1531 5042 vero
1570 4989 1725 5054 tales,
1758 4989 1941 5058 aliqua
1978 4989 2151 5061 gratia

570 5079 720 5148 digni
760 5079 957 5144 habiti,
984 5080 1139 5149 132
1172 5088 1247 5144 et,
1280 5089 1341 5133 ut
1389 5081 1465 5133 ita
1506 5080 1707 5144 dicam,
1733 5097 1799 5135 ex
1831 5082 1943 5135 imo
1983 5082 2151 5154 maris

566 5170 840 5242 profundo
859 5172 1092 5241 guttulis
1111 5171 1443 5241 quibusdam
1470 5173 1713 5237 irrorati,
1733 5174 2019 5243 reperiunt
2045 5174 2151 5227 hoc

568 5263 749 5331 ipsum
783 5264 1209 5334 singulishoris,
1242 5265 1582 5335 singulisque
1612 5265 1809 5321 diebus
1836 5274 1943 5320 tam
1968 5266 2145 5320 admi-

566 5352 794 5407 randam
844 5354 1223 5423 operationem
1259 5355 1400 5421 fieri,
1432 5356 1609 5425 utqui
1642 5364 1903 5426 operetur
1930 5356 2002 5411 οι)
2032 5356 2152 5411 ino—

566 5442 833 5510 pinatam,
868 5444 1215 5515 peregrinam
1268 5454 1325 5499 et
1374 5445 1617 5500 divinam
1667 5445 2014 5502 eﬂ‘ectioncm
2050 5447 2151 5501 ob-

564 5539 853 5604 stupescat
887 5544 942 5591 et
981 5537 1306 5603 admiretur,
1354 5555 1461 5609 qua
1510 5540 1723 5595 ratione
1768 5540 2031 5610 deceptus
2061 5541 2154 5597 sit.

2266 4531 2564 4597 ἐφθακέναι
2591 4530 2673 4592 εἰς
2697 4530 2765 4583 τὰ
2787 4530 2965 4583 τέλεια
2995 4530 3186 4601 μέτρα.
3206 4532 3315 4583 Καὶ
3338 4531 3413 4591 ὡς
3437 4532 3654 4600 ἐνόμιζε
3678 4547 3833 4599 προσ-

2265 4622 2555 4692 ηγγικέναι
2586 4623 2686 4692 ἤδη
2724 4622 2802 4691 τῷ
2850 4622 3009 4692 εὑδίῳ
3040 4622 3244 4691 λιμένι,
3288 4623 3665 4692 ἐπανέστησαν
3692 4622 3831 4685 αὐτῷ

2264 4709 2551 4776 κλύδωνες,
2610 4709 2749 4763 ὥστε
2780 4711 2943 4763 πάλιν
2984 4711 3273 4779 εὑρεθῆναι
3321 4713 3400 4773 είς
3452 4712 3515 4764 τὸ
3563 4712 3707 4781 μέσον
3741 4710 3825 4760 τσῦ

2262 4803 2554 4870 πελάγους,
2580 4806 2674 4855 καὶ
2716 4802 3089 4873 είσενεχθῆναι
3132 4804 3264 4855 ὅπου
3303 4805 3337 4872 ἡ
3368 4803 3633 4867 θάλασσα,
3664 4804 3819 4869 οὖρα-

2266 4895 2374 4959 νὸς,
2428 4898 2521 4948 καὶ
2556 4896 2784 4958 θάνατός
2824 4899 2971 4948 ἐστιν
3003 4895 3238 4965 ἕτοιμος.
3284 4896 3475 4958 Οῦτως
3518 4898 3552 4966 ἡ
3599 4897 3829 4964 ἁμαρτία

2267 4987 2655 5041 ἐπεισελθοῦσα
2710 4987 3108 5057 κατειργάσατο
3163 4989 3345 5040 πᾶσαν
3408 4988 3695 5056 ἐπιθυμίαν
3737 5004 3831 5037 n-

2268 5082 2371 5150 κήν
2393 5096 2405 5108 ·
2439 5078 2594 5143 αὖθις
2617 5080 2673 5133 δέ
2705 5081 2751 5131 οί
2788 5078 3020 5130 τοιοῦτοι
3059 5078 3281 5147 χάριτός
3313 5095 3461 5139 τινος
3502 5078 3830 5140 ἀξιωθέντες,

2268 5176 2383 5236 καί,
2444 5172 2634 5241 ὥσπερ
2667 5172 2861 5233 εἰπεῖν,
2898 5170 3006 5222 ἀπὸ
3048 5171 3169 5221 ὅλου
3218 5170 3383 5239 βυθοῦ
3435 5170 3536 5239 τῆς
3572 5168 3833 5231 θαλάσσης

2256 5262 2470 5332 ψεκάδα
2495 5263 2618 5316 τινὰ
2646 5263 2953 5329 δεξάμενοι,
2989 5250 3489 5334 εὑρίσκουσιναύτδ
3518 5264 3675 5313 ἐκεῖνο
3712 5261 3829 5311 καθ’

2256 5354 2426 5425 ὤραν,
2462 5355 2557 5408 καὶ
2587 5354 2711 5407 καθ’
2738 5354 2951 5424 ἡμέραν
2974 5354 3242 5425 τοσαύτην
3268 5354 3706 5425 θαυματουργία-δ
3752 5370 3833 5417 τι-

2260 5450 2554 5519 γνομένην,
2578 5448 2719 5501 ὥστε
2752 5447 2842 5500 τὸν
2865 5448 3258 5517 ἐνεργούμενον
3298 5449 3389 5501 ἐπὶ
3428 5452 3493 5519 τῇ
3531 5447 3831 5517 παραδόξῳ.

2264 5541 2357 5593 καὶ
2396 5539 2521 5610 ξένῃ
2546 5540 2639 5593 καὶ
2667 5538 2825 5609 θεῖκῇ
2856 5538 3088 5607 ἐργασία
3120 5538 3450 5609 θαμόεῖσθαι
3482 5543 3570 5591 καί
3596 5539 3830 5608 ἐκπλῄτο

640 5707 685 5739 ’ν
725 5710 769 5765 ll
790 5710 915 5769 Cor.
946 5728 1019 5779 ιι,
1043 5714 1131 5769 23.
1209 5717 1253 5749 "
1276 5718 1447 5773 Exod.
1481 5737 1661 5787 xxxiv,
1685 5723 1773 5791 55,
1803 5723 1904 5790 55;
1943 5724 1985 5777 ll
2014 5723 2139 5779 Cor.
2170 5723 2358 5787 "1,15.
2436 5724 2479 5756 ⁵³
2512 5722 2665 5779 Joan.
2697 5738 2809 5781 xiv.
2843 5721 2934 5785 2i,
2965 5719 3056 5774 23.

3602 6510 3711 6520 ~———-I
3746 6510 3807 6520 ’——_
3832 6510 3881 6520 h-
