  <div class='ocr_page' id='page_1' title='image "/cluster/home/n/w/nwhite01/storage/ocr_20150623/34/hvd.32044019207760/393.png"; bbox 0 0 3966 6554; ppageno 0'>
   <div class='ocr_carea' id='block_1_1' title="bbox 579 334 688 397">
    <p class='ocr_par' dir='ltr' id='par_1_1' title="bbox 579 334 688 397">
     <span class='ocr_line' id='line_1_1' title="bbox 579 334 688 397; baseline 0.009 -1"><span class='ocrx_word' id='word_1_1' title='bbox 579 334 688 397; x_wconf 74' lang='grc'><strong>’183</strong></span> 
     </span>
    </p>
   </div>
   <div class='ocr_carea' id='block_1_2' title="bbox 1818 327 3785 396">
    <p class='ocr_par' dir='ltr' id='par_1_2' title="bbox 1818 327 3785 396">
     <span class='ocr_line' id='line_1_2' title="bbox 1818 327 3785 396; baseline 0.003 -6"><span class='ocrx_word' id='word_1_2' title='bbox 1818 329 1877 392; x_wconf 89' lang='lat' dir='ltr'><strong>S.</strong></span> <span class='ocrx_word' id='word_1_3' title='bbox 1906 328 2225 389; x_wconf 72' lang='lat' dir='ltr'><strong>MACARII</strong></span> <span class='ocrx_word' id='word_1_4' title='bbox 2264 327 2586 388; x_wconf 73' lang='lat' dir='ltr'><strong>IEGYPTII</strong></span> <span class='ocrx_word' id='word_1_5' title='bbox 3699 331 3785 396; x_wconf 66' lang='grc'><strong>761</strong></span> 
     </span>
    </p>
   </div>
   <div class='ocr_carea' id='block_1_3' title="bbox 579 433 2164 513">
    <p class='ocr_par' dir='ltr' id='par_1_3' title="bbox 579 439 2144 513">
     <span class='ocr_line' id='line_1_3' title="bbox 579 439 2144 513; baseline -0.003 -16"><span class='ocrx_word' id='word_1_6' title='bbox 579 456 695 498; x_wconf 80' lang='lat' dir='ltr'><strong>tum</strong></span> <span class='ocrx_word' id='word_1_7' title='bbox 722 442 792 499; x_wconf 86' lang='lat' dir='ltr'><strong>sit</strong></span> <span class='ocrx_word' id='word_1_8' title='bbox 823 441 1006 512; x_wconf 86' lang='lat' dir='ltr'><strong>potius</strong></span> <span class='ocrx_word' id='word_1_9' title='bbox 1032 451 1089 497; x_wconf 91' lang='lat' dir='ltr'><strong>et</strong></span> <span class='ocrx_word' id='word_1_10' title='bbox 1115 442 1353 513; x_wconf 91' lang='lat' dir='ltr'><strong>primum</strong></span> <span class='ocrx_word' id='word_1_11' title='bbox 1383 442 1489 497; x_wconf 87' lang='lat' dir='ltr'><strong>hoc</strong></span> <span class='ocrx_word' id='word_1_12' title='bbox 1521 441 1739 505; x_wconf 78' lang='lat' dir='ltr'><strong>scitote,</strong></span> <span class='ocrx_word' id='word_1_13' title='bbox 1766 440 1973 503; x_wconf 79' lang='lat' dir='ltr'><strong>dilecti,</strong></span> <span class='ocrx_word' id='word_1_14' title='bbox 1998 439 2144 508; x_wconf 87' lang='lat' dir='ltr'><strong>quod</strong></span> 
     </span>
    </p>
   </div>
   <div class='ocr_carea' id='block_1_4' title="bbox 2263 433 3792 513">
    <p class='ocr_par' dir='ltr' id='par_1_4' title="bbox 2263 433 3792 508">
     <span class='ocr_line' id='line_1_4' title="bbox 2263 433 3792 508; baseline 0.001 -17"><span class='ocrx_word' id='word_1_15' title='bbox 2263 439 2491 508; x_wconf 67' lang='lat' dir='ltr'><strong>:qdaupa</strong></span> <span class='ocrx_word' id='word_1_16' title='bbox 2530 434 2740 507; x_wconf 76' lang='grc' dir='ltr'>μεῖξον.</span> <span class='ocrx_word' id='word_1_17' title='bbox 2801 433 2900 488; x_wconf 81' lang='grc' dir='ltr'>καὶ</span> <span class='ocrx_word' id='word_1_18' title='bbox 2932 436 3149 507; x_wconf 85' lang='grc' dir='ltr'>πρῶτον</span> <span class='ocrx_word' id='word_1_19' title='bbox 3178 434 3459 506; x_wconf 85' lang='grc' dir='ltr'>τυγχάνει,</span> <span class='ocrx_word' id='word_1_20' title='bbox 3491 434 3638 489; x_wconf 81' lang='grc' dir='ltr'>τοῦτο</span> <span class='ocrx_word' id='word_1_21' title='bbox 3659 444 3792 506; x_wconf 54' lang='lat' dir='ltr'><strong>rurb-</strong></span> 
     </span>
    </p>
   </div>
   <div class='ocr_carea' id='block_1_5' title="bbox 581 531 2156 602">
    <p class='ocr_par' dir='ltr' id='par_1_5' title="bbox 581 531 2156 602">
     <span class='ocr_line' id='line_1_5' title="bbox 581 531 2156 602; baseline -0.003 -11"><span class='ocrx_word' id='word_1_22' title='bbox 581 541 725 591; x_wconf 81' lang='lat' dir='ltr'><strong>inter</strong></span> <span class='ocrx_word' id='word_1_23' title='bbox 757 551 815 590; x_wconf 88' lang='lat' dir='ltr'><strong>se</strong></span> <span class='ocrx_word' id='word_1_24' title='bbox 847 533 1114 590; x_wconf 77' lang='lat' dir='ltr'><strong>devincta:</strong></span> <span class='ocrx_word' id='word_1_25' title='bbox 1151 535 1262 589; x_wconf 89' lang='lat' dir='ltr'><strong>sint</strong></span> <span class='ocrx_word' id='word_1_26' title='bbox 1299 550 1490 589; x_wconf 91' lang='lat' dir='ltr'><strong>omnes</strong></span> <span class='ocrx_word' id='word_1_27' title='bbox 1529 535 1782 588; x_wconf 78' lang='lat' dir='ltr'><strong>virtutes.</strong></span> <span class='ocrx_word' id='word_1_28' title='bbox 1814 532 1969 602; x_wconf 80' lang='lat'><strong>133</strong></span> <span class='ocrx_word' id='word_1_29' title='bbox 1993 531 2156 586; x_wconf 80' lang='lat' dir='ltr'><strong>Velut</strong></span> 
     </span>
    </p>
   </div>
   <div class='ocr_carea' id='block_1_6' title="bbox 578 622 2155 698">
    <p class='ocr_par' dir='ltr' id='par_1_6' title="bbox 578 622 2155 698">
     <span class='ocr_line' id='line_1_6' title="bbox 578 622 2155 698; baseline -0.005 -14"><span class='ocrx_word' id='word_1_30' title='bbox 578 626 988 698; x_wconf 67' lang='lat' dir='ltr'><strong>enimquardam</strong></span> <span class='ocrx_word' id='word_1_31' title='bbox 1011 624 1318 695; x_wconf 89' lang='lat' dir='ltr'><strong>spiritualls</strong></span> <span class='ocrx_word' id='word_1_32' title='bbox 1335 635 1524 680; x_wconf 90' lang='lat' dir='ltr'><strong>catena</strong></span> <span class='ocrx_word' id='word_1_33' title='bbox 1541 639 1649 677; x_wconf 88' lang='lat' dir='ltr'><strong>una</strong></span> <span class='ocrx_word' id='word_1_34' title='bbox 1671 623 1738 678; x_wconf 91' lang='lat' dir='ltr'><strong>ab</strong></span> <span class='ocrx_word' id='word_1_35' title='bbox 1754 624 1927 677; x_wconf 91' lang='lat' dir='ltr'><strong>altera</strong></span> <span class='ocrx_word' id='word_1_36' title='bbox 1946 622 2155 691; x_wconf 88' lang='lat' dir='ltr'><strong>depen-</strong></span> 
     </span>
    </p>
   </div>
   <div class='ocr_carea' id='block_1_7' title="bbox 580 714 2155 790">
    <p class='ocr_par' dir='ltr' id='par_1_7' title="bbox 580 714 2155 790">
     <span class='ocr_line' id='line_1_7' title="bbox 580 714 2155 790; baseline -0.005 -14"><span class='ocrx_word' id='word_1_37' title='bbox 580 722 701 786; x_wconf 89' lang='lat' dir='ltr'><strong>det;</strong></span> <span class='ocrx_word' id='word_1_38' title='bbox 725 720 971 790; x_wconf 83' lang='lat' dir='ltr'><strong>precatio</strong></span> <span class='ocrx_word' id='word_1_39' title='bbox 987 735 1018 773; x_wconf 93' lang='lat' dir='ltr'><strong>a</strong></span> <span class='ocrx_word' id='word_1_40' title='bbox 1037 718 1351 783; x_wconf 85' lang='lat' dir='ltr'><strong>dilectione,</strong></span> <span class='ocrx_word' id='word_1_41' title='bbox 1369 717 1593 771; x_wconf 89' lang='lat' dir='ltr'><strong>dilectio</strong></span> <span class='ocrx_word' id='word_1_42' title='bbox 1613 732 1641 770; x_wconf 92' lang='lat' dir='ltr'><strong>a</strong></span> <span class='ocrx_word' id='word_1_43' title='bbox 1656 714 1873 786; x_wconf 85' lang='lat' dir='ltr'><strong>gaudio,</strong></span> <span class='ocrx_word' id='word_1_44' title='bbox 1893 715 2155 785; x_wconf 84' lang='lat' dir='ltr'><strong>gaudium</strong></span> 
     </span>
    </p>
   </div>
   <div class='ocr_carea' id='block_1_8' title="bbox 580 806 2154 873">
    <p class='ocr_par' dir='ltr' id='par_1_8' title="bbox 580 806 2154 873">
     <span class='ocr_line' id='line_1_8' title="bbox 580 806 2154 873; baseline -0.004 -7"><span class='ocrx_word' id='word_1_45' title='bbox 580 828 611 866; x_wconf 91' lang='lat' dir='ltr'><strong>a</strong></span> <span class='ocrx_word' id='word_1_46' title='bbox 644 811 1090 873; x_wconf 83' lang='lat' dir='ltr'><strong>mansuetudine,</strong></span> <span class='ocrx_word' id='word_1_47' title='bbox 1123 807 1488 864; x_wconf 85' lang='lat' dir='ltr'><strong>mansuetudo</strong></span> <span class='ocrx_word' id='word_1_48' title='bbox 1515 807 1583 862; x_wconf 94' lang='lat' dir='ltr'><strong>ab</strong></span> <span class='ocrx_word' id='word_1_49' title='bbox 1606 806 1940 870; x_wconf 87' lang='lat' dir='ltr'><strong>humilitate,</strong></span> <span class='ocrx_word' id='word_1_50' title='bbox 1972 806 2154 860; x_wconf 82' lang='lat' dir='ltr'><strong>humi-</strong></span> 
     </span>
    </p>
   </div>
   <div class='ocr_carea' id='block_1_9' title="bbox 581 897 2154 971">
    <p class='ocr_par' dir='ltr' id='par_1_9' title="bbox 581 897 2154 971">
     <span class='ocr_line' id='line_1_9' title="bbox 581 897 2154 971; baseline -0.004 -14"><span class='ocrx_word' id='word_1_51' title='bbox 581 902 711 958; x_wconf 89' lang='lat' dir='ltr'><strong>litas</strong></span> <span class='ocrx_word' id='word_1_52' title='bbox 754 904 823 957; x_wconf 89' lang='lat' dir='ltr'><strong>ab</strong></span> <span class='ocrx_word' id='word_1_53' title='bbox 856 902 1146 971; x_wconf 90' lang='lat' dir='ltr'><strong>obsequio,</strong></span> <span class='ocrx_word' id='word_1_54' title='bbox 1188 898 1515 970; x_wconf 89' lang='lat' dir='ltr'><strong>obsequium</strong></span> <span class='ocrx_word' id='word_1_55' title='bbox 1562 914 1594 953; x_wconf 91' lang='lat' dir='ltr'><strong>a</strong></span> <span class='ocrx_word' id='word_1_56' title='bbox 1641 914 1757 969; x_wconf 87' lang='lat' dir='ltr'><strong>spe,</strong></span> <span class='ocrx_word' id='word_1_57' title='bbox 1803 913 1930 969; x_wconf 83' lang='lat' dir='ltr'><strong>Spes</strong></span> <span class='ocrx_word' id='word_1_58' title='bbox 1964 914 1994 952; x_wconf 93' lang='lat' dir='ltr'><strong>a</strong></span> <span class='ocrx_word' id='word_1_59' title='bbox 2026 897 2154 962; x_wconf 89' lang='lat' dir='ltr'><strong>ﬁde,</strong></span> 
     </span>
    </p>
   </div>
   <div class='ocr_carea' id='block_1_10' title="bbox 585 990 2158 1061">
    <p class='ocr_par' dir='ltr' id='par_1_10' title="bbox 585 990 2158 1061">
     <span class='ocr_line' id='line_1_10' title="bbox 585 990 2158 1061; baseline -0.004 -12"><span class='ocrx_word' id='word_1_60' title='bbox 585 995 721 1050; x_wconf 89' lang='lat' dir='ltr'><strong>ﬁdes</strong></span> <span class='ocrx_word' id='word_1_61' title='bbox 750 995 818 1049; x_wconf 91' lang='lat' dir='ltr'><strong>ab</strong></span> <span class='ocrx_word' id='word_1_62' title='bbox 844 995 1059 1057; x_wconf 92' lang='lat' dir='ltr'><strong>auditu,</strong></span> <span class='ocrx_word' id='word_1_63' title='bbox 1087 993 1310 1049; x_wconf 89' lang='lat' dir='ltr'><strong>auditus</strong></span> <span class='ocrx_word' id='word_1_64' title='bbox 1336 1009 1367 1046; x_wconf 90' lang='lat' dir='ltr'><strong>a</strong></span> <span class='ocrx_word' id='word_1_65' title='bbox 1391 992 1765 1061; x_wconf 87' lang='lat' dir='ltr'><strong>simplicitate.</strong></span> <span class='ocrx_word' id='word_1_66' title='bbox 1794 990 2158 1057; x_wconf 86' lang='lat' dir='ltr'><strong>Quemadmo-</strong></span> 
     </span>
    </p>
   </div>
   <div class='ocr_carea' id='block_1_11' title="bbox 580 1081 2155 1154">
    <p class='ocr_par' dir='ltr' id='par_1_11' title="bbox 580 1081 2155 1154">
     <span class='ocr_line' id='line_1_11' title="bbox 580 1081 2155 1154; baseline -0.004 -12"><span class='ocrx_word' id='word_1_67' title='bbox 580 1085 713 1142; x_wconf 85' lang='lat' dir='ltr'><strong>dum</strong></span> <span class='ocrx_word' id='word_1_68' title='bbox 740 1086 906 1142; x_wconf 90' lang='lat' dir='ltr'><strong>etiam</strong></span> <span class='ocrx_word' id='word_1_69' title='bbox 938 1101 1006 1141; x_wconf 79' lang='lat' dir='ltr'><strong>ex</strong></span> <span class='ocrx_word' id='word_1_70' title='bbox 1037 1084 1264 1140; x_wconf 89' lang='lat' dir='ltr'><strong>adversa</strong></span> <span class='ocrx_word' id='word_1_71' title='bbox 1290 1092 1443 1154; x_wconf 88' lang='lat' dir='ltr'><strong>parte</strong></span> <span class='ocrx_word' id='word_1_72' title='bbox 1479 1084 1631 1147; x_wconf 89' lang='lat' dir='ltr'><strong>vitia,</strong></span> <span class='ocrx_word' id='word_1_73' title='bbox 1659 1098 1829 1137; x_wconf 89' lang='lat' dir='ltr'><strong>unum</strong></span> <span class='ocrx_word' id='word_1_74' title='bbox 1864 1081 1933 1136; x_wconf 91' lang='lat' dir='ltr'><strong>ab</strong></span> <span class='ocrx_word' id='word_1_75' title='bbox 1958 1081 2155 1145; x_wconf 85' lang='lat' dir='ltr'><strong>altero,</strong></span> 
     </span>
    </p>
   </div>
   <div class='ocr_carea' id='block_1_12' title="bbox 583 1172 2155 1248">
    <p class='ocr_par' dir='ltr' id='par_1_12' title="bbox 583 1172 2155 1248">
     <span class='ocr_line' id='line_1_12' title="bbox 583 1172 2155 1248; baseline -0.004 -15"><span class='ocrx_word' id='word_1_76' title='bbox 583 1176 928 1248; x_wconf 89' lang='lat' dir='ltr'><strong>dependent;</strong></span> <span class='ocrx_word' id='word_1_77' title='bbox 957 1176 1146 1231; x_wconf 89' lang='lat' dir='ltr'><strong>odium</strong></span> <span class='ocrx_word' id='word_1_78' title='bbox 1176 1175 1246 1230; x_wconf 92' lang='lat' dir='ltr'><strong>ab</strong></span> <span class='ocrx_word' id='word_1_79' title='bbox 1278 1176 1379 1241; x_wconf 90' lang='lat' dir='ltr'><strong>ira,</strong></span> <span class='ocrx_word' id='word_1_80' title='bbox 1410 1175 1493 1229; x_wconf 91' lang='lat' dir='ltr'><strong>ira</strong></span> <span class='ocrx_word' id='word_1_81' title='bbox 1522 1190 1552 1229; x_wconf 93' lang='lat' dir='ltr'><strong>a</strong></span> <span class='ocrx_word' id='word_1_82' title='bbox 1580 1173 1862 1244; x_wconf 83' lang='lat' dir='ltr'><strong>superbia,</strong></span> <span class='ocrx_word' id='word_1_83' title='bbox 1895 1172 2155 1243; x_wconf 86' lang='lat' dir='ltr'><strong>superbia</strong></span> 
     </span>
    </p>
   </div>
   <div class='ocr_carea' id='block_1_13' title="bbox 580 1263 2155 1339">
    <p class='ocr_par' dir='ltr' id='par_1_13' title="bbox 580 1263 2155 1339">
     <span class='ocr_line' id='line_1_13' title="bbox 580 1263 2155 1339; baseline -0.004 -16"><span class='ocrx_word' id='word_1_84' title='bbox 580 1284 613 1323; x_wconf 89' lang='lat' dir='ltr'><strong>a</strong></span> <span class='ocrx_word' id='word_1_85' title='bbox 656 1284 797 1323; x_wconf 85' lang='lat' dir='ltr'><strong>vana</strong></span> <span class='ocrx_word' id='word_1_86' title='bbox 838 1269 1035 1339; x_wconf 83' lang='lat' dir='ltr'><strong>gloria,</strong></span> <span class='ocrx_word' id='word_1_87' title='bbox 1097 1269 1261 1322; x_wconf 59' lang='lat' dir='ltr'><strong>vana&#39;</strong></span> <span class='ocrx_word' id='word_1_88' title='bbox 1299 1267 1469 1338; x_wconf 84' lang='lat' dir='ltr'><strong>gloria</strong></span> <span class='ocrx_word' id='word_1_89' title='bbox 1515 1266 1583 1321; x_wconf 90' lang='lat' dir='ltr'><strong>ab</strong></span> <span class='ocrx_word' id='word_1_90' title='bbox 1629 1266 1973 1329; x_wconf 75' lang='lat' dir='ltr'><strong>infidelitate,</strong></span> <span class='ocrx_word' id='word_1_91' title='bbox 2034 1263 2155 1317; x_wconf 88' lang='lat' dir='ltr'><strong>inﬁ-</strong></span> 
     </span>
    </p>
   </div>
   <div class='ocr_carea' id='block_1_14' title="bbox 580 1355 2158 1421">
    <p class='ocr_par' dir='ltr' id='par_1_14' title="bbox 580 1355 2158 1421">
     <span class='ocr_line' id='line_1_14' title="bbox 580 1355 2158 1421; baseline -0.005 -6"><span class='ocrx_word' id='word_1_92' title='bbox 580 1359 780 1415; x_wconf 87' lang='lat' dir='ltr'><strong>delitas</strong></span> <span class='ocrx_word' id='word_1_93' title='bbox 849 1376 880 1415; x_wconf 89' lang='lat' dir='ltr'><strong>a</strong></span> <span class='ocrx_word' id='word_1_94' title='bbox 940 1359 1144 1413; x_wconf 88' lang='lat' dir='ltr'><strong>duritie</strong></span> <span class='ocrx_word' id='word_1_95' title='bbox 1199 1359 1414 1421; x_wconf 89' lang='lat' dir='ltr'><strong>cordis,</strong></span> <span class='ocrx_word' id='word_1_96' title='bbox 1483 1356 1716 1411; x_wconf 88' lang='lat' dir='ltr'><strong>durities</strong></span> <span class='ocrx_word' id='word_1_97' title='bbox 1764 1355 1947 1409; x_wconf 87' lang='lat' dir='ltr'><strong>cordis</strong></span> <span class='ocrx_word' id='word_1_98' title='bbox 2003 1369 2158 1407; x_wconf 90' lang='lat' dir='ltr'><strong>ane-</strong></span> 
     </span>
    </p>
   </div>
   <div class='ocr_carea' id='block_1_15' title="bbox 582 1444 2161 1522">
    <p class='ocr_par' dir='ltr' id='par_1_15' title="bbox 582 1444 2161 1522">
     <span class='ocr_line' id='line_1_15' title="bbox 582 1444 2161 1522; baseline -0.006 -17"><span class='ocrx_word' id='word_1_99' title='bbox 582 1450 863 1522; x_wconf 87' lang='lat' dir='ltr'><strong>gligentia,</strong></span> <span class='ocrx_word' id='word_1_100' title='bbox 924 1450 1256 1520; x_wconf 81' lang='lat' dir='ltr'><strong>negligentia</strong></span> <span class='ocrx_word' id='word_1_101' title='bbox 1318 1465 1347 1502; x_wconf 89' lang='lat' dir='ltr'><strong>a</strong></span> <span class='ocrx_word' id='word_1_102' title='bbox 1389 1447 1632 1518; x_wconf 75' lang='lat' dir='ltr'><strong>pigritia,</strong></span> <span class='ocrx_word' id='word_1_103' title='bbox 1671 1445 1886 1516; x_wconf 86' lang='lat' dir='ltr'><strong>pigritia</strong></span> <span class='ocrx_word' id='word_1_104' title='bbox 1945 1444 2014 1497; x_wconf 93' lang='lat' dir='ltr'><strong>ab</strong></span> <span class='ocrx_word' id='word_1_105' title='bbox 2037 1459 2161 1497; x_wconf 88' lang='lat' dir='ltr'><strong>ace-</strong></span> 
     </span>
    </p>
   </div>
   <div class='ocr_carea' id='block_1_16' title="bbox 583 1537 2155 1609">
    <p class='ocr_par' dir='ltr' id='par_1_16' title="bbox 583 1537 2155 1609">
     <span class='ocr_line' id='line_1_16' title="bbox 583 1537 2155 1609; baseline -0.004 -14"><span class='ocrx_word' id='word_1_106' title='bbox 583 1539 696 1605; x_wconf 90' lang='lat' dir='ltr'><strong>dia,</strong></span> <span class='ocrx_word' id='word_1_107' title='bbox 723 1540 910 1596; x_wconf 88' lang='lat' dir='ltr'><strong>acedia</strong></span> <span class='ocrx_word' id='word_1_108' title='bbox 943 1541 1013 1595; x_wconf 94' lang='lat' dir='ltr'><strong>ab</strong></span> <span class='ocrx_word' id='word_1_109' title='bbox 1045 1540 1410 1609; x_wconf 84' lang='lat' dir='ltr'><strong>impatientia,</strong></span> <span class='ocrx_word' id='word_1_110' title='bbox 1437 1538 1774 1607; x_wconf 86' lang='lat' dir='ltr'><strong>impatientia</strong></span> <span class='ocrx_word' id='word_1_111' title='bbox 1798 1552 1828 1590; x_wconf 94' lang='lat' dir='ltr'><strong>a</strong></span> <span class='ocrx_word' id='word_1_112' title='bbox 1854 1537 2155 1604; x_wconf 88' lang='lat' dir='ltr'><strong>voluptate,</strong></span> 
     </span>
    </p>
   </div>
   <div class='ocr_carea' id='block_1_17' title="bbox 583 1625 2159 1700">
    <p class='ocr_par' dir='ltr' id='par_1_17' title="bbox 583 1625 2159 1700">
     <span class='ocr_line' id='line_1_17' title="bbox 583 1625 2159 1700; baseline -0.005 -14"><span class='ocrx_word' id='word_1_113' title='bbox 583 1642 642 1686; x_wconf 84' lang='lat' dir='ltr'><strong>et</strong></span> <span class='ocrx_word' id='word_1_114' title='bbox 689 1632 899 1700; x_wconf 90' lang='lat' dir='ltr'><strong>reliqua</strong></span> <span class='ocrx_word' id='word_1_115' title='bbox 953 1630 1199 1684; x_wconf 90' lang='lat' dir='ltr'><strong>membra</strong></span> <span class='ocrx_word' id='word_1_116' title='bbox 1246 1630 1505 1683; x_wconf 88' lang='lat' dir='ltr'><strong>vitiorum</strong></span> <span class='ocrx_word' id='word_1_117' title='bbox 1561 1628 1629 1681; x_wconf 91' lang='lat' dir='ltr'><strong>ab</strong></span> <span class='ocrx_word' id='word_1_118' title='bbox 1675 1627 1910 1680; x_wconf 86' lang='lat' dir='ltr'><strong>invicem</strong></span> <span class='ocrx_word' id='word_1_119' title='bbox 1953 1625 2159 1693; x_wconf 85' lang='lat' dir='ltr'><strong>depen-</strong></span> 
     </span>
    </p>
   </div>
   <div class='ocr_carea' id='block_1_18' title="bbox 539 1716 2160 1795">
    <p class='ocr_par' dir='ltr' id='par_1_18' title="bbox 539 1716 2160 1795">
     <span class='ocr_line' id='line_1_18' title="bbox 539 1716 2160 1795; baseline -0.004 -20"><span class='ocrx_word' id='word_1_120' title='bbox 539 1790 547 1795; x_wconf 26' lang='lat'>.</span> <span class='ocrx_word' id='word_1_121' title='bbox 584 1720 771 1776; x_wconf 87' lang='lat' dir='ltr'><strong>dentia</strong></span> <span class='ocrx_word' id='word_1_122' title='bbox 794 1722 906 1776; x_wconf 90' lang='lat' dir='ltr'><strong>:sic</strong></span> <span class='ocrx_word' id='word_1_123' title='bbox 936 1736 1154 1790; x_wconf 90' lang='lat' dir='ltr'><strong>quoque</strong></span> <span class='ocrx_word' id='word_1_124' title='bbox 1178 1719 1234 1773; x_wconf 92' lang='lat' dir='ltr'><strong>in</strong></span> <span class='ocrx_word' id='word_1_125' title='bbox 1262 1719 1405 1773; x_wconf 88' lang='lat' dir='ltr'><strong>bona</strong></span> <span class='ocrx_word' id='word_1_126' title='bbox 1433 1730 1587 1788; x_wconf 88' lang='lat' dir='ltr'><strong>parte</strong></span> <span class='ocrx_word' id='word_1_127' title='bbox 1609 1719 1678 1775; x_wconf 94' lang='lat' dir='ltr'><strong>ab</strong></span> <span class='ocrx_word' id='word_1_128' title='bbox 1700 1718 1933 1772; x_wconf 90' lang='lat' dir='ltr'><strong>invicem</strong></span> <span class='ocrx_word' id='word_1_129' title='bbox 1960 1716 2160 1786; x_wconf 88' lang='lat' dir='ltr'><strong>depen-</strong></span> 
     </span>
    </p>
   </div>
   <div class='ocr_carea' id='block_1_19' title="bbox 583 1812 1564 1882">
    <p class='ocr_par' dir='ltr' id='par_1_19' title="bbox 583 1812 1564 1882">
     <span class='ocr_line' id='line_1_19' title="bbox 583 1812 1564 1882; baseline 0 -16"><span class='ocrx_word' id='word_1_130' title='bbox 583 1813 737 1877; x_wconf 88' lang='lat' dir='ltr'><strong>dent,</strong></span> <span class='ocrx_word' id='word_1_131' title='bbox 770 1823 1121 1882; x_wconf 61' lang='lat' dir='ltr'><strong>etsuspensre</strong></span> <span class='ocrx_word' id='word_1_132' title='bbox 1154 1820 1281 1866; x_wconf 90' lang='lat' dir='ltr'><strong>sunt</strong></span> <span class='ocrx_word' id='word_1_133' title='bbox 1310 1812 1564 1866; x_wconf 85' lang='lat' dir='ltr'><strong>virtutes.</strong></span> 
     </span>
    </p>
   </div>
   <div class='ocr_carea' id='block_1_20' title="bbox 2255 524 3795 597">
    <p class='ocr_par' dir='ltr' id='par_1_20' title="bbox 2255 524 3795 597">
     <span class='ocr_line' id='line_1_20' title="bbox 2255 524 3795 597; baseline 0.001 -16"><span class='ocrx_word' id='word_1_134' title='bbox 2255 545 2436 591; x_wconf 86' lang='grc' dir='ltr'>σκετε,</span> <span class='ocrx_word' id='word_1_135' title='bbox 2466 527 2764 597; x_wconf 71' lang='grc' dir='ltr'>ἀγαπητοὶ,</span> <span class='ocrx_word' id='word_1_136' title='bbox 2799 526 2883 580; x_wconf 82' lang='grc' dir='ltr'>ὅτι</span> <span class='ocrx_word' id='word_1_137' title='bbox 2938 524 3185 597; x_wconf 84' lang='grc' dir='ltr'>ἀλλήλων</span> <span class='ocrx_word' id='word_1_138' title='bbox 3231 527 3531 580; x_wconf 78' lang='grc' dir='ltr'>ὲκδέδενται</span> <span class='ocrx_word' id='word_1_139' title='bbox 3558 530 3715 580; x_wconf 69' lang='grc' dir='ltr'>πᾶσαι</span> <span class='ocrx_word' id='word_1_140' title='bbox 3752 535 3795 583; x_wconf 76' lang='grc' dir='ltr'>αἱ</span> 
     </span>
    </p>
   </div>
   <div class='ocr_carea' id='block_1_21' title="bbox 2255 617 3797 689">
    <p class='ocr_par' dir='ltr' id='par_1_21' title="bbox 2255 617 3797 689">
     <span class='ocr_line' id='line_1_21' title="bbox 2255 617 3797 689; baseline 0.001 -18"><span class='ocrx_word' id='word_1_141' title='bbox 2255 617 2465 689; x_wconf 87' lang='grc' dir='ltr'>ἀρεταί.</span> <span class='ocrx_word' id='word_1_142' title='bbox 2514 617 2769 686; x_wconf 78' lang='grc' dir='ltr'>Ὠσπερεὶ</span> <span class='ocrx_word' id='word_1_143' title='bbox 2807 619 2916 689; x_wconf 88' lang='grc' dir='ltr'><strong>γάρ</strong></span> <span class='ocrx_word' id='word_1_144' title='bbox 2950 634 3035 681; x_wconf 87' lang='grc' dir='ltr'><strong>τις</strong></span> <span class='ocrx_word' id='word_1_145' title='bbox 3092 619 3441 688; x_wconf 79' lang='grc' dir='ltr'>πνευματικὴ</span> <span class='ocrx_word' id='word_1_146' title='bbox 3486 618 3687 683; x_wconf 70' lang='grc' dir='ltr'>ἅλυσις,</span> <span class='ocrx_word' id='word_1_147' title='bbox 3719 624 3797 689; x_wconf 75' lang='grc' dir='ltr'><strong>μία</strong></span> 
     </span>
    </p>
   </div>
   <div class='ocr_carea' id='block_1_22' title="bbox 2256 708 3799 781">
    <p class='ocr_par' dir='ltr' id='par_1_22' title="bbox 2256 708 3799 781">
     <span class='ocr_line' id='line_1_22' title="bbox 2256 708 3799 781; baseline 0.001 -19"><span class='ocrx_word' id='word_1_148' title='bbox 2256 709 2357 779; x_wconf 83' lang='grc' dir='ltr'>τῆς</span> <span class='ocrx_word' id='word_1_149' title='bbox 2386 711 2514 781; x_wconf 80' lang='grc' dir='ltr'>μιᾶς</span> <span class='ocrx_word' id='word_1_150' title='bbox 2534 708 2800 780; x_wconf 73' lang='grc' dir='ltr'><strong>ἤρτηνται</strong></span> <span class='ocrx_word' id='word_1_151' title='bbox 2827 726 2842 742; x_wconf 90' lang='grc'><strong>·</strong></span> <span class='ocrx_word' id='word_1_152' title='bbox 2873 711 2905 779; x_wconf 84' lang='grc' dir='ltr'><strong>ή</strong></span> <span class='ocrx_word' id='word_1_153' title='bbox 2928 709 3059 779; x_wconf 74' lang='grc' dir='ltr'><strong>εὐχὴ</strong></span> <span class='ocrx_word' id='word_1_154' title='bbox 3089 711 3200 764; x_wconf 79' lang='grc' dir='ltr'>ἀπὸ</span> <span class='ocrx_word' id='word_1_155' title='bbox 3227 711 3326 779; x_wconf 84' lang='grc' dir='ltr'>τῆς</span> <span class='ocrx_word' id='word_1_156' title='bbox 3361 710 3597 779; x_wconf 81' lang='grc' dir='ltr'>ἀγάπης.</span> <span class='ocrx_word' id='word_1_157' title='bbox 3622 712 3653 779; x_wconf 78' lang='grc' dir='ltr'><strong>ἡ</strong></span> <span class='ocrx_word' id='word_1_158' title='bbox 3684 714 3799 777; x_wconf 70' lang='grc' dir='ltr'>ἁγά-</span> 
     </span>
    </p>
   </div>
   <div class='ocr_carea' id='block_1_23' title="bbox 2259 799 3797 872">
    <p class='ocr_par' dir='ltr' id='par_1_23' title="bbox 2259 799 3797 872">
     <span class='ocr_line' id='line_1_23' title="bbox 2259 799 3797 872; baseline 0.008 -18"><span class='ocrx_word' id='word_1_159' title='bbox 2259 820 2333 871; x_wconf 88' lang='grc' dir='ltr'><strong>πη</strong></span> <span class='ocrx_word' id='word_1_160' title='bbox 2363 801 2471 855; x_wconf 78' lang='grc' dir='ltr'><strong>ἀπὸ</strong></span> <span class='ocrx_word' id='word_1_161' title='bbox 2503 802 2600 869; x_wconf 85' lang='grc' dir='ltr'>τῆς</span> <span class='ocrx_word' id='word_1_162' title='bbox 2634 802 2830 872; x_wconf 82' lang='grc' dir='ltr'>χαρᾶς,</span> <span class='ocrx_word' id='word_1_163' title='bbox 2874 802 2908 872; x_wconf 83' lang='grc' dir='ltr'><strong>ἡ</strong></span> <span class='ocrx_word' id='word_1_164' title='bbox 2954 802 3099 872; x_wconf 89' lang='grc' dir='ltr'>χαρά</span> <span class='ocrx_word' id='word_1_165' title='bbox 3147 799 3256 855; x_wconf 82' lang='grc' dir='ltr'>ἀπὸ</span> <span class='ocrx_word' id='word_1_166' title='bbox 3296 800 3395 872; x_wconf 78' lang='grc' dir='ltr'>τῆς</span> <span class='ocrx_word' id='word_1_167' title='bbox 3442 800 3797 871; x_wconf 67' lang='grc' dir='ltr'>πραότητοςνή</span> 
     </span>
    </p>
   </div>
   <div class='ocr_carea' id='block_1_24' title="bbox 2255 892 3800 962">
    <p class='ocr_par' dir='ltr' id='par_1_24' title="bbox 2255 892 3800 962">
     <span class='ocr_line' id='line_1_24' title="bbox 2255 892 3800 962; baseline 0.001 -17"><span class='ocrx_word' id='word_1_168' title='bbox 2255 893 2500 962; x_wconf 78' lang='grc' dir='ltr'>πραότης</span> <span class='ocrx_word' id='word_1_169' title='bbox 2544 892 2652 945; x_wconf 82' lang='grc' dir='ltr'>ἀπὸ</span> <span class='ocrx_word' id='word_1_170' title='bbox 2683 893 2783 961; x_wconf 83' lang='grc' dir='ltr'>τῆς</span> <span class='ocrx_word' id='word_1_171' title='bbox 2829 892 3251 957; x_wconf 78' lang='grc' dir='ltr'><strong>ταπεινώσεως,</strong></span> <span class='ocrx_word' id='word_1_172' title='bbox 3284 892 3318 962; x_wconf 78' lang='grc' dir='ltr'>ἡ</span> <span class='ocrx_word' id='word_1_173' title='bbox 3357 893 3677 956; x_wconf 74' lang='grc' dir='ltr'><strong>ταπείνωσις</strong></span> <span class='ocrx_word' id='word_1_174' title='bbox 3713 895 3800 947; x_wconf 58' lang='grc' dir='ltr'><strong>ἀπὸ</strong></span> 
     </span>
    </p>
   </div>
   <div class='ocr_carea' id='block_1_25' title="bbox 2255 982 3800 1054">
    <p class='ocr_par' dir='ltr' id='par_1_25' title="bbox 2255 982 3800 1054">
     <span class='ocr_line' id='line_1_25' title="bbox 2255 982 3800 1054; baseline 0 -18"><span class='ocrx_word' id='word_1_175' title='bbox 2255 985 2353 1052; x_wconf 82' lang='grc' dir='ltr'>τῆς</span> <span class='ocrx_word' id='word_1_176' title='bbox 2379 982 2675 1046; x_wconf 84' lang='grc' dir='ltr'>διακονίας,</span> <span class='ocrx_word' id='word_1_177' title='bbox 2716 985 2751 1053; x_wconf 86' lang='grc' dir='ltr'><strong>ή</strong></span> <span class='ocrx_word' id='word_1_178' title='bbox 2789 982 3034 1037; x_wconf 81' lang='grc' dir='ltr'><strong>διακονία</strong></span> <span class='ocrx_word' id='word_1_179' title='bbox 3066 984 3175 1037; x_wconf 80' lang='grc' dir='ltr'>ἀπὸ</span> <span class='ocrx_word' id='word_1_180' title='bbox 3210 985 3308 1054; x_wconf 85' lang='grc' dir='ltr'>τῆς</span> <span class='ocrx_word' id='word_1_181' title='bbox 3348 984 3581 1050; x_wconf 75' lang='grc' dir='ltr'>ἐλπίδος,</span> <span class='ocrx_word' id='word_1_182' title='bbox 3604 987 3637 1054; x_wconf 78' lang='grc' dir='ltr'>ἡ</span> <span class='ocrx_word' id='word_1_183' title='bbox 3675 984 3800 1048; x_wconf 58' lang='lat'><strong>£173.;</strong></span> 
     </span>
    </p>
   </div>
   <div class='ocr_carea' id='block_1_26' title="bbox 2257 1074 3802 1148">
    <p class='ocr_par' dir='ltr' id='par_1_26' title="bbox 2257 1074 3802 1148">
     <span class='ocr_line' id='line_1_26' title="bbox 2257 1074 3802 1148; baseline 0.003 -20"><span class='ocrx_word' id='word_1_184' title='bbox 2257 1075 2364 1129; x_wconf 84' lang='grc' dir='ltr'>ἀπὸ</span> <span class='ocrx_word' id='word_1_185' title='bbox 2392 1076 2489 1145; x_wconf 84' lang='grc' dir='ltr'>τῆς</span> <span class='ocrx_word' id='word_1_186' title='bbox 2519 1074 2775 1139; x_wconf 86' lang='grc' dir='ltr'>πίστεως,</span> <span class='ocrx_word' id='word_1_187' title='bbox 2804 1077 2838 1144; x_wconf 85' lang='grc' dir='ltr'>ὴ</span> <span class='ocrx_word' id='word_1_188' title='bbox 2872 1075 3055 1138; x_wconf 81' lang='grc' dir='ltr'><strong>πίστις</strong></span> <span class='ocrx_word' id='word_1_189' title='bbox 3084 1076 3193 1129; x_wconf 80' lang='grc' dir='ltr'><strong>ἀπὸ</strong></span> <span class='ocrx_word' id='word_1_190' title='bbox 3219 1076 3317 1146; x_wconf 78' lang='grc' dir='ltr'>τῆς</span> <span class='ocrx_word' id='word_1_191' title='bbox 3345 1078 3588 1147; x_wconf 80' lang='grc' dir='ltr'><strong>ὑπακοῆς</strong></span> <span class='ocrx_word' id='word_1_192' title='bbox 3615 1117 3630 1140; x_wconf 83' lang='grc'><strong>,</strong></span> <span class='ocrx_word' id='word_1_193' title='bbox 3665 1080 3698 1148; x_wconf 76' lang='grc' dir='ltr'><strong>ἡ</strong></span> <span class='ocrx_word' id='word_1_194' title='bbox 3720 1080 3802 1132; x_wconf 69' lang='grc' dir='ltr'><strong>ὕπ-</strong></span> 
     </span>
    </p>
   </div>
   <div class='ocr_carea' id='block_1_27' title="bbox 2260 1166 3801 1239">
    <p class='ocr_par' dir='ltr' id='par_1_27' title="bbox 2260 1166 3801 1239">
     <span class='ocr_line' id='line_1_27' title="bbox 2260 1166 3801 1239; baseline 0.002 -20"><span class='ocrx_word' id='word_1_195' title='bbox 2260 1167 2396 1237; x_wconf 83' lang='grc' dir='ltr'>ακοὴ</span> <span class='ocrx_word' id='word_1_196' title='bbox 2426 1166 2533 1220; x_wconf 73' lang='grc' dir='ltr'><strong>ἀπὸ</strong></span> <span class='ocrx_word' id='word_1_197' title='bbox 2564 1169 2662 1236; x_wconf 84' lang='grc' dir='ltr'>τῆς</span> <span class='ocrx_word' id='word_1_198' title='bbox 2694 1166 3240 1239; x_wconf 83' lang='grc' dir='ltr'>ἁπλότητος.Ὣσπερ</span> <span class='ocrx_word' id='word_1_199' title='bbox 3270 1170 3362 1221; x_wconf 71' lang='grc' dir='ltr'>καὶ</span> <span class='ocrx_word' id='word_1_200' title='bbox 3385 1169 3446 1221; x_wconf 78' lang='grc' dir='ltr'>τὸ</span> <span class='ocrx_word' id='word_1_201' title='bbox 3465 1168 3701 1223; x_wconf 75' lang='grc' dir='ltr'>ἐναντίον</span> <span class='ocrx_word' id='word_1_202' title='bbox 3726 1175 3801 1239; x_wconf 71' lang='grc' dir='ltr'><strong>μὲ-</strong></span> 
     </span>
    </p>
   </div>
   <div class='ocr_carea' id='block_1_28' title="bbox 2260 1258 3805 1331">
    <p class='ocr_par' dir='ltr' id='par_1_28' title="bbox 2260 1258 3805 1331">
     <span class='ocr_line' id='line_1_28' title="bbox 2260 1258 3805 1331; baseline 0.001 -18"><span class='ocrx_word' id='word_1_203' title='bbox 2260 1278 2352 1331; x_wconf 91' lang='grc' dir='ltr'><strong>ρος</strong></span> <span class='ocrx_word' id='word_1_204' title='bbox 2382 1260 2441 1313; x_wconf 82' lang='grc' dir='ltr'>ἓν</span> <span class='ocrx_word' id='word_1_205' title='bbox 2486 1260 2579 1328; x_wconf 78' lang='grc' dir='ltr'>ἀφ’</span> <span class='ocrx_word' id='word_1_206' title='bbox 2603 1260 2722 1322; x_wconf 77' lang='grc' dir='ltr'>ἐνὸς</span> <span class='ocrx_word' id='word_1_207' title='bbox 2754 1260 2825 1312; x_wconf 78' lang='grc' dir='ltr'>τὰ</span> <span class='ocrx_word' id='word_1_208' title='bbox 2859 1258 3007 1313; x_wconf 88' lang='grc' dir='ltr'><strong>κακά</strong></span> <span class='ocrx_word' id='word_1_209' title='bbox 3044 1258 3347 1312; x_wconf 79' lang='grc' dir='ltr'>ὲκδέδενται</span> <span class='ocrx_word' id='word_1_210' title='bbox 3371 1276 3385 1290; x_wconf 75' lang='grc' dir='ltr'><strong>ο</strong></span> <span class='ocrx_word' id='word_1_211' title='bbox 3422 1260 3481 1312; x_wconf 83' lang='grc' dir='ltr'>τὸ</span> <span class='ocrx_word' id='word_1_212' title='bbox 3527 1261 3683 1328; x_wconf 84' lang='grc' dir='ltr'>μῖσος</span> <span class='ocrx_word' id='word_1_213' title='bbox 3718 1264 3805 1314; x_wconf 70' lang='grc' dir='ltr'><strong>ἀπὸ</strong></span> 
     </span>
    </p>
   </div>
   <div class='ocr_carea' id='block_1_29' title="bbox 2257 1349 3806 1420">
    <p class='ocr_par' dir='ltr' id='par_1_29' title="bbox 2257 1349 3806 1420">
     <span class='ocr_line' id='line_1_29' title="bbox 2257 1349 3806 1420; baseline -0.001 -16"><span class='ocrx_word' id='word_1_214' title='bbox 2257 1349 2351 1404; x_wconf 81' lang='grc' dir='ltr'><strong>τοῦ</strong></span> <span class='ocrx_word' id='word_1_215' title='bbox 2386 1350 2581 1420; x_wconf 89' lang='grc' dir='ltr'>θυμοῦ,</span> <span class='ocrx_word' id='word_1_216' title='bbox 2620 1352 2648 1403; x_wconf 84' lang='grc' dir='ltr'>ὁ</span> <span class='ocrx_word' id='word_1_217' title='bbox 2685 1349 2852 1420; x_wconf 74' lang='grc' dir='ltr'>θυμὸς</span> <span class='ocrx_word' id='word_1_218' title='bbox 2895 1350 3005 1404; x_wconf 80' lang='grc' dir='ltr'>ἀπὸ</span> <span class='ocrx_word' id='word_1_219' title='bbox 3033 1351 3129 1420; x_wconf 81' lang='grc' dir='ltr'>τῆς</span> <span class='ocrx_word' id='word_1_220' title='bbox 3156 1350 3556 1420; x_wconf 74' lang='grc' dir='ltr'><strong>ὑπερηφανίας,</strong></span> <span class='ocrx_word' id='word_1_221' title='bbox 3599 1352 3631 1419; x_wconf 74' lang='grc' dir='ltr'>ἡ</span> <span class='ocrx_word' id='word_1_222' title='bbox 3662 1351 3806 1419; x_wconf 54' lang='grc' dir='ltr'>ὑαρο</span> 
     </span>
    </p>
   </div>
   <div class='ocr_carea' id='block_1_30' title="bbox 2259 1441 3809 1513">
    <p class='ocr_par' dir='ltr' id='par_1_30' title="bbox 2259 1441 3809 1513">
     <span class='ocr_line' id='line_1_30' title="bbox 2259 1441 3809 1513; baseline -0.001 -18"><span class='ocrx_word' id='word_1_223' title='bbox 2259 1442 2462 1513; x_wconf 85' lang='grc' dir='ltr'>ηφανία</span> <span class='ocrx_word' id='word_1_224' title='bbox 2492 1441 2600 1495; x_wconf 78' lang='grc' dir='ltr'>ἀπὸ</span> <span class='ocrx_word' id='word_1_225' title='bbox 2622 1442 2721 1511; x_wconf 76' lang='grc' dir='ltr'>τῆς</span> <span class='ocrx_word' id='word_1_226' title='bbox 2746 1442 3071 1509; x_wconf 80' lang='grc' dir='ltr'><strong>κενοδοξίας,</strong></span> <span class='ocrx_word' id='word_1_227' title='bbox 3100 1444 3133 1513; x_wconf 82' lang='grc' dir='ltr'><strong>ἡ</strong></span> <span class='ocrx_word' id='word_1_228' title='bbox 3161 1441 3433 1506; x_wconf 73' lang='grc' dir='ltr'>κενοδοξία</span> <span class='ocrx_word' id='word_1_229' title='bbox 3457 1442 3570 1497; x_wconf 77' lang='grc' dir='ltr'><strong>ἀπὸ</strong></span> <span class='ocrx_word' id='word_1_230' title='bbox 3591 1441 3685 1512; x_wconf 71' lang='grc' dir='ltr'>τῆς</span> <span class='ocrx_word' id='word_1_231' title='bbox 3706 1446 3809 1495; x_wconf 71' lang='grc' dir='ltr'>ἀπι-</span> 
     </span>
    </p>
   </div>
   <div class='ocr_carea' id='block_1_31' title="bbox 2261 1532 3807 1604">
    <p class='ocr_par' dir='ltr' id='par_1_31' title="bbox 2261 1532 3807 1604">
     <span class='ocr_line' id='line_1_31' title="bbox 2261 1532 3807 1604; baseline -0.002 -18"><span class='ocrx_word' id='word_1_232' title='bbox 2261 1536 2433 1598; x_wconf 88' lang='grc' dir='ltr'>στίας,</span> <span class='ocrx_word' id='word_1_233' title='bbox 2466 1534 2498 1603; x_wconf 85' lang='grc' dir='ltr'>ἠ</span> <span class='ocrx_word' id='word_1_234' title='bbox 2525 1532 2751 1586; x_wconf 78' lang='grc' dir='ltr'>ἀπιστία</span> <span class='ocrx_word' id='word_1_235' title='bbox 2779 1533 2888 1586; x_wconf 78' lang='grc' dir='ltr'><strong>ἀπὸ</strong></span> <span class='ocrx_word' id='word_1_236' title='bbox 2917 1533 3017 1602; x_wconf 77' lang='grc' dir='ltr'>τῆς</span> <span class='ocrx_word' id='word_1_237' title='bbox 3044 1532 3491 1604; x_wconf 80' lang='grc' dir='ltr'>σκληροκαρδίας,</span> <span class='ocrx_word' id='word_1_238' title='bbox 3532 1534 3570 1603; x_wconf 79' lang='grc' dir='ltr'><strong>ἡ</strong></span> <span class='ocrx_word' id='word_1_239' title='bbox 3604 1532 3807 1602; x_wconf 68' lang='grc' dir='ltr'>σκληροο</span> 
     </span>
    </p>
   </div>
   <div class='ocr_carea' id='block_1_32' title="bbox 2261 1626 3808 1698">
    <p class='ocr_par' dir='ltr' id='par_1_32' title="bbox 2261 1626 3808 1698">
     <span class='ocr_line' id='line_1_32' title="bbox 2261 1626 3808 1698; baseline -0.001 -17"><span class='ocrx_word' id='word_1_240' title='bbox 2261 1627 2456 1698; x_wconf 86' lang='grc' dir='ltr'>καρδία</span> <span class='ocrx_word' id='word_1_241' title='bbox 2485 1627 2595 1681; x_wconf 77' lang='grc' dir='ltr'>ἀπὸ</span> <span class='ocrx_word' id='word_1_242' title='bbox 2626 1627 2726 1697; x_wconf 82' lang='grc' dir='ltr'>τῆς</span> <span class='ocrx_word' id='word_1_243' title='bbox 2770 1626 3050 1696; x_wconf 82' lang='grc' dir='ltr'>ἀμελείας,</span> <span class='ocrx_word' id='word_1_244' title='bbox 3082 1629 3115 1697; x_wconf 81' lang='grc' dir='ltr'>ἠ</span> <span class='ocrx_word' id='word_1_245' title='bbox 3158 1627 3387 1696; x_wconf 79' lang='grc' dir='ltr'><strong>ἀμέλεια</strong></span> <span class='ocrx_word' id='word_1_246' title='bbox 3427 1627 3538 1680; x_wconf 69' lang='grc' dir='ltr'><strong>ἀπὸ</strong></span> <span class='ocrx_word' id='word_1_247' title='bbox 3570 1627 3667 1695; x_wconf 76' lang='grc' dir='ltr'><strong>τῆς</strong></span> <span class='ocrx_word' id='word_1_248' title='bbox 3698 1645 3808 1695; x_wconf 52' lang='lat' dir='ltr'><strong>Iau-</strong></span> 
     </span>
    </p>
   </div>
   <div class='ocr_carea' id='block_1_33' title="bbox 2260 1716 3810 1788">
    <p class='ocr_par' dir='ltr' id='par_1_33' title="bbox 2260 1716 3810 1788">
     <span class='ocr_line' id='line_1_33' title="bbox 2260 1716 3810 1788; baseline 0.001 -19"><span class='ocrx_word' id='word_1_249' title='bbox 2260 1716 2496 1781; x_wconf 82' lang='grc' dir='ltr'>νώσεως,</span> <span class='ocrx_word' id='word_1_250' title='bbox 2532 1719 2566 1788; x_wconf 87' lang='grc' dir='ltr'><strong>ή</strong></span> <span class='ocrx_word' id='word_1_251' title='bbox 2589 1717 2859 1788; x_wconf 79' lang='grc' dir='ltr'>χαύνωσις</span> <span class='ocrx_word' id='word_1_252' title='bbox 2889 1717 2998 1769; x_wconf 84' lang='grc' dir='ltr'>ἀπὸ</span> <span class='ocrx_word' id='word_1_253' title='bbox 3028 1719 3126 1787; x_wconf 87' lang='grc' dir='ltr'>τῆς</span> <span class='ocrx_word' id='word_1_254' title='bbox 3152 1717 3399 1787; x_wconf 82' lang='grc' dir='ltr'>ἀκηδίας,</span> <span class='ocrx_word' id='word_1_255' title='bbox 3430 1720 3462 1787; x_wconf 82' lang='grc' dir='ltr'>ἡ</span> <span class='ocrx_word' id='word_1_256' title='bbox 3503 1717 3705 1787; x_wconf 70' lang='grc' dir='ltr'>ἀκηδία</span> <span class='ocrx_word' id='word_1_257' title='bbox 3723 1718 3810 1770; x_wconf 64' lang='grc' dir='ltr'>ἀπὸ</span> 
     </span>
    </p>
   </div>
   <div class='ocr_carea' id='block_1_34' title="bbox 2185 1799 3813 1879">
    <p class='ocr_par' dir='ltr' id='par_1_34' title="bbox 2185 1799 3813 1879">
     <span class='ocr_line' id='line_1_34' title="bbox 2185 1799 3813 1879; baseline -0.001 -19"><span class='ocrx_word' id='word_1_258' title='bbox 2185 1799 2226 1854; x_wconf 83' lang='grc' dir='ltr'>Β</span> <span class='ocrx_word' id='word_1_259' title='bbox 2254 1809 2353 1878; x_wconf 80' lang='grc' dir='ltr'>τῆς</span> <span class='ocrx_word' id='word_1_260' title='bbox 2400 1808 2862 1878; x_wconf 77' lang='grc' dir='ltr'>ἀνυπομονησξας,</span> <span class='ocrx_word' id='word_1_261' title='bbox 2914 1810 2948 1878; x_wconf 87' lang='grc' dir='ltr'>ἠ</span> <span class='ocrx_word' id='word_1_262' title='bbox 2995 1809 3404 1879; x_wconf 78' lang='grc' dir='ltr'>ἀνυπομονησία</span> <span class='ocrx_word' id='word_1_263' title='bbox 3441 1809 3554 1862; x_wconf 81' lang='grc' dir='ltr'><strong>ἀπὸ</strong></span> <span class='ocrx_word' id='word_1_264' title='bbox 3588 1808 3686 1877; x_wconf 82' lang='grc' dir='ltr'>τῆς</span> <span class='ocrx_word' id='word_1_265' title='bbox 3717 1809 3813 1875; x_wconf 75' lang='grc' dir='ltr'>φιλ·</span> 
     </span>
    </p>
   </div>
   <div class='ocr_carea' id='block_1_35' title="bbox 584 1890 3813 1977">
    <p class='ocr_par' dir='ltr' id='par_1_35' title="bbox 584 1890 3813 1977">
     <span class='ocr_line' id='line_1_35' title="bbox 584 1890 3813 1977; baseline -0.002 -19"><span class='ocrx_word' id='word_1_266' title='bbox 584 1890 831 1977; x_wconf 78' lang='grc' dir='ltr'>ηδονίας·</span> <span class='ocrx_word' id='word_1_267' title='bbox 885 1903 982 1957; x_wconf 77' lang='grc' dir='ltr'>καὶ</span> <span class='ocrx_word' id='word_1_268' title='bbox 1019 1903 1087 1956; x_wconf 85' lang='grc' dir='ltr'><strong>τά</strong></span> <span class='ocrx_word' id='word_1_269' title='bbox 1122 1902 1286 1955; x_wconf 88' lang='grc' dir='ltr'>λοιπά</span> <span class='ocrx_word' id='word_1_270' title='bbox 1315 1902 1450 1971; x_wconf 83' lang='grc' dir='ltr'><strong>μέλη</strong></span> <span class='ocrx_word' id='word_1_271' title='bbox 1506 1901 1606 1969; x_wconf 78' lang='grc' dir='ltr'>τῆς</span> <span class='ocrx_word' id='word_1_272' title='bbox 1648 1899 1845 1963; x_wconf 85' lang='grc' dir='ltr'>κακίας</span> <span class='ocrx_word' id='word_1_273' title='bbox 1892 1898 2137 1969; x_wconf 76' lang='grc' dir='ltr'>ἀλλήλων</span> <span class='ocrx_word' id='word_1_274' title='bbox 2175 1900 2314 1953; x_wconf 76' lang='grc' dir='ltr'>εἰσὶν</span> <span class='ocrx_word' id='word_1_275' title='bbox 2351 1900 2773 1970; x_wconf 79' lang='grc' dir='ltr'>ὲκκρεμάμενα’</span> <span class='ocrx_word' id='word_1_276' title='bbox 2838 1898 3013 1963; x_wconf 83' lang='grc' dir='ltr'>οὕτως</span> <span class='ocrx_word' id='word_1_277' title='bbox 3062 1900 3165 1953; x_wconf 88' lang='grc' dir='ltr'><strong>κάν</strong></span> <span class='ocrx_word' id='word_1_278' title='bbox 3207 1900 3286 1971; x_wconf 78' lang='grc' dir='ltr'><strong>τῷ</strong></span> <span class='ocrx_word' id='word_1_279' title='bbox 3319 1900 3507 1970; x_wconf 85' lang='grc' dir='ltr'>ἀγαθῷ</span> <span class='ocrx_word' id='word_1_280' title='bbox 3551 1900 3709 1970; x_wconf 83' lang='grc' dir='ltr'>μέρει</span> <span class='ocrx_word' id='word_1_281' title='bbox 3734 1902 3813 1953; x_wconf 76' lang='grc' dir='ltr'>άλ-</span> 
     </span>
    </p>
   </div>
   <div class='ocr_carea' id='block_1_36' title="bbox 584 1992 2331 2065">
    <p class='ocr_par' dir='ltr' id='par_1_36' title="bbox 584 1992 2331 2065">
     <span class='ocr_line' id='line_1_36' title="bbox 584 1992 2331 2065; baseline -0.002 -16"><span class='ocrx_word' id='word_1_282' title='bbox 584 1995 761 2065; x_wconf 84' lang='grc' dir='ltr'>λήλων</span> <span class='ocrx_word' id='word_1_283' title='bbox 818 1994 956 2048; x_wconf 71' lang='grc' dir='ltr'>εἰσὶν</span> <span class='ocrx_word' id='word_1_284' title='bbox 1012 1994 1423 2065; x_wconf 82' lang='grc' dir='ltr'>ὲκκρεμάμεναι</span> <span class='ocrx_word' id='word_1_285' title='bbox 1470 1994 1527 2045; x_wconf 80' lang='grc' dir='ltr'>αἱ</span> <span class='ocrx_word' id='word_1_286' title='bbox 1567 1992 1763 2062; x_wconf 78' lang='grc' dir='ltr'>ἀρεταὶ</span> <span class='ocrx_word' id='word_1_287' title='bbox 1793 1992 1887 2047; x_wconf 71' lang='grc' dir='ltr'>καὶ</span> <span class='ocrx_word' id='word_1_288' title='bbox 1924 1992 2331 2063; x_wconf 82' lang='grc' dir='ltr'>ἀπηρτημέναι.</span> 
     </span>
    </p>
   </div>
   <div class='ocr_carea' id='block_1_37' title="bbox 656 2074 2161 2155">
    <p class='ocr_par' dir='ltr' id='par_1_37' title="bbox 656 2074 2161 2155">
     <span class='ocr_line' id='line_1_37' title="bbox 656 2074 2161 2155; baseline -0.001 -14"><span class='ocrx_word' id='word_1_289' title='bbox 656 2074 722 2141; x_wconf 84' lang='grc'><strong>11.</strong></span> <span class='ocrx_word' id='word_1_290' title='bbox 753 2085 931 2155; x_wconf 86' lang='lat' dir='ltr'><strong>Caput</strong></span> <span class='ocrx_word' id='word_1_291' title='bbox 968 2092 1151 2139; x_wconf 85' lang='lat' dir='ltr'><strong>autem</strong></span> <span class='ocrx_word' id='word_1_292' title='bbox 1193 2085 1362 2139; x_wconf 89' lang='lat' dir='ltr'><strong>totius</strong></span> <span class='ocrx_word' id='word_1_293' title='bbox 1403 2084 1534 2140; x_wconf 88' lang='lat' dir='ltr'><strong>boui</strong></span> <span class='ocrx_word' id='word_1_294' title='bbox 1574 2085 1848 2149; x_wconf 85' lang='lat' dir='ltr'><strong>instituti,</strong></span> <span class='ocrx_word' id='word_1_295' title='bbox 1881 2092 1937 2140; x_wconf 88' lang='lat' dir='ltr'><strong>et</strong></span> <span class='ocrx_word' id='word_1_296' title='bbox 1970 2094 2161 2139; x_wconf 83' lang='lat' dir='ltr'><strong>vertex</strong></span> 
     </span>
    </p>
   </div>
   <div class='ocr_carea' id='block_1_38' title="bbox 586 2174 2157 2246">
    <p class='ocr_par' dir='ltr' id='par_1_38' title="bbox 586 2174 2157 2246">
     <span class='ocr_line' id='line_1_38' title="bbox 586 2174 2157 2246; baseline -0.001 -15"><span class='ocrx_word' id='word_1_297' title='bbox 586 2177 948 2232; x_wconf 86' lang='lat' dir='ltr'><strong>honestarum</strong></span> <span class='ocrx_word' id='word_1_298' title='bbox 981 2176 1259 2231; x_wconf 85' lang='lat' dir='ltr'><strong>actionum</strong></span> <span class='ocrx_word' id='word_1_299' title='bbox 1296 2184 1382 2231; x_wconf 88' lang='lat' dir='ltr'><strong>est</strong></span> <span class='ocrx_word' id='word_1_300' title='bbox 1408 2175 1706 2246; x_wconf 88' lang='lat' dir='ltr'><strong>perdurare</strong></span> <span class='ocrx_word' id='word_1_301' title='bbox 1737 2175 1796 2230; x_wconf 89' lang='lat' dir='ltr'><strong>in</strong></span> <span class='ocrx_word' id='word_1_302' title='bbox 1822 2174 2157 2244; x_wconf 88' lang='lat' dir='ltr'><strong>precatione,</strong></span> 
     </span>
    </p>
   </div>
   <div class='ocr_carea' id='block_1_39' title="bbox 588 2266 2160 2340">
    <p class='ocr_par' dir='ltr' id='par_1_39' title="bbox 588 2266 2160 2340">
     <span class='ocr_line' id='line_1_39' title="bbox 588 2266 2160 2340; baseline -0.003 -15"><span class='ocrx_word' id='word_1_303' title='bbox 588 2272 748 2340; x_wconf 88' lang='lat' dir='ltr'><strong>cujus</strong></span> <span class='ocrx_word' id='word_1_304' title='bbox 783 2285 887 2339; x_wconf 82' lang='lat' dir='ltr'><strong>0pc</strong></span> <span class='ocrx_word' id='word_1_305' title='bbox 921 2277 1149 2323; x_wconf 67' lang='lat' dir='ltr'><strong>caeteras</strong></span> <span class='ocrx_word' id='word_1_306' title='bbox 1181 2284 1404 2338; x_wconf 90' lang='lat' dir='ltr'><strong>quoque</strong></span> <span class='ocrx_word' id='word_1_307' title='bbox 1435 2268 1669 2323; x_wconf 89' lang='lat' dir='ltr'><strong>virtutes</strong></span> <span class='ocrx_word' id='word_1_308' title='bbox 1702 2283 1801 2337; x_wconf 91' lang='lat' dir='ltr'><strong>per</strong></span> <span class='ocrx_word' id='word_1_309' title='bbox 1833 2266 2160 2337; x_wconf 85' lang='lat' dir='ltr'><strong>postulatio-</strong></span> 
     </span>
    </p>
   </div>
   <div class='ocr_carea' id='block_1_40' title="bbox 589 2358 2161 2429">
    <p class='ocr_par' dir='ltr' id='par_1_40' title="bbox 589 2358 2161 2429">
     <span class='ocr_line' id='line_1_40' title="bbox 589 2358 2161 2429; baseline -0.002 -15"><span class='ocrx_word' id='word_1_310' title='bbox 589 2376 717 2415; x_wconf 86' lang='lat' dir='ltr'><strong>nem</strong></span> <span class='ocrx_word' id='word_1_311' title='bbox 745 2377 776 2415; x_wconf 93' lang='lat' dir='ltr'><strong>a</strong></span> <span class='ocrx_word' id='word_1_312' title='bbox 802 2361 913 2414; x_wconf 90' lang='lat' dir='ltr'><strong>Deo</strong></span> <span class='ocrx_word' id='word_1_313' title='bbox 939 2360 1188 2429; x_wconf 89' lang='lat' dir='ltr'><strong>quotidie</strong></span> <span class='ocrx_word' id='word_1_314' title='bbox 1218 2360 1479 2429; x_wconf 88' lang='lat' dir='ltr'><strong>consequi</strong></span> <span class='ocrx_word' id='word_1_315' title='bbox 1512 2375 1825 2429; x_wconf 77' lang='lat' dir='ltr'><strong>possumus.</strong></span> <span class='ocrx_word' id='word_1_316' title='bbox 1853 2359 1989 2413; x_wconf 90' lang='lat' dir='ltr'><strong>llinc</strong></span> <span class='ocrx_word' id='word_1_317' title='bbox 2015 2358 2161 2413; x_wconf 90' lang='lat' dir='ltr'><strong>enim</strong></span> 
     </span>
    </p>
   </div>
   <div class='ocr_carea' id='block_1_41' title="bbox 587 2449 2163 2519">
    <p class='ocr_par' dir='ltr' id='par_1_41' title="bbox 587 2449 2163 2519">
     <span class='ocr_line' id='line_1_41' title="bbox 587 2449 2163 2519; baseline 0.001 -17"><span class='ocrx_word' id='word_1_318' title='bbox 587 2449 845 2519; x_wconf 73' lang='lat' dir='ltr'><strong>provenit</strong></span> <span class='ocrx_word' id='word_1_319' title='bbox 877 2449 944 2503; x_wconf 92' lang='lat' dir='ltr'><strong>iis</strong></span> <span class='ocrx_word' id='word_1_320' title='bbox 974 2449 1068 2518; x_wconf 89' lang='lat' dir='ltr'><strong>qui</strong></span> <span class='ocrx_word' id='word_1_321' title='bbox 1105 2449 1253 2519; x_wconf 83' lang='lat' dir='ltr'><strong>digni</strong></span> <span class='ocrx_word' id='word_1_322' title='bbox 1290 2450 1585 2515; x_wconf 86' lang='lat' dir='ltr'><strong>habentur,</strong></span> <span class='ocrx_word' id='word_1_323' title='bbox 1615 2450 2043 2504; x_wconf 88' lang='lat' dir='ltr'><strong>communicatio</strong></span> <span class='ocrx_word' id='word_1_324' title='bbox 2076 2450 2163 2504; x_wconf 91' lang='lat' dir='ltr'><strong>di-</strong></span> 
     </span>
    </p>
   </div>
   <div class='ocr_carea' id='block_1_42' title="bbox 587 2540 2162 2610">
    <p class='ocr_par' dir='ltr' id='par_1_42' title="bbox 587 2540 2162 2610">
     <span class='ocr_line' id='line_1_42' title="bbox 587 2540 2162 2610; baseline 0 -15"><span class='ocrx_word' id='word_1_325' title='bbox 587 2543 731 2596; x_wconf 68' lang='lat' dir='ltr'><strong>vina:</strong></span> <span class='ocrx_word' id='word_1_326' title='bbox 774 2540 1150 2596; x_wconf 70' lang='lat' dir='ltr'><strong>sanctimonia:</strong></span> <span class='ocrx_word' id='word_1_327' title='bbox 1191 2550 1247 2596; x_wconf 90' lang='lat' dir='ltr'><strong>et</strong></span> <span class='ocrx_word' id='word_1_328' title='bbox 1284 2541 1586 2610; x_wconf 90' lang='lat' dir='ltr'><strong>spiritualis</strong></span> <span class='ocrx_word' id='word_1_329' title='bbox 1625 2540 1905 2604; x_wconf 61' lang='lat' dir='ltr'><strong>efﬁcacia},</strong></span> <span class='ocrx_word' id='word_1_330' title='bbox 1938 2549 1991 2595; x_wconf 91' lang='lat' dir='ltr'><strong>et</strong></span> <span class='ocrx_word' id='word_1_331' title='bbox 2030 2556 2162 2595; x_wconf 90' lang='lat' dir='ltr'><strong>con-</strong></span> 
     </span>
    </p>
   </div>
   <div class='ocr_carea' id='block_1_43' title="bbox 591 2632 2182 2703">
    <p class='ocr_par' dir='ltr' id='par_1_43' title="bbox 591 2632 2182 2703">
     <span class='ocr_line' id='line_1_43' title="bbox 591 2632 2182 2703; baseline 0 -17"><span class='ocrx_word' id='word_1_332' title='bbox 591 2633 757 2688; x_wconf 79' lang='lat' dir='ltr'><strong>nexio</strong></span> <span class='ocrx_word' id='word_1_333' title='bbox 798 2632 1107 2688; x_wconf 78' lang='lat' dir='ltr'><strong>affectionis</strong></span> <span class='ocrx_word' id='word_1_334' title='bbox 1150 2632 1331 2687; x_wconf 85' lang='lat' dir='ltr'><strong>animi</strong></span> <span class='ocrx_word' id='word_1_335' title='bbox 1364 2648 1490 2703; x_wconf 89' lang='lat' dir='ltr'><strong>erga</strong></span> <span class='ocrx_word' id='word_1_336' title='bbox 1530 2633 1852 2697; x_wconf 89' lang='lat' dir='ltr'><strong>Dominum,</strong></span> <span class='ocrx_word' id='word_1_337' title='bbox 1882 2634 2031 2687; x_wconf 90' lang='lat' dir='ltr'><strong>velut</strong></span> <span class='ocrx_word' id='word_1_338' title='bbox 2065 2648 2182 2702; x_wconf 79' lang='lat' dir='ltr'><strong>per</strong></span> 
     </span>
    </p>
   </div>
   <div class='ocr_carea' id='block_1_44' title="bbox 588 2724 2164 2795">
    <p class='ocr_par' dir='ltr' id='par_1_44' title="bbox 588 2724 2164 2795">
     <span class='ocr_line' id='line_1_44' title="bbox 588 2724 2164 2795; baseline 0.001 -17"><span class='ocrx_word' id='word_1_339' title='bbox 588 2741 843 2779; x_wconf 86' lang='lat' dir='ltr'><strong>arcanam</strong></span> <span class='ocrx_word' id='word_1_340' title='bbox 878 2726 1249 2779; x_wconf 91' lang='lat' dir='ltr'><strong>dilectionem.</strong></span> <span class='ocrx_word' id='word_1_341' title='bbox 1294 2724 1397 2790; x_wconf 89' lang='lat' dir='ltr'><strong>Qui</strong></span> <span class='ocrx_word' id='word_1_342' title='bbox 1432 2725 1579 2779; x_wconf 89' lang='lat' dir='ltr'><strong>enim</strong></span> <span class='ocrx_word' id='word_1_343' title='bbox 1616 2740 1674 2779; x_wconf 92' lang='lat' dir='ltr'><strong>se</strong></span> <span class='ocrx_word' id='word_1_344' title='bbox 1708 2726 1887 2795; x_wconf 90' lang='lat' dir='ltr'><strong>ipsum</strong></span> <span class='ocrx_word' id='word_1_345' title='bbox 1920 2725 2164 2794; x_wconf 87' lang='lat' dir='ltr'><strong>quotidie</strong></span> 
     </span>
    </p>
   </div>
   <div class='ocr_carea' id='block_1_45' title="bbox 591 2815 2165 2886">
    <p class='ocr_par' dir='ltr' id='par_1_45' title="bbox 591 2815 2165 2886">
     <span class='ocr_line' id='line_1_45' title="bbox 591 2815 2165 2886; baseline 0 -16"><span class='ocrx_word' id='word_1_346' title='bbox 591 2815 659 2869; x_wconf 86' lang='lat' dir='ltr'><strong>ad</strong></span> <span class='ocrx_word' id='word_1_347' title='bbox 709 2816 1175 2886; x_wconf 88' lang='lat' dir='ltr'><strong>perseverandum</strong></span> <span class='ocrx_word' id='word_1_348' title='bbox 1224 2816 1278 2869; x_wconf 93' lang='lat' dir='ltr'><strong>in</strong></span> <span class='ocrx_word' id='word_1_349' title='bbox 1330 2817 1579 2870; x_wconf 90' lang='lat' dir='ltr'><strong>oratione</strong></span> <span class='ocrx_word' id='word_1_350' title='bbox 1627 2816 1931 2885; x_wconf 88' lang='lat' dir='ltr'><strong>compellit,</strong></span> <span class='ocrx_word' id='word_1_351' title='bbox 1970 2816 2062 2870; x_wconf 91' lang='lat' dir='ltr'><strong>ille</strong></span> <span class='ocrx_word' id='word_1_352' title='bbox 2109 2816 2165 2870; x_wconf 92' lang='lat' dir='ltr'><strong>in</strong></span> 
     </span>
    </p>
   </div>
   <div class='ocr_carea' id='block_1_46' title="bbox 593 2905 2166 2975">
    <p class='ocr_par' dir='ltr' id='par_1_46' title="bbox 593 2905 2166 2975">
     <span class='ocr_line' id='line_1_46' title="bbox 593 2905 2166 2975; baseline 0.001 -17"><span class='ocrx_word' id='word_1_353' title='bbox 593 2920 837 2960; x_wconf 85' lang='lat' dir='ltr'><strong>amorem</strong></span> <span class='ocrx_word' id='word_1_354' title='bbox 868 2905 1116 2960; x_wconf 89' lang='lat' dir='ltr'><strong>divinum</strong></span> <span class='ocrx_word' id='word_1_355' title='bbox 1148 2913 1200 2960; x_wconf 92' lang='lat' dir='ltr'><strong>et</strong></span> <span class='ocrx_word' id='word_1_356' title='bbox 1232 2905 1566 2960; x_wconf 87' lang='lat' dir='ltr'><strong>desiderium</strong></span> <span class='ocrx_word' id='word_1_357' title='bbox 1598 2907 1797 2960; x_wconf 86' lang='lat' dir='ltr'><strong>ardens</strong></span> <span class='ocrx_word' id='word_1_358' title='bbox 1828 2922 1857 2960; x_wconf 92' lang='lat' dir='ltr'><strong>a</strong></span> <span class='ocrx_word' id='word_1_359' title='bbox 1892 2905 2166 2975; x_wconf 90' lang='lat' dir='ltr'><strong>spirituali</strong></span> 
     </span>
    </p>
   </div>
   <div class='ocr_carea' id='block_1_47' title="bbox 592 2995 2168 3069">
    <p class='ocr_par' dir='ltr' id='par_1_47' title="bbox 592 2995 2168 3069">
     <span class='ocr_line' id='line_1_47' title="bbox 592 2995 2168 3069; baseline 0.003 -20"><span class='ocrx_word' id='word_1_360' title='bbox 592 2995 886 3051; x_wconf 88' lang='lat' dir='ltr'><strong>dilectione</strong></span> <span class='ocrx_word' id='word_1_361' title='bbox 917 2997 1241 3051; x_wconf 87' lang='lat' dir='ltr'><strong>accenditur</strong></span> <span class='ocrx_word' id='word_1_362' title='bbox 1271 3012 1398 3067; x_wconf 86' lang='lat' dir='ltr'><strong>erga</strong></span> <span class='ocrx_word' id='word_1_363' title='bbox 1431 2998 1602 3051; x_wconf 88' lang='lat' dir='ltr'><strong>Deum</strong></span> <span class='ocrx_word' id='word_1_364' title='bbox 1634 3007 1691 3051; x_wconf 89' lang='lat' dir='ltr'><strong>et</strong></span> <span class='ocrx_word' id='word_1_365' title='bbox 1716 2998 1950 3067; x_wconf 86' lang='lat' dir='ltr'><strong>gratiam</strong></span> <span class='ocrx_word' id='word_1_366' title='bbox 1983 2999 2168 3069; x_wconf 85' lang='lat' dir='ltr'><strong>perfe-</strong></span> 
     </span>
    </p>
   </div>
   <div class='ocr_carea' id='block_1_48' title="bbox 593 3087 1744 3158">
    <p class='ocr_par' dir='ltr' id='par_1_48' title="bbox 593 3087 1744 3158">
     <span class='ocr_line' id='line_1_48' title="bbox 593 3087 1744 3158; baseline 0.003 -18"><span class='ocrx_word' id='word_1_367' title='bbox 593 3087 797 3141; x_wconf 91' lang='lat' dir='ltr'><strong>ctionis</strong></span> <span class='ocrx_word' id='word_1_368' title='bbox 825 3088 1223 3143; x_wconf 89' lang='lat' dir='ltr'><strong>sanctiﬁcantis</strong></span> <span class='ocrx_word' id='word_1_369' title='bbox 1252 3088 1488 3157; x_wconf 89' lang='lat' dir='ltr'><strong>Spiritus</strong></span> <span class='ocrx_word' id='word_1_370' title='bbox 1515 3089 1744 3158; x_wconf 90' lang='lat' dir='ltr'><strong>suscipit</strong></span> 
     </span>
    </p>
   </div>
   <div class='ocr_carea' id='block_1_49' title="bbox 2332 2080 3813 2153">
    <p class='ocr_par' dir='ltr' id='par_1_49' title="bbox 2332 2080 3813 2153">
     <span class='ocr_line' id='line_1_49' title="bbox 2332 2080 3813 2153; baseline -0.001 -16"><span class='ocrx_word' id='word_1_371' title='bbox 2332 2082 2407 2138; x_wconf 85' lang='lat' dir='ltr'><strong>B’.</strong></span> <span class='ocrx_word' id='word_1_372' title='bbox 2449 2080 2757 2152; x_wconf 73' lang='grc' dir='ltr'>Κεφάλαιον</span> <span class='ocrx_word' id='word_1_373' title='bbox 2784 2081 2839 2134; x_wconf 77' lang='grc' dir='ltr'>δὲ</span> <span class='ocrx_word' id='word_1_374' title='bbox 2874 2081 3057 2148; x_wconf 81' lang='grc' dir='ltr'><strong>πάσης</strong></span> <span class='ocrx_word' id='word_1_375' title='bbox 3087 2080 3323 2151; x_wconf 86' lang='grc' dir='ltr'><strong>σπουδῆς</strong></span> <span class='ocrx_word' id='word_1_376' title='bbox 3348 2082 3587 2153; x_wconf 80' lang='grc' dir='ltr'>ἀγαθῆς,</span> <span class='ocrx_word' id='word_1_377' title='bbox 3624 2085 3713 2137; x_wconf 78' lang='grc' dir='ltr'><strong>καὶ</strong></span> <span class='ocrx_word' id='word_1_378' title='bbox 3738 2102 3813 2136; x_wconf 75' lang='grc' dir='ltr'>κο·</span> 
     </span>
    </p>
   </div>
   <div class='ocr_carea' id='block_1_50' title="bbox 2263 2172 3815 2245">
    <p class='ocr_par' dir='ltr' id='par_1_50' title="bbox 2263 2172 3815 2245">
     <span class='ocr_line' id='line_1_50' title="bbox 2263 2172 3815 2245; baseline 0.001 -19"><span class='ocrx_word' id='word_1_379' title='bbox 2263 2177 2492 2245; x_wconf 84' lang='grc' dir='ltr'>ρυφαῖον</span> <span class='ocrx_word' id='word_1_380' title='bbox 2524 2173 2631 2227; x_wconf 84' lang='grc' dir='ltr'><strong>τῶν</strong></span> <span class='ocrx_word' id='word_1_381' title='bbox 2661 2172 3102 2244; x_wconf 79' lang='grc' dir='ltr'><strong>κατορθωμάτων</strong></span> <span class='ocrx_word' id='word_1_382' title='bbox 3137 2174 3256 2227; x_wconf 75' lang='grc' dir='ltr'>ἐστὶ</span> <span class='ocrx_word' id='word_1_383' title='bbox 3304 2174 3367 2227; x_wconf 86' lang='grc' dir='ltr'>τὸ</span> <span class='ocrx_word' id='word_1_384' title='bbox 3402 2179 3815 2245; x_wconf 77' lang='grc' dir='ltr'>προσκαρτερεῖν</span> 
     </span>
    </p>
   </div>
   <div class='ocr_carea' id='block_1_51' title="bbox 2260 2260 3816 2337">
    <p class='ocr_par' dir='ltr' id='par_1_51' title="bbox 2260 2260 3816 2337">
     <span class='ocr_line' id='line_1_51' title="bbox 2260 2260 3816 2337; baseline -0.001 -19"><span class='ocrx_word' id='word_1_385' title='bbox 2260 2269 2325 2337; x_wconf 84' lang='grc' dir='ltr'>τῇ</span> <span class='ocrx_word' id='word_1_386' title='bbox 2355 2266 2511 2336; x_wconf 83' lang='grc' dir='ltr'>εὐχῇ,</span> <span class='ocrx_word' id='word_1_387' title='bbox 2542 2266 2635 2333; x_wconf 81' lang='grc' dir='ltr'><strong>ἀφ’</strong></span> <span class='ocrx_word' id='word_1_388' title='bbox 2660 2260 2731 2337; x_wconf 83' lang='grc' dir='ltr'><strong>ἧς</strong></span> <span class='ocrx_word' id='word_1_389' title='bbox 2759 2265 2856 2317; x_wconf 77' lang='grc' dir='ltr'><strong>καὶ</strong></span> <span class='ocrx_word' id='word_1_390' title='bbox 2883 2265 2985 2328; x_wconf 86' lang='grc' dir='ltr'>τὰς</span> <span class='ocrx_word' id='word_1_391' title='bbox 3010 2264 3203 2327; x_wconf 83' lang='grc' dir='ltr'>λοιπὰς</span> <span class='ocrx_word' id='word_1_392' title='bbox 3224 2265 3423 2335; x_wconf 74' lang='grc' dir='ltr'>ἀρετὰς</span> <span class='ocrx_word' id='word_1_393' title='bbox 3452 2266 3540 2318; x_wconf 75' lang='grc' dir='ltr'><strong>διὰ</strong></span> <span class='ocrx_word' id='word_1_394' title='bbox 3565 2268 3667 2334; x_wconf 83' lang='grc' dir='ltr'>τῆς</span> <span class='ocrx_word' id='word_1_395' title='bbox 3691 2271 3816 2335; x_wconf 58' lang='grc' dir='ltr'>παρὰ</span> 
     </span>
    </p>
   </div>
   <div class='ocr_carea' id='block_1_52' title="bbox 2262 2355 3813 2427">
    <p class='ocr_par' dir='ltr' id='par_1_52' title="bbox 2262 2355 3813 2427">
     <span class='ocr_line' id='line_1_52' title="bbox 2262 2355 3813 2427; baseline 0.001 -18"><span class='ocrx_word' id='word_1_396' title='bbox 2262 2355 2396 2409; x_wconf 90' lang='grc' dir='ltr'>Θεοῦ</span> <span class='ocrx_word' id='word_1_397' title='bbox 2456 2358 2727 2425; x_wconf 82' lang='grc' dir='ltr'>αἰτήσεως</span> <span class='ocrx_word' id='word_1_398' title='bbox 2779 2355 3051 2425; x_wconf 80' lang='grc' dir='ltr'>ὁσημέραι</span> <span class='ocrx_word' id='word_1_399' title='bbox 3105 2357 3482 2425; x_wconf 82' lang='grc' dir='ltr'>προσκτᾶσθαι</span> <span class='ocrx_word' id='word_1_400' title='bbox 3541 2357 3813 2427; x_wconf 74' lang='grc' dir='ltr'>δυνάμεθα.</span> 
     </span>
    </p>
   </div>
   <div class='ocr_carea' id='block_1_53' title="bbox 2275 2448 3817 2521">
    <p class='ocr_par' dir='ltr' id='par_1_53' title="bbox 2275 2448 3817 2521">
     <span class='ocr_line' id='line_1_53' title="bbox 2275 2448 3817 2521; baseline -0.001 -18"><span class='ocrx_word' id='word_1_401' title='bbox 2275 2448 2555 2503; x_wconf 79' lang='grc' dir='ltr'>Ἐντεῦθεν</span> <span class='ocrx_word' id='word_1_402' title='bbox 2589 2449 2698 2518; x_wconf 81' lang='grc' dir='ltr'><strong>γάρ</strong></span> <span class='ocrx_word' id='word_1_403' title='bbox 2732 2450 3009 2516; x_wconf 78' lang='grc' dir='ltr'>ἐγγίνεται</span> <span class='ocrx_word' id='word_1_404' title='bbox 3042 2453 3155 2513; x_wconf 86' lang='grc' dir='ltr'>τοῖς</span> <span class='ocrx_word' id='word_1_405' title='bbox 3185 2451 3640 2520; x_wconf 78' lang='grc' dir='ltr'>καταξιουμένοις</span> <span class='ocrx_word' id='word_1_406' title='bbox 3668 2454 3700 2521; x_wconf 69' lang='grc' dir='ltr'>ἡ</span> <span class='ocrx_word' id='word_1_407' title='bbox 3726 2470 3817 2503; x_wconf 76' lang='lat' dir='ltr'><strong>xu;-</strong></span> 
     </span>
    </p>
   </div>
   <div class='ocr_carea' id='block_1_54' title="bbox 2263 2538 3818 2610">
    <p class='ocr_par' dir='ltr' id='par_1_54' title="bbox 2263 2538 3818 2610">
     <span class='ocr_line' id='line_1_54' title="bbox 2263 2538 3818 2610; baseline -0.001 -18"><span class='ocrx_word' id='word_1_408' title='bbox 2263 2538 2428 2593; x_wconf 85' lang='grc' dir='ltr'>νωνία</span> <span class='ocrx_word' id='word_1_409' title='bbox 2459 2541 2557 2609; x_wconf 84' lang='grc' dir='ltr'>τῆς</span> <span class='ocrx_word' id='word_1_410' title='bbox 2585 2538 2677 2590; x_wconf 91' lang='grc' dir='ltr'><strong>τοῦ</strong></span> <span class='ocrx_word' id='word_1_411' title='bbox 2706 2538 2842 2590; x_wconf 88' lang='grc' dir='ltr'>Θεοῦ</span> <span class='ocrx_word' id='word_1_412' title='bbox 2876 2539 3183 2609; x_wconf 83' lang='grc' dir='ltr'>ἁγιότητος,</span> <span class='ocrx_word' id='word_1_413' title='bbox 3220 2543 3314 2592; x_wconf 78' lang='grc' dir='ltr'><strong>καὶ</strong></span> <span class='ocrx_word' id='word_1_414' title='bbox 3340 2543 3433 2610; x_wconf 79' lang='grc' dir='ltr'>τῆς</span> <span class='ocrx_word' id='word_1_415' title='bbox 3463 2543 3818 2609; x_wconf 70' lang='grc' dir='ltr'>πνευματικῆς</span> 
     </span>
    </p>
   </div>
   <div class='ocr_carea' id='block_1_55' title="bbox 2264 2631 3815 2703">
    <p class='ocr_par' dir='ltr' id='par_1_55' title="bbox 2264 2631 3815 2703">
     <span class='ocr_line' id='line_1_55' title="bbox 2264 2631 3815 2703; baseline 0.002 -19"><span class='ocrx_word' id='word_1_416' title='bbox 2264 2631 2577 2703; x_wconf 75' lang='grc' dir='ltr'>ἐνεργείας,</span> <span class='ocrx_word' id='word_1_417' title='bbox 2633 2632 2729 2684; x_wconf 72' lang='grc' dir='ltr'>καὶ</span> <span class='ocrx_word' id='word_1_418' title='bbox 2774 2632 2806 2701; x_wconf 78' lang='grc' dir='ltr'>ἡ</span> <span class='ocrx_word' id='word_1_419' title='bbox 2847 2632 3112 2699; x_wconf 75' lang='grc' dir='ltr'>συνάφεια</span> <span class='ocrx_word' id='word_1_420' title='bbox 3146 2633 3242 2701; x_wconf 82' lang='grc' dir='ltr'>τῆς</span> <span class='ocrx_word' id='word_1_421' title='bbox 3272 2634 3365 2685; x_wconf 85' lang='grc' dir='ltr'><strong>τοῦ</strong></span> <span class='ocrx_word' id='word_1_422' title='bbox 3392 2632 3483 2685; x_wconf 88' lang='grc' dir='ltr'><strong>νοῦ</strong></span> <span class='ocrx_word' id='word_1_423' title='bbox 3524 2633 3815 2691; x_wconf 68' lang='grc' dir='ltr'>διαθέσεως.</span> 
     </span>
    </p>
   </div>
   <div class='ocr_carea' id='block_1_56' title="bbox 2264 2724 3817 2797">
    <p class='ocr_par' dir='ltr' id='par_1_56' title="bbox 2264 2724 3817 2797">
     <span class='ocr_line' id='line_1_56' title="bbox 2264 2724 3817 2797; baseline -0.001 -20"><span class='ocrx_word' id='word_1_424' title='bbox 2264 2724 2337 2788; x_wconf 82' lang='grc' dir='ltr'><strong>ὡς</strong></span> <span class='ocrx_word' id='word_1_425' title='bbox 2364 2725 2499 2795; x_wconf 76' lang='grc' dir='ltr'>πρὸς</span> <span class='ocrx_word' id='word_1_426' title='bbox 2522 2724 2611 2777; x_wconf 75' lang='grc' dir='ltr'><strong>τὸν</strong></span> <span class='ocrx_word' id='word_1_427' title='bbox 2637 2726 2859 2797; x_wconf 83' lang='grc' dir='ltr'>Κύριον,</span> <span class='ocrx_word' id='word_1_428' title='bbox 2888 2725 2945 2775; x_wconf 85' lang='grc' dir='ltr'>ὲν</span> <span class='ocrx_word' id='word_1_429' title='bbox 2972 2725 3160 2793; x_wconf 82' lang='grc' dir='ltr'>ἀγάπῃ</span> <span class='ocrx_word' id='word_1_430' title='bbox 3179 2725 3423 2796; x_wconf 70' lang='grc' dir='ltr'>ἀρρήτῳ.</span> <span class='ocrx_word' id='word_1_431' title='bbox 3442 2726 3499 2777; x_wconf 79' lang='grc' dir='ltr'><strong>Ὀ</strong></span> <span class='ocrx_word' id='word_1_432' title='bbox 3518 2726 3633 2794; x_wconf 80' lang='grc' dir='ltr'><strong>γάρ</strong></span> <span class='ocrx_word' id='word_1_433' title='bbox 3654 2726 3817 2777; x_wconf 66' lang='grc' dir='ltr'>ἑαυτὸν</span> 
     </span>
    </p>
   </div>
   <div class='ocr_carea' id='block_1_57' title="bbox 2264 2815 3816 2885">
    <p class='ocr_par' dir='ltr' id='par_1_57' title="bbox 2264 2815 3816 2885">
     <span class='ocr_line' id='line_1_57' title="bbox 2264 2815 3816 2885; baseline -0.002 -17"><span class='ocrx_word' id='word_1_434' title='bbox 2264 2815 2532 2885; x_wconf 83' lang='grc' dir='ltr'>ὁσημέραι</span> <span class='ocrx_word' id='word_1_435' title='bbox 2585 2817 2652 2884; x_wconf 83' lang='grc' dir='ltr'>τῇ</span> <span class='ocrx_word' id='word_1_436' title='bbox 2706 2816 2980 2884; x_wconf 82' lang='grc' dir='ltr'>προσευχῇ</span> <span class='ocrx_word' id='word_1_437' title='bbox 3027 2816 3454 2884; x_wconf 81' lang='grc' dir='ltr'>πρόσκαρτερεῖν</span> <span class='ocrx_word' id='word_1_438' title='bbox 3491 2818 3816 2883; x_wconf 75' lang='grc' dir='ltr'>ἀναγκάζων,</span> 
     </span>
    </p>
   </div>
   <div class='ocr_carea' id='block_1_58' title="bbox 2266 2906 3819 2980">
    <p class='ocr_par' dir='ltr' id='par_1_58' title="bbox 2266 2906 3819 2980">
     <span class='ocr_line' id='line_1_58' title="bbox 2266 2906 3819 2980; baseline -0.001 -20"><span class='ocrx_word' id='word_1_439' title='bbox 2266 2909 2342 2971; x_wconf 85' lang='grc' dir='ltr'><strong>είς</strong></span> <span class='ocrx_word' id='word_1_440' title='bbox 2375 2907 2551 2980; x_wconf 76' lang='grc' dir='ltr'>ἔρωτα</span> <span class='ocrx_word' id='word_1_441' title='bbox 2578 2906 2717 2960; x_wconf 88' lang='grc' dir='ltr'>θεῖον</span> <span class='ocrx_word' id='word_1_442' title='bbox 2748 2908 2841 2959; x_wconf 70' lang='grc' dir='ltr'>καὶ</span> <span class='ocrx_word' id='word_1_443' title='bbox 2868 2908 3032 2961; x_wconf 84' lang='grc' dir='ltr'>πόθον</span> <span class='ocrx_word' id='word_1_444' title='bbox 3058 2907 3302 2978; x_wconf 75' lang='grc' dir='ltr'>ἔμπυρον</span> <span class='ocrx_word' id='word_1_445' title='bbox 3334 2908 3437 2961; x_wconf 84' lang='grc' dir='ltr'>ὑπδ</span> <span class='ocrx_word' id='word_1_446' title='bbox 3466 2910 3571 2977; x_wconf 71' lang='grc' dir='ltr'>τῆς</span> <span class='ocrx_word' id='word_1_447' title='bbox 3603 2927 3819 2977; x_wconf 70' lang='grc' dir='ltr'>πνευμα-</span> 
     </span>
    </p>
   </div>
   <div class='ocr_carea' id='block_1_59' title="bbox 2265 2996 3821 3067">
    <p class='ocr_par' dir='ltr' id='par_1_59' title="bbox 2265 2996 3821 3067">
     <span class='ocr_line' id='line_1_59' title="bbox 2265 2996 3821 3067; baseline -0.002 -18"><span class='ocrx_word' id='word_1_448' title='bbox 2265 2997 2424 3064; x_wconf 77' lang='grc' dir='ltr'>τικῆς</span> <span class='ocrx_word' id='word_1_449' title='bbox 2475 2998 2693 3066; x_wconf 80' lang='grc' dir='ltr'>ἀγάπης</span> <span class='ocrx_word' id='word_1_450' title='bbox 2744 2997 3023 3051; x_wconf 80' lang='grc' dir='ltr'>ὲκκαίεται</span> <span class='ocrx_word' id='word_1_451' title='bbox 3074 2998 3211 3067; x_wconf 73' lang='grc' dir='ltr'>πρὸς</span> <span class='ocrx_word' id='word_1_452' title='bbox 3242 2996 3393 3059; x_wconf 79' lang='grc' dir='ltr'>Θεὸν,</span> <span class='ocrx_word' id='word_1_453' title='bbox 3430 2998 3525 3049; x_wconf 82' lang='grc' dir='ltr'>καὶ</span> <span class='ocrx_word' id='word_1_454' title='bbox 3560 2997 3661 3067; x_wconf 80' lang='grc' dir='ltr'>τὴν</span> <span class='ocrx_word' id='word_1_455' title='bbox 3688 2997 3821 3065; x_wconf 76' lang='grc' dir='ltr'>χάριν</span> 
     </span>
    </p>
   </div>
   <div class='ocr_carea' id='block_1_60' title="bbox 2266 3086 3821 3159">
    <p class='ocr_par' dir='ltr' id='par_1_60' title="bbox 2266 3086 3821 3159">
     <span class='ocr_line' id='line_1_60' title="bbox 2266 3086 3821 3159; baseline -0.002 -19"><span class='ocrx_word' id='word_1_456' title='bbox 2266 3088 2365 3157; x_wconf 82' lang='grc' dir='ltr'>τῆς</span> <span class='ocrx_word' id='word_1_457' title='bbox 2417 3087 2511 3141; x_wconf 79' lang='grc' dir='ltr'><strong>τοῦ</strong></span> <span class='ocrx_word' id='word_1_458' title='bbox 2559 3088 2873 3159; x_wconf 75' lang='grc' dir='ltr'>Πνεῦμα-τος</span> <span class='ocrx_word' id='word_1_459' title='bbox 2898 3087 3228 3157; x_wconf 80' lang='grc' dir='ltr'>ἁγιαστικῆς</span> <span class='ocrx_word' id='word_1_460' title='bbox 3274 3087 3617 3156; x_wconf 77' lang='grc' dir='ltr'>τελειότητος</span> <span class='ocrx_word' id='word_1_461' title='bbox 3653 3086 3821 3139; x_wconf 77' lang='grc' dir='ltr'>ὑποδέ-</span> 
     </span>
    </p>
   </div>
   <div class='ocr_carea' id='block_1_61' title="bbox 2268 3197 2441 3250">
    <p class='ocr_par' dir='ltr' id='par_1_61' title="bbox 2268 3197 2441 3250">
     <span class='ocr_line' id='line_1_61' title="bbox 2268 3197 2441 3250; baseline 0.017 -18"><span class='ocrx_word' id='word_1_462' title='bbox 2268 3197 2441 3250; x_wconf 84' lang='grc' dir='ltr'>χεται.</span> 
     </span>
    </p>
   </div>
   <div class='ocr_carea' id='block_1_62' title="bbox 664 3250 2164 3341">
    <p class='ocr_par' dir='ltr' id='par_1_62' title="bbox 664 3264 2159 3337">
     <span class='ocr_line' id='line_1_62' title="bbox 664 3264 2159 3337; baseline 0.001 -18"><span class='ocrx_word' id='word_1_463' title='bbox 664 3265 754 3319; x_wconf 87' lang='grc'><strong>111.</strong></span> <span class='ocrx_word' id='word_1_464' title='bbox 788 3264 1158 3336; x_wconf 80' lang='lat' dir='ltr'><strong>Interrogatio.</strong></span> <span class='ocrx_word' id='word_1_465' title='bbox 1188 3264 1451 3331; x_wconf 80' lang='lat' dir='ltr'><strong>Quoniam</strong></span> <span class='ocrx_word' id='word_1_466' title='bbox 1490 3267 1703 3337; x_wconf 84' lang='lat' dir='ltr'><strong>quidam</strong></span> <span class='ocrx_word' id='word_1_467' title='bbox 1730 3267 1957 3321; x_wconf 85' lang='lat' dir='ltr'><strong>vendunt</strong></span> <span class='ocrx_word' id='word_1_468' title='bbox 1989 3266 2159 3337; x_wconf 80' lang='lat' dir='ltr'><strong>fa&#39;cul-</strong></span> 
     </span>
    </p>
   </div>
   <div class='ocr_carea' id='block_1_63' title="bbox 2263 3250 3822 3341">
    <p class='ocr_par' dir='ltr' id='par_1_63' title="bbox 2333 3268 3822 3341">
     <span class='ocr_line' id='line_1_63' title="bbox 2333 3268 3822 3341; baseline -0.003 -17"><span class='ocrx_word' id='word_1_469' title='bbox 2333 3273 2408 3326; x_wconf 83' lang='lat' dir='ltr'><strong>I&quot;.</strong></span> <span class='ocrx_word' id='word_1_470' title='bbox 2471 3272 2809 3341; x_wconf 79' lang='grc' dir='ltr'>Ἐρώτησις.</span> <span class='ocrx_word' id='word_1_471' title='bbox 2874 3269 3115 3335; x_wconf 74' lang='grc' dir='ltr'>Ἐπειδὴ</span> <span class='ocrx_word' id='word_1_472' title='bbox 3150 3287 3308 3336; x_wconf 82' lang='grc' dir='ltr'>τινες</span> <span class='ocrx_word' id='word_1_473' title='bbox 3337 3270 3611 3324; x_wconf 74' lang='grc' dir='ltr'>πωλοῦσι</span> <span class='ocrx_word' id='word_1_474' title='bbox 3635 3269 3746 3338; x_wconf 72' lang='grc' dir='ltr'><strong>μὲν</strong></span> <span class='ocrx_word' id='word_1_475' title='bbox 3766 3268 3822 3319; x_wconf 77' lang='grc' dir='ltr'>τὰ</span> 
     </span>
    </p>
   </div>
   <div class='ocr_carea' id='block_1_64' title="bbox 597 3355 2159 3427">
    <p class='ocr_par' dir='ltr' id='par_1_64' title="bbox 597 3355 2159 3427">
     <span class='ocr_line' id='line_1_64' title="bbox 597 3355 2159 3427; baseline 0.003 -20"><span class='ocrx_word' id='word_1_476' title='bbox 597 3363 731 3410; x_wconf 74' lang='lat' dir='ltr'><strong>tates</strong></span> <span class='ocrx_word' id='word_1_477' title='bbox 767 3372 915 3419; x_wconf 80' lang='lat' dir='ltr'><strong>suas,</strong></span> <span class='ocrx_word' id='word_1_478' title='bbox 940 3372 1112 3409; x_wconf 79' lang='lat' dir='ltr'><strong>servos</strong></span> <span class='ocrx_word' id='word_1_479' title='bbox 1154 3355 1389 3409; x_wconf 84' lang='lat' dir='ltr'><strong>libertate</strong></span> <span class='ocrx_word' id='word_1_480' title='bbox 1428 3357 1647 3421; x_wconf 84' lang='lat' dir='ltr'><strong>donant,</strong></span> <span class='ocrx_word' id='word_1_481' title='bbox 1680 3366 1728 3410; x_wconf 87' lang='lat' dir='ltr'><strong>et</strong></span> <span class='ocrx_word' id='word_1_482' title='bbox 1756 3357 1974 3427; x_wconf 80' lang='lat' dir='ltr'><strong>implent</strong></span> <span class='ocrx_word' id='word_1_483' title='bbox 2003 3376 2159 3412; x_wconf 88' lang='lat' dir='ltr'><strong>man-</strong></span> 
     </span>
    </p>
   </div>
   <div class='ocr_carea' id='block_1_65' title="bbox 598 3446 2161 3519">
    <p class='ocr_par' dir='ltr' id='par_1_65' title="bbox 598 3446 2161 3519">
     <span class='ocr_line' id='line_1_65' title="bbox 598 3446 2161 3519; baseline 0.002 -20"><span class='ocrx_word' id='word_1_484' title='bbox 598 3447 746 3511; x_wconf 84' lang='lat' dir='ltr'><strong>data,</strong></span> <span class='ocrx_word' id='word_1_485' title='bbox 776 3462 879 3498; x_wconf 86' lang='lat' dir='ltr'><strong>non</strong></span> <span class='ocrx_word' id='word_1_486' title='bbox 911 3454 1087 3498; x_wconf 87' lang='lat' dir='ltr'><strong>tamen</strong></span> <span class='ocrx_word' id='word_1_487' title='bbox 1114 3446 1322 3499; x_wconf 78' lang='lat' dir='ltr'><strong>student</strong></span> <span class='ocrx_word' id='word_1_488' title='bbox 1350 3449 1590 3516; x_wconf 80' lang='lat' dir='ltr'><strong>consequi</strong></span> <span class='ocrx_word' id='word_1_489' title='bbox 1616 3449 1669 3500; x_wconf 85' lang='lat' dir='ltr'><strong>in</strong></span> <span class='ocrx_word' id='word_1_490' title='bbox 1699 3449 1791 3501; x_wconf 82' lang='lat' dir='ltr'><strong>hoc</strong></span> <span class='ocrx_word' id='word_1_491' title='bbox 1819 3448 2011 3501; x_wconf 83' lang='lat' dir='ltr'><strong>mundo</strong></span> <span class='ocrx_word' id='word_1_492' title='bbox 2040 3447 2161 3519; x_wconf 80' lang='lat' dir='ltr'><strong>Spi-</strong></span> 
     </span>
    </p>
   </div>
   <div class='ocr_carea' id='block_1_66' title="bbox 598 3538 2165 3611">
    <p class='ocr_par' dir='ltr' id='par_1_66' title="bbox 598 3538 2165 3611">
     <span class='ocr_line' id='line_1_66' title="bbox 598 3538 2165 3611; baseline 0.002 -21"><span class='ocrx_word' id='word_1_493' title='bbox 598 3538 785 3601; x_wconf 82' lang='lat' dir='ltr'><strong>ritum,</strong></span> <span class='ocrx_word' id='word_1_494' title='bbox 819 3555 944 3591; x_wconf 86' lang='lat' dir='ltr'><strong>num</strong></span> <span class='ocrx_word' id='word_1_495' title='bbox 989 3540 1079 3609; x_wconf 83' lang='lat' dir='ltr'><strong>qui</strong></span> <span class='ocrx_word' id='word_1_496' title='bbox 1121 3540 1195 3591; x_wconf 81' lang='lat' dir='ltr'><strong>sic</strong></span> <span class='ocrx_word' id='word_1_497' title='bbox 1232 3539 1439 3604; x_wconf 81' lang='lat' dir='ltr'><strong>vivunt,</strong></span> <span class='ocrx_word' id='word_1_498' title='bbox 1476 3556 1579 3593; x_wconf 91' lang='lat' dir='ltr'><strong>non</strong></span> <span class='ocrx_word' id='word_1_499' title='bbox 1619 3539 1808 3593; x_wconf 85' lang='lat' dir='ltr'><strong>abeunt</strong></span> <span class='ocrx_word' id='word_1_500' title='bbox 1850 3542 1906 3594; x_wconf 80' lang='lat' dir='ltr'><strong>in</strong></span> <span class='ocrx_word' id='word_1_501' title='bbox 1947 3557 2165 3611; x_wconf 86' lang='lat' dir='ltr'><strong>regnum</strong></span> 
     </span>
    </p>
   </div>
   <div class='ocr_carea' id='block_1_67' title="bbox 597 3623 883 3679">
    <p class='ocr_par' dir='ltr' id='par_1_67' title="bbox 597 3623 883 3679">
     <span class='ocr_line' id='line_1_67' title="bbox 597 3623 883 3679; baseline 0.014 -4"><span class='ocrx_word' id='word_1_502' title='bbox 597 3623 840 3679; x_wconf 60' lang='lat' dir='ltr'><strong>calorum</strong></span> <span class='ocrx_word' id='word_1_503' title='bbox 858 3625 883 3678; x_wconf 67' lang='grc' dir='ltr'>Ρ</span> 
     </span>
    </p>
   </div>
   <div class='ocr_carea' id='block_1_68' title="bbox 673 3714 2163 3789">
    <p class='ocr_par' dir='ltr' id='par_1_68' title="bbox 673 3714 2163 3789">
     <span class='ocr_line' id='line_1_68' title="bbox 673 3714 2163 3789; baseline 0.007 -22"><span class='ocrx_word' id='word_1_504' title='bbox 673 3714 970 3785; x_wconf 80' lang='lat' dir='ltr'><strong>Responsio.</strong></span> <span class='ocrx_word' id='word_1_505' title='bbox 1004 3715 1311 3787; x_wconf 84' lang='lat' dir='ltr'><strong>Disputatio</strong></span> <span class='ocrx_word' id='word_1_506' title='bbox 1359 3718 1475 3774; x_wconf 81' lang='lat' dir='ltr'><strong>haec</strong></span> <span class='ocrx_word' id='word_1_507' title='bbox 1526 3719 1744 3776; x_wconf 89' lang='lat' dir='ltr'><strong>subtilis</strong></span> <span class='ocrx_word' id='word_1_508' title='bbox 1791 3730 1895 3777; x_wconf 90' lang='lat' dir='ltr'><strong>est.</strong></span> <span class='ocrx_word' id='word_1_509' title='bbox 1931 3722 2163 3789; x_wconf 86' lang='lat' dir='ltr'><strong>Quidam</strong></span> 
     </span>
    </p>
   </div>
   <div class='ocr_carea' id='block_1_69' title="bbox 599 3806 2166 3883">
    <p class='ocr_par' dir='ltr' id='par_1_69' title="bbox 599 3806 2166 3883">
     <span class='ocr_line' id='line_1_69' title="bbox 599 3806 2166 3883; baseline 0.007 -23"><span class='ocrx_word' id='word_1_510' title='bbox 599 3806 747 3860; x_wconf 86' lang='lat' dir='ltr'><strong>enim</strong></span> <span class='ocrx_word' id='word_1_511' title='bbox 794 3807 948 3862; x_wconf 90' lang='lat' dir='ltr'><strong>aiunt</strong></span> <span class='ocrx_word' id='word_1_512' title='bbox 997 3810 1072 3879; x_wconf 63' lang='grc' dir='ltr'><strong>(ἓ)</strong></span> <span class='ocrx_word' id='word_1_513' title='bbox 1124 3810 1349 3864; x_wconf 90' lang='lat' dir='ltr'><strong>unicum</strong></span> <span class='ocrx_word' id='word_1_514' title='bbox 1399 3827 1522 3867; x_wconf 90' lang='lat' dir='ltr'><strong>esse</strong></span> <span class='ocrx_word' id='word_1_515' title='bbox 1568 3829 1823 3883; x_wconf 89' lang='lat' dir='ltr'><strong>regnum,</strong></span> <span class='ocrx_word' id='word_1_516' title='bbox 1854 3824 1910 3869; x_wconf 90' lang='lat' dir='ltr'><strong>et</strong></span> <span class='ocrx_word' id='word_1_517' title='bbox 1950 3816 2166 3871; x_wconf 91' lang='lat' dir='ltr'><strong>unicam</strong></span> 
     </span>
    </p>
   </div>
   <div class='ocr_carea' id='block_1_70' title="bbox 598 3899 2170 3978">
    <p class='ocr_par' dir='ltr' id='par_1_70' title="bbox 598 3899 2170 3978">
     <span class='ocr_line' id='line_1_70' title="bbox 598 3899 2170 3978; baseline 0.005 -25"><span class='ocrx_word' id='word_1_518' title='bbox 598 3899 927 3968; x_wconf 87' lang='lat' dir='ltr'><strong>gehennam.</strong></span> <span class='ocrx_word' id='word_1_519' title='bbox 952 3900 1062 3954; x_wconf 91' lang='lat' dir='ltr'><strong>Nos</strong></span> <span class='ocrx_word' id='word_1_520' title='bbox 1089 3910 1274 3956; x_wconf 90' lang='lat' dir='ltr'><strong>autem</strong></span> <span class='ocrx_word' id='word_1_521' title='bbox 1307 3905 1629 3968; x_wconf 87' lang='lat' dir='ltr'><strong>asserimus,</strong></span> <span class='ocrx_word' id='word_1_522' title='bbox 1662 3905 1867 3959; x_wconf 89' lang='lat' dir='ltr'><strong>multos</strong></span> <span class='ocrx_word' id='word_1_523' title='bbox 1896 3922 2017 3961; x_wconf 90' lang='lat' dir='ltr'><strong>esse</strong></span> <span class='ocrx_word' id='word_1_524' title='bbox 2046 3923 2170 3978; x_wconf 90' lang='lat' dir='ltr'><strong>gra-</strong></span> 
     </span>
    </p>
   </div>
   <div class='ocr_carea' id='block_1_71' title="bbox 597 3991 2167 4063">
    <p class='ocr_par' dir='ltr' id='par_1_71' title="bbox 597 3991 2167 4063">
     <span class='ocr_line' id='line_1_71' title="bbox 597 3991 2167 4063; baseline 0.006 -20"><span class='ocrx_word' id='word_1_525' title='bbox 597 3991 732 4055; x_wconf 91' lang='lat' dir='ltr'><strong>dus,</strong></span> <span class='ocrx_word' id='word_1_526' title='bbox 768 3992 1110 4047; x_wconf 84' lang='lat' dir='ltr'><strong>diﬁercnlias</strong></span> <span class='ocrx_word' id='word_1_527' title='bbox 1155 4000 1320 4063; x_wconf 85' lang='lat' dir='ltr'><strong>atque</strong></span> <span class='ocrx_word' id='word_1_528' title='bbox 1371 4009 1688 4059; x_wconf 89' lang='lat' dir='ltr'><strong>mensuras,</strong></span> <span class='ocrx_word' id='word_1_529' title='bbox 1725 4012 1835 4049; x_wconf 91' lang='lat' dir='ltr'><strong>non</strong></span> <span class='ocrx_word' id='word_1_530' title='bbox 1884 3998 2062 4051; x_wconf 83' lang='lat' dir='ltr'><strong>solum</strong></span> <span class='ocrx_word' id='word_1_531' title='bbox 2112 3999 2167 4052; x_wconf 91' lang='lat' dir='ltr'><strong>in</strong></span> 
     </span>
    </p>
   </div>
   <div class='ocr_carea' id='block_1_72' title="bbox 599 4084 2169 4160">
    <p class='ocr_par' dir='ltr' id='par_1_72' title="bbox 599 4084 2169 4160">
     <span class='ocr_line' id='line_1_72' title="bbox 599 4084 2169 4160; baseline 0.006 -23"><span class='ocrx_word' id='word_1_532' title='bbox 599 4084 717 4154; x_wconf 87' lang='lat' dir='ltr'><strong>ipso</strong></span> <span class='ocrx_word' id='word_1_533' title='bbox 750 4101 917 4156; x_wconf 89' lang='lat' dir='ltr'><strong>regno</strong></span> <span class='ocrx_word' id='word_1_534' title='bbox 938 4128 951 4149; x_wconf 95' lang='lat'><strong>,</strong></span> <span class='ocrx_word' id='word_1_535' title='bbox 982 4103 1175 4141; x_wconf 87' lang='lat' dir='ltr'><strong>verum</strong></span> <span class='ocrx_word' id='word_1_536' title='bbox 1215 4088 1379 4142; x_wconf 91' lang='lat' dir='ltr'><strong>etiam</strong></span> <span class='ocrx_word' id='word_1_537' title='bbox 1413 4090 1465 4143; x_wconf 91' lang='lat' dir='ltr'><strong>in</strong></span> <span class='ocrx_word' id='word_1_538' title='bbox 1501 4091 1769 4160; x_wconf 83' lang='lat' dir='ltr'><strong>gehenna.</strong></span> <span class='ocrx_word' id='word_1_539' title='bbox 1801 4091 2169 4157; x_wconf 85' lang='lat' dir='ltr'><strong>Quemadmo-</strong></span> 
     </span>
    </p>
   </div>
   <div class='ocr_carea' id='block_1_73' title="bbox 597 4180 2173 4250">
    <p class='ocr_par' dir='ltr' id='par_1_73' title="bbox 597 4180 2173 4250">
     <span class='ocr_line' id='line_1_73' title="bbox 597 4180 2173 4250; baseline 0.006 -19"><span class='ocrx_word' id='word_1_540' title='bbox 597 4180 727 4232; x_wconf 90' lang='lat' dir='ltr'><strong>dum</strong></span> <span class='ocrx_word' id='word_1_541' title='bbox 755 4195 887 4250; x_wconf 90' lang='lat' dir='ltr'><strong>ergo</strong></span> <span class='ocrx_word' id='word_1_542' title='bbox 912 4188 999 4233; x_wconf 90' lang='lat' dir='ltr'><strong>est</strong></span> <span class='ocrx_word' id='word_1_543' title='bbox 1029 4196 1135 4235; x_wconf 89' lang='lat' dir='ltr'><strong>una</strong></span> <span class='ocrx_word' id='word_1_544' title='bbox 1162 4181 1341 4236; x_wconf 91' lang='lat' dir='ltr'><strong>anima</strong></span> <span class='ocrx_word' id='word_1_545' title='bbox 1370 4183 1424 4236; x_wconf 91' lang='lat' dir='ltr'><strong>in</strong></span> <span class='ocrx_word' id='word_1_546' title='bbox 1450 4185 1706 4238; x_wconf 91' lang='lat' dir='ltr'><strong>omnibus</strong></span> <span class='ocrx_word' id='word_1_547' title='bbox 1729 4185 2003 4240; x_wconf 75' lang='lat' dir='ltr'><strong>membris.</strong></span> <span class='ocrx_word' id='word_1_548' title='bbox 2028 4186 2173 4240; x_wconf 86' lang='lat' dir='ltr'><strong>nihi-</strong></span> 
     </span>
    </p>
   </div>
   <div class='ocr_carea' id='block_1_74' title="bbox 599 4267 2171 4340">
    <p class='ocr_par' dir='ltr' id='par_1_74' title="bbox 599 4267 2171 4340">
     <span class='ocr_line' id='line_1_74' title="bbox 599 4267 2171 4340; baseline 0.006 -20"><span class='ocrx_word' id='word_1_549' title='bbox 599 4267 841 4321; x_wconf 88' lang='lat' dir='ltr'><strong>lominus</strong></span> <span class='ocrx_word' id='word_1_550' title='bbox 866 4284 931 4322; x_wconf 90' lang='lat' dir='ltr'><strong>ea</strong></span> <span class='ocrx_word' id='word_1_551' title='bbox 962 4284 1182 4323; x_wconf 90' lang='lat' dir='ltr'><strong>sursum</strong></span> <span class='ocrx_word' id='word_1_552' title='bbox 1213 4271 1267 4324; x_wconf 92' lang='lat' dir='ltr'><strong>in</strong></span> <span class='ocrx_word' id='word_1_553' title='bbox 1297 4272 1528 4326; x_wconf 88' lang='lat' dir='ltr'><strong>cerebro</strong></span> <span class='ocrx_word' id='word_1_554' title='bbox 1550 4275 1659 4326; x_wconf 88' lang='lat' dir='ltr'><strong>vim</strong></span> <span class='ocrx_word' id='word_1_555' title='bbox 1680 4288 1835 4327; x_wconf 91' lang='lat' dir='ltr'><strong>suam</strong></span> <span class='ocrx_word' id='word_1_556' title='bbox 1864 4275 2086 4340; x_wconf 66' lang='lat' dir='ltr'><strong>exserit,</strong></span> <span class='ocrx_word' id='word_1_557' title='bbox 2116 4283 2171 4330; x_wconf 90' lang='lat' dir='ltr'><strong>et</strong></span> 
     </span>
    </p>
   </div>
   <div class='ocr_carea' id='block_1_75' title="bbox 601 4359 2172 4436">
    <p class='ocr_par' dir='ltr' id='par_1_75' title="bbox 601 4359 2172 4436">
     <span class='ocr_line' id='line_1_75' title="bbox 601 4359 2172 4436; baseline 0.008 -24"><span class='ocrx_word' id='word_1_558' title='bbox 601 4359 856 4413; x_wconf 85' lang='lat' dir='ltr'><strong>deorsum</strong></span> <span class='ocrx_word' id='word_1_559' title='bbox 901 4360 1068 4429; x_wconf 90' lang='lat' dir='ltr'><strong>pedes</strong></span> <span class='ocrx_word' id='word_1_560' title='bbox 1114 4372 1428 4418; x_wconf 89' lang='lat' dir='ltr'><strong>commovet</strong></span> <span class='ocrx_word' id='word_1_561' title='bbox 1476 4382 1489 4417; x_wconf 91' lang='lat'><strong>:</strong></span> <span class='ocrx_word' id='word_1_562' title='bbox 1536 4366 1615 4421; x_wconf 90' lang='lat' dir='ltr'><strong>sic</strong></span> <span class='ocrx_word' id='word_1_563' title='bbox 1656 4382 1874 4436; x_wconf 89' lang='lat' dir='ltr'><strong>quoque</strong></span> <span class='ocrx_word' id='word_1_564' title='bbox 1913 4368 2172 4424; x_wconf 86' lang='lat' dir='ltr'><strong>divinitas</strong></span> 
     </span>
    </p>
   </div>
   <div class='ocr_carea' id='block_1_76' title="bbox 605 4456 2171 4532">
    <p class='ocr_par' dir='ltr' id='par_1_76' title="bbox 605 4456 2171 4532">
     <span class='ocr_line' id='line_1_76' title="bbox 605 4456 2171 4532; baseline 0.008 -29"><span class='ocrx_word' id='word_1_565' title='bbox 605 4465 796 4505; x_wconf 89' lang='lat' dir='ltr'><strong>omnes</strong></span> <span class='ocrx_word' id='word_1_566' title='bbox 830 4461 1136 4517; x_wconf 90' lang='lat' dir='ltr'><strong>creaturas,</strong></span> <span class='ocrx_word' id='word_1_567' title='bbox 1171 4461 1283 4507; x_wconf 90' lang='lat' dir='ltr'><strong>tum</strong></span> <span class='ocrx_word' id='word_1_568' title='bbox 1320 4456 1594 4523; x_wconf 73' lang='lat' dir='ltr'><strong>cmlestes,</strong></span> <span class='ocrx_word' id='word_1_569' title='bbox 1627 4475 1747 4528; x_wconf 84' lang='lat' dir='ltr'><strong>quae</strong></span> <span class='ocrx_word' id='word_1_570' title='bbox 1781 4460 1975 4515; x_wconf 90' lang='lat' dir='ltr'><strong>subtus</strong></span> <span class='ocrx_word' id='word_1_571' title='bbox 2009 4462 2171 4532; x_wconf 86' lang='lat' dir='ltr'><strong>abys-</strong></span> 
     </span>
    </p>
   </div>
   <div class='ocr_carea' id='block_1_77' title="bbox 607 4547 2165 4619">
    <p class='ocr_par' dir='ltr' id='par_1_77' title="bbox 607 4547 2165 4619">
     <span class='ocr_line' id='line_1_77' title="bbox 607 4547 2165 4619; baseline 0.008 -23"><span class='ocrx_word' id='word_1_572' title='bbox 607 4558 726 4596; x_wconf 91' lang='lat' dir='ltr'><strong>sum</strong></span> <span class='ocrx_word' id='word_1_573' title='bbox 754 4554 902 4607; x_wconf 90' lang='lat' dir='ltr'><strong>sunt,</strong></span> <span class='ocrx_word' id='word_1_574' title='bbox 922 4547 1188 4611; x_wconf 89' lang='lat' dir='ltr'><strong>continet,</strong></span> <span class='ocrx_word' id='word_1_575' title='bbox 1209 4555 1265 4601; x_wconf 90' lang='lat' dir='ltr'><strong>et</strong></span> <span class='ocrx_word' id='word_1_576' title='bbox 1288 4547 1490 4617; x_wconf 91' lang='lat' dir='ltr'><strong>ubique</strong></span> <span class='ocrx_word' id='word_1_577' title='bbox 1516 4552 1673 4619; x_wconf 90' lang='lat' dir='ltr'><strong>plene</strong></span> <span class='ocrx_word' id='word_1_578' title='bbox 1698 4552 1853 4606; x_wconf 89' lang='lat' dir='ltr'><strong>estin</strong></span> <span class='ocrx_word' id='word_1_579' title='bbox 1880 4554 2165 4618; x_wconf 89' lang='lat' dir='ltr'><strong>creaturis,</strong></span> 
     </span>
    </p>
   </div>
   <div class='ocr_carea' id='block_1_78' title="bbox 2266 3362 3822 3432">
    <p class='ocr_par' dir='ltr' id='par_1_78' title="bbox 2266 3362 3822 3432">
     <span class='ocr_line' id='line_1_78' title="bbox 2266 3362 3822 3432; baseline -0.003 -15"><span class='ocrx_word' id='word_1_580' title='bbox 2266 3364 2635 3432; x_wconf 82' lang='grc' dir='ltr'>ὑπάρχοντα,</span> <span class='ocrx_word' id='word_1_581' title='bbox 2668 3364 2765 3417; x_wconf 78' lang='grc' dir='ltr'><strong>καὶ</strong></span> <span class='ocrx_word' id='word_1_582' title='bbox 2798 3362 3058 3429; x_wconf 78' lang='grc' dir='ltr'>δούλους</span> <span class='ocrx_word' id='word_1_583' title='bbox 3086 3363 3491 3429; x_wconf 76' lang='grc' dir='ltr'>ἐλευθεροῦσι,</span> <span class='ocrx_word' id='word_1_584' title='bbox 3516 3364 3619 3415; x_wconf 75' lang='grc' dir='ltr'>καὶ</span> <span class='ocrx_word' id='word_1_585' title='bbox 3646 3362 3822 3415; x_wconf 51' lang='lat' dir='ltr'><strong>atomi}-</strong></span> 
     </span>
    </p>
   </div>
   <div class='ocr_carea' id='block_1_79' title="bbox 2268 3452 3823 3521">
    <p class='ocr_par' dir='ltr' id='par_1_79' title="bbox 2268 3452 3823 3521">
     <span class='ocr_line' id='line_1_79' title="bbox 2268 3452 3823 3521; baseline -0.003 -12"><span class='ocrx_word' id='word_1_586' title='bbox 2268 3472 2373 3510; x_wconf 80' lang='grc' dir='ltr'>σιν</span> <span class='ocrx_word' id='word_1_587' title='bbox 2406 3456 2657 3519; x_wconf 71' lang='grc' dir='ltr'>ἐντολὰς</span> <span class='ocrx_word' id='word_1_588' title='bbox 2679 3495 2694 3518; x_wconf 94' lang='grc'><strong>,</strong></span> <span class='ocrx_word' id='word_1_589' title='bbox 2735 3456 2808 3508; x_wconf 89' lang='grc' dir='ltr'>οὐ</span> <span class='ocrx_word' id='word_1_590' title='bbox 2839 3453 3081 3521; x_wconf 81' lang='grc' dir='ltr'>ζητοῦσι</span> <span class='ocrx_word' id='word_1_591' title='bbox 3115 3452 3183 3506; x_wconf 78' lang='grc' dir='ltr'>δὲ</span> <span class='ocrx_word' id='word_1_592' title='bbox 3209 3452 3417 3507; x_wconf 74' lang='grc' dir='ltr'>λαϐεῖν</span> <span class='ocrx_word' id='word_1_593' title='bbox 3440 3454 3507 3505; x_wconf 80' lang='grc' dir='ltr'><strong>ἐν</strong></span> <span class='ocrx_word' id='word_1_594' title='bbox 3542 3452 3624 3518; x_wconf 77' lang='grc' dir='ltr'>τῷ</span> <span class='ocrx_word' id='word_1_595' title='bbox 3645 3456 3823 3521; x_wconf 71' lang='grc' dir='ltr'>κόσμῳ</span> 
     </span>
    </p>
   </div>
   <div class='ocr_carea' id='block_1_80' title="bbox 2267 3545 3823 3616">
    <p class='ocr_par' dir='ltr' id='par_1_80' title="bbox 2267 3545 3823 3616">
     <span class='ocr_line' id='line_1_80' title="bbox 2267 3545 3823 3616; baseline -0.003 -14"><span class='ocrx_word' id='word_1_596' title='bbox 2267 3548 2455 3614; x_wconf 84' lang='grc' dir='ltr'>τούτῳ</span> <span class='ocrx_word' id='word_1_597' title='bbox 2487 3547 2554 3599; x_wconf 84' lang='grc' dir='ltr'>τὸ</span> <span class='ocrx_word' id='word_1_598' title='bbox 2589 3548 2860 3616; x_wconf 79' lang='grc' dir='ltr'>Πνεῦμα,</span> <span class='ocrx_word' id='word_1_599' title='bbox 2907 3546 3021 3615; x_wconf 79' lang='grc' dir='ltr'>ἄρα</span> <span class='ocrx_word' id='word_1_600' title='bbox 3056 3545 3267 3611; x_wconf 76' lang='grc' dir='ltr'>ζῶντες</span> <span class='ocrx_word' id='word_1_601' title='bbox 3296 3545 3480 3611; x_wconf 82' lang='grc' dir='ltr'>οὕτως</span> <span class='ocrx_word' id='word_1_602' title='bbox 3519 3547 3636 3598; x_wconf 79' lang='grc' dir='ltr'>οὐκ</span> <span class='ocrx_word' id='word_1_603' title='bbox 3670 3545 3823 3613; x_wconf 67' lang='grc' dir='ltr'>ἀπέρ-</span> 
     </span>
    </p>
   </div>
   <div class='ocr_carea' id='block_1_81' title="bbox 2270 3638 3569 3711">
    <p class='ocr_par' dir='ltr' id='par_1_81' title="bbox 2270 3638 3569 3711">
     <span class='ocr_line' id='line_1_81' title="bbox 2270 3638 3569 3711; baseline -0.001 -18"><span class='ocrx_word' id='word_1_604' title='bbox 2270 3658 2476 3711; x_wconf 79' lang='grc' dir='ltr'>χονται</span> <span class='ocrx_word' id='word_1_605' title='bbox 2510 3644 2598 3706; x_wconf 76' lang='grc' dir='ltr'>εἱς</span> <span class='ocrx_word' id='word_1_606' title='bbox 2624 3640 2739 3708; x_wconf 78' lang='grc' dir='ltr'><strong>τὴν</strong></span> <span class='ocrx_word' id='word_1_607' title='bbox 2758 3641 3087 3704; x_wconf 75' lang='grc' dir='ltr'>,βασιλείαν</span> <span class='ocrx_word' id='word_1_608' title='bbox 3119 3639 3237 3693; x_wconf 77' lang='grc' dir='ltr'><strong>τῶν</strong></span> <span class='ocrx_word' id='word_1_609' title='bbox 3258 3638 3569 3707; x_wconf 57' lang='grc' dir='ltr'><strong>οὐρανῶν-,ι</strong></span> 
     </span>
    </p>
   </div>
   <div class='ocr_carea' id='block_1_82' title="bbox 2352 3725 3823 3800">
    <p class='ocr_par' dir='ltr' id='par_1_82' title="bbox 2352 3725 3823 3800">
     <span class='ocr_line' id='line_1_82' title="bbox 2352 3725 3823 3800; baseline -0.004 -14"><span class='ocrx_word' id='word_1_610' title='bbox 2352 3734 2705 3800; x_wconf 83' lang='grc' dir='ltr'>Ἀπόκρισις.</span> <span class='ocrx_word' id='word_1_611' title='bbox 2776 3732 2833 3785; x_wconf 87' lang='lat'><strong>&#39;0</strong></span> <span class='ocrx_word' id='word_1_612' title='bbox 2860 3732 3015 3800; x_wconf 78' lang='grc' dir='ltr'>λόγος</span> <span class='ocrx_word' id='word_1_613' title='bbox 3065 3725 3217 3794; x_wconf 76' lang='grc' dir='ltr'>οὗτος</span> <span class='ocrx_word' id='word_1_614' title='bbox 3265 3731 3461 3793; x_wconf 83' lang='grc' dir='ltr'>λεπτός</span> <span class='ocrx_word' id='word_1_615' title='bbox 3496 3731 3639 3783; x_wconf 74' lang='grc' dir='ltr'>ἑστι.</span> <span class='ocrx_word' id='word_1_616' title='bbox 3692 3730 3823 3790; x_wconf 78' lang='grc' dir='ltr'>Τινὲς</span> 
     </span>
    </p>
   </div>
   <div class='ocr_carea' id='block_1_83' title="bbox 2268 3821 3821 3895">
    <p class='ocr_par' dir='ltr' id='par_1_83' title="bbox 2268 3821 3821 3895">
     <span class='ocr_line' id='line_1_83' title="bbox 2268 3821 3821 3895; baseline -0.005 -18"><span class='ocrx_word' id='word_1_617' title='bbox 2268 3825 2377 3895; x_wconf 86' lang='grc' dir='ltr'><strong>γάρ</strong></span> <span class='ocrx_word' id='word_1_618' title='bbox 2407 3826 2623 3894; x_wconf 85' lang='grc' dir='ltr'>λέγουσι</span> <span class='ocrx_word' id='word_1_619' title='bbox 2662 3824 2791 3894; x_wconf 87' lang='grc' dir='ltr'>μίαν</span> <span class='ocrx_word' id='word_1_620' title='bbox 2822 3823 3101 3894; x_wconf 83' lang='grc' dir='ltr'>βασιλειαν</span> <span class='ocrx_word' id='word_1_621' title='bbox 3121 3862 3135 3883; x_wconf 87' lang='grc'><strong>,</strong></span> <span class='ocrx_word' id='word_1_622' title='bbox 3177 3823 3271 3875; x_wconf 71' lang='grc' dir='ltr'><strong>καὶ</strong></span> <span class='ocrx_word' id='word_1_623' title='bbox 3297 3823 3518 3890; x_wconf 85' lang='grc' dir='ltr'>γέενναν</span> <span class='ocrx_word' id='word_1_624' title='bbox 3542 3839 3558 3854; x_wconf 80' lang='grc'><em>’</em></span> <span class='ocrx_word' id='word_1_625' title='bbox 3602 3823 3755 3893; x_wconf 75' lang='grc' dir='ltr'>ἡμεῖς</span> <span class='ocrx_word' id='word_1_626' title='bbox 3776 3821 3821 3870; x_wconf 69' lang='grc' dir='ltr'>δὲ</span> 
     </span>
    </p>
   </div>
   <div class='ocr_carea' id='block_1_84' title="bbox 2268 3913 3819 3985">
    <p class='ocr_par' dir='ltr' id='par_1_84' title="bbox 2268 3913 3819 3985">
     <span class='ocr_line' id='line_1_84' title="bbox 2268 3913 3819 3985; baseline -0.005 -16"><span class='ocrx_word' id='word_1_627' title='bbox 2268 3916 2497 3985; x_wconf 83' lang='grc' dir='ltr'>λέγομεν</span> <span class='ocrx_word' id='word_1_628' title='bbox 2528 3915 2769 3985; x_wconf 81' lang='grc' dir='ltr'>βαθμοὺς</span> <span class='ocrx_word' id='word_1_629' title='bbox 2801 3915 3029 3977; x_wconf 81' lang='grc' dir='ltr'>πολλοὺς</span> <span class='ocrx_word' id='word_1_630' title='bbox 3057 3915 3151 3967; x_wconf 79' lang='grc' dir='ltr'><strong>καὶ</strong></span> <span class='ocrx_word' id='word_1_631' title='bbox 3175 3914 3435 3985; x_wconf 81' lang='grc' dir='ltr'>διαφοράς</span> <span class='ocrx_word' id='word_1_632' title='bbox 3454 3954 3470 3979; x_wconf 90' lang='grc'><strong>,</strong></span> <span class='ocrx_word' id='word_1_633' title='bbox 3510 3914 3615 3967; x_wconf 75' lang='grc' dir='ltr'><strong>καὶ</strong></span> <span class='ocrx_word' id='word_1_634' title='bbox 3643 3913 3819 3982; x_wconf 73' lang='grc' dir='ltr'>μέτρα·</span> 
     </span>
    </p>
   </div>
   <div class='ocr_carea' id='block_1_85' title="bbox 2271 4005 3822 4078">
    <p class='ocr_par' dir='ltr' id='par_1_85' title="bbox 2271 4005 3822 4078">
     <span class='ocr_line' id='line_1_85' title="bbox 2271 4005 3822 4078; baseline -0.005 -18"><span class='ocrx_word' id='word_1_635' title='bbox 2271 4009 2365 4061; x_wconf 75' lang='grc' dir='ltr'>καὶ</span> <span class='ocrx_word' id='word_1_636' title='bbox 2390 4010 2447 4060; x_wconf 82' lang='grc' dir='ltr'>ὲν</span> <span class='ocrx_word' id='word_1_637' title='bbox 2472 4008 2608 4078; x_wconf 82' lang='grc' dir='ltr'><strong>αὑτῇ</strong></span> <span class='ocrx_word' id='word_1_638' title='bbox 2638 4009 2703 4077; x_wconf 81' lang='grc' dir='ltr'>τῇ</span> <span class='ocrx_word' id='word_1_639' title='bbox 2738 4006 3005 4077; x_wconf 79' lang='grc' dir='ltr'>βασιλείᾳ,</span> <span class='ocrx_word' id='word_1_640' title='bbox 3040 4007 3133 4057; x_wconf 78' lang='grc' dir='ltr'><strong>καὶ</strong></span> <span class='ocrx_word' id='word_1_641' title='bbox 3164 4008 3222 4059; x_wconf 85' lang='grc' dir='ltr'>ὲν</span> <span class='ocrx_word' id='word_1_642' title='bbox 3247 4008 3383 4076; x_wconf 80' lang='grc' dir='ltr'><strong>αὑτῇ</strong></span> <span class='ocrx_word' id='word_1_643' title='bbox 3410 4009 3477 4076; x_wconf 80' lang='grc' dir='ltr'>τῇ</span> <span class='ocrx_word' id='word_1_644' title='bbox 3502 4005 3822 4074; x_wconf 73' lang='grc' dir='ltr'>γεέννη.ὀτο</span> 
     </span>
    </p>
   </div>
   <div class='ocr_carea' id='block_1_86' title="bbox 2271 4095 3821 4169">
    <p class='ocr_par' dir='ltr' id='par_1_86' title="bbox 2271 4095 3821 4169">
     <span class='ocr_line' id='line_1_86' title="bbox 2271 4095 3821 4169; baseline -0.005 -17"><span class='ocrx_word' id='word_1_645' title='bbox 2271 4117 2377 4169; x_wconf 89' lang='grc' dir='ltr'><strong>περ</strong></span> <span class='ocrx_word' id='word_1_646' title='bbox 2406 4098 2461 4151; x_wconf 73' lang='grc' dir='ltr'><strong>δέ</strong></span> <span class='ocrx_word' id='word_1_647' title='bbox 2492 4100 2607 4152; x_wconf 71' lang='grc' dir='ltr'>ἐστι</span> <span class='ocrx_word' id='word_1_648' title='bbox 2634 4098 2781 4167; x_wconf 72' lang='grc' dir='ltr'>ψυχὴ</span> <span class='ocrx_word' id='word_1_649' title='bbox 2808 4099 2865 4151; x_wconf 86' lang='grc' dir='ltr'>ὲν</span> <span class='ocrx_word' id='word_1_650' title='bbox 2888 4098 3031 4162; x_wconf 84' lang='grc' dir='ltr'>ὅλοις</span> <span class='ocrx_word' id='word_1_651' title='bbox 3060 4101 3173 4161; x_wconf 85' lang='grc' dir='ltr'>τοῖς</span> <span class='ocrx_word' id='word_1_652' title='bbox 3202 4098 3411 4168; x_wconf 82' lang='grc' dir='ltr'>μέλεσι,</span> <span class='ocrx_word' id='word_1_653' title='bbox 3439 4098 3534 4149; x_wconf 73' lang='grc' dir='ltr'><strong>καὶ</strong></span> <span class='ocrx_word' id='word_1_654' title='bbox 3560 4098 3673 4150; x_wconf 77' lang='grc' dir='ltr'>ἄνω</span> <span class='ocrx_word' id='word_1_655' title='bbox 3692 4099 3744 4148; x_wconf 84' lang='grc' dir='ltr'>ὲν</span> <span class='ocrx_word' id='word_1_656' title='bbox 3760 4095 3821 4161; x_wconf 75' lang='grc' dir='ltr'><strong>τῷ</strong></span> 
     </span>
    </p>
   </div>
   <div class='ocr_carea' id='block_1_87' title="bbox 2271 4190 3821 4260">
    <p class='ocr_par' dir='ltr' id='par_1_87' title="bbox 2271 4190 3821 4260">
     <span class='ocr_line' id='line_1_87' title="bbox 2271 4190 3821 4260; baseline -0.005 -16"><span class='ocrx_word' id='word_1_657' title='bbox 2271 4190 2559 4260; x_wconf 72' lang='grc' dir='ltr'>ἐγκεφάλῳ</span> <span class='ocrx_word' id='word_1_658' title='bbox 2588 4193 2805 4259; x_wconf 74' lang='grc' dir='ltr'>ἐνεργεῖ</span> <span class='ocrx_word' id='word_1_659' title='bbox 2824 4232 2838 4256; x_wconf 92' lang='grc'><strong>,</strong></span> <span class='ocrx_word' id='word_1_660' title='bbox 2874 4191 2967 4243; x_wconf 79' lang='grc' dir='ltr'><strong>καὶ</strong></span> <span class='ocrx_word' id='word_1_661' title='bbox 2996 4190 3150 4243; x_wconf 88' lang='grc' dir='ltr'>κάτω</span> <span class='ocrx_word' id='word_1_662' title='bbox 3176 4192 3303 4253; x_wconf 88' lang='grc' dir='ltr'>τοὺς</span> <span class='ocrx_word' id='word_1_663' title='bbox 3330 4190 3493 4252; x_wconf 81' lang='grc' dir='ltr'>πόδας</span> <span class='ocrx_word' id='word_1_664' title='bbox 3518 4191 3663 4256; x_wconf 71' lang='grc' dir='ltr'>αὐτὴ</span> <span class='ocrx_word' id='word_1_665' title='bbox 3688 4194 3821 4240; x_wconf 62' lang='lat' dir='ltr'><strong>xm?</strong></span> 
     </span>
    </p>
   </div>
   <div class='ocr_carea' id='block_1_88' title="bbox 2270 4281 3819 4353">
    <p class='ocr_par' dir='ltr' id='par_1_88' title="bbox 2270 4281 3819 4353">
     <span class='ocr_line' id='line_1_88' title="bbox 2270 4281 3819 4353; baseline -0.004 -17"><span class='ocrx_word' id='word_1_666' title='bbox 2270 4283 2443 4347; x_wconf 78' lang='grc' dir='ltr'>οὕτως</span> <span class='ocrx_word' id='word_1_667' title='bbox 2486 4285 2581 4337; x_wconf 71' lang='grc' dir='ltr'><strong>καὶ</strong></span> <span class='ocrx_word' id='word_1_668' title='bbox 2610 4284 2643 4353; x_wconf 78' lang='grc' dir='ltr'><strong>ἡ</strong></span> <span class='ocrx_word' id='word_1_669' title='bbox 2674 4283 2865 4351; x_wconf 84' lang='grc' dir='ltr'>θεότης</span> <span class='ocrx_word' id='word_1_670' title='bbox 2912 4281 3090 4335; x_wconf 88' lang='grc' dir='ltr'>πάντα</span> <span class='ocrx_word' id='word_1_671' title='bbox 3122 4281 3189 4335; x_wconf 80' lang='grc' dir='ltr'>τὰ</span> <span class='ocrx_word' id='word_1_672' title='bbox 3217 4283 3485 4351; x_wconf 79' lang='grc' dir='ltr'>κτίσματα</span> <span class='ocrx_word' id='word_1_673' title='bbox 3512 4282 3587 4334; x_wconf 79' lang='grc' dir='ltr'>τὰ</span> <span class='ocrx_word' id='word_1_674' title='bbox 3612 4281 3819 4347; x_wconf 60' lang='grc' dir='ltr'>ἐπουρῶ</span> 
     </span>
    </p>
   </div>
   <div class='ocr_carea' id='block_1_89' title="bbox 2272 4373 3823 4445">
    <p class='ocr_par' dir='ltr' id='par_1_89' title="bbox 2272 4373 3823 4445">
     <span class='ocr_line' id='line_1_89' title="bbox 2272 4373 3823 4445; baseline -0.003 -16"><span class='ocrx_word' id='word_1_675' title='bbox 2272 4394 2381 4441; x_wconf 89' lang='grc' dir='ltr'>νια,</span> <span class='ocrx_word' id='word_1_676' title='bbox 2417 4376 2511 4429; x_wconf 81' lang='grc' dir='ltr'>καὶ</span> <span class='ocrx_word' id='word_1_677' title='bbox 2538 4375 2606 4429; x_wconf 87' lang='grc' dir='ltr'><strong>τά</strong></span> <span class='ocrx_word' id='word_1_678' title='bbox 2636 4375 2891 4429; x_wconf 83' lang='grc' dir='ltr'>ὑποκάτω</span> <span class='ocrx_word' id='word_1_679' title='bbox 2920 4377 3019 4444; x_wconf 87' lang='grc' dir='ltr'>τῆς</span> <span class='ocrx_word' id='word_1_680' title='bbox 3047 4373 3287 4427; x_wconf 77' lang='grc' dir='ltr'>ἀϐύσσου</span> <span class='ocrx_word' id='word_1_681' title='bbox 3320 4374 3585 4445; x_wconf 80' lang='grc' dir='ltr'>περιέχει,</span> <span class='ocrx_word' id='word_1_682' title='bbox 3606 4374 3699 4428; x_wconf 76' lang='grc' dir='ltr'><strong>καὶ</strong></span> <span class='ocrx_word' id='word_1_683' title='bbox 3719 4391 3823 4425; x_wconf 66' lang='grc' dir='ltr'>παν-</span> 
     </span>
    </p>
   </div>
   <div class='ocr_carea' id='block_1_90' title="bbox 2270 4466 3821 4539">
    <p class='ocr_par' dir='ltr' id='par_1_90' title="bbox 2270 4466 3821 4539">
     <span class='ocr_line' id='line_1_90' title="bbox 2270 4466 3821 4539; baseline -0.005 -17"><span class='ocrx_word' id='word_1_684' title='bbox 2270 4467 2433 4539; x_wconf 86' lang='grc' dir='ltr'>ταχοῦ</span> <span class='ocrx_word' id='word_1_685' title='bbox 2465 4467 2821 4539; x_wconf 86' lang='grc' dir='ltr'>πεπλήρωται</span> <span class='ocrx_word' id='word_1_686' title='bbox 2852 4468 2910 4519; x_wconf 83' lang='grc' dir='ltr'>ὲν</span> <span class='ocrx_word' id='word_1_687' title='bbox 2939 4469 3006 4537; x_wconf 82' lang='grc' dir='ltr'>τῇ</span> <span class='ocrx_word' id='word_1_688' title='bbox 3033 4467 3230 4530; x_wconf 80' lang='grc' dir='ltr'>κτίσει,</span> <span class='ocrx_word' id='word_1_689' title='bbox 3266 4467 3315 4518; x_wconf 85' lang='grc' dir='ltr'><strong>εί</strong></span> <span class='ocrx_word' id='word_1_690' title='bbox 3343 4466 3435 4518; x_wconf 77' lang='grc' dir='ltr'>καὶ</span> <span class='ocrx_word' id='word_1_691' title='bbox 3465 4466 3706 4535; x_wconf 79' lang='grc' dir='ltr'>ἑξωτέρα</span> <span class='ocrx_word' id='word_1_692' title='bbox 3732 4466 3821 4515; x_wconf 69' lang='grc' dir='ltr'>τᾶν</span> 
     </span>
    </p>
   </div>
   <div class='ocr_carea' id='block_1_91' title="bbox 2273 4558 3818 4630">
    <p class='ocr_par' dir='ltr' id='par_1_91' title="bbox 2273 4558 3818 4630">
     <span class='ocr_line' id='line_1_91' title="bbox 2273 4558 3818 4630; baseline -0.005 -16"><span class='ocrx_word' id='word_1_693' title='bbox 2273 4560 2587 4630; x_wconf 80' lang='grc' dir='ltr'>κτισμάτων</span> <span class='ocrx_word' id='word_1_694' title='bbox 2620 4560 2755 4625; x_wconf 76' lang='grc' dir='ltr'>ἐστὶ,</span> <span class='ocrx_word' id='word_1_695' title='bbox 2793 4558 2882 4612; x_wconf 83' lang='grc' dir='ltr'><strong>διὰ</strong></span> <span class='ocrx_word' id='word_1_696' title='bbox 2908 4559 2969 4611; x_wconf 76' lang='grc' dir='ltr'>τὸ</span> <span class='ocrx_word' id='word_1_697' title='bbox 2995 4558 3305 4629; x_wconf 82' lang='grc' dir='ltr'>ἀμέτρητον</span> <span class='ocrx_word' id='word_1_698' title='bbox 3330 4558 3424 4609; x_wconf 76' lang='grc' dir='ltr'>καὶ</span> <span class='ocrx_word' id='word_1_699' title='bbox 3451 4558 3818 4626; x_wconf 65' lang='grc' dir='ltr'>ἀπερίληπτον.</span> 
     </span>
    </p>
   </div>
   <div class='ocr_carea' id='block_1_92' title="bbox 602 4631 2164 4722">
    <p class='ocr_par' dir='ltr' id='par_1_92' title="bbox 602 4635 2164 4713">
     <span class='ocr_line' id='line_1_92' title="bbox 602 4635 2164 4713; baseline 0.009 -27"><span class='ocrx_word' id='word_1_700' title='bbox 602 4635 858 4702; x_wconf 82' lang='lat' dir='ltr'><strong>quamvis</strong></span> <span class='ocrx_word' id='word_1_701' title='bbox 890 4636 1060 4691; x_wconf 68' lang='lat' dir='ltr'><strong>aliena</strong></span> <span class='ocrx_word' id='word_1_702' title='bbox 1090 4654 1120 4691; x_wconf 94' lang='lat' dir='ltr'><strong>a</strong></span> <span class='ocrx_word' id='word_1_703' title='bbox 1153 4640 1423 4694; x_wconf 89' lang='lat' dir='ltr'><strong>creaturis</strong></span> <span class='ocrx_word' id='word_1_704' title='bbox 1454 4641 1545 4707; x_wconf 88' lang='lat' dir='ltr'><strong>sit,</strong></span> <span class='ocrx_word' id='word_1_705' title='bbox 1575 4658 1641 4697; x_wconf 92' lang='lat' dir='ltr'><strong>eo</strong></span> <span class='ocrx_word' id='word_1_706' title='bbox 1676 4643 1821 4713; x_wconf 92' lang='lat' dir='ltr'><strong>quod</strong></span> <span class='ocrx_word' id='word_1_707' title='bbox 1856 4644 1925 4699; x_wconf 94' lang='lat' dir='ltr'><strong>sit</strong></span> <span class='ocrx_word' id='word_1_708' title='bbox 1954 4646 2164 4700; x_wconf 90' lang='lat' dir='ltr'><strong>dimen-</strong></span> 
     </span>
    </p>
   </div>
   <div class='ocr_carea' id='block_1_93' title="bbox 2263 4631 3817 4722">
    <p class='ocr_par' dir='ltr' id='par_1_93' title="bbox 2276 4646 3817 4722">
     <span class='ocr_line' id='line_1_93' title="bbox 2276 4646 3817 4722; baseline -0.006 -16"><span class='ocrx_word' id='word_1_709' title='bbox 2276 4651 2538 4722; x_wconf 86' lang='grc' dir='ltr'>Προσέχει</span> <span class='ocrx_word' id='word_1_710' title='bbox 2580 4647 2674 4704; x_wconf 88' lang='grc' dir='ltr'><strong>οῦν</strong></span> <span class='ocrx_word' id='word_1_711' title='bbox 2723 4650 2858 4720; x_wconf 74' lang='grc' dir='ltr'>αὑτὴ</span> <span class='ocrx_word' id='word_1_712' title='bbox 2906 4652 2940 4721; x_wconf 75' lang='grc' dir='ltr'><strong>ἡ</strong></span> <span class='ocrx_word' id='word_1_713' title='bbox 2985 4650 3179 4720; x_wconf 84' lang='grc' dir='ltr'>θεότης</span> <span class='ocrx_word' id='word_1_714' title='bbox 3228 4652 3339 4711; x_wconf 84' lang='grc' dir='ltr'>τοῖς</span> <span class='ocrx_word' id='word_1_715' title='bbox 3379 4648 3713 4718; x_wconf 78' lang='grc' dir='ltr'>ἀνθρώποις,</span> <span class='ocrx_word' id='word_1_716' title='bbox 3746 4646 3817 4698; x_wconf 68' lang='grc' dir='ltr'>καὶ</span> 
     </span>
    </p>
   </div>
   <div class='ocr_carea' id='block_1_94' title="bbox 602 4724 2171 4809">
    <p class='ocr_par' dir='ltr' id='par_1_94' title="bbox 602 4724 2171 4809">
     <span class='ocr_line' id='line_1_94' title="bbox 602 4724 2171 4809; baseline 0.01 -32"><span class='ocrx_word' id='word_1_717' title='bbox 602 4724 776 4779; x_wconf 85' lang='lat' dir='ltr'><strong>sionis</strong></span> <span class='ocrx_word' id='word_1_718' title='bbox 824 4733 880 4780; x_wconf 91' lang='lat' dir='ltr'><strong>et</strong></span> <span class='ocrx_word' id='word_1_719' title='bbox 927 4730 1439 4796; x_wconf 87' lang='lat' dir='ltr'><strong>comprehensionis</strong></span> <span class='ocrx_word' id='word_1_720' title='bbox 1483 4748 1699 4801; x_wconf 84' lang='lat' dir='ltr'><strong>expers.</strong></span> <span class='ocrx_word' id='word_1_721' title='bbox 1748 4735 1997 4791; x_wconf 84' lang='lat' dir='ltr'><strong>Attendit</strong></span> <span class='ocrx_word' id='word_1_722' title='bbox 2040 4752 2171 4809; x_wconf 85' lang='lat' dir='ltr'><strong>ergo</strong></span> 
     </span>
    </p>
   </div>
   <div class='ocr_carea' id='block_1_95' title="bbox 604 4816 2172 4894">
    <p class='ocr_par' dir='ltr' id='par_1_95' title="bbox 604 4816 2172 4894">
     <span class='ocr_line' id='line_1_95' title="bbox 604 4816 2172 4894; baseline 0.01 -26"><span class='ocrx_word' id='word_1_723' title='bbox 604 4816 721 4884; x_wconf 91' lang='lat' dir='ltr'><strong>ipsa</strong></span> <span class='ocrx_word' id='word_1_724' title='bbox 759 4816 1020 4873; x_wconf 81' lang='lat' dir='ltr'><strong>divinitas</strong></span> <span class='ocrx_word' id='word_1_725' title='bbox 1061 4820 1405 4885; x_wconf 89' lang='lat' dir='ltr'><strong>hominibus,</strong></span> <span class='ocrx_word' id='word_1_726' title='bbox 1439 4832 1493 4877; x_wconf 90' lang='lat' dir='ltr'><strong>et</strong></span> <span class='ocrx_word' id='word_1_727' title='bbox 1526 4824 1792 4894; x_wconf 86' lang='lat' dir='ltr'><strong>gubernat</strong></span> <span class='ocrx_word' id='word_1_728' title='bbox 1822 4826 2005 4882; x_wconf 87' lang='lat' dir='ltr'><strong>omnia</strong></span> <span class='ocrx_word' id='word_1_729' title='bbox 2046 4843 2172 4884; x_wconf 91' lang='lat' dir='ltr'><strong>cum</strong></span> 
     </span>
    </p>
   </div>
   <div class='ocr_carea' id='block_1_96' title="bbox 606 4908 2174 4989">
    <p class='ocr_par' dir='ltr' id='par_1_96' title="bbox 606 4908 2174 4989">
     <span class='ocr_line' id='line_1_96' title="bbox 606 4908 2174 4989; baseline 0.01 -29"><span class='ocrx_word' id='word_1_730' title='bbox 606 4908 837 4963; x_wconf 88' lang='lat' dir='ltr'><strong>ratione.</strong></span> <span class='ocrx_word' id='word_1_731' title='bbox 864 4910 931 4963; x_wconf 87' lang='lat' dir='ltr'><strong>Et</strong></span> <span class='ocrx_word' id='word_1_732' title='bbox 950 4912 1207 4979; x_wconf 90' lang='lat' dir='ltr'><strong>quoniam</strong></span> <span class='ocrx_word' id='word_1_733' title='bbox 1238 4915 1483 4967; x_wconf 88' lang='lat' dir='ltr'><strong>nonnulli</strong></span> <span class='ocrx_word' id='word_1_734' title='bbox 1517 4926 1831 4984; x_wconf 89' lang='lat' dir='ltr'><strong>precantur,</strong></span> <span class='ocrx_word' id='word_1_735' title='bbox 1860 4919 2174 4989; x_wconf 79' lang='lat' dir='ltr'><strong>ignorantes</strong></span> 
     </span>
    </p>
   </div>
   <div class='ocr_carea' id='block_1_97' title="bbox 605 5000 2171 5078">
    <p class='ocr_par' dir='ltr' id='par_1_97' title="bbox 605 5000 2171 5078">
     <span class='ocr_line' id='line_1_97' title="bbox 605 5000 2171 5078; baseline 0.01 -26"><span class='ocrx_word' id='word_1_736' title='bbox 605 5000 737 5068; x_wconf 87' lang='lat' dir='ltr'><strong>quid</strong></span> <span class='ocrx_word' id='word_1_737' title='bbox 775 5013 1053 5069; x_wconf 65' lang='lat' dir='ltr'><strong>quazrant;</strong></span> <span class='ocrx_word' id='word_1_738' title='bbox 1100 5004 1323 5073; x_wconf 88' lang='lat' dir='ltr'><strong>quidam</strong></span> <span class='ocrx_word' id='word_1_739' title='bbox 1362 5022 1494 5061; x_wconf 87' lang='lat' dir='ltr'><strong>vero</strong></span> <span class='ocrx_word' id='word_1_740' title='bbox 1530 5008 1809 5078; x_wconf 83' lang='lat' dir='ltr'><strong>jejunant;</strong></span> <span class='ocrx_word' id='word_1_741' title='bbox 1852 5012 1942 5064; x_wconf 91' lang='lat' dir='ltr'><strong>alii</strong></span> <span class='ocrx_word' id='word_1_742' title='bbox 1987 5014 2171 5069; x_wconf 90' lang='lat' dir='ltr'><strong>consi-</strong></span> 
     </span>
    </p>
   </div>
   <div class='ocr_carea' id='block_1_98' title="bbox 608 5092 2170 5170">
    <p class='ocr_par' dir='ltr' id='par_1_98' title="bbox 608 5092 2170 5170">
     <span class='ocr_line' id='line_1_98' title="bbox 608 5092 2170 5170; baseline 0.01 -27"><span class='ocrx_word' id='word_1_743' title='bbox 608 5100 761 5144; x_wconf 86' lang='lat' dir='ltr'><strong>stunt</strong></span> <span class='ocrx_word' id='word_1_744' title='bbox 809 5092 862 5146; x_wconf 92' lang='lat' dir='ltr'><strong>in</strong></span> <span class='ocrx_word' id='word_1_745' title='bbox 914 5094 1260 5160; x_wconf 88' lang='lat' dir='ltr'><strong>ministerio,</strong></span> <span class='ocrx_word' id='word_1_746' title='bbox 1300 5097 1602 5167; x_wconf 90' lang='lat' dir='ltr'><strong>unicuique</strong></span> <span class='ocrx_word' id='word_1_747' title='bbox 1649 5116 1752 5170; x_wconf 90' lang='lat' dir='ltr'><strong>pro</strong></span> <span class='ocrx_word' id='word_1_748' title='bbox 1799 5102 1963 5157; x_wconf 91' lang='lat' dir='ltr'><strong>modo</strong></span> <span class='ocrx_word' id='word_1_749' title='bbox 2008 5103 2170 5170; x_wconf 88' lang='lat' dir='ltr'><strong>ﬁdei,</strong></span> 
     </span>
    </p>
   </div>
   <div class='ocr_carea' id='block_1_99' title="bbox 605 5180 2176 5258">
    <p class='ocr_par' dir='ltr' id='par_1_99' title="bbox 605 5180 2176 5258">
     <span class='ocr_line' id='line_1_99' title="bbox 605 5180 2176 5258; baseline 0.008 -24"><span class='ocrx_word' id='word_1_750' title='bbox 605 5180 769 5245; x_wconf 89' lang='lat' dir='ltr'><strong>Deus,</strong></span> <span class='ocrx_word' id='word_1_751' title='bbox 796 5184 888 5251; x_wconf 90' lang='lat' dir='ltr'><strong>qui</strong></span> <span class='ocrx_word' id='word_1_752' title='bbox 917 5183 1101 5253; x_wconf 88' lang='lat' dir='ltr'><strong>justus</strong></span> <span class='ocrx_word' id='word_1_753' title='bbox 1128 5185 1299 5256; x_wconf 81' lang='lat' dir='ltr'><strong>judex</strong></span> <span class='ocrx_word' id='word_1_754' title='bbox 1331 5196 1435 5252; x_wconf 87' lang='lat' dir='ltr'><strong>est,</strong></span> <span class='ocrx_word' id='word_1_755' title='bbox 1468 5187 1650 5241; x_wconf 90' lang='lat' dir='ltr'><strong>reddit</strong></span> <span class='ocrx_word' id='word_1_756' title='bbox 1683 5189 2014 5244; x_wconf 88' lang='lat' dir='ltr'><strong>mercedem.</strong></span> <span class='ocrx_word' id='word_1_757' title='bbox 2044 5191 2176 5258; x_wconf 68' lang='lat' dir='ltr'><strong>Qua:</strong></span> 
     </span>
    </p>
   </div>
   <div class='ocr_carea' id='block_1_100' title="bbox 605 5270 2180 5349">
    <p class='ocr_par' dir='ltr' id='par_1_100' title="bbox 605 5270 2180 5349">
     <span class='ocr_line' id='line_1_100' title="bbox 605 5270 2180 5349; baseline 0.011 -27"><span class='ocrx_word' id='word_1_758' title='bbox 605 5270 751 5324; x_wconf 87' lang='lat' dir='ltr'><strong>enim</strong></span> <span class='ocrx_word' id='word_1_759' title='bbox 776 5272 1002 5340; x_wconf 79' lang='lat' dir='ltr'><strong>faciunt,</strong></span> <span class='ocrx_word' id='word_1_760' title='bbox 1022 5286 1168 5330; x_wconf 89' lang='lat' dir='ltr'><strong>metu</strong></span> <span class='ocrx_word' id='word_1_761' title='bbox 1193 5278 1288 5332; x_wconf 86' lang='lat' dir='ltr'><strong>Dei</strong></span> <span class='ocrx_word' id='word_1_762' title='bbox 1314 5288 1582 5349; x_wconf 80' lang='lat' dir='ltr'><strong>peragunt</strong></span> <span class='ocrx_word' id='word_1_763' title='bbox 1605 5297 1619 5333; x_wconf 90' lang='lat'><strong>:</strong></span> <span class='ocrx_word' id='word_1_764' title='bbox 1643 5295 1836 5335; x_wconf 89' lang='lat' dir='ltr'><strong>verum</strong></span> <span class='ocrx_word' id='word_1_765' title='bbox 1856 5298 1967 5337; x_wconf 92' lang='lat' dir='ltr'><strong>non</strong></span> <span class='ocrx_word' id='word_1_766' title='bbox 1988 5298 2180 5339; x_wconf 84' lang='lat' dir='ltr'><strong>omnes</strong></span> 
     </span>
    </p>
   </div>
   <div class='ocr_carea' id='block_1_101' title="bbox 607 5360 1755 5438">
    <p class='ocr_par' dir='ltr' id='par_1_101' title="bbox 607 5360 1755 5438">
     <span class='ocr_line' id='line_1_101' title="bbox 607 5360 1755 5438; baseline 0.009 -22"><span class='ocrx_word' id='word_1_767' title='bbox 607 5360 698 5416; x_wconf 88' lang='lat' dir='ltr'><strong>isti</strong></span> <span class='ocrx_word' id='word_1_768' title='bbox 730 5363 849 5428; x_wconf 84' lang='lat' dir='ltr'><strong>lilii,</strong></span> <span class='ocrx_word' id='word_1_769' title='bbox 875 5374 968 5419; x_wconf 90' lang='lat' dir='ltr'><strong>aut</strong></span> <span class='ocrx_word' id='word_1_770' title='bbox 998 5382 1175 5438; x_wconf 84' lang='lat' dir='ltr'><strong>reges,</strong></span> <span class='ocrx_word' id='word_1_771' title='bbox 1204 5379 1299 5422; x_wconf 90' lang='lat' dir='ltr'><strong>aut</strong></span> <span class='ocrx_word' id='word_1_772' title='bbox 1329 5370 1577 5426; x_wconf 75' lang='lat' dir='ltr'><strong>hzeredes</strong></span> <span class='ocrx_word' id='word_1_773' title='bbox 1608 5381 1755 5426; x_wconf 92' lang='lat' dir='ltr'><strong>sunt.</strong></span> 
     </span>
    </p>
   </div>
   <div class='ocr_carea' id='block_1_102' title="bbox 678 5451 2178 5530">
    <p class='ocr_par' dir='ltr' id='par_1_102' title="bbox 678 5451 2178 5530">
     <span class='ocr_line' id='line_1_102' title="bbox 678 5451 2178 5530; baseline 0.011 -26"><span class='ocrx_word' id='word_1_774' title='bbox 678 5451 767 5505; x_wconf 88' lang='lat' dir='ltr'><strong>lV.</strong></span> <span class='ocrx_word' id='word_1_775' title='bbox 796 5454 1066 5511; x_wconf 55' lang='lat' dir='ltr'><strong>Caeterum</strong></span> <span class='ocrx_word' id='word_1_776' title='bbox 1111 5458 1164 5512; x_wconf 92' lang='lat' dir='ltr'><strong>in</strong></span> <span class='ocrx_word' id='word_1_777' title='bbox 1207 5459 1410 5514; x_wconf 91' lang='lat' dir='ltr'><strong>mundo</strong></span> <span class='ocrx_word' id='word_1_778' title='bbox 1450 5460 1540 5513; x_wconf 91' lang='lat' dir='ltr'><strong>alii</strong></span> <span class='ocrx_word' id='word_1_779' title='bbox 1583 5472 1711 5516; x_wconf 89' lang='lat' dir='ltr'><strong>sunt</strong></span> <span class='ocrx_word' id='word_1_780' title='bbox 1747 5463 2058 5530; x_wconf 66' lang='lat' dir='ltr'><strong>homicidae,</strong></span> <span class='ocrx_word' id='word_1_781' title='bbox 2084 5466 2178 5521; x_wconf 89' lang='lat' dir='ltr'><strong>alii</strong></span> 
     </span>
    </p>
   </div>
   <div class='ocr_carea' id='block_1_103' title="bbox 606 5542 2177 5620">
    <p class='ocr_par' dir='ltr' id='par_1_103' title="bbox 606 5542 2177 5620">
     <span class='ocr_line' id='line_1_103' title="bbox 606 5542 2177 5620; baseline 0.011 -24"><span class='ocrx_word' id='word_1_782' title='bbox 606 5547 800 5612; x_wconf 76' lang='lat' dir='ltr'><strong>stupro</strong></span> <span class='ocrx_word' id='word_1_783' title='bbox 833 5545 1036 5613; x_wconf 86' lang='lat' dir='ltr'><strong>dediti,</strong></span> <span class='ocrx_word' id='word_1_784' title='bbox 1068 5550 1161 5605; x_wconf 89' lang='lat' dir='ltr'><strong>alii</strong></span> <span class='ocrx_word' id='word_1_785' title='bbox 1196 5542 1493 5620; x_wconf 71' lang='lat' dir='ltr'><strong>raptores:</strong></span> <span class='ocrx_word' id='word_1_786' title='bbox 1534 5568 1755 5608; x_wconf 88' lang='lat' dir='ltr'><strong>rursum</strong></span> <span class='ocrx_word' id='word_1_787' title='bbox 1790 5558 2041 5612; x_wconf 91' lang='lat' dir='ltr'><strong>nonnulli</strong></span> <span class='ocrx_word' id='word_1_788' title='bbox 2078 5573 2177 5613; x_wconf 87' lang='lat' dir='ltr'><strong>sua</strong></span> 
     </span>
    </p>
   </div>
   <div class='ocr_carea' id='block_1_104' title="bbox 682 5722 1876 5803">
    <p class='ocr_par' dir='ltr' id='par_1_104' title="bbox 682 5722 1876 5803">
     <span class='ocr_line' id='line_1_104' title="bbox 682 5722 1876 5803; baseline 0.009 -26"><span class='ocrx_word' id='word_1_789' title='bbox 682 5723 755 5791; x_wconf 74' lang='lat'><strong>(2)</strong></span> <span class='ocrx_word' id='word_1_790' title='bbox 784 5722 1016 5781; x_wconf 88' lang='lat' dir='ltr'><strong>Unicum</strong></span> <span class='ocrx_word' id='word_1_791' title='bbox 1038 5726 1226 5799; x_wconf 88' lang='lat' dir='ltr'><strong>accipe</strong></span> <span class='ocrx_word' id='word_1_792' title='bbox 1248 5744 1348 5799; x_wconf 86' lang='lat' dir='ltr'><strong>pro</strong></span> <span class='ocrx_word' id='word_1_793' title='bbox 1383 5730 1640 5787; x_wconf 79' lang='lat' dir='ltr'><strong>uniformi</strong></span> <span class='ocrx_word' id='word_1_794' title='bbox 1663 5739 1717 5789; x_wconf 91' lang='lat' dir='ltr'><strong>ct</strong></span> <span class='ocrx_word' id='word_1_795' title='bbox 1741 5736 1876 5803; x_wconf 76' lang='lat' dir='ltr'><strong>pari.</strong></span> 
     </span>
    </p>
   </div>
   <div class='ocr_carea' id='block_1_105' title="bbox 2275 4736 3819 4813">
    <p class='ocr_par' dir='ltr' id='par_1_105' title="bbox 2275 4736 3819 4813">
     <span class='ocr_line' id='line_1_105' title="bbox 2275 4736 3819 4813; baseline -0.005 -16"><span class='ocrx_word' id='word_1_796' title='bbox 2275 4744 2547 4813; x_wconf 77' lang='grc' dir='ltr'>οἰκονομεῖ</span> <span class='ocrx_word' id='word_1_797' title='bbox 2570 4743 2747 4796; x_wconf 87' lang='grc' dir='ltr'>πάντα</span> <span class='ocrx_word' id='word_1_798' title='bbox 2773 4742 2912 4794; x_wconf 88' lang='grc' dir='ltr'><strong>κατά</strong></span> <span class='ocrx_word' id='word_1_799' title='bbox 2934 4742 3112 4811; x_wconf 85' lang='grc' dir='ltr'>λόγον’</span> <span class='ocrx_word' id='word_1_800' title='bbox 3143 4743 3238 4794; x_wconf 73' lang='grc' dir='ltr'>καὶ</span> <span class='ocrx_word' id='word_1_801' title='bbox 3264 4740 3449 4810; x_wconf 76' lang='grc' dir='ltr'>ἐπειδὴ</span> <span class='ocrx_word' id='word_1_802' title='bbox 3473 4740 3624 4802; x_wconf 81' lang='grc' dir='ltr'>τινὲς</span> <span class='ocrx_word' id='word_1_803' title='bbox 3652 4736 3819 4809; x_wconf 67' lang='grc' dir='ltr'>μὲνεᾷ</span> 
     </span>
    </p>
   </div>
   <div class='ocr_carea' id='block_1_106' title="bbox 2275 4833 3817 4908">
    <p class='ocr_par' dir='ltr' id='par_1_106' title="bbox 2275 4833 3817 4908">
     <span class='ocr_line' id='line_1_106' title="bbox 2275 4833 3817 4908; baseline -0.006 -19"><span class='ocrx_word' id='word_1_804' title='bbox 2275 4853 2458 4908; x_wconf 78' lang='grc' dir='ltr'>χονται</span> <span class='ocrx_word' id='word_1_805' title='bbox 2495 4835 2570 4905; x_wconf 83' lang='grc' dir='ltr'>μὴ</span> <span class='ocrx_word' id='word_1_806' title='bbox 2601 4833 2799 4897; x_wconf 77' lang='grc' dir='ltr'>εἰδότες</span> <span class='ocrx_word' id='word_1_807' title='bbox 2831 4834 2885 4886; x_wconf 89' lang='grc' dir='ltr'><strong>τί</strong></span> <span class='ocrx_word' id='word_1_808' title='bbox 2917 4833 3138 4905; x_wconf 81' lang='grc' dir='ltr'>ζητοῦσι</span> <span class='ocrx_word' id='word_1_809' title='bbox 3163 4849 3178 4863; x_wconf 83' lang='lat'><strong><em>°</em></strong></span> <span class='ocrx_word' id='word_1_810' title='bbox 3219 4835 3363 4895; x_wconf 78' lang='grc' dir='ltr'>τινὲς</span> <span class='ocrx_word' id='word_1_811' title='bbox 3389 4834 3445 4885; x_wconf 76' lang='grc' dir='ltr'>δὲ</span> <span class='ocrx_word' id='word_1_812' title='bbox 3474 4833 3817 4903; x_wconf 66' lang='grc' dir='ltr'>νηστεύουσιν,</span> 
     </span>
    </p>
   </div>
   <div class='ocr_carea' id='block_1_107' title="bbox 2276 4925 3820 4996">
    <p class='ocr_par' dir='ltr' id='par_1_107' title="bbox 2276 4925 3820 4996">
     <span class='ocr_line' id='line_1_107' title="bbox 2276 4925 3820 4996; baseline -0.004 -13"><span class='ocrx_word' id='word_1_813' title='bbox 2276 4928 2424 4983; x_wconf 82' lang='grc' dir='ltr'>ἄλλοι</span> <span class='ocrx_word' id='word_1_814' title='bbox 2473 4932 2766 4995; x_wconf 76' lang='grc' dir='ltr'>στήκουσιν</span> <span class='ocrx_word' id='word_1_815' title='bbox 2801 4928 2881 4987; x_wconf 82' lang='grc' dir='ltr'><strong>είς</strong></span> <span class='ocrx_word' id='word_1_816' title='bbox 2912 4928 3209 4993; x_wconf 81' lang='grc' dir='ltr'>διακονίαν,</span> <span class='ocrx_word' id='word_1_817' title='bbox 3248 4928 3460 4996; x_wconf 78' lang='grc' dir='ltr'>ἑκάστῳ</span> <span class='ocrx_word' id='word_1_818' title='bbox 3490 4926 3636 4978; x_wconf 73' lang='grc' dir='ltr'>κατὰ</span> <span class='ocrx_word' id='word_1_819' title='bbox 3664 4925 3720 4977; x_wconf 70' lang='grc' dir='ltr'><strong>τὸ</strong></span> <span class='ocrx_word' id='word_1_820' title='bbox 3743 4926 3820 4993; x_wconf 79' lang='grc' dir='ltr'>μέ·</span> 
     </span>
    </p>
   </div>
   <div class='ocr_carea' id='block_1_108' title="bbox 2276 5016 3819 5091">
    <p class='ocr_par' dir='ltr' id='par_1_108' title="bbox 2276 5016 3819 5091">
     <span class='ocr_line' id='line_1_108' title="bbox 2276 5016 3819 5091; baseline -0.006 -18"><span class='ocrx_word' id='word_1_821' title='bbox 2276 5037 2406 5091; x_wconf 86' lang='grc' dir='ltr'>τρον</span> <span class='ocrx_word' id='word_1_822' title='bbox 2433 5020 2529 5090; x_wconf 79' lang='grc' dir='ltr'>τῆς</span> <span class='ocrx_word' id='word_1_823' title='bbox 2558 5021 2817 5086; x_wconf 83' lang='grc' dir='ltr'>πίστεως,</span> <span class='ocrx_word' id='word_1_824' title='bbox 2849 5024 2877 5075; x_wconf 87' lang='grc' dir='ltr'>ὁ</span> <span class='ocrx_word' id='word_1_825' title='bbox 2904 5021 3036 5083; x_wconf 79' lang='grc' dir='ltr'>Θεὸς</span> <span class='ocrx_word' id='word_1_826' title='bbox 3063 5018 3434 5090; x_wconf 79' lang='grc' dir='ltr'>δικαιοκρίτης</span> <span class='ocrx_word' id='word_1_827' title='bbox 3456 5017 3529 5069; x_wconf 82' lang='grc' dir='ltr'>ὢν</span> <span class='ocrx_word' id='word_1_828' title='bbox 3557 5016 3819 5069; x_wconf 71' lang='grc' dir='ltr'>ἀποὸξδιυτι</span> 
     </span>
    </p>
   </div>
   <div class='ocr_carea' id='block_1_109' title="bbox 2278 5105 3818 5184">
    <p class='ocr_par' dir='ltr' id='par_1_109' title="bbox 2278 5105 3818 5184">
     <span class='ocr_line' id='line_1_109' title="bbox 2278 5105 3818 5184; baseline -0.006 -19"><span class='ocrx_word' id='word_1_829' title='bbox 2278 5112 2368 5165; x_wconf 80' lang='grc' dir='ltr'>τὸν</span> <span class='ocrx_word' id='word_1_830' title='bbox 2393 5112 2602 5179; x_wconf 87' lang='grc' dir='ltr'>μισθόν.</span> <span class='ocrx_word' id='word_1_831' title='bbox 2629 5113 2696 5166; x_wconf 69' lang='grc' dir='ltr'><strong>Ἀ</strong></span> <span class='ocrx_word' id='word_1_832' title='bbox 2726 5114 2834 5184; x_wconf 81' lang='grc' dir='ltr'><strong>γὰρ</strong></span> <span class='ocrx_word' id='word_1_833' title='bbox 2865 5111 3099 5175; x_wconf 89' lang='grc' dir='ltr'>ποιοῦσι,</span> <span class='ocrx_word' id='word_1_834' title='bbox 3123 5109 3213 5162; x_wconf 80' lang='grc' dir='ltr'><strong>διὰ</strong></span> <span class='ocrx_word' id='word_1_835' title='bbox 3238 5109 3401 5177; x_wconf 75' lang='grc' dir='ltr'>φόϐον</span> <span class='ocrx_word' id='word_1_836' title='bbox 3422 5107 3557 5161; x_wconf 80' lang='grc' dir='ltr'>Θεοῦ</span> <span class='ocrx_word' id='word_1_837' title='bbox 3584 5105 3818 5159; x_wconf 56' lang='grc' dir='ltr'>ποιοῦσιν</span> 
     </span>
    </p>
   </div>
   <div class='ocr_carea' id='block_1_110' title="bbox 2276 5192 3816 5266">
    <p class='ocr_par' dir='ltr' id='par_1_110' title="bbox 2276 5192 3816 5266">
     <span class='ocr_line' id='line_1_110' title="bbox 2276 5192 3816 5266; baseline -0.003 -15"><span class='ocrx_word' id='word_1_838' title='bbox 2276 5197 2390 5251; x_wconf 80' lang='grc' dir='ltr'>ἀλλ’</span> <span class='ocrx_word' id='word_1_839' title='bbox 2422 5199 2520 5251; x_wconf 74' lang='grc' dir='ltr'>οὐκ</span> <span class='ocrx_word' id='word_1_840' title='bbox 2553 5201 2691 5253; x_wconf 84' lang='grc' dir='ltr'>εἰσὶν</span> <span class='ocrx_word' id='word_1_841' title='bbox 2721 5196 2864 5255; x_wconf 77' lang='grc' dir='ltr'>οὗτοι</span> <span class='ocrx_word' id='word_1_842' title='bbox 2895 5201 3093 5265; x_wconf 86' lang='grc' dir='ltr'>πάντες</span> <span class='ocrx_word' id='word_1_843' title='bbox 3125 5200 3265 5261; x_wconf 79' lang='grc' dir='ltr'>υἱοὶ,</span> <span class='ocrx_word' id='word_1_844' title='bbox 3304 5197 3426 5252; x_wconf 79' lang='grc' dir='ltr'>οὔτε</span> <span class='ocrx_word' id='word_1_845' title='bbox 3459 5197 3694 5266; x_wconf 81' lang='grc' dir='ltr'>βασιλεῖς</span> <span class='ocrx_word' id='word_1_846' title='bbox 3721 5192 3816 5246; x_wconf 70' lang='grc' dir='ltr'>οὔτε</span> 
     </span>
    </p>
   </div>
   <div class='ocr_carea' id='block_1_111' title="bbox 2278 5290 2925 5362">
    <p class='ocr_par' dir='ltr' id='par_1_111' title="bbox 2278 5290 2925 5362">
     <span class='ocr_line' id='line_1_111' title="bbox 2278 5290 2925 5362; baseline 0.006 -19"><span class='ocrx_word' id='word_1_847' title='bbox 2278 5290 2626 5362; x_wconf 81' lang='grc' dir='ltr'>κληρονόμοι.</span> <span class='ocrx_word' id='word_1_848' title='bbox 2920 5294 2925 5299; x_wconf 69' lang='grc'><em>”</em></span> 
     </span>
    </p>
   </div>
   <div class='ocr_carea' id='block_1_112' title="bbox 2346 5463 3819 5539">
    <p class='ocr_par' dir='ltr' id='par_1_112' title="bbox 2346 5463 3819 5539">
     <span class='ocr_line' id='line_1_112' title="bbox 2346 5463 3819 5539; baseline -0.001 -18"><span class='ocrx_word' id='word_1_849' title='bbox 2346 5468 2420 5522; x_wconf 87' lang='lat' dir='ltr'><strong>A&#39;.</strong></span> <span class='ocrx_word' id='word_1_850' title='bbox 2456 5469 2575 5521; x_wconf 73' lang='grc' dir='ltr'><strong>Εἰσὶ</strong></span> <span class='ocrx_word' id='word_1_851' title='bbox 2600 5468 2657 5523; x_wconf 76' lang='grc' dir='ltr'>δὲ</span> <span class='ocrx_word' id='word_1_852' title='bbox 2686 5470 2744 5522; x_wconf 77' lang='grc' dir='ltr'>ὲν</span> <span class='ocrx_word' id='word_1_853' title='bbox 2772 5468 2850 5539; x_wconf 85' lang='grc' dir='ltr'><strong>τῷ</strong></span> <span class='ocrx_word' id='word_1_854' title='bbox 2875 5467 3064 5539; x_wconf 81' lang='grc' dir='ltr'>κόσμῳ</span> <span class='ocrx_word' id='word_1_855' title='bbox 3095 5469 3145 5520; x_wconf 76' lang='grc' dir='ltr'>οἱ</span> <span class='ocrx_word' id='word_1_856' title='bbox 3177 5468 3275 5538; x_wconf 89' lang='grc' dir='ltr'>μὲν</span> <span class='ocrx_word' id='word_1_857' title='bbox 3300 5469 3509 5536; x_wconf 80' lang='grc' dir='ltr'>φονεῖς,</span> <span class='ocrx_word' id='word_1_858' title='bbox 3540 5465 3687 5521; x_wconf 70' lang='grc' dir='ltr'>ἄλλοι</span> <span class='ocrx_word' id='word_1_859' title='bbox 3712 5463 3819 5531; x_wconf 68' lang='grc' dir='ltr'>πόρε</span> 
     </span>
    </p>
   </div>
   <div class='ocr_carea' id='block_1_113' title="bbox 2276 5552 3818 5629">
    <p class='ocr_par' dir='ltr' id='par_1_113' title="bbox 2276 5552 3818 5629">
     <span class='ocr_line' id='line_1_113' title="bbox 2276 5552 3818 5629; baseline -0.001 -16"><span class='ocrx_word' id='word_1_860' title='bbox 2276 5576 2377 5627; x_wconf 90' lang='grc' dir='ltr'>νοι,</span> <span class='ocrx_word' id='word_1_861' title='bbox 2414 5559 2507 5613; x_wconf 72' lang='grc' dir='ltr'><strong>καὶ</strong></span> <span class='ocrx_word' id='word_1_862' title='bbox 2538 5559 2687 5615; x_wconf 80' lang='grc' dir='ltr'>ἄλλοι</span> <span class='ocrx_word' id='word_1_863' title='bbox 2721 5558 2970 5629; x_wconf 81' lang='grc' dir='ltr'>ἀρπαγες</span> <span class='ocrx_word' id='word_1_864' title='bbox 2990 5574 3003 5587; x_wconf 82' lang='grc'><em>’</em></span> <span class='ocrx_word' id='word_1_865' title='bbox 3039 5558 3088 5611; x_wconf 84' lang='grc' dir='ltr'>οἱ</span> <span class='ocrx_word' id='word_1_866' title='bbox 3116 5557 3175 5611; x_wconf 79' lang='grc' dir='ltr'>δὲ</span> <span class='ocrx_word' id='word_1_867' title='bbox 3202 5558 3363 5612; x_wconf 83' lang='grc' dir='ltr'>πάλιν</span> <span class='ocrx_word' id='word_1_868' title='bbox 3390 5557 3462 5611; x_wconf 76' lang='grc' dir='ltr'><strong>τὰ</strong></span> <span class='ocrx_word' id='word_1_869' title='bbox 3484 5558 3588 5611; x_wconf 75' lang='grc' dir='ltr'>[δια</span> <span class='ocrx_word' id='word_1_870' title='bbox 3616 5552 3818 5622; x_wconf 51' lang='lat' dir='ltr'><strong>usuri;</strong></span> 
     </span>
    </p>
   </div>
  </div>
