3966 6512
182 335 281 398 7'65

1392 326 1757 391 HOMILL‘E.
1787 353 1856 363 -·
1886 328 2073 393 ΗΟΜ.
2115 330 2236 390 XL.

3314 334 3419 400 7C6

179 445 505 511 διαδιδόντες,
538 444 793 514 προσέχει
811 444 905 496 καὶ
923 442 1136 505 τούτοις
1164 439 1442 506 κάκείνοις
1463 442 1493 495 ὁ
1517 438 1741 511 Κύριος,

1856 444 2186 514 pauperibus
2218 442 2560 514 largiuntur;
2595 446 2833 501 attendit
2860 462 3079 519 quoque
3108 449 3195 507 bis
3224 463 3281 508 et
3310 453 3420 512 illis

179 539 271 593 καὶ
297 541 406 600 τοῖς
439 536 538 606 μὲν
568 535 986 603 ἀγαθοποιοῦσιν
1011 534 1321 587 ἀνάπαυσιν
1344 532 1440 586 καὶ
1463 532 1654 602 μισθὸν
1675 533 1749 586 δί-

180 628 350 681 δωσιν.
381 626 501 679 Εἰσὶ
524 625 633 695 γὰρ
662 626 833 695 μέτρα
856 624 1213 694 ὑπερέχοντα,
1233 623 1328 676 καὶ
1352 621 1527 692 μέτρα
1548 621 1744 693 μικράο

181 720 271 772 καὶ
301 722 356 773 ὲν
385 718 539 789 αύτῷ
569 717 647 786 τῷ
672 719 810 786 φωτὶ
842 712 937 769 καὶ
966 716 1033 784 τῇ
1062 713 1186 784 δόξῃ
1217 712 1454 785 διαφορά
1482 714 1620 765 ἐστι’
1652 712 1748 766 καὶ

182 812 237 863 ἐν
266 810 395 881 αὐτῇ
425 813 491 879 τῇ
520 809 732 879 γεέννῃ,
761 808 857 860 καὶ
884 808 952 877 τῇ
982 804 1203 859 κολάσει
1227 804 1507 873 φαίνονται
1535 806 1585 857 οἱ
1610 821 1748 876 φαρ-

184 903 361 971 μακοὶ,
396 901 492 955 καὶ
522 902 571 953 οἱ
596 900 810 971 λῃσταὶ,
839 898 935 951 καὶ
964 896 1116 952 ἀλλοι
1144 897 1195 949 οἱ
1227 894 1399 966 μικρά
1421 895 1749 966 πλημμελή-

182 1007 389 1055 σαντες.
442 991 506 1044 Ol
545 990 602 1044 δὲ
636 990 908 1059 λέγοντες,
938 988 1055 1043 Μία
1078 988 1197 1041 ἐστὶ
1223 986 1493 1057 βασιλεία,
1524 986 1621 1040 καὶ⁸
1649 987 1749 1057 μία

180 1083 397 1150 γέεννα,
436 1082 533 1136 καὶ
571 1082 671 1135 οὐκ
703 1082 809 1134 είσ)⁸
841 1080 1063 1151 βαθμοὶ,
1099 1080 1285 1143 κακῶς
1315 1078 1551 1145 λέγουσι.
1586 1078 1749 1132 Πόσοι

180 1174 286 1243 γάρ
326 1174 432 1225 είσι
480 1174 735 1243 κοσμικοὶ
780 1172 877 1225 νῦν
924 1173 1005 1235 είς
1045 1171 1250 1242 θέατρα
1296 1170 1616 1242 στήκοντες,
1656 1169 1749 1224 καὶ

181 1265 365 1328 λοιπὰς
394 1264 619 1331 ἀταξίας
645 1266 657 1318 i
714 1265 810 1317 καὶ
836 1264 994 1317 πόσοι
1018 1264 1155 1317 είσὶν
1186 1263 1311 1333 ἀρτι
1338 1263 1622 1333 εὐχόμενοι
1653 1262 1750 1317 καὶ

181 1356 499 1426 φοϐούμενοι
546 1355 636 1408 τὸν
675 1356 842 1409 Θεόνί
894 1354 1102 1417 τούτοις
1131 1354 1224 1409 οῦν
1258 1356 1533 1418 κάκείνοις
1560 1356 1588 1407 ὁ
1617 1354 1749 1419 Θεὸς

182 1451 429 1518 προσέχει
451 1464 466 1478 ⁸
522 1448 619 1502 καὶ
647 1446 722 1511 ὡς
751 1447 1147 1519 δικαιοκρίτης,
1178 1450 1290 1511 τοῖς
1317 1449 1416 1519 μὲν
1443 1447 1751 1502 ἀνάπαυσιν

179 1538 471 1611 ὲτοιμάζει,
503 1541 619 1602 τοῖς
645 1538 704 1593 δὲ
733 1538 975 1595 κόλασιν.

248 1718 322 1775 Ε’.
366 1718 576 1787 Ὠσπερ
605 1717 660 1769 δὲ
694 1713 1047 1783 ζευγνύοντες
1078 1712 1354 1783 ἄνθρωποι
1386 1712 1614 1781 ἵππους,
1655 1715 1750 1768 καὶ

1850 537 2146 603 Dominus,
2183 549 2241 594 et
2281 539 2503 608 quidem
2546 540 2688 596 bene
2727 543 3047 612 agentibus,
3080 546 3322 615 quietem
3365 559 3423 604 et

1849 630 2136 700 praemium
2168 631 2417 702 largitur.
2448 631 2591 688 Sunt
2618 633 2766 688 enim
2796 650 3065 691 mensura:
3093 638 3322 708 exiguae.
3352 639 3424 694 Et

1849 722 1904 777 in
1937 723 2056 791 ipso
2088 723 2298 779 lumine
2331 740 2395 780 ac
2425 726 2598 795 gloria
2632 725 2999 795 discrepantia
3030 729 3276 798 quaedam
3312 741 3419 785 est.

1847 811 1909 867 ln
1957 812 2075 881 ipsa
2126 828 2293 882 porro
2341 815 2591 883 gelienna
2637 825 2694 870 et
2739 817 3013 886 supplicio
3062 818 3423 873 inveniuntur

1847 900 2100 967 venefici,
2130 903 2371 959 latrones
2400 913 2455 957 ct
2486 905 2601 968 alii,
2634 905 2727 974 qui
2764 906 2902 960 levia
2933 918 3153 976 peccata
3188 909 3421 963 commi-

1848 1003 2060 1049 serunt.
2088 994 2193 1062 Qui
2222 1012 2355 1051 vero
2381 1005 2654 1060 asserunt,
2684 998 2907 1053 unicum
2937 1014 3057 1053 esse
3090 1016 3339 1070 regnum,
3366 1012 3423 1057 et

1850 1086 2071 1141 unicam
2120 1087 2463 1157 gehennam,
2522 1103 2625 1143 nec
2673 1103 2793 1143 esse
2841 1090 3075 1159 gradus,
3133 1108 3418 1162 perperam

1846 1170 2168 1241 loquuntur.
2202 1174 2360 1245 135
2398 1174 2543 1241 Quot
2574 1176 2720 1229 enim
2761 1188 2889 1231 sunt
2922 1180 3087 1233 modo
3128 1179 3416 1246 mundani,

1848 1261 1941 1330 qui
1998 1265 2327 1331 spectaculis
2385 1275 2443 1320 et
2494 1264 2618 1320 aliis
2672 1267 2927 1323 absurdis
2984 1272 3151 1327 rebus
3208 1274 3422 1328 haerent

1850 1350 2086 1407 intenti?
2136 1354 2204 1408 Et
2251 1364 2386 1424 quot
2408 1365 2539 1411 sunt
2589 1357 2755 1411 modo
2797 1360 2891 1429 qui
2941 1361 3308 1430 deprecantur
3356 1382 3422 1421 ac

1850 1450 2105 1497 metuunt
2129 1442 2337 1497 Deum?
2368 1444 2465 1499 His
2498 1444 2665 1515 igitur
2694 1454 2749 1501 et
2776 1447 2884 1503 illis
2914 1451 3148 1506 attendit
3174 1453 3339 1515 Deus,
3363 1462 3420 1508 et

1850 1533 2000 1587 velut
2027 1535 2210 1604 justus
2237 1533 2438 1605 judex,
2466 1535 2554 1591 bis
2586 1537 2833 1606 requiem
2853 1578 2868 1603 ,
2897 1540 3007 1596 illis
3038 1558 3173 1597 vero
3203 1546 3416 1614 suppli-

1848 1624 1995 1679 cium
2025 1632 2317 1694 praeparat.

1921 1715 1987 1771 ν.
2021 1715 2492 1782 Quemadmodum
2535 1727 2716 1773 autem
2755 1718 3008 1775 homines
3046 1723 3140 1793 qui
3180 1724 3418 1795 jungunt

178 1812 399 1883 ἅρματα
442 1808 750 1881 ἡνιοχοῦσι,
803 1807 898 1860 καὶ
941 1806 1066 1859 κατ’
1106 1807 1353 1877 ἀλλήλων
1396 1806 1708 1860 ἐλαύνουσιν
1733 1823 1746 1837 ·

1856 1820 2061 1875 equos,
2101 1821 2301 1862 currus
2346 1808 2626 1879 dirigunt,
2668 1818 2725 1864 et
2768 1810 3032 1865 adversus
3077 1829 3134 1867 se
3182 1793 3414 1869 invicem

176 1906 403 1967 ἕκαστος
430 1905 541 1973 γὰρ
570 1901 896 1970 ἀγωνίζεται
914 1940 928 1964 ,
970 1900 1088 1962 πῶς
1121 1898 1268 1969 ῥίψει
1296 1898 1393 1953 καὶ
1418 1901 1627 1970 κινήσει
1657 1899 1748 1953 τὸν

179 1995 238 2060 ἐξ
268 1994 510 2057 ἐναντίας
531 2008 546 2022 ’
601 1992 773 2054 οὕτως
802 1990 950 2043 ἐστὶν
996 1990 1053 2041 ἐν
1091 1991 1158 2060 τῇ
1188 1989 1388 2060 καρδίᾳ
1414 1989 1522 2042 τῶν
1548 1991 1749 2056 ἀγωνι-

177 2086 439 2157 ζομένων,
477 2085 700 2154 θέατρον
724 2083 834 2135 τῶν
858 2080 1111 2151 πονηρῶν
1138 2081 1461 2151 πνευμάτων
1488 2082 1749 2136 παλαιόν-

175 2197 286 2232 των
333 2180 398 2247 τῇ
445 2177 593 2246 ψυχῇ
620 2214 635 2238 ,
687 2174 782 2227 καὶ
820 2172 956 2226 Θεοῦ
992 2173 1085 2227 καὶ
1117 2172 1367 2240 ἀγγέλων
1400 2173 1748 2243 θεωρούντων

174 2273 267 2325 τὸν
294 2269 497 2338 ἀγῶνα·
532 2266 720 2319 λοιπὸν
750 2265 872 2318 καθ’
901 2265 1140 2334 ἑκάστην
1168 2264 1316 2335 ὥραν
1345 2263 1618 2328 κτίζονται
1645 2264 1750 2319 ὑπὸ

174 2364 278 2433 τῆς
304 2361 480 2432 ψυχῆς
514 2358 699 2412 πολλοὶ
728 2357 981 2427 λογισμοὶ
1012 2356 1199 2427 νεαροί
1221 2372 1235 2386 θ
1290 2357 1488 2425 ὁμοίως
1522 2358 1615 2409 καὶ
1644 2355 1749 2408 ὑπὸ

173 2458 274 2526 τῆς
304 2453 501 2515 κακίας
532 2451 699 2505 ἔνδον.
736 2450 845 2503 Kal.
872 2450 981 2516 γὰρ
1014 2450 1046 2519 ἡ
1072 2449 1214 2519 ψυχὴ
1247 2448 1476 2511 πολλοὺς
1501 2449 1749 2519 ἀποκρύ-

176 2566 313 2621 φους
343 2547 453 2617 ἔχει
484 2543 772 2613 λογισμοὺς
796 2581 812 2603 ,
862 2541 957 2594 καὶ
990 2543 1048 2593 ἐν
1076 2541 1209 2611 αὐτῇ
1239 2543 1305 2611 τῇ
1332 2540 1450 2611 ὥρᾳ
1478 2542 1744 2613 προφέρει

174 2642 274 2696 καὶ
317 2636 480 2707 γεννᾷ
500 2650 515 2665 ο
570 2636 666 2686 καὶ
711 2632 848 2702 αὑτὴ
895 2633 928 2701 ἡ
953 2631 1121 2685 κακία
1151 2630 1444 2700 λογισμοὺς
1475 2631 1587 2701 ἔχει
1619 2632 1750 2683 πολ-

172 2733 302 2795 λοὺς
321 2771 338 2797 ,
392 2730 485 2782 καὶ
531 2725 968 2796 ἐπιτηδεύματα,
1015 2725 1109 2776 καὶ
1142 2723 1262 2776 καθ’
1293 2722 1440 2794 ὥραν
1467 2725 1632 2794 γεννᾷ
1659 2723 1750 2775 λο-

174 2822 408 2892 γισμοὺς
453 2817 678 2888 νεαροὺς
729 2815 870 2869 κατά
912 2815 1010 2883 τῆς
1049 2814 1247 2883 ψυχῆς.
1286 2814 1399 2866 Kal.
1430 2813 1539 2884 γὰρ
1569 2815 1597 2865 ό
1626 2812 1750 2876 νοῦς

172 2915 391 2988 ἡνίοχός
449 2914 565 2965 ἐστι
603 2910 697 2962 xal.
726 2907 982 2975 ζεύγνυσι
1014 2906 1075 2958 τὸ
1104 2904 1255 2975 ἅρμα
1282 2904 1383 2974 τῆς
1409 2905 1588 2975 ψυχῆς
1616 2921 1750 2958 κατ-

175 3006 321 3075 έχων
348 3002 506 3073 ἡνίας
533 3001 640 3053 τῶν
668 2995 945 3066 λογισμῶν
964 3012 978 3027 ο
1016 2994 1111 3047 καὶ
1140 2988 1241 3050 ὦδε
1270 2995 1453 3064 τρέχει
1486 2992 1627 3047 κατὰ
1654 2993 1748 3046 τοῦ

167 3372 303 3435 πῶς
328 3370 579 3437 λέγουσι
616 3384 794 3432 τινες,
850 3365 938 3420 ὅτι
968 3366 1051 3417 Οὺ
1097 3363 1400 3432 δυνάμεθα
1435 3364 1749 3431 εὔξασθαι,

168 3465 321 3519 οὐδὲ
350 3462 758 3529 ὑπομένουσιν
789 3460 858 3512 ἐν
884 3457 957 3525 τῇ
981 3455 1133 3524 εὐχῇ
1155 3472 1175 3519 ;

259 3556 625 3621 Ἀπόκρισις.
680 3553 828 3621 Αὐτὴ
872 3551 906 3619 ή
941 3548 1249 3613 ἀνάπαυσις
1279 3548 1650 3614 πλεονάζουσα
1675 3548 1753 3601 δί-

165 3649 311 3701 δωσι
361 3646 645 3714 σπλάγχνα
687 3643 782 3697 καὶ
815 3640 1093 3704 διακονίας
1124 3642 1339 3712 ἐτέρας,
1372 3637 1483 3695 οἷον
1510 3643 1602 3695 τοῦ
1630 3644 1751 3695 ἐπι-

168 3740 483 3809 σκέψασθαι
515 3738 639 3799 τοὺς
669 3735 951 3804 ἀδελφοὺς,
968 3732 1061 3786 τοῦ
1091 3734 1171 3796 είς
1202 3734 1293 3786 τὸν
1318 3734 1474 3802 λόγον
1502 3735 1753 3803 διακονῆ-

168 3850 292 3886 σαι.
334 3832 441 3884 Kal.
470 3830 608 3899 αὑτὴ
636 3830 670 3899 ἡ
701 3827 863 3896 φύσις
896 3826 1039 3879 θέλει
1069 3826 1322 3881 ἀπελθεῖν
1349 3828 1444 3880 καὶ
1472 3828 1600 3880 ἰδεῖν
1622 3829 1752 3890 τοὺς

165 3923 440 3990 ἀδελφοὺς
473 3921 703 3989 λαλῆσαι
731 3918 909 3987 λόγον.
959 3918 1130 3972 Ούδέν
1160 3918 1269 3988 γάρ
1303 3919 1361 3970 ἐν
1388 3918 1522 3988 πυρὶ
1549 3917 1751 3987 βαλλό-

169 4031 345 4084 μενον
371 4013 597 4066 δύναται
628 4011 811 4080 μένειν
844 4010 901 4063 ἐν
929 4012 997 4080 τῇ
1031 4010 1137 4079 ίδίᾳ
1163 4009 1354 4077 φύσει,
1392 4008 1508 4061 ἀλλ’
1536 4010 1752 4078 ἀνάγκη

165 4107 276 4161 καὶ
315 4104 448 4158 αὐτὸ
514 4101 758 4170 γίνεσθαι
797 4100 930 4172 πῦρ.
974 4102 1072 4155 Ὃν
1100 4102 1298 4171 τρόπον
1330 4100 1426 4153 ἐὰν
1456 4099 1624 4173 βάλῃς
1651 4100 1752 4153 κά-

164 4199 388 4269 χληκας
416 4196 495 4257 είς
518 4193 651 4264 πῦρ,
681 4192 859 4260 ὀλίγος
888 4192 1099 4259 γίνεται
1125 4190 1391 4256 ἄσϐεστος
1412 4209 1427 4221 ·
1469 4193 1562 4245 καὶ⁵
1595 4192 1643 4244 εἰ
1673 4192 1753 4255 εἰς

165 4288 475 4351 θάλασσαν,
500 4283 729 4337 ἐπιπολὺ
760 4282 1057 4336 καταδῦναι
1090 4282 1184 4336 καὶ
1205 4282 1461 4337 ἀπελθεῖν
1486 4284 1564 4346 είς
1590 4283 1753 4351 μέσον

166 4378 438 4442 πέλαγος,
477 4370 929 4435 καταποντίζεται
959 4371 1052 4423 καὶ
1077 4370 1290 4438 ἀφανὴς
1335 4371 1543 4439 γίνεται
1571 4387 1584 4400 ·
1618 4373 1647 4424 ό
1674 4372 1751 4437 δὲ,

1849 1896 2175 1967 impellunt;
2232 1900 2466 1969 quilibet
2512 1902 2659 1956 enim
2707 1916 2899 1956 eorum
2948 1903 3269 1968 contendit;
3309 1920 3417 1973 qua

1848 1988 2064 2046 ratione
2103 2000 2417 2061 prosternat
2449 2000 2504 2046 et
2538 2001 2761 2062 superet
2789 1994 3166 2050 adversarium
3201 2013 3214 2049 :
3251 1998 3324 2049 ita
3357 2010 3416 2051 se

1848 2081 2019 2136 habet
2050 2081 2105 2135 in
2140 2082 2304 2137 corde
2337 2084 2692 2148 certantium,
2721 2086 3094 2153 spectaculum
3134 2086 3417 2155 improbo-

1848 2188 1970 2227 rum
2005 2173 2299 2243 spirituum
2331 2189 2455 2229 cum
2492 2175 2669 2229 anima
2706 2175 3029 2229 luctantium
3054 2217 3068 2240 ,
3096 2177 3206 2230 Deo
3239 2186 3293 2230 et
3323 2193 3422 2230 an-

1846 2262 1983 2333 gelis
2022 2273 2303 2319 certamen
2344 2265 2741 2333 spectantibus.
2770 2264 2956 2332 Itaque
2994 2260 3223 2334 singulis
3265 2264 3420 2318 horis

1847 2353 2234 2423 producuntur
2273 2356 2342 2411 ab
2381 2356 2591 2423 anima:
2609 2356 2794 2409 multae
2833 2363 3087 2409 recentes
3126 2354 3415 2425 cogitatio-

1847 2456 1980 2510 nes;
2016 2445 2209 2501 itidem
2242 2463 2270 2502 a
2303 2448 2440 2502 vitio
2475 2463 2695 2517 quoque
2737 2448 2997 2502 interius.
3028 2447 3224 2500 Anima
3267 2444 3415 2499 enim

1848 2541 2051 2595 multas
2078 2539 2390 2595 reconditas
2418 2538 2585 2594 habet
2610 2540 2996 2610 cogitationes.
3027 2553 3163 2609 quas
3205 2538 3271 2593 ad
3315 2538 3418 2591 lio-

1849 2647 1965 2685 ram
1993 2632 2163 2701 ipsam
2195 2642 2450 2700 procreat
2473 2640 2526 2685 et
2550 2631 2739 2701 gignit.
2764 2632 2947 2700 ipsum
2975 2645 3193 2700 quoque
3219 2630 3417 2684 vitium

1848 2724 2150 2793 permultas
2176 2723 2343 2777 habet
2364 2723 2723 2793 cogitationes
2747 2710 2803 2777 et
2830 2722 3034 2785 studia,
3054 2731 3108 2776 et
3133 2722 3200 2776 ad
3225 2722 3417 2776 horam

1849 2815 2107 2884 producit
2126 2815 2485 2885 cogitationes
2508 2829 2677 2868 novas
2700 2813 2964 2867 adversus
2984 2814 3240 2867 animam.
3268 2813 3423 2866 Mens

1848 2907 2052 2961 etenim
2078 2906 2266 2977 auriga
2287 2906 2723 2976 est,qua:jungit
2744 2920 2970 2959 currum
2994 2904 3421 2966 animae,tenens

1850 2998 2094 3055 habenas
2123 3001 2514 3072 cogitationum
2560 3017 2574 3053 :
2615 3009 2670 3053 et
2700 2998 2877 3052 currit
2908 2997 3021 3053 illic
3056 3005 3245 3051 contra
3285 3012 3417 3050 cur-

1777 3131 1819 3189 c
1852 3109 1977 3150 rum
2006 3094 2219 3150 Satanae
2248 3094 2341 3149 ubi
2372 3094 2489 3165 ipse
2515 3106 2735 3165 quoque
2758 3090 2941 3160 junxit
2966 3105 3188 3143 currum
3222 3088 3420 3143 adver-

1852 3200 1945 3240 sus
1970 3187 2229 3241 animam.

1920 3278 2007 3332 Vl.
2049 3278 2421 3348 Intermgatio.
2465 3275 2523 3332 Si
2571 3277 2715 3347 quies
2760 3282 2837 3329 est
2878 3274 3090 3338 anima,
3124 3288 3224 3341 quo
3269 3280 3421 3341 pacto

1851 3368 2029 3421 dicunt
2069 3368 2235 3437 aliqui
2276 3385 2369 3423 nos
2406 3384 2511 3421 non
2547 3382 2695 3437 posse
2736 3382 2927 3429 orare,
2959 3382 3051 3418 nec
3089 3370 3421 3417 perseverant

1849 3461 1907 3513 in
1935 3461 2209 3514 oratione?

1921 3556 2226 3627 Responsio.
2276 3556 2395 3624 Ipsa
2441 3553 2662 3622 requies
2709 3552 2754 3607 si
2804 3550 3077 3613 abundet,
3111 3545 3424 3617 suppeditat

1853 3648 2063 3703 viscera
2110 3646 2503 3702 misericordiae
2553 3656 2718 3714 atque
2762 3644 2867 3697 alia
2909 3639 3200 3709 obsequia,
3235 3638 3419 3701 velut,

1850 3739 2110 3795 visitandi
2154 3739 2385 3803 fratres,
2418 3734 2765 3791 ministrandi
2801 3733 2991 3789 verbo.
3038 3732 3159 3800 Ipsa
3202 3743 3421 3799 quoque

1851 3839 2049 3885 natura
2098 3827 2376 3883 desiderat
2429 3824 2719 3896 progredi,
2763 3832 2819 3877 et
2864 3822 3044 3877 visere
3094 3820 3298 3874 fratres
3348 3816 3420 3871 ad

1852 3918 2191 3991 loquendum
2220 3918 2469 3973 verbum.
2494 3916 2642 3971 Nihil
2672 3915 2818 3970 enim
2846 3920 2952 3979 est,
2978 3912 3122 3982 quod
3154 3913 3209 3965 in
3240 3911 3421 3981 ignem

1854 4011 2197 4081 conjectum,
2238 4016 2417 4077 potest
2455 4020 2779 4074 permanere
2826 4003 2881 4057 in
2918 4018 3015 4057 sua
3057 4010 3285 4065 natura,
3323 3998 3420 4054 sed

1854 4116 2079 4157 necesse
2100 4112 2184 4155 est
2205 4100 2379 4169 ipsum
2402 4113 2622 4168 quoque
2646 4096 2700 4150 in
2734 4097 2912 4167 ignem
2937 4095 3184 4150 cOnverti
3213 4112 3227 4148 :
3252 4093 3421 4147 veluti

1855 4192 1901 4248 si
1927 4191 2184 4263 projicias
2212 4189 2428 4259 lapillos
2457 4188 2512 4241 in
2544 4187 2746 4257 ignem,
2772 4184 3070 4254 pauxillum
3097 4182 3423 4252 producitur

1854 4283 2043 4339 calcis.
2074 4281 2169 4336 Sin
2207 4280 2262 4333 in
2297 4294 2446 4333 mare
2484 4278 2671 4332 mittas
2703 4275 3038 4346 quempiam,
3066 4273 3127 4328 fit
3156 4284 3217 4329 ut
3246 4273 3423 4343 pluri-

1854 4390 2029 4437 mum,
2061 4380 2121 4426 ut
2148 4372 2435 4426 demersus
2462 4381 2519 4425 et
2547 4369 2763 4423 delatus
2799 4367 2854 4421 in
2892 4367 3137 4421 medium
3175 4368 3422 4437 pelagus,

162 4468 325 4521 κατά
374 4463 582 4547 βαθμὸν
626 4462 1041 4532 εἰσερχόμενος,
1093 4460 1255 4514 πάλιν
1292 4461 1559 4535 ἀναϐῆναι
1589 4460 1749 4523 θέλει,

1858 4466 2116 4521 ﬂuctibus
2142 4464 2430 4528 obruatur,
2459 4471 2514 4517 et
2538 4461 2717 4517 visum
2749 4459 2996 4530 eﬂugiat.
3021 4460 3126 4526 Qui
3154 4475 3288 4515 vero
3325 4475 3425 4529 per

162 4558 274 4612 καὶ
326 4554 652 4610 ἐπιπλεῦσαι
705 4553 801 4607 καὶ
834 4552 1070 4617 ἐξελθεῖν
1122 4553 1207 4616 είς
1257 4551 1473 4623 λιμένα,
1507 4555 1601 4606 καὶ
1629 4554 1756 4607 ίδεῖν

157 4650 305 4711 τοὺς
342 4649 434 4700 ἐπὶ
458 4647 560 4716 γῆς
590 4644 910 4715 ἀνθρώπους
932 4659 949 4676 ⁸
986 4642 1158 4707 οὕτως
1192 4644 1287 4697 καὶ
1318 4647 1398 4708 είς
1422 4647 1485 4697 τὸ
1509 4662 1758 4715 πνευμα-

160 4740 331 4793 τικὸν
380 4735 690 4808 είσέρχεταί
736 4752 819 4799 τις
863 4736 944 4798 είς
985 4734 1148 4805 βάθος
1182 4735 1438 4805 χάριτος,
1474 4738 1568 4793 καὶ
1598 4736 1760 4789 πάλιν

163 4827 515 4901 μνημονεύει
560 4825 669 4879 τῶν
711 4825 944 4895 ἑταίρων
986 4825 1187 4891 αὐτοῦ,
1246 4826 1341 4879 καὶ
1368 4825 1507 4895 αὐτὴ
1538 4827 1572 4897 ἠ
1602 4826 1761 4895 φύσις

160 4924 330 4976 θέλει
360 4919 620 4975 ἀπελθεῖν
646 4918 725 4982 είς
749 4917 1036 4987 ἀδελφοὺς,
1069 4917 1471 4991 ἀποπληρῶσαι
1496 4918 1595 4991 τὴν
1620 4920 1756 4988 ἀγά-

157 5030 315 5085 πην,
351 5014 457 5082 πλη
463 5028 597 5081 ροφο
604 5010 773 5082 ρῆσαι
798 5008 980 5078 λόγον.

250 5197 331 5249 Z'.
379 5192 718 5260 Ἐρώτησις.
754 5187 887 5254 Πῶς
916 5186 1167 5241 δύναται
1198 5188 1272 5241 τὰ
1316 5187 1426 5241 δύο
1468 5190 1757 5256 πρόσωπα

154 5283 333 5343 εἶναι
365 5285 434 5337 ἐν
460 5282 534 5351 τῇ
562 5280 793 5348 καρδίᾳ,
824 5279 921 5332 καί
950 5279 989 5346 ἡ
1020 5279 1191 5347 χάρις
1218 5279 1315 5333 καὶ
1344 5279 1383 5347 ἡ
1411 5280 1703 5349 ἁμαρτια;

256 5377 632 5444 Ἀπόκρισις.
670 5373 881 5443 Ὥσπερ
912 5372 1039 5425 ὃταν
1135 5370 1247 5443 πῦρ
1276 5371 1475 5438 ἔξωθεν
1504 5372 1753 5443 χαλκίου,

155 5467 370 5525 ὶοιπὸν
419 5466 514 5519 ἐὰν
561 5462 840 5535 ύποὸάλης
891 5462 1061 5527 ξύλα,
1117 5462 1225 5516 ίδοὺ
1257 5461 1492 5534 ἐκπυρον
1522 5463 1752 5532 γίνεται,

156 5566 269 5620 καὶ
300 5562 367 5614 τὸ
392 5558 594 5614 ἔσωθεν
620 5558 715 5612 τοῦ
740 5556 968 5622 σκεύους
995 5557 1205 5629 ἕψεται,
1242 5557 1336 5611 καὶ
1369 5556 1617 5627 βράσσει,
1652 5558 1751 5612 τοῦ

244 5756 334 5822 (3)
367 5757 531 5827 Εὐχή,
565 5754 755 5820 oratio,
789 5755 894 5828 legi
925 5756 1107 5812 debet.

1852 4558 2056 4630 gradus
2088 4556 2415 4627 ingreditur,
2445 4554 2627 4609 denuo
2661 4552 2961 4608 ascendere
2999 4551 3295 4617 desiderat,
3322 4552 3422 4605 ad-

1856 4652 2113 4723 navigare
2137 4660 2195 4704 et
2223 4648 2408 4719 egredi
2440 4646 2507 4700 ad
2538 4654 2778 4716 portum,
2806 4652 2867 4698 ut
2895 4644 3141 4713 aspiciat,
3169 4644 3261 4713 qui
3296 4651 3425 4698 sunt

1857 4742 1913 4797 in
1943 4741 2127 4805 terris,
2157 4739 2408 4793 homines
2433 4754 2447 4790 :
2478 4736 2559 4792 sic
2583 4750 2803 4805 quoque
2833 4735 2890 4788 in
2916 4750 2976 4789 re
3006 4734 3303 4804 spirituali,
3326 4734 3425 4788 ali-

1857 4832 1984 4902 quis
2010 4831 2065 4885 in
2093 4829 2426 4901 profundum
2457 4827 2645 4898 gratia:
2668 4825 2968 4895 ingressus,
2995 4839 3213 4878 rursum
3237 4838 3426 4878 recor-

1857 4924 2021 4979 datur
2048 4922 2324 4978 sociorum
2352 4935 2600 4984 suorum,
2629 4917 2879 4988 quinimo
2910 4917 3024 4986 ipsa
3054 4926 3249 4971 natura
3280 4916 3427 4970 desi-

1854 5015 2011 5070 derat
2040 5013 2308 5068 accedere
2342 5011 2409 5066 ad
2446 5010 2673 5077 fratres,
2701 5008 2930 5080 implere
2962 5009 3318 5074 cbaritatem,
3368 5018 3427 5064 et

1854 5106 2225 5161 corroborare
2254 5102 2506 5157 verbum.

1924 5196 2038 5250 Vll.
2069 5194 2440 5265 Interrogatio.
2468 5190 2581 5257 Quo
2616 5198 2768 5261 pacto
2802 5198 3013 5261 possunt
3045 5191 3163 5245 duo:
3192 5208 3427 5261 persona:

1856 5289 1911 5342 in
1940 5288 2097 5341 corde
2124 5287 2427 5347 consistere,
2454 5284 2629 5355 gratia
2656 5282 2906 5339 nimirum
2935 5295 2983 5337 et
3010 5285 3318 5356 peccatum?

1930 5379 2236 5449 Responsio.
2263 5377 2735 5441 Quemadmodum
2776 5384 2822 5435 si
2861 5382 2931 5436 sit
2970 5381 3111 5453 ignis
3146 5390 3300 5435 extra
3331 5396 3427 5435 vas

1859 5483 2104 5533 aeneum,
2133 5477 2389 5523 caeterum
2414 5468 2459 5524 si
2486 5469 2789 5540 subjeceris
2814 5471 2980 5542 ligna,
3012 5488 3139 5529 ecce
3170 5474 3429 5528 accendi-

1861 5568 1952 5615 tur
1986 5560 2097 5627 ille,
2128 5568 2185 5617 et
2213 5560 2361 5632 quod
2396 5561 2538 5617 intra
2569 5577 2665 5618 vas
2696 5570 2802 5633 est,
2832 5565 3110 5636 coquitur,
3140 5573 3197 5621 et
3228 5565 3423 5634 fervet,
