4044 6558
620 335 723 399 767

1849 332 1893 390 S
1948 326 2269 388 MACARII
2306 325 2632 387 EGYPTII
3739 332 3829 395 ’ἴω

618 448 742 519 igne
769 443 1084 500 extrinseco
1110 456 1343 498 accenso
1371 459 1386 496 :
1418 441 1463 497 sl
1490 457 1622 497 vero
1646 440 1769 511 quis
1797 440 2054 510 negligat,
2084 452 2189 493 nec
2218 487 2222 498 ,

2320 437 2463 508 τυρὸς
2500 436 2699 501 ἔξωθεν
2731 436 3129 508 ὑποκαιομένου
3152 452 3168 467 °
3225 438 3276 491 ιι
3303 435 3360 492 δέ
3386 455 3468 503 τις
3492 441 3730 514 άμελήσῃ
3761 448 3836 501 καὶ

614 538 763 609 ligna
808 536 1117 596 submittat,
1148 535 1341 603 incipit
1380 533 1618 603 tepidior
1661 532 1893 587 evadere
1939 532 2101 601 ignis,
2132 541 2189 587 et

615 628 1017 701 propemodum
1059 625 1333 694 exstingui
1376 643 1390 678 :
1431 624 1511 678 sic
1549 639 1768 693 quoque
1808 622 2013 693 gratia,
2049 623 2190 693 ignis

619 722 887 775 nimirum
932 716 1172 771 caelestis
1205 716 1346 769 intra
1393 724 1445 767 te
1489 723 1593 768 est.
1630 714 1816 781 Itaque
1852 713 1897 767 si
1935 722 2192 781 precatus

618 812 823 873 fueris,
850 826 914 863 ac
948 806 1250 863 contuleris
1282 805 1644 873 cogitationes
1678 813 1799 857 tuas
1832 803 1900 857 ad
1938 804 2191 858 dilectio-

620 917 746 955 nem
792 900 1019 958 Cliristi,
1053 898 1176 950 vide
1222 912 1331 964 quo
1381 908 1540 963 paeto
1585 894 1889 963 subjeceris
1940 894 2110 963 ligna,
2139 901 2195 946 et

619 992 863 1047 evadunt
906 989 1268 1058 cogitationes
1319 994 1423 1039 llltB
1473 986 1527 1039 in
1579 986 1779 1054 ignem,
1808 995 1865 1040 et
1908 987 2195 1055 tinguntur

622 1080 903 1135 desiderio
939 1079 1057 1132 Dei.
1090 1078 1157 1131 Et
1189 1078 1317 1129 licet
1347 1075 1568 1129 secedat
1598 1076 1869 1145 Spiritus,
1902 1077 1997 1144 qui
2040 1086 2194 1129 extra

622 1180 676 1223 te
716 1180 819 1229 est,
846 1168 1211 1222 nihilominus
1250 1167 1413 1219 etiam
1457 1166 1597 1219 intra
1639 1176 1691 1218 te
1729 1176 1835 1222 est.
1862 1174 1918 1221 et
1950 1175 2103 1219 extra
2145 1176 2197 1220 te

622 1270 867 1330 apparet.
893 1260 1049 1325 Quod
1082 1259 1127 1313 si
1156 1274 1288 1311 vero
1320 1258 1444 1326 quis
1473 1257 1724 1311 socordia
1757 1257 2029 1321 difﬂuens,
2060 1273 2197 1326 pau-

622 1353 793 1422 liSper
835 1367 893 1405 se
952 1352 1129 1419 ipsum
1180 1350 1359 1403 tradat
1404 1359 1497 1402 aut
1550 1349 1842 1401 mundanis
1892 1349 2057 1401 rebus
2106 1356 2199 1400 aut

624 1442 1103 1512 occupationibus,
1124 1442 1309 1495 denuo
1340 1441 1494 1509 135
1520 1440 1733 1494 accedit
1757 1440 1972 1503 vitium,
1997 1440 2202 1493 induit-

627 1551 735 1603 que
775 1536 1033 1595 animam,
1067 1549 1130 1587 ac
1171 1542 1343 1586 totum
1387 1533 1663 1586 hominem
1704 1532 1943 1601 alIligere
1985 1532 2199 1598 incipit.

2294 530 2371 599 μὴ
2403 529 2648 599 ὑποϐάλῃ
2677 528 2829 593 ξύλα,
2859 530 3085 598 ἄρχεται
3114 530 3476 601 χλιαριὲντερον
3500 532 3772 601 γίγνεσθαι
3790 538 3837 589 τὸ

2293 613 2403 685 πῦρ
2421 652 2436 676 ,
2475 616 2568 667 καὶ
2604 614 2791 686 ὥσπερ
2818 617 3285 670 κατασϐέννυσθαι
3304 636 3315 647 ’
3347 620 3516 683 οῦτως
3539 622 3635 672 καὶ
3653 623 3686 690 ἡ
3707 624 3839 690 χάρις

2292 706 2354 757 τὸ
2381 704 2494 775 πῦρ
2524 706 2585 757 τὸ
2613 707 2863 775 οὐράνιον
2892 708 2988 760 καὶ
3016 708 3219 761 ἐσωθέν
3248 708 3342 762 σού
3374 712 3509 763 ἐστι.
3544 714 3739 764 Λοιπὸν
3764 716 3841 766 ἐάν

2294 794 2448 865 εὔξῃ,
2484 796 2580 848 καὶ
2606 795 2787 867 δὼσῃς
2816 798 2941 860 τοὺς
2969 797 3265 866 λογισμούς
3297 816 3389 850 σου
3424 801 3502 861 εἰς
3526 802 3742 869 ἀγάπην
3767 804 3841 855 τοῦ

2295 887 2530 958 Χριστοῦ
2551 927 2566 952 ,
2618 888 2693 940 ἴδε
2742 888 2859 951 πῶς
2904 889 3175 952 ὑπέϐαλες
3203 891 3272 942 τά
3303 889 3433 954 ξύλα
3455 932 3469 953 ,
3507 893 3604 943 καὶ
3633 892 3842 958 γίνονται

2295 982 2343 1032 οἱ
2372 980 2619 1048 λογισμοί
2646 997 2738 1033 σου
2765 981 2897 1050 πῦρ,
2921 983 3014 1034 καὶ
3042 981 3336 1050 βάπτονται
3367 983 3448 1046 είς
3474 982 3567 1034 τὸν
3590 984 3747 1036 πάθον
3769 986 3846 1041 τοῦ

2296 1071 2453 1126 Θεοῦ.
2508 1073 2571 1125 Εἰ
2608 1072 2664 1125 δὲ
2698 1074 2791 1125 καὶ
2826 1074 3101 1143 ὑποχωρεῖ
3142 1075 3203 1125 τὸ
3236 1074 3459 1139 Πνεῦμα
3501 1077 3578 1138 ὡς
3611 1075 3846 1145 tiam:de

2301 1180 2392 1216 σου
2446 1164 2729 1232 γινόμενον
2760 1204 2775 1227 ,
2846 1166 2985 1218 ἀλλὰ
3029 1166 3123 1218 καὶ
3179 1165 3383 1218 ἔξωθέν
3430 1166 3526 1218 σού
3570 1168 3724 1232 ἐστι,
3774 1171 3848 1221 καὶ

2300 1255 2499 1320 ἔξωθέν
2529 1273 2623 1308 σου
2655 1256 3081 1325 παραφαίνεται.
3120 1255 3249 1308 Ἐὰν
3275 1257 3333 1308 δὲ
3364 1258 3615 1327 άμελήσῃ
3642 1275 3740 1319 τις,
3765 1261 3849 1311 ἀλί.

2299 1364 2391 1413 γον
2430 1348 2616 1408 ἐκδοὺς
2647 1349 2841 1399 ἑαυτὸν
2860 1387 2877 1412 ,
2912 1348 2945 1416 ἢ
2978 1350 3058 1410 εἰς
3088 1348 3331 1417 κοσμικὰ
3359 1349 3666 1417 πράγματα
3685 1388 3700 1409 ,
3735 1349 3849 1417 ﬂii;

2302 1440 2667 1509 ῥεμὸασμὸν,
2723 1441 2885 1495 πάλιν
2930 1441 3149 1510 ἔρχεται
3202 1442 3235 1509 ή
3279 1440 3467 1502 κακία,
3508 1442 3607 1492 καὶ
3640 1441 3853 1493 ἐνδύεται

2304 1532 2403 1600 τὴν
2436 1531 2614 1601 ψυχὴν
2638 1570 2652 1592 ,
2701 1535 2795 1584 καὶ
2824 1533 2944 1585 ὅλον
2972 1533 3064 1584 τὸν
3088 1530 3375 1601 ἄνθρωπον
3401 1532 3633 1601 ἄρχεται
3660 1530 3852 1585 θλίᾶειν.

632 1624 978 1677 Recordatur
1008 1636 1137 1691 ergo
1168 1623 1347 1674 anima
1381 1619 1582 1688 prioris
1612 1620 1841 1687 requiei,
1874 1627 2037 1688 atque
2068 1620 2207 1674 inci.

2320 1621 2653 1690 Μνημονεύει
2683 1620 2775 1673 οῦν
2825 1624 2858 1691 ή
2897 1621 3045 1691 ψυχὴ
3084 1622 3182 1690 τῆς
3219 1622 3493 1692 προτέρας
3523 1622 3854 1685 ἀναπαύσεως

629 1716 709 1786 pit
736 1714 918 1783 aﬂligi,
950 1722 1005 1767 et
1036 1712 1315 1766 continuis
1337 1710 1599 1765 aerumnis
1630 1709 1791 1764 allici.

2320 1713 2401 1763 ια).
2422 1729 2607 1781 ρχεται
2626 1712 2924 1776 θλίϐεσθαι,
2956 1712 3051 1764 καὶ
3071 1712 3453 1783 συνεχέστερον
3485 1713 3854 1783 ταλαιπωρεῖν.

702 1780 1072 1859 νιιιίιιθιύηι
1108 1800 1347 1857 intendit
1372 1801 1590 1854 animus
1620 1801 1673 1855 in
1705 1804 1899 1865 Deum,
1929 1802 2096 1871 erepit
2125 1802 2203 1855 illi

2480 1780 2483 1781 ν
2501 1801 2669 1852 Πάλιν
2697 1800 3000 1869 προσέσχεν
3029 1800 3057 1852 ὁ
3085 1800 3213 1862 νοῦς
3235 1780 3374 1870 πρὸς
3392 1806 3483 1853 τὸν
3504 1803 3664 1859 Θεὸν.
3685 1780 3857 1872 ἤρξατο

629 1896 1081 1966 appropinquare
1120 1896 1271 1963 prior
1312 1894 1560 1962 requies,
1592 1894 1785 1963 incipit
1827 1894 2207 1950 vehementius

2320 1892 2696 1962 προσεγγίζειν
2726 1892 2876 1962 αὑτῷ
2920 1894 2953 1962 ἡ
2992 1893 3231 1962 προτέρα
3260 1894 3570 1957 ἀνάπαυσις
3595 1935 3611 1956 ,
3662 1898 3859 1963 ἄρχεται

631 1989 936 2058 inquirere.
964 1987 1226 2056 Deprecor
1258 1996 1325 2048 te,
1356 1986 1451 2050 ait,
1476 1985 1717 2039 Domine.
1744 1987 2010 2041 Paulatim
2040 2002 2209 2056 appo-

2320 1987 2683 2058 πφοδροτέρως
2710 1988 3018 2056 ἐπιζητεῖνο
3055 1987 3268 2056 Δέομαί
3293 2004 3432 2051 σου,
3469 1990 3637 2057 φησὶ,
3680 1992 3855 2055 Eripis-

632 2080 788 2133 nitur
821 2078 871 2132 ei
914 2078 1055 2147 ignis
1094 2086 1151 2131 et
1184 2076 1492 2130 accendens
1529 2086 1584 2130 et
1620 2093 1878 2131 recreans
1917 2078 2151 2131 animam
2188 2095 2204 2131 :

2320 2080 2451 2132 κατὰ
2505 2078 2698 2147 μικρὸν
2744 2078 3092 2147 προστίθεται
3122 2077 3271 2147 αὑτῷ
3306 2081 3367 2130 τὸ
3392 2076 3506 2147 πῦρ
3535 2078 3765 2142 ἐξάπτον
3788 2080 3861 2131 καὶ

631 2170 1096 2241 quemadmodum
1150 2169 1348 2222 hamus
1399 2168 1661 2236 paulatim
1711 2170 1954 2223 extrahit
1998 2185 2028 2223 e
2076 2184 2207 2238 pro-

2320 2170 2594 2223 άναπαῦον
2641 2169 2741 2239 τὴν
2792 2169 2970 2239 ψυχήν
2997 2186 3012 2200 ο
3060 2168 3247 2237 ὥσπερ
3291 2172 3352 2221 τδ
3394 2172 3695 2240 ἄγκιστρον
3746 2172 3862 2241 cipe:

633 2263 808 2318 fundo
852 2264 1077 2332 piscem.
1108 2260 1223 2316 Nisi
1257 2262 1404 2313 enim
1439 2259 1544 2313 hoc
1574 2259 1648 2312 ita
1679 2269 1845 2320 esset,
1872 2276 1937 2315 ac
1965 2268 2212 2330 gustaret

2320 2261 2377 2312 ἑκ
2406 2259 2500 2311 τοῦ
2530 2258 2695 2329 βυθοῦ
2723 2259 2814 2311 τὸν
2848 2259 3003 2329 ἰχθὺν
3028 2260 3169 2312 κατὰ
3200 2260 3413 2329 μικρόν.
3445 2262 3510 2312 Εἰ
3533 2262 3647 2328 γὰρ
3675 2263 3746 2329 μὴ
3766 2263 3862 2313 τοῦ·

636 2353 1064 2409 amaritudincm
1096 2361 1152 2406 et
1178 2362 1431 2415 mortem,
1458 2366 1567 2419 quo
1602 2360 1759 2419 pacto
1791 2364 1977 2420 posset
2006 2352 2214 2407 discer-

2320 2365 2374 2401 το
2400 2344 2491 2418 ἦν,
2518 2350 2614 2401 καὶ
2642 2348 2865 2416 ἐγεύετο
2895 2348 2989 2402 τοῦ
3018 2350 3218 2419 πικροῦ
3246 2351 3343 2402 καὶ
3365 2350 3460 2402 τοῦ
3487 2350 3748 2412 θανάτου,
3770 2352 3863 2412 πῶς

636 2461 769 2505 nere
813 2461 1061 2500 amarum
1090 2460 1121 2497 a
1151 2443 1320 2506 dulci,
1348 2450 1405 2496 et
1432 2452 1663 2497 mortem
1696 2459 1725 2496 a
1753 2445 1885 2508 vita,
1912 2452 1967 2498 et
1997 2453 2211 2513 gratum

2320 2440 2547 2510 ὴδύνατο
2594 2440 2869 2511 διακρῖναι
2900 2442 2963 2493 τὸ
2994 2441 3191 2511 πικρὸν
3220 2443 3330 2493 ἀπὸ
3358 2442 3453 2495 τοῦ
3485 2444 3757 2510 γλυκέως,
3790 2450 3864 2495 καὶ

636 2555 699 2594 se
727 2538 986 2592 exhibere
1009 2534 1310 2589 viviﬁcanti
1359 2534 1538 2599 Patri,
1576 2544 1631 2589 et
1672 2535 1839 2601 Filio,
1875 2546 1933 2591 et
1982 2536 2213 2607 Spiritui

2320 2531 2404 2584 τὸν
2432 2532 2658 2586 θάνατον
2690 2531 2797 2585 ἀπὸ
2820 2534 2920 2599 τῆς
2945 2532 3114 2600 ζωῆς,
3138 2533 3231 2585 καὶ
3256 2534 3654 2604 εύχαριστῆσαι
3675 2535 3750 2605 τῷ
3768 2534 3865 2598 ζωο-

637 2639 846 2692 szneto,
884 2629 939 2681 in
974 2627 1205 2681 saecula?
1231 2628 1426 2683 Amen.

2320 2624 2455 2692 ποιῷ
2487 2626 2684 2694 Πατρὶ,
2717 2627 2811 2678 καὶ
2836 2623 2984 2694 Υἱῷ,
3020 2626 3115 2678 καὶ
3143 2626 3285 2695 ἁγίῳ
3313 2626 3626 2695 Πνεύματι,
3662 2628 3740 2690 εἰς
3766 2629 3865 2687 τοὺς

2308 2714 2518 2778 αἰῶνας
2538 2733 2553 2780 ;
2604 2716 2798 2787 Ἀμήν.

1197 2821 1481 2876 HOMILIA
1519 2822 1657 2877 XLI.

638 2914 919 2987 Profunda
949 2914 1101 2967 ualde
1128 2924 1251 2967 sunt
1281 2914 1577 2987 penetralia
1615 2916 1837 2987 anima,
1864 2929 1983 2987 (luo:
2017 2912 2212 2987 paula-

788 2987 881 3038 tim
906 2986 1227 3038 incrementa
1258 2985 1444 3054 gratia:
1475 2994 1567 3036 aut
1592 2984 1835 3038 vitiorum
1866 2985 2071 3053 accipit.

2900 2827 3144 2880 OMIAIA
3175 2826 3312 2883 MA'.

2320 2914 2511 2986 Βαθέα
2538 2914 2681 2969 λίαν
2704 2914 2776 2967 τὰ
2800 2914 2911 2981 τῆς
2934 2916 3140 2983 ψυχῆς
3164 2918 3391 2985 ταμεῖιι,
3412 2917 3525 2983 τῆς
3544 2918 3664 2973 ἀπὸ
3677 2920 3866 2986 μένους⁸

2389 2984 2465 3053 τῇ
2492 2986 2683 3054 χάριτι
2714 2986 2812 3039 καὶ
2838 2987 2969 3052 ταῖς
2996 2984 3813 3057 κακίαιςσυναυξανομένῄς.

712 3095 755 3152 Ι.
785 3096 1087 3151 Pretiosum
1124 3110 1220 3149 vas
1258 3095 1454 3148 anima:
1492 3094 1548 3148 in
1584 3110 1802 3149 summa
1840 3093 2215 3163 profunditate

2392 3100 2471 3153 A'.
2506 3099 2580 3152 Τὸ
2603 3097 2781 3169 τίμιον
2807 3098 3003 3162 σκεῦος
3024 3099 3126 3169 τῆς
3150 3099 3330 3170 ψυχῆς
3353 3103 3411 3154 ὲν
3433 3101 3606 3172 πολλῇ
3636 3102 3868 3172 βαθύτητι

646 3187 927 3249 consistit,
970 3197 1030 3240 ut
1069 3185 1269 3240 alicubi
1320 3187 1497 3255 inquit
1540 3204 1554 3239 :
1595 3187 1851 3257 Abyssum
1892 3195 1941 3240 et
1983 3203 2072 3240 cor
2108 3189 2218 3257 ipse

2320 3193 2597 3261 τυγχάνει,
2616 3190 2691 3254 ὥς
2711 3191 2810 3243 πού
2827 3193 3077 3260 φησιν,Ἀ
3086 3194 3323 3247 ϐυσσον
3338 3194 3436 3246 καὶ
3449 3194 3868 3262 καρδίαναιὴὸς

644 3280 998 3333 scrutatur”.
1032 3279 1131 3334 Ubi
1170 3279 1318 3332 enim
1357 3279 1645 3333 diverterit
1679 3280 1844 3333 homo
1877 3295 1908 3334 a
1940 3280 2218 3344 mandato,

2320 3282 2536 3357 ἐρευνᾷ
2554 3301 2565 3314 ·
2596 3285 2962 3354 ὲκτραπέντος
2983 3285 3092 3355 γάρ
3111 3285 3205 3338 τοῦ
3230 3286 3519 3357 ἀνθρώπου
3540 3288 3640 3354 τῆς
3656 3287 3867 3351 ἐντολῆς,

647 3381 707 3426 et
751 3372 1037 3425 sententia:
1086 3371 1180 3425 ira:
1228 3371 1503 3425 obnoxius
1549 3373 1727 3426 factus
1777 3372 1979 3439 fuerit,
2025 3373 2222 3440 redigit

2324 3356 2425 3425 xui.
2446 3373 2549 3426 ὑπὸ
2571 3374 2845 3441 ἀπόφασιν
2869 3374 3040 3444 ὀργῆς
3062 3356 3453 3444 γεγενημένου,
3478 3376 3719 3429 λαϐοῦσα
3736 3378 3868 3428 αὐτὸν

652 3464 805 3519 illum
840 3464 893 3519 in
923 3480 1073 3517 suam
1107 3472 1430 3532 potestatem
1462 3473 1769 3534 peccatum,
1804 3465 1948 3533 quod
1991 3480 2115 3519 cum
2153 3464 2222 3519 sit

2326 3464 2631 3536 ὑποχείριον
2660 3465 2693 3534 ή
2721 3465 2963 3535 ἁμαρτία
2982 3507 2996 3530 ,
3047 3468 3141 3519 καὶ
3172 3468 3309 3537 αὑτὴ
3339 3469 3530 3537 ὥσπερ
3557 3469 3785 3529 ἄϐυσσος
3805 3484 3869 3529 τις

651 3557 804 3610 velut
833 3557 1063 3625 abyssus
1098 3555 1345 3623 quzedam
1383 3556 1702 3609 acerbitatis
1738 3557 1793 3609 in
1829 3556 2135 3610 subtilitate
2171 3563 2222 3611 et

2326 3558 2551 3626 πικρίας
2582 3558 2640 3609 ὲν
2663 3556 2954 3627 λεπτότητι
2985 3558 3079 3610 καὶ
3108 3557 3371 3628 βαθύτητι
3401 3561 3763 3628 τυγχάνουσα,
3784 3562 3871 3610 εξε-

653 3646 1024 3718 profunditate
1070 3646 1409 3710 consistens,
1454 3646 1761 3716 ingressum
1810 3648 1986 3710 intro,
2025 3662 2222 3715 pascua

2328 3649 2556 3702 ελθοῦσα
2588 3650 2733 3703 ἔνδον
2755 3689 2771 3714 ,
2817 3649 2918 3713 τὰς
2946 3651 3116 3721 νομὰς
3142 3651 3243 3719 τῆς
3271 3653 3445 3722 ψυχῆς
3475 3654 3761 3721 κατέσχεν,
3787 3652 3870 3711 ἕως

655 3741 854 3794 anima:
893 3741 1202 3808 occupavit,
1237 3755 1409 3806 usque
1447 3740 1515 3793 ad
1558 3741 1664 3793 ima
1706 3741 1827 3810 ejus
1862 3740 2222 3809 receptacula.

2327 3742 2435 3794 τῶν
2483 3741 2796 3811 βαθυτάτων
2836 3743 3007 3812 αὐτῆς
3041 3744 3303 3812 ταμεῐων.
3353 3744 3594 3813 Τοιούτῳ
3626 3745 3683 3796 δὲ
3716 3745 3871 3813 τρόπῳ

655 3833 813 3887 Hunc
849 3842 1034 3887 autem
1078 3834 1131 3885 in
1175 3831 1398 3885 modum
1439 3831 1866 3885 assimilabimus
1902 3833 2138 3886 animam
2175 3841 2222 3887 et

2331 3834 2739 3905 παρεικάσομεν
2784 3835 2883 3905 τὴν
2915 3834 3091 3905 ψυχὴν
3125 3837 3221 3887 καὶ
3250 3836 3349 3905 τὴν
3376 3837 3682 3905 ἁμαρτίαν,
3722 3838 3869 3903 pmi-

657 3936 942 3994 peccatum
967 3923 1313 3993 permistum,
1338 3923 1564 3992 perinde
1589 3938 1651 3976 ac
1674 3924 1718 3977 si
1743 3924 1813 3977 sit
1833 3924 1997 3978 arbor
2018 3924 2227 3993 ingens,

656 4032 779 4085 quia
813 4016 1013 4068 habeat
1046 4017 1247 4069 multos
1286 4029 1491 4077 ramos,
1526 4014 1727 4068 habeat
1760 4030 1979 4084 quoque
2019 4015 2231 4071 radices

657 4106 940 4177 profunda:
970 4114 1129 4160 terra:
1160 4105 1354 4159 inﬁxas
1385 4123 1400 4158 :
1429 4105 1508 4159 sic
1532 4122 1753 4174 quoque
1782 4121 1983 4173 pascua
2016 4107 2235 4161 intimo-

658 4210 779 4247 rum
801 4196 997 4249 anima:
1021 4195 1492 4261 receptaculorum
1515 4195 1608 4248 ubi
1632 4205 1928 4263 penetrans
1950 4206 2231 4265 peccatum

660 4288 973 4356 occupavit,
1002 4287 1057 4339 in
1092 4287 1549 4340 consuetudinem
1582 4286 1698 4339 abit
1723 4296 1778 4340 et
1808 4289 2233 4357 praeoccupatio-

660 4395 808 4439 nem,
830 4395 953 4433 cum
983 4394 1315 4448 unoquoque
1343 4378 1411 4432 ab
1441 4378 1667 4432 infantia
1692 4379 1854 4432 simul
1881 4390 2235 4450 augmentum

660 4486 886 4525 sumens
913 4479 1291 4534 conversatur,
1318 4480 1374 4523 et
1399 4469 1531 4523 vitia
1559 4470 1773 4525 edocet.
2259 4480 2308 4536 ι)

732 4563 797 4617 Νι
823 4562 924 4618 Ubi
952 4579 1083 4631 ergo
1110 4562 1299 4633 gratiae
1322 4562 1523 4615 divinae
1547 4560 1784 4616 eﬁicacia
1811 4563 2235 4618 obumbraverit

2333 3943 2432 3977 σαν
2457 3966 2473 3991 ,
2523 3924 2712 3996 ὥσπερ
2742 3928 2867 3980 ὅταν
2960 3927 3175 3996 δένδρον
3211 3930 3490 3996 μέγιστον.
3526 3928 3652 3995 ἔχον
3678 3927 3870 3985 πολλοῦς

2333 4016 2563 4079 κλῶνας
2596 4017 2691 4087 ἔχῃ
2718 4018 2780 4070 δὲ
2807 4022 2899 4070 καὶ
2924 4018 3022 4080 τὰς
3044 4017 3199 4086 ῥίζας
3230 4020 3287 4070 ὲν
3317 4019 3430 4079 τοῖς
3452 4016 3769 4085 βαθυτάτοις
3792 4017 3871 4082 τῆς

2332 4108 2435 4176 γῆς
2462 4125 2475 4138 ·
2536 4107 2707 4170 οὕτως
2753 4109 2851 4171 τὰς
2895 4110 3064 4177 νομὰς
3113 4110 3219 4161 τῶν
3257 4108 3575 4176 βαθυτάτων
3603 4109 3704 4178 τῆς
3726 4110 3870 4177 ψυχῆς

2334 4201 2577 4269 ταμείων
2606 4203 2640 4271 ἡ
2666 4201 3011 4271 παρελθοῦσα
3037 4202 3278 4271 ἁμαρτία
3307 4202 3679 4272 κατασχοῦσα,
3702 4206 3756 4255 ἑν
3774 4219 3870 4253 συν-

2334 4292 2495 4361 ηθείᾳ
2545 4294 2735 4359 γέγονε
2786 4294 2883 4345 κα)⁸
2912 4293 3198 4362 προλήψει,
3232 4293 3447 4364 ἑκάστῳ
3481 4294 3741 4363 νηπιόθεν
3770 4310 3870 4346 συν-

2337 4385 2699 4454 αυξανομένη,
2736 4384 2830 4437 καὶ
2856 4387 2923 4436 τὰ
2954 4384 3100 4437 κακὰ
3128 4384 3535 4440 ὲκδιδάσκουσα.

2402 4563 2477 4617 B'.
2516 4563 2686 4616 Ἐπὰν
2715 4562 2896 4615 τοίνυν
2925 4562 3146 4634 χάριτος
3167 4564 3314 4627 θείας
3340 4565 3587 4634 ἐνέργεια
3612 4564 3866 4631 incudm

2333 4659 2396 4724 τῇ
2427 4656 2571 4725 ψυχῇ
2626 4654 2769 4708 κατὰ
2806 4655 2867 4707 τὸ
2904 4656 3098 4726 μέτρον
3130 4657 3227 4725 τῆς
3261 4658 3492 4710 ἑκάστου
3522 4658 3770 4723 πίστεως,
3798 4657 3868 4708 καὶ

2332 4746 2549 4813 δέξηται
2598 4744 2801 4798 ἄνωθεν
2852 4745 3129 4814 βοήθειαν,
3185 4747 3368 4817 ἀκμὴν
3403 4749 3461 4799 ἐν
3492 4748 3647 4817 μέρει
3676 4746 3774 4799 τινὶ
3796 4748 3870 4796 ἔτι

2337 4836 2585 4888 εσκίασεν
2642 4838 2673 4904 ἡ
2720 4837 2900 4905 χάρις.
2961 4838 3052 4905 Μὴ
3103 4838 3297 4909 νομίσῃ
3346 4836 3443 4892 οῦν
3508 4857 3612 4902 τις,
3649 4841 3768 4910 ὃλην
3794 4840 3870 4905 τὴν

663 4657 857 4710 anima:
883 4672 982 4725 pro
1006 4656 1169 4709 modo
1192 4656 1625 4724 uniuscujusque
1650 4656 1798 4719 ﬁdei,
1816 4666 1981 4725 atque.
2001 4657 2238 4725 desuper

663 4746 927 4800 auxilium
957 4747 1251 4815 receperit,
1271 4746 1453 4800 adhuc
1478 4748 1660 4815 aliqua
1689 4748 1743 4800 in
1771 4758 1923 4817 parte
1949 4749 2239 4803 adumbrat

662 4841 854 4911 gratia.
908 4840 986 4894 Ne
1035 4856 1167 4909 ergo
1210 4839 1499 4892 arbitreris
1539 4842 1851 4909 quempiam
1904 4850 2015 4895 tota
2059 4843 2239 4896 anima

663 4947 788 4986 esse
838 4932 1205 4984 illuminalum
1252 4947 1266 4982 :
1312 4931 1495 4985 adhuc
1541 4932 1772 4984 multum
1820 4932 2078 5000 pabulum
2119 4932 2236 4985 vitii

667 5022 813 5076 intus
863 5023 1029 5086 latet,
1077 5038 1401 5090 summoque
1451 5023 1637 5076 labore
1692 5023 1899 5093 indiget
1944 5024 2141 5087 homo,
2186 5035 2241 5078 et

670 5114 1079 5184 defatigatione,
1117 5130 1236 5183 qum
1280 5115 1589 5168 consentiat
1631 5114 1844 5168 collatae
1886 5116 1990 5185 ipsi
2033 5117 2239 5185 gratiae.

670 5205 966 5273 Propterea
1005 5206 1150 5259 enim
1197 5206 1570 5275 particulatim
1614 5207 1810 5276 incipit
1842 5208 2028 5262 divina
2066 5210 2239 5279 gratia

670 5295 965 5349 adventare
1016 5295 1069 5348 in
1116 5296 1387 5358 animam,
1423 5311 1544 5364 qua:
1585 5296 1668 5350 vel
1720 5297 1885 5351 unius
1933 5297 2079 5352 horae
2126 5314 2244 5352 mo-

673 5396 857 5440 mento
887 5387 1063 5455 possit
1092 5387 1393 5450 hominem,
1422 5388 1515 5441 ubi
1546 5389 1862 5458 expurgarit
1888 5404 2036 5453 eum,
2062 5391 2242 5459 perfe-

670 5484 818 5527 ctum
852 5473 1113 5540 reddere;
1146 5490 1333 5529 verum
1366 5485 1427 5530 ut
1450 5477 1643 5545 probet
1671 5476 2033 5531 intentionem
2068 5479 2245 5531 homi-

674 5565 780 5630 nis,
802 5580 873 5620 an
899 5565 1249 5621 dilectionem
1274 5583 1403 5637 erga
1426 5567 1596 5623 Deum
1631 5567 1900 5637 integram
1930 5578 2240 5635 conservet,

746 5743 793 5775 “
816 5743 984 5800 Eccli.
1008 5760 1139 5811 mi,
1171 5746 1251 5801 18.

2336 4928 2513 4997 ψυχὴν
2570 4928 2905 4996 πεφὼτισται
2927 4942 2945 4960 ⁶
3002 4930 3185 4999 ἀκμὴν
3219 4929 3387 4999 πολλὴ
3418 4933 3554 5003 νομὴ
3584 4934 3687 5001 τῆς
3713 4932 3869 4989 κακίας

2340 5021 2486 5073 ἔνδον
2517 5020 2667 5086 ἐστὶ,
2722 5021 2818 5073 καὶ⁸
2866 5020 3059 5072 πολλοῦ
3111 5021 3272 5073 πόνου
3319 5023 3477 5092 χρεία
3523 5024 3616 5075 καὶ
3660 5024 3867 5090 καμάτου

2342 5112 2419 5181 τῷ
2466 5110 2735 5181 ἀνθρώπῳ
2784 5113 3199 5181 συμφωνοῦντος
3242 5116 3308 5183 τῇ
3349 5114 3486 5184 πρὸς
3516 5116 3674 5167 αὐτὸν
3706 5116 3869 5183 χάριτι.

2347 5204 2446 5257 Διὰ
2477 5206 2632 5257 τοῦτο
2665 5205 2773 5275 γάρ
2816 5206 2909 5257 καὶ
2941 5204 3047 5257 άπὸ
3079 5205 3278 5275 μέρους
3310 5206 3515 5276 ἤρξατο
3544 5208 3575 5275 ἡ
3604 5206 3718 5258 θεία
3746 5205 3871 5273 χάρις

2344 5296 2629 5366 ὲπιφοιτᾷν
2677 5298 2742 5365 τῇ
2788 5295 2933 5365 ψυχῇ
2962 5336 2977 5361 ,
3027 5296 3302 5367 δυναμένη
3340 5300 3477 5368 ῥοπῇ
3522 5297 3668 5367 ὥρας
3697 5298 3778 5349 τὸν
3799 5298 3869 5347 ἄνθ

2345 5388 2560 5457 θρωπον
2607 5389 2951 5459 καθαρίσασα
2995 5390 3302 5443 τελειῶσαι.
3354 5389 3493 5442 Ἀλλ’
3528 5391 3611 5441 ἵνα
3644 5389 3869 5457 δοκιμάσῃ

2345 5481 2443 5548 τὴν
2485 5480 2803 5550 προαίρεσιν
2845 5479 2938 5532 τοῦ
2981 5479 3288 5550 ἀνθρώπου,
3328 5482 3375 5533 εἰ
3403 5483 3501 5550 τὴν
3526 5482 3736 5548 ἀγάπην
3764 5478 3869 5544 πρὶς

2349 5570 2480 5623 Θεὸν
2508 5571 2801 5643 ὁλόκληρον
2831 5569 3125 5637 ἀποσώζει,
3164 5571 3238 5643 μὴ
3268 5572 3572 5636 συνδυάζων
3593 5570 3669 5641 τῷ
3692 5564 3868 5639 πονηρῷ
