4044 6514
198 364 312 432 ’169
496 360 503 364 ’
1382 346 1754 412 HOMILIIE.
1782 370 1829 383 -

1930 343 2036 405 OM
2098 341 2289 403 XLII.
3368 329 3478 397 770

201 479 265 533 ἐν
292 474 519 548 μηδενὶ,
552 471 669 529 ἀλλ’
698 471 821 527 δλον
849 469 918 542 τῇ
948 466 1132 541 χάριτι
1161 464 1354 521 ἑαυτὸν
1379 460 1622 525 ἐκδιδούς
1643 476 1661 494 ·
1697 458 1794 514 καὶ
1820 499 1829 519 ι

1930 454 2050 511 ullo
2073 466 2305 524 prorsus
2328 448 2519 509 habito
2544 444 2883 504 commercio
2907 456 3037 501 cum
3064 440 3349 515 improbo;
3379 442 3481 500 sed

202 537 381 631 οὕτως
411 537 778 637 εὐδοκιμοῦσα
807 564 841 633 ἡ
869 537 1259 632 ψυχὴ-χρόνοις
1289 556 1387 611 καὶ
1415 555 1628 626 καιροῖς
1648 594 1665 619 ,
1695 552 1793 607 καὶ

1930 558 2071 603 )tum
2105 547 2293 617 gratiae
2325 558 2385 600 se
2419 545 2601 616 ipsum
2634 539 2816 597 tradat
2847 557 2863 595 :
2899 537 3120 609 hocque
3152 545 3315 608 pacto
3348 550 3483 607 pro-

202 663 308 731 τὴν
356 659 516 730 χάριν
566 659 624 711 ἐν
673 655 865 728 μηδενὶ
906 651 1189 715 λυποῦσα,
1238 648 1380 721 μήτε
1410 645 1792 716 ινυϐρίζουσα,

206 753 277 804 ὲκ
322 750 417 804 τοῦ
460 748 582 801 κατ’
619 746 797 815 ὀλίγον
839 744 1137 816 βοηθεῖται.
1173 740 1285 795 Καὶ
1317 736 1457 809 αύτὴ
1486 734 1545 789 δὲ
1574 736 1608 805 ἡ
1635 734 1795 804 χάρις

206 842 382 913 νομὴν
410 840 677 912 λαμϐάνει
711 840 769 892 ὲν
798 841 865 909 τῇ
892 838 1061 908 ψυχῇ,
1093 835 1189 889 καὶ
1212 834 1319 896 ἓως
1342 831 1451 885 τῶν
1478 827 1796 901 βαθυτάτων

209 936 384 1005 αὐτῆς
433 932 614 1005 μερῶν
658 932 756 987 καὶ
790 927 1159 1000 διαλογισμῶν
1192 924 1460 999 ριζοῦται,
1493 922 1553 976 ὲν
1579 919 1798 990 καιροῖς

211 1004 460 1077 πλείοσιν
501 1021 897 1092 εύδοκιμούσης
940 1018 1035 1072 καὶ
1072 1010 1470 1086 συμφωνούσης
1498 1006 1596 1079 τῆς
1618 1004 1800 1076 ψυχῆς

207 1119 284 1188 τῇ
336 1116 517 1187 χάριτι
540 1130 554 1145 ο
608 1112 712 1176 ἓως
746 1104 810 1166 οὗ
838 1111 943 1180 ὅλη
971 1111 1006 1181 ἠ
1035 1105 1185 1178 ψυχὴ
1214 1101 1529 1173 περιληφθῇ
1566 1098 1673 1153 ὑπὸ
1698 1098 1800 1168 τῆς

213 1206 545 1279 ἐτωυρανίου
590 1205 812 1277 χάριτος
837 1245 855 1273 ,
908 1201 1096 1256 λοιπὸν
1142 1193 1536 1270 βασιλευούσης
1562 1192 1622 1246 ὲν
1648 1189 1801 1261 αύτῷ

209 1318 298 1355 τω
329 1317 532 1354 σκεύει.

292 1480 369 1535 Γ’.
419 1476 549 1533 Ἐὰν
596 1474 654 1529 δέ
698 1489 784 1536 τις
1024 1469 1082 1522 ὲν
1108 1460 1581 1535 ταπεινοφροσύνῃ
1608 1457 1801 1529 πολλῇ,

1892 642 2022 697 bata
2062 650 2311 711 tempore
2350 646 2409 696 et
2442 635 2860 710 opportunitate
2898 634 3106 697 anima,
3138 631 3486 703 gratiamque

1895 735 1952 791 in
1982 735 2134 789 nulla
2164 746 2392 805 prorsus
2413 747 2473 787 re
2498 729 2851 791 contristaris,
2872 741 2979 782 nec
3003 725 3115 781 ulla
3142 722 3486 785 contumelia

1896 822 2175 887 alliciens,
2210 837 2242 877 a
2274 820 2496 876 modico
2527 827 2749 889 sumpto
2784 815 2946 872 initio
2980 813 3248 870 auxilium
3283 825 3484 867 conse-

1898 915 2107 986 quitur.
2143 914 2265 985 lpsa
2289 927 2511 983 quoque
2539 910 2713 982 gratia
2740 917 2961 980 pastum
2990 907 3048 961 in
3071 905 3257 961 anima
3282 902 3479 969 sumit,

1899 1016 1956 1065 et
1984 1008 2052 1063 ad
2083 1005 2541 1078 profundissimas
2579 1020 2758 1074 usque
2796 1003 2916 1073 ejus
2956 1009 3144 1071 partes
3186 1007 3242 1054 et
3273 999 3488 1069 cogita-

1901 1100 2081 1155 tiones
2123 1099 2339 1154 radices
2380 1096 2573 1161 mittit,
2606 1111 2732 1151 cum
2776 1096 2834 1150 in
2872 1092 3061 1149 multis
3103 1089 3490 1147 occasionibus

1901 1192 2132 1265 probata
2174 1191 2281 1257 sit,
2314 1198 2372 1244 et
2414 1187 2773 1244 consentiens
2818 1184 3007 1256 gratiae
3054 1183 3271 1247 anima,
3309 1182 3489 1237 donec

1906 1293 2021 1339 tota
2052 1283 2235 1339 anima
2266 1281 2527 1351 absorpta
2558 1287 2645 1335 est
2677 1294 2707 1332 a
2742 1276 2956 1333 caelesti
2999 1275 3207 1348 gratia,
3238 1284 3492 1345 postmo-

1906 1376 2037 1431 dum
2064 1375 2121 1431 in
2152 1376 2272 1446 ipso
2299 1388 2430 1429 vase
2458 1379 2744 1445 regnante.

1975 1467 2067 1522 ΙΙΙ.
2094 1465 2252 1534 Quod
2286 1467 2333 1521 si
2368 1481 2499 1521 vero
2528 1466 2655 1536 quis
2678 1478 2789 1518 non
2824 1458 3103 1517 studuerit
3128 1474 3359 1516 summa;
3390 1459 3495 1514 hu-

210 1569 574 1641 παραδίδοται
620 1560 774 1628 οὗτος
820 1562 898 1634 τῷ
944 1560 1192 1631 Σατανᾷ,
1248 1557 1344 1611 καὶ
1390 1552 1804 1624 ἁπογυμνοῦται

1930 1557 2159 1625 nilitati,
2188 1556 2423 1613 traditur
2454 1558 2561 1611 iste
2597 1553 2843 1619 Satanae,
2872 1559 2929 1608 et
2958 1551 3274 1606 denudatus
3306 1550 3495 1605 divina

215 1640 323 1732 τῆς
357 1661 489 1731 πρὸς
517 1658 680 1713 αύτὸν
707 1656 1008 1727 γενομένης
1036 1652 1186 1715 θείας
1213 1650 1458 1722 χάριτος,
1485 1647 1578 1700 καὶ
1608 1643 1804 1732 πειράς

1930 1649 2015 1706 tibi
2042 1649 2239 1704 collata
2269 1647 2466 1719 gratia,
2494 1654 2742 1702 tentatur
2767 1642 3159 1699 afﬂictionibus
3190 1640 3410 1709 multis;
3437 1650 3495 1696 et

216 1730 379 1821 ζεται
402 1730 467 1807 Ῠὲν
491 1750 701 1821 θλίψεσι
727 1746 971 1811 πολλαῖς,
1006 1743 1102 1798 καὶ¹
1131 1742 1251 1797 τότε
1281 1737 1610 1810 φανεροῦται
1636 1730 1804 1787 αὑτοῦ

1930 1758 2029 1796 .nm
2068 1740 2452 1796 manifestatur
2485 1739 2607 1810 ejus
2645 1732 3006 1802 existimatio,
3031 1732 3180 1805 quod
3217 1732 3401 1788 nudus
3435 1740 3494 1789 et

217 1815 256 1916 ἦ
288 1845 484 1915 οἴησις,
517 1815 602 1895 ὅτι
628 1838 833 1910 γυμνὸς
862 1837 957 1891 καὶ
984 1833 1329 1903 ταλαίπωρος
1354 1827 1610 1900 ὑπάρχει.
1628 1823 1809 1894 Ὀφεί-

1930 1849 2259 1891 erumnosus
2290 1832 2381 1889 sit.
2409 1830 2586 1887 Debet
2609 1846 2762 1902 ergo,
2793 1829 2889 1899 qui
2922 1828 3167 1898 locuples
3203 1837 3287 1882 est
3316 1826 3493 1898 grati:

216 1936 310 1990 λει
340 1931 435 1990 οῦν
481 1936 509 1987 ὁ
540 1931 785 1987 πλουτῶν
809 1932 893 2000 τῇ
922 1928 1108 1999 χάριτι
1137 1924 1232 1979 τοῦ
1260 1920 1396 1976 Θεοῦ
1426 1922 1486 1975 ὲν
1516 1917 1809 2009 πολλῇςιαξ-

1930 1926 2131 1992 livina,
2168 1926 2223 1980 in
2264 1925 2438 1979 multa
2483 1922 2796 1977 humilitate
2833 1931 2890 1976 et
2931 1919 3264 1976 contritione
3305 1918 3495 1975 cordis

220 2024 625 2099 πεινοφροσύνῃ
654 2024 749 2079 καὶ
776 2018 1103 2092 συντριμμῷ
1129 2015 1358 2089 καρδίας
1384 2012 1679 2084 ὑπάρχειν,
1713 2008 1813 2063 καὶ

1930 2016 2159 2083 rersari,
2211 2025 2269 2071 et
2314 2014 2816 2085 velutpauperem
2877 2028 2943 2069 ac
2997 2011 3139 2067 nihil
3198 2011 3495 2067 habentem

220 2121 305 2185 ὡς
335 2120 549 2190 πτωχὸν
578 2118 673 2172 καὶ
700 2116 869 2188 μηδὲν
895 2114 1088 2184 ἔχοντα
1114 2108 1310 2165 ἑαυτὸν
1333 2103 1612 2179 ἡγεῖσθαι·
1649 2100 1810 2156 ἀλλό-

1930 2109 2081 2180 l36
2135 2124 2193 2165 se
2255 2106 2436 2179 ipsum
2491 2106 2841 2173 existimare;
2906 2103 3149 2160 alienum
3207 2110 3293 2159 est
3350 2103 3502 2173 quod

217 2229 382 2284 τριον
428 2209 594 2265 αὐτοῦ
643 2210 784 2274 ἐστι,
825 2206 920 2262 καὶ
948 2204 1109 2267 ἄλλος
1139 2202 1340 2287 ἔδωκεν
1365 2196 1517 2287 αύτῷ
1542 2235 1559 2260 ,
1598 2196 1694 2287 καὶ

1930 2200 2105 2267 habet,
2138 2200 2390 2270 aliusque
2427 2198 2537 2255 sibi
2577 2197 2754 2264 dedit,
2792 2204 2849 2253 et
2885 2196 3106 2269 quando
3143 2195 3284 2261 vult,
3320 2194 3504 2251 aufert

224 2278 483 2375 βούλεται
515 2299 663 2371 αῑρει
691 2296 848 2352 αὑτό.
882 2294 942 2349 '0
977 2291 1151 2355 οὕτως
1180 2278 1454 2342 ταπεινῶν
1488 2282 1684 2337 ἑαυτὸν
1718 2278 1814 2334 ἐπὶ

1930 2292 2078 2347 illud.
2105 2292 2209 2359 Qui
2244 2291 2351 2348 hoc
2385 2299 2549 2363 pacto
2582 2305 2643 2346 se
2678 2289 2858 2360 ipsum
2892 2287 3179 2352 humiliat,
3205 2296 3318 2341 tam
3354 2285 3503 2357 apud

219 2392 369 2449 Θεοῦ
419 2393 514 2447 καὶ
561 2390 865 2463 ἀνθρώπων
884 2431 900 2455 ,
941 2385 1164 2441 δύναται
1194 2377 1522 2451 διαφυλάξαι
1550 2377 1649 2448 τὴν
1678 2375 1817 2448 πρὸς

226 2488 398 2541 αὑτὸν
428 2485 725 2555 γενομένην
754 2482 945 2554 χάριν,
976 2478 1160 2541 καθώς
1195 2492 1380 2547 φησιν,
1428 2471 1494 2526 '0
1521 2465 1819 2525 ταπεινῶν

222 2578 452 2635 ἑαυτὸν
472 2575 875 2647 ὑψωθήσετᾱιο
908 2570 1109 2641 καίπερ
1136 2568 1211 2624 ὢν
1234 2565 1489 2628 ἐκλεκτὸς
1514 2560 1669 2625 Θεοῦ,
1689 2559 1819 2630 παρ’

224 2670 418 2742 ἑαυτῷ
448 2666 1016 2737 ἀποδεδοκιμασμένος
1045 2663 1161 2734 hac)
1181 2678 1199 2694 ο
1256 2660 1353 2714 καὶ
1385 2657 1460 2711 ὢν
1490 2653 1704 2717 πιστὸς,
1738 2651 1815 2715 ὡς

230 2764 456 2829 ἀνάξιον
503 2762 695 2815 ἑαυτὸν
739 2757 1003 2830 ἡγείσθω.
1044 2752 1306 2807 Τοιαῦται
1355 2750 1466 2821 γὰρ
1512 2746 1684 2818 ψυχαὶ
1728 2744 1822 2798 εύ-

232 2854 530 2928 αρεστοῦσι
555 2851 699 2924 Θεῷ,
728 2852 824 2906 καὶ
852 2845 1244 2914 ζωοποιοῦνται
1274 2846 1333 2897 ὲν
1356 2838 1597 2915 Χριστῷ,
1618 2830 1663 2908 ᾧ
1684 2838 1719 2908 ἡ
1740 2834 1826 2889 δό-

234 2946 313 3015 ξα
342 2946 437 3001 καὶ
463 2944 526 2998 τὸ
549 2942 753 3015 κράτος
784 2943 866 3004 είς
896 2941 1024 3001 τοὺς
1048 2935 1276 2998 αἰῶνας.
1319 2932 1514 3006 Ἀμήν.

825 3053 1075 3108 OMIMA
1106 3051 1242 3106 MB'.

233 3154 342 3222 Μὴ
394 3154 467 3208 τὰ
502 3152 747 3222 ἔξωθεν,
782 3145 945 3202 ἀλλὰ
971 3143 1316 3222 τὰ-ἕνᾷορεν
1340 3138 1584 3222 προργει
1669 3131 1830 3201 βλάξ
1852 3161 1896 3222 C

313 3210 445 3279 ἐττει
493 3210 603 3276 τόν
645 3221 995 3287 ἄνθρωπον,
1041 3213 1279 3287 δῃλαδὴ
1323 3212 1390 3287 τό
1432 3210 1545 3279 τῆς
1582 3211 1827 3280 χάριτος

317 3294 577 3364 Πνεῦμα,
610 3291 648 3359 ἢ
680 3283 1007 3357 τόπνεῦμα
1032 3285 1144 3354 τῆς
1164 3283 1478 3351 πονηρίας.

315 3411 395 3464 Δ¹.
431 3408 643 3478 Ὠσπερ
674 3405 770 3459 ἐὰν
865 3403 1022 3465 πόλις
1055 3398 1300 3470 μεγάλη,
1334 3397 1540 3468 ἔρημος
1563 3394 1622 3449 δὲ
1717 3393 1828 3449 τῶν

230 3502 475 3573 τειχέων
500 3497 925 3568 διαλελυμένων,
959 3494 1056 3547 καὶ
1076 3491 1184 3545 ὑπὸ
1207 3488 1419 3561 ἐχθρῶν
1444 3488 1648 3561 ληφθῇ,
1675 3486 1830 3541 οὐδὲν

235 3595 346 3664 τῆς
392 3591 811 3662 μεγαλειότητος
856 3588 1089 3657 δφελοςο
1145 3583 1408 3656 ζητητέον
1436 3577 1529 3637 οῦν
1558 3581 1655 3634 καὶ
1697 3577 1829 3653 [alii

237 3685 433 3757 κατὰ]
469 3686 527 3738 τὸ
558 3683 810 3755 μέγεθος,
845 3681 937 3734 ἵνα
967 3679 1068 3752 ἔχῃ
1100 3678 1196 3733 καὶ
1220 3675 1376 3747 τείχη
1399 3673 1573 3746 ὀχυρὰ
1604 3671 1742 3741 πρὸς
1770 3671 1831 3723 τὸ

238 3777 330 3848 μὴ
384 3776 511 3837 τοὺς
561 3772 791 3843 ἐχθροὺς
841 3769 1069 3823 εἰσιέναι
1101 3783 1116 3798 ·
1169 3765 1315 3820 οὕτω
1347 3764 1410 3836 δὴ
1445 3764 1542 3818 καὶ
1572 3762 1742 3833 ψυχαὶ
1774 3760 1832 3813 αι

238 3865 662 3937 κεκοσμημέναι
696 3862 897 3933 γνώσει
932 3861 1027 3916 καὶ
1060 3861 1298 3925 συνέσει,
1334 3857 1428 3913 καὶ
1458 3857 1537 3928 νῷ
1562 3855 1830 3925 όξυτάτῳ,

232 3960 329 4022 ὡς
383 3958 566 4021 πόλεις
613 3956 723 4009 εἰσὶ
776 3954 1037 4027 μεγάλαι.
1077 3951 1240 4006 Ἀλλά
1276 3950 1563 4021 ζητητέον,
1603 3949 1653 4001 εί
1686 3945 1833 4017 ὠχύ-

239 4069 456 4125 ρωνται
487 4053 554 4123 τῇ
579 4049 807 4120 δυνάμει
835 4047 930 4101 τοῦ
957 4046 1297 4115 Πνεύματος,
1329 4043 1542 4113 μήποτε
1572 4040 1622 4092 οἱ
1645 4038 1835 4109 ἐεχθρο)⁸

240 4145 580 4208 εἰσελθόντες
610 4145 710 4215 ὲρη
721 4140 975 4214 μώσωσιν
1000 4137 1193 4202 αὐτάς.
1228 4136 1293 4189 Οἱ
1320 4134 1429 4206 γὰρ
1456 4131 1612 4204 σοφοὶ
1633 4130 1727 4184 τοῦ
1750 4131 1836 4184 x6-

243 4257 417 4309 σμου,
458 4236 860 4307 ’Δριστοτέλης,
894 4234 927 4304 ἢ
962 4232 1210 4298 Πλάτων,
1244 4229 1277 4301 ἢ
1309 4226 1608 4299 Σωκράτης
1630 4266 1645 4291 ,
1698 4224 1834 4296 φρό-

242 4349 402 4403 νιμοι
431 4331 580 4393 ὄντες
625 4332 683 4383 ὲν
714 4328 937 4397 γνώσει,
973 4322 1164 4395 ῶσπερ
1197 4320 1383 4384 πόλεις
1416 4318 1651 4390 μεγάλαι
1676 4315 1836 4384 ὲτύγ-

1913 2382 2090 2438 Denm
2129 2396 2296 2452 quam
2340 2380 2617 2443 homines,
2652 2386 2837 2449 potest
2876 2392 3206 2434 conservare
3247 2376 3504 2432 collatam

1915 2473 2023 2529 sibi
2052 2472 2305 2545 gratiam,
2328 2480 2390 2527 ut
2414 2470 2596 2543 inquit
2622 2489 2636 2525 :
2665 2469 2770 2537 Qui
2791 2487 2847 2525 se
2867 2469 3137 2535 humiliat,
3159 2467 3505 2543 multabitur.

1917 2565 1988 2621 Et
2029 2565 2282 2636 quamvis
2328 2565 2402 2622 sit
2445 2565 2663 2621 electus
2707 2564 2836 2631 Dei,
2875 2561 3023 2634 apud
3071 2575 3132 2617 se
3178 2560 3507 2631 reprobatus

1918 2668 2040 2715 esto
2072 2680 2083 2714 :
2112 2658 2364 2728 quamvis
2394 2659 2469 2714 sit
2498 2657 2698 2723 ﬁdelis,
2730 2656 2883 2712 velut
2914 2654 3203 2727 indignum
3232 2669 3290 2709 se
3321 2653 3506 2724 ipsum

1919 2760 2164 2822 reputet.
2213 2750 2501 2823 Ejusmodi
2544 2749 2695 2805 enim
2746 2748 2945 2804 animae
2994 2748 3109 2803 Deo
3158 2760 3510 2817 summopere

1920 2841 2160 2913 placent,
2189 2849 2248 2897 et
2275 2840 2631 2897 viviﬁcantur
2657 2855 2758 2911 per
2781 2838 3087 2895 Christum.
3114 2837 3219 2895 Cui
3249 2838 3424 2909 gloria
3448 2846 3512 2894 et

1921 2933 2170 3005 poteatia
2196 2934 2255 2990 in
2281 2933 2502 2991 saecula.
2526 2933 2727 2990 Amen.

2476 3048 2764 3107 HOMILIA
2800 3047 2963 3104 XLII.

1927 3139 2048 3197 Non
2110 3150 2353 3208 externa,
2383 3140 2474 3195 sed
2529 3142 2744 3209 interna
2802 3145 3107 3209 promovent
3164 3142 3259 3189 aut
3315 3130 3517 3209 [cedunt

2002 3215 2299 3296 hominem,
2337 3204 2511 3267 'veluti
2567 3204 2813 3282 Spiritus
2848 3207 3073 3281 gratim,
3128 3215 3224 3261 aut
3296 3204 3517 3275 spiritus

2003 3292 2268 3355 nequitia.

1997 3396 2042 3454 ι.
2069 3394 2544 3464 Quemadmodum
2570 3394 2617 3450 si
2643 3392 2811 3450 fuerit
2837 3392 2971 3449 urbs
2992 3393 3208 3463 ingens,
3235 3405 3411 3462 eaque
3443 3389 3521 3448 sit

1930 3489 2170 3556 deserta,
2188 3488 2363 3543 muris
2382 3486 2640 3543 videlicet
2662 3486 2969 3551 dissolutis,
2987 3494 3154 3556 atque
3174 3484 3243 3541 ab
3262 3485 3522 3542 hostibus

1932 3593 2088 3654 capta
2107 3624 2122 3648 ,
2153 3582 2304 3637 nulla
2334 3581 2735 3653 magnitudinis
2762 3589 2846 3635 est
2878 3580 3121 3635 utilitas:
3150 3580 3520 3651 expetendum

1932 3692 2063 3747 ergo
2102 3683 2187 3731 est
2227 3682 2429 3746 prater
2467 3672 2928 3743 magnitudinem,
2961 3680 3023 3726 ut
3060 3674 3261 3729 habeat
3301 3686 3523 3744 quoque

1932 3779 2123 3821 muros
2149 3763 2358 3829 ﬁrmos,
2386 3777 2456 3818 ne
2482 3762 2670 3817 hostes
2697 3761 2960 3816 invadant
2986 3779 2999 3815 :
3031 3763 3112 3817 sic
3141 3777 3273 3817 sane
3301 3776 3524 3833 quoque

1934 3855 2151 3922 animae,
2182 3861 2461 3909 exornata:
2502 3853 2732 3908 scientia
2772 3860 2828 3908 et
2866 3853 3168 3918 intellectu,
3202 3841 3259 3909 et
3300 3854 3523 3926 ingenio

1936 3947 2274 4013 acutissimo,
2299 3946 2450 4001 velut
2474 3962 2685 4017 magna:
2710 3956 2839 4001 sunt
2868 3945 3051 4001 urbes.
3077 3944 3349 4007 Caeterum
3376 3962 3527 4017 quaa-

1936 4039 2190 4106 rendum,
2209 4054 2279 4094 an
2307 4037 2533 4092 munita:
2562 4038 2673 4092 sint
2696 4036 2899 4092 virtute
2926 4036 3188 4107 Spiritus,
3208 4053 3278 4092 ne
3302 4037 3526 4108 quando

1936 4131 2123 4187 hostes
2175 4132 2451 4186 irruentes
2503 4129 2823 4185 desolentur
2872 4145 2986 4185 eas.
3041 4129 3328 4200 Sapientes
3372 4130 3524 4186 enim

1936 4225 2103 4297 hujus
2150 4223 2343 4278 mundi
2392 4222 2740 4289 Aristoteles,
2776 4222 2930 4277 Plato
2975 4221 3061 4277 vel
3112 4221 3389 4287 Socrates,
3425 4221 3524 4292 qui

1938 4332 2127 4373 rerum
2170 4316 2423 4371 notitiam
2466 4314 2759 4380 callebant,
2786 4314 2962 4369 instar
2999 4329 3324 4384 magnarum
3363 4322 3526 4370 erant

241 4440 439 4497 χανον,
474 4422 590 4476 ἀλλ’
619 4421 815 4493 ἔρημοι
840 4415 981 4490 ἦσαν
1000 4416 1112 4471 ύπὸ
1132 4413 1226 4486 ὲχθ
1237 4412 1366 4485 ρῶν,
1392 4411 1480 4466 διά
1508 4410 1569 4464 τὸ
1598 4409 1672 4482 μὴ
1698 4405 1829 4462 εἶναι

1939 4407 2195 4475 urbium;
2226 4422 2416 4461 verum
2448 4406 2647 4462 vastati
2679 4415 2838 4461 erant
2868 4405 2938 4461 ab
2972 4405 3245 4475 hostibus,
3277 4423 3345 4463 eo
3377 4407 3526 4479 quod

243 4516 479 4585 Πνεῦμα
506 4512 641 4566 Θεοῦ
673 4514 730 4567 ὲν
754 4512 958 4573 αὐτοῖς.
1682 4556 1740 4586 η,

1936 4515 2048 4555 non
2078 4506 2225 4554 esset
2248 4495 2489 4569 Spiritus
2515 4497 2611 4553 Dei
2641 4498 2697 4553 in
2725 4496 2879 4568 ipsis.

324 4609 402 4662 B'.
457 4606 614 4659 Ὅσοι
662 4603 721 4658 δέ
768 4605 905 4656 εἰσιν
955 4600 1166 4655 ἰδιῶται
1214 4599 1429 4669 μέτοχοι
1461 4595 1561 4666 τῆς
1591 4594 1829 4666 χάριτος¹

2005 4592 2073 4648 Il.
2125 4591 2452 4661 Quicunque
2501 4605 2636 4645 vero
2687 4605 2757 4646 ex
2810 4589 2997 4647 idiotis
3047 4590 3347 4662 participes
3396 4599 3525 4650 sun!

244 4704 446 4773 ὥσπερ
492 4699 677 4762 πόλεις
722 4695 919 4767 μικραί
951 4696 1090 4747 εἰσιν
1118 4691 1484 4764 ῶχυρωμέναι
1514 4691 1583 4760 τῇ
1610 4686 1829 4758 δυνάμει

1938 4684 2155 4754 gratiae,
2202 4684 2355 4737 velut
2400 4682 2569 4738 urbes
2614 4698 2800 4753 parva:
2848 4689 3007 4747 sunt,
3048 4683 3276 4738 munitae
3321 4682 3528 4746 virtute

244 4793 353 4849 τοῦ
400 4788 655 4861 σταυροῦ.
696 4787 1059 4841 Ἐκπίπτουσι
1105 4784 1163 4838 δὲ
1210 4783 1312 4853 τῆς
1351 4781 1576 4853 χάριτος
1609 4778 1718 4835 άπὸ
1747 4778 1829 4831 δύε

1940 4776 2140 4831 crucis.
2174 4775 2452 4832 Excidunt
2476 4778 2609 4830 vero
2642 4790 2673 4829 a
2709 4776 2887 4846 gratia
2920 4775 3126 4846 duplici
3159 4774 3229 4830 de
3260 4791 3445 4841 causa,
3469 4784 3528 4832 et

248 4884 626 4959 πραγμάτων,
662 4881 759 4935 καὶ
792 4878 1157 4933 ἀπόλλυνται·
1196 4875 1230 4947 ἢ
1265 4876 1347 4928 ὅτι
1380 4872 1480 4937 τάς
1507 4869 1829 4943 ἐπιφερομέε

1941 4874 2199 4939 pereunt,
2222 4874 2318 4921 aut
2338 4865 2486 4937 quod
2512 4867 2692 4921 illatas
2715 4865 3041 4921 alliictiones
3063 4882 3173 4922 non
3197 4867 3528 4933 sustineant,

249 4996 359 5042 νας
389 4977 595 5047 θλίψεις
623 4975 725 5045 ούχ
757 4972 1121 5043 ὑπομένουσιν
1141 4985 1155 5000 ο
1211 4968 1245 5037 ἢ
1294 4967 1378 5021 ὅτι
1414 4965 1496 5028 εἰς
1522 4964 1622 5028 τὰς
1648 4961 1829 5034 ἡδονάς

1944 4972 2040 5017 aut
2071 4961 2218 5033 quod
2253 4961 2631 5032 voluptatibus
2664 4959 2876 5031 peccati
2912 4975 2971 5016 se
3005 4959 3229 5016 deliniri
3260 4961 3531 5032 permise-

250 5074 359 5135 τῆς
392 5070 670 5142 ἁμαρτίας
710 5065 1084 5137 ὲνηδυνθεῖσαι
1114 5061 1417 5131 ἀπέμειναν
1464 5057 1593 5131 [alii
1623 5054 1845 5127 ὲνηδυν-

253 5164 420 5233 θῆναι
452 5156 830 5231 ὑπέμεινανΓ
884 5157 944 5210 ού
991 5154 1247 5208 δύνανται
1280 5151 1390 5225 γὰρ
1435 5150 1485 5203 οἱ
1521 5148 1847 5209 διοδεύοντες

258 5256 397 5311 ἄνευ
446 5250 770 5323 πειρασμῶν
814 5248 1060 5302 διελθεῖν.
1098 5246 1309 5314 Ὥσπερ
1341 5243 1397 5297 δὲ
1439 5244 1497 5295 ὲν
1535 5239 1613 5312 τῷ
1643 5237 1851 5307 τοκετῷ

254 5349 295 5415 ὴ
327 5346 615 5417 προσαῖτις
648 5342 742 5394 καὶ
769 5341 803 5411 ἡ
830 5338 1041 5408 βασιλὶς
1072 5336 1170 5399 τὰς
1200 5334 1369 5396 αὑτὰς
1394 5332 1589 5394 ὠδίνας
1611 5329 1848 5401 ἔχουσιν,

258 5440 468 5510 ὁμοίως
498 5436 644 5505 καὶὴ
670 5435 737 5503 γῆ
769 5430 864 5483 τοῦ
893 5429 1150 5481 πλουσίου
1172 5428 1267 5480 καὶ
1290 5426 1381 5479 τοῦ
1405 5424 1658 5493 πένητος,
1702 5423 1750 5473 εἰ
1775 5421 1851 5491 μὴ

259 5532 365 5602 τὴν
390 5524 764 5596 δέουσανλάϐῃ
782 5518 1134 5596 [ἁρδείαν],ού
1156 5519 1381 5572 δύναται
1404 5519 1649 5588 καρποὺς
1669 5515 1853 5581 ἀξίους

260 5622 516 5691 ἐνεγκεῖν
542 5636 556 5650 ο
610 5617 753 5670 οὕτω
797 5616 891 5669 καὶ
937 5619 993 5668 ἐν
1038 5616 1102 5686 τῇ
1146 5612 1381 5684 ἐργασίᾳ
1424 5612 1521 5681 τῆς
1557 5610 1756 5680 ψυχῆς,
1791 5608 1852 5661 ού

263 5717 457 5787 σοφὸς,
490 5714 551 5768 ού
578 5712 833 5773 πλούσιος
862 5710 919 5761 ὲν
945 5709 1010 5779 τῇ
1037 5707 1221 5777 χάριτι
1252 5702 1563 5774 βασιλεύει,
1601 5703 1650 5754 εἰ
1684 5702 1759 5773 μὴ
1787 5702 1854 5754 δι’

261 5807 572 5881 ὑπομονῆς,
600 5806 693 5861 καὶ
717 5802 971 5874 θλίψεων,
1002 5800 1096 5854 καὶ
1124 5798 1387 5869 καμάτων
1416 5796 1625 5853 πολλῶν
1643 5812 1657 5827 '
1691 5797 1718 5851 ὁ
1745 5794 1855 5867 γὰρ

596 5899 868 5963 Ρλτιιοι..
914 5896 1027 5957 Gn.
1068 5893 1333 5955 XXXIV.

1662 5988 1665 5991 .
1686 5983 1827 5993 ,λη-...Α-

1947 5057 2079 5111 rint.
2121 5055 2243 5111 Non
2283 5055 2432 5111 enim
2481 5064 2717 5126 possunt
2761 5055 2855 5125 qui
2906 5062 3281 5121 transmeant,
3321 5054 3533 5127 absque

1949 5147 2350 5205 tentationibus
2402 5155 2720 5218 penetrare.
2769 5144 3244 5212 Quemadmodum
3293 5160 3426 5217 ergo
3474 5147 3533 5202 in

1949 5250 2146 5312 partu,
2174 5239 2510 5312 paupercula
2546 5246 2601 5294 et
2633 5238 2822 5309 regina
2855 5239 3078 5293 eosdem
3113 5237 3334 5294 dolores
3366 5240 3537 5295 sustio

1950 5343 2107 5398 nent,
2142 5333 2334 5387 itidem
2368 5347 2589 5402 quoque
2621 5339 2768 5385 terra
2802 5329 2992 5385 divitis
3026 5337 3081 5384 et
3114 5330 3394 5400 pauperis,
3427 5332 3535 5386 nisi

1953 5424 2372 5479 convenientem
2402 5422 2680 5492 acceperit
2704 5420 2960 5486 imbrem,
2984 5438 3092 5475 non
3120 5430 3301 5492 potest
3324 5422 3536 5478 fructus

1934 5515 2150 5595 .dignos
2174 5512 2481 5584 producere
2507 5532 2518 5566 :
2544 5511 2624 5566 sic
2645 5527 2864 5581 quoque
2890 5511 2945 5565 in
2969 5511 3291 5581 operatione
3317 5513 3534 5578 animae,

1956 5623 2068 5665 non
2097 5606 2337 5677 sapiens,
2362 5621 2474 5660 non
2499 5604 2745 5675 locuples
2767 5604 2823 5658 in
2846 5603 3019 5675 gratia
3050 5619 3277 5673 regnum
3304 5603 3537 5670 obtinet,

1956 5702 2063 5758 nisi
2092 5717 2188 5773 per
2214 5698 2585 5764 tolerantiam,
2617 5696 2943 5753 alﬂictiones
2972 5704 3027 5752 et
3055 5695 3273 5752 labores
3303 5698 3540 5765 multos;

1956 5793 2397 5855 Christianorum
2426 5789 2575 5855 enim
2601 5788 2721 5855 vita
2746 5788 3017 5865 ejusmodi
3045 5805 3169 5846 esse
3197 5788 3381 5846 debet.
3412 5790 3545 5848 Per-

3033 5881 3109 5945 25
