4044 6554
636 388 739 453 -ιτι

1873 385 1932 446 S.
1972 382 2294 445 MACARII
2328 381 2649 445 IEGYPTII
3762 390 3850 457 7?!

594 480 597 487 V
637 504 766 561 inde
806 517 871 557 ac
904 502 1012 557 mel
1050 500 1214 557 dulce
1251 498 1396 571 quod
1436 507 1539 565 est,
1570 498 1707 553 nihil
1750 500 1983 569 suscipit
2017 498 2208 561 amari,

2316 498 2656 570 Χριστιανῶν
2683 498 2795 571 βίος
2817 496 3021 569 ὀφείλει
3045 474 3289 563 τοιοῦτος
3307 493 3466 555 εῖναι.
3481 498 3688 572 Ὠσπερ
3706 505 3761 556 τὸ
3779 508 3853 575 μέ-

636 611 743 651 nec
787 592 1042 649 venenati
1098 592 1231 663 quid
1283 590 1555 657 admittit;
1604 589 1684 645 sie
1729 589 1819 645 isti
1870 603 2211 659 quacunque

637 689 944 752 evenerint,
983 685 1097 741 sive
1144 686 1309 747 bona,
1347 684 1460 740 sive
1510 684 1677 749 mala,
1718 682 1937 752 benigni
1969 689 2117 745 sunt,
2150 688 2213 735 ut

639 780 818 848 inquit
854 779 1117 832 Dominus
1163 794 1175 830 :
1216 775 1397 831 Estote
1437 775 1665 845 benigni,
1687 775 1821 828 sicut
1860 772 2014 827 Pater
2047 779 2214 827 vester

640 870 877 925 cwlestis.
908 869 1056 935 Quod
1085 871 1222 923 enim
1258 868 1399 922 lazdit
1427 877 1474 921 et
1501 869 1742 939 inquinat
1765 869 2044 932 hominem,
2068 867 2212 920 intus

640 972 734 1016 est.
769 962 907 1015 Nam
955 961 1018 1013 de
1059 960 1211 1014 corde
1254 969 1443 1013 exeunt
1490 960 1826 1030 cogitationes
1874 958 2032 1012 mala:
2053 956 2119 1023 ⁸⁸,
2153 965 2213 1012 ut

637 1052 905 1107 Dominus
952 1051 1049 1117 ait,
1087 1051 1349 1122 quoniam
1399 1066 1520 1122 quae
1570 1052 1859 1122 inquinant
1908 1051 2210 1117 hominem,

639 1142 855 1197 interna
884 1149 1032 1198 sunt.

708 1417 798 1472 III.
820 1417 975 1473 Intus
1002 1433 1133 1490 ergo
1161 1428 1245 1474 est
1268 1418 1321 1473 in
1350 1418 1531 1473 anima
1554 1434 1752 1488 repens
1777 1425 1832 1473 et
1852 1418 2211 1490 progrediens

641 1511 868 1581 Spiritus
916 1511 1169 1577 malitlze,
1203 1510 1468 1565 rationale
1516 1509 1901 1580 impulsivum,
1934 1510 2079 1580 quod
2129 1517 2213 1564 est

2313 590 2367 643 λι
2404 590 2578 657 γλυκῦ
2620 590 2889 659 τυγχάνον
2912 630 2928 656 ,
2982 589 3133 643 οὐδὲν
3175 590 3484 661 ἐπιδέχεται
3513 591 3621 644 τῶν
3650 596 3855 664 πικρῶν,

2313 677 2347 749 ἢ
2393 679 2503 732 τῶν
2536 678 2759 733 ίοόόλων
2795 677 3117 749 μεταλαϐεῖν
3145 695 3162 711 ·
3219 677 3394 743 οὕτως
3428 681 3579 733 αὐτοὶ
3614 683 3743 735 πᾶσι
3766 689 3856 749 τοίς

2315 768 2705 840 ἐπερχομένοις
2726 810 2740 834 ,
2790 768 2901 822 εἴτε
2930 770 3155 838 ἀγαθοῖς
3188 772 3298 824 εἴτε
3329 773 3585 841 πονηροῖς
3604 812 3620 837 ,
3664 780 3860 842 χρηστοὶ

2315 861 2692 932 τυγχάνουσιν,
2725 861 2801 925 ὥς
2830 878 2993 931 φησιν
3023 863 3050 914 6
3072 861 3297 932 Κύριος,
3330 863 3586 917 Γίνεσθε
3615 869 3858 932 χρηστοὶ,

2313 951 2394 1019 ὡς
2440 954 2475 1006 ὁ
2511 951 2713 1021 Πατὴρ
2750 950 2921 1022 ὑμῶν
2967 956 3001 1008 ό
3035 953 3345 1021 οὐράνιος·
3379 954 3446 1007 τὸ
3476 954 3588 1023 γὰρ
3609 955 3862 1019 βλάπτον

2314 1042 2413 1098 καὶ
2435 1044 2680 1114 μιαῖνον
2707 1044 2815 1099 τὸν
2833 1044 3168 1113 ἄνθρωπον,
3194 1045 3442 1100 ἔνδοθέν
3470 1047 3664 1099 ἐστιν·
3693 1048 3755 1101 ὲκ
3779 1052 3862 1116 γὰρ

2313 1132 2426 1201 τῆς
2459 1134 2705 1201 καρδίας
2750 1134 3181 1203 ἐκπορεύονται
3213 1135 3591 1206 διαλογισμοὶ
3623 1140 3859 1204 πονηροὶ,

2314 1222 2498 1287 καθὼς
2522 1226 2550 1278 6
2574 1225 2778 1296 Κύριος
2801 1224 2972 1295 λέγει,
2995 1226 3078 1282 ὅτι
3098 1227 3167 1280 τά
3187 1228 3470 1282 κοινοῦντα
3492 1228 3585 1281 τὸν
3606 1228 3861 1300 ἄνθρωπον

2314 1314 2526 1369 ἔνδοθέν
2552 1318 2721 1373 ἐστιν.

2383 1408 2460 1461 1".
2480 1408 2728 1462 Ἐνδοθεν
2755 1404 2847 1463 οῦν
2876 1411 3023 1463 ἐστιν
3051 1410 3110 1462 ἐν
3134 1410 3203 1480 τῇ
3229 1408 3374 1481 ψυχῇ
3402 1408 3573 1481 ἕρπον
3594 1410 3693 1463 καὶ
3708 1411 3865 1481 προῖδο

2313 1499 2534 1569 πνεῦμα
2568 1500 2869 1571 πονηρίας,
2918 1501 3230 1569 λογιστικὸν
3263 1502 3580 1571 κινητικὸν,
3616 1504 3750 1571 ὅπερ
3776 1506 3867 1555 ἐστὶ

2313 1591 2374 1643 τὸ
2422 1592 2684 1662 κάλυμμα
2731 1591 2826 1645 τοῦ
2870 1593 3128 1657 σκότους,
3165 1594 3196 1646 6
3224 1593 3454 1656 παλαιὸς
3484 1595 3798 1665 ἄνθρωπος,
3823 1596 3867 1648 ὃν

2314 1682 2396 1735 δεῖ
2444 1683 2572 1745 τοὺς
2620 1682 2698 1753 τῷ
2734 1682 2854 1753 Θεῷ
2888 1684 3337 1755 προσφεύγοντας
3364 1685 3762 1749 ἀποδύσασθαι,
3796 1690 3869 1739 καὶ

637 1602 890 1656 velamen
934 1602 1306 1665 tenebrarum,
1331 1610 1491 1655 vetus
1531 1600 1789 1654 nimirum
1830 1600 2014 1665 homo,
2048 1615 2212 1670 quem

640 1700 859 1761 oportet
897 1707 993 1746 eos
1040 1692 1133 1761 qui
1176 1692 1243 1746 ad
1283 1693 1575 1746 Dominum
1616 1692 1959 1762 confugiunt,
1987 1707 2210 1753 exuere,

639 1789 805 1848 atque
842 1779 1074 1833 induere
1111 1781 1390 1835 ccelestem
1431 1789 1487 1835 et
1526 1795 1731 1834 novum
1774 1780 2085 1841 hominem,
2119 1780 2213 1849 qui

2320 1771 2648 1826 ἐνδύσασθαι
2674 1773 2764 1827 τὸν
2794 1775 3118 1844 ἐπουράνιον
3148 1774 3241 1828 καὶ
3264 1775 3451 1829 καινὸν
3475 1776 3763 1847 ἄνθρωπον
3786 1817 3799 1839 ,
3826 1777 3870 1839 ες

639 1881 726 1927 est
757 1870 1031 1926 Christus.
1060 1870 1209 1926 Nihil
1243 1886 1375 1942 ergo
1408 1886 1622 1937 eorum,
1649 1886 1772 1941 qua:
1801 1879 2027 1926 externa
2061 1880 2210 1937 sunt,

2317 1864 2435 1917 ἐστι
2460 1865 2715 1935 Χριστός.
2738 1865 2903 1919 Ούδὲν
2924 1865 3017 1920 οὖν
3043 1867 3153 1919 τῶν
3179 1865 3379 1933 ἔξωθεν
3401 1865 3666 1937 βλάπτειν
3682 1866 3869 1920 δύναται

636 1960 838 2017 laedere
867 1971 1049 2033 potest
1075 1962 1376 2028 hominem,
1406 1962 1512 2016 nisi
1544 1963 1637 2032 qui
1668 1962 1823 2029 vivit,
1850 1969 2131 2032 operatur,
2158 1969 2213 2017 et

2319 1956 2411 2010 τὸν
2440 1956 2757 2029 ἄνθρωπον,
2806 1958 2854 2011 εί
2887 1958 2961 2030 μὴ
2992 1958 3054 2012 τὸ
3076 1958 3186 2023 ζῶν
3217 1960 3312 2014 καὶ
3336 1960 3695 2029 ἐνεργητικὸν
3723 1960 3779 2011 τὸ
3803 1963 3871 2012 ὲν·

637 2053 850 2108 Iiabitat
906 2054 961 2108 in
1022 2054 1187 2109 corde
1241 2053 1470 2124 spiritus
1519 2054 1893 2108 tenebrarum.
1947 2052 2213 2121 Quocirca

2321 2046 2507 2101 οικοῦν
2539 2048 2598 2102 ὲν
2628 2052 2694 2120 τῇ
2722 2049 2925 2121 καρδίᾳ
2959 2049 3178 2118 πνεῦμα
3209 2052 3433 2113 σκότους
3457 2066 3475 2083 ο
3515 2052 3661 2105 ὥστε
3691 2051 3776 2104 οὖν
3800 2054 3869 2104 τὸν

639 2145 1021 2215 unusquisque
1054 2145 1110 2200 in
1146 2145 1574 2216 cogitationibus
1602 2144 1716 2200 suis
1746 2145 1910 2201 debet
1936 2156 2213 2202 certamen

2324 2140 2512 2207 ἀγῶνα
2544 2140 2772 2203 ἕκαστος
2800 2141 2861 2193 ὲν
2890 2144 3001 2204 τοῖς
3026 2142 3308 2213 λογισμοῖς
3339 2142 3549 2213 ὀφείλει
3576 2144 3869 2212 κεκτῆσθαι,

639 2236 801 2303 inire,
835 2245 898 2291 ut
934 2237 1217 2293 illucescat
1255 2237 1413 2293 cordi
1452 2240 1573 2310 ejus
1608 2235 1879 2293 Christus.
1908 2235 2011 2294 Cui
2043 2238 2213 2309 gloria

2321 2233 2409 2288 ἵνα
2440 2233 2721 2307 ἐπιλάμψῃ
2752 2238 2820 2307 τῇ
2850 2236 3049 2309 καρδίᾳ
3074 2236 3238 2290 αὑτοῦ
3261 2239 3291 2292 6
3313 2238 3575 2308 Χριστός.
3607 2230 3682 2307 Ὠ
3712 2239 3744 2309 ἡ
3771 2237 3871 2304 δόξα

578 2314 579 2317 “
637 2328 698 2383 in
726 2329 946 2384 macula.
972 2329 1166 2384 Amen.

2319 2325 2400 2388 εἰς
2434 2325 2562 2388 τοὺς
2585 2326 2810 2390 αἰῶνας.
2846 2327 3041 2399 Ἀμήν.

1086 2439 1246 2511 137
1276 2440 1564 2498 HOMILIA
1590 2443 1776 2498 XLIII.

2828 2431 2834 2435 ’
2881 2439 3127 2495 ΟΜΙΛῙΑ
3185 2442 3319 2498 Ml".

576 2530 579 2535 ”
639 2526 718 2584 De
741 2532 1019 2608 progressu
1045 2530 1145 2608 viri
1189 2530 1499 2608 Christiani,
1528 2534 1676 2608 cujus
1704 2541 1816 2608 tota
1848 2532 1923 2586 eis
1973 2548 2037 2586 ex
2065 2533 2213 2587 corde

2320 2527 2462 2608 Περὶ
2517 2526 2628 2608 τῆς
2681 2518 2996 2608 προκοπῆς
3054 2532 3175 2608 τοῦ-
3212 2537 3577 2608 Χριστιανοῦ
3650 2536 3872 2608 ἀνδρὸς,

921 2599 1199 2671 dependet,
1224 2609 1281 2655 ut
1309 2601 1394 2655 hic
1424 2595 1928 2657 va'rie'deacribitur.

2393 2595 2473 2667 ἧς
2528 2595 2814 2676 πᾶίῖανῆ,
2843 2595 3097 2676 δύνάμις
3150 2604 3219 2658 ἐκ
3253 2595 3392 2675 ’τῆς
3456 2608 3715 2676 καρδίας
3753 2595 3873 2660 3on

2394 2668 2732 2746 κρεμαμένη
2789 2668 3008 2739 ἐστὶν,
3057 2670 3260 2743 ὥσπερ
3310 2668 3604 2746 ποικίλῶς
3648 2668 3872 2733 ἐνταῦθα

2392 2738 2801 2806 διαγράφεται.

708 2837 752 2893 1.
779 2835 1252 2905 Quemadmodum
1278 2838 1347 2893 ah
1404 2837 1521 2911 igni
1558 2838 1938 2895 accenduntur
1980 2840 2213 2896 lucerna!

2400 2848 2484 2902 A'.
2514 2848 2725 2919 Ὠσπερ
2749 2850 2857 2903 ἀπὸ
2883 2851 2979 2906 τοῦ
3013 2855 3185 2925 πυρὸς
3209 2858 3471 2916 ἅπτονται
3498 2860 3695 2933 λύχνοι
3718 2864 3872 2917 πολλοὶ

636 2929 825 2982 multa:
850 2934 906 2980 et
931 2926 1210 2995 lampades
1231 2927 1522 2996 ardentes;
1554 2936 1767 2985 cuncta:
1788 2944 1920 2984 vero
1940 2929 2213 2999 lampades

2327 2935 2422 2988 καὶ
2454 2936 2734 3007 λαμπάδες
2761 2939 3048 3006 καιόμεναι
3071 2982 3086 3005 ,
3118 2947 3288 3000 πᾶσαι
3314 2948 3372 3002 δὲ
3400 2951 3455 3003 αί
3485 2926 3773 3021 λαμπάδες
3799 2954 3873 3005 καὶ

637 3028 693 3072 et
709 3018 949 3072 lucernas
969 3018 1037 3071 ab
1059 3033 1170 3072 una
1190 3027 1388 3073 natura
1413 3019 1792 3074 accenduntur
1810 3029 1865 3075 et
1893 3021 2213 3090 splendent:

2326 3026 2376 3077 οῖ
2394 3025 2575 3096 λύχνοι
2600 3028 2706 3082 ἀπὸ
2731 3031 2859 3097 μιᾶς
2882 3030 3099 3098 φύσεως
3118 3034 3445 3092 ἀνάπτονται
3463 3018 3576 3094 καὶ*
3596 3042 3869 3110 φαίνουσιν

640 3110 721 3165 sic
755 3124 975 3180 quoque
1018 3109 1317 3164 Christiani
1354 3110 1422 3165 ab
1456 3128 1565 3167 una
1608 3122 1801 3167 natura
1844 3113 2213 3168 accenduntur

2327 3114 2499 3180 οὕτως
2532 3119 2626 3170 καὶ
2650 3120 2700 3172 οῖ
2725 3121 3046 3191 Χριστιανοὶ
3074 3125 3184 3179 άπὸ
3222 3129 3353 3197 μιᾶς
3385 3109 3616 3198 φύσεως
3638 3132 3872 3186 ἀνάπτον-

638 3210 696 3269 et
736 3201 944 3267 lucent,
988 3202 1131 3272 ignis
1165 3202 1430 3258 nimirum
1464 3203 1660 3269 divini,
1701 3201 1826 3259 Filii
1861 3205 1958 3259 Dei
1993 3221 2007 3259 :
2036 3213 2091 3259 et
2122 3204 2213 3258 ha-

2319 3224 2430 3273 ται,
2463 3209 2558 3261 καὶ
2575 3208 2849 3278 φαίνουσι,
2878 3212 2970 3266 τοῦ
3007 3216 3181 3288 πυρὸς
3206 3217 3298 3271 τοῦ
3320 3220 3490 3287 θείου,
3516 3222 3620 3276 τοῦ
3648 3224 3772 3275 Υἱοῦ
3797 3223 3871 3275 τα]

640 3290 774 3345 bent
796 3290 1076 3358 lampades
1094 3291 1353 3347 ardentes
1378 3290 1433 3345 in
1464 3291 1726 3347 cordibus
1762 3293 1898 3358 suis,
1925 3293 2213 3361 lucentque

2319 3299 2477 3361 Θεοῦ,
2512 3302 2604 3355 καὶ
2642 3302 2825 3372 ἔχουσι
2852 3308 2950 3371 τὰς
2984 3309 3279 3377 λαμπάδας
3325 3312 3632 3382 καιομένας
3675 3317 3753 3377 εἰς
3790 3315 3871 3375 τᾶς

568 3412 599 3435 .-
641 3377 698 3430 in
741 3385 1036 3446 conspectu
1080 3379 1225 3449 ejus,
1277 3379 1364 3434 vel
1406 3379 1589 3436 adhuc
1622 3380 1680 3435 in
1745 3389 1891 3436 terra
1933 3381 2213 3451 degentes,

2319 3391 2543 3463 καρδίας
2571 3393 2786 3459 αὐτῶν,
2825 3399 2921 3452 καὶ
2948 3400 3202 3468 φαίνουσι
3232 3377 3572 3457 κατενώπιον
3626 3404 3787 3459 αὑτοῦ
3826 3408 3872 3457 ὲν

641 3467 784 3521 sicut
812 3474 869 3521 et
928 3467 1064 3539 ipse.
1120 3468 1301 3538 lnquit
1353 3470 1544 3524 enim:
1597 3471 1889 3538 Pr0pterea
1947 3472 2095 3525 unxit
2169 3480 2213 3524 te

2317 3485 2387 3553 γῇ
2421 3483 2592 3550 ὄντες,
2620 3468 2804 3551 καθὼς
2830 3491 2927 3543 καὶ
2959 3467 3140 3556 αὐτός.
3170 3494 3334 3563 Λέγει
3379 3497 3510 3565 γάρ,
3564 3499 3675 3552 Διὰ
3722 3498 3870 3552 τοῦτο

642 3557 805 3620 Deus,
840 3558 976 3613 Deus
1004 3567 1123 3614 tuus
1176 3560 1291 3615 oleo
1344 3560 1544 3617 (milia:
1573 3564 1639 3617 ⁸³.
1678 3563 1888 3618 Idcirco
1917 3563 2213 3632 appellatus

2316 3571 2524 3640 ἐχρισέ
2555 3587 2629 3627 σε
2665 3576 2698 3628 ό
2735 3578 2875 3641 Θεός
2914 3591 3031 3632 σου
3062 3557 3272 3634 ἔλαιον
3303 3557 3745 3649 ἀγαλλιάσεως.
3790 3582 3869 3635 Διὰ

642 3660 727 3705 est
748 3650 1022 3718 Christus,
1051 3660 1111 3706 ut
1142 3668 1208 3708 eo
1239 3654 1357 3721 ipso
1394 3654 1536 3719 oleo,
1561 3669 1670 3724 quo
1703 3655 1818 3725 ipse
1865 3664 1949 3711 est
1996 3664 2213 3721 unctus,

2317 3665 2474 3719 τοῦτο
2524 3667 2759 3737 Χριστὸς
2799 3669 3072 3740 ἐπεκλήθη
3099 3714 3113 3737 ,
3153 3671 3241 3724 ἵνα
3273 3671 3351 3741 τῷ
3395 3672 3544 3739 αὐτῷ
3599 3674 3796 3742 ἐλαίῳ,
3834 3666 3869 3740 ᾧ

641 3759 744 3800 nos
767 3759 986 3814 quoque
1032 3746 1182 3800 uncti
1215 3745 1408 3802 ﬁamus
1455 3747 1683 3815 Christi,
1733 3748 2003 3819 ejusdem,
2038 3759 2099 3804 ut
2140 3749 2213 3803 ita

2318 3757 2478 3821 αὐτὸς
2507 3758 2755 3830 ὲχρίσθη,
2787 3763 2883 3816 καὶ
2917 3764 3079 3832 ἡμεῖς
3104 3762 3420 3834 χρισθέντες
3437 3765 3730 3836 γενώμεθα
3759 3766 3869 3835 Χριο

643 3833 841 3897 dicam,
883 3832 1224 3899 substantias,
1259 3842 1316 3889 et
1353 3834 1521 3891 unius
1551 3837 1821 3906 corporis.
1862 3836 2047 3906 lnquit
2086 3852 2213 3890 rur-

2320 3848 2457 3912 στοὶ,
2487 3847 2587 3916 τῆς
2608 3848 2798 3919 αὐτῆς,
2818 3832 3115 3916 ὼςείπεῖν,
3130 3832 3321 3915 οὐσίας
3349 3853 3447 3906 καὶ
3476 3832 3602 3914 ἐνὸς
3624 3832 3867 3922 σώματος.

644 3938 761 3978 sum
806 3940 820 3975 :
863 3920 965 3987 Qui
1004 3922 1325 3991 sanctiﬁcat,
1372 3932 1422 3978 et
1442 3926 1533 3996 qui
1572 3925 1972 3994 sanctiﬁcantur
2024 3942 2088 3980 ea:
2110 3941 2215 3979 uno

642 4030 820 4068 omnes
841 4014 908 4070 “.

2319 3938 2484 4006 Λέγει
2514 3939 2700 4005 πάλιν,
2737 3940 2812 3994 '0
2836 3957 2902 3995 τε
2920 3941 3193 4011 ἁγιάζων,
3222 3942 3323 3996 καὶ
3356 3944 3412 3996 οί
3436 3942 3795 4013 ἁγιαζόμενοι
3812 3942 3867 4004 ἐξ

2317 4026 2457 4094 ἐνὸς
2492 4026 2737 4093 πάντες.

712 4187 779 4242 ιι.
818 4186 1040 4245 Similes
1069 4188 1236 4259 igitur
1266 4198 1395 4245 sunt
1431 4188 1726 4245 Christiani
1757 4207 1823 4246 ex
1856 4191 2035 4261 aliqua
2060 4200 2214 4262 parte

639 4279 885 4341 lucernis
907 4280 1242 4335 habentibus
1275 4280 1457 4336 oleum
1500 4283 1555 4336 in
1590 4298 1670 4346 se,
1714 4283 1819 4337 hoc
1872 4294 1955 4338 est
2004 4283 2217 4340 fructus

637 4369 885 4439 iustitiae,
909 4378 965 4424 et
988 4369 1093 4423 nisi
1127 4371 1705 4427 aceendaturlucerna
1735 4374 1789 4427 in
1824 4375 1905 4429 eis
1934 4391 1965 4429 a
1989 4375 2214 4431 lucerna

642 4457 850 4522 divina,
896 4459 1037 4513 nihil
1070 4470 1215 4514 sunt.
1257 4460 1520 4516 Dominus
1544 4472 1662 4518 erat
1720 4463 1943 4519 lucerna
1993 4466 2212 4533 ardens,

2390 4203 2466 4258 B'.
2523 4204 2798 4261 Ἐοίκασιν
2852 4201 2947 4262 οῦν
3000 4207 3051 4262 οῖ
3114 4207 3437 4280 Χριστιανοὶ
3496 4209 3555 4263 ὲν
3609 4209 3693 4263 ἑνὶ
3738 4210 3864 4279 μέρει

2319 4294 2566 4365 λυχνίαις
2596 4298 2853 4368 ἐχούσαις
2882 4298 2942 4352 τὸ
2967 4298 3148 4354 ἔλαιον
3165 4300 3224 4354 ἐν
3255 4301 3465 4366 αὑταῖς,
3499 4300 3746 4355 τούτεστι
3767 4300 3864 4361 τοὺς

2318 4389 2564 4458 καρποὺς
2599 4390 2697 4460 τῆς
2726 4390 3093 4464 δικαιοσύνης.
3137 4393 3264 4447 Ἐάν
3290 4392 3348 4446 δὲ
3415 4393 3489 4463 μὴ
3526 4394 3676 4465 άφθῇ
3707 4394 3863 4463 λύχνος

2319 4476 2383 4529 ὲκ
2413 4475 2509 4530 τοῦ
2539 4477 2734 4547 λύχνου
2763 4481 2864 4551 τῆς
2891 4480 3147 4551 θεότητος
3185 4486 3244 4537 ἐν
3278 4484 3463 4546 αὐτοῖς
3483 4523 3500 4548 ,
3532 4484 3690 4539 οὐδέν
3712 4486 3828 4537 εἰσιν
3848 4498 3860 4511 ⁸

572 4630 575 4635 η
642 4565 868 4623 propter
901 4553 1166 4622 Spiritum
1195 4554 1499 4610 divinitatis
1526 4568 1835 4612 manentem
1868 4537 2209 4615 substaittia-

2316 4567 2346 4620 6
2376 4567 2579 4639 Κύριος
2597 4537 2666 4640 ἦν
2690 4570 2719 4624 6
2743 4537 2932 4642 λύχνος
2963 4575 2991 4626 6
3014 4537 3322 4644 καιόμενος,
3347 4537 3522 4631 διὰ-τὺ
3543 4537 3771 4645 *Πνεῦμα
3788 4575 3862 4642 τῆς

643 4645 770 4699 liter
800 4643 853 4697 in
879 4643 1017 4714 ipso,
1052 4654 1107 4699 et
1130 4646 1521 4701 accendentem
1573 4650 1692 4719 ejus
1720 4664 1817 4702 cor
1838 4664 1938 4719 pro
1972 4650 2214 4704 humana

642 4746 856 4791 natura.
886 4736 1118 4790 Perinde
1148 4752 1277 4791 vero
1310 4752 1374 4792 ac
1409 4737 1453 4792 si
1479 4738 1549 4793 sit
1571 4740 1905 4810 marsupium
1935 4740 2211 4810 putidum,

643 4829 864 4899 plenum
890 4827 1197 4897 margaritis
1230 4845 1243 4881 :
1281 4828 1361 4884 sic
1411 4846 1631 4900 quoque
1686 4830 2007 4899 Christiani,
2032 4833 2212 4902 quoad

642 4926 930 4998 externum
966 4918 1268 4985 hominem,
1304 4920 1543 4976 humiles
1591 4921 1796 4976 debent
1832 4938 1973 4988 esse,
2005 4931 2063 4978 et
2086 4924 2213 4979 vilis

2323 4659 2577 4731 θεότητος
2607 4663 2668 4716 τὸ
2704 4664 2863 4733 μένον
2907 4666 3180 4729 ούσιωδῶς
3218 4668 3277 4721 ὲν
3309 4668 3459 4737 αὐτῷ
3486 4709 3503 4735 ,
3534 4670 3635 4722 καὶ
3680 4670 3861 4721 enim

2323 4750 2486 4803 αὐτοῦ
2513 4751 2610 4823 τὴν
2643 4754 2870 4825 καρδίαν
2891 4754 3035 4810 κατὰ
3063 4758 3125 4810 τὸ
3146 4758 3507 4829 ἀνθρώπινον.
3534 4760 3743 4827 Ὠσπερ
3778 4760 3860 4826 γὰρ

2322 4840 2416 4892 ἐὰν
2509 4840 2791 4910 βαλάντιον
2822 4845 3030 4913 σαπρὸν
3057 4847 3489 4918 πεπληρωμένον
3515 4849 3859 4920 μαργαριτῶν,

2321 4927 2464 4984 οὕτω
2495 4931 2592 4985 καὶ
2614 4933 2663 4986 οἱ
2694 4934 3011 5007 Χριστιανοὶ
3026 4935 3104 5007 τῷ
3130 4937 3326 5003 ἔξωθεν
3354 4937 3631 5009 ἀνθρώπῳ
3653 4937 3860 4992 cur:th

640 5009 993 5074 conditionis,
1024 5010 1174 5066 intus
1203 5027 1337 5067 vero
1390 5011 1445 5066 in
1502 5013 1755 5067 interiori
1811 5014 2033 5070 homine
2067 5016 2215 5070 obti-

640 5111 775 5157 nent
802 5103 1101 5173 pretiosam
1176 5105 1547 5176 margaritam.
1592 5105 1851 5161 Nunnulli
1914 5124 2047 5162 vero
2091 5117 2220 5164 sunt

640 5193 912 5263 sepulcris
977 5194 1248 5251 dealbatis
1300 5197 1527 5262 similes,
1566 5199 1808 5253 exterius
1854 5199 2075 5269 quidem
2118 5200 2217 5255 de-

641 5283 775 5353 picti
822 5294 878 5341 et
896 5285 1057 5341 valde
1086 5286 1360 5357 splendidi
1387 5289 1455 5354 ⁶⁷,
1490 5288 1639 5344 intus
1662 5305 1794 5344 vero
1836 5291 1982 5360 pleni
2010 5292 2213 5347 ossium

641 5383 987 5431 mortuorum
1021 5416 1036 5442 ,
1084 5378 1278 5433 fetoris
1328 5379 1487 5434 multi
1531 5390 1587 5434 et
1629 5382 1923 5451 spirituum
1986 5384 2218 5438 immun-

642 5464 876 5533 dorum;
926 5469 1132 5523 mortui
1161 5477 1291 5524 sunt
1324 5485 1354 5524 a
1405 5471 1555 5526 Deo:
1585 5481 1748 5543 atque
1792 5475 1941 5529 omni
1975 5478 2215 5547 turpitu-

643 5554 697 5611 di
725 5566 795 5626 te,
827 5560 1086 5616 sordibus
1105 5572 1162 5615 et
1182 5562 1429 5618 tenebris
1455 5565 1754 5620 adversarii
1783 5565 1984 5622 induti.

2319 5021 2625 5089 ὀφείλοντες
2661 5019 2799 5079 εἶναι
2832 5027 2925 5079 καὶ
2948 5028 3434 5100 εὐκαταφρόνητοι.
3468 5031 3679 5084 ἔνδοθεν
3707 5030 3777 5091 εἰς
3794 5027 3858 5079 τὸν

2318 5109 2426 5164 ἔσω
2466 5110 2752 5183 άνθρωπον
2797 5114 2980 5186 ἔχουσι
3029 5119 3119 5172 τὸν
3171 5119 3470 5191 πολύτιμον
3524 5122 3857 5193 μαργαρίτην.

2321 5201 2541 5274 Ἔτεροι
2564 5203 2620 5257 δέ
2640 5207 2746 5259 είσι
2779 5208 2971 5277 τάφοις
3036 5213 3445 5282 κεκονιαμένοις
3473 5214 3727 5275 ἐοικότες.
3753 5212 3858 5276 ἔξω·

2320 5291 2412 5347 θεν
2440 5293 2540 5365 μὲν
2566 5294 3019 5369 ὲζωγραφημένοι
3064 5304 3159 5355 καὶ
3189 5304 3571 5375 περιωλλείς,
3599 5304 3789 5357 ἔσωθεν
3812 5302 3856 5354 δὲ

2316 5384 2578 5456 γέμοντες
2615 5387 2814 5441 ὀστέων
2852 5393 3083 5462 νεκρῶν,
3116 5395 3213 5450 καὶ
3242 5395 3507 5461 δυσωδίας
3537 5396 3751 5465 πολλῆς,
3782 5393 3856 5445 καὶ

2316 5475 2642 5544 πνευμάτων
2663 5476 3007 5549 ἀκαθάρτων.
3032 5481 3236 5553 Νεκροί
3268 5485 3411 5539 εἰσιν
3441 5485 3552 5539 ἀπὸ
3572 5483 3705 5538 θεοῦ
3726 5526 3741 5550 ,
3780 5484 3856 5534 καὶ

2316 5568 2497 5620 πᾶσαν
2526 5566 2787 5639 αἰσχύνην
2818 5572 2932 5631 καὶ,
2959 5576 3251 5645 ῥυπαρίαν,
3316 5577 3416 5631 καὶ
3465 5578 3525 5632 τὸ
3556 5578 3739 5641 σκότος
3776 5572 3854 5627 τοῦ

2320 5661 2699 5732 ἀντικειμένου
2732 5663 2911 5717 ἐνδεδυ
2919 5667 3088 5736 μένοι.

668 5856 673 5857 ,
711 5802 763 5887 f‘
783 5802 920 5862 Luc.
942 5823 1018 5877 Vt,
1046 5810 1142 5878 56;
1175 5811 1367 5871 Matth.
1390 5830 1480 5880 xv,
1509 5815 1596 5870 II.
1675 5816 1719 5850 ⁸⁸
1746 5814 1888 5872 Psal.
1920 5831 2041 5885 ιιν,
2067 5817 2121 5874 8.
2217 5820 2261 5853 “
2294 5819 2551 5884 Helm-ti.
2574 5823 2627 5879 2.
2739 5826 2784 5858 θ’
2804 5826 2991 5881 Matth.
3020 5840 3168 5886 τκιιι,
3205 5825 3298 5879 a1.
