4044 6512
192 416 295 485 773

1368 410 1735 475 HOMILLE.
1764 433 1833 446 -·-
1855 408 2044 473 ΗΟΜ.
2082 410 2303 472 XLIII.

3332 411 3439 479 774

259 533 328 586 I".
378 529 438 585 '0
460 528 785 595 ’Λπόστολος
816 526 985 599 λέγει,
1017 529 1100 585 ὅτι
1140 527 1204 582 '0
1228 526 1481 595 νήπιος,
1506 528 1619 593 ἕως
1650 528 1751 583 ὅτε

1923 526 2011 582 Ill.
2042 528 2343 599 Apostolus
2374 524 2485 583 ait:
2542 524 2705 593 Puer,
2756 526 2991 598 quandiu
3037 526 3291 598 paruulus
3336 542 3435 601 est,

191 623 391 692 μικρός
428 621 600 675 ἐστιν
623 663 639 686 ,
689 622 808 677 ὑπὸ
849 619 1213 687 ἐπιτρόπους
1262 616 1363 672 καὶ
1401 619 1758 697 οἰκονόμους

194 712 295 764 τῶν
320 697 569 780 πονηρῶν
599 710 926 781 πνευμάτων
963 710 1111 763 ἐστὶν
1131 749 1148 774 ,
1186 708 1343 764 ἅτινα
1376 708 1663 781 πνεύματα
1695 710 1756 764 o6

194 798 395 852 θέλουσι
424 798 515 851 τὸν
548 800 739 870 νήπιον
768 798 1003 869 αὐξῆσαι
1027 815 1041 830 ·
1067 797 1152 852 ἴνα
1189 798 1266 870 μή
1303 798 1592 868 γενόμενος
1618 800 1758 873 ἀνὴρ

196 891 409 954 τέλειος,
441 891 672 962 ἄρξηται
708 890 992 961 ἐπιζητεῖν
1039 891 1107 945 τὰ
1146 894 1287 945 κατὰ
1318 890 1410 944 τὸν
1434 884 1583 946 οἶκον
1606 932 1622 957 ,
1666 894 1759 947 καὶ

198 983 419 1037 ἐκδικεῖν
474 982 575 1054 τὴν
642 985 961 1057 κυριότητα.
1022 981 1082 1038 '0
1140 984 1468 1056 Χριστιανὸς
1524 985 1785 1072 πάντοτεχ

194 1075 383 1144 ὀφείλει
413 1074 511 1145 τὴν
539 1076 762 1146 μνήμην
790 1075 883 1130 τοῦ
906 1074 1042 1129 Θεοῦ
1064 1075 1208 1145 ἔχειν
1227 1092 1242 1106 ·
1284 1075 1597 1145 γέγραπται
1628 1076 1757 1146 γὰρ,

193 1166 543 1238 Ἀγαπήσεις
566 1168 787 1235 Κύριον
826 1168 934 1221 τὸν
981 1167 1132 1223 Θεόν
1177 1183 1294 1221 σου
1340 1166 1413 1231 ἐξ
1455 1166 1604 1233 ὅλης
1651 1152 1760 1233 τῆς

193 1254 430 1321 καρδίας
464 1269 603 1318 σου,
636 1248 722 1309 ἴνα
763 1256 838 1327 μὴ
876 1255 1036 1325 μόνον
1060 1293 1075 1319 ,
1110 1256 1201 1309 ὅτε
1235 1255 1545 1325 εἰσέρχεται
1581 1256 1662 1320 είς
1698 1255 1760 1309 τὸ

193 1346 489 1417 εὖκτήριον,
510 1347 700 1419 ἀγαπᾷ
728 1346 817 1402 τὸν
852 1349 1057 1419 Κύριον
1077 1388 1092 1413 ,
1123 1347 1260 1403 ἀλλὰ
1292 1348 1387 1402 καὶ
1418 1349 1758 1420 περιπατῶν,

194 1436 285 1489 καὶ
310 1437 511 1508 ὁμιλῶν
531 1478 547 1504 ,
582 1438 676 1492 καλ⁸
703 1438 898 1492 ἐσθίων
924 1436 1025 1510 ἔχῃ
1060 1440 1161 1510 τὴν
1196 1440 1419 1511 μνήμην
1453 1439 1548 1493 τοῦ
1582 1438 1717 1493 Θεοῦ
1740 1480 1757 1507 ,

192 1527 284 1580 καὶ
302 1527 394 1598 τὴν
420 1528 665 1599 ἀγάπην,
697 1529 794 1583 καὶ
816 1529 915 1599 τὴν
946 1530 1201 1601 στοργήν.
1235 1530 1399 1599 Λέγει
1430 1531 1760 1602 γὰρ,⁹’οπου

193 1620 226 1672 ό
249 1616 388 1684 νοῦς
414 1633 555 1683 σου,
582 1617 712 1673 ἐκεῖ
733 1619 833 1675 καί
873 1622 907 1674 ό
951 1618 1260 1687 θησαυρός
1291 1634 1432 1675 σου.
1475 1621 1569 1685 Et;
1594 1619 1624 1672 6
1654 1620 1760 1693 γὰρ

190 1710 415 1782 πρᾶγμα
443 1711 478 1780 ή
503 1709 702 1781 καρδία
726 1708 869 1783 τινδς
896 1709 1130 1776 δέδεται,
1167 1710 1263 1765 καὶ
1291 1711 1425 1765 ὅπου
1446 1712 1481 1780 ή
1498 1710 1762 1781 ἐπιθυμία

190 1802 331 1854 ἕλκει
357 1801 540 1867 αὑτὸν,
565 1801 741 1856 έκείνὸ
770 1803 918 1855 ἔστιν
946 1801 1113 1855 αὐτοῦ
1145 1804 1174 1856 6
1200 1802 1341 1866 θεός.
1360 1802 1489 1856 Ἐὰν
1516 1802 1760 1874 ἐπιθυμῇ

189 1891 225 1962 ἠ
254 1890 443 1961 καρδία
477 1890 708 1945 πάντοτε
731 1890 827 1945 τοῦ
854 1891 1013 1956 Θεοῦ,
1046 1892 1209 1956 αὑτός
1255 1894 1375 1947 ἐστι
1409 1892 1613 1962 Κύριος
1658 1895 1757 1964 τῆς
1791 1882 1833 1939 Β

188 1982 409 2051 καρδίας
451 1982 614 2037 αὐτοῦ
645 1999 659 2013 ο
692 1982 722 2035 6
769 1982 825 2036 δὲ
873 1982 1282 2054 άποταξάμενός
1334 2002 1441 2050 τις,
1468 1985 1761 2055 γενόμενος

187 2075 467 2144 ἀκτήμων,
500 2073 596 2129 καὶ
627 2072 842 2143 ἄπολις,
876 2076 972 2129 καὶ
1001 2074 1312 2145 νηστεύων,
1345 2069 1501 2141 οὗτος
1544 2078 1622 2140 εἰς
1668 2076 1761 2130 τὸν

183 2165 373 2219 ἑαυτοῦ
423 2165 713 2238 ἄνθρωπον
762 2167 948 2239 ἀκμὴν
979 2168 1226 2232 δέδεται,
1256 2167 1289 2239 ἢ
1320 2169 1400 2233 είς
1422 2168 1491 2222 τὰ
1519 2168 1760 2239 κοσμικὰ

184 2256 503 2328 πράγματα,
543 2258 577 2328 ἢ
607 2260 687 2322 είς
722 2259 921 2326 οίκίαν,
948 2258 981 2331 ἦ
1014 2262 1094 2323 είς
1120 2260 1343 2331 φίλτρον
1371 2260 1595 2330 γονέων,
1622 2260 1758 2315 ὅπου

182 2349 337 2421 ἐδέθη
376 2347 541 2405 αὑτοῦ
597 2351 631 2422 ή
668 2350 865 2421 καρδία
887 2391 906 2418 ,
956 2352 1052 2406 καὶ
1097 2353 1126 2405 6
1156 2350 1283 2416 νοῦς
1314 2351 1708 2424 ᾐχμαλωτίσθη
1740 2393 1757 2419 ,

181 2440 359 2495 ἐκεῖνο
385 2440 549 2494 αὐτοῦ
577 2442 694 2495 ἐστι
723 2440 842 2505 θεός
868 2459 884 2475 ⁸
916 2443 1013 2496 καὶ
1038 2443 1387 2513 εὑρίσκεται,
1417 2444 1506 2498 διὰ
1529 2444 1629 2515 μὲν
1656 2445 1759 2515 τῆς

181 2530 445 2597 πλατείας
469 2531 637 2604 θύρας
661 2531 895 2600 ἐξελθὼν
916 2531 1012 2587 τοῦ
1042 2534 1283 2605 κόσμου,
1316 2534 1405 2589 διὰ
1433 2535 1491 2589 δὲ
1520 2534 1620 2605 τῆς
1648 2553 1757 2590 πα-

185 2623 421 2695 ραθύρου
477 2624 734 2680 εἰσελθὼν
786 2627 881 2680 καὶ
932 2623 1190 2696 ἐμπεσὼν
1241 2628 1323 2689 είς
1379 2625 1472 2679 τὸν
1531 2626 1755 2697 κόσμον.

182 2714 395 2785 Ὠσπερ
423 2714 493 2768 τὰ
522 2714 773 2786 φρύγανα
802 2715 1238 2788 ὲπιρριπτόμενα
1271 2717 1350 2779 είς
1377 2715 1441 2769 τδ
1488 2714 1600 2786 πῦρ
1626 2753 1641 2777 ,
1694 2716 1755 2769 o6

178 2806 436 2861 δύνανται
464 2806 786 2876 ἀντιστῆναι
809 2808 876 2877 τῇ
908 2805 1137 2873 δυνάμει
1166 2805 1261 2859 τοῦ
1293 2805 1492 2876 πυρὸς,
1524 2805 1639 2859 ἀλλ’
1663 2805 1757 2859 εύ-

181 2899 323 2963 θέως
349 2900 738 2953 κατακάὶονται
762 2914 777 2929 ο
806 2898 979 2962 οὔτως
1010 2900 1105 2952 καὶ
1142 2899 1192 2951 οί
1225 2898 1479 2968 δαίμονες
1506 2898 1759 2961 θέλοντες

182 2990 443 3061 πολεμεῖν
470 2990 741 3061 ἀνθρώπῳ
771 2989 1092 3061 Πνεῦματος
1137 2989 1426 3060 ήξιωμένῳ
1451 3028 1467 3055 ,
1510 2990 1758 3044 καίονται

176 3083 281 3134 καὶ
320 3081 805 3135 καταναλίσκονται
859 3080 965 3134 ὑπὸ
1014 3080 1112 3153 τῆς
1150 3081 1301 3144 θείας
1328 3081 1611 3152 δυνάμεως
1663 3080 1758 3137 τοῦ

176 3177 375 3247 πυρὸς,
412 3178 571 3249 μόνον
610 3177 696 3230 ἵνα
743 3177 771 3229 6
820 3175 1104 3247 ἄνθρωπος
1130 3176 1359 3231 πάντοτε
1415 3175 1761 3269 προσκολλώ-
1786 3210 1830 3269 c

176 3284 348 3336 μενος
447 3266 523 3337 τῷ
547 3265 759 3337 Κυρίῳ,
796 3266 889 3319 καὶ
918 3265 1016 3334 τὴν
1060 3264 1385 3336 πεποίθησιν
1419 3263 1514 3318 καὶ
1541 3264 1639 3335 τήν
1667 3264 1757 3318 ὲλο

174 3359 314 3413 πίδα
358 3359 493 3430 πρὸς
527 3358 688 3411 αὑτὸν
723 3356 885 3428 ἔχων.
936 3356 1049 3410 Καὶ
1107 3357 1204 3409 ἐὰν
1240 3351 1374 3409 ὦσιν
1409 3357 1460 3409 oi
1506 3357 1759 3428 δαίμονες

176 3451 395 3520 ἰσχυροὶ
426 3450 501 3513 ὡς
553 3450 653 3521 ὅρη
695 3448 916 3522 ἰσχυρὰ,
965 3449 1071 3502 ὑπὸ
1117 3451 1217 3520 τῆς
1266 3448 1436 3520 εύχῆς
1489 3450 1757 3512 καίονται.

173 3542 435 3611 καθάπερ
464 3544 493 3596 6
520 3542 687 3614 κηρὸς
707 3542 812 3596 ὑπὸ
846 3542 1039 3613 πυρός.
1070 3542 1262 3609 Μέγας
1278 3541 1334 3593 δὲ
1365 3542 1422 3594 ἐν
1450 3541 1530 3612 τῷ
1555 3540 1758 3611 μεταξὺ

173 3638 362 3689 κεῖται
388 3634 537 3703 ἁγὼν
569 3634 662 3688 καὶ
687 3632 923 3703 πόλεμος
953 3636 1019 3704 τῇ
1048 3633 1194 3705 ψυχῇ
1221 3632 1355 3701 πρὸς
1383 3633 1603 3696 αύτούς.
1650 3634 1757 3688 Πο-

167 3728 347 3796 ταμοί
380 3729 487 3783 εἱσι
510 3726 825 3799 δρακόντων
875 3728 1015 3789 ἐκεῖ,
1046 3725 1142 3780 καὶ
1188 3727 1434 3795 στόματα
1478 3726 1709 3779 λεόντων
1740 3741 1755 3755 ·

168 3820 296 3891 πῦρ
341 3820 458 3874 ἐστι
508 3818 842 3889 φλεγόμενον
904 3819 985 3882 είς
1059 3819 1159 3889 τήν
1214 3819 1415 3889 ψυχήν.
1482 3819 1689 3889 Ὥσπερ
1732 3820 1760 3872 6

164 3914 386 3976 τέλειος
412 3913 702 3976 κακοποιὸς
738 3911 953 3982 μεθύων
975 3912 1057 3976 είς
1088 3912 1150 3965 τὸ
1175 3910 1395 3981 πνεῦμα
1423 3912 1521 3980 τῆς
1550 3910 1757 3980 πλάνης

162 4007 204 4078 ἦ
232 4005 500 4076 φονεύων,
522 4004 555 4076 ἢ
583 4004 871 4075 μοιχεύων,
896 4003 1192 4074 ἀκόρεστός
1208 4005 1353 4055 ἐστιν
1375 4004 1455 4065 εἰς
1475 4001 1535 4055 τὸ
1565 4001 1754 4055 κακόνο

160 4096 354 4158 οὕτως
378 4096 471 4149 καὶ
492 4097 539 4149 οἱ
559 4095 872 4165 Χριστιανοὶ
899 4093 1319 4164 βεϐαπτισμένοι
1350 4093 1430 4153 είς
1458 4091 1518 4143 τὸ
1540 4091 1759 4161 Πνεῦμα

159 4189 233 4243 τὸ
257 4188 437 4258 ἅγιον,
471 4187 689 4257 ἄπειροι
722 4187 961 4255 γίνονται
1004 4185 1097 4239 τοῦ
1148 4184 1341 4239 κακοῦ.
1378 4186 1439 4239 Oi
1459 4185 1514 4237 δὲ
1546 4184 1762 4254 ἔχοντες

163 4281 369 4353 χάριν,
402 4280 497 4334 καί¹
549 4280 630 4333 ἔτι
666 4280 995 4350 μεμιγμένοι
1037 4280 1103 4349 τῇ
1140 4277 1407 4348 ἁμαρτίᾳ,
1460 4267 1607 4329 οῦτοι
1655 4276 1760 4330 ὑπὸ

162 4370 349 4441 φόϐον
375 4370 481 4423 είσὶ
506 4411 523 4436 ,
554 4370 649 4424 καὶ
678 4368 768 4424 διὰ
796 4368 1026 4439 φοϐερὸν
1056 4368 1218 4421 τόπον
1246 4366 1513 4421 ὁδεύουσι.

243 4461 328 4517 A'.
348 4462 617 4533 Καθάπερ
634 4461 743 4531 γὰρ
771 4462 820 4514 οἱ
851 4460 1083 4532 ἔμποροι
1109 4460 1364 4521 πλέοντες
1393 4458 1498 4512 κᾶν
1520 4456 1759 4527 εὕρωσιν

1857 618 1953 671 sub
2003 619 2261 673 tutoribus
2289 626 2339 673 et
2385 618 2717 675 curatoribus
2745 617 2789 650 ⁶⁸
2838 616 3135 687 spirituum
3198 620 3437 678 immun—

1858 708 2054 763 dorum
2089 710 2219 780 agit,
2249 709 2344 779 qui
2394 708 2623 780 spiritus
2648 708 2844 763 nolunt
2872 724 3105 779 puerum
3155 723 3429 775 crescere.

1859 816 1929 857 ne
1958 801 2056 857 ubi
2090 800 2145 856 in
2175 802 2354 856 virum
2374 801 2682 872 perfectum
2712 801 2971 864 evaserit.
3024 801 3253 873 incipiat
3284 818 3435 873 quae-

1858 907 2002 957 rere,
2031 907 2152 961 qua:
2188 891 2257 947 ad
2286 892 2547 947 familiam
2591 891 2891 962 pertinent,
2931 899 2987 948 et
3011 892 3293 948 vindicare
3340 894 3437 948 do-

1858 984 2111 1039 minium.
2149 983 2496 1040 Christianus
2534 985 2688 1039 nullo
2714 999 2824 1040 non
2849 992 3093 1055 tempore
3123 984 3289 1040 debet
3322 984 3438 1041 n'ie-

1858 1077 2090 1132 moriam
2151 1076 2248 1131 Dei
2309 1076 2535 1131 habere.
2580 1075 2857 1147 Scriptum
2905 1076 3054 1131 enim
3084 1084 3205 1131 est:
3237 1076 3437 1149 Diliges

1858 1167 2145 1223 Dominum
2173 1168 2341 1222 Deum
2361 1177 2511 1222 tuum
2528 1185 2591 1222 cx
2614 1178 2719 1222 toto
2746 1169 2900 1223 corde
2923 1176 3013 1222 tuo
3039 1168 3114 1222 ":
3140 1184 3210 1225 ne
3259 1170 3437 1225 solum

1860 1258 2082 1329 quando
2134 1258 2441 1330 ingreditur
2490 1259 2819 1322 oratorium,
2869 1259 3061 1330 diligat
3119 1260 3436 1326 Dominum,

1861 1345 1959 1400 sed
2009 1346 2176 1402 etiam
2224 1346 2533 1413 ambulans,
2587 1348 2928 1418 colloquens,
2949 1357 3005 1403 et
3042 1350 3357 1417 comedens,
3381 1351 3441 1406 in

1861 1439 2125 1493 memoria
2172 1438 2346 1494 Deum
2388 1439 2618 1502 habeat,
2650 1438 2862 1509 diligat,
2907 1447 2965 1493 et
3012 1455 3201 1496 amore
3253 1457 3442 1511 prose-

1861 1538 2084 1598 quatur.
2106 1529 2493 1601 Inquitenim:
2531 1530 2626 1586 Ubi
2660 1546 2806 1586 mens
2831 1539 2946 1595 tua,
2978 1531 3049 1585 ibi
3097 1548 3301 1603 quoque
3330 1534 3441 1586 the-

1860 1637 2052 1677 saurus
2074 1629 2193 1677 tuus
2220 1623 2287 1677 '°.
2320 1623 2401 1679 Ad
2422 1637 2808 1693 quamcunque
2825 1622 2972 1677 enim
2998 1637 3113 1677 rem
3136 1638 3232 1678 cor
3262 1623 3441 1678 alicu-

1858 1712 1949 1784 jus
1971 1713 2243 1784 alligatur,
2268 1720 2323 1768 et
2347 1728 2458 1783 quo
2488 1727 2615 1768 eum
2645 1712 2815 1767 trahit
2850 1712 3077 1783 cupido,
3105 1712 3197 1767 illa
3223 1728 3312 1769 res
3354 1722 3440 1769 est

1863 1804 1984 1875 ejus
2016 1805 2174 1887 deus.
2209 1804 2267 1859 Si
2302 1803 2580 1861 desideret
2608 1820 2704 1859 cor
2738 1802 2945 1874 ubique
2982 1804 3298 1870 Dominum,
3322 1804 3441 1876 ipse

1860 1905 1945 1953 est
1980 1896 2250 1951 Dominus
2287 1896 2471 1952 cordis
2499 1898 2638 1968 ejus.
2669 1895 2953 1966 Quispiam
2974 1910 3127 1960 vero,
3156 1895 3252 1967 qui
3275 1896 3441 1952 abre-

1861 1988 2156 2053 nuntiavit,
2201 1988 2569 2059 omnibusque
2615 1988 2729 2043 suis
2779 1987 3132 2043 facultatibus
3182 1996 3240 2044 et
3302 1988 3440 2045 urbe

1860 2079 2091 2144 relictis,
2117 2078 2327 2152 jejunio
2360 2078 2455 2133 dat
2490 2094 2738 2150 operam,
2768 2079 2871 2135 iste
2903 2079 2991 2134 sui
3030 2078 3205 2148 ipsius
3228 2078 3440 2134 homini

1859 2170 2041 2227 adhuc
2065 2171 2319 2241 alligatus
2353 2168 2546 2235 haeret,
2580 2178 2678 2224 aut
2707 2170 2874 2225 rebus
2897 2170 3212 2234 mundanis,
3237 2180 3335 2226 aut
3361 2170 3442 2225 fa-

1858 2260 2191 2325 miliaribus,
2220 2270 2313 2316 aut
2335 2262 2514 2315 amori
2547 2268 2839 2332 parentum
2869 2279 2883 2316 :
2916 2261 3013 2315 ubi
3044 2261 3328 2333 alligatum
3352 2271 3441 2318 est

1858 2353 1977 2423 ejus
2002 2367 2118 2418 cor,
2150 2359 2207 2405 et
2232 2367 2390 2407 meus
2430 2356 2551 2425 ejus
2579 2352 2875 2423 captivata,
2905 2352 2959 2407 id
2993 2352 3175 2423 ipsum
3205 2363 3290 2409 est
3316 2354 3441 2425 ejus

1860 2443 2033 2499 deus:
2073 2451 2130 2499 et
2156 2443 2592 2515 deprehenditur
2643 2444 2869 2514 quidem
2906 2459 3006 2515 per
3032 2443 3276 2515 amplam
3310 2460 3443 2516 por-

1860 2545 1970 2592 tam
2008 2552 2039 2592 e
2066 2536 2273 2591 mundo
2319 2535 2646 2600 excessisse,
2675 2551 2776 2607 per
2826 2534 3086 2591 osuolum
3125 2546 3311 2592 autem
3356 2537 3443 2592 in-

1858 2644 2081 2700 gressus
2113 2628 2168 2683 in
2201 2628 2469 2684 mundum
2518 2626 2803 2683 incidisse.
2827 2627 3303 2695 Quemadmodum
3330 2643 3443 2684 sar-

1859 2730 2045 2778 menta
2068 2721 2122 2776 in
2148 2721 2325 2791 ignem
2349 2722 2593 2791 projecta
2611 2729 2896 2790 nequeunt
2916 2718 3177 2775 resistere
3200 2720 3252 2774 vi
3275 2719 3439 2791 ignis,

1860 2811 1955 2867 sed
1981 2810 2271 2865 confestim
2314 2811 2750 2874 comburuntur;
2786 2808 2869 2864 sic
2884 2823 3109 2878 quoque
3137 2807 3438 2871 damones,

1860 2900 1955 2972 qui
1981 2901 2187 2955 bellum
2226 2902 2421 2955 volunt
2453 2900 2660 2954 inferre
2698 2899 2908 2954 homini
2944 2898 3211 2969 Spiritum
3241 2915 3443 2955 conse-

1860 3002 2011 3059 cuto,
2036 2994 2439 3048 comburuntur
2460 3000 2515 3048 et
2532 3002 2936 3048 consumuntur
2962 3006 2994 3046 a
3018 2991 3207 3047 divina
3233 2993 3444 3047 virtute

1861 3085 2021 3156 ignis,
2044 3084 2209 3139 modo
2235 3085 2400 3139 homo
2423 3092 2690 3154 perpetuo
2715 3083 2950 3138 Domino
2972 3083 3276 3146 adhaereat.
3300 3084 3439 3138 fidu—

1865 3176 2116 3245 ciamque
2137 3185 2193 3231 et
2212 3191 2366 3245 spem
2393 3176 2447 3230 in
2471 3191 2597 3231 eum
2620 3174 2874 3231 collocet.
2896 3174 2966 3230 Et
2998 3174 3215 3245 si138
3234 3174 3441 3230 fuerint

1863 3269 2140 3324 daemones
2154 3268 2342 3332 fortes,
2370 3268 2565 3323 robore
2588 3266 2870 3322 montibus
2889 3265 3035 3321 haud
3054 3266 3354 3330 absimiles,
3368 3267 3440 3321 ab

1862 3362 2111 3417 oratione
2157 3361 2583 3424 comburuntur,
2617 3361 2768 3415 velut
2810 3375 2938 3416 cera
2981 3359 3052 3414 ab
3084 3359 3216 3430 igni.
3242 3360 3440 3430 lugens

1860 3469 1992 3508 vero
2020 3454 2229 3508 interea
2264 3452 2558 3507 intercedit
2605 3459 2885 3508 certamen
2913 3467 2977 3507 ac
3010 3450 3213 3506 bellum
3243 3451 3440 3505 anima:

1861 3547 2126 3602 adversus
2148 3547 2394 3602 eosdem.
2420 3545 2598 3599 Fluvii
2624 3544 2925 3599 draconum
2957 3555 3088 3598 sunt
3113 3543 3249 3605 illic,
3272 3553 3439 3613 atque

1862 3654 1958 3693 ora
1984 3639 2241 3703 leonum;
2276 3637 2418 3707 ignis
2449 3636 2756 3690 accendens
2783 3635 3045 3689 animam.
3072 3633 3441 3699 Quemadmo-

1862 3728 1994 3782 dum
2016 3742 2147 3797 ergo
2172 3726 2455 3796 perfectus
2494 3726 2548 3778 in
2578 3724 2721 3777 malo
2746 3721 3165 3786 committendo,
3198 3722 3440 3776 inebria-

1866 3830 1952 3875 tus
1974 3819 2174 3889 spiritu
2202 3817 2427 3881 erroris,
2448 3815 2750 3871 homicidio
2779 3823 2875 3869 aut
2899 3814 3171 3869 adulterio
3193 3815 3435 3881 deditus,

1863 3911 2167 3966 exsaturari
2212 3910 2420 3964 malitia
2462 3907 2697 3977 nequit:
2728 3907 2808 3961 sic
2848 3921 3069 3975 quoque
3116 3905 3436 3969 Christiani,

1865 4003 2123 4072 baptizati
2147 4002 2202 4056 in
2224 4001 2487 4070 Spiritum
2521 4008 2794 4062 sanctum,
2818 3997 2985 4052 rudes
3013 3996 3257 4052 evadunt
3277 3998 3441 4051 vitio-

1864 4110 2005 4150 rum.
2031 4094 2133 4161 Qui
2168 4109 2301 4148 vero
2324 4090 2607 4147 consecuti
2636 4090 2868 4160 gratiam
2899 4088 3083 4142 adhuc
3102 4088 3439 4157 permiscen-

1864 4197 1953 4239 tur
1978 4194 2222 4253 peccato,
2258 4183 2315 4237 lii
2355 4181 2458 4236 sub
2493 4187 2641 4235 metu
2681 4186 2830 4243 sunt,
2878 4185 2935 4232 et
2983 4192 3084 4247 per
3115 4176 3438 4232 formidabi-

1861 4277 1969 4332 lem
1997 4276 2179 4331 locum
2212 4274 2315 4329 iter
2352 4272 2587 4329 faciunt.

1931 4453 2022 4510 iV.
2050 4450 2524 4520 Quemadmodum
2552 4448 2700 4505 enim
2746 4455 3082 4503 mercatores
3114 4445 3246 4502 dum
3282 4447 3436 4501 navi-

160 4554 313 4607 ἷδιον
343 4553 543 4622 ἄνεμον
584 4551 680 4605 καὶ⁵
726 4550 1071 4620 γαληνιῶσαν
1111 4550 1211 4621 τὴν
1243 4548 1537 4612 θάλασσαν,
1593 4549 1759 4618 μήπω

1863 4556 2012 4618 gent,
2063 4546 2190 4599 licet
2229 4542 2373 4597 nacti
2434 4543 2543 4595 sint
2583 4539 2887 4595 secundum
2934 4548 3160 4593 ventum
3206 4548 3263 4594 et
3290 4549 3438 4593 tran-

151 4647 225 4700 δὲ
275 4645 565 4716 φθάσωσιν
610 4644 691 4708 είς
741 4643 831 4697 τὸν
865 4641 1081 4713 λιμένα,
1140 4642 1228 4696 ἀεὶ
1281 4640 1385 4694 ὑπὸ
1434 4640 1599 4709 φόϐον
1629 4638 1758 4703 siet,

155 4738 380 4809 μήπως
407 4736 562 4806 ἄφνω
589 4734 832 4789 ἐναντίου
860 4733 1169 4805 κινηθέντος
1196 4730 1399 4799 ἀνέμου
1424 4730 1757 4801 κλυδωνισθῇ

150 4834 196 4903 ἡ
233 4830 512 4895 θάλασσα,
549 4829 646 4883 καὶ
671 4825 995 4897 κινδυνεύσῃ
1018 4824 1080 4877 τὸ
1114 4825 1296 4879 πλοῖον
1326 4842 1340 4857 ο
1389 4823 1532 4877 οὕτω
1588 4825 1682 4877 καὶ
1710 4826 1757 4877 οἱ

146 4921 522 4993 Χριστιανοὶ,
555 4921 606 4974 εί
634 4919 731 4973 καὶ
760 4918 974 4989 ἔχουσιν
995 4918 1055 4971 ἐν
1098 4917 1283 4981 αὐτοῖς
1335 4918 1511 4972 αἴσιον
1556 4918 1758 4988 ἄνεμον

144 5015 261 5069 τοῦ
320 5012 481 5080 ἁγίου
529 5010 845 5081 Πνεύματος
899 5009 1156 5071 πνέοντα,
1185 5007 1301 5063 ἀλλ’
1334 5007 1418 5062 ἔτι
1441 5007 1547 5061 ὑπὸ
1593 5008 1757 5076 φόϐον

145 5106 303 5171 εἰσὶ,
343 5106 542 5175 μήπως
571 5105 601 5159 6
629 5104 830 5173 ἄνεμος
860 5102 960 5172 τῆς
1000 5100 1247 5164 ἐναντίας
1279 5100 1561 5170 δυνάμεως
1590 5100 1754 5153 πνεύ-

146 5217 233 5272 σῃ
259 5197 516 5252 ἐπελθὼν
541 5238 559 5264 ,
591 5198 687 5251 καὶ
714 5196 963 5267 ταραχήν
990 5212 1113 5250 τινα
1153 5197 1248 5249 καί
1278 5194 1527 5249 κλύδωνα
1557 5196 1753 5265 κινήσῃ

144 5294 293 5353 ταῖς
326 5291 529 5361 ψυχαῖς
553 5289 757 5343 αὐτῶν.
791 5288 1037 5359 Σπουδῆς
1068 5286 1162 5341 οῦν
1190 5286 1391 5357 πολλῆς
1433 5286 1626 5358 χρεία,
1673 5288 1760 5339 ἵνα

142 5385 475 5455 φθάσωμεν
505 5384 587 5447 εἰς
614 5382 706 5437 τὸν
734 5381 929 5452 λιμένα
955 5382 1055 5451 τῆς
1088 5379 1504 5444 καταπαύσεως,
1550 5381 1631 5442 είς
1664 5379 1757 5434 τὸν

141 5477 382 5530 τέλειον
413 5476 642 5547 κόσμον,
674 5476 755 5539 είς
773 5474 871 5546 τὴν
904 5472 1131 5529 αἰωνίαν
1173 5469 1321 5541 ζωὴν
1359 5470 1452 5525 καὶ
1497 5472 1710 5541 τρυφὴν
1738 5512 1754 5537 ,

143 5568 243 5631 εἰς
268 5566 383 5640 τὴν
410 5566 569 5623 πόλιν
597 5567 707 5623 τῶν
735 5566 930 5635 ἁγίων,
965 5565 1045 5628 είς
1076 5563 1174 5635 τὴν
1205 5563 1529 5634 ἐπουράνιον
1563 5562 1758 5630 Ἰερου-

144 5660 312 5732 σαλὴ
320 5676 385 5732 μ,
409 5660 489 5724 εἰς
519 5658 619 5732 τὴν
645 5657 973 5729 Ἐκκλησίαν
995 5654 1104 5711 τῶν
1123 5653 1507 5726 πρωτοτόκων.
1550 5652 1676 5707 Ἐὰν
1699 5650 1755 5705 δὲ

1857 4640 2091 4710 quillum
2116 4652 2287 4700 mare,
2306 4652 2408 4691 nec
2430 4635 2561 4689 dum
2586 4630 3020 4702 pervenerintad
3044 4639 3287 4700 portum,
3306 4646 3437 4685 con-

1858 4734 2017 4789 tinuo
2044 4730 2146 4786 sub
2170 4738 2315 4784 metu
2348 4736 2498 4791 sunt,
2523 4741 2593 4781 ne
2625 4725 2923 4793 derepente
2974 4722 3256 4778 contrario
3289 4722 3439 4777 exci-

1858 4832 1971 4879 tato
1999 4830 2165 4878 vento
2202 4819 2466 4875 ﬂuctibus
2501 4831 2653 4872 mare
2682 4814 2941 4884 agitetur,
2984 4822 3041 4867 et
3076 4813 3231 4867 navis
3262 4811 3316 4865 in
3344 4827 3438 4881 pe-

1857 4917 2091 4972 riculum
2118 4912 2325 4969 incidat
2344 4929 2357 4964 :
2376 4910 2456 4966 sic
2476 4922 2695 4979 quoque
2714 4904 3037 4973 Christiani,
3051 4903 3180 4958 licet
3195 4902 3438 4957 habeant

1860 5010 1916 5064 in
1951 5023 2009 5063 se
2039 5018 2363 5076 prosperum
2401 5008 2627 5055 ventum
2672 4998 2849 5052 sancti
2898 4994 3139 5064 Spiritus
3186 4991 3434 5055 ﬂantem,

1858 5097 2223 5155 nihilominus
2254 5099 2529 5156 metuunt,
2570 5104 2640 5143 ne
2672 5084 2971 5157 aliquando
2997 5092 3196 5140 ventus
3218 5092 3435 5138 contra-

1859 5192 1955 5246 riae
2000 5186 2290 5258 potestatis
2327 5183 2498 5253 spiret
2548 5189 2604 5236 et
2657 5179 2920 5247 insurgat,
2948 5183 3005 5231 et
3052 5182 3434 5244 tempestatem

1858 5281 2151 5355 quamdam
2182 5293 2244 5332 ac
2270 5276 2471 5330 fluctus
2494 5272 2696 5329 excitet
2727 5269 2927 5325 animis
2956 5282 3172 5323 eorum.
3194 5266 3439 5336 Diligen-

1862 5376 1936 5429 tia
1958 5388 2091 5441 ergo
2131 5383 2341 5424 summa
2395 5381 2557 5436 opus,
2596 5373 2659 5418 ut
2706 5361 3091 5433 perveniamus
3117 5358 3186 5414 ad
3216 5366 3437 5429 portum

1862 5464 2093 5537 requiei,
2124 5464 2191 5517 ad
2224 5459 2490 5516 mundum
2526 5456 2855 5528 perfectum,
2890 5452 2957 5509 ad
2988 5452 3157 5508 vitam
3193 5460 3249 5506 et
3294 5448 3435 5506 deli-

1859 5557 1974 5610 cias
2000 5563 2256 5615 aaternas,
2284 5547 2353 5603 ad
2383 5548 2663 5602 civitatem
2694 5553 3032 5606 sanctorum,
3063 5556 3129 5597 ac
3156 5540 3449 5598 caelestem

1859 5643 2244 5707 Jerusalem“,
2292 5640 2361 5697 ad
2408 5638 2707 5696 Ecclesiam
2752 5634 3266 5709 primogenitorurn.
3318 5628 3434 5688 Nisi

234 5845 288 5879 "
315 5843 441 5902 Gal.
472 5857 549 5911 tv,
578 5844 629 5898 t.
708 5843 752 5879 η
776 5841 937 5899 Deut.
960 5855 1035 5906 τι,
1061 5837 1112 5894 5.
1191 5838 1236 5873 ⁷ο
1267 5836 1460 5893 Matth.
1489 5833 1671 5901 vult.
1750 5833 1761 5865 τ

1860 5827 2004 5884 lebr.
2042 5840 2135 5892 xu,
2165 5820 2259 5891 12,
2286 5818 2379 5876 95.
