4044 6558
677 474 784 538 ’775

1917 461 1977 521 S.
2018 452 2334 518 MACARII
2374 448 2693 512 EGYPTII
3774 446 3851 511 776

675 599 813 641 vero
839 582 964 654 quis
1005 580 1207 652 gradus
1242 580 1364 645 illas
1419 576 1723 639 transierit,
1766 584 2117 640 summopere
2145 584 2259 623 me-

2364 567 2439 638 μὴ
2467 565 2650 636 διέλθῃ
2674 579 2757 626 τις
2788 561 2858 617 τά
2889 560 3066 633 μέτρα
3111 560 3326 624 ἐκεῖνα,
3354 557 3459 611 ὑπὸ
3488 557 3647 627 φόϐον
3670 558 3767 611 ἐστὶ
3788 579 3854 615 πο-

677 671 804 735 tuit,
839 686 909 724 ne
938 669 1081 723 forte
1116 666 1325 721 interea
1358 665 1572 734 lapsum
1604 659 1899 731 quemdam
1932 656 2250 713 adversaria

676 770 921 833 potestas
956 759 1236 812 moliatur.

749 854 814 906 ν.
845 849 1079 906 Perinde
1122 863 1255 903 vero
1290 861 1354 901 ac
1403 847 1601 901 mulier
1641 863 1762 917 quae
1798 846 2070 916 concepit,
2104 847 2253 900 intus

677 944 846 998 habet
882 941 1145 994 infantem
1178 954 1338 993 suum
1369 938 1423 992 in
1455 939 1720 1003 tenebris,
1755 948 1817 992 ut
1848 938 1923 993 ita
1965 938 2165 1002 dicam,
2198 943 2256 991 et

679 1035 850 1088 denso
881 1032 1042 1085 loco:
1099 1031 1147 1084 si
1196 1045 1329 1085 vero
1374 1030 1725 1099 postmodum
1758 1030 2039 1101 contingat
2067 1028 2254 1101 egredi

678 1136 911 1193 puerum
942 1128 1189 1188 tempore
1232 1119 1440 1185 debito,
1474 1121 1725 1176 intuetur
1779 1136 1975 1176 novam
2041 1128 2258 1175 creatu-

677 1228 815 1278 ram,
844 1226 1008 1280 quam
1037 1225 1319 1279 nunquam
1348 1211 1583 1276 viderat,
1630 1212 1778 1277 cmli,
1825 1221 1986 1267 terra:
2008 1220 2065 1267 et
2098 1210 2254 1274 solis,

636 1310 733 1356 νει
762 1301 923 1355 amici
956 1308 1121 1370 atque
1157 1300 1374 1370 cognati
1431 1302 1694 1356 continuo
1743 1301 1904 1356 hilari
1954 1302 2109 1356 vultu
2164 1316 2258 1355 ex-

680 1393 893 1462 cipiunt
938 1406 1065 1446 eum
1108 1392 1164 1445 in
1214 1392 1415 1447 ulnas:
1447 1392 1595 1461 quod
1639 1393 1685 1447 si
1725 1407 1859 1447 vero
1905 1392 2184 1462 contingat
2227 1406 2258 1445 a

681 1484 1006 1541 confusione
1034 1485 1270 1554 quadam
1303 1484 1489 1539 divelli
1515 1485 1664 1540 intus
1691 1485 1977 1549 infantem,
2004 1498 2259 1539 necessa-

682 1576 767 1630 rio
804 1585 1074 1646 superest,
1110 1583 1169 1629 ut
1219 1576 1287 1629 ad
1332 1576 1439 1630 hoc
1482 1576 1768 1631 constituti
1804 1575 2000 1631 medici
2037 1576 2259 1630 cultello

632 1684 637 1689 '
684 1677 948 1732 utantur,
1000 1667 1182 1735 itaque
1244 1665 1677 1735 deprehenditur
1738 1677 1926 1736 postea
1991 1666 2170 1721 infans
2228 1682 2260 1720 a

681 1767 858 1813 morte
891 1758 944 1812 in
970 1767 1197 1812 mortem
1227 1772 1475 1827 pergere,
1509 1773 1538 1811 a
1578 1757 1824 1812 tenebris
1856 1758 1913 1812 in
1959 1757 2256 1812 tenebras:

685 1852 766 1906 sic
815 1850 1002 1918 accipe
1056 1862 1275 1917 quoque
1346 1849 1401 1901 in
1464 1863 1523 1902 re
1586 1849 1880 1918 spirituali.
1935 1849 2259 1917 Quicunque

685 1948 1044 2008 susceperunt
1083 1952 1273 1992 semen
1328 1936 1652 2003 divinitatis,
1691 1939 1747 1992 hi
1800 1939 2062 1994 invisibili
2094 1939 2257 1993 modo

684 2030 940 2084 obtinent
975 2026 1132 2091 illud,
1157 2035 1215 2081 et
1246 2035 1470 2096 propter
1499 2027 1815 2083 inhabitans
1839 2028 1943 2082 sibi
1972 2034 2258 2097 peccatum

688 2121 744 2173 in
776 2117 1136 2173 tenebricosis
1168 2125 1223 2171 et
1250 2117 1510 2172 timendis
1536 2118 1671 2173 locis
1702 2120 2001 2173 occultant.
2034 2118 2089 2172 Si
2127 2134 2260 2188 ergo

636 2228 639 2231 ·
687 2211 937 2265 muniant
964 2225 1021 2263 se
1056 2209 1224 2277 ipsos,
1257 2216 1313 2263 et
1340 2219 1667 2264 conservent
1717 2224 1924 2275 semen,
1957 2210 2045 2265 isti
2074 2210 2262 2265 debito

690 2311 934 2370 tempore
960 2299 1273 2369 producunt
1303 2299 1362 2353 in
1394 2300 1591 2367 lucem,
1642 2308 1699 2355 et
1731 2301 1950 2356 tandem
1995 2303 2052 2356 in
2084 2301 2264 2355 disso-

690 2395 899 2447 lutione
948 2393 1215 2463 corporis,
1253 2393 1429 2462 angeli
1482 2403 1538 2448 et
1573 2408 1764 2448 omnes
1824 2392 2049 2463 superni
2108 2392 2263 2448 chori

690 2487 815 2540 laeto
848 2485 1002 2538 vultu
1039 2484 1324 2554 excipiunt
1371 2485 1513 2539 illos.
1560 2485 1615 2539 Si
1646 2500 1778 2539 vero
1830 2485 1954 2554 quis
1996 2484 2265 2554 susceptis

638 2598 644 2603 -
690 2575 861 2629 armis
889 2574 1096 2631 Christi
1130 2573 1199 2628 ad
1233 2573 1438 2628 bellum
1472 2574 1686 2628 fortiter
1723 2573 2045 2645 gerendum,
2077 2589 2268 2629 socor-

638 2686 643 2691 ’
691 2665 781 2719 dia
811 2664 1094 2729 dimuerit,
1125 2662 1397 2734 ejusmodi
1424 2663 1516 2732 qui
1546 2669 1651 2727 est,
1682 2676 1845 2731 quam
1892 2661 2131 2731 primum
2164 2670 2270 2714 tra-

690 2757 842 2811 ditur
873 2754 1147 2820 hostibus,
1177 2755 1320 2810 etin
1350 2754 1711 2809 dissolutione
1754 2753 2004 2822 corporis
2046 2768 2075 2806 a
2116 2761 2269 2807 tene-

692 2846 829 2909 bris,
862 2861 983 2914 quae
1007 2860 1155 2899 nunc
1184 2842 1660 2913 comprehendunt
1689 2843 1863 2907 illum,
1895 2843 1950 2895 in
1987 2842 2120 2896 alias
2148 2856 2269 2897 mo-

691 2937 946 2990 lestiores
968 2937 1224 2990 tenebras
1261 2945 1318 2990 et
1355 2935 1410 2989 in
1444 2935 1729 2989 interitum
1755 2934 1950 3004 pergit.

765 3027 850 3083 Vl.
880 3027 1118 3081 Perinde
1150 3039 1283 3081 vero
1312 3041 1375 3080 ac
1402 3025 1447 3080 si
1489 3026 1561 3080 sit
1589 3026 1801 3089 hortus,
1833 3024 2128 3079 arboribus
2153 3023 2272 3078 fru-

646 3142 649 3143 ν
692 3118 904 3174 ctiferis
926 3125 982 3172 et
1009 3118 1132 3172 aliis
1160 3116 1530 3187 fragrantibus
1567 3117 1769 3187 plantis
1791 3117 2058 3180 consitus,
2108 3124 2272 3185 atque

2353 656 2473 722 λὺν,
2523 656 2721 726 μήπως
2762 654 2821 707 ὲν
2853 651 2932 723 τῷ
2968 651 3170 723 μεταξὺ
3226 649 3435 705 πτῶσίν
3476 666 3599 703 τινα
3636 650 3669 719 ἡ
3701 654 3856 722 πονηρὰ

2352 748 2583 819 δύναμις
2614 746 2944 818 ἐργάσηται.

2425 841 2502 896 E'.
2533 839 2746 909 Ὠσπερ
2769 838 2827 891 δὲ
2853 836 2992 907 γυνὴ
3020 831 3359 889 συλλαϐοῦσα
3394 831 3545 897 ἐντὸς
3574 831 3680 903 ἔχει
3698 832 3751 887 τὸ
3769 834 3858 906 βρέ-

2356 948 2457 1003 φος
2487 930 2664 1002 αὐτῆς
2694 930 2752 983 ὲν
2778 928 2982 993 σκότει,
3015 928 3090 992 ὡς
3121 928 3317 991 εἰπεῖν,
3354 925 3449 979 καὶ
3496 924 3682 977 ὑλώδει

2358 1023 2455 1076 ἐὰν
2505 1022 2563 1076 δὲ
2614 1019 2795 1091 συμϐῇ
2849 1018 3034 1073 λοιπὸν
3078 1016 3317 1083 ἐξελθεῖν
3343 1015 3404 1068 τὸ
3430 1013 3640 1068 παιδίον
3672 1014 3722 1067 ὲν
3742 1017 3863 1071 δέοντι

2358 1114 2557 1185 καιρῷ,
2592 1112 2781 1183 βλέπει
2812 1110 2991 1165 κτίσιν
3018 1108 3359 1180 καινοτέραν,
3385 1109 3451 1177 ἣν
3483 1106 3725 1159 οὐδέποτε
3749 1102 3860 1167 εἶδεν.

2356 1203 2613 1278 οὐρανοῦ,
2644 1205 2740 1258 καὶ
2770 1202 2900 1271 γῆς,
2926 1201 3024 1255 καὶ
3055 1200 3211 1269 ἡλίου
3241 1217 3255 1232 ·
3289 1199 3383 1253 καὶ
3407 1199 3571 1261 εὐθὺς
3597 1200 3645 1250 οἱ
3665 1199 3784 1267 φίλοι
3799 1203 3863 1253 ni

2361 1297 2647 1367 συγγενεῖς
2677 1293 2848 1365 ἱλαρῷ
2877 1292 2957 1363 τῷ
2980 1291 3258 1364 προσώπῳ
3283 1291 3531 1361 δέχονται
3560 1290 3685 1343 αὐτὸ
3710 1291 3775 1352 είς
3802 1293 3865 1354 τὰς

2360 1387 2606 1458 ἀγκάλας
2639 1403 2654 1419 ο
2684 1386 2781 1440 ἐὰν
2813 1384 2869 1438 δὲ
2901 1383 3082 1455 συμϐῇ
3112 1383 3218 1436 ὑπὸ
3252 1382 3476 1447 ἀταξίας
3499 1381 3644 1445 τινος
3685 1384 3867 1453 σπασθῆ-

2360 1498 2449 1537 ναι
2483 1482 2633 1533 ένδον
2656 1478 2718 1531 τὸ
2742 1477 2958 1532 παιδίον
2985 1516 3000 1541 ,
3030 1476 3244 1546 ἀνάγκη
3272 1476 3459 1528 λοιπὸν
3501 1475 3629 1537 τοὺς
3654 1477 3724 1535 εἰς
3756 1476 3868 1529 τοῦτο

2360 1570 2728 1642 τεταγμένους
2760 1569 2977 1640 ἰατροὺς
3007 1565 3151 1637 ξίφει
3197 1565 3510 1637 χρήσασθαι
3557 1582 3572 1597 ο
3614 1567 3701 1618 καὶ
3738 1565 3869 1619 λοιπον

2362 1661 2680 1733 εὑρίσκεται
2703 1660 2765 1712 τὸ
2795 1659 3008 1712 παιδίον
3038 1657 3146 1711 ἀπὸ
3176 1656 3408 1711 θανάτου
3438 1659 3522 1719 είς
3564 1656 3771 1710 θάνατον
3798 1676 3869 1726 χωα

2365 1753 2491 1825 ροῦν
2515 1793 2531 1819 ,
2560 1754 2654 1805 καὶ
2685 1751 2793 1805 ἀπὸ
2825 1751 3053 1813 σκότους
3091 1752 3171 1812 είς
3205 1750 3395 1813 σκότος
3417 1766 3431 1780 ·
3484 1748 3657 1811 οὕτως
3696 1749 3870 1803 MM;

2307 1865 2327 1916 λ
2361 1848 2456 1900 καὶ
2478 1850 2558 1911 είς
2579 1848 2639 1900 τὸ
2671 1845 3059 1916 πνευματικόν.
3082 1844 3237 1897 Ὅσοι
3269 1842 3601 1907 ὑπεδέξαντο
3626 1842 3711 1894 τὸν
3729 1844 3872 1909 σπόρον

2359 1942 2460 2012 τῆς
2487 1939 2762 2010 θεότητος,
2785 1930 2930 1992 οὗτοι
2964 1937 3214 2006 ἀοράτως
3239 1936 3457 2006 ἔχουσιν
3487 1934 3673 2000 αὐτὸν,
3706 1934 3785 1985 καὶ
3815 1933 3873 1985 διὰ

2359 2032 2459 2102 τὴν
2492 2031 2739 2085 σύνοικον
2771 2030 3047 2101 ἁμαρτίαν
3089 2030 3147 2081 ὲν
3190 2029 3487 2091 σκοτεινοῖς
3538 2027 3634 2080 καὶ
3683 2026 3872 2094 φοϐεροῖς

2359 2124 2546 2187 τόποις
2568 2122 2922 2194 κρύπτουσιν.
2951 2120 3080 2176 Ἐὰν
3102 2116 3196 2174 οὖν
3220 2120 3630 2188 ἀσφαλίσωνται
3668 2118 3870 2179 ἑαυτοὺς,

2362 2213 2458 2267 καὶ
2496 2214 2779 2284 τηρήσωσι
2828 2211 2890 2265 τὸ
2917 2210 3163 2280 σπέρμα,
3209 2204 3354 2264 οὗτοι
3404 2208 3483 2277 τῷ
3538 2207 3705 2260 δέοντι
3748 2207 3873 2275 καιρῷ

2363 2300 2774 2370 ἀναγεννῶντες
2810 2302 2890 2363 είς
2923 2299 2983 2352 τὸ
3015 2299 3271 2370 φανερὸν,
3312 2299 3407 2351 καὶ
3433 2296 3625 2351 λοιπὸν
3647 2298 3701 2349 ἐν
3723 2299 3777 2365 τῇ
3799 2297 3875 2348 δσ-

2364 2391 2514 2445 λύσει
2535 2391 2628 2445 τοῦ
2653 2390 2901 2461 σώματος
2921 2392 2968 2445 οἱ
2987 2391 3207 2459 ἄγγελοι
3234 2392 3329 2443 καὶ
3353 2390 3553 2451 πάντες
3577 2390 3624 2441 οἱ
3652 2388 3748 2441 ἄνω
3772 2387 3876 2455 1951.1

2367 2483 2570 2553 ίλαροῖς
2621 2481 2935 2551 προσώποις
2985 2481 3375 2553 προσδέχονται
3436 2480 3659 2541 αὐτούς,
3703 2478 3806 2530 Ἐὰν
3838 2477 3874 2527 δὲ

2367 2574 2765 2645 ὑποδεξάμενος
2786 2574 2853 2628 τά
2870 2574 3011 2628 ὅπλα
3030 2574 3125 2627 τοῦ
3151 2574 3389 2644 Χριστοῦ
3425 2576 3509 2636 εἰς
3535 2572 3597 2625 τὸ
3636 2569 3875 2639 πολεμῆσαι

2367 2665 2629 2734 ἀνδρείως
2662 2664 2915 2735 χαυνωθῇ
2939 2703 2954 2728 ,
3005 2664 3208 2726 εὐθέως
3255 2665 3284 2716 ό
3313 2661 3559 2724 τοιοῦτος
3592 2659 3877 2729 παραδίδοτιι

2368 2756 2481 2817 τοῖς
2509 2754 2748 2824 ἐχθροῖς,
2784 2753 2879 2806 καὶ
2916 2755 2975 2807 ὲν
3013 2755 3079 2824 τῇ
3134 2753 3377 2806 διαλύσει
3422 2751 3522 2805 τοῦ
3561 2751 3787 2820 σώματος
3807 2746 3879 2803 ἀπὺ

2371 2847 2596 2909 σκότους
2633 2845 2727 2897 τοῦ
2768 2844 2865 2899 νῦν
2921 2845 3269 2914 περιέχοντος
3306 2845 3472 2898 αὐτὸν
3522 2846 3603 2909 είς
3636 2843 3880 2915 6.11.0111:-

2370 2935 2518 2991 πώτε
2529 2954 2619 3007 ρον
2649 2937 2840 3000 σκότος
2862 2939 3031 3007 χωρεῖ
3056 2936 3148 2989 καὶ
3172 2936 3472 2991 ἀπώλειαν.

2444 3028 2537 3095 ς’.
2562 3028 2774 3098 Ὥσπερ
2795 3027 2851 3080 δὲ
2882 3028 2974 3081 ἐὰν
3064 3028 3389 3096 παράδεισος
3419 3027 3564 3096 ἔχων
3592 3026 3762 3096 δένδρα
3786 3045 3882 3095 κιρ-

2373 3120 2605 3190 ποφόρα,
2664 3120 2758 3172 καὶ
2804 3119 2938 3174 ἀλλα
2996 3119 3136 3188 φυτά
3165 3118 3358 3187 εὐώδη,
3396 3119 3495 3172 καὶ
3520 3118 3656 3179 ὅλως

692 3226 795 3279 per
838 3209 1022 3263 omnia
1070 3209 1212 3263 bene
1266 3209 1518 3264 excultus
1564 3215 1621 3265 et
1662 3216 1982 3271 exornatus,
2029 3208 2272 3263 munitus

2341 3289 2342 3292 η
2375 3211 2735 3284 εἰργασμένος
2773 3213 2867 3266 καὶ⁵
2911 3211 3409 3281 πεφιλοκαλημένος
3432 3251 3447 3274 ,
3512 3211 3612 3282 ἔχῃ
3639 3210 3692 3263 δὲ
3718 3211 3793 3263 καὶ
3821 3228 3881 3279 μι-

650 3330 653 3333 »
694 3315 915 3369 quoque
952 3315 1052 3369 pro
1082 3300 1247 3364 vallo,
1268 3299 1465 3370 exiguo
1495 3301 1704 3369 pariete
1725 3309 2086 3355 conservante
2107 3316 2265 3367 eum;

697 3393 983 3461 contingat
1018 3406 1150 3445 vero
1183 3389 1410 3445 fluvium
1448 3391 1697 3461 rapidum
1730 3391 1841 3446 illic
1870 3401 2269 3455 transcurrere,

698 3483 830 3537 licet
855 3482 1128 3536 modicum
1166 3498 1318 3551 aqua:
1353 3482 1542 3537 allidat
1572 3483 1791 3551 parieti,
1820 3484 2125 3552 corrumpit
2149 3483 2275 3536 fun-

700 3575 1040 3639 damentum,
1088 3582 1414 3644 sumptaque
1470 3575 1765 3630 eductione
1841 3576 2104 3645 paulatim
2156 3574 2273 3630 dis-

700 3668 898 3733 solvit,
958 3676 1121 3736 atque
1181 3668 1401 3723 irruens
1457 3668 1699 3740 affringit
1743 3677 1800 3724 et
1845 3669 2112 3739 exstirpat
2155 3684 2275 3724 om—

699 3770 800 3810 nes
847 3756 1077 3825 plantas,
1103 3764 1159 3809 et
1190 3756 1502 3810 universam
1547 3759 1816 3811 culturam
1844 3757 2009 3820 delet,
2059 3766 2116 3813 et
2163 3765 2275 3811 ste-

698 3846 858 3899 rilem
886 3844 1067 3898 reddit
1090 3862 1103 3896 :
1125 3844 1205 3898 sic
1226 3860 1444 3913 quoque
1466 3859 1523 3898 se
1547 3845 1712 3900 habet
1733 3861 1829 3900 cor
1851 3846 2092 3901 hominis
2114 3864 2127 3899 :
2150 3861 2276 3916 pos-

700 3934 845 3988 sidet
896 3934 1255 4004 cogitationes
1300 3934 1597 3998 honestas;
1649 3938 2092 4005 appr0pinquant
2144 3954 2276 3993 vero

701 4021 855 4076 cordi
888 4033 1156 4091 perpetuo
1210 4030 1267 4075 et
1320 4022 1472 4076 ﬂuvii
1528 4025 1810 4090 vitiorum,
1843 4027 2093 4081 volentes
2140 4027 2275 4081 illud

700 4111 961 4181 dejicere,
999 4122 1162 4182 atque
1191 4113 1245 4167 in
1281 4128 1434 4168 suam
1476 4125 1686 4184 partem
1720 4118 2059 4185 protrahere.
2088 4119 2277 4187 Itaque

702 4204 749 4257 si
783 4205 943 4273 139
972 4206 1189 4259 animus
1220 4206 1502 4274 paululum
1544 4209 1681 4262 levis
1710 4208 1904 4274 factus,
1935 4210 2191 4264 illabatur
2220 4210 2277 4265 in

704 4294 948 4363 impuras
1003 4295 1397 4364 cogitationes,
1452 4313 1579 4352 ecce
1638 4309 1969 4369 acceperunt
2016 4301 2276 4370 pabulum

704 4385 933 4454 spiritus
965 4386 1191 4450 erroris,
1221 4397 1276 4440 et
1305 4387 1535 4457 ingressi
1568 4400 1887 4445 everterunt
1932 4392 2079 4447 illius
2112 4408 2276 4448 orna-

705 4484 909 4540 menta,
939 4478 1332 4547 exstinctisque
1377 4478 1537 4535 bonis
1584 4482 2010 4551 cogitationibus
2037 4484 2275 4539 animam

662 4600 665 4601 ν
705 4569 1080 4623 devastarunt.

781 4660 890 4713 Vll.
913 4660 1383 4725 Quemadmodum
1416 4678 1552 4718 vero
1590 4665 1783 4719 oculus
1833 4667 2077 4722 omnium
2109 4683 2283 4723 mem-

706 4752 935 4805 brorum
967 4759 1051 4806 est
1080 4753 1364 4817 minimus,
1396 4764 1453 4808 et
1497 4756 1612 4824 ipsa
1645 4758 1871 4827 pupilla,
1915 4776 2035 4828 qua:
2065 4768 2147 4815 est
2171 4762 2286 4815 exi-

705 4859 830 4912 gua,
868 4850 953 4897 est
1000 4860 1095 4899 vas
1126 4845 1318 4915 ingens
1356 4864 1370 4901 :
1419 4847 1666 4903 intuetur
1691 4850 1837 4903 enim
1871 4867 1981 4905 uno
2008 4861 2286 4907 momento

708 4934 933 4999 caelum,
964 4943 1131 5000 astra,
1163 4936 1360 5003 solem,
1402 4938 1611 5006 lunam,
1656 4940 1844 5003 urbes,
1875 4953 1931 4997 et
1958 4943 2093 4998 alias
2129 4957 2284 4997 crea-

707 5034 898 5080 turas:
936 5026 1129 5081 eodem
1181 5044 1401 5098 quoque
1454 5031 1638 5095 modo,
1696 5048 1817 5100 quae
1870 5035 2289 5102 conspiciuntur

705 5132 821 5171 uno
851 5118 1157 5187 eodemque
1185 5132 1486 5187 momento,
1515 5122 1571 5175 in
1603 5123 1692 5176 illa
1722 5139 1885 5191 parva
1913 5124 2119 5193 pupilla
2142 5125 2285 5179 oculi

706 5206 1020 5262 formantur
1045 5220 1100 5263 et
1128 5209 1463 5280 eﬂinguntur
1487 5229 1499 5264 :
1520 5211 1599 5266 sic
1620 5228 1836 5281 quoque
1864 5229 1921 5268 se
1944 5229 2098 5269 mens
2124 5215 2291 5269 habet

709 5299 765 5353 in
797 5301 998 5356 corde:
1035 5303 1325 5372 ipsumque
1350 5320 1448 5358 eor
1475 5315 1561 5359 est
1580 5320 1675 5358 vas
1702 5307 1977 5374 quoddam
2007 5307 2285 5378 exiguum,

709 5392 900 5463 ibique
930 5405 1059 5450 sunt
1093 5396 1383 5462 dracones,
1410 5398 1483 5451 ibi
1524 5399 1731 5463 leones,
1765 5399 1839 5452 ibi
1873 5416 2160 5456 venenosa:
2188 5401 2287 5456 be-

709 5486 847 5549 ειίω,
874 5488 949 5541 ibi
984 5491 1167 5543 cuncti
1196 5490 1457 5544 vitiorum
1487 5492 1727 5545 thesauri
1755 5492 1863 5546 :ibi
1894 5508 2113 5563 quoque
2133 5508 2289 5562 aspe-

710 5592 786 5631 rae
809 5587 865 5633 et
894 5581 1187 5635 salebrosae
1217 5583 1339 5643 vim,
1372 5583 1446 5636 ibi
1482 5584 1817 5653 praecipitia:
1868 5584 2056 5637 itidem
2111 5599 2142 5638 e
2199 5583 2286 5637 di-

708 5680 893 5731 verso,
940 5668 1013 5721 ibi
1051 5680 1135 5722 est
1167 5672 1332 5737 Deus,
1383 5673 1457 5726 ibi
1502 5689 1719 5742 quoque
1754 5673 1952 5743 angeli,
1988 5672 2061 5727 ibi
2092 5674 2201 5727 vita
2233 5682 2288 5726 et

710 5769 965 5825 regnum,
994 5759 1070 5813 ibi
1102 5761 1284 5815 lumen
1315 5774 1368 5817 et
1395 5765 1648 5832 apostoli,
1684 5764 1755 5817 ibi
1792 5764 2033 5819 thesauri
2058 5765 2283 5835 gratiae:

712 5844 792 5903 ibi
822 5860 949 5903 sunt
998 5852 1696 5919 munia.Quemadmodum
1751 5856 1896 5910 enim
1945 5867 2029 5912 est
2083 5856 2284 5911 nebula
2342 5852 2345 5855 ’

2375 3303 2507 3374 κρὸν
2551 3304 2730 3372 τεῖχος
2774 3303 2894 3356 ἀντὶ
2944 3301 3193 3373 θριγγίου
3230 3302 3505 3371 φυλάσσου
3531 3302 3724 3354 αὐτόν·
3752 3300 3882 3369 συμῆ

2374 3393 2429 3447 δὲ
2458 3395 2575 3446 ἐκεῖ
2606 3393 2851 3462 ποταμὸν
2883 3392 3204 3463 δρμητιαῖον
3253 3392 3593 3462 διέρχεσθαι,
3648 3395 3694 3446 εί
3726 3394 3803 3445 καὶ
3826 3411 3884 3459 ξιι-

2374 3486 2506 3555 κρδν
2533 3485 2629 3539 τοῦ
2663 3485 2855 3550 ὕδατος
2891 3484 3259 3557 προσκρούσει
3286 3483 3364 3555 τῷ
3393 3486 3568 3556 τοίχῳ
3589 3526 3604 3549 ,
3634 3486 3883 3555 ὁποφθείρει

2373 3576 2466 3630 τὸν
2494 3576 2768 3647 θεμέλιον,
2811 3576 3081 3646 λαμϐάνει
3148 3576 3393 3646 ἀγωγὴν,
3439 3578 3541 3630 καὶ
3571 3578 3703 3630 κατὰ
3745 3578 3885 3645 pugni:

2374 3666 2491 3720 λύει
2515 3668 2607 3721 τὸν
2633 3666 2904 3736 θεμέλιον,
2927 3666 3021 3721 καὶ
3047 3665 3305 3720 είσελθὼν
3335 3666 3656 3739 διαρῤήσσει
3683 3668 3762 3719 καὶ
3779 3668 3886 3734 ἰκρι-

2377 3757 2460 3822 ξοῖ
2491 3757 2668 3811 πάντα
2684 3757 2755 3811 τά
2784 3757 2945 3826 φυτά,
2979 3757 3072 3811 καὶ
3100 3757 3228 3829 ὅλην
3264 3758 3362 3828 τὴν
3388 3759 3655 3828 ἐργασίαν
3678 3758 3883 3825 ἀφανίζει,

2376 3848 2470 3900 καὶ
2502 3848 2752 3919 ἄκαρπον
2803 3849 2950 3900 ποιεῖ
2976 3862 2990 3876 ·
3024 3846 3202 3910 οῦτως
3255 3848 3373 3900 ἐστὶ
3407 3848 3505 3901 καῖ
3535 3850 3569 3919 ή
3624 3847 3792 3917 καρδία
3823 3844 3883 3895 τοὶ
3960 3858 3961 3871 π

2376 3937 2850 4010 ἀνθρώπου.¹Ἐχει
2870 3941 2996 4002 τοὺς
3025 3939 3320 4009 λογισμοὺς
3337 3940 3460 4003 τοὺς
3479 3939 3693 4007 καλοὺς,
3717 3938 3883 4005 πλησιά-

2377 4030 2532 4093 ζουσι
2561 4030 2618 4083 δὲ
2647 4031 2877 4084 πάντοτε
2909 4030 3001 4083 καὶ
3021 4030 3072 4082 oi
3098 4030 3333 4099 ποταμοὶ
3353 4031 3452 4100 τῆς
3480 4031 3676 4092 κακίας
3706 4032 3761 4098 τῇ
3790 4044 3883 4089 κιρ-

2375 4120 2484 4192 δίᾳ,
2513 4120 2761 4185 θέλοντες
2791 4121 2962 4192 αὐτὴν
2990 4120 3316 4175 καταϐαλεῖν
3338 4123 3431 4174 καὶ
3458 4122 3620 4192 ῥίψαι
3648 4123 3716 4185 είς
3734 4120 3782 4172 τὸ
3798 4120 3883 4171 ἴδω

2381 4210 2567 4280 μέρος,
2616 4212 2798 4265 λοιπὸν
2828 4208 2983 4286 ὲάνῇ
3018 4212 3213 4282 μικρὸν
3245 4211 3443 4282 κοῦφος
3482 4214 3513 4264 ό
3549 4214 3687 4277 νοῦς,
3719 4212 3881 4279 milita

2376 4303 2491 4363 τοῖς
2525 4301 2857 4372 ἀκαθάρτοις
2903 4302 3183 4372 λογισμοῖς
3209 4345 3223 4368 ,
3278 4303 3387 4356 ίδοὺ
3437 4302 3635 4358 ἔλαϐον
3680 4304 3815 4373 νομὴν
3840 4319 3882 4352 τι

2380 4390 2664 4461 πνεύματα
2680 4392 2778 4461 τῆς
2801 4392 3030 4461 πλάνης,
3060 4394 3154 4446 καὶ
3186 4392 3436 4461 εἰσῆλθον
3465 4396 3566 4447 καὶ
3583 4394 3881 4462 κατέστρεψαν

2378 4480 2448 4533 τά
2485 4483 2601 4534 ἐκεῖ
2634 4483 2829 4553 κάλλη,
2877 4486 3148 4552 ἠφάνισαν
3178 4485 3305 4546 τοὺς
3351 4484 3597 4552 ἀγαθοὺς
3641 4484 3880 4554 λογισμοὺς,

2306 4580 2352 4634 D
2379 4570 2473 4623 καὶ
2495 4571 2602 4641 ὴρή
2613 4589 2802 4640 μωσαν
2820 4571 2919 4643 τὴν
2942 4572 3140 4643 ψυχήνο

2456 4664 2531 4716 Z'.
2566 4662 2774 4734 Ὥσπερ
2802 4664 2951 4716 ἐστὶν
2982 4666 3009 4717 ό
3048 4663 3323 4733 ὀφθαλμὸς
3354 4665 3554 4735 μικρὸς
3596 4665 3716 4736 παρ’
3740 4663 3813 4717 ὅλα
3836 4662 3879 4711 τὰ

2388 4753 2547 4823 μέλη,
2594 4756 2691 4808 καὶ
2737 4754 2875 4824 αὐτὴ
2915 4755 2948 4824 ἡ
3002 4755 3138 4825 κόρη
3202 4757 3375 4826 μικρά
3431 4754 3593 4821 οῦσα,
3651 4756 3773 4825 μέγα
3805 4756 3877 4804 ἐπὶ

2388 4843 2583 4904 σκεῦος
2612 4859 2627 4874 ο
2659 4843 2844 4914 βλέπει
2864 4843 2973 4914 γὰρ
3002 4843 3093 4911 ὑφ’
3124 4844 3203 4905 ἓν,
3239 4845 3488 4915 οὐρανὸν,
3524 4847 3737 4917 ἀστέρα,
3761 4844 3877 4913 ἥλιε-θ,

2389 4936 2638 5005 σελήνην,
2697 4936 2881 4999 πόλεις
2938 4938 3034 4990 καὶ
3082 4937 3217 4991 ἄλλα
3268 4939 3578 5009 κτίσματα·
3618 4941 3793 5008 ὁμοίως
3821 4936 3879 4985 zz“.

2388 5028 2527 5081 αύτά
2572 5029 2643 5082 τά
2670 5027 2926 5098 ὁρώμενα
2954 5029 3060 5081 ὑπὸ
3113 5030 3175 5082 τὸ
3221 5029 3300 5091 ἒν,
3337 5032 3404 5099 τῇ
3464 5032 3640 5101 μικρᾷ
3674 5031 3788 5099 κόρη
3821 5024 3879 5076 τοῦ

2387 5120 2667 5191 ὀφθαλμοῦ
2692 5121 3074 5191 ὲμμορφοῦται
3098 5122 3193 5175 καὶ
3212 5123 3620 5187 ένεικονίζεται·
3641 5122 3789 5180 οὕτως
3807 5122 3880 5169 ἐπὶ

2389 5212 2484 5264 καὶ
2498 5212 2527 5264 ὁ
2554 5210 2676 5273 νοῦς
2692 5213 2771 5275 είς
2788 5211 2885 5281 τὴν
2904 5211 3153 5281 καρδίαν.
3180 5212 3290 5266 Καὶ
3308 5212 3492 5283 αὐτὴὴ
3527 5213 3726 5283 καρδία,
3744 5210 3880 5277 μηρί’

2388 5320 2440 5356 τι
2456 5302 2646 5365 σκεῦός
2664 5304 2797 5363 ἐστι,
2826 5304 2923 5355 καὶ
2945 5305 3064 5357 ἐκεῖ
3080 5304 3129 5355 οί
3149 5303 3467 5373 δράκοντες,
3487 5306 3580 5356 καὶ
3602 5304 3710 5356 ἐκεῖ
3724 5304 3764 5353 οἱ
3781 5301 3881 5349 is»

2388 5412 2498 5458 τες,
2524 5395 2642 5447 ἐκεῖ
2654 5394 2720 5446 τὰ
2739 5394 2919 5448 ίοϐόλα
2942 5393 3125 5465 θηρία,
3149 5396 3243 5447 καὶ
3257 5395 3370 5447 ὅλοι
3393 5397 3442 5447 οἰ
3464 5393 3718 5463 θησαυροὶ
3730 5394 3804 5458 τῆς
3818 5405 3879 5437 11'

2390 5488 2532 5550 κίαςο
2552 5485 2646 5540 καὶ
2669 5488 2785 5539 ἐκεῖ
2811 5488 2864 5538 αἱ
2887 5488 3139 5557 τραχεῖαι
3169 5488 3266 5539 καὶ
3292 5485 3570 5555 ἀνώμαλοι
3594 5485 3713 5548 ὁδοὶ,
3738 5482 3825 5534 ἐκεῖ
3846 5477 3879 5527 αξ

2391 5582 2671 5650 φάραγγες
2692 5595 2705 5610 ⁸
2735 5580 2934 5649 ὁμοίως
2964 5579 3125 5632 πάλιν
3150 5580 3267 5631 ἐκεῖ
3292 5581 3320 5631 ὁ
3345 5578 3495 5641 Θεὸς,
3521 5580 3637 5630 ἐκεῖ
3661 5578 3742 5626 καὶ
3764 5572 3799 5623 οἱ
3816 5570 3881 5630 ἆτ’

2390 5674 2558 5741 γελοι,
2589 5674 2705 5725 ἐκεῖ
2729 5673 2761 5742 ἡ
2789 5672 2902 5741 ζωὴ
2934 5673 3027 5724 καὶ
3055 5673 3088 5741 ἡ
3123 5670 3388 5739 βασιλεία,
3414 5674 3529 5724 ἐκεῖ
3547 5671 3607 5721 τὸ
3641 5667 3741 5735 φῶς
3761 5664 3828 5714 καὶ
3847 5658 3878 5709 ιξ

2390 5762 2699 5826 ἀπόστολοι,
2737 5763 2852 5816 ἐκεῖ
2903 5765 2953 5815 οἱ
3006 5763 3268 5833 θησαυροὶ
3310 5764 3409 5832 τῆς
3459 5765 3699 5833 χάριτος,
3730 5752 3881 5809 ἑκεῖτὲ

2392 5857 2569 5911 πάντα
2598 5856 2767 5910 ἐστίν.
2796 5855 3009 5926 Ὥσπερ
3038 5856 3146 5926 γάρ
3176 5857 3325 5907 ἐστιν
3354 5855 3546 5926 ὁμίχλη
3596 5854 3669 5914 εἰς
3693 5849 3797 5902 am
3817 5840 3881 5893 ἂν
