4044 6538
216 257 330 326 777

1410 261 1780 325 IIOMILI/E.
1810 287 1877 298 -·
1910 262 2098 324 ΗΟΜ.
2136 264 2357 327 XLIII.

3378 268 3484 333 7‘78

218 366 555 439 οἰκουμένην
577 365 926 442 ἐπικειμένη,
962 370 1059 425 καὶ
1085 369 1370 443 ἄνθρωπος
1396 369 1683 442 ἄνθρωπον
1702 370 1801 439 οὐχ

1926 386 2072 441 ιυρει·
2123 373 2437 429 universam
2492 379 2690 430 terram
2722 381 2966 440 extensa,
3002 380 3059 430 et
3102 372 3267 427 homo
3306 374 3488 429 homi-

217 461 327 532 ὁρᾷ
351 476 367 492 ⁸
407 457 583 525 οὕτως
616 462 735 516 ἐστὶ
785 462 967 516 καὶτὸ
996 462 1201 531 ζσκότος
1243 462 1336 516 τοῦ
1381 462 1575 524 αἰῶνος
1611 461 1803 516 τούτου

220 552 572 624 ἐπικείμενον
605 555 757 627 πάσῃ
782 558 849 627 τῇ
889 556 1068 609 κτίσει
1101 557 1192 610 καὶ
1223 557 1372 627 πάσῃ
1406 556 1566 625 φύσει
1596 553 1808 625 ἀνθρώ-

221 661 330 698 που
366 645 474 699 ἀπὸ
498 645 600 716 τῆς
638 649 1006 718 παραϐάσεως
1035 661 1050 676 ⁸
1098 648 1221 701 ὅθεν
1268 647 1713 718 ὲπισκιαζόμενοι
1743 648 1808 702 ὲκ

220 733 323 787 τοῦ
366 734 560 787 σκότου
606 736 665 789 ὲν
711 736 867 791 νυκτί
921 738 1051 800 είσι,
1085 740 1180 791 καὶ
1217 739 1275 790 ὲν
1327 738 1581 809 φοϐεροῖς
1623 738 1810 801 τόποις

222 818 408 892 ἔχουσι
455 822 558 894 τὴν
609 823 926 897 διαγωγήν*
977 828 1074 881 καὶ
1119 827 1308 900 ὥσπερ
1343 826 1556 883 καπνοῦ
1603 827 1810 897 πλῆθός

223 913 378 969 ἐστιν
406 917 463 968 ὲν
498 917 633 989 οἴκῳ
661 919 762 984 ἑνὶ,
812 917 987 984 οὕτως
1030 921 1147 973 ἐστὶ
1172 922 1266 976 καὶ
1310 923 1344 993 ἠ
1385 910 1627 993 ἁμαρτία
1672 919 1812 991 μετά

224 1006 341 1059 τῶν
385 1008 651 1079 ῥυπαρῶν
695 1009 974 1083 λογισμῶν
1023 1012 1215 1083 αὐτῆς,
1272 1012 1682 1082 ὲγκαθεζομένη
1718 1012 1812 1066 κα)⁸

226 1097 549 1171 ὲφέρπουσα
597 1100 679 1163 είς
723 1101 852 1164 τοὺς
903 1101 1197 1174 λογισμοὺς
1246 1104 1346 1173 τῆς
1403 1100 1658 1174 καρδίας,
1718 1102 1812 1155 καὶ

224 1189 460 1262 ἄπειρον
489 1191 692 1263 πλῆθος
724 1192 1018 1264 δαιμόνων.

302 1281 603 1353 Η¹.”Ωσπερ
620 1283 678 1336 δὲ
703 1285 762 1337 ὲν
779 1287 889 1349 τοῖς
910 1286 1282 1355 φαινομένοις,
1304 1304 1433 1341 πολε
1442 1306 1545 1358 μου
1578 1304 1814 1357 συγκρο-

1909 477 2035 516 nem
2061 479 2171 519 non
2205 464 2387 530 videt;
2422 464 2502 520 sic
2535 481 2752 536 quoque
2816 474 2945 521 sunt
3001 465 3242 521 tenebrat
3299 464 3485 519 saeculi

1909 552 2074 622 hujus
2113 569 2367 624 expansa:
2399 570 2566 625 super
2596 571 2815 610 omnem
2843 563 3149 610 creaturam
3179 565 3235 609 et
3264 553 3483 607 univer-

1909 658 2024 697 sam
2063 652 2317 698 naturam
2336 644 2634 703 humanam
2660 661 2690 699 a
2717 654 2964 716 tempore
2993 644 3482 715 transgressionis;

1910 732 2057 788 unde
2093 732 2338 787 tenebris
2365 733 2529 789 oﬁ‘usi
2574 744 2702 790 sunt
2743 735 2799 790 in
2829 744 3014 801 nocte,
3054 735 3191 791 etin
3230 716 3503 788 formida:

1910 824 2118 881 bilibus
2144 826 2280 881 locis
2301 826 2469 882 vitam
2498 837 2685 899 agunt.
2710 828 2778 883 Et
2810 827 3271 899 quemadmodum
3293 842 3490 897 magna

1912 915 2048 973 fumi
2089 916 2245 986 copia
2267 927 2352 973 est
2379 919 2435 973 in
2468 918 2633 974 domo
2667 920 2964 988 quapiam;
3000 920 3081 974 sic
3108 934 3328 990 quoque
3362 932 3493 987 pec-

1913 1016 2097 1063 catum
2130 1023 2254 1062 cum
2283 1009 2539 1064 obscenis
2585 1010 3011 1082 COgitatiouibus
3051 1010 3168 1065 suis
3200 1008 3402 1064 insidet
3437 1015 3493 1061 et

1914 1099 2087 1170 serpit
2117 1099 2172 1153 in
2208 1099 2568 1170 cogitationes
2611 1102 2816 1169 cordis,
2849 1113 2905 1158 et
2948 1101 3161 1159 inﬁnita
3195 1097 3492 1155 multitudo

1914 1192 2247 1248 daemonum.

1987 1282 2124 1338 VIII.
2156 1282 2312 1337 Sicut
2360 1298 2491 1337 vero
2546 1283 2603 1338 in
2652 1283 2821 1339 rebus
2857 1284 3144 1339 oculorum
3186 1287 3324 1343 aciei
3358 1287 3493 1341 sub—

226 1373 521 1442 τουμὲνου.
553 1374 654 1428 οὐκ
698 1375 1028 1447 ἀπέρχονται
1055 1379 1104 1431 οί
1142 1380 1298 1449 σοφοὶ
1352 1379 1446 1434 καὶ
1490 1381 1816 1451 μεγιστᾶνες

1926 1375 2092 1443 iectis,
2120 1375 2265 1429 bello
2306 1374 2535 1441 indicto,
2580 1392 2691 1430 non
2741 1375 3168 1446 proﬁciscuntur
3219 1378 3496 1447 sapientes

226 1462 371 1529 ἐκεῖ,
430 1464 565 1518 ἀλλά
618 1464 942 1535 φοϐούμενοι
1000 1467 1091 1521 τὸν
1143 1468 1371 1523 θάνατον
1435 1471 1772 1541 ἀπομένουσι
1800 1484 1815 1500 ο

225 1552 419 1607 λοιπὸν
467 1556 863 1625 προϐάλλονται
928 1560 978 1612 oi
1025 1559 1277 1631 τίρωνες,
1318 1562 1413 1614 καλ⁸
1446 1561 1496 1615 oi
1559 1561 1811 1631 πένητες,

228 1649 331 1701 καὶ
355 1650 404 1701 oi
434 1648 663 1716 ἰδιῶται,
704 1651 797 1704 καὶ
837 1652 1128 1723 συμϐαίνει
1157 1654 1242 1708 ὅτι
1293 1653 1452 1724 νίκην
1485 1653 1811 1725 ἐργάζονται

1916 1474 2013 1519 aut
2060 1472 2343 1536 magnates
2383 1480 2472 1529 eo,
2514 1465 2633 1529 sed,
2671 1474 2901 1520 mortem
2933 1467 3321 1533 formidantes,
3347 1468 3497 1525 domi

1918 1564 2248 1624 remanent;
2290 1572 2422 1627 ergo
2458 1557 2814 1627 proferuntur
2862 1559 3091 1624 tirones,
3124 1577 3394 1631 pauperes
3442 1569 3500 1617 et

1920 1644 2105 1700 idiota:
2130 1688 2143 1711 ,
2184 1654 2241 1701 et
2287 1646 2510 1709 accidit,
2544 1655 2603 1700 ut
2633 1648 2863 1703 victoria
2894 1660 3203 1720 comparata
3233 1650 3500 1705 adversus

227 1742 379 1793 κατά
423 1740 532 1794 τῶν
566 1738 867 1812 πολεμίων,
913 1746 1009 1798 καὶ
1050 1746 1341 1802 διώκουσιν
1370 1746 1568 1810 αὐτοὺς
1602 1748 1665 1799 ἐκ
1708 1746 1815 1799 τῶν

1926 1736 2124 1801 hostes,
2157 1745 2565 1807 persequantur
2583 1754 2679 1794 eos
2701 1747 2854 1795 extra
2889 1742 3093 1796 limites
3121 1758 3316 1810 usque,
3335 1751 3502 1813 atque

230 1831 427 1900 ὁρίων,
460 1834 554 1885 καὶ
586 1833 655 1887 τά
697 1833 943 1888 ἐπινίκια
972 1835 1069 1889 καὶ
1120 1836 1246 1900 τοὺς
1283 1835 1580 1906 στεφάνους
1612 1835 1819 1905 λαμϐά-

224 1941 417 1977 νουσιν
444 1926 551 1978 ἀπὸ
579 1925 672 1979 τοῦ
698 1926 982 1997 βασιλέως,
1030 1930 1121 1983 καὶ⁸
1150 1929 1402 2001 ἔρχονται
1429 1930 1508 1993 είς
1532 1929 1819 1999 προκοπὰς

224 2017 333 2071 καὶ
378 2018 687 2090 ἀξιώματα,
736 2022 984 2075 κάκεῖνοι
1031 2025 1080 2077 οἱ
1114 2023 1340 2093 μεγάλοι
1379 2024 1558 2078 ὀπίσω
1604 2022 1813 2077 τούτων

227 2109 602 2181 εὑρίσκονται⁹
620 2111 794 2176 οὕτως
817 2114 1045 2169 ἐστικαὶ
1063 2116 1123 2169 τὸ
1143 2116 1307 2187 μέρος
1331 2115 1393 2170 τὸ
1422 2114 1813 2185 πνευματικόν.

228 2203 299 2254 Oi
330 2202 534 2256 ἰδιῶται
558 2204 849 2270 ἀκούοντες
886 2206 945 2272 ἐξ
980 2208 1154 2279 ἀρχῆς
1177 2207 1269 2261 τὸν
1308 2208 1487 2277 λόγον,
1531 2205 1819 2277 φιλαλήθει

224 2291 485 2365 λογισμῷ
528 2296 589 2349 τδ
619 2296 782 2369 ἔργον
837 2297 1003 2355 αὐτοῦ
1059 2298 1296 2365 ποιοῦσι,
1344 2300 1440 2353 καὶ
1472 2298 1814 2367 λαμϐάνουσι

226 2384 391 2455 παρά
415 2382 550 2439 Θεοῦ
597 2385 698 2457 τὴν
747 2387 909 2463 χάριν
944 2387 1039 2442 τοῦ
1087 2388 1415 2459 Πνεύματος
1442 2404 1456 2418 ·
1496 2388 1549 2441 ot
1578 2387 1634 2439 δὲ
1662 2386 1820 2457 σοφοὶ

227 2474 336 2527 καὶ
364 2473 577 2539 λεπτῶς
610 2475 902 2543 ζητοῦντες
925 2477 1015 2530 τὸν
1040 2476 1219 2547 λόγον,
1254 2471 1401 2531 οὗτοι
1435 2476 1695 2546 φεύγουσι
1726 2475 1819 2528 τὸν

228 2563 500 2633 πόλεμον,
536 2564 631 2618 καὶ
669 2565 730 2617 ού
770 2567 1169 2638 προκόπτουσι,
1212 2568 1306 2621 καλ⁸
1337 2568 1514 2621 ὀπίσω
1543 2564 1823 2637 εὑρίσκον-

226 2671 332 2711 ται
360 2654 471 2707 τῶν
500 2655 927 2726 πολεμησάντων
958 2658 1053 2711 καὶ
1081 2656 1448 2729 νικησάντων.

311 2747 391 2802 Θ¹.
436 2747 646 2819 Ὠσπερ
669 2748 727 2801 δὲ
754 2749 802 2802 οἱ
838 2748 1031 2820 ἄνεμοι
1071 2750 1318 2821 σφοδρῶς
1351 2751 1604 2815 πνέοντες
1644 2753 1823 2807 πάντα

228 2838 311 2891 τὰ
340 2838 614 2907 κτίσματα
647 2839 717 2892 τὰ
751 2840 856 2893 ὑπὸ
884 2840 993 2894 τῶν
1031 2840 1281 2914 οὐρανῶν
1314 2842 1549 2909 κινοῦσι,
1571 2844 1663 2897 καὶ
1685 2839 1820 2914 ἦχον

231 2925 415 2980 πολὺν
463 2927 859 2983 ἀποτελοῦσιν’
912 2927 1087 2993 οὕτως
1130 2934 1164 3001 ἡ
1210 2929 1438 3003 δύναμις
1491 2933 1586 2985 τοῦ
1625 2933 1823 3003 ἐχθροῦ

1917 1829 2162 1885 victoriae
2217 1830 2459 1901 praemiis
2509 1845 2575 1886 ac
2637 1833 2856 1887 coronis
2890 1850 2919 1887 a
2952 1849 3080 1904 rege
3130 1838 3390 1904 acceptis,
3432 1835 3503 1889 ad

1919 1922 2217 1993 dignitates
2246 1930 2302 1977 et
2332 1922 2607 1979 honorum
2652 1925 2857 1995 gradus
2905 1933 3372 1995 promoveantur;
3421 1926 3502 1980 illi

1916 2002 2053 2067 vero
2082 2012 2262 2083 magni
2295 2013 2457 2083 longe
2494 2015 2563 2068 ab
2593 2015 2791 2069 horum
2825 2024 2977 2086 tergo
3005 2015 3391 2085 reperiuntur:
3422 2016 3504 2071 sic

1920 2118 2140 2175 quoque
2170 2118 2229 2159 se
2272 2118 2362 2159 res
2406 2103 2575 2159 habet
2601 2106 2925 2175 spiritualis.
2950 2106 3138 2161 Rudes
3165 2120 3229 2161 ac
3276 2106 3502 2175 plebeii,

1920 2198 2209 2255 audientes
2226 2199 2383 2253 initio
2404 2201 2632 2255 verbum
2648 2200 2919 2264 veritatis,
2947 2200 3150 2255 amanti
3175 2199 3506 2270 cogitatione

1921 2305 2061 2361 opus
2106 2292 2225 2362 ejus
2276 2291 2590 2361 perﬁciunt,
2621 2298 2677 2345 et
2707 2290 2989 2361 accipiunt
3038 2308 3068 2345 a
3116 2292 3229 2345 Deo
3274 2291 3507 2361 gratiam

1922 2381 2201 2453 Spiritus;
2249 2384 2528 2454 sapientes
2568 2398 2723 2446 vero,
2752 2390 2809 2437 et
2838 2383 2933 2452 qui
2975 2383 3336 2437 subtilitatem
3385 2398 3509 2437 ver-

1921 2474 2122 2529 borum
2144 2474 2455 2544 requirunt,
2476 2473 2535 2527 hi
2559 2472 2778 2543 fugiunt
2798 2471 3025 2536 bellum,
3056 2487 3158 2526 nec
3186 2471 3506 2541 proﬁciunt,
3564 2464 3575 2477 ‘

1922 2566 2019 2624 sed
2045 2566 2386 2639 posteriores
2414 2564 2775 2620 inveniuntur
2820 2563 2888 2618 iis
2931 2563 3028 2633 qui
3063 2562 3210 2617 bello
3239 2572 3393 2634 gesto
3424 2564 3509 2617 vi-

1924 2658 2156 2714 ctoriam
2187 2663 2562 2727 reportarunt.
2886 2658 2889 2661 ’

2000 2746 2094 2802 1X.
2120 2743 2598 2814 Quemadmodum
2614 2757 2747 2799 vero
2770 2742 2921 2797 venti
2942 2740 3300 2795 vehementer
3319 2738 3514 2793 ﬁantes

1924 2853 2120 2894 omnes
2143 2845 2427 2892 creaturas
2480 2850 2603 2905 quae
2637 2840 2766 2889 sunt
2792 2832 2895 2888 sub
2930 2832 3106 2896 caelis,
3138 2838 3510 2891 commovent,

1926 2939 2093 3000 atque
2136 2944 2333 2986 sonum
2365 2926 2643 2997 ingentem
2690 2925 2898 2990 edunt;
2931 2923 3011 2979 sic
3036 2922 3284 2993 potentia
3338 2921 3515 2976 hostis

234 3018 437 3090 κρούει
468 3020 561 3078 καὶ
602 3019 758 3093 φέρει
790 3022 917 3085 τοὺς
964 3022 1284 3093 λογισμοὺς,
1340 3024 1435 3077 καὶ
1486 3025 1700 3079 σαλεύει
1757 3026 1823 3078 τὰ

1927 3023 2130 3094 pulsat,
2156 3020 2265 3077 fert
2292 3019 2678 3091 cogitationes,
2715 3026 2879 3087 atque
2907 3016 3076 3087 agitat
3104 3014 3375 3084 profunda
3399 3029 3519 3068 cor-

238 3111 389 3182 βάθη
426 3113 524 3182 τῆς
561 3112 791 3185 καρδίας
818 3113 956 3184 πρὸς
1008 3114 1069 3168 τὸ
1101 3114 1300 3169 ἑαυτοῦ
1328 3115 1564 3188 θέλημα,
1605 3119 1700 3171 καὶ
1744 3120 1827 3182 είς

236 3206 349 3278 τὴν
400 3207 678 3262 διακονίαν
738 3209 906 3262 αὐτοῦ
964 3208 1253 3281 σκορπίζει
1325 3212 1455 3276 τοὺς
1509 3211 1825 3284 λογισμούς.

238 3296 462 3366 Ὠσπερ
493 3296 630 3349 είσὶν
664 3298 712 3349 ot
743 3296 977 3351 τελῶναι
1019 3298 1379 3370 καθεζόμενοι
1403 3301 1483 3365 είς
1512 3301 1611 3366 τάς
1637 3302 1830 3367 στενὰς

238 3388 426 3452 ὁδοὺς,
457 3387 551 3440 καὶ
583 3388 904 3459 κατέχοντες
933 3390 1059 3455 τοὺς
1111 3392 1413 3462 παριόντας
1444 3393 1539 3447 καὶ
1570 3394 1833 3448 διασείον-

242 3497 347 3542 τες
370 3521 384 3543 ,
419 3479 588 3543 οὕτως
617 3482 710 3533 καὶ
735 3481 784 3533 οἱ
805 3481 1061 3551 δαίμονες
1084 3483 1406 3555 έπιτηροῦσι
1430 3485 1525 3539 καὶ
1541 3486 1832 3555 κατέχουσι

240 3573 353 3635 τὰς
381 3571 582 3643 ψυχὰς,
615 3573 711 3626 καὶ
733 3576 791 3625 ἐν
814 3572 892 3644 τῷ
922 3572 1242 3645 ὲξέρχεσθαι
1274 3576 1445 3641 αὐτὲις
1490 3579 1557 3631 ὲκ
1593 3577 1690 3631 τοῦ
1722 3577 1831 3632 σώ-

248 3681 448 3735 ματος,
482 3664 576 3718 ἐὰν
620 3665 695 3736 μὴ
726 3664 951 3730 τελείως
1002 3665 1428 3738 καθαρισθῶσιν,
1477 3669 1578 3723 οὐκ
1607 3669 1832 3743 επιτρέ-

241 3770 446 3808 πονται
493 3755 735 3810 ἀνελθεῖν
774 3757 854 3820 είς
909 3754 1010 3819 τάς
1066 3756 1237 3826 μονὰς
1272 3756 1369 3812 τοῦ
1416 3759 1671 3832 ούρανοῦ,
1738 3761 1833 3815 καὶ

241 3848 568 3918 ἀπαντῆσαι
606 3848 685 3921 τῷ
714 3848 961 3921 Δεσπότῃ
1011 3849 1225 3904 αὐτῶν·
1269 3852 1677 3922 καταφέρονται
1726 3852 1834 3925 γὰρ

243 3941 363 3994 ὑπὸ
397 3942 509 3995 τῶν
558 3942 760 4012 ἀερίων
818 3942 1111 4013 δαιμόνων.
1151 3944 1214 3996 Ui
1261 3944 1319 3997 δὲ
1374 3945 1715 4015 ὑπάρχοντες
1775 3946 1833 3998 ἐν

248 4036 449 4106 σαρκὶ,
508 4034 588 4088 ἔτι
643 4034 733 4087 διὰ
793 4034 955 4087 πόνου
1017 4034 1111 4087 καὶ
1160 4034 1372 4103 ἀγῶνος
1420 4034 1617 4088 πολλοῦ
1647 4034 1747 4105 τὴν
1778 4033 1838 4100 ἐξ

244 4128 424 4197 ὕψους
454 4128 605 4197 παρὰ
628 4126 834 4198 Κυρίου
867 4127 1161 4198 κτήσονται
1220 4128 1386 4198 χάριν
1407 4143 1422 4159 ο
1454 4127 1658 4199 δηλαδὴ
1689 4120 1837 4181 οὗτοι

246 4221 400 4293 μετά
437 4220 544 4274 τῶν
592 4219 661 4274 δι’
717 4220 974 4290 ἐναρέτου
1018 4220 1496 4290 ἀναπαυσαμένων
1536 4219 1836 4289 πολιτείας,

246 4315 397 4384 πρὸς
425 4314 514 4366 τὸν
539 4312 747 4383 Κύριον
769 4312 1184 4379 ἀπελεύσονται,
1234 4312 1414 4375 καθὼς
1444 4312 1836 4393 ἐπηγγείλατο,

1930 3115 2018 3170 dis
2041 3126 2142 3183 pro
2175 3127 2277 3167 suo
2300 3111 2472 3182 ipsius
2504 3110 2706 3174 lubitu,
2749 3117 2805 3164 et
2841 3108 2896 3162 in
2924 3105 3293 3161 ministerium
3318 3105 3403 3160 sui
3429 3106 3516 3160 di-

1930 3199 2142 3272 spergit
2173 3200 2558 3270 cogitationes.
2598 3198 2753 3253 Sicut
2790 3192 3072 3266 publicani
3119 3195 3311 3249 sedent
3362 3195 3517 3264 juxta

1930 3297 2049 3352 vias
2081 3305 2358 3367 angustas,
2388 3303 2442 3350 et
2466 3294 2710 3349 retinent
2737 3302 2902 3363 atque
2936 3292 3265 3347 concutiunt
3287 3288 3518 3361 praeter;

1932 3398 2129 3445 euntes
2153 3390 2267 3445 :sic
2304 3403 2527 3460 quoque
2555 3387 2833 3443 daemones
2857 3385 3160 3442 observant
3186 3392 3243 3439 et
3261 3382 3520 3437 detinent

1933 3487 2167 3551 animas,
2202 3494 2259 3541 et
2289 3485 2417 3540 dum
2466 3482 2744 3539 decedunt
2780 3497 2860 3537 ea:
2899 3497 2930 3537 e
2966 3496 3221 3552 corpore,
3256 3480 3364 3535 nisi
3391 3495 3521 3548 pcr-

1932 3579 2077 3635 feete
2106 3577 2312 3632 fuerint
2346 3585 2679 3646 expurgatae,
2712 3589 2823 3629 non
2853 3574 3184 3644 permittunt
3207 3573 3290 3627 eis
3322 3587 3518 3627 ascen—

1935 3669 2069 3726 dere
2098 3669 2167 3723 ad
2197 3668 2511 3723 mansiones
2533 3666 2682 3729 caeli,
2707 3673 2765 3719 et
2800 3679 3095 3719 occurrere
3117 3662 3351 3717 Domino
3382 3680 3517 3743 suo;

1935 3771 2262 3821 evertuntur
2312 3763 2460 3816 enim
2510 3760 2579 3815 ab
2624 3758 2794 3814 aeriis
2834 3756 3199 3812 daemonibus.
3252 3754 3356 3821 Qui
3390 3748 3523 3810 vero

1935 3864 2229 3913 versantur
2260 3854 2317 3908 in
2350 3868 2537 3918 carne,
2579 3850 2947 3906 nihilominus
2994 3863 3211 3903 summo
3241 3846 3429 3901 labore
3461 3860 3525 3900 ac

1938 3948 2239 4007 certamine
2271 3961 2566 4015 supernam
2600 3960 2630 3999 a
2659 3942 2892 3998 Domino
2938 3948 3350 4010 consequentur
3403 3955 3525 4010 gra-

1938 4037 2072 4092 tiam
2098 4054 2111 4089 :
2144 4048 2343 4103 nempe
2374 4032 2432 4086 hi
2471 4046 2596 4086 cum
2630 4030 2760 4095 illis,
2787 4030 2880 4100 qui
2911 4043 3011 4098 per
3040 4028 3329 4083 honestam
3363 4027 3525 4095 quie-

1940 4133 2139 4182 verunt
2180 4122 2679 4185 conversationem,
2718 4121 2786 4177 ad
2834 4120 3126 4175 Dominum
3172 4118 3527 4188 proﬁciscen-

1941 4227 2051 4284 tur,
2086 4225 2145 4272 ut
2175 4216 2452 4286 pollicitus
2487 4222 2607 4269 est:
2647 4213 2743 4268 Ubi
2774 4229 2891 4266 sum
2921 4228 3035 4281 ego,
3071 4210 3183 4265 illic
3212 4218 3261 4263 et
3286 4210 3526 4264 minister

1942 4329 2088 4367 meus
2121 4312 2307 4377 erit";
2340 4317 2396 4364 et
2425 4324 2525 4379 per
2553 4307 2771 4362 inﬁnita
2812 4306 3009 4361 saecula
3048 4304 3358 4375 regnabunt
3397 4317 3524 4357 cum

247 4408 446 4463 Ὅπου
462 4406 577 4476 εἶμι
606 4405 741 4476 ἐγὼ,
774 4405 905 4459 ἐκεῖ
920 4406 1017 4460 καί
1050 4410 1083 4460 ό
1103 4404 1382 4472 διάκονος
1411 4408 1444 4460 ό
1467 4392 1613 4476 ἐμὸς
1642 4405 1824 4459 ἔσται

1946 4404 2104 4459 Patre
2134 4410 2190 4457 et
2226 4401 2386 4464 Filio,
2419 4411 2471 4455 et
2503 4398 2712 4469 Spiritu
2746 4406 2961 4463 sancto,
3000 4411 3150 4452 nunc
3192 4404 3248 4451 et
3286 4409 3528 4466 semper,

247 4501 359 4555 καὶ
399 4502 478 4564 εἰς
506 4500 633 4563 τοὺς
682 4500 1024 4570 ἀπεράντους
1078 4501 1284 4564 αἰῶνας
1345 4498 1840 4571 συμϐασιλεύσουσι

244 4593 333 4662 τῷ
365 4592 560 4663 Πατρὶ,
592 4594 685 4644 καὶ
722 4591 854 4663 Υἱῷ,
881 4594 976 4648 καὶ
1001 4592 1142 4664 ἁγίῳ
1170 4592 1469 4663 Πνεύματι,
1497 4589 1593 4645 νῦν
1626 4592 1719 4646 καὶ
1748 4590 1839 4645 ἀεὶ

245 4686 353 4741 καὶ
388 4686 467 4749 εἰς
496 4685 621 4748 τοὺς
651 4684 854 4749 αίῶνας
875 4684 985 4738 τῶν
1019 4684 1251 4739 αἰώνων.
1290 4685 1484 4756 Ἀμήν.

828 4799 1071 4854 ΟΜΙΛΙΑ
1140 4801 1272 4853 MA'.

246 4892 449 4949 Ilo/ar
495 4893 566 4945 ἐν
608 4890 898 4960 ἀνθρώπῳ
942 4890 1276 4958 Χριστιανῷ
1328 4891 1677 4960 μεταϐολὴν
1734 4892 1835 4945 καὶ

322 4962 714 5034 ἀνακαίνισιν
742 4962 1126 5032 ἀπεργάζεται
1161 4967 1193 5017 ό
1240 4965 1515 5030 Χριστὸς,
1549 4966 1583 5017 ό
1616 4962 1690 5016 τὰ
1727 4962 1838 5034 τῆς

324 5034 538 5101 ψυχῆς
572 5033 730 5102 πάθη
756 5034 856 5088 καὶ
884 5034 1114 5100 νόσους
1143 5035 1541 5101 θεραπεύσας.

324 5148 408 5202 A'.
456 5147 515 5202 Ὀ
537 5148 976 5220 προσερχόμενος
1015 5146 1091 5216 τῷ
1115 5146 1256 5218 Θεῷ,
1289 5146 1386 5201 καὶ
1420 5147 1660 5218 Χριστοῦ
1693 5148 1839 5219 πάρ-

252 5241 413 5312 εδρος
472 5242 530 5294 ὲν
601 5239 833 5312 ἀληθεία
867 5239 1012 5293 θέλει
1061 5234 1229 5306 εἶναι,
1289 5239 1487 5294 τούτου
1533 5240 1695 5312 χάριν
1748 5240 1842 5294 τοῦ

254 5330 472 5388 σκοποῦ
510 5331 721 5402 ὀφείλει
752 5330 1156 5403 προσέρχεσθαι
1199 5330 1295 5385 τοῦ
1325 5330 1630 5403 ἀλλαγῆναι
1657 5332 1843 5400 αὐτὸν,

255 5426 359 5482 καὶ
394 5424 804 5496 μεταϐληθῆναι
847 5424 957 5478 ἀπὸ
996 5423 1097 5492 τῆς
1151 5424 1425 5496 προτέρας
1459 5426 1845 5486 καταστάσεως

258 5517 367 5573 καὶ
417 5518 792 5589 ἀναστροφῆς,
831 5518 924 5570 καὶ
973 5516 1136 5572 καλὸν
1170 5517 1265 5572 καὶ
1318 5516 1506 5572 καινὸν
1558 5516 1844 5589 ἄνθρωπον

362 5700 407 5731 ⁷⁵
435 5699 591 5756 Joan.
618 5715 713 5767 xu,
742 5698 829 5755 26.

1940 4504 1997 4551 et
2026 4494 2083 4549 in
2114 4492 2311 4555 saecula
2349 4491 2704 4548 saeculorum.
2728 4489 2925 4555 Amen.

2406 4792 2566 4866 mo
2591 4789 2879 4846 HOMlLlA
2908 4788 3093 4844 XLIV.

1946 4889 2216 4957 Quantam
2252 4887 2307 4940 in
2334 4881 2898 4957 homineLCIiristiano
2924 4879 3271 4957 mutationem
3299 4886 3349 4957 et
3384 4895 3534 4931 rene.

2018 4962 2283 5015 vationem
2322 4956 2485 5026 faciat
2522 4953 2782 5019 Christus,
2808 4951 2898 5021 qui
2925 4950 3121 5004 anima:
3144 4950 3437 5020 aﬂ‘ectiones
3469 4967 3532 5002 ac

2021 5032 2227 5086 morbos
2253 5026 2485 5082 sanavit.

2023 5145 2065 5200 l.
2103 5142 2207 5210 Qui
2257 5139 2470 5196 accedit
2512 5137 2579 5192 ad
2606 5138 2801 5199 Deum,
2837 5144 2893 5190 et
2932 5133 3136 5190 Christi
3172 5149 3413 5188 assessor
3446 5150 3534 5189 rc-

1948 5252 2077 5293 vera
2112 5250 2234 5290 esse
2281 5231 2580 5293 desiderat,
2629 5229 2793 5298 hujus
2844 5226 2997 5296 sc0pi
3043 5225 3215 5296 gratia
3268 5226 3534 5280 accedere

1948 5328 2134 5391 debet,
2159 5334 2221 5380 ut
2245 5328 2599 5378 convertatur
2622 5320 2759 5389 ipse,
2789 5326 2844 5372 et
2873 5323 3271 5371 transmutetur
3299 5331 3329 5369 a
3362 5316 3533 5385 priori

1949 5428 2097 5477 statu
2123 5426 2177 5473 et
2204 5411 2641 5474 conversatione,
2674 5426 2739 5465 ac
2764 5409 2969 5464 bonum
3024 5415 3079 5462 et
3128 5422 3330 5462 novum
3363 5407 3537 5461 homi-

1953 5527 2080 5569 nem
2120 5509 2483 5574 demonstret,
2517 5505 2610 5576 qui
2640 5503 2777 5559 nihil
2808 5501 3013 5558 veteris
3047 5500 3290 5556 hominis
3319 5507 3530 5572 gemet:
