4044 6524
659 252 771 319 779

1906 267 1969 327 s.
2010 264 2331 361 MACABII
2370 267 2694 334 EGYPTII
3766 291 3844 361 τω

656 362 722 419 Si
762 364 882 433 qui:
911 366 1083 434 enim,
1135 367 1336 442 inquit,
1377 372 1433 426 in
1463 368 1694 438 Christo,
1738 389 1871 428 nova
1911 354 2222 430 creatura"

2325 378 2763 455 ,ἀποδειχθῆναι,
2845 388 3014 460 μηδὲν
3069 409 3123 447 τι
3172 391 3267 448 τοῦ
3344 394 3574 453 παλαιοῦ
3624 398 3847 475 ἀνθρώπω

658 455 928 515 Ιῒοωὶιιυε
953 461 1103 517 enim
1137 472 1326 519 noster
1356 464 1518 521 Jesus
1548 465 1803 522 Christus
1831 475 2121 537 propterea
2152 484 2250 525 ve-

658 549 764 616 nit,
789 562 850 606 ut
883 559 1137 607 naturam
1171 563 1542 623 converteret,
1574 568 1815 613 mutaret
1840 568 1897 613 et
1930 574 2245 629 renovaret,

658 654 825 718 atque
854 664 1071 705 rursum
1102 652 1370 708 conderet
1400 655 1636 709 animam
1690 654 1832 712 hanc
1882 672 2133 714 eversam
2164 659 2246 715 af-

660 738 996 798 fectionibus
1044 753 1271 815 prepter
1318 748 1836 816 transgressionem,
1880 752 2247 809 commiscens

658 832 909 887 eamdem
945 849 1070 888 cum
1114 849 1215 889 suo
1252 834 1463 905 Spiritu
1498 837 1709 893 divino.
1737 839 1946 895 Novam
1980 853 2243 913 mentem,

661 937 861 977 novam
891 925 1155 990 animam,
1181 940 1356 981 novos
1390 928 1602 994 oculos,
1636 945 1806 986 novas
1834 946 2019 999 aures,
2047 950 2246 991 novam

657 1018 902 1089 linguam
960 1019 1331 1089 spiritualem,
1361 1031 1419 1079 et
1458 1033 1521 1080 ut
1565 1027 1792 1083 omnino
1836 1029 2037 1099 dicam,
2071 1048 2245 1088 novos

659 1110 911 1165 homines
946 1110 1242 1169 credentes
1277 1114 1417 1168 eiut
1444 1114 1709 1185 eflicerct,
1738 1121 1911 1187 venit,
1945 1138 2041 1177 seu
2073 1139 2245 1179 novos

659 1210 832 1265 utres,
877 1217 1091 1272 ungens
1128 1218 1226 1258 eos
1269 1220 1370 1260 suo
1415 1206 1591 1277 ipsius
1633 1211 1842 1268 lumine
1889 1215 2241 1285 cognitionis,

658 1300 721 1344 ut
770 1290 1085 1347 infundcrct
1131 1294 1322 1351 vinum
1373 1313 1614 1367 novum,
1672 1303 1820 1371 quod
1864 1314 1949 1360 est
2005 1306 2246 1377 Spiritus

657 1383 796 1451 ejus.
825 1384 1014 1439 Vinum
1038 1386 1209 1452 enim,
1235 1388 1331 1455 ait,
1366 1406 1556 1445 novum
1582 1395 1636 1446 in
1674 1403 1816 1449 utres
1851 1413 2004 1451 novos
2034 1400 2242 1454 mitten-

658 1471 784 1525 dum
802 1473 867 1528 ".

727 1754 792 1808 ll.
829 1755 1319 1831 Quemadmodum,
1343 1763 1493 1819 enim
1527 1766 1702 1823 hostis
1734 1781 1930 1826 nactus
1963 1773 2242 1829 hominem

658 1845 764 1900 sibi
796 1847 1168 1920 subjugatum,
1188 1869 1314 1907 eum
1342 1872 1547 1912 novum
1585 1859 1639 1914 in
1664 1862 1748 1916 sui
1781 1864 2011 1935 gratiam
2036 1864 2242 1930 efl‘ecit,

2273 1726 2322 1785 B

2354 473 2772 547 ἐπιφερόμενον.
2798 482 2873 537 Εἴ
2898 501 2989 550 τις
3015 486 3146 558 γὰρ,
3174 487 3361 559 φησὶν,
3382 489 3451 543 ἐν
3470 489 3702 559 Χριστῷ,
3717 473 3849 569 ἐκαιγὴ

2354 567 2573 634 κτίσις.
2600 571 2711 624 Καὶ
2732 573 2842 644 γὰρ
2864 576 2892 628 6
2920 576 3126 647 Κύριος
3150 578 3307 649 ἡμῶν
3345 571 3551 651 Ἰησοῦς
3570 582 3773 653 Χριστὸς

2352 656 2515 711 τοῦτο
2562 663 2968 732 παραγέγονεν,
3013 665 3154 722 ὥστε
3203 669 3309 741 τὴν
3363 670 3525 741 φύσιν
3572 672 3769 739 ἀλλάξαι
3792 683 3856 733 καὶ

2356 750 2686 820 μεταϐαλεῖν
2715 756 2813 808 καὶ
2844 759 3215 826 ἀνακαινίσαι,
3239 761 3336 816 καὶ
3366 763 3762 839 ἀνακτίσαι.τὴν
3782 769 3855 838 ψυ-

2355 841 2455 914 χὴν
2507 844 2711 917 ταύτην
2765 848 2867 921 τὴν
2922 853 3421 926 κατεστραμμένην
3462 857 3575 919 τοῖς
3610 857 3778 912 πάθεσι
3798 861 3858 916 διὰ

2352 938 2454 1008 τὴν
2487 940 2822 1008 παράϐασιν,
2888 944 3130 1012 κεράσας
3154 944 3233 1017 τῷ
3284 945 3402 1018 ἰδίῳ
3449 947 3613 1002 αὑτοῦ
3643 950 3858 1019 malum

2350 1030 2450 1098 τῆς
2482 1030 2755 1103 θεότητος.
2803 1035 3010 1091 Καίνὸν
3056 1036 3204 1101 νοῦν,
3234 1039 3331 1092 καὶ
3369 1040 3563 1111 καινὴν
3598 1041 3861 1112 ψυχὴν,κῇ

2349 1122 2571 1185 καινοὺς
2631 1124 2966 1196 ὀφθαλμοὺς,
3030 1126 3196 1181 καινὰ
3245 1122 3381 1196 ὦτα,
3439 1131 3629 1202 καινὴν
3672 1131 3860 1200 γλῶτταν

2351 1216 2752 1288 πνευματικὴν,
2811 1219 2906 1272 καὶ
2951 1220 3293 1288 ἁπαξαπλῶς
3344 1222 3568 1287 καινοὺς
3605 1224 3861 1295 ἀνθρώπνς

2346 1308 2475 1371 τοὺς
2513 1308 2877 1375 πιστεύοντας
2922 1313 3071 1384 αὐτῷ
3106 1309 3273 1384 ἦλθεν
3322 1316 3751 1387 ἀπεργάσασθαι,
3779 1322 3863 1391 ﬁte:

2347 1403 2568 1464 καινοὺς
2594 1403 2817 1468 ἀσκοὺς,
2854 1405 3052 1475 χρίσας
3083 1405 3280 1469 αὐτοὺς
3310 1404 3388 1476 τῷ
3431 1406 3624 1459 ἐαυτοῦ
3654 1408 3772 1476 φωτὶ
3794 1410 3863 1478 τῆς

2344 1493 2624 1561 γνώσεως,
2656 1495 2743 1549 ἵνα
2791 1497 3072 1572 μεταϐάλῃ
3109 1498 3227 1552 νέον
3255 1494 3421 1561 οἶνον,
3452 1500 3481 1552 ὃ
3515 1500 3629 1552 ἐστι
3669 1500 3723 1553 τὸ
3745 1502 3865 1553 11·ιεῦ-

2349 1600 2424 1653 μπι
2482 1584 2670 1639 αὐτοῦ.
2736 1583 2918 1641 Οἶνον
2962 1589 3094 1659 γὰρ,
3159 1589 3313 1661 φησὶ,
3367 1588 3513 1646 νέον
3553 1592 3637 1657 είς
3689 1592 3866 1658 ἀσκοὺς

2348 1676 2597 1743 καινοὺς
2614 1678 2905 1746 βλητέον.
3482 1718 3491 1726 -

2422 1768 2495 1822 B'.
2553 1769 2767 1840 Ὥσπερ
2795 1768 2904 1841 γὰρ
2960 1772 2989 1825 6
3023 1772 3218 1843 ἐχθρὸς
3262 1772 3443 1829 λαϐὼν
3498 1773 3591 1828 τὸν
3641 1774 3866 1845 ἄνθρωπον

2359 1858 2693 1930 ὑποχείριον,
2769 1863 2951 1915 καινὸν
3002 1863 3177 1930 αὑτδνξ
3222 1865 3302 1928 είς
3356 1864 3552 1918 ἑαυτὸν
3611 1866 3866 1937 εἰργάσατο,

655 1938 980 2010 νὶιίοείειιυο
1064 1942 1453 2003 affectionibus
1537 1950 2003 2010 circumvolutum
2089 1958 2216 2012 unxi

2349 1951 2551 2006 πάθεσι
2592 1954 2792 2017 κακίας
2826 1954 3159 2025 περιϐαλὼν,
3189 1957 3281 2009 καὶ
3312 1956 3515 2028 χρίσας
3540 1956 3619 2027 τῷ
3651 1956 3866 2028 πνεύματι

656 2032 855 2100 spiritu
887 2036 1119 2104 peccati,
1160 2053 1223 2093 ac
1252 2040 1441 2095 vinum
1469 2044 1650 2100 omnis
1688 2044 1998 2117 iniquitatis
2033 2057 2089 2104 et
2112 2066 2241 2121 pra-

656 2139 737 2178 vae
756 2122 1021 2183 doctrina:
1049 2127 1104 2183 in
1127 2145 1255 2185 eum
1295 2132 1523 2190 immisit
1549 2154 1562 2191 :
1597 2136 1678 2192 sic
1704 2153 1923 2209 quoque
1953 2142 2239 2211 Dominus,

653 2232 781 2270 cum
814 2216 1138 2274 redemisset
1165 2236 1293 2277 eum
1331 2223 1401 2279 ab
1446 2225 1626 2294 hoste,
1662 2245 1865 2285 novum
1911 2234 2235 2290 constituit:

653 2324 891 2376 cumque
924 2310 1172 2367 tinxisset
1198 2329 1301 2369 suo
1333 2315 1507 2386 ipsius
1535 2318 1764 2388 Spiritu,
1796 2322 1987 2378 vinum
2017 2340 2239 2395 quoque

650 2398 780 2453 vita:
816 2408 872 2455 et
906 2417 1102 2458 novam
1152 2404 1389 2475 Spiritus
1415 2408 1726 2467 doctrinam
1767 2413 1823 2468 in
1853 2429 1981 2468 eum
2012 2416 2233 2472 infudit.

650 2488 755 2554 Qui
797 2492 944 2546 enim
976 2496 1211 2551 mutavit
1234 2507 1489 2554 naturam
1524 2503 1769 2573 quinque
1802 2521 2007 2575 panum
2040 2508 2095 2561 in
2139 2525 2237 2564 na-

649 2588 827 2635 turam
858 2585 1234 2642 multitudinis
1257 2630 1272 2654 ,
1318 2599 1376 2644 et
1401 2601 1612 2648 natura;
1638 2595 1779 2649 asini
1813 2597 2027 2653 ratione
2061 2598 2234 2653 desti-

646 2677 781 2725 tutas
817 2688 1007 2729 vocem
1043 2676 1217 2743 dedit,
1243 2688 1300 2734 et
1326 2682 1673 2739 meretricem
1709 2684 1778 2739 ad
1816 2692 2232 2758 temperantiam

646 2766 945 2832 convertit,
980 2776 1035 2823 et
1065 2769 1228 2840 ignis,
1259 2770 1530 2829 adurendi
1575 2775 1627 2829 vi
1681 2778 1921 2848 praediti,
1978 2792 2230 2840 naturam

641 2857 711 2912 ad
754 2858 1065 2930 irrigandos
1117 2878 1212 2918 eos
1247 2864 1341 2934 qui
1384 2876 1548 2922 erant
1600 2868 1657 2923 in
1707 2872 1926 2927 camino
1974 2874 2229 2934 idoneam

642 2949 918 3018 reddidit,
960 2962 1016 3008 et
1052 2963 1307 3011 naturam
1358 2957 1582 3014 leonum
1632 2964 1935 3032 agrestium
1985 2966 2228 3026 ferarum

2345 2044 2445 2109 τῆς
2492 2044 2791 2115 ἁμαρτίας,
2836 2047 2928 2099 τὸν
2976 2041 3121 2101 οῐνον
3170 2050 3271 2119 τῆς
3312 2048 3550 2119 ἀνομίας
3588 2049 3753 2119 πάσης
3801 2051 3867 2102 καὶ

2348 2136 2548 2201 κακίας
2578 2138 2927 2203 διδασκαλίας
2980 2140 3241 2194 ἐνέϐαλεν
3277 2142 3359 2205 εἰς
3380 2143 3545 2196 αὐτόν
3572 2160 3587 2173 ·
3619 2142 3773 2206 οὕτως
3803 2144 3866 2195 καὶ

2343 2230 2373 2283 6
2403 2230 2608 2300 Κύριος
2640 2232 3059 2303 λυτρωσάμενος
3094 2235 3258 2289 αὐτὸν
3287 2235 3395 2289 ἀπὸ
3424 2234 3521 2289 τοῦ
3551 2235 3753 2307 ἐχθροῦ,
3780 2255 3866 2290 καί·

2342 2319 2431 2373 νον
2460 2320 2835 2392 ἀπειργάσατο
2856 2338 2869 2351 ·
2909 2323 3107 2395 χρίσας
3141 2322 3219 2395 τῷ
3254 2324 3454 2379 ἐαυτοῦ
3488 2325 3772 2396 Πνεῦματι,
3797 2326 3865 2379 13‘.

2341 2413 2431 2465 τὸν
2486 2412 2587 2482 τῆς
2640 2413 2789 2483 ζωῆς
2832 2410 2997 2481 οἶνον,
3062 2415 3161 2486 τὴν
3212 2416 3408 2488 καινὴν
3461 2416 3561 2470 τοῦ
3603 2417 3865 2487 Πνεῦματος

2339 2505 2693 2560 διδασκαλίαν
2742 2508 2823 2569 είς
2874 2507 3037 2562 αὐτὸν
3067 2508 3305 2580 ἐνέχεεν.
3350 2510 3409 2563 Ὀ
3440 2510 3553 2581 γὰρ
3595 2510 3864 2580 μεταϐαλὼν

2338 2597 2435 2667 τὴν
2464 2596 2629 2666 φύσιν
2658 2597 2766 2651 τῶν
2789 2598 2949 2651 πέντε
2974 2598 3157 2669 ἄρτων
3200 2603 3282 2665 είς
3318 2603 3482 2670 φύσιν
3514 2601 3762 2671 πλήθους,
3798 2604 3865 2655 καὶ

2338 2687 2501 2757 φύσει
2530 2688 2652 2742 ὄνου
2678 2688 2859 2760 ἀλόγῳ
2880 2690 3005 2754 δοὺς
3050 2691 3256 2762 φωνὴν,
3314 2692 3412 2745 καὶ
3459 2690 3563 2763 τὴν
3592 2693 3778 2762 πόρνην
3808 2694 3865 2754 εἰς

2337 2782 2695 2854 σωφροσύνην
2756 2784 3165 2855 μεταστρέψας,
3215 2784 3312 2839 καὶ
3346 2785 3524 2855 πυρὸς
3577 2784 3730 2853 φύσιν
3766 2802 3865 2838 καυ-

2336 2872 2525 2927 στικοῦ
2553 2872 2824 2945 δροσίζειν
2867 2877 2993 2940 τοὺς
3020 2878 3079 2931 ἐν
3103 2880 3170 2949 τῇ
3214 2879 3433 2949 καμίνῳ
3464 2878 3863 2949 παρασκευάσας,

2334 2965 2429 3019 καὶ
2464 2963 2629 3035 φύσιν
2660 2965 2894 3021 λεόντων
2940 2968 3151 3040 ἀγρίων
3196 2970 3404 3041 θηρίων
3436 2969 3519 3041 τῷ
3554 2970 3742 3042 Δανιὴλ
3766 2972 3867 3040 ημες

639 3055 868 3117 propter
916 3046 1196 3105 Danielem
1231 3053 1598 3110 mansuefecit
1620 3100 1635 3124 ,
1667 3057 1759 3114 hic
1791 3076 2013 3132 quoque
2049 3074 2225 3135 potest

2335 3055 2543 3127 ρώσας,
2577 3048 2735 3120 οὗτος
2779 3057 3005 3111 δύναται
3062 3060 3159 3114 καὶ
3202 3060 3300 3131 τὴν
3338 3059 3524 3133 ψυχὴν
3554 3062 3654 3132 τὴν
3702 3061 3865 3132 ἔρημον

638 3138 876 3222 animam
902 3139 1177 3196 desertam
1216 3152 1275 3199 et
1310 3156 1588 3215 agrestem
1622 3165 1653 3205 a
1683 3162 1910 3220 peccato
1950 3154 2226 3225 efl'ectam,

638 3214 963 3287 convertere
1016 3234 1072 3289 in
1124 3251 1279 3291 suam
1311 3238 1485 3308 ipsius
1523 3239 1851 3311 bonitatem,
1877 3247 2227 3305 clementiam

635 3332 693 3379 et
718 3339 933 3394 pacem,
970 3325 1182 3397 Spiritu
1220 3332 1605 3399 promissionis
1629 3345 1820 3392 sancto
1842 3348 1898 3393 et
1927 3339 2137 3397 divino.

706 3416 796 3470 ΙΙΙ.
822 3418 1060 3475 Perinde
1090 3421 1239 3477 enim
1269 3438 1334 3479 ac
1362 3433 1553 3494 pastor
1578 3429 1885 3486 scabiosam
1928 3448 2085 3490 ovem
2127 3453 2226 3508 po-

635 3516 743 3561 test
772 3524 991 3576 curare,
1021 3520 1078 3567 et
1103 3527 1134 3567 a
1163 3513 1309 3584 lupis
1354 3518 1659 3586 custodire,
1700 3522 1893 3578 eodem
1932 3527 2097 3582 modo
2131 3546 2225 3585 ve-

634 3611 731 3662 rus
749 3608 937 3668 pastor
976 3600 1235 3661 Christus
1268 3608 1501 3665 veniens
1528 3611 1680 3667 solus
1723 3616 1904 3682 potuit
1938 3633 2134 3676 curare
2167 3630 2226 3677 et

632 3698 959 3747 convertere
989 3695 1262 3763 perditam
1289 3707 1347 3753 ct
1372 3700 1682 3757 scabiosam
1712 3720 1893 3772 ovem,
1915 3707 2220 3780 hominem,

630 3797 661 3835 a
690 3781 876 3837 scabie
909 3793 965 3839 et
997 3786 1146 3857 lepra
1187 3792 1419 3858 peccati.
1446 3794 1665 3852 Priores
1697 3798 1847 3855 enim
1879 3804 2218 3875 sacerdotes,

630 3870 833 3928 Levita?
860 3885 1027 3946 atque
1059 3879 1330 3949 magistri,
1362 3899 1472 3938 non
1501 3896 1805 3955 potuerunt
1852 3907 2051 3949 sanare
2101 3898 2222 3954 ani-

628 3981 773 4020 mam
817 3967 1193 4028 oblationibus
1229 3990 1520 4033 munerum
1571 3989 1627 4034 et
1676 3982 2094 4053 sacrificiorum,
2136 4001 2219 4045 at—

626 4072 737 4125 que
790 4061 1213 4129 aspersionibus
1258 4068 1565 4137 sanguinis,
1610 4050 1735 4128 eum
1784 4090 1888 4130 nec
1959 4092 2019 4134 se
2069 4080 2219 4151 ipsos

624 4150 913 4229 potuerint
948 4166 1176 4219 curare;
1231 4157 1437 4211 ctenim
1477 4158 1581 4228 ipsi
1624 4178 1846 4233 quoque
1894 4150 2217 4227 infirmitate

622 4249 784 4297 erant
808 4232 1015 4309 amicti.
1041 4244 1159 4299 Non
1191 4249 1329 4302 enim
1352 4260 1542 4320 potest,
1572 4253 1777 4324 inquit,
1794 4263 2011 4331 sanguis
2036 4273 2217 4321 tauro-

626 4320 745 4388 rum
795 4347 842 4403 et
875 4338 1139 4391 hircorum
1187 4342 1397 4411 auferre
1432 4354 1645 4414 peccata
1664 4350 1730 4405 ⁷⁵.
1773 4351 2039 4421 Dominus
2081 4373 2213 4414 vero

624 4422 785 4487 dixit,
838 4435 1279 4485 commonstrans
1342 4431 1717 4492 infirmitatem
1776 4448 1890 4495 tum
1948 4447 2211 4515 temporis

623 4515 965 4570 medicorum
987 4535 999 4570 :
1025 4518 1251 4583 Omnino
1271 4522 1449 4579 dicetis
1471 4529 1600 4581 mihi
1616 4530 1752 4585 hanc
1775 4535 2210 4595 similitudinem:

621 4606 840 4671 Mcdice,
872 4625 1001 4663 cura
1037 4620 1087 4665 te
1126 4613 1379 4682 ipsum".
1413 4617 1520 4672 Pro
1559 4635 1657 4674 eo:
1692 4622 1807 4679 Non
1836 4643 1954 4681 sum
2004 4646 2098 4701 ego
2153 4643 2209 4687 ut

620 4697 721 4763 illi,
750 4701 840 4770 qui
871 4716 965 4753 nec
990 4718 1046 4756 se
1076 4703 1217 4774 ipsos
1247 4717 1465 4775 possunt
1508 4726 1717 4766 curare.
1747 4715 1861 4787 Ego
1893 4734 2013 4786 sum
2033 4697 2209 4780 verus

622 4791 894 4855 medicus,
922 4801 978 4848 et
1006 4793 1185 4849 bonus
1209 4806 1415 4866 pastor,
1443 4800 1537 4870 qui
1569 4818 1713 4873 pono
1741 4808 1977 4863 animam
2027 4828 2206 4869 meam

618 4895 722 4950 pro
747 4880 967 4947 ovibus,
991 4882 1086 4952 qui
1118 4899 1341 4954 possunt
1383 4905 1580 4948 curare
1615 4910 1835 4952 onmem
1870 4902 2127 4959 morbum
2150 4916 2205 4961 ct

614 4992 836 5032 omnem
871 4979 1307 5040 imbecillitatem
1326 4986 1541 5044 animae.
1563 4990 1675 5062 Ego
1705 5007 1825 5049 sum
1855 4996 2204 5059 immaculata

613 5073 756 5139 ovis,
784 5089 906 5144 qua:
936 5078 1108 5133 semel
1141 5079 1324 5136 oblata
1358 5093 1463 5149 est,
1498 5096 1552 5140 et
1572 5086 1667 5155 qui
1695 5090 1969 5145 accedunt
1999 5094 2066 5149 ad
2092 5074 2199 5163 me,

610 5179 709 5218 cos
752 5180 976 5234 possum
1011 5184 1227 5227 curare.
1270 5173 1410 5229 Vera
1458 5166 1605 5231 enim
1653 5181 1859 5237 sanitas
1894 5199 1924 5238 a
1967 5185 2201 5243 Domino

608 5252 731 5307 solo
766 5254 1157 5325 proficiscitur.
1207 5261 1341 5317 Ecce
1382 5267 1555 5333 enim,
1616 5269 1816 5341 inquit,
1855 5274 2035 5346 Agnus
2078 5280 2195 5345 Dei,

608 5346 699 5413 qui
725 5344 863 5401 tollit
890 5360 1105 5420 peccata
1131 5356 1379 5411 mundi"
1406 5359 1635 5416 :anima:
1666 5344 1926 5421 nimirum
1960 5371 2193 5429 creden-

606 5433 683 5487 tis
714 5433 789 5495 ei.
826 5447 883 5492 et
916 5439 1197 5510 diligentis
1229 5460 1356 5500 eum
1389 5462 1459 5503 ex
1491 5457 1605 5506 toto
1634 5452 1820 5511 corde.
1868 5440 1873 5445 ’
2092 5454 2095 5457 ’
2188 5444 2195 5447 ’

2332 3150 2429 3204 καὶ
2467 3149 2839 3221 ἀγριωθεῖσαν
2873 3151 2980 3204 ἀπὸ
3009 3152 3109 3223 τῆς
3157 3152 3435 3224 ἁμαρτίας
3472 3152 3777 3225 μεταὸαλεῖν
3808 3155 3864 3218 εἰς

2328 3239 2426 3312 τὴν
2462 3239 2658 3294 ἑαυτοῦ
2692 3242 3026 3315 ἀγαθότητα,
3049 3246 3143 3299 καὶ
3168 3247 3545 3319 χρηστότητα,
3579 3248 3670 3302 καὶ
3687 3248 3865 3318 εἰρήνην

2326 3336 2407 3408 τῷ
2443 3336 2725 3408 Πνεῦματι
2761 3339 2861 3410 τῆς
2889 3338 3228 3409 ἐπαγγελίας
3255 3339 3335 3411 τῷ
3370 3339 3517 3413 ἁγίῳ
3543 3341 3637 3395 καὶ
3663 3337 3839 3409 ἀγαθῷ.

2397 3430 2438 3482 Γ
2439 3436 2472 3484 '.
2511 3430 2607 3485 ’ον
2632 3431 2741 3503 γὰρ
2787 3432 2991 3504 τρόπον
3040 3434 3249 3505 ποιμὴν
3293 3432 3354 3487 τὸ
3384 3433 3615 3506 ψωμῶν
3643 3432 3865 3505 πρόϐατον

2327 3520 2553 3575 δύναται
2579 3522 2941 3594 θεραπεῦσαι,
2970 3525 3066 3579 καὶ
3089 3524 3197 3578 ἀπὸ
3223 3523 3405 3578 λύκων
3432 3523 3704 3594 φυλάξαι·
3721 3522 3862 3576 timi-

2326 3630 2433 3676 τως
2471 3617 2501 3669 6
2541 3614 2795 3687 ἀληθινὸς
2826 3617 3030 3688 ποιμὴν
3062 3618 3299 3689 Χριστὸς
3353 3615 3553 3682 ἐλθὼν,
3585 3617 3735 3689 μόνος
3768 3616 3842 3685 his

2326 3708 2464 3779 νήθη
2489 3707 2851 3780 θεραπεῦσαι,
2880 3711 2976 3765 καὶ
3020 3711 3350 3784 ἐπιστρέψαι
3398 3712 3462 3766 τδ
3506 3710 3769 3773 ἀπολωλὸς
3792 3708 3863 3761 aut

2324 3799 2548 3873 ψωμῶν
2590 3803 2887 3875 πρόϐατον,
2939 3802 3034 3859 τὸν
3090 3803 3401 3875 ἄνθρωπον,
3425 3804 3544 3858 ἀπὸ
3575 3804 3671 3873 τῆς
3715 3799 3862 3871 sitim;

2322 3894 2419 3949 καὶ
2448 3895 2653 3968 λέπρας
2680 3896 2780 3966 τῆς
2825 3896 3126 3968 ἁμαρτίας.
3169 3898 3234 3951 Ut
3272 3897 3383 3967 γὰρ
3430 3897 3570 3968 πρὶν
3618 3896 3766 3967 ἱερεῖς
3790 3894 3862 3945 καὶ

2322 3985 2549 4042 Λευῖται
2581 3989 2676 4042 καλ⁵
2701 3987 3015 4044 διδάσκαλοι
3040 3989 3142 4043 οὐκ
3169 3988 3527 4061 ἠδυνήθησαν
3573 3986 3860 4060 θεραπεῦσαι

2321 4080 2420 4152 τὴν
2444 4082 2625 4154 ψυχὴν
2654 4085 2775 4147 ταῖς
2806 4085 3149 4154 προσφοραῖς
3191 4081 3300 4137 τῶν
3336 4080 3532 4153 δώρων
3556 4083 3649 4136 καὶ
3676 4080 3854 4143 θυσιῶν,

2321 4177 2420 4230 καὶ
2451 4178 2773 4249 ραντισμοῖς
2801 4178 3059 4249 αἵματος,
3100 4176 3301 4244 ὃπουγε
3332 4175 3455 4230 οὐδὲ
3482 4176 3681 4239 αὐτοὺς
3706 4174 3857 4243 ἡδυνή·

2320 4266 2493 4339 θησαν
2528 4268 2910 4341 θεραπεῦσαι·
2944 4270 3040 4323 καὶ
3072 4269 3185 4342 γὰρ
3215 4269 3371 4323 αὐτοὶ
3404 4268 3691 4323 ἀσθένειαν
3736 4284 3854 4337 1:59:-

2317 4360 2547 4418 ἔκειντο,
2594 4362 2915 4417 Ἀδύνατον
2945 4365 3079 4433 γὰρ,
3134 4362 3317 4433 φησὶν,
3351 4356 3501 4432 αἷμα
3547 4362 3763 4432 ταύρων
3783 4357 3854 4411 καί

2316 4450 2552 4522 τράγων
2597 4453 2847 4522 ἀφελεῖν
2896 4454 3214 4523 ἁμαρτίαν.
3256 4454 3315 4508 '0
3363 4453 3420 4506 δέ
3474 4452 3680 4523 Κύριος
3716 4451 3851 4515 ἔλεγεν

2313 4543 2525 4607 δεικνὺς
2562 4543 2663 4616 τὴν
2717 4544 3009 4599 ἀσθένειαν
3058 4546 3169 4599 τῶν
3223 4546 3347 4599 τότε
3387 4545 3620 4617 ἰατρῶν,
3656 4543 3854 4604 Πάντως

2313 4636 2500 4706 ἐρεῖτέ
2519 4655 2624 4706 μοι
2662 4637 2776 4705 τὴν
2809 4637 3165 4707 παραϐολὴν
3211 4638 3462 4706 ταύτην,
3498 4638 3699 4707 Ἰατρέ,
3724 4634 3851 4702 eam.

2309 4745 2546 4785 πευσον
2565 4732 2829 4787 σεαυτόν
2861 4748 2874 4763 ο
2914 4732 3035 4785 ἀντὶ
3064 4730 3181 4795 τοῦ,
3206 4732 3328 4785 Οὐκ
3348 4732 3469 4801 είμὶ
3500 4731 3619 4801 ἐγὼ
3638 4732 3714 4797 ὡς
3736 4727 3851 4783 ἐκεῖ·

2308 4839 2424 4888 νοι,
2449 4826 2504 4877 οἱ
2518 4824 2672 4893 μήτε
2692 4823 2949 4890 ἑαυτοὺς
2969 4823 3293 4893 δυνάμενοι
3318 4823 3705 4892 θεραπεῦσαι.
3746 4819 3850 4885 Έγὼ

2307 4915 2424 4984 εἰμι
2443 4916 2471 4968 6
2506 4914 2760 4986 ἀληθινὸς
2792 4915 2997 4988 ἰατρὸς,
3027 4916 3124 4969 καὶ
3148 4915 3312 4979 καλὸς
3338 4915 3574 4987 ποιμὴν,
3606 4915 3635 4967 6
3659 4913 3759 4976 Osi;
3778 4911 3850 4980 τὴν

2305 5006 2486 5077 ψυχήν
2514 5024 2617 5078 μου
2658 5007 2798 5078 ὑπὲρ
2820 5007 2930 5062 τῶν
2977 5007 3288 5079 προϐάτων,
3331 5011 3360 5061 ὀ
3396 5008 3696 5079 δυνάμενος
3721 5006 3848 5073 θερι-

2308 5099 2497 5152 πεύειν
2557 5101 2740 5155 πᾶσαν
2775 5100 2953 5166 νόσον,
3009 5103 3103 5155 καὶ
3134 5104 3315 5156 πᾶσαν
3368 5102 3651 5174 μαλακίαν
3671 5098 3846 5171 @‘Jﬁt‘

2307 5189 2419 5260 ἐγώ
2447 5194 2564 5261 εἰμι
2602 5192 2663 5245 τὸ
2686 5192 2918 5263 ἄμωμον
2945 5192 3240 5264 πρόϐατον,
3259 5193 3321 5247 τὸ
3336 5192 3490 5258 ἅπαξ
3507 5190 3845 5263 προσενεχθὲν.

2302 5285 2397 5353 καὶ
2436 5286 2565 5349 τοὺς
2600 5286 2723 5356 ἐμοὶ
2761 5286 3241 5358 προσερχομένους
3279 5286 3585 5356 δυνάμενος
3616 5280 3845 5357 θεραπεῦ-

2303 5394 2415 5431 σαι.
2455 5376 2521 5430 Ἦ
2553 5380 2662 5449 γὰρ
2696 5377 2928 5452 ἀληθινὴ
2973 5379 3119 5443 ίασις
3165 5377 3265 5449 τῆς
3303 5377 3486 5450 ψυχῆς
3538 5379 3648 5432 ἀπὸ
3674 5374 3841 5475 μυρίον

2303 5469 2465 5540 μόνου
2495 5469 2743 5539 γίνεται·
2802 5469 2957 5526 Ἰδοὺ
3006 5470 3137 5542 γὰρ,
3191 5472 3380 5541 φησὶν,
3432 5474 3466 5525 ὀ
3518 5470 3724 5541 ’Δμνὸς
3761 5469 3839 5521 τοῦ

609 5528 759 5580 Θεοῦ
809 5534 843 5586 ό
891 5534 1077 5601 αἴρων
1127 5538 1243 5606 τὴν
1279 5543 1575 5612 ἁμαρτίαν
1634 5550 1742 5603 τοῦ
1802 5555 2057 5627 κόσμου,
2093 5563 2190 5635 τῆς
2228 5528 2407 5639 ψυξεῆς
2473 5528 2719 5639 δηλονότι
2769 5528 3141 5639 πιστευσέσης
3178 5528 3348 5639 αὐτῷ,
3406 5570 3507 5623 καὶ
3576 5566 3838 5637 ἀγαπώσης

604 5626 766 5681 αᾷτὸν
790 5628 853 5693 ἐξ
875 5629 1002 5702 ὅλης
1027 5635 1274 5707 καρδίας.

700 5748 743 5785 τ’
770 5749 817 5808 Η
860 5748 1049 5825 Conv,
1086 5756 1170 5813 17.
1250 5762 1295 5795 ⁷⁸
1328 5762 1519 5822 Matth.
1546 5784 1618 5837 ιι,
1646 5769 1730 5828 l'i.

1836 5778 1876 5812 ⁷⁵
1918 5776 2086 5838 Hebr.
2119 5799 2169 5849 κ,
2211 5785 2260 5840 4.
2340 5787 2384 5821 ⁷⁸
2423 5784 2558 5844 Luc.
2586 5802 2659 5855 tv,
2688 5786 2779 5843 9.3.
2860 5787 2902 5819 ⁷⁷
2934 5786 3092 5844 Joan.
3130 5802 3165 5855 ι,
3200 5786 3289 5841 ‘29.
