4044 6516
201 284 309 353 781

1382 290 1745 353 HOMILIAE.
1772 317 1838 329 -·
1859 292 2044 355 ΗΟΜ.
2071 294 2274 357 XLIV.

3359 296 3470 383 γει

277 408 354 457 Δθ.
388 399 450 455 '0
475 401 686 473 ποιμὴν
724 401 905 457 τοίνυν
936 406 965 458 6
988 403 1150 468 καλὸς
1184 403 1246 459 τὸ
1270 403 1492 475 ψωριῶν
1520 405 1794 477 πρόϐατον

1970 406 2123 480 141
2160 409 2247 464 IV.
2298 407 2491 465 Pastor
2531 424 2664 482 ergo
2721 410 2903 466 bonus
2945 410 3251 469 scabiosam
3304 427 3467 470 ovem

202 492 521 565 θεραπεύει.
550 493 830 565 Πρόϐατον
857 494 913 547 δὲ
941 494 1212 566 πρόϐατον
1236 494 1576 567 θεραπεῦσαι
1605 496 1667 549 οὐ
1697 495 1789 548 δύ-

199 602 391 643 ναται.
427 586 540 641 Kal
573 586 623 639 εί
664 586 738 658 μὴ
771 586 1081 657 θεραπευθῇ
1111 586 1173 640 τὸ
1192 587 1409 656 λογικὸν
1430 586 1724 657 πρόϐατον,
1759 588 1789 639 6

199 677 516 749 ἀνθρωπκ,
546 680 628 741 είς
662 677 985 749 Ἐκκλησίαν
1003 679 1209 749 Κυρίου
1225 680 1325 749 τὴν
1350 680 1672 751 ἐπουράνιον
1689 679 1793 734 οὐκ

208 771 549 843 είσέρχεται.
588 770 775 835 Οὕτως
815 770 924 842 γὰρ
954 772 1045 824 καὶ
1090 773 1150 825 ἐν
1176 772 1254 843 τῷ
1276 771 1425 843 νόμῳ
1458 772 1677 844 εἴρηται
1702 773 1788 827 διὰ

212 863 378 925 σκιᾶς
407 861 504 915 καὶ
528 862 736 927 εἰκόνος
761 877 776 893 ’
818 863 947 932 περὶ
992 864 1103 935 γάρ
1138 861 1233 916 τοῦ
1274 861 1502 937 λεπροῦ,
1544 862 1637 916 καὶ
1675 862 1789 932 μῶ-

203 969 313 1023 μον
346 950 583 1022 ἔχοντος,
615 952 789 1007 ταῦτα
833 954 1133 1008 αἰνίσσεται
1169 953 1374 1025 μηνῦον
1422 952 1485 1006 τὸ
1524 951 1749 1020 Πνεῦμα
1772 967 1785 980 ·

209 1044 473 1112 Λεπρὸς,
506 1045 694 1114 φησὶν,
725 1044 763 1112 ἢ
788 1043 997 1114 μῶμον
1020 1045 1197 1113 ἔχων,
1225 1044 1338 1099 οὐκ
1379 1044 1790 1097 εἰσελεύσεται

200 1135 298 1201 εις
326 1133 695 1200 Ἐκκλησίαν
712 1134 1137 1202 Κυρίου.Ἀλλά
1172 1131 1475 1204 προσέταξε
1502 1131 1580 1203 τῷ
1602 1132 1788 1203 λεπρῷ

204 1224 556 1294 ἀπέρχεσθαι
594 1223 730 1292 πρὸς
757 1223 848 1276 τὸν
887 1223 1060 1294 ἱερέα,
1089 1225 1183 1277 καὶ
1225 1222 1570 1294 παρακλήσει
1619 1222 1789 1293 πολλῇ

204 1313 370 1382 ἄγειν
417 1313 580 1366 αὑτὸν
608 1314 688 1377 είς
729 1313 819 1366 τὸν
875 1309 1023 1366 οἷκον
1076 1313 1177 1384 τῆς
1222 1314 1429 1384 σκηνῆς
1475 1311 1663 1379 αὑτοῦ,
1696 1314 1792 1366 καὶ

203 1404 517 1458 ἐπιτιθέναι
573 1405 675 1467 τάς
722 1408 912 1476 χεῖρας
951 1405 1117 1458 αὐτοῦ
1145 1407 1239 1457 ἐπὶ
1284 1405 1381 1477 τὴν
1426 1403 1655 1475 λέπραν,
1689 1422 1788 1475 ση-

209 1497 543 1566 μειούμενον
588 1497 678 1550 τὸν
721 1498 887 1551 τόπον
938 1499 1036 1569 τῆς
1068 1497 1215 1568 ἁφῆς
1268 1499 1370 1566 τῆς
1416 1496 1644 1570 λέπρας,
1697 1497 1791 1550 καὶ

204 1588 561 1659 θεραπεύειν.
604 1588 708 1641 Τὸν
742 1587 906 1643 αὐτὸν
951 1589 1153 1658 τρόπον
1185 1587 1281 1643 καὶ
1322 1574 1559 1657 Χριστὸς
1591 1590 1620 1642 6
1653 1587 1789 1658 ἀλη-

205 1679 313 1750 θὴς
345 1681 630 1751 ἀρχιερεὺς
662 1679 771 1734 τῶν
823 1679 1127 1749 μελλόντων
1167 1679 1392 1750 ἀγαθῶν
1415 1682 1537 1745 ταῖς
1571 1680 1787 1751 λεπρῶν

204 1788 336 1834 erat;
355 1771 550 1842 ψυχαῖς
571 1772 781 1842 λέπραν
800 1772 1076 1843 ἁμαρτίας
1092 1772 1600 1843 ἐπικαμπτόμενος,
1615 1772 1793 1844 είσέρ-
1821 1762 1866 1818 Β

202 1880 368 1935 χεται
397 1866 477 1926 εἰς
505 1864 604 1934 τὴν
634 1863 840 1934 σκηνὴν
861 1864 957 1918 τοῦ
988 1862 1239 1935 σώματος
1263 1863 1465 1929 αὐτῶν,
1498 1866 1594 1918 καὶ
1624 1863 1790 1936 θερα-

204 1954 374 2007 πεύει
403 1957 497 2009 καὶ
529 1955 676 2015 ἰᾶται
704 1955 773 2010 τὰ
806 1955 976 2026 πάθη.
1032 1955 1147 2011 Kal
1195 1956 1371 2021 οὕτως
1414 1955 1703 2029 δυνήσεται
1759 1959 1789 2029 ἡ

202 2044 362 2117 ψυχὴ
397 2046 659 2100 εἰσελθεῖν
693 2049 773 2110 είς
822 2046 922 2119 τὴν
958 2047 1283 2119 ἐπουράνιον
1328 2048 1658 2121 Ἐκκλησίαν
1683 2048 1794 2102 τῶν

208 2138 391 2204 ἁγίων
423 2137 517 2192 τοῦ
575 2138 831 2210 ἀληθινοῦ
888 2139 1110 2211 Ἰσραήλ
1133 2157 1147 2172 ·
1183 2143 1338 2194 πᾶσα
1382 2142 1493 2213 γὰρ
1518 2141 1665 2213 ψυχὴ
1696 2158 1793 2209 φο-

214 2227 394 2298 ροῦσα
420 2227 624 2299 λέπραν
663 2228 935 2299 ἁμαρτίας
973 2229 1184 2297 παθῶν,
1217 2232 1312 2285 καὶ
1359 2230 1434 2302 μὴ
1461 2229 1793 2301 προσελθοῦσ-

208 2336 287 2372 cz
318 2319 393 2389 τῷ
423 2319 660 2390 ἀληθινῷ
695 2323 962 2393 ἀρχιερεῖ,
993 2322 1087 2376 καὶ
1123 2321 1531 2393 θεραπευθεῖσα
1564 2324 1681 2389 νῦν,
1714 2324 1797 2387 είς

207 2410 318 2479 τὴν
363 2410 713 2481 παρεμϐολὴν
778 2412 888 2464 τῶν
927 2411 1118 2479 ἁγίων,
1170 2412 1251 2479 είς
1317 2412 1419 2483 τὴν
1468 2412 1794 2485 ἐπουράνιον

222 2502 555 2573 Ἐκκλησίαν
589 2504 687 2556 οὐκ
710 2505 1038 2575 εἰσέρχεται.
1080 2506 1345 2575 Ἀμωμος
1384 2504 1495 2575 γάρ
1526 2501 1661 2558 οὖσα
1701 2505 1797 2561 καὶ

209 2590 459 2659 καθαρά,
495 2591 763 2662 ἀμώμους
793 2593 889 2645 καὶ
921 2592 1168 2664 καθαράς
1192 2593 1368 2663 ψυχὰς
1387 2593 1560 2663 ζητεῖ.
1590 2592 1796 2648 Μακά-

200 2697 337 2749 ριοι
379 2680 507 2749 γὰρ,
547 2684 735 2752 φησιν,
763 2685 817 2736 οἱ
851 2682 1097 2753 καθαροὶ
1121 2681 1197 2753 τῇ
1229 2682 1465 2753 καρδίᾳ,
1505 2683 1596 2737 ὅτι
1627 2684 1798 2745 αὐτοὶ

209 2772 331 2826 τὸν
360 2773 509 2827 Θεὸν
530 2772 805 2841 ἅψονται.

293 2866 373 2920 Ε’.
404 2868 496 2918 Δεῖ
536 2867 644 2940 γάρ
683 2867 784 2937 τὴν
826 2866 1003 2939 ψυχὴν
1036 2866 1134 2939 τὴν
1159 2868 1217 2923 ἐν
1245 2867 1476 2941 ἀληθείᾳ
1507 2868 1799 2924 πιστεύουη

212 2976 326 3013 σαν
373 2958 634 3031 Χριστῷ,
678 2961 1043 3032 μετατεθῆναι
1076 2962 1174 3017 καὶ
1217 2961 1519 3033 ἀλλαγῆναι
1549 2963 1658 3017 ἀπὸ
1701 2963 1802 3033 τῆς

1889 509 2068 555 curat.
2118 500 2248 556 Ovis
2289 510 2472 557 autem
2525 517 2682 558 ovem
2734 518 2932 559 curare
2988 505 3202 574 nequit.
3257 506 3326 561 Et
3359 505 3469 562 nisi

1891 601 2085 645 curata
2133 591 2304 646 fuerit
2358 593 2645 650 rationalis
2696 595 2838 661 ovis,
2912 596 3079 651 homo
3128 597 3363 660 scilicet,
3412 598 3471 654 in

1890 682 2191 739 Ecclesiam
2207 685 2426 741 Domini
2440 688 2723 743 caelestem
2739 702 2848 743 non
2869 688 3196 759 ingreditur.
3218 689 3299 743 Ad
3324 690 3471 745 hunc

1889 776 2040 831 enim
2063 776 2288 832 modum
2322 777 2379 832 in
2401 778 2520 850 lege
2557 794 2779 849 quoque
2811 779 3023 833 dictum
3042 790 3126 834 est
3148 780 3250 835 sub
3279 782 3468 836 umbra

1890 876 1949 923 et
1972 868 2231 939 imagine.
2258 868 2334 925 De
2364 869 2581 940 lcproso
2611 871 2760 925 enim
2785 880 2880 925 aut
2923 872 3195 926 maculam
3231 872 3470 927 habente

1890 959 2009 1015 haec
2041 960 2277 1015 obscure
2300 961 2534 1030 loquens
2561 962 2833 1033 signiﬁcat
2866 963 3143 1034 Spiritus:
3184 964 3465 1035 Leprosus,

1892 1052 2092 1123 inquit,
2129 1061 2179 1106 et
2222 1052 2492 1108 maculam
2520 1043 2743 1120 habens,
2782 1072 2889 1109 non
2920 1058 3247 1126 ingredietur
3280 1059 3335 1110 in
3369 1057 3477 1111 Ec~

1892 1143 2107 1197 clesiam
2134 1143 2346 1198 Domini
2368 1145 2433 1197 ⁷³.
2459 1146 2661 1201 Verum
2683 1150 2943 1219 przecepit
2964 1150 3206 1219 leproso,
3227 1158 3289 1203 ut
3314 1150 3477 1205 abeat

1890 1236 1959 1290 ad
1995 1236 2357 1301 sacerdotem,
2391 1246 2447 1290 et
2485 1238 2746 1306 precibus
2770 1238 2955 1293 multis
2976 1240 3214 1295 adducat
3258 1255 3386 1294 eum
3423 1240 3483 1296 in.

1893 1324 2122 1379 domum
2178 1324 2519 1381 tabernaculi
2564 1327 2673 1392 sui,
2728 1337 2784 1383 et
2824 1328 3069 1399 imponat
3117 1345 3315 1385 manus
3348 1346 3480 1388 suas

1893 1432 2061 1487 super
2094 1418 2326 1487 lepram,
2343 1419 2527 1477 locum
2552 1418 2814 1474 nimirum
2839 1431 3086 1474 notatum
3109 1431 3257 1477 tactu
3286 1422 3466 1491 leprae,

1892 1517 1947 1563 et
1980 1517 2157 1564 curet.
2175 1508 2381 1564 Eodem
2402 1526 2621 1580 quoque
2642 1510 2807 1565 modo
2826 1510 3105 1576 Christus,
3132 1528 3300 1568 verus
3325 1513 3474 1567 Pon-

1896 1600 2027 1656 tifex
2056 1600 2370 1657 futurorum
2394 1602 2688 1668 bonorum,
2709 1602 2778 1658 ad
2802 1603 3049 1674 leprosas
3070 1603 3303 1664 animas.
3323 1603 3477 1674 lepra

1893 1695 2102 1765 peccati
2116 1695 2429 1752 laborantes
2442 1697 2731 1764 inclinans,
2745 1696 3052 1768 ingreditur
3070 1696 3482 1751 tabernaculum

1893 1784 2077 1840 cordis
2131 1785 2370 1851 illarum,
2419 1794 2477 1842 et
2525 1797 2681 1842 curat
2713 1802 2778 1842 ac
2811 1799 2969 1843 sanat
3014 1787 3350 1843 affectiones.
3382 1786 3484 1841 Αι-

1895 1891 2002 1947 que
2036 1877 2143 1932 hoc
2171 1887 2333 1947 pacto
2363 1878 2567 1948 poterit
2597 1879 2780 1933 anima
2838 1878 3053 1951 ingredi
3102 1879 3158 1934 in
3198 1880 3483 1935 caelestem

1894 1969 2196 2026 Ecclesiam
2219 1980 2537 2027 sanctorum
2560 1972 2675 2026 veri
2705 1972 2941 2027 lsraelis.
2960 1972 3312 2044 Quaecunque
3333 1971 3483 2028 enim

1894 2063 2098 2129 anima,
2132 2063 2390 2118 laborans
2414 2063 2569 2132 lepra
2598 2063 2952 2118 aﬂectionum
2984 2064 3219 2134 peccati,
3243 2079 3354 2119 non
3387 2078 3483 2118 ac-

1896 2154 2126 2211 cesserit
2154 2153 2221 2209 ad
2255 2169 2446 2210 verum
2487 2154 2836 2220 Pontiﬁcem,
2859 2166 2914 2211 et
2944 2171 3091 2212 nunc
3139 2165 3332 2211 curata
3366 2154 3486 2210 fue-

1897 2249 1992 2315 rit,
2016 2249 2071 2302 in
2091 2248 2340 2303 ordinem
2364 2256 2701 2311 sanctorum,
2759 2249 2815 2303 in
2867 2249 3147 2306 coslestem
3174 2248 3479 2305 Ecclesiam

1896 2354 2011 2393 non
2046 2338 2384 2410 ingreditur.
2412 2338 2771 2394 Immaculata
2799 2339 2948 2394 enim
2969 2354 3094 2394 cum
3127 2339 3200 2395 sit
3236 2348 3291 2394 et
3322 2355 3479 2409 pura,

1899 2430 2364 2486 iucontaminatas
2413 2438 2470 2485 et
2517 2447 2687 2500 puras
2753 2430 2953 2501 quaerit
3022 2429 3251 2486 animas.
3329 2431 3487 2487 Beati

1898 2523 2064 2587 enim,
2094 2521 2296 2592 inquit,
2329 2522 2511 2578 mundi
2539 2522 2713 2589 corde,
2743 2524 2996 2597 quoniam
3021 2523 3121 2592 ipsi
3143 2522 3312 2578 Deum
3333 2523 3479 2579 vide-

1902 2616 2030 2671 bunt
2053 2616 2119 2671 ⁷⁸.

1978 2880 2040 2936 ν.
2070 2879 2299 2952 Oportet
2320 2880 2467 2936 enim
2492 2880 2731 2937 animam
2788 2897 2912 2951 quae
2943 2896 3072 2938 vere
3105 2881 3325 2939 Christo
3368 2897 3489 2938 cre-

1904 2972 2006 3039 dit,
2025 2972 2314 3029 transferri
2330 2989 2394 3029 ac
2409 2973 2614 3029 mutari
2637 2972 2706 3027 ab
2731 2973 2837 3028 hoc
2866 2989 3036 3045 pravo
3054 2983 3201 3031 statu
3242 2975 3300 3031 in
3317 2975 3486 3030 alium

212 3050 323 3107 νῦν
358 3052 602 3122 πονηρᾶς
651 3052 1060 3117 καταστάσεως,
1120 3054 1200 3117 είς
1234 3052 1430 3125 ἑτέραν
1464 3054 1802 3108 κατάστασιν

1907 3073 2109 3122 statum
2137 3065 2445 3132 bonum,et
2486 3065 2558 3120 ab
2614 3065 2718 3120 hac
2744 3064 2944 3120 humili
2970 3074 3192 3132 natura,
3246 3066 3304 3121 in
3348 3067 3490 3121 alte-

212 3143 459 3212 ἀγαθὴν,
495 3144 591 3198 καὶ
620 3143 729 3196 ἀπὸ
752 3144 849 3214 τῆς
876 3142 972 3198 νῦν
1016 3143 1234 3212 φύσεως
1270 3145 1555 3218 ταπεινῆς,
1586 3148 1664 3208 είς
1690 3144 1806 3205 ἐτέ-

217 3254 332 3308 ραν
384 3234 532 3290 θείαν
582 3235 769 3306 φύσιν,
822 3237 919 3296 καὶ
953 3238 1148 3309 καινὴν
1182 3238 1354 3308 αὐτὴν
1386 3239 1806 3310 άπεργασθῆναι

215 3329 321 3382 διὰ
357 3327 457 3398 τῆς
480 3328 763 3399 δυνάμεως
789 3331 899 3387 τοῦ
921 3330 1078 3401 ἁγίου
1110 3329 1450 3400 Πνεύματος.
1482 3333 1595 3386 Kal
1634 3330 1809 3395 οὕτως

217 3418 453 3473 δύναται
485 3419 857 3491 χρησιμεῦσαι
892 3424 973 3485 είς
1006 3422 1104 3494 τὴν
1150 3422 1474 3493 ἐπουράνιον
1506 3423 1805 3495 βασιλείαν.

218 3511 426 3581 Τυχεῖν
446 3512 501 3565 δὲ
528 3512 731 3567 τούτων
754 3514 885 3585 ἡμῖν
914 3513 1068 3568 ἔσται
1092 3513 1432 3582 πιστεύουσι,
1467 3516 1562 3569 καὶ
1585 3516 1812 3585 ἀγαπῶ-

223 3621 325 3663 σιν
381 3605 542 3660 αὐτὸν
593 3607 652 3660 ἐν
682 3606 937 3678 ἀληθείᾳ,
983 3606 1079 3661 καὶ
1118 3607 1177 3660 ἐν
1209 3607 1417 3671 πάσαις
1449 3609 1573 3670 ταῖς
1625 3607 1811 3677 ἁγίαις

221 3700 404 3755 αὐτοῦ
461 3699 705 3765 ἐντολαῖς
764 3700 1293 3772 ἀναστρεφομένοις.
1326 3702 1389 3755 Εί
1416 3699 1527 3773 γὰρ
1574 3700 1669 3753 ἐπὶ
1713 3698 1808 3753 τοῦ

236 3793 554 3847 Ἐλισσαίου
606 3793 670 3846 τὸ
721 3791 885 3861 φύσει
938 3790 1139 3861 κοῦφον
1194 3790 1351 3856 ξύλον
1392 3793 1451 3843 ἐν
1497 3792 1611 3853 τοῖς
1656 3788 1813 3843 ὕδασι

224 3884 436 3956 βληθὲν
483 3885 753 3955 ἀνήνεγκε
804 3883 867 3937 τὸ
925 3882 1087 3954 φύσει
1139 3882 1276 3955 βαρὺ
1337 3882 1599 3954 σιδήριον,
1662 3881 1815 3953 πόσῳ

228 3977 443 4048 μᾶλλον
474 3976 711 4031 ἐνταῦθα
756 3974 1047 4029 ἀποστελεῖ
1075 3976 1102 4028 6
1136 3974 1342 4046 Κύριος
1374 3975 1435 4028 τὸ
1463 3975 1687 4044 κοῦφον,
1721 3975 1817 4028 καὶ

225 4070 496 4141 ἐλαφρὸν,
527 4071 620 4123 καὶ
637 4069 863 4139 ἀγαθὸν,
889 4069 984 4123 καὶ
1008 4068 1331 4140 ἐπουράνιον
1364 4067 1532 4121 αὐτοῦ
1566 4066 1815 4139 Πνεῦμα,

225 4163 335 4217 καὶ
363 4161 431 4215 δι’
456 4160 621 4216 αὐτοῦ
654 4160 755 4232 τὴν
792 4145 1196 4232 βεϐυθισμένην
1244 4162 1356 4224 τοῖς
1397 4158 1553 4212 ὕδασι
1591 4160 1689 4229 τῆς
1720 4176 1817 4212 πο-

227 4256 434 4326 νηρίας
459 4254 637 4325 ψυχὴν
670 4254 975 4322 ἀνενεγκεῖ,
1013 4254 1108 4307 καὶ
1142 4252 1418 4322 κουφίσει,
1458 4252 1554 4305 καὶ
1602 4250 1819 4323 πτερὼ-

230 4366 322 4403 σει
354 4346 487 4417 πρὸς
514 4346 585 4399 τὰ
625 4343 734 4415 ὕψη
778 4344 887 4397 τῶν
932 4344 1202 4413 οὐρανῶν,
1252 4343 1347 4397 καὶ
1376 4342 1679 4414 μεταϐαλεῖ
1724 4342 1818 4396 καὶ

228 4439 460 4504 ἀλλάξει
491 4438 661 4509 αὐτὴν
692 4441 756 4491 ἐκ
788 4436 890 4507 τῆς
915 4437 1053 4500 ἰδίας
1083 4435 1298 4504 φύσεως
1324 4438 1337 4490 ι

307 4533 404 4600 ς’.
436 4531 547 4584 Kal
578 4529 768 4600 ὥσπερ
795 4530 854 4582 ἐν
885 4531 997 4592 τοῖς
1028 4528 1376 4599 φαινομένοις
1397 4529 1573 4596 οὐδεὶς
1601 4530 1823 4586 δύναται

229 4627 304 4680 δι’
337 4622 532 4677 ἑαυτοῦ
561 4626 800 4693 περάσαι
835 4621 930 4674 καὶ
963 4620 1191 4675 διελθεῖν
1215 4621 1314 4691 τὴν
1344 4619 1644 4690 θάλασσαν,
1667 4625 1716 4678 εἰ
1743 4624 1821 4696 μὴ

232 4717 435 4789 ἐχειτὸ
475 4716 679 4786 κοῦφον
706 4716 802 4769 καὶ
830 4714 1067 4786 ἐλαφρὸν
1094 4715 1302 4780 πλοῖον,
1335 4714 1397 4768 τὸ
1427 4716 1493 4769 ἐκ
1525 4715 1686 4780 ξύλου
1717 4733 1823 4770 κα-

232 4810 637 4877 τασκευασθὲν,
670 4810 730 4863 τὸ
780 4809 942 4880 μόνον
975 4809 1164 4864 ἐπάνω
1199 4808 1307 4862 τῶν
1342 4809 1549 4871 ὑδάτων
1584 4828 1823 4881 περιπα-

232 4910 355 4961 τεῖν
381 4905 713 4975 δυνάμενον·
748 4901 1202 4965 καταποντίζεται
1230 4902 1338 4972 γὰρ
1367 4904 1461 4955 καὶ
1496 4902 1819 4965 ἀπόλλυται.

236 5002 308 5055 ἂν
332 4998 589 5069 ἐπιϐαίνῃ
620 5014 703 5060 τις
748 4997 806 5051 ἐν
845 4998 911 5065 τῇ
956 4994 1236 5067 θαλάσσῃ·
1272 4995 1366 5049 τὸν
1400 4995 1567 5049 αὑτὸν
1619 4994 1824 5066 τρόπον

237 5092 504 5147 ἀδύνατον
545 5090 724 5160 ψυχὴν
754 5088 823 5142 δι’
863 5088 1065 5157 ἑαυτῆς
1112 5087 1341 5143 διελθεῖν
1371 5090 1465 5142 καὶ
1491 5088 1824 5159 ὑπερϐῆναι,

238 5188 341 5241 καὶ
368 5184 700 5254 διαπεράσαι
723 5182 819 5253 τὴν
853 5180 1059 5252 πικράν
1083 5180 1362 5236 θάλασσαν
1405 5182 1505 5251 τῆς
1530 5181 1825 5251 ἁμαρτίας,

214 5262 341 5333 Δκαὶ
369 5278 467 5347 τὴν
506 5275 752 5347 χαλεπὴν
794 5274 1032 5330 ἄϐυσσον
1075 5273 1187 5329 τῶν
1238 5276 1493 5346 πονηρῶν
1541 5275 1828 5345 δυνάμεων

237 5372 339 5426 τοῦ
370 5374 597 5437 σκότους
626 5373 737 5426 τῶν
759 5373 971 5439 παθῶν,
1012 5374 1062 5426 εί
1090 5374 1247 5445 μὴτὸ
1278 5374 1513 5445 ἐλαφρὸν
1545 5374 1639 5426 καὶ
1666 5375 1829 5427 ἐπου-

242 5463 433 5533 ράνιον
476 5464 572 5518 καὶ
611 5464 877 5536 εὔπτερον
908 5465 1002 5519 τοῦ
1050 5464 1288 5537 Χριστοῦ
1320 5464 1547 5536 Πνεῦμα
1594 5464 1823 5532 δέξεται,

240 5557 434 5621 ἐπάνω
460 5556 563 5628 τῆς
591 5559 856 5630 πονηρίας
903 5559 1030 5630 ὅλης
1064 5559 1405 5631 περιπατοῦν
1430 5559 1526 5613 καὶ
1559 5558 1819 5627 διοδεῦον,

317 5734 365 5769 ’⁸
390 5735 530 5795 Lev.
564 5753 677 5810 nl,
710 5738 796 5794 18.
874 5738 919 5771 ⁷³
958 5736 1149 5794 Matth.
1177 5754 1229 5804 v,
1254 5737 1305 5792 8.
1384 5739 1430 5771 ⁸ο
1461 5738 1528 5795 ιγ
1558 5738 1689 5811 Reg.
1724 5755 1800 5807 γι,
1836 5738 1890 5795 5.

1910 3172 2027 3214 ram
2052 3156 2298 3212 divinam
2327 3164 2606 3223 naturam,
2631 3171 2866 3227 eamque
2899 3171 3100 3212 novam
3120 3156 3259 3212 efﬁci
3282 3157 3488 3213 virtute

1911 3248 2155 3319 Spiritus
2189 3248 2361 3305 sancti
2386 3265 2401 3316 ;
2426 3256 2483 3304 et
2512 3248 2615 3304 hac
2645 3249 2860 3305 ratione
2891 3247 3097 3320 poterit
3121 3248 3321 3306 idonea
3367 3265 3491 3307 esse

1911 3340 1979 3399 ad
2002 3341 2226 3396 cteleste
2261 3356 2509 3412 regnum.
2550 3340 2825 3411 Consequi
2861 3349 3046 3397 autem
3090 3342 3208 3397 hac
3238 3351 3491 3403 nostrum

1909 3440 2016 3497 est,
2047 3433 2143 3504 qui
2168 3432 2445 3493 credimus
2494 3439 2551 3488 et
2595 3448 2726 3488 vere
2770 3432 3055 3504 diligimus
3100 3433 3279 3499 illum,
3328 3444 3385 3490 et
3433 3435 3493 3494 in

1913 3527 2173 3584 omnibus
2186 3527 2392 3582 sanctis
2410 3525 2683 3583 mandatis
2696 3527 2746 3598 ej
2754 3542 2818 3583 us
2834 3542 3249 3583 conversamur.
3269 3527 3326 3584 Si
3343 3528 3495 3585 enim

1914 3628 2166 3690 tempore
2201 3619 2407 3685 Elisaai,
2442 3618 2674 3689 lignum,
2705 3618 2854 3689 quod
2912 3626 3108 3674 natura
3140 3619 3259 3674 leve
3303 3630 3409 3687 est,
3436 3620 3496 3677 in

1917 3728 2120 3784 aquam
2147 3713 2463 3783 conjectum
2490 3710 2559 3776 ⁸⁰,
2587 3710 2786 3767 extulit
2825 3710 3059 3777 ferrum,
3098 3712 3248 3783 quod
3293 3723 3497 3772 natura

1916 3822 2081 3878 grave
2101 3814 2221 3862 est:
2249 3817 2457 3875 quanto
2481 3806 2655 3875 magis
2680 3805 2984 3861 mittethuc
3005 3806 3272 3861 Dominus
3293 3807 3493 3873 levem,

1917 3899 2199 3963 subtilem,
2225 3898 2433 3953 bonum
2458 3907 2515 3952 et
2540 3898 2819 3955 caelestem
2838 3914 3001 3954 suum
3030 3899 3324 3970 Spiritum,
3346 3900 3498 3971 ejus-

1919 4005 2027 4060 que
2052 4004 2156 4059 ope
2180 3988 2525 4043 submersam
2545 3989 2702 4057 aquis
2715 3989 2979 4059 nequitia:
2994 3991 3235 4046 animam
3248 3991 3496 4056 extollet,

1918 4090 1974 4137 et
2036 4079 2276 4135 elevabit
2319 4086 2483 4148 atque
2522 4078 2741 4134 evolare
2774 4078 2938 4134 faciet
2975 4080 3044 4135 ad
3073 4081 3333 4136 sublimia
3384 4096 3498 4138 ca:-

1920 4173 2119 4238 lorum,
2152 4187 2217 4229 ac
2262 4171 2657 4243 transmutabit
2694 4180 2752 4228 et
2777 4181 3065 4231 convertet
3092 4188 3214 4229 eam
3242 4190 3273 4229 a
3301 4181 3501 4229 natura

1922 4280 2019 4320 sua
2041 4266 2053 4319 ι

1994 4541 2085 4597 Vl.
2109 4541 2178 4597 Et
2211 4538 2677 4611 quemadmodum
2712 4539 2769 4594 in
2802 4538 2971 4596 rebus
3000 4539 3316 4611 conspicuis
3341 4557 3506 4597 nemo

1922 4640 2104 4704 potest
2124 4648 2223 4703 per
2245 4648 2302 4688 se
2322 4632 2558 4689 transire
2585 4641 2643 4688 et
2680 4632 2936 4703 trajicere
2968 4647 3143 4699 mare,
3170 4633 3275 4689 nisi
3306 4633 3508 4689 habeat

1921 4727 2099 4782 levem
2125 4734 2182 4780 et
2208 4732 2431 4781 tenuem
2466 4724 2803 4789 naviculam,
2833 4739 2900 4778 ex
2931 4723 3083 4795 ligno
3106 4732 3503 4787 constructam,

1922 4833 2045 4890 quae
2073 4819 2191 4874 sola
2219 4833 2384 4887 super
2410 4832 2582 4888 aquas
2606 4816 2863 4872 incedere
2897 4825 3114 4886 potest;
3165 4817 3507 4888 demergitur

1928 4912 2078 4968 enim
2101 4919 2158 4966 et
2186 4911 2394 4975 interit,
2425 4910 2472 4964 si
2499 4909 2745 4966 ambulet
2798 4909 2922 4979 quis
2972 4909 3031 4965 in
3087 4909 3263 4964 mari:
3310 4908 3507 4963 eodem

1930 5006 2095 5062 modo
2123 5005 2317 5075 nequit
2343 5005 2524 5059 anima
2550 5019 2650 5074 per
2682 5019 2740 5058 se
2773 5003 2943 5073 ipsam
2963 5003 3220 5067 transire,
3245 5017 3508 5072 superare

1932 5108 2031 5154 aut
2065 5099 2320 5169 trajicere
2353 5097 2614 5152 acerbum
2646 5111 2796 5150 mare
2835 5095 3068 5166 peccati,
3122 5102 3181 5150 et
3230 5093 3507 5149 diﬂicilem

1934 5192 2190 5265 abyssum
2210 5204 2505 5260 pravorum
2535 5188 2833 5258 spirituum
2861 5187 3112 5258 caliginis
3128 5186 3506 5251 aﬂectionum,

1933 5284 2041 5340 nisi
2084 5283 2365 5347 subtilem,
2404 5282 2684 5337 ctelestem
2727 5290 2786 5334 et
2826 5280 3104 5335 volatilem
3147 5278 3354 5334 Christi
3387 5277 3511 5347 Spi-

1932 5378 2099 5431 ritum
2125 5374 2452 5444 susceperit,
2492 5388 2660 5442 super
2687 5385 2908 5426 omnem
2950 5368 3254 5439 nequitiam
3313 5367 3511 5422 ambu—

1929 5472 2132 5527 lantem
2193 5477 2250 5524 et
2303 5467 2671 5531 incedentem,
2715 5464 2875 5533 cujus
2921 5477 3049 5533 ope,
3083 5460 3312 5527 auxilio,
3356 5468 3509 5515 recto

1929 5569 1983 5619 et
2013 5560 2196 5615 minus
2218 5571 2455 5614 erroneo
2470 5571 2637 5611 cursu
2657 5554 2724 5610 ad
2743 5554 3025 5611 cualcstem
3044 5560 3267 5624 portum
3282 5550 3507 5623 quietis,
