4044 6516
614 307 727 375 783

1867 315 1926 376 S.
1969 314 2286 375 MACARII
2327 312 2647 376 IEGYPTII

3743 316 3833 385 ιιι

615 426 689 483 ad
720 425 1003 485 civitatem
1035 425 1188 498 regni
1218 426 1423 497 poterit
1460 426 1770 498 pervenire.
1818 426 2172 492 Quemadmo‘

2285 429 2355 485 δι’
2378 422 2441 484 οὗ
2466 428 2815 501 εύθυδρόμως
2844 416 2939 484 καὶ
2969 428 3147 500 ὀρθῶς
3180 429 3263 493 είς
3296 428 3387 483 τδν
3420 427 3744 501 ἐπουράνιον
3763 435 3833 489 λι-

614 519 749 583 dnm
776 528 958 575 autem
982 520 1077 590 qui
1101 530 1231 575 sunt
1260 520 1317 575 in
1343 520 1493 585 navi,
1539 535 1571 574 e
1615 518 1754 575 mari
1783 534 1891 573 non
1914 518 2172 573 hauriunt

2288 522 2426 592 μένα
2458 522 2555 593 τῆς
2586 522 2965 589 ἀναπαύσεως,
3008 524 3089 585 είς
3119 522 3219 593 τὴν
3251 522 3405 576 πόλιν
3429 523 3529 593 τῆς
3576 524 3836 593 βασιλείας

612 626 718 667 nec
739 610 961 673 bibunt.
986 626 1090 667 nec
1127 627 1195 666 ex
1222 626 1289 666 eo
1316 611 1643 666 vestimenta
1695 619 1789 664 aut
1832 610 2039 665 victum
2089 625 2184 665 ac-

611 704 852 775 cipiunt.
882 704 977 760 sed
999 703 1221 758 aliunde
1244 702 1298 757 in
1329 718 1521 758 navem
1558 702 1887 772 important:
1938 701 2019 756 sic
2040 716 2181 771 quo-

611 811 721 865 que
739 796 935 851 animae
958 793 1398 851 Christianorum
1427 808 1536 849 non
1570 809 1636 849 ex
1673 794 1777 848 hoc
1807 793 2027 857 saeculo,
2085 792 2181 847 sed

610 886 929 957 supernitus
957 901 988 941 e
1034 886 1174 940 cmlo
1212 884 1397 939 cibum
1434 884 1711 940 caelestem
1755 894 1812 940 et
1863 884 2181 940 indumenta

610 976 915 1047 spiritualia
945 976 1260 1045 accipiunt:
1291 984 1458 1047 atque
1482 976 1608 1031 inde
1634 976 1885 1031 viventes
1906 1016 1920 1041 ,
1968 976 2022 1030 in
2055 976 2180 1030 navi

608 1069 740 1125 boni
754 1079 810 1125 et
825 1070 1029 1126 vivifici
1051 1070 1292 1141 Spiritus
1310 1070 1610 1136 ambulant,
1629 1078 1685 1125 et
1704 1070 2183 1141 transgrediuntur

607 1161 952 1219 adversarias
974 1163 1288 1235 principum
1309 1174 1364 1219 et
1380 1170 1711 1234 potestatum
1739 1178 1935 1233 pravas
1955 1162 2181 1218 faculta-

606 1264 711 1311 tes.
732 1255 801 1312 Et
825 1256 1291 1327 quemadmodum
1315 1273 1383 1313 et
1407 1256 1567 1312 unica
1598 1266 1796 1312 natura
1828 1256 1963 1327 ligni
1986 1271 2180 1311 omnes

603 1363 774 1405 naves
794 1358 1211 1414 construuntur,
1224 1364 1458 1420 quarum
1474 1347 1742 1404 beneﬁcio
1761 1347 2015 1403 homines
2030 1362 2179 1401 ama-

609 1453 734 1494 rum
756 1450 987 1510 possunt
1016 1449 1352 1497 transmeare
1374 1454 1526 1494 mare
1551 1456 1564 1492 :
1601 1437 1681 1493 sic
1700 1452 1766 1492 ex
1792 1437 1952 1491 unica
1974 1435 2178 1490 divini-

606 1537 717 1584 tate
742 1529 885 1586 lucis
905 1531 1145 1587 cmlestis
1160 1529 1502 1585 diversorum
1525 1527 1710 1599 gratia:
1730 1525 2179 1597 donorumunius

607 1620 767 1694 152
807 1620 1066 1691 Spiritus,
1092 1635 1283 1677 omnes
1300 1618 1736 1676 Christianorum
1766 1616 1962 1671 anima:
1984 1630 2175 1671 corro-

603 1712 812 1767 borata:
846 1712 1160 1767 universam
1183 1710 1543 1781 supervolant
1567 1707 1895 1779 nequitiam.

2283 613 2569 680 δυνήσεται
2626 611 2984 683 καταντῆσαι.
3020 612 3233 684 Ὠσπερ
3293 612 3353 667 δέ
3384 614 3432 666 οἱ
3479 614 3541 667 ἐν
3571 613 3650 684 τῷ
3682 616 3835 687 πλοίῳ

2283 704 2349 757 ἐκ
2372 704 2473 773 τῆς
2505 703 2784 775 θαλάσσης
2812 703 2912 757 οὐκ
2934 704 3190 773 ἀρύονται
3210 705 3304 757 καὶ
3332 702 3602 771 πίνουσιν,
3637 705 3759 759 οὔτε
3786 709 3835 776 ἐξ

2284 794 2453 864 αὐτῆς
2496 794 2566 848 τὰ
2610 794 2881 865 ἐνδύματα
2918 796 3013 850 καὶ
3066 795 3164 860 τὰς
3222 796 3431 868 τροφὰς
3462 797 3704 867 ἔχουσιν,
3733 800 3834 854 ἀλλ’

2282 884 2480 949 ἔξωθεν
2514 887 2574 939 ἐν
2596 885 2673 956 τῷ
2721 887 2891 957 πλοίῳ
2918 887 3328 959 ἐπικομίζονται
3352 903 3368 919 ⁸
3390 888 3569 950 οὕτως
3594 890 3650 941 αῖ
3681 889 3838 959 ψυχαὶ

2279 975 2389 1029 τῶν
2420 975 2785 1047 Χριστιανῶν,
2837 976 2938 1030 οὐκ
2984 978 3047 1031 ἐκ
3086 976 3179 1031 τοῦ
3248 978 3445 1041 αἰῶνος
3483 977 3707 1043 τούτου,
3734 980 3835 1035 ἀλλ’

2280 1064 2488 1120 ἀνωθεν
2523 1066 2584 1132 ἐξ
2644 1066 2877 1138 ούρανοῦ
2903 1068 3107 1140 τροφὴν
3149 1069 3398 1139 οὐράνιον
3452 1070 3551 1123 καὶ
3579 1068 3837 1139 ἐνδύματα

2280 1160 2627 1228 πνευματικὰ
2658 1158 3016 1229 λαμϐάνουσι,
3061 1160 3314 1214 κάκεῖθεν
3340 1161 3513 1227 ζῶσαι
3552 1162 3614 1214 ἐν
3658 1164 3727 1231 τῇ
3760 1163 3836 1234 νηῖ

2276 1248 2374 1303 τοῦ
2435 1250 2642 1320 ἀγαθοῦ
2708 1251 2803 1306 καὶ
2862 1252 3126 1317 ζωοποιοῦ
3198 1254 3517 1323 Πνεύματος
3582 1254 3836 1323 ἐμϐᾶσαι,

2277 1339 2650 1411 παρέρχονται
2700 1340 2802 1405 τὰς
2822 1342 3067 1407 ἐναντίας
3103 1343 3214 1396 τῶν
3248 1345 3432 1416 ἀρχῶν
3453 1347 3552 1397 καὶ
3586 1344 3837 1409 ἐξουσιῶν

2276 1434 2524 1503 πονηρὰς
2546 1433 2830 1503 δυνάμεις.
2847 1435 2959 1488 Καὶ
2985 1434 3174 1506 ὥσπερ
3201 1436 3266 1489 ἐκ
3290 1438 3420 1506 μιᾶς
3445 1436 3669 1504 φύσεως
3689 1435 3835 1501 ξύλου

2274 1524 2457 1579 πάντα
2489 1524 2561 1578 τὰ
2590 1525 2751 1580 πλοῖα
2776 1526 3313 1594 κατασκευάζονται,“
3339 1528 3407 1580 δι’
3441 1521 3516 1582 ὧν
3547 1528 3837 1599 παρελθεῖν

2273 1617 2325 1670 οἱ
2378 1616 2653 1688 ἄνθρωποι
2707 1617 2809 1688 τὴν
2865 1622 3070 1689 πικρὰν
3132 1619 3452 1691 δυνήσονται
3526 1620 3833 1674 θάλασσαν-

2277 1707 2449 1772 οῦτως
2474 1709 2541 1762 ἐκ
2567 1710 2697 1778 μιᾶς
2738 1708 2991 1781 θεότητος
3018 1711 3196 1781 φωτὸς
3216 1711 3470 1781 οὐρανίου
3496 1713 3609 1767 τῶν
3656 1712 3837 1781 διαφό-

604 1822 715 1876 ρων
751 1803 1114 1874 χαρισμάτων
1156 1802 1253 1857 τοῦ
1310 1803 1429 1867 ἐνὸς
1476 1802 1815 1873 Πνεύματος,
1870 1800 2043 1855 πᾶσαι
2102 1797 2213 1853 τῶν
2249 1800 2592 1871 Χριστιανῶν
2648 1802 2707 1856 αί
2741 1801 2914 1874 ψυχαὶ
2955 1802 3357 1876 δυναμούμεναι
3383 1806 3481 1875 τὴν
3505 1804 3643 1874 δλην
3695 1822 3840 1877 περι-

604 1896 857 1950 ίπτανται
893 1894 1187 1966 πονηρίαν.

668 1986 786 2045 γιι.
822 1987 1027 2044 Verum
1057 2003 1183 2044 cum
1227 1988 1386 2043 navis
1411 1995 1469 2043 et
1509 1987 1876 2060 gubernatore
1909 1985 2171 2058 indigeat,

2352 1987 2426 2041 Z'.
2478 1985 2634 2039 Ἐπεὶ
2687 1985 2746 2040 δέ
2784 1986 2847 2040 τὸ
2882 1985 3067 2041 πλοῖον
3100 1985 3195 2041 καὶ
3235 1988 3578 2060 κυϐερνήτου
3602 1989 3799 2059 χρῄζει
3822 2029 3839 2056 ,

599 2088 659 2134 et
682 2086 985 2150 temperato
1015 2087 1073 2135 et
1094 2094 1311 2135 ama-no
1333 2090 1521 2146 vento,
1557 2080 1624 2135 ad
1648 2080 1883 2136 feliciter
1913 2080 2176 2150 navigan-

600 2170 769 2236 dum;
797 2172 918 2229 haec
940 2171 1127 2227 omnia
1150 2180 1235 2227 est
1271 2171 1387 2243 ipse
1416 2171 1683 2228 Dominus
1702 2170 1758 2225 in
1803 2171 1982 2226 anima
2025 2169 2173 2226 ﬁdeli

599 2264 826 2334 degens,
861 2272 918 2319 et
946 2262 1192 2334 perferre
1226 2277 1347 2317 eam
1376 2262 1585 2318 faciens
1631 2261 1891 2317 molestas
1964 2270 2175 2332 tempe-

599 2363 771 2411 states
792 2362 850 2410 et
878 2352 1093 2411 feroces
1112 2354 1332 2410 malitia:
1351 2354 1573 2419 ﬂuctus,
1598 2361 1765 2424 atque
1790 2352 2027 2424 impetus
2050 2354 2173 2409 vio-

597 2442 876 2500 lentorum
927 2444 1133 2514 peccati
1183 2453 1514 2507 ventorum;
1557 2451 1616 2500 et
1655 2442 1876 2514 quidem
1932 2443 2170 2509 fortiter,

601 2534 886 2591 ferventer
909 2551 973 2592 ac
1002 2536 1159 2602 scite,
1196 2542 1258 2591 ut
1281 2536 1398 2606 ipse
1443 2535 1616 2600 novit,
1655 2535 1925 2591 dissoluto
1975 2550 2170 2590 eorum

596 2637 761 2683 astu.
791 2626 1013 2698 Absque
1046 2626 1255 2683 caelesti
1300 2627 1447 2683 enim
1492 2627 1877 2699 gubernatore,
1923 2625 2167 2693 Christo,

596 2733 709 2772 non
766 2726 949 2788 potest
989 2716 1263 2787 quispiam
1324 2715 1575 2787 trajicere
1631 2732 1952 2787 perversum
2018 2731 2169 2772 mare

597 2815 937 2879 potestatum
962 2808 1338 2871 tenebrarum,
1352 2821 1417 2862 ac
1437 2806 1791 2877 molestarum
1806 2805 2169 2861 tentationum

594 2899 829 2955 atllatus.
858 2898 1158 2974 Ascendunt
1189 2898 1361 2963 enim,
1393 2898 1593 2969 inquit,
1623 2914 1787 2969 usque
1813 2898 1884 2951 ad
1909 2896 2084 2963 caelos,
2118 2905 2170 2951 et

595 2991 912 3045 descendunt
945 3006 1110 3062 usque
1153 2990 1224 3044 ad
1257 2990 1467 3062 abyssos
1489 2990 1560 3044 ⁸¹.
1596 2988 1826 3045 Omnem
1866 3003 2032 3059 porro
2071 3004 2170 3060 guo

593 3082 866 3139 bernandi
890 3072 1201 3146 scientiam,
1233 3082 1363 3137 item
1387 3081 1661 3138 bellorum
1690 3096 1756 3139 ac
1802 3082 2167 3137 tentationum

592 3176 771 3240 novit,
820 3190 988 3245 super
1039 3174 1254 3231 feroces
1292 3172 1493 3228 ﬂuctus
1539 3172 1821 3229 incedens.
1854 3171 1971 3243 Ipse
2004 3173 2165 3238 enim,

593 3266 798 3337 inquit,
850 3272 1104 3333 tentatus,
1151 3272 1318 3338 potest
1362 3265 1428 3320 iis
1467 3263 1558 3350 qui
1607 3272 1900 3331 tentantur,
1951 3279 2167 3318 succur-

593 3373 717 3435 rere
738 3358 810 3415 ⁸’σ

662 3532 801 3593 Vill.
845 3535 1075 3607 Oportet
1106 3550 1237 3608 ergo
1264 3535 1510 3593 converti
1542 3551 1606 3593 ac
1634 3535 1991 3592 transmutari
2040 3534 2162 3590 ani-

592 3643 715 3684 mas
740 3636 959 3684 nostras
987 3644 1018 3683 a
1047 3627 1299 3699 praesenti
1331 3636 1477 3683 statu
1515 3628 1569 3683 in
1604 3628 1835 3683 alterum
1860 3635 2084 3691 statum,
2102 3632 2160 3680 et

590 3717 836 3773 divinam
869 3726 1153 3785 naturam,
1204 3726 1261 3773 et
1298 3716 1415 3774 fieri
1441 3733 1614 3773 novos
1656 3733 1689 3774 e
1723 3716 2024 3783 veteribus,
2052 3716 2158 3771 hoc

593 3818 699 3873 est,
733 3809 930 3873 bonos,
960 3808 1229 3880 benignos
1255 3824 1320 3865 ac
1356 3808 1565 3873 ﬁdeles,
1590 3824 1658 3864 ex
1687 3808 1901 3863 acerbis
1931 3816 1987 3862 et
2034 3806 2159 3861 infi-

590 3901 806 3958 delibus
831 3940 847 3967 ,
870 3910 927 3957 et
945 3901 1025 3956 sic
1051 3900 1279 3956 idoneos
1307 3899 1516 3956 cmlesti
1541 3914 1709 3970 regno
1731 3897 1849 3953 ﬁeri
1877 3904 1934 3952 et
1956 3896 2159 3952 consti-

593 3993 696 4050 tui.
722 3994 925 4049 Beatus
946 3994 1093 4049 enim
1127 3993 1329 4048 Paulus
1360 3991 1428 4047 de
1460 3991 1820 4047 conversione
1847 3999 1905 4044 et
1939 4004 2156 4043 assum-

586 4086 777 4158 ptione
800 4100 1040 4155 sua,qua
1066 4084 1502 4154 comprehensus
1530 4090 1616 4137 est
1634 4097 1665 4136 a
1689 4078 2157 4146 Domino,scribit

585 4177 740 4232 hac:
799 4175 901 4231 Sed
952 4185 1142 4241 sector,
1170 4178 1215 4229 si
1248 4177 1406 4229 etiam
1439 4172 1854 4244 apprehendam,
1896 4181 2154 4242 quatenus

587 4278 639 4324 et
671 4276 1029 4340 apprehensus
1063 4284 1182 4322 sum
1230 4285 1264 4322 a
1294 4265 1499 4323 Christo
1522 4265 1590 4320 ⁸³.
1634 4264 1755 4333 Quo
1791 4265 1962 4335 igitur
1992 4272 2153 4334 pacto

586 4359 1076 4431 comprehenditur
1117 4374 1149 4413 a
1200 4357 1350 4412 Deo?
1408 4355 1877 4423 Quemadmodum
1915 4354 2063 4410 enim
2105 4353 2153 4408 si

587 4450 833 4521 captivos
849 4448 1136 4520 quosdam,
1156 4464 1295 4519 quos
1315 4456 1590 4519 rapuerat,
1614 4457 1879 4520 tyrannus
1893 4446 2151 4512 abducat,

587 4540 848 4611 deinceps
874 4538 991 4611 ipse
1013 4539 1510 4610 comprehendatur
1529 4555 1561 4595 a
1583 4554 1714 4595 vero
1728 4555 1884 4612 rege:
1916 4540 1989 4594 ita
2008 4553 2149 4609 quo-

2276 2078 2377 2133 καὶ
2414 2078 2685 2151 εὐκράτου
2738 2079 2833 2133 καὶ
2859 2079 3016 2150 ἡδέος
3049 2079 3254 2150 ἀνέμου
3298 2081 3435 2149 πρὸς
3474 2081 3536 2134 τὸ
3582 2080 3837 2135 διαπλεῦ-

2274 2186 2365 2222 σαι
2386 2168 2587 2234 καλῶς,
2613 2166 2787 2223 ταῦτα
2813 2168 2992 2223 πάντα
3020 2167 3182 2232 αὐτός
3205 2170 3355 2221 ἐστιν
3391 2170 3419 2221 6
3440 2168 3652 2239 Κύριος
3681 2170 3743 2221 ἐν
3768 2171 3827 2239 τῇ

2273 2261 2438 2330 πιστῇ
2489 2259 2634 2330 ψυχῇ
2670 2258 2976 2329 γινόμενος,
3013 2260 3107 2313 καὶ
3150 2260 3427 2331 διαπερῶν
3484 2262 3661 2331 αὐτὴν
3722 2262 3839 2323 τοὺς

2272 2348 2483 2411 δεινοὺς
2515 2348 2812 2419 χειμῶνας,
2835 2348 2930 2403 καὶ
2957 2348 3025 2401 τά
3054 2348 3220 2419 ἄγρια
3240 2349 3338 2418 τῆς
3364 2350 3635 2420 πονηρίας
3672 2350 3836 2419 κύμα-

2271 2455 2363 2503 τα,
2400 2439 2496 2491 καὶ⁵
2541 2439 2640 2502 τὰς
2688 2439 3005 2509 καταιγίδας
3033 2439 3140 2493 τῶν
3171 2439 3362 2509 βιαίων
3407 2440 3510 2508 τῆς
3566 2441 3841 2510 ἁμαρτίας

2271 2529 2492 2599 ἀνέμων
2521 2569 2539 2594 ,
2580 2530 2823 2595 δυνατῶς
2866 2532 2961 2586 καὶ
3000 2531 3261 2603 ἐμπύρως
3297 2532 3394 2586 καὶ
3433 2534 3837 2602 ἐπιστημόνως,

2267 2619 2345 2683 ῶς
2391 2621 2553 2685 αὐτὸς
2604 2621 2911 2689 ἐπίσταται,
2950 2622 3181 2677 διαλύων
3229 2623 3322 2676 τὸν
3360 2622 3608 2676 κλύδωνα
3638 2624 3838 2678 αὐτῶν.

2274 2711 2437 2766 Ἄνευ
2490 2713 2600 2785 γὰρ
2640 2712 2734 2767 τοῦ
2797 2714 3119 2787 ἐπουρανίου
3180 2715 3517 2787 κυϐερνήτου
3567 2717 3834 2787 Χριστοῦ,

2270 2802 2533 2859 ἀδύνατόν
2562 2822 2669 2859 τινι
2694 2806 2987 2879 παρελθεῖν
3006 2808 3105 2877 τὴν
3148 2809 3393 2881 πονηρὰν
3422 2808 3711 2863 θάλασσαν
3740 2811 3841 2864 τῶν

2272 2894 2558 2967 δυνάμεων
2602 2899 2697 2953 τοῦ
2749 2901 3008 2966 σκότους,
3054 2901 3151 2953 καὶ
3193 2900 3303 2954 τῶν
3371 2901 3590 2971 πικρῶν
3646 2920 3838 2972 πειρα-

2269 2984 2506 3055 σμῶντά
2522 2989 2809 3059 καταφυσή
2819 3006 2964 3053 ματα
2985 3004 3000 3018 ·
3041 2989 3454 3044 Ἀναϐαίνουσι
3481 2992 3555 3059 γά
3565 3008 3617 3059 ρ,
3653 2994 3836 3064 φησὶν,

2265 3074 2377 3143 ἕως
2430 3075 2551 3130 τῶν
2594 3078 2887 3147 οὐρανῶν,
2931 3080 3032 3134 καὶ
3068 3083 3541 3136 καταϐαίνουσιν
3579 3084 3701 3150 ἕως
3729 3083 3841 3138 τῶν

2265 3167 2576 3224 ἀϐύσσων.
2622 3170 2811 3225 Πᾶσαν
2865 3171 2922 3225 δέ
2967 3173 3367 3244 κυϐερνητικὴν
3395 3176 3718 3245 ἐπιστήμην
3750 3176 3837 3229 καὶ

2265 3258 2521 3331 πολέμων
2571 3262 2667 3315 καὶ
2712 3264 3035 3334 πειρασμῶν
3091 3265 3399 3331 ἐπίσταται,
3442 3266 3711 3337 ὑπεράνω
3737 3268 3838 3320 τῶν

2189 3352 2235 3416 C
2266 3351 2476 3423 ἀγρίων
2537 3354 2800 3425 κυμάτων
2849 3355 3185 3410 ἐπιϐαίνων*
3239 3358 3430 3422 Αὐτὸς
3488 3358 3622 3426 γὰρ,
3686 3358 3837 3429 gnat,

2266 3445 2611 3513 πειρασθείς
2685 3446 2937 3501 δύναται
3011 3445 3451 3516 πειραζομένοις
3497 3448 3832 3517 βοηθῆσαι.

2337 3532 2422 3588 Η¹.
2448 3536 2539 3587 Δεῖ
2590 3535 2770 3589 τοίνυν
2824 3534 3125 3606 ἀλλαγῆναι
3168 3539 3265 3590 καὶ
3297 3536 3716 3607 μεταϐληθῆναι
3740 3538 3835 3601 τὰς

2263 3623 2442 3695 ψυχὰς
2463 3627 2620 3701 ήμῶν
2644 3625 2753 3679 ἀπὸ
2781 3626 2881 3696 τῆς
2917 3626 3013 3679 νῦν
3058 3629 3447 3691 καταστάσεως
3502 3630 3587 3691 είς
3642 3630 3835 3697 ἑτέραν

2265 3718 2619 3782 κατάστασιν,
2654 3719 2749 3772 καὶ
2797 3719 2959 3787 φύσιν
2983 3718 3155 3784 θείαν,
3186 3719 3279 3772 καὶ
3322 3720 3582 3788 γενέσθαι
3615 3720 3835 3781 καινοὺς

2263 3810 2328 3862 ἐκ
2359 3808 2623 3875 παλαιῶν,
2679 3810 2955 3863 τουτέστιν
2992 3811 3231 3879 ἀγαθοὺς
3260 3811 3356 3865 καὶ
3407 3814 3689 3883 χρηστοὺς
3745 3813 3833 3865 καὶ

2266 3902 2514 3963 πιστοὺς,
2539 3900 2603 3953 ἐκ
2624 3901 2836 3971 πικρῶν
2866 3902 2961 3955 καὶ
2978 3902 3241 3957 ἀπίστων*
3259 3903 3356 3955 καὶ
3370 3902 3513 3955 οὕτω
3529 3903 3835 3973 χρησίμους

2269 4008 2397 4059 γενο
2404 3992 2597 4062 μένους
2611 3994 2691 4056 είς
2704 3993 2801 4064 τὴν
2816 3994 3138 4064 ἐπουράνιον
3160 3993 3437 4064 βασιλείαν
3450 3995 3832 4063 ἀποκαταστῆ-

2263 4102 2372 4139 ναι.
2407 4084 2515 4137 Καὶ
2536 4084 2645 4153 γάρ
2672 4086 2699 4137 ό
2729 4086 2995 4157 μακάριος
3023 4086 3233 4149 Παῦλος
3255 4087 3501 4157 περὶτῆς
3532 4087 3832 4156 μεταϐολῆς

2264 4172 2429 4228 αὐτοῦ
2465 4174 2561 4227 καὶ
2594 4175 2971 4246 καταλήψεως,
3015 4173 3083 4248 ἧς
3118 4177 3433 4247 κατελήφθη
3465 4178 3575 4230 ὑπὸ
3603 4179 3829 4246 Κυρίου,

2260 4265 2463 4336 γράφει
2483 4265 2655 4320 ταῦτα
2679 4283 2694 4298 ο
2724 4266 2917 4322 Διώκω
2948 4268 3037 4329 δὲ,
3070 4272 3122 4323 εὶ
3151 4270 3486 4333 καταλάϐω,
3534 4269 3629 4339 ἐφ’
3663 4264 3713 4337 ᾧ
3739 4269 3829 4321 καί

2260 4355 2648 4425 κατελήφθην
2689 4359 2808 4413 ὑπὸ
2847 4360 3127 4428 Χριστοῦ.
3160 4362 3295 4427 ,Πῶς
3322 4364 3375 4414 τί
3409 4361 3517 4431 ἀρα
3544 4362 3829 4430 καταλαμ-

2260 4447 2481 4501 ϐάνεται
2509 4448 2613 4501 ὑπὸ
2637 4448 2732 4502 τοῦ
2767 4450 2900 4503 Θεοῦ
2920 4468 2936 4517 ;
2956 4452 3167 4525 Ὠσπερ
3193 4454 3301 4524 γὰρ
3335 4454 3433 4508 ἐὰν
3452 4454 3829 4523 αἰχμαλωσίαν

2257 4542 2380 4596 τινὰ
2420 4542 2686 4615 τύραννος
2742 4542 2997 4615 ἀρπάσας
3060 4544 3271 4614 ἀπάγῃ,
3329 4538 3451 4596 εἶτα
3504 4543 3826 4612 καταληφθῇ

586 4644 696 4701 que
730 4630 935 4686 Paulus
963 4669 979 4695 ,
1007 4645 1131 4685 cum
1164 4645 1195 4684 a
1226 4629 1512 4701 tyrannieo
1543 4630 1741 4701 spiritu
1774 4630 1985 4702 peccati
2030 4637 2149 4685 tor-

2268 4632 2363 4686 irrb
2391 4633 2483 4688 τοῦ
2515 4633 2770 4706 ἀληθινοῦ
2812 4634 3079 4706 βασιλέως
3099 4650 3113 4665 ·
3158 4634 3301 4689 οὕτω
3343 4636 3443 4688 καὶ
3475 4636 3712 4700 Παῦλος,
3741 4637 3824 4688 ὅτε

585 4731 870 4792 queretur.
909 4721 1208 4779 Ecclesiam
1238 4722 1671 4793 persequebatur
1708 4732 1767 4779 et
1799 4722 2152 4778 devastabat:

2268 4723 2367 4777 ὑπὸ
2398 4723 2493 4778 τοῦ
2517 4725 2841 4797 τυραννικοῦ
2875 4726 3186 4796 πνεύματος
3214 4727 3311 4795 τῆς
3348 4727 3630 4797 ἁμαρτίας
3669 4730 3826 4795 ἐνηρ-

584 4828 776 4869 verum
803 4829 927 4868 cum
961 4828 1071 4868 non
1106 4814 1234 4869 odio
1264 4813 1383 4876 Dei,
1410 4813 1508 4870 sed
1542 4829 1642 4884 per
1664 4813 2024 4885 ignorantiam
2048 4813 2155 4869 hoc

2268 4814 2432 4881 γεῖτο,
2458 4813 2557 4883 τὴν
2604 4815 2932 4886 Ἐκκλησίαν
2978 4816 3169 4870 ἐδίωκε
3211 4818 3306 4869 καὶ
3332 4817 3649 4870 ἐσκύλευεν.
3694 4816 3824 4869 Ἀλλ’

581 4914 788 4976 ageret,
843 4914 1100 4975 tanquam
1145 4921 1249 4976 pro
1289 4904 1521 4961 veritate
1556 4904 1860 4968 dimicans,
1905 4918 2016 4957 non
2067 4910 2153 4957 est

2268 4904 2385 4957 inet
2415 4905 2490 4975 μὴ
2542 4904 2689 4977 ζήλῳ
2732 4905 2868 4960 Θεοῦ
2921 4907 3065 4961 κατά
3104 4909 3327 4976 ἄγνοιαν
3355 4908 3557 4972 ἐποίει,
3586 4908 3663 4971 ὡς
3694 4909 3826 4977 ὑπὲρ

582 5000 866 5068 neglectus
886 5039 903 5063 ,
931 4997 1028 5053 sed
1061 4996 1425 5068 apprehendit
1446 5012 1575 5052 eum
1621 5010 1934 5065 arcanaque
1968 4994 2151 5064 splen-

2268 4997 2517 5069 ἀληθείας
2550 4998 2972 5071 ἀγωνιζόμενος,
3022 5002 3083 5054 οὐ
3116 4999 3445 5071 παρωράθη,
3498 5002 3639 5054 ἀλλά
3700 5018 3824 5053 κατ-

580 5086 717 5142 dore
745 5086 1099 5141 circumfudit
1134 5086 1419 5151 Dominus,
1460 5086 1704 5142 cmlestis
1752 5094 1809 5139 et
1835 5100 1999 5139 verus
2027 5098 2146 5149 rex,

2268 5088 2449 5141 ξλαϐεν
2472 5090 2636 5143 αὑτὸν
2663 5091 2692 5143 6
2713 5091 2937 5162 Κύριος,
2965 5091 3313 5162 περιλάμψας
3329 5094 3593 5163 ἀρρήτως
3620 5094 3648 5144 6
3668 5095 3825 5144 ἐπου-

578 5194 820 5249 eumque
835 5194 969 5233 voce
985 5194 1083 5233 sua
1100 5178 1375 5247 dignatus,
1392 5178 1446 5232 in
1465 5177 1658 5232 faciem
1676 5177 1968 5247 percussit,
1981 5184 2145 5245 atque

2268 5182 2435 5242 οάνιος
2472 5183 2565 5236 καὶ
2612 5183 2864 5253 ἀληθινὸς
2935 5185 3207 5252 βασιλεὺς,
3280 5186 3466 5254 φωνῆς
3512 5187 3614 5254 τῆς
3661 5182 3818 5237 αὑτοῦ

580 5279 643 5325 ιιι
671 5285 891 5325 servum
948 5269 1224 5325 liberavit.
1284 5269 1423 5325 Vide
1470 5269 1687 5325 Domini
1737 5268 2043 5324 bonitatem
2090 5275 2147 5321 et

2268 5269 2439 5323 τοῦτον
2460 5270 2720 5337 ἀξιώσας,
2743 5275 2838 5327 καὶ
2864 5275 3100 5345 ῥαπίσας
3124 5276 3199 5338 ὡς
3222 5276 3405 5329 δοῦλον
3423 5276 3816 5345 ἠλευθέρωσεν.

575 5359 1018 5423 conversionem,
1074 5372 1186 5430 quo
1223 5366 1384 5429 pacto
1438 5359 1614 5428 possit
1664 5369 1875 5413 mutare
1931 5356 2142 5412 animas

2268 5361 2359 5415 Ὶδε
2391 5364 2661 5417 Δεσπότου
2690 5366 3000 5437 ἁγαθότητα
3041 5369 3136 5419 καὶ
3163 5367 3488 5437 μεταϐολὴν,
3516 5368 3632 5429 πῶς
3662 5366 3819 5418 66v:-

576 5454 717 5509 vitio
740 5452 1125 5523 agglutinatas,
1167 5459 1220 5505 et
1272 5450 1486 5510 feroces
1521 5450 1765 5514 eﬂ‘ectas,
1821 5458 1985 5519 atque
2028 5464 2143 5504 mo-

2268 5469 2340 5505 :at
2370 5454 2697 5523 μεταϐαλεῖν
2730 5456 2909 5526 ψυχάς
2941 5458 3039 5521 τὰς
3068 5461 3135 5527 τῇ
3170 5458 3338 5528 κακίᾳ
3378 5457 3810 5526 συμπλακείσας.

576 5552 765 5607 mento
794 5544 943 5598 hora:
967 5543 1024 5598 in
1057 5558 1211 5597 suam
1231 5541 1404 5613 ipsius
1422 5541 1726 5609 bonitatem
1744 5549 1799 5596 et
1823 5556 2012 5610 pacem
2036 5548 2145 5600 tra-

2268 5544 2349 5597 ταὶ
2377 5544 2576 5614 ἀγρίας
2600 5548 3079 5612 ἀποκαταστάσας,
3118 5550 3213 5602 καὶ
3254 5552 3395 5618 ῥοπῇ
3430 5548 3580 5619 ῶρας
3612 5550 3693 5613 είς
3719 5550 3810 5618 τὴν

575 5633 821 5702 ducere!
2248 5634 2444 5689 ἑαυτοῦ
2479 5636 2810 5709 ἀγαθότητα,
2836 5639 2931 5694 καὶ
2967 5641 3188 5712 εἰρήνην
3234 5643 3603 5711 μετενεγκεῖν.

641 5748 689 5797 0⁸
722 5749 861 5819 Psal.
894 5766 1019 5819 cvn,
1060 5750 1148 5806 26.
1225 5751 1270 5785 ⁸²
1305 5750 1467 5805 Hebr.
1495 5766 1551 5820 ιι,
1588 5751 1668 5807 18.
1746 5751 1791 5785 ’³
1831 5753 2065 5823 Philipp.
2108 5769 2187 5820 ιιι,
2218 5755 2303 5809 l2.
