4044 6512
597 278 704 345 787

1846 272 1910 336 s.
1943 255 2645 335 MAGARH'IEGmu'
2988 242 3001 253 ’
3725 286 3807 352 τε,

598 388 1003 449 ostendebant:
1054 386 1152 446 alii
1198 399 1362 453 vero,
1392 382 1467 443 ob
1494 380 1826 457 wphistices
1852 380 2180 438 exercitium

2288 380 2383 454 τὴν
2413 379 2738 453 σοφιστικήν
2760 379 3167 455 ὲξασκήσαντις
3195 382 3709 461 ἑθαυμαστώθησαν·
3739 401 3811 454 αλ,

596 481 953 547 admirationi
985 490 1117 537 sunt
1154 477 1333 535 habiti
1362 493 1378 532 :
1404 476 1499 532 alii
1534 473 1871 531 rhetoricam
1909 471 2184 528 docebant

597 573 926 643 gravitatem
972 590 987 628 :
1036 571 1130 626 alii
1173 565 1518 642 grammatici
1560 574 1618 621 et
1674 574 1852 636 poeta:
1902 562 2033 619 facti
2084 578 2183 634 pro

599 663 856 718 instituto
870 660 1189 718 scribebant
1207 659 1495 715 historias.
1518 656 1691 711 Porro
1706 654 1937 710 fuerunt
1960 667 2184 724 quoque

598 754 738 809 varii
801 752 1063 816 artiﬁces,
1118 748 1237 821 qui,
1291 762 1415 818 qua:
1468 755 1601 802 sunt
1655 744 1713 799 in
1774 742 2006 809 mundo,
2035 750 2185 798 artes

599 852 988 901 exercuerunt.
1030 842 1280 909 Quorum
1339 837 1594 893 nonnulli
1637 834 1864 907 quidem
1904 834 1960 889 in
2017 833 2184 904 lignis

602 947 888 995 tornantes
913 950 1115 1007 genera
1154 932 1340 987 avium
1386 939 1443 987 et
1491 930 1751 1000 piscium,
1806 936 1864 982 et
1918 925 2185 997 imagines

602 1032 915 1093 hominum,
955 1028 1011 1083 in
1046 1026 1155 1082 illis
1183 1040 1340 1081 suam
1383 1022 1711 1078 industriam
1750 1028 2185 1077 commonstrare

602 1123 1046 1181 contenderunt:
1080 1119 1335 1176 nonnulli
1373 1132 1506 1174 vero
1556 1116 1614 1171 in
1641 1130 1749 1170 aere
1792 1111 2185 1169 similitudines

603 1227 907 1271 statuarum
944 1214 1296 1282 aliorumque
1326 1207 1693 1280 quorumdam
1726 1207 1976 1276 sculpere
2002 1203 2186 1259 conati

603 1317 756 1364 sunt:
813 1307 907 1362 alii
955 1306 1190 1361 aedilicia
1233 1302 1476 1374 ingentia
1522 1316 1586 1354 ac
1619 1298 1907 1370 splendida
1947 1296 2185 1351 fabrica-

602 1409 835 1455 verunt:
918 1398 1012 1453 alii
1081 1407 1286 1452 terram
1352 1393 1623 1448 fodientes
1696 1391 1962 1458 referunt,
2040 1387 2188 1459 quod

604 1489 1003 1559 corrumpitur,
1033 1502 1227 1543 aurum
1264 1495 1320 1539 et
1339 1494 1661 1553 argentum:
1697 1479 2021 1549 aliilapides
2059 1493 2188 1547 pre-

608 1581 813 1635 tiosos:
890 1578 983 1633 alii
1058 1590 1190 1630 vero
1262 1572 1509 1643 corporis
1588 1569 1860 1640 elegantia
1947 1566 2187 1639 praediti,

606 1685 730 1723 cum
802 1668 873 1723 ob
934 1672 1283 1721 venustatem
1352 1663 1543 1717 vultus
1611 1660 1698 1715 sui
1759 1660 2187 1724 extollerentur,

2282 472 2365 528 λοι
2423 473 2526 547 τὴν
2576 474 2873 547 ῥητορικὴν
2933 476 3287 546 ,ἐπεδείξαντο
3346 478 3649 552 δεινότηταο
3695 487 3811 545 ἄλλοι

2282 567 2668 640 γραμματικοὶ
2698 567 2795 621 καὶ
2821 568 3045 637 ποιηταί
3090 570 3400 639 γενόμενοι,
3432 571 3529 637 τὰς
3554 577 3686 630 κατὰ
3719 596 3813 634 συν-

2284 658 2458 731 θήκην
2503 658 2745 729 ἱστορίας
2774 659 3103 731 ἐγράψαντο.
3145 661 3307 716 Ἀλλά
3352 664 3448 718 καὶ⁵
3483 670 3703 735 τεχνῖται
3729 672 3814 727 διὰ.

2285 768 2442 824 φοροι
2486 752 2744 821 γεγόνασι
2786 752 2887 817 τὰς
2936 752 3080 807 κατὰ
3108 755 3199 809 τὸν
3227 757 3433 827 κόσμον
3464 757 3814 831 ὲξασκήσαντες

2283 844 2479 915 τέχνας
2501 860 2516 874 ⁸
2548 836 2623 899 ὧν
2654 844 2706 897 οἰ
2742 844 2840 915 μὲν
2868 846 2927 898 ὲν
2970 848 3082 910 τοῖς
3120 846 3297 912 ξύλοις
3325 849 3694 921 τορνεύσαντες
3714 857 3816 928 γένη

2284 937 2506 1008 ὀρνέων,
2540 937 2637 991 καὶ
2665 936 2884 1008 ἰχθύων,
2912 938 3007 991 καὶ
3039 939 3255 1003 εἰκόνας
3280 939 3604 1014 ἀνθρώπων,
3635 946 3685 998 ἐν
3708 948 3818 1001 ὲκεί-

2285 1044 2398 1092 νοις
2428 1028 2526 1099 τὴν
2556 1029 2763 1084 ἑαυτῶν
2808 1029 3009 1102 ἀρετὴν
3037 1031 3300 1098 ἐπιδεῖξαι
3325 1034 3676 1091 ἐσπούδασαν·
3702 1039 3818 1093 ἄλλοι

2285 1118 2343 1173 δὲ
2405 1118 2493 1174 διὰ
2530 1120 2735 1191 χαλκοῦ
2785 1122 3105 1193 ὁμοιώματα
3159 1124 3493 1195 ἀνδριάντων
3542 1128 3636 1180 καὶ
3680 1129 3817 1183 ἄλλων

2285 1208 2450 1263 τινῶν
2488 1212 2858 1285 ἐπεχείρησαν
2900 1216 3334 1270 κατασκευάσαι·
3385 1216 3535 1271 ἄλλοι
3580 1220 3821 1290 οἰκοδομὰς

2292 1302 2554 1373 μεγίστας
2580 1303 2676 1359 καὶ
2700 1304 3047 1374 περικαλλεῖς
3074 1305 3316 1360 ἔκτισαν’
3346 1307 3525 1380 ἕτεροι
3553 1309 3609 1364 δὲ
3635 1312 3722 1380 τὴν
3743 1314 3822 1381 τήν

2288 1393 2635 1465 ὀρύσσοντες,
2662 1395 2995 1468 ἀναφέρουσι
3018 1397 3107 1450 τὸν
3130 1397 3487 1470 φθειρόμενον
3509 1401 3730 1473 ἄργυρον
3753 1408 3824 1459 καὶ

2289 1486 2511 1557 χρυσόν·
2559 1487 2710 1541 ἄλλοι
2770 1487 2825 1540 δὲ
2883 1487 3062 1553 λίθους
3090 1490 3305 1561 τιμίους
3341 1508 3357 1523 .
3393 1492 3545 1546 ἀλλο,
3586 1493 3640 1546 δὲ
3686 1497 3825 1569 κάλλη

2292 1577 2560 1648 σωμάτων
2585 1577 2823 1648 ἔχοντες,
2871 1579 2964 1632 ἐπὶ
2999 1583 3064 1651 τῇ
3100 1580 3535 1653 ὡραιότητικτῶν
3564 1586 3826 1654 προσώπων

2292 1668 2666 1738 ἐπαιρόμενοι,
2714 1668 2914 1739 μᾶλλον
2946 1669 3343 1740 ὲδελεάσθησαν
3380 1673 3484 1728 ὑπὸ
3510 1674 3605 1728 τοῦ
3634 1676 3826 1741 Σατανᾶ,

606 1760 780 1829 magis
817 1758 984 1813 illecti
1041 1764 1170 1811 sunt
1220 1770 1250 1809 a
1308 1753 1534 1817 Satana,
1587 1760 1753 1839 atque
1800 1751 1857 1805 in
1899 1759 2185 1820 peccatum

2290 1759 2385 1812 καὶ
2408 1735 2786 1831 ετίςὴάμαρτίαν
2825 1760 3040 1818 ἔπεσον.
3085 1764 3199 1818 Καὶ
3224 1735 3374 1819 οὗτοι
3400 1766 3603 1830 πάντες
3623 1769 3669 1820 οἰ
3696 1735 3830 1842 προρλ

606 1852 765 1921 lapsi.
804 1852 867 1906 Et
906 1849 963 1904 hi
1013 1864 1206 1904 omnes
1264 1845 1515 1918 praedicti
1568 1834 1811 1899 artiﬁces
1858 1843 2066 1899 detenti
2118 1843 2187 1897 ab

608 1939 759 1994 intus
836 1936 1124 1991 habitante
1174 1939 1457 2000 serpente,
1527 1938 1583 1984 et
1632 1945 1744 1983 non
1795 1937 2189 1999 cognoscentes

608 2043 793 2084 secum
828 2026 1075 2080 habitare
1104 2031 1415 2093 peccatum,
1442 2020 1645 2090 captivi
1669 2035 1732 2074 ac
1748 2019 1892 2074 servi
1916 2035 2191 2089 perversa:

609 2116 900 2188 potestatis
932 2114 1064 2171 facti
1088 2122 1239 2180 sunt,
1272 2112 1413 2167 nihil
1437 2110 1610 2184 adjuti
1646 2126 1678 2165 a
1720 2109 1950 2165 Scientia
1982 2118 2036 2164 et
2070 2120 2189 2164 arte

610 2224 731 2265 sua.

680 2314 771 2370 ΙΙΙ.
798 2313 1007 2369 Similis
1033 2320 1119 2368 est
1146 2328 1277 2383 ergo
1311 2311 1573 2377 mundus,
1603 2312 1753 2367 omni
1782 2310 2045 2366 varietate
2074 2309 2189 2380 ple-

609 2422 734 2471 nus,
762 2404 972 2460 homini
998 2404 1157 2459 diviti
1208 2403 1513 2473 possidenti
1564 2403 1758 2457 domos
1795 2402 2109 2471 splendidas
2136 2410 2192 2456 et

609 2514 853 2569 magnas,
876 2514 1072 2552 aurum
1100 2505 1155 2551 et
1173 2504 1486 2567 argentum,
1505 2510 1570 2548 ac
1586 2494 1965 2564 possessiones
1986 2494 2188 2559 varias,

610 2604 879 2659 omneque
904 2588 1269 2642 ministerium
1291 2585 1648 2640 invidendum
1670 2601 1683 2638 :
1710 2600 1904 2639 verum
1919 2600 2045 2640 cum
2065 2601 2189 2656 gra-

610 2680 755 2734 viter
786 2679 992 2733 morbis
1029 2687 1191 2747 atque
1218 2676 1610 2732 afﬂictionibus
1641 2675 2024 2741 distineretur,
2057 2676 2192 2731 asti-

614 2780 801 2825 terunt
822 2771 873 2824 ei
903 2770 1090 2825 cuncti
1118 2768 1334 2839 cognati
1370 2783 1496 2823 cum
1525 2767 1788 2821 omnibus
1831 2766 2032 2836 opibus
2080 2782 2190 2820 non

610 2863 857 2917 valentes
882 2876 1009 2916 eum
1041 2876 1108 2915 ex
1154 2859 1472 2914 inﬁrmitate
1523 2857 1807 2928 expedire.
1858 2857 2017 2911 Nulla
2060 2870 2192 2927 ergo

608 2954 894 3026 diligentia
923 2968 1139 3017 eorum,
1175 2952 1271 3021 qui
1302 2960 1433 3007 sunt
1464 2951 1520 3005 in
1550 2950 1774 3016 saeculo,
1815 2964 1925 3004 non
1966 2949 2188 3014 fratres,

2292 1851 2550 1922 ῥηθέντες
2586 1854 2846 1923 τεχνῖται,
2898 1855 3255 1927 κατεχόμενοι
3295 1857 3403 1911 ὑπὸ
3451 1858 3548 1912 τοῦ
3594 1858 3728 1913 ἔνδον
3768 1865 3829 1915 οἰ-

2291 1941 2515 2006 κοῦντος
2552 1942 2752 2013 ὄφεως,
2784 1945 2879 1999 καὶ
2908 1945 2984 2017 μὴ
3019 1947 3248 2016 γνόντες
3280 1948 3381 2020 τὴν
3418 1949 3663 2004 σύνοικον
3684 1953 3830 2017 αὐτοῖς

2291 2035 2590 2105 ἁμαρτίαν,
2627 2036 2964 2107 αἰχμάλωτοι
3009 2039 3105 2093 καὶ
3153 2039 3330 2095 δοῦλοι
3367 2040 3470 2111 τῆς
3508 2046 3737 2113 πονηρᾶς
3760 2044 3830 2096 δυο

2290 2127 2507 2197 νάμεως
2535 2128 2818 2196 γεγόνασι,
2855 2129 3023 2201 μηδὲν
3071 2130 3447 2203 ὠφεληθέντες
3486 2134 3598 2188 άπὸ
3623 2124 3718 2206 ’τῆς
3739 2138 3831 2190 ἐπι.

2292 2219 2509 2289 στήμης
2535 2220 2628 2273 καὶ
2657 2220 2853 2291 τέχνης
2892 2221 3096 2278 αὐτῶν.

2362 2312 2436 2365 Γ’.
2477 2312 2695 2366 Ἔοικεν
2732 2309 2828 2368 οὖν
2873 2316 2902 2368 ὁ
2934 2314 3159 2385 κόσμος,
3192 2317 3222 2370 ὁ
3251 2316 3433 2389 πάσης
3470 2319 3733 2383 ποικιλίας
3764 2338 3831 2374 πι-

2292 2404 2672 2476 πληρωμένος,
2729 2406 3005 2479 ἀνθρώπῳ
3059 2407 3301 2481 πλουσίῳ
3331 2414 3659 2485 κεκτημένῳ
3684 2415 3831 2480 elatos;

2291 2495 2579 2568 λαμπροὺς
2604 2500 2700 2552 καὶ
2731 2499 3025 2571 μεγάλους,
3049 2502 3251 2572 χρυσόν
3278 2522 3340 2558 τε
3367 2507 3460 2559 καὶ
3479 2506 3735 2578 ἄργυρον,
3759 2513 3832 2565 καὶ

2292 2588 2519 2657 κτήσεις
2565 2588 2859 2661 διαφόρους
2881 2632 2898 2658 ,
2930 2592 3028 2646 καὶ
3061 2595 3243 2648 πᾶσαν
3281 2596 3589 2667 ὑπηρεσίαν
3617 2599 3829 2668 ἄφθονον

2292 2677 2504 2747 ἀθρόως
2544 2679 2599 2732 δὲ
2623 2682 2942 2752 συσχεθέντι
2970 2682 3149 2748 νόσοις
3190 2686 3286 2739 καὶ
3318 2688 3520 2743 πάθεσι
3554 2692 3697 2744 πᾶσα
3721 2708 3832 2761 παρα

2292 2769 2523 2841 έστηκεν
2548 2773 2582 2842 ή
2613 2772 2927 2841 συγγένεια,
2959 2775 3097 2844 μετά
3138 2777 3342 2842 παντὸς
3368 2779 3462 2832 τοῦ
3498 2780 3744 2847 πλούτου,
3774 2782 3832 2853 μή

2292 2862 2570 2936 δυναμένη
2618 2866 2781 2920 αὐτὸν
2820 2868 3101 2935 ἐξελέσθαι
3145 2873 3245 2941 τῆς
3292 2872 3598 2936 ἀσθενείας.
3634 2874 3834 2945 Οὐδεμία

2291 2953 2475 3008 τοίνυν
2521 2956 2727 3027 σπουδὴ
2765 2957 2875 3011 τῶν
2924 2960 3067 3013 κατὰ
3111 2961 3204 3014 τὸν
3245 2960 3379 3031 βίον,
3408 2962 3513 3016 οὐκ
3546 2962 3833 3030 stateem-5

612 3064 725 3105 non
758 3046 986 3106 divitiae.
1019 3060 1132 3099 non
1155 3044 1446 3108 fortitudo,
1486 3059 1589 3099 nec
1616 3043 1743 3111 alia,
1775 3058 1898 3113 qua:
1926 3042 2186 3113 praedicta

2294 3044 2546 3112 πλοῦτος,
2577 3047 2678 3101 οὐκ
2704 3048 2917 3116 ἀνδρία,
2942 3048 3058 3103 οῠτ’
3084 3050 3242 3117 ἄλλα,
3279 3053 3379 3107 ὅσα
3409 3054 3744 3125 προείρηται,
3756 3054 3832 3121 τήν

613 3148 763 3201 sunt,
797 3138 1102 3193 demersam
1139 3152 1170 3191 a
1198 3144 1423 3206 peccato
1462 3136 1727 3200 animam,
1792 3144 1849 3191 et
1890 3152 2012 3206 quae
2048 3151 2189 3205 pure

614 3229 931 3298 prospicere
979 3226 1194 3296 nequit,
1248 3226 1494 3296 eripiunt
1537 3242 1569 3281 e
1608 3234 1835 3296 peccato
1880 3224 2020 3291 ;sed
2072 3225 2188 3280 sola

612 3320 823 3375 Christi
853 3318 1124 3388 apparitio
1156 3334 1462 3388 expurgare
1500 3325 1683 3387 potest
1710 3318 1949 3371 animam
1977 3327 2035 3371 et
2063 3332 2190 3371 cor-

613 3421 739 3476 pus.
766 3404 849 3459 Ab
877 3405 1025 3459 omni
1058 3405 1225 3475 igitur
1247 3405 1413 3475 hujus
1447 3404 1577 3459 vita:
1609 3419 1742 3459 cura
1785 3404 2027 3469 liberati,
2088 3421 2186 3460 va-

614 3511 803 3551 cemus
832 3497 1085 3561 Domino,
1121 3497 1421 3552 clamantes
1449 3496 1518 3551 ad
1563 3512 1691 3552 eum
1738 3505 1907 3551 noctu
1959 3497 2187 3566 diuque.

619 3585 778 3665 lu
808 3586 1044 3644 Mundus
1071 3587 1220 3643 enim
1246 3587 1337 3643 hic
1366 3587 1718 3657 conspicuus,
1761 3597 1819 3643 et
1842 3603 1963 3657 qua:
1993 3596 2079 3643 est
2131 3586 2188 3642 in

612 3693 682 3732 eo
715 3678 953 3748 requies,
991 3690 1198 3750 quanto
1226 3679 1401 3750 magis
1432 3695 1635 3749 corpus
1667 3679 1930 3735 videntur
1972 3678 2185 3745 fovere,

614 3778 765 3829 tanto
795 3770 1177 3836 vehementius
1193 3772 1389 3825 anima:
1406 3770 1730 3826 aﬁ‘eetiones
1759 3768 1999 3837 irritant,
2024 3777 2189 3839 atque

611 3870 813 3935 augent
841 3863 962 3934 ejus
996 3862 1370 3929 afﬂictionem.

679 4045 772 4102 IV.
805 4044 1039 4112 Quidam
1075 4060 1208 4099 vero
1237 4043 1324 4100 vir
1348 4043 1615 4115 prudens,
1672 4058 1798 4100 cum
1845 4043 2189 4100 desideraret

611 4153 798 4192 curam
826 4153 1016 4208 gerere
1046 4137 1129 4191 sui
1155 4136 1347 4201 studii,
1387 4136 1675 4191 contendit
1728 4136 1968 4206 experiri
2003 4136 2189 4192 omnia

612 4245 734 4299 qua:
759 4229 1058 4283 volvuntur
1090 4227 1145 4282 in
1172 4227 1275 4282 hoc
1316 4228 1544 4294 mundo,
1572 4228 1620 4283 si
1655 4226 1796 4282 forte
1827 4228 2188 4284 emolumenti

613 4321 746 4390 quid
782 4320 1030 4375 invenire
1069 4320 1262 4389 possit.
1281 4320 1529 4377 Accessit
1557 4319 1625 4373 ad
1647 4334 1827 4389 reges,
1850 4328 2106 4389 potentes
2130 4328 2188 4375 et

2293 3134 2737 3208 βεϐαπτισμένην
2762 3139 2868 3192 ὑπὸ
2899 3141 2997 3209 τῆς
3035 3141 3311 3212 ἁμαρτίας
3342 3142 3550 3214 ψυχὴν,
3579 3146 3674 3198 καὶ
3699 3143 3835 3196 καθα-

2294 3225 2403 3297 ρῶς
2429 3227 2714 3299 διαϐλέψαι
2747 3228 2824 3301 μὴ
2860 3229 3191 3302 δυναμένην,
3222 3231 3524 3305 ἐξαιρεῖται
3560 3235 3657 3304 τῆς
3685 3236 3833 3304 ἀμαρ-

2288 3319 2430 3386 τίας,
2469 3322 2518 3373 εί
2558 3322 2632 3391 μὴ
2660 3322 2795 3393 μόνη
2824 3323 2858 3393 ή
2895 3322 2989 3377 τοῦ
3013 3324 3248 3396 Χριστοῦ
3292 3328 3590 3395 ἐπιφάνεια
3641 3325 3835 3398 καθαρί-

2292 3421 2384 3459 σαι
2447 3404 2672 3460 δύναται
2742 3407 2923 3481 ψυχὴν
2996 3411 3093 3464 καὶ⁵
3139 3412 3541 3486 σῶμα.Πάσης
3573 3412 3664 3469 οὖν
3689 3417 3834 3468 ἁπαλ-

2290 3497 2551 3566 λαγέντες
2587 3499 2689 3569 τῆς
2716 3501 2858 3555 κατά
2897 3501 2990 3556 τδν
3016 3502 3131 3573 βίον
3182 3505 3471 3577 μερίμνης,
3524 3507 3836 3577 σχολάσωμεν

2289 3591 2367 3661 τῷ
2397 3592 2607 3663 Κυρίῳ,
2641 3593 2873 3665 βοῶντες
2916 3596 3055 3666 πρὸς
3090 3597 3252 3652 αὑτὸν
3279 3599 3476 3663 νυκτὸς
3502 3600 3601 3654 καὶ
3636 3600 3833 3671 ἡμέρας.

2301 3684 2363 3738 '0
2402 3688 2512 3757 γὰρ
2559 3688 2886 3757 φαινόμενος
2925 3683 3080 3753 οὗτος
3136 3689 3341 3761 κόσμος
3399 3691 3498 3744 κιιί⁵
3533 3693 3571 3763 ή
3612 3694 3667 3746 ὲν
3717 3690 3835 3759 αὐτῷ

2290 3777 2613 3842 ἀνάπαυσις,
2647 3780 2758 3850 ὅσῳ
2798 3778 2859 3832 τὸ
2885 3779 3043 3851 σῶμα
3071 3779 3289 3835 δοκοῦσι
3318 3782 3573 3846 θάλπειν,
3620 3783 3834 3837 τοσοῦτον

2288 3868 2390 3937 τῆς
2422 3867 2602 3939 ψυχῆς
2645 3868 2713 3922 τὰ
2754 3869 2901 3943 πάθη
2930 3871 3318 3944 παροξύνουσι,
3350 3873 3449 3928 καὶ
3479 3874 3727 3940 αὔξουσιν
3756 3874 3833 3929 σὺν

2286 3958 2390 4030 τῆς
2417 3959 2517 4031 τὴν
2560 3960 2833 4019 κάκωσιν.

2362 4049 2438 4106 Δ’.
2479 4052 2642 4124 Ἀνὴρ
2670 4053 2725 4107 δέ
2758 4072 2841 4119 τις
2869 4054 3135 4127 φρόνιμος
3170 4056 3526 4129 ἐπιθυμήσας
3556 4058 3833 4129 ἐπιμέλειαν

2289 4141 2621 4212 ποιήσασθαι
2654 4142 2757 4213 τῆς
2788 4144 3049 4216 σπουδῆς,
3082 4146 3416 4202 ἐσπούδασεν
3455 4148 3835 4219 ἀποπειρασθήσ

2288 4248 2377 4285 ναι
2424 4232 2642 4287 πάντων
2682 4233 2792 4287 τῶν
2839 4235 3178 4306 κυλιομένων
3222 4239 3284 4291 ὲν
3333 4238 3411 4307 τῷ
3453 4238 3615 4293 αἰῶνι
3660 4238 3831 4307 τούτῳ,

2289 4325 2459 4389 είπως
2487 4326 2667 4397 εὑρεῖν
2694 4326 2962 4397 ὠφέλειαν
2988 4327 3211 4400 δυνηθῇ.
3258 4330 3542 4400 Προσῆλθε
3575 4330 3830 4401 βασιλεῦσι,

612 4414 911 4485 principes,
945 4428 1047 4467 nec
1098 4412 1308 4466 invenit
1354 4411 1624 4467 medelam
1662 4412 1981 4477 salutarem,
2020 4428 2183 4482 quam

2291 4415 2599 4480 δυνάσταις,
2634 4416 2883 4488 ἄρχουσι,
2917 4418 3013 4472 καὶ
3041 4420 3141 4490 οὐχ
3167 4415 3326 4492 εὗρεν
3355 4422 3499 4491 ίαμα
3530 4422 3831 4492 σωτηριῶδες

612 4505 740 4559 inde
773 4505 969 4559 animat
1002 4504 1262 4559 aﬂ'erret:
1309 4513 1367 4559 et
1404 4519 1529 4559 cum
1560 4503 1647 4558 bis
1677 4504 1772 4558 diu
1802 4514 2183 4568 conversatus,

610 4597 749 4661 nihil
766 4596 1124 4651 emolumenti
1148 4595 1413 4666 percepit.
1434 4594 1585 4650 Abiit
1609 4594 1793 4650 denuo
1815 4595 1883 4651 ad
1910 4597 2186 4665 sapientes

609 4689 804 4745 mundi
835 4697 891 4743 et
916 4697 1187 4753 oratores,
1218 4703 1359 4757 quos
1383 4687 1580 4742 eodem
1607 4704 1828 4759 quoque
1863 4691 2025 4745 modo
2050 4690 2185 4745 reli~

610 4782 750 4852 quit,
780 4781 997 4835 nullum
1024 4782 1238 4835 lucrum
1255 4780 1530 4835 referens:
1557 4781 1777 4836 transiit
1796 4798 1895 4852 per
1922 4783 2183 4852 pictores,

606 4884 663 4930 et
694 4890 793 4929 eos
822 4874 916 4943 qui
944 4889 1138 4928 aurum
1171 4881 1227 4928 et
1276 4882 1567 4944 argentum
1619 4889 1652 4929 e
1717 4882 1864 4930 terra
1910 4876 2182 4937 referunt.

607 4978 771 5038 atque
792 4984 892 5038 per
915 4983 1108 5022 omnes
1149 4967 1411 5032 artiﬁces,
1472 4984 1578 5024 nec
1623 4970 1786 5027 ullam
1837 4971 2184 5026 curationem

610 5061 787 5129 potuit
822 5061 938 5115 suis
973 5060 1223 5115 invenire
1247 5060 1590 5117 vulneribus.
1642 5062 1888 5118 Tandem
1920 5064 2185 5119 recedens

607 5151 675 5204 ab
708 5152 815 5213 his.
848 5152 1163 5221 inquirebat
1184 5153 1288 5207 sibi
1318 5154 1512 5220 Deum,
1546 5156 1641 5225 qui
1675 5168 1831 5211 sanat
1863 5156 2184 5212 affectiones

606 5252 663 5296 et
686 5244 908 5299 morbos
939 5245 1165 5300 animae:
1199 5261 1326 5301 cum
1344 5263 1475 5302 vero
1499 5263 1558 5302 se
1580 5249 1759 5318 ipsum
1781 5250 2181 5315 consideraret,

606 5340 661 5388 et
692 5334 809 5389 haec
850 5334 1233 5401 meditaretur,
1278 5337 1622 5407 deprehensa
1652 5348 1738 5394 est
1775 5354 1934 5395 mens
1978 5341 2120 5410 ejus,
2151 5356 2183 5395 a

605 5425 809 5494 quibus
837 5426 1004 5481 rebus
1025 5437 1187 5483 antea
1217 5439 1485 5501 occupata
1509 5430 1689 5502 palam
1720 5441 2044 5499 recesserat,
2063 5448 2179 5489 eas-

606 5516 732 5572 dem
760 5517 965 5573 odisse.

683 5685 743 5744 V,
770 5686 1241 5757 Quemadmodum
1262 5707 1394 5750 vero
1418 5692 1614 5752 mulier
1634 5695 1881 5767 quaedam
1907 5695 1961 5753 in
1976 5698 2179 5755 mundo

2288 4507 2499 4561 ἐκεῖθεν
2538 4509 2606 4579 τῇ
2643 4508 2790 4580 ψυχῇ
2835 4511 3221 4581 προσενέγκαι’
3264 4512 3359 4565 καὶ
3398 4514 3616 4577 τούτοις
3641 4514 3830 4567 ἐπιπολῦ

2289 4599 2694 4671 συνδιατρίψας,
2733 4602 2887 4656 οὐδὲν
2934 4600 3163 4672 ὤνησεν.
3219 4603 3492 4673 ’Δπῆλθεν
3540 4601 3695 4668 αὖθις
3724 4606 3828 4675 πρὸς

2284 4689 2412 4752 τοὺς
2445 4690 2643 4758 σοφοὺς
2675 4689 2769 4743 τοῦ
2805 4690 3015 4761 κόσμου
3046 4693 3142 4744 καὶ
3176 4694 3432 4762 ῥήτορας·
3462 4695 3548 4765 τῷ
3575 4695 3717 4763 αὐτῷ
3739 4694 3833 4764 τρό-

2285 4797 2375 4849 πῳ
2403 4779 2666 4834 κατέλιπε
2711 4780 3017 4847 κάκείνους,
3047 4781 3214 4852 μηδὲν
3255 4782 3447 4853 κέρδος
3487 4785 3829 4852 ἀπενεγκάμε-

2287 4887 2395 4932 νος.
2432 4871 2624 4941 Διῆλθε
2654 4871 2744 4926 διὰ
2769 4872 2877 4925 τῶν
2908 4873 3238 4943 ζωγράφων,
3270 4878 3364 4928 καὶ
3391 4876 3502 4929 τῶν
3536 4877 3630 4930 τὸν
3667 4875 3829 4946 χρυαίν

2286 4962 2381 5016 καὶ
2408 4962 2645 5035 ἄργυρον
2679 4964 2786 5018 ἀπὸ
2825 4965 2930 5035 γῆς
2986 4966 3390 5037 ἀναφερόντων,
3425 4967 3519 5022 διὰ
3549 4972 3752 5023 πάντων
3784 4983 3827 5018 τι

2284 5053 2392 5109 τῶν
2428 5056 2710 5126 τεχνιτῶν,
2758 5059 2854 5111 καὶ⁵
2901 5057 3160 5128 οὐδεμίαν
3192 5058 3494 5130 θεραπείαν
3528 5062 3710 5131 ίσχυσε
3744 5061 3828 5121 τοῖς

2289 5147 2439 5212 ἰδίοις
2493 5150 2746 5220 ἐφευρεῖν
2783 5150 3083 5221 τραύμασι.
3133 5151 3299 5215 Τέλος
3330 5154 3689 5225 ἀναχωρήσας
3729 5150 3826 5203 τού-

2282 5258 2411 5308 των,
2450 5242 2702 5315 ὲπεζήτει
2729 5242 2908 5314 ἑαυτῷ
2946 5243 3079 5297 Θεὸν
3112 5242 3340 5314 ἰώμενον
3366 5243 3436 5297 τὰ
3470 5244 3621 5315 πάθη
3645 5244 3730 5297 καὶ
3752 5242 3826 5303 τὰς

2283 5332 2471 5397 νόσους
2502 5334 2601 5404 τῆς
2632 5334 2843 5405 ψυχῆς,
2882 5334 2959 5398 ὡς
2999 5334 3060 5388 δὲ
3109 5336 3479 5389 ἐπεσκέπτετο
3518 5336 3724 5399 ἑαυτὸν,
3753 5334 3825 5385 καὶ

2283 5425 2453 5479 ταῦτα
2480 5426 2828 5496 διελογίζετο,
2866 5427 3067 5499 εὑρέθη
3112 5427 3288 5492 όνοῦς
3330 5427 3499 5483 αὐτοῦ
3550 5431 3609 5483 ἐν
3633 5427 3825 5485 intein

2285 5516 2621 5588 ῥεμϐόμενος
2655 5521 2772 5582 τοῖς
2816 5519 3161 5591 πράγμασιν,
3188 5513 3264 5575 ὧν
3298 5520 3552 5591 φανερῶς
3587 5518 3825 5589 ἀνεχώρη·

2284 5623 2366 5670 σε,
2399 5609 2634 5678 μισήσας
2662 5609 2825 5666 αὐτά.

2353 5698 2428 5756 Ε’.
2461 5701 2673 5775 Ὠσπερ
2704 5701 2759 5757 δὲ
2811 5704 2947 5776 γυνή
2999 5721 3085 5770 τις
3145 5706 3204 5760 ὲν
3257 5704 3447 5777 κόσμῳ
3476 5705 3720 5772 πλουσία,
3751 5700 3822 5755 καὶ
