4044 6548
254 296 362 369 789

1434 303 1805 369 HOMILI/E.
1834 327 1907 346 ·-·
1936 302 2327 372 Ηοιι.ειιι.ν.

3394 307 3505 374 790

257 414 513 487 χρήματα
544 410 715 472 πολλὰ
738 414 832 471 καὶ
854 408 1005 471 οἷκον
1032 415 1287 489 λαμπρὸν
1320 415 1546 489 ἔχουσα,
1574 418 1819 473 λείπεται

1931 418 2189 492 locuples,
2249 420 2340 477 vel
2376 418 2587 491 amplas
2631 418 2863 477 divitias
2902 430 2969 474 ac
3026 415 3255 473 domum
3290 416 3474 488 magni
3490 438 3511 457 η

256 504 618 576 προστασίας
646 508 742 562 καὶ
780 508 831 563 οἱ
862 508 1221 580 ἐπερχόμενοι
1267 511 1362 565 ἐπὶ
1407 511 1470 564 τὸ
1498 509 1699 581 βλάψαι
1728 510 1826 565 αὐ-

256 597 375 667 τὴν,
419 599 512 651 καὶ
554 599 656 662 τὰς
689 599 935 670 οἰκήσεις
972 601 1284 672 ἐρημῶσαι,
1333 601 1556 656 πολλοί·
1598 603 1824 674 κάκείνη

260 688 335 760 μὴ
370 692 612 759 φέρουσα
639 692 739 763 τὴν
770 692 950 765 ῦὸριν,
983 695 1330 765 περιέρχεται
1374 694 1615 766 ζητοῦσα
1656 695 1826 766 ἄνδρα

256 777 541 849 δυνάστην.
567 782 750 836 ἱκανόν
780 799 840 836 τε
871 784 966 837 καὶ
1002 783 1436 855 πεπαιδευμένον
1467 785 1525 838 ἐν
1551 786 1708 840 πᾶσισ
1732 785 1828 839 καὶ

257 866 384 920 ὅταν
431 870 603 924 πολλὰ
661 873 1047 946 ἀγωνισαμένη
1114 872 1254 945 λάϐῃ
1316 874 1558 929 τοιοῦτον
1617 875 1786 949 ἄνδρα
1808 913 1826 941 ,

258 959 580 1029 ἀγαλλιᾶται
632 963 718 1017 ἐπ’
753 965 923 1037 αὐτῷ,
956 965 1051 1020 καὶ
1089 966 1202 1038 ἔχει
1241 965 1402 1021 αὐτὸν
1446 968 1567 1021 ἀντὶ
1611 968 1828 1038 τείχους

258 1050 502 1124 ισχυροῦο
536 1056 629 1109 τὸν
659 1056 820 1111 αὐτὸν
851 1060 1050 1130 τρόπον
1092 1061 1125 1130 ἡ
1159 1059 1306 1131 ψυχὴ
1353 1060 1490 1131 μετὰ
1517 1062 1615 1132 τὴν
1645 1060 1829 1131 παρά-

257 1141 436 1211 ϐασιν,
467 1147 698 1201 ἐπιπολὺ
729 1148 970 1204 θλιὸεϊσα
1000 1152 1105 1204 ὐπὸ
1128 1152 1226 1223 τῆς
1249 1151 1495 1216 ἐναντίας
1521 1152 1823 1223 δυνάμεως,

256 1235 351 1287 καὶ
386 1238 464 1301 εἰς
495 1238 738 1309 μεγάλην
772 1241 1005 1312 ἐρημίαν
1039 1242 1378 1314 ἐμπεσοῦσα,
1412 1243 1507 1297 καί⁵
1539 1244 1704 1315 χήρα,
1730 1244 1826 1296 καὶ

260 1329 617 1399 μεμονωμένη
655 1331 762 1385 άπὸ
789 1334 881 1386 τοῦ
910 1334 1232 1405 ἐπουρανίου
1260 1336 1451 1404 ἀνδρὸς
1479 1336 1566 1389 διὰ
1597 1338 1695 1407 τὴν
1720 1352 1827 1390 πα-

256 1419 488 1489 ράὸασιν
532 1422 635 1492 τῆς
686 1425 907 1496 ἐντολῆς
955 1427 1380 1496 καταλειφθεῖσα
1432 1430 1526 1483 καὶ
1573 1430 1826 1497 παίγνιον

254 1512 455 1578 πάσαις
491 1518 611 1578 ταῖς
646 1518 1048 1587 ἀντικειμέναις
1089 1519 1349 1590 δυνάμεσι
1388 1521 1688 1592 γενομένηο
1741 1523 1827 1589 ἐξ·

255 1603 492 1673 ἐστησαν
536 1606 642 1676 γὰρ
668 1608 837 1677 αὐτὴν
868 1610 978 1664 τῶν
1017 1610 1157 1664 ίδὶων
1186 1610 1417 1681 φρενῶν,
1447 1612 1826 1683 θαμϐήσαντες

253 1695 363 1748 ἀπὸ
407 1699 509 1767 τῆς
538 1698 790 1767 οὐρανίου
820 1700 1080 1767 διανοίας,
1134 1703 1273 1757 ὥστε
1318 1705 1392 1775 μὴ
1437 1706 1570 1776 ὁρᾷν
1607 1706 1675 1759 τὰ
1734 1705 1826 1761 ὑπ’

252 1785 433 1838 αὐτῶν
462 1787 543 1849 είς
573 1788 743 1858 αὐτὴν
776 1790 1054 1861 γινόμενα,
1098 1793 1232 1848 ἀλλὰ
1256 1796 1517 1864 νομίζειν,
1551 1796 1633 1850 ὃτι
1653 1794 1825 1861 οὕτως

252 1874 315 1940 ἐξ
367 1876 541 1947 ἀρχῆς
579 1878 892 1948 γεγένηται.
939 1877 1075 1936 Εῐτα
1120 1883 1185 1937 δι’
1214 1885 1384 1954 ἀκοῆς
1433 1886 1681 1956 μαθοῦσα
1728 1889 1826 1957 τὴν

256 1968 492 2039 μόνωσιν
516 1970 686 2040 αὐτῆς
716 1973 807 2025 καὶ
842 1975 1095 2045 ἐρημίαν,
1138 1976 1444 2043 στενάξασα
1473 1978 1704 2034 ἐνώπιον
1728 1981 1829 2052 τῆς

253 2063 664 2135 φιλανθρωπίας
707 2065 803 2120 τοῦ
849 2066 1008 2134 Θεοῦ,
1054 2064 1183 2137 εὗρε
1208 2069 1350 2139 ζωὴν
1394 2071 1485 2124 καὶ
1531 2071 1824 2141 σωτηρίαν.

252 2157 352 2209 Διὰ
381 2156 470 2221 τί;
516 2158 733 2228 Ἐπειδὴ
772 2159 1001 2229 ἀνῆλθεν
1036 2163 1115 2223 εἰς
1150 2161 1249 2231 τὴν
1286 2162 1604 2229 συγγένειαν
1633 2164 1826 2232 αὐτῆς.

254 2247 497 2315 Οὐδεμία
533 2250 642 2319 γὰρ
678 2249 811 2321 ἄλλη
850 2267 934 2314 τις
985 2253 1257 2316 οίκείωσίς
1294 2255 1408 2305 ἐστι
1461 2255 1556 2307 καὶ
1592 2254 1828 2323 ὠφέλεια

250 2339 501 2410 τοιαύτη,
547 2342 595 2392 εἰ
642 2341 717 2411 μὴ
752 2342 929 2412 ψυχῆς
972 2343 1110 2413 πρὸς
1163 2343 1316 2410 Θεὸν,
1358 2346 1452 2398 καὶ
1503 2344 1638 2399 Θεοῦ
1693 2347 1828 2415 πρὸς

252 2433 445 2504 αὐτήν.
493 2434 747 2503 Ἐποίησε
781 2435 888 2507 γὰρ
937 2436 965 2488 ὁ
1008 2435 1141 2499 Θεὸς
1178 2436 1380 2505 ὀρνέων
1416 2437 1546 2508 γένη
1575 2438 1825 2509 διάφοραο

247 2526 323 2579 τὰ
356 2525 455 2596 μὲν
488 2526 629 2580 ὥστε
670 2526 933 2595 φωλεύειν
968 2528 1026 2580 ὲν
1057 2530 1124 2599 τῇ
1155 2531 1249 2599 γῇ,
1282 2529 1537 2583 κάκεῖθεν
1569 2530 1712 2600 ἔχειν
1732 2531 1829 2601 τὴν

246 2616 544 2688 διατροφὴν
586 2617 681 2671 καὶ
729 2618 830 2688 τὴν
883 2617 1187 2672 ἀνάπαυσιν
1212 2634 1225 2647 ⁸
1267 2618 1335 2673 τά
1376 2619 1431 2672 δὲ
1478 2618 1829 2690 ᾠκονόμησεν

249 2708 360 2763 ὐπὸ
404 2708 472 2762 τά
514 2708 682 2761 ὕδατα
723 2706 1005 2777 φωλεύειν,
1042 2707 1294 2762 κάκεῖθεν
1320 2708 1464 2780 ἔχειν
1499 2710 1598 2780 τὴν
1640 2710 1786 2780 ζωήν
1810 2726 1826 2743 ο

248 2802 653 2873 ἐδημιούργησε
703 2803 796 2857 καὶ
832 2802 924 2857 δύο
970 2804 1248 2874 κόσμους,
1298 2806 1387 2858 τὸν
1433 2806 1532 2875 μὲν
1560 2807 1672 2860 ἀνω
1717 2810 1831 2870 τοῖς

246 2890 645 2962 λειτουργικοῖς
685 2891 981 2962 πνεύμασι,
1045 2893 1139 2946 καὶ
1196 2894 1296 2963 τὴν
1351 2894 1627 2949 πολιτείαν
1684 2895 1830 2966 ἔχειν

247 2984 372 3035 ἐκεῖ
396 2983 695 3049 διετάξατσ
726 2985 818 3037 τὸν
841 2985 897 3039 δὲ
928 2985 1078 3040 κάτω
1104 2986 1217 3049 τοῖς
1243 2985 1573 3056 ἀνθρώποις,
1608 2987 1715 3042 ὐπὸ
1739 2987 1831 3042 τὸν

1926 516 2085 572 ticam
2114 515 2421 586 possidens,
2459 513 2785 571 destituitur
2836 510 3042 568 auxilio
3067 517 3126 566 et
3152 509 3498 580 patrocinio;

1924 615 1980 662 et
2007 608 2102 677 qui
2138 608 2192 662 in
2220 622 2341 662 eam
2370 607 2664 678 insurgunt
2690 613 2754 660 ut
2778 618 2901 661 eam
2926 602 3149 666 hedant,
3173 610 3231 656 et
3267 600 3501 656 aedificia

1926 697 2237 762 devastent,
2262 714 2374 753 non
2391 707 2521 753 sunt
2546 697 2744 768 pauci;
2774 695 2866 752 illa
2889 708 3002 750 non
3020 692 3210 749 ferens
3242 689 3501 762 injuriam

1926 790 2267 856 obambulat,
2317 804 2574 859 quaerens
2626 789 2809 843 virum
2865 791 3174 857 potentem.
3213 782 3499 846 idoneum,

1925 890 1984 939 et
2031 883 2090 938 in
2158 882 2418 939 omnibus
2483 880 2805 944 eruditum;
2855 888 2913 935 et
2955 877 3051 933 ubi
3112 883 3237 947 post
3298 873 3502 928 mullos

1925 972 2148 1028 labores
2199 972 2507 1028 exantlatos
2558 980 2721 1028 nacta
2756 969 2934 1025 fuerit
2982 966 3252 1040 ejusmodi
3293 966 3500 1024 virum.

1927 1064 2169 1120 exsultat
2219 1072 2448 1134 propter
2502 1077 2653 1126 eum,
2700 1070 2759 1117 et
2805 1060 2973 1117 habet
3018 1074 3146 1115 eum
3194 1072 3295 1129 pro
3340 1070 3502 1110 muro

1923 1155 2145 1212 valido:
2189 1154 2387 1211 eodem
2426 1154 2591 1209 modo
2617 1154 2823 1220 anima,
2853 1163 2980 1223 post
3008 1150 3500 1221 transgressionem

1924 1249 2284 1304 vehementer
2316 1247 2385 1302 ab
2425 1245 2741 1301 adversaria
2792 1252 3061 1314 potestate
3089 1242 3308 1303 afﬂicta,
3350 1248 3405 1293 et
3446 1239 3503 1294 in

1924 1358 2178 1414 magnam
2211 1340 2564 1398 solitudinem
2620 1340 2832 1410 illapsa,
2880 1348 2937 1393 et
2966 1337 3132 1392 vidua
3183 1346 3239 1391 et
3283 1336 3503 1389 deserta

1924 1455 1955 1494 a
2003 1436 2213 1493 caelesti
2258 1434 2474 1506 Sponso
2505 1442 2731 1503 propter
2761 1428 3257 1501 transgressionem
3291 1416 3502 1497 peccati

1926 1530 2216 1591 derelicta,
2233 1543 2296 1583 ac
2320 1527 2563 1582 ludibrio
2584 1524 2846 1580 omnibus
2865 1520 3198 1577 adversariis
3217 1518 3500 1588 potestati-

1926 1626 2032 1680 bus
2061 1625 2308 1695 exposita
2343 1624 2685 1695 (everterunt
2726 1619 2876 1674 enim
2922 1618 3069 1671 illam
3103 1633 3133 1670 a
3165 1630 3264 1670 sua
3294 1620 3503 1677 mente,

1927 1729 2088 1786 atque
2113 1716 2479 1770 deturbarunt
2500 1713 2570 1766 ah
2597 1711 2880 1766 intellectu
2908 1705 3141 1771 caelesti,
3172 1720 3243 1759 ne
3279 1702 3505 1771 conspi-

1929 1807 2060 1871 ciat,
2093 1821 2215 1875 qum
2237 1806 2306 1859 ab
2341 1805 2450 1858 illis
2484 1804 2540 1857 in
2560 1816 2681 1856 eam
2716 1798 3159 1859 committuntur,
3205 1792 3303 1849 sed
3345 1800 3505 1862 putet

1926 1902 2005 1957 sic
2028 1902 2097 1956 ab
2141 1900 2301 1955 initio
2333 1894 2681 1967 contigisse);
2706 1886 3055 1964 pos'tmodum
3082 1890 3175 1944 ubi
3202 1904 3270 1943 ex
3311 1886 3505 1941 auditu

1927 1992 2175 2063 percepit
2192 1989 2545 2045 solitudinem
2556 2002 2733 2052 suam,
2753 1984 3033 2055 deplorata
3050 1981 3389 2037 desolatione
3405 1992 3506 2033 sua

1928 2087 1987 2139 in
2016 2090 2313 2151 conspectu
2337 2076 2721 2143 humanissimi
2751 2075 2848 2130 Dei
2879 2073 3091 2130 invenit
3137 2071 3305 2126 vitam
3327 2077 3385 2123 et
3412 2083 3505 2124 sa-

1926 2177 2120 2233 lutem.
2142 2171 2522 2243 Quapropter?
2536 2170 2673 2236 Quia
2690 2182 2909 2223 reversa
2923 2176 3009 2221 est
3032 2164 3099 2220 ad
3117 2162 3507 2233 cogitationem

1931 2283 2108 2323 suam.
2142 2265 2303 2321 Nulla
2335 2262 2484 2317 enim
2518 2268 2602 2315 est
2634 2259 2757 2315 talis
2791 2256 3137 2312 familiaritas
3172 2262 3339 2323 atque
3386 2251 3509 2321 opi-

1932 2357 2147 2423 tulatio,
2195 2371 2259 2411 ac
2313 2363 2397 2410 est
2445 2355 2642 2408 animae
2689 2366 2818 2420 erga
2872 2349 3067 2411 Deum,
3120 2356 3177 2401 et
3230 2343 3329 2399 Dei
3377 2358 3509 2413 erga

1929 2451 2190 2504 animam.
2239 2445 2503 2503 Condidit
2547 2444 2696 2498 enim
2742 2443 2889 2497 Deus
2936 2440 3121 2495 avium
3180 2451 3382 2509 genera
3424 2435 3511 2490 di-

1928 2556 2126 2597 versa:
2155 2539 2419 2609 quasdam
2446 2547 2505 2590 ut
2530 2535 2690 2589 nidos
2716 2540 3050 2602 componant
3082 2531 3138 2584 in
3179 2538 3343 2593 terra,
3373 2536 3429 2583 et
3448 2526 3508 2582 in

1928 2645 1994 2686 ea
2022 2629 2257 2683 habeant
2278 2635 2493 2697 pastum
2521 2639 2585 2678 ac
2606 2623 2889 2691 requiem:
2918 2619 3181 2691 quasdam
3213 2631 3343 2671 vero
3359 2616 3512 2670 ordi-

1929 2720 2101 2782 navit,
2130 2726 2191 2772 ut
2218 2718 2321 2772 sub
2350 2716 2508 2786 aquis
2540 2713 2842 2779 nidificent,
2904 2711 3143 2780 indeque
3185 2710 3353 2763 vitam
3404 2707 3525 2762 ha-'

1930 2808 2131 2863 beant:
2164 2804 2453 2861 fabricavit
2469 2816 2689 2873 quoque
2712 2800 2989 2871 duplicem
3011 2797 3310 2861 mundum;
3336 2809 3513 2850 unum

1928 2899 2294 2970 superiorem,
2324 2893 2811 2951 administratoriis
2832 2891 3141 2960 spiritibus,
3156 2899 3217 2945 ut
3242 2889 3354 2944 illic
3370 2904 3509 2945 con-

1929 2986 2574 3055 versentur,constituit;
2597 2985 2831 3040 alterum
2850 2982 3168 3039 inferiorem
3187 2979 3513 3037 hominibus

246 3073 393 3144 ἀέρα
419 3073 608 3127 τοῦτον
637 3090 650 3103 °
684 3074 866 3129 ἔκτισε
900 3077 956 3130 δὲ
986 3077 1081 3130 καὶ
1113 3078 1342 3147 οὐρανὸν
1386 3081 1480 3132 καὶ
1512 3081 1648 3150 γῆν,
1679 3080 1829 3151 ἥλιον

1932 3084 2036 3141 sub
2079 3084 2185 3137 hoc
2231 3097 2379 3136 aere.
2432 3078 2651 3135 Creavit
2695 3092 2914 3148 quoque
2966 3075 3166 3130 cmlum
3196 3081 3251 3128 et
3282 3080 3511 3138 terram,

245 3171 348 3221 xui.
380 3168 628 3239 σελήνην,
659 3167 846 3234 ῦδατα,
883 3168 1075 3240 δένδρα
1116 3172 1472 3241 καρποφόρα,
1509 3170 1642 3240 γένη
1674 3170 1828 3235 ζώων

249 3256 545 3310 παντοίων·
585 3256 699 3310 ἀλλ’
728 3258 785 3309 ἐν
833 3258 1008 3311 οὐδενὶ⁸
1046 3259 1225 3312 αὐτῶν
1254 3261 1282 3312 ὁ
1305 3259 1440 3324 Θεὸς
1477 3262 1831 3315 ἐπαναπαύε-

245 3364 364 3402 ται.
403 3349 557 3401 Πᾶσα
587 3348 620 3417 ὴ
647 3347 824 3411 κτίσις
854 3349 944 3402 ὐπ’
974 3349 1139 3403 αὐτοῦ
1171 3352 1529 3422 κεκράτηται,
1567 3353 1660 3407 καὶ
1681 3354 1831 3424 ὅμως

246 3441 358 3494 οὐκ
394 3440 596 3508 ἔπηξεν
635 3443 693 3495 ἐν
723 3440 907 3504 αὐτοῖς
939 3440 1148 3511 θρόνον,
1177 3441 1301 3495 οὐτε
1340 3446 1623 3506 κοινωνίας
1656 3445 1831 3515 ἡρμό-

250 3550 409 3599 σατο,
439 3534 490 3586 εί
512 3533 587 3604 μὴ
614 3535 672 3586 ἐν
700 3530 973 3604 ἀνθρώπῳ
1003 3533 1163 3602 μόνον
1186 3533 1469 3603 εὐδόκησε,
1495 3536 1831 3606 κοινωνήσας

250 3625 428 3694 αὐτῷ,
458 3624 552 3677 καλ⁵
585 3623 1136 3694 ἐπαναπαυσάμενος.
1173 3623 1340 3696 Ὁρᾷς
1370 3619 1473 3678 ὧδε
1513 3627 1833 3695 συγγένειαν

248 3713 396 3767 Θεοῦ
423 3714 557 3784 πρὸς
584 3713 894 3785 ἄνθρωπον,
917 3714 1012 3768 καὶ
1046 3714 1335 3786 ἀνθρώπου
1364 3716 1506 3787 πρὸς
1544 3718 1716 3785 Θεόν;
1769 3719 1834 3773 Ἦ

247 3799 353 3861 οὖν
383 3805 577 3876 συνετὴ
605 3807 699 3859 καὶ
725 3806 963 3876 φρονίμη
994 3805 1142 3876 ψυχὴ
1165 3806 1526 3876 περιελθοῦσα
1558 3809 1737 3863 πάντα
1766 3809 1836 3863 τὰ

250 3900 742 3970 δημιουργήματα,
779 3899 879 3969 οὐχ
925 3894 1081 3970 εὗρεν
1108 3900 1415 3954 ἀνάπαυσιν
1444 3901 1634 3975 ἑαυτῇ,
1673 3903 1723 3955 εί
1759 3902 1835 3974 μὴ

255 3992 424 4060 μόνον
467 3993 526 4045 ἐν
556 3992 765 4062 Κυρίῳο
796 3992 890 4044 καὶ
932 3994 961 4044 ὁ
990 3992 1195 4062 Κύριος
1220 3994 1277 4046 ὲν
1313 3993 1491 4048 οὐδενὶ
1518 3994 1833 4067 εὐδόκησεν,

246 4084 311 4137 εί
341 4082 420 4157 μὴ
449 4085 609 4156 μόνον
640 4086 699 4138 ἐν
726 4084 1023 4159 ἀνθρώπῳ.

334 4267 425 4332 (τ’.
477 4265 574 4318 Ἂν
623 4264 933 4337 ἐκπετάσῃς
991 4264 1119 4329 τοὺς
1168 4266 1483 4338 ὀφθαλμοὺς
1546 4270 1684 4340 πρὸς
1745 4272 1837 4325 τὸν

248 4357 434 4430 ἥλιον,
472 4356 748 4428 εὑρίσκεις
771 4358 829 4409 ὲν
857 4357 1070 4429 οὐρανῷ
1115 4358 1207 4412 τὸν
1231 4360 1432 4414 κύκλον
1465 4363 1630 4417 αὐτοῦ
1652 4379 1666 4394 ⁸
1693 4365 1753 4418 τὸ
1779 4365 1835 4418 δὲ

250 4448 378 4519 φῶς
407 4448 627 4512 καὶτὰς
660 4450 885 4511 ἀκτῖνας
931 4450 1025 4502 ἐπὶ
1069 4449 1173 4520 γῆν
1208 4452 1479 4521 ῥεπούσας
1520 4454 1615 4507 καὶ
1657 4458 1835 4511 πᾶσαν

247 4539 357 4608 τὴν
402 4536 632 4608 δύναμιν
676 4537 771 4591 τοῦ
816 4537 1015 4605 φωτὸς,
1066 4539 1161 4593 καὶ
1209 4541 1308 4610 τὴν
1342 4541 1661 4615 λαμπηδόνα
1702 4547 1838 4615 πρὸς

248 4629 365 4698 γῆν
395 4630 724 4700 φερομένην·
754 4629 925 4694 οὕτως
963 4632 1057 4686 καὶ
1094 4632 1123 4685 ὸ
1166 4633 1366 4701 Κύριος
1406 4635 1469 4688 ἐκ
1520 4636 1710 4701 δεξιῶν
1742 4641 1835 4694 τοῦ

251 4722 476 4792 Πατρὸς
527 4723 782 4793 ὑπεράνω
816 4724 997 4794 πάσης
1044 4725 1219 4796 ἀρχῆς
1255 4728 1346 4781 καὶ
1391 4729 1641 4795 ἐξουσίας
1706 4731 1837 4785 κάθ-

246 4826 408 4882 ηται·
445 4810 537 4866 τὸν
587 4813 645 4866 δὲ
687 4813 965 4884 ὀφθαλμὸν
1007 4816 1172 4870 αὐτοῦ
1213 4818 1295 4882 είς
1320 4820 1416 4883 τὰς
1470 4821 1694 4891 καρδίας
1725 4824 1835 4878 τῶν

246 4905 352 4955 ἐπὶ
411 4904 516 4972 γῆς
559 4903 862 4974 ἀνθρώπων
891 4904 1005 4975 ἔχει
1042 4908 1361 4978 τεταμένον,
1392 4910 1540 4975 ὅπως
1568 4912 1693 4977 τοὺς
1724 4915 1833 4967 ἀπ-

246 4995 648 5065 εκδεχομένους
680 4994 777 5064 τὴν
823 4996 952 5067 παρ’
996 4996 1160 5050 αὐτοῦ
1216 4998 1491 5069 βοήθειαν,
1544 5003 1834 5075 άνενέγκῃ,

247 5087 386 5140 ἔνθα
430 5087 593 5148 αὐτὸς
622 5087 878 5157 ὑπάρχει,
914 5089 1100 5159 ἐπειδὴ
1132 5089 1299 5159 λέγει,
1328 5093 1520 5148 Ὅπου
1544 5096 1658 5165 ἐγώ
1695 5099 1831 5167 ειμι,

244 5175 380 5233 ἐκεῖ
427 5175 526 5229 καί
577 5178 609 5229 d
652 5175 932 5242 διάκονος
969 5180 1002 5230 ό
1050 5178 1195 5245 ἐμὸς
1246 5179 1438 5234 ἔσται.
1476 5183 1583 5235 Καὶ
1614 5184 1777 5237 πάλιν
1807 5186 1834 5237 ὁ

245 5269 490 5331 Παῦλος
520 5269 639 5320 Ὅτι
672 5267 992 5338 συνήγειρε
1018 5269 1113 5322 καὶ
1137 5272 1541 5327 συνεκάθισεν
1567 5275 1638 5328 ἐν
1664 5274 1836 5343 δεξιᾷ

243 5357 447 5412 αὑτοῦ
480 5359 550 5411 ἐν
582 5357 707 5423 τοῖς
752 5359 1154 5426 ἐπουρανίοις.
1203 5362 1343 5414 Πολὺ
1390 5362 1450 5416 δὲ
1499 5366 1670 5434 ἄλογα
1717 5367 1833 5430 ζῶα

245 5446 608 5518 συνετώτερά
656 5448 793 5500 εἰσιν
824 5447 1002 5517 ἡμῶν.
1058 5450 1167 5502 Καὶ
1216 5450 1327 5519 γὰρ
1367 5452 1599 5506 ἕκαστον
1652 5454 1831 5508 αὐτῶν

243 5539 595 5594 συνήνωνται
625 5539 689 5609 τῇ
723 5537 829 5611 ίδίᾳ
860 5539 1041 5609 φύσει,
1067 5540 1137 5595 τὰ
1180 5540 1348 5611 ἄγρια
1376 5543 1512 5614 πρὸς
1540 5543 1610 5599 τὰ
1639 5543 1826 5617 ἄγρια,

323 5738 371 5770 ³⁵
397 5736 558 5794 Joan.
587 5752 686 5805 xu,
718 5738 809 5806 26,
885 5739 929 5774 ⁸⁷
955 5740 1157 5813 Ephes.
1185 5758 1243 5809 ιι,
1272 5742 1325 5811 5,
1354 5742 1406 5798 6.

1932 3176 2107 3232 solem
2136 3189 2202 3230 ac
2231 3174 2439 3236 lunam,
2471 3184 2662 3240 aquas,
2694 3169 2925 3223 arbores
2950 3164 3284 3226 fructiferas,
3330 3171 3387 3217 et
3409 3176 3507 3216 va-

1934 3267 2145 3322 riorum
2180 3263 2499 3320 animalium
2533 3274 2770 3332 genera:
2812 3258 2870 3312 in
2912 3255 3068 3311 nullo
3098 3263 3279 3308 tamen
3308 3252 3511 3308 horum

1936 3357 2235 3428 requiescit
2256 3356 2420 3410 Deus.
2449 3352 2716 3410 Universa
2739 3359 2993 3404 creatura
3027 3346 3132 3402 sub
3157 3347 3275 3417 ejus
3297 3352 3383 3400 est
3404 3344 3510 3400 im-

1932 3448 2129 3519 perio;
2159 3461 2265 3501 nec
2292 3454 2477 3500 tamen
2506 3439 2815 3498 construxit
2832 3441 2890 3495 in
2920 3438 3001 3495 eis
3029 3438 3311 3502 thronum,
3330 3450 3515 3506 neque

1937 3542 2262 3599 societatem
2290 3537 2434 3602 iniit,
2474 3534 2583 3590 nisi
2618 3534 2674 3588 in
2700 3531 2923 3588 homine
2963 3529 3082 3585 solo
3119 3528 3517 3598 complacitum

1934 3639 1987 3695 ei
2032 3646 2137 3704 est,
2188 3650 2255 3691 ac
2301 3632 2623 3689 societatem
2665 3642 2792 3681 cum
2834 3641 2901 3682 eo
2940 3623 3233 3688 contraxit,
3274 3629 3330 3677 et
3358 3621 3416 3676 in
3442 3636 3521 3678 eo

1936 3730 2252 3802 requiescit.
2284 3725 2522 3782 Videsne
2538 3721 2629 3775 hic
2658 3720 3041 3790 cognationem
3088 3713 3187 3771 Dei
3233 3728 3360 3770 cum
3406 3713 3516 3770 ho-n

1936 3827 2106 3890 mine,
2132 3831 2190 3878 et
2224 3817 2465 3875 hominis
2487 3830 2612 3871 cum
2638 3811 2791 3867 Deo?
2820 3810 2996 3880 Sagax
3013 3823 3144 3877 ergo
3180 3816 3238 3863 et
3268 3806 3519 3877 prudens

1937 3918 2121 3974 anima
2149 3910 2531 3985 pertransiens
2572 3913 2800 3963 cunctas
2824 3909 3132 3964 creaturas,
3164 3915 3275 3955 non
3300 3901 3519 3966 invenit

1937 4007 2183 4077 requiem
2240 4002 2346 4057 sibi
2398 4001 2528 4072 ipsi,
2590 3996 2697 4052 nisi
2751 3995 2929 4049 solum
2982 3994 3040 4046 in
3097 3992 3363 4049 Domino:
3408 4006 3525 4064 nec.

1937 4098 2173 4155 Domino
2202 4094 2261 4149 in
2311 4092 2421 4148 ullo
2471 4085 2860 4159 complacitum
2913 4092 3019 4149 est,
3065 4082 3173 4137 nisi
3221 4082 3403 4137 solum
3454 4082 3522 4145 in

1937 4192 2183 4246 homine.

2010 4285 2096 4341 Vl.
2128 4284 2184 4339 Si
2209 4279 2489 4352 expaudas
2518 4279 2708 4335 oculos
2736 4276 2804 4333 ad
2836 4274 3262 4345 solem,reperis
3292 4273 3350 4328 in
3372 4271 3523 4328 cosio.

1939 4375 2209 4432 circulum
2246 4375 2397 4444 ejus:
2454 4372 2641 4427 lumen
2687 4378 2873 4424 autem
2914 4377 2973 4423 et
3014 4367 3200 4422 radios
3228 4366 3285 4420 in
3308 4374 3513 4419 terram

1941 4484 2187 4539 vergere,
2219 4475 2385 4535 atque
2411 4477 2631 4518 omnem
2662 4461 2773 4516 vim
2808 4460 3037 4514 luminis
3071 4466 3127 4513 et
3163 4456 3513 4526 splendorem

1937 4559 2005 4613 ad
2054 4566 2255 4612 terram
2285 4552 2490 4608 deferri
2520 4566 2534 4604 :
2569 4550 2650 4605 sic
2694 4562 2914 4618 quoque
2948 4545 3212 4600 Dominus
3240 4561 3270 4598 a
3304 4541 3525 4601 dextris,

1942 4649 2097 4722 145
2148 4646 2328 4701 Patris
2360 4658 2528 4713 super
2570 4654 2791 4696 omnem
2830 4636 3202 4708 principatum
3259 4645 3317 4689 et
3355 4642 3512 4704 pote-

1938 4751 2137 4799 statem
2199 4740 2389 4804 sedet;
2466 4735 2689 4791 oculum
2755 4740 2941 4786 autem
3012 4742 3176 4783 suum
3233 4727 3290 4782 in
3345 4724 3514 4780 corda

1936 4833 2225 4890 hominum
2276 4831 2333 4884 in
2397 4838 2540 4883 terra
2602 4824 2910 4880 viventium
2964 4820 3134 4875 habet
3182 4826 3513 4879 extentum,

1939 4934 2000 4980 ut
2049 4939 2146 4980 eos
2201 4923 2295 4993 qui
2349 4920 2657 4990 suscipiant
2708 4916 2777 4970 ab
2820 4930 2889 4970 eo
2945 4912 3235 4977 auxilium,
3288 4908 3514 4965 extollat

1938 5034 2026 5085 eo,
2086 5019 2179 5072 ubi
2221 5017 2337 5086 ipse
2386 5023 2490 5069 est.
2540 5009 2809 5076 Quoniam
2853 5006 3060 5076 inquit:
3098 5002 3209 5059 Ubi
3245 5018 3363 5057 sum
3395 5016 3510 5071 ego,

1936 5111 2047 5165 illic
2069 5124 2273 5180 quoque
2304 5108 2541 5161 minister
2564 5118 2705 5156 meus
2735 5101 2833 5154 erit
2852 5100 2917 5151 ⁸⁸.
2940 5097 3009 5152 Et
3036 5097 3237 5150 iterum
3270 5093 3471 5149 Paulus
3494 5109 3509 5145 :

1936 5199 2109 5256 Simul
2140 5197 2487 5260 resuscitavit,
2536 5200 2586 5247 et
2616 5189 2775 5245 simul
2797 5189 2975 5243 sedere
3006 5187 3125 5257 fecit
3147 5185 3216 5238 ad
3241 5183 3512 5237 dexteram

1938 5309 2092 5349 suam
2133 5292 2271 5345 inter
2319 5288 2547 5343 cazlestes
2595 5284 2663 5338 ⁸⁷.
2729 5284 2932 5338 Verum
2984 5275 3240 5334 animalia
3295 5273 3511 5329 ratione

1942 5386 2227 5448 destituta,
2274 5389 2404 5437 sunt
2469 5381 2631 5450 longe
2690 5371 3117 5443 intelligentiam
3167 5381 3333 5439 quam
3383 5380 3508 5422 nos.

1939 5473 2384 5545 Unumquodque
2411 5470 2558 5526 enim
2598 5468 2796 5522 horum
2848 5462 3038 5519 unitur
3084 5457 3174 5522 iis,
3223 5472 3349 5528 quae
3378 5462 3511 5510 sunt

1936 5569 2182 5645 ejusdem
2217 5576 2447 5632 naturae,
2472 5560 2706 5634 agrestia
2741 5554 3073 5630 agrestibus,
3112 5559 3172 5609 et
3212 5564 3348 5607 oves
3392 5561 3508 5607 sua
