4044 6524
560 265 661 335 791

1786 275 1849 335 S.
1887 264 2207 337 MACARII
2248 271 2569 334 IEGYPTII

3725 269 3839 333 791

560 378 787 451 Specici.
812 378 896 434 Tu
933 393 1066 436 vero
1105 395 1214 437 non
1239 382 1536 439 reverteris
1579 382 1647 438 ad
1688 383 1966 441 caelestem
1989 391 2137 438 tuam

2248 381 2333 434 καὶ
2369 382 2439 434 τὰ
2490 378 2739 451 πρόϐατα
2772 377 2910 453 πρὸς
2948 379 3012 434 τδ
3062 378 3198 435 ἴδιον
3245 378 3431 455 γένος’.
3475 378 3574 431 καὶ
3626 380 3691 433 σὺ
3730 382 3823 434 οὐκ

560 472 965 544 cognationem,
989 488 1112 543 qua:
1130 482 1216 529 est
1245 476 1547 539 Dominus;
1581 475 1677 532 sed
1714 474 2141 546 cogitationibus

561 568 673 620 tuis
719 564 891 621 tradis
940 574 991 621 te
1036 574 1093 622 et
1144 568 1430 623 assentiris
1480 568 1911 639 cogitationibus
1932 567 2171 636 pravis,

560 652 782 720 adjutor
802 654 1015 722 peccati
1047 654 1247 716 factus.
1273 656 1501 725 ejusque
1527 672 1630 725 ope
1667 657 1766 711 tibi
1798 656 1901 726 ipsi
1936 655 2143 710 bellum

565 740 755 805 infers,
791 753 958 811 atque
993 743 1132 797 adeo
1167 759 1348 799 escam
1398 745 1573 801 hostis
1630 754 1683 799 te
1730 746 1909 816 ipsum
1938 745 2142 799 consti-

563 832 696 892 tuis,
736 833 966 903 perinde
995 848 1060 888 ac
1088 835 1134 888 si
1161 834 1277 889 avis
1301 834 1370 888 ab
1391 836 1573 905 aquila
1601 836 1998 905 comprehensa
2042 836 2141 889 ab-

565 934 815 979 sumatur
846 933 944 979 aut
959 926 1081 980 ovis
1102 942 1134 979 a
1162 927 1314 996 lupo,
1334 936 1431 982 aut
1454 944 1594 999 puer
1609 928 1868 999 ignOrans
1880 927 2142 983 extendat

562 1030 785 1069 manum
808 1031 964 1070 suam
987 1016 1054 1071 ad
1087 1026 1421 1087 serpentem,
1471 1033 1502 1072 a
1534 1034 1646 1088 quo
1695 1034 1894 1074 exesus
1923 1017 2140 1073 inﬂam—

562 1118 763 1161 metur.
802 1107 1215 1164 Similitudines
1244 1109 1395 1165 enim
1433 1109 1587 1164 velut
1636 1107 1875 1181 eﬂigiem
1941 1117 2142 1181 gerunt

560 1212 746 1252 rerum
775 1197 1171 1267 spiritualium.

630 1400 741 1457 VII.
770 1399 1247 1466 Quemadmodum
1271 1416 1404 1457 vero
1435 1400 1593 1471 virgo
1629 1399 1786 1455 dives
1808 1398 2140 1470 desponsata

558 1492 701 1555 viro,
728 1507 1071 1563 quaecunque
1121 1493 1399 1562 acceperit
1431 1493 1588 1558 {dona
1628 1501 1754 1547 ante
1787 1492 2140 1562 conjunctio-

559 1598 709 1647 nem,
746 1584 863 1637 sive
896 1592 1238 1648 ornamenta,
1275 1583 1392 1637 sive
1437 1583 1850 1645 vestimentum,
1882 1584 1998 1637 sive
2043 1598 2139 1638 su-

560 1675 890 1746 pellectilem
920 1675 1239 1745 pretiosam,
1269 1690 1381 1728 non
1415 1675 1652 1744 quiescit
1682 1674 1737 1728 in
1791 1674 1920 1740 illis,
1962 1673 2141 1729 donec

559 1777 777 1836 tempus
813 1770 1129 1835 nuptiarum
1173 1766 1480 1832 advenerit,
1514 1776 1571 1822 et
1609 1768 1999 1839 conjunctione
2041 1782 2143 1836 po-

559 1856 659 1910 tita
690 1855 897 1909 fuerit:
945 1855 1025 1908 sic
1066 1858 1288 1924 quoque
1325 1857 1509 1911 anima
1545 1864 1731 1927 aptata
1780 1857 1838 1911 in
1883 1871 2142 1926 sponsam

557 1941 768 1999 cmlesti
805 1941 1038 2011 Sponso,
1066 1943 1265 2012 accipit
1300 1943 1667 1998 arrhabonem
1703 1958 1735 1999 e
1760 1943 1992 2010 Spiritu,
2026 1943 2142 1999 sive

558 2036 703 2091 dona
742 2037 1113 2099 sanationum,
1155 2039 1272 2093 sive
1298 2039 1648 2110 cognitionis,
1680 2040 1797 2095 sive
1846 2040 2141 2095 revelatio-

557 2130 647 2185 nis
689 2151 702 2182 :
735 2130 831 2184 sed
852 2144 962 2184 non
998 2130 1349 2199 conquiescit
1374 2131 1430 2185 in
1461 2130 1591 2196 illis,
1626 2130 1803 2186 donec
1831 2146 2142 2201 consequa-

560 2226 653 2271 tur
682 2217 899 2287 plenam
935 2219 1281 2282 societatem,
1325 2217 1431 2273 hoc
1482 2225 1567 2272 est
1609 2218 1987 2282 dilectionem,
2020 2234 2143 2288 qua:

556 2318 687 2359 cum
720 2320 825 2360 nec
856 2313 1125 2369 mutetur,
1161 2321 1266 2359 nec
1306 2304 1546 2370 excidat,
1577 2305 1760 2359 omnis
1790 2305 2062 2375 passionis
2085 2310 2142 2359 et

558 2392 943 2447 concussionis
994 2400 1250 2461 expertes
1280 2391 1571 2446 constituit
1601 2392 1746 2456 illos,
1772 2392 1868 2462 qui
1896 2408 2017 2447 eam
2042 2391 2140 2447 de-

558 2486 828 2541 siderant.
859 2485 967 2539 Aut
996 2484 1467 2554 quemadmodum
1502 2484 1682 2540 infans
1721 2485 1955 2539 amictus
1996 2500 2142 2538 mar-

559 2577 756 2648 garitis
782 2585 839 2631 et
866 2576 1205 2631 indumentis
1249 2575 1529 2647 pretiosis,
1560 2575 1655 2630 ubi
1688 2575 1969 2641 esurierit,
2000 2575 2140 2630 nihil

555 2671 793 2724 aestimat
821 2682 943 2738 quae
983 2676 1183 2738 gestat,
1237 2668 1333 2724 sed
1376 2683 1440 2723 ea
1479 2667 1728 2738 negligit,
1754 2681 1974 2721 omnem
2006 2681 2139 2721 vero

559 2777 748 2817 curam
798 2762 966 2817 habet
1010 2763 1067 2815 in
1111 2761 1354 2816 mamilla
1391 2761 1660 2825 alimenti,
1684 2776 1794 2831 quo
1846 2768 2009 2830 pacto
2056 2761 2140 2815 lac

554 2853 795 2922 accipiat
820 2868 835 2906 :
858 2853 1003 2906 idem
1028 2867 1256 2922 quoque
1281 2860 1472 2922 putato
1510 2851 1648 2905 mihi
1676 2852 1731 2905 in
1755 2850 2140 2921 spiritualibus

555 2945 719 3001 donis
746 2945 866 3001 Dei.
902 2944 1005 3001 Cui
1034 2944 1209 3016 gloria
1242 2944 1298 2998 in
1319 2943 1538 2999 saecula.
1572 2942 1769 2998 Amen.

1090 3070 1376 3125 HOMILIA
1414 3070 1601 3125 XLVI.
2162 3069 2208 3136 C

556 3158 635 3216 De
693 3161 986 3231 differentia
1044 3159 1459 3231 interUVerbum
1522 3158 1620 3231 Dei
1662 3166 1712 3211 et
1753 3158 1894 3231 inter
1929 3160 2141 3214 verbum

630 3224 814 3285 muniti
848 3239 937 3285 :et
986 3232 1126 3286 inter
1175 3228 1317 3298 ﬁlios
1362 3228 1461 3283 Dei
1508 3236 1559 3283 et
1598 3230 1739 3282 inter
1795 3224 1934 3296 ﬁlios
1980 3231 2140 3301 hujus

632 3302 840 3356 mundi.

627 3412 672 3470 l.
708 3412 950 3468 Verbum
1004 3414 1123 3480 Dei,
1175 3414 1323 3469 Deus
1368 3421 1499 3479 est,
1546 3423 1603 3469 et
1651 3416 1883 3471 verbum
1916 3414 2141 3483 mundi,

562 3505 806 3561 mundus
829 3514 935 3559 est.
960 3506 1210 3576 Magnum
1238 3522 1371 3561 vero
1392 3507 1688 3562 discrimen
1716 3515 1772 3563 et
1793 3508 2142 3563 intervallum

558 3608 645 3653 est
694 3592 837 3651 inter
897 3595 1131 3652 Verbum
1187 3598 1285 3652 Dei
1331 3607 1389 3652 et
1446 3598 1593 3654 inter
1630 3599 1860 3653 verbum
1913 3599 2141 3665 mundi,

558 3699 723 3759 atque
752 3689 898 3743 inter
924 3687 1064 3743 ﬁlios
1084 3689 1181 3743 Dei
1213 3696 1269 3743 et
1324 3689 1470 3744 inter
1496 3689 1637 3745 filios
1667 3691 1879 3746 mundi.
1903 3691 2143 3760 Utraque

555 3780 705 3835 enim
732 3780 914 3849 proles
967 3794 1196 3835 suorum
1244 3780 1444 3835 similis
1481 3789 1569 3835 est
1616 3788 1938 3850 parentum.
1963 3780 2021 3836 Si
2050 3797 2145 3838 vo-

558 3873 729 3929 luerit
748 3888 880 3945 ergo
913 3889 1153 3943 propago
1194 3874 1421 3944 spiritus
1438 3873 1657 3929 tradere
1688 3889 1746 3929 se
1775 3875 1948 3944 ipsam
1976 3874 2145 3929 verbo

559 3965 776 4031 mundi,
843 3980 907 4019 ac
965 3966 1135 4020 rebus
1190 3966 1451 4032 terrenis,
1502 3978 1669 4036 atque
1715 3966 1904 4036 gloriae
1959 3966 2146 4022 saeculi

559 4059 744 4130 hujus,
798 4057 1164 4113 mortiﬁcatur
1196 4067 1252 4113 et
1302 4059 1469 4128 perit,
1508 4058 1718 4128 quippe
1775 4074 1899 4128 qua:
1956 4075 2143 4115 veram

559 4151 808 4220 requiem
855 4150 982 4206 vita:
1021 4150 1287 4219 consequi
1339 4166 1449 4204 non
1499 4151 1694 4220 possit.
1726 4150 1968 4219 Requies
1992 4152 2141 4207 enim

561 4245 688 4313 ejus
720 4242 834 4297 illic
865 4251 970 4307 est,
1004 4243 1152 4297 unde
1195 4254 1457 4313 prognata
1482 4252 1585 4297 est.
1625 4242 1940 4299 Sull‘ocatur
1969 4244 2140 4309 enim,

560 4345 625 4389 ut
663 4335 840 4405 inquit
856 4335 1142 4399 Dominus,
1184 4344 1240 4389 et
1274 4334 1652 4390 infructuosus
1672 4336 1926 4391 redditur
1960 4337 2139 4392 Verbo

2243 470 2522 541 ὲπανέρχῃ
2573 469 2711 538 πρὸς
2765 469 2862 539 τὴν
2896 470 3145 542 οὐράνιόν
3176 488 3269 524 σου
3316 470 3663 541 συγγένειαν,
3711 473 3824 540 ἥτις

2243 560 2393 613 ἐστὶν
2422 563 2449 613 6
2472 559 2697 630 Κύριος*
2724 560 2860 614 ἀλλὰ
2894 561 3249 625 συνεπιδιδοῖς
3282 561 3375 615 καὶ
3414 560 3694 624 συννεύεις
3720 565 3825 625 τοῖς

2241 650 2523 719 λογισμοῖς
2558 667 2650 703 σου
2701 651 2780 713 είς
2818 651 2942 714 τοὺς
2980 651 3275 721 λογισμοὺς
3305 651 3406 719 τῆς
3453 651 3677 713 κακίας,
3711 650 3827 717 βοη-

2246 741 2338 805 θὸς
2394 740 2494 810 τῆς
2545 740 2821 812 ἁμαρτίας
2854 741 3167 811 γενόμενος,
3215 741 3307 795 καὶ
3352 742 3449 794 σὺν
3484 742 3622 811 αὐτῇ
3656 741 3827 810 ἑαυτῴ

2241 831 2513 905 πολεμῶν,
2548 831 2643 885 καὶ
2673 830 2816 884 οὕτω
2862 831 3207 902 κατάόρωμα
3258 832 3352 884 τοῦ
3407 831 3607 901 ἐχθροῦ
3662 832 3828 883 ποιῶν

2240 922 2452 976 ἑαυτόνο
2479 920 2668 993 ὥσπερ
2700 922 2765 976 ἂν
2797 921 2983 993 όρνεον
3013 924 3119 976 ὑπὸ
3152 923 3311 976 ἀετοῦ
3353 924 3660 993 συλληφθὲν
3698 940 3828 976 κατ-

2240 1013 2510 1085 αναλωθῇ,
2535 1014 2569 1085 ἢ
2597 1014 2867 1085 πρόϐατον
2901 1016 3005 1068 ὐπδ
3048 1014 3214 1068 λύκου
3240 1056 3256 1081 ,
3289 1015 3321 1084 ἣ
3354 1015 3571 1069 παιδίον
3602 1013 3830 1082 ἀγνοοῦν

2240 1102 2455 1175 ὲκτείνῃ
2481 1104 2580 1175 τὴν
2606 1107 2764 1175 χεῖρα
2793 1104 2959 1158 αὐτοῦ
3007 1104 3145 1175 πρὸς
3183 1104 3328 1174 ὅφιν,
3376 1106 3474 1158 καὶ
3499 1104 3713 1174 βρωθὲν
3745 1105 3830 1155 ὑπ’

2240 1196 2407 1251 αὐτοῦ
2437 1196 2725 1268 ἀποκαυθῇ
2760 1214 2776 1230 ·
2813 1198 2871 1251 al
2914 1197 3023 1268 γὰρ
3068 1197 3376 1267 παραδολαὶ
3424 1196 3616 1267 ὥσπερ
3663 1198 3832 1267 πρόσ-

2240 1304 2368 1341 ωπα
2402 1287 2619 1358 ἔχουσιν
2650 1286 2731 1350 είς
2757 1286 2820 1340 τὸ
2849 1289 3223 1357 πνευματικὸν
3266 1287 3450 1358 ἔργον.

2311 1378 2386 1432 Z'.
2434 1377 2651 1448 Ὠσπερ
2679 1378 2736 1431 δὲ
2784 1377 3054 1447 παρθένος
3093 1378 3325 1432 πλουσία
3370 1380 3831 1450 μεμνηπευμένη

2244 1469 2419 1540 ἀνδρὶ,
2453 1470 2553 1523 ὃσα
2596 1470 2663 1523 ἂν
2697 1469 2913 1540 δέξηται
2944 1469 3092 1542 δῶρα
3126 1471 3232 1541 πρὸ
3260 1471 3360 1540 τῆς
3386 1472 3701 1534 κοινωνίας,
3727 1474 3831 1522 εἴτε

2248 1562 2472 1633 κόσμια,
2513 1564 2623 1615 εττε
2676 1563 2995 1633 ἱματισμὸν,
3030 1562 3140 1616 εἴτε
3184 1564 3353 1634 σκεύη
3403 1564 3703 1633 πολύτιμα,
3738 1564 3834 1616 οὐκ

2244 1653 2654 1707 ὲπαναπαύεται
2711 1655 2941 1719 τούτοις,
2981 1655 3087 1719 ἕως
3134 1649 3198 1709 οὗ
3246 1657 3274 1708 6
3320 1656 3511 1726 καιρὸς
3569 1655 3705 1727 ἔλθῃ
3741 1655 3834 1707 τοῦ

2249 1748 2454 1815 γάμου,
2500 1747 2595 1798 καὶ
2632 1744 2770 1821 τύχῃ
2806 1747 2908 1815 τῆς
2948 1747 3258 1811 κοινωνίας
3290 1747 3462 1810 οὕτως
3489 1747 3835 1818 άρμοσθείσι

2248 1838 2328 1900 είς
2358 1838 2575 1908 νύμφην
2608 1839 2641 1909 ἡ
2676 1838 2822 1910 ψυχὴ
2856 1838 2933 1909 τῷ
2960 1840 3269 1909 ἐπουρανίῳ
3295 1840 3538 1909 νυμφίῳ,
3565 1839 3835 1909 λαμϐάνει

2248 1930 2547 2003 ἀρραϐῶνα
2587 1932 2651 1983 ὲκ
2680 1928 2773 1983 τοῦ
2805 1929 3143 1999 Πνεΰματος,
3179 1931 3288 1983 εἴτε
3317 1932 3637 2001 χαρίσματα
3674 1928 3836 1998 ἰαμά-

2248 2041 2376 2087 των,
2429 2024 2541 2077 εἴτε
2571 2021 2847 2089 γνώσεως,
2899 2021 3009 2074 εἴτε
3071 2021 3488 2091 ἀποκαλύψεως·
3554 2020 3674 2075 ἀλλ’
3735 2020 3835 2072 οὒκ

2248 2113 2659 2169 ὲπαναπαύεται
2702 2113 2971 2176 ἐκείνοις,
3026 2112 3132 2176 ἕως
3178 2113 3245 2167 ἂν
3295 2112 3436 2185 τύχῃ
3470 2113 3571 2181 τῆς
3620 2112 3837 2174 τελείας

2248 2206 2556 2272 κοινωνίας,
2580 2206 2825 2259 τουτέστι
2853 2206 2951 2275 τῆς
2977 2204 3219 2275 άγάπης,
3249 2204 3371 2275 ἣτις
3401 2205 3677 2274 ἄτρεπτος
3702 2200 3836 2257 οὖσα

2249 2299 2343 2353 καὶ
2404 2299 2695 2365 ἄπτωτος,
2745 2296 2977 2359 ἀπαθεῖς
3022 2296 3114 2350 καὶ
3160 2296 3494 2359 ἀσαλεύτους
3538 2296 3836 2365 ἐργάζεται

2245 2390 2373 2453 τοὺς
2431 2388 2600 2460 αὐτὴν
2634 2388 2998 2458 ποθήσαντας.
3030 2388 3102 2441 Ἢ
3132 2387 3323 2457 ὥσπερ
3364 2386 3569 2455 βρέφος
3611 2385 3837 2454 περισε-

2247 2481 2517 2552 6λημένον
2573 2480 2921 2551 μαργαρίτας
2977 2478 3072 2533 καὶ
3122 2478 3398 2547 ἐνδύματα
3444 2476 3602 2545 τίμια
3634 2516 3651 2538 ,
3707 2478 3835 2528 ὅταν

2249 2574 2508 2645 πεινάσῃ,
2532 2572 2608 2637 ὠς
2634 2572 2787 2626 οὐδὲν
2814 2572 3087 2640 λογίζεται
3119 2570 3155 2625 ὃ.
3184 2573 3361 2642 φορεῖ,
3385 2569 3523 2623 ἀλλὰ
3550 2586 3834 2638 καταφρο-

2247 2669 2328 2722 νεῖ
2370 2666 2571 2731 αὑτῶν,
2602 2665 2730 2736 ὃλην
2760 2664 2818 2718 δὲ
2847 2664 2946 2736 τὴν
2995 2663 3266 2735 μέριμναν
3306 2663 3422 2733 ἔχει
3466 2664 3549 2724 είς
3592 2662 3688 2714 τὸν
3735 2679 3839 2731 μα-

2250 2759 2375 2814 στὸν
2409 2759 2506 2830 τῆς
2536 2757 2765 2829 τροφῆς,
2819 2756 2937 2819 πῶς
2981 2755 3041 2809 τὸ
3087 2755 3231 2824 γάλα
3276 2754 3439 2829 λάϐῃ·
3477 2755 3540 2808 τὸ
3580 2754 3713 2807 αὑτό
3746 2771 3836 2822 μοι

2244 2851 2459 2919 λογίζου
2496 2850 2601 2902 κάν
2635 2849 2752 2910 τοῖς
2782 2849 3175 2917 πνευματικοῖς
3202 2844 3508 2918 χαρίσμασι
3547 2844 3645 2898 τοῦ
3675 2842 3834 2897 Θεοῦ*

2242 2935 2288 3011 ᾧ
2324 2944 2358 3013 ἡ
2399 2940 2527 3008 δόξα
2550 2941 2628 3005 είς
2673 2938 2803 3003 τοὺς
2834 2938 3058 3003 αἰῶνας.
3095 2939 3292 3010 Ἀμήν.

2808 3070 3052 3127 ΟΜῘΛΙΑ
3097 3073 3249 3140 MC’.

2243 3166 2381 3235 Περὶ.
2412 3165 2523 3232 τῆς
2567 3163 2858 3235 διαφορᾶς
2895 3164 3003 3218 τοῦ
3033 3181 3099 3218 τε
3130 3165 3327 3233 Λόγου
3354 3163 3479 3235 Ατοῦ
3524 3162 3703 3235 Θεοῦ,
3734 3162 3834 3235 καί

2316 3232 2424 3291 τοῦ
2453 3237 2640 3305 λόγου
2671 3232 2790 3305 τοῦ
2848 3235 3103 3305 κόσμου,
3152 3232 3251 3287 καὶ
3304 3232 3427 3286 τῶν
3469 3233 3701 3287 τέκνων
3729 3233 3834 3286 τοῦ

2318 3307 2491 3370 Θεοῦ,
2526 3306 2622 3360 καὶ
2674 3304 2796 3358 τῶν
2832 3304 3063 3359 τέκνων
3107 3306 3325 3358 τούτου
3366 3305 3473 3357 τοῦ
3506 3305 3762 3372 κόσμου.

2314 3421 2394 3473 A'.
2437 3416 2495 3471 Ὀ
2519 3417 2614 3471 τοῦ
2656 3415 2793 3469 Θεοῦ
2844 3414 3055 3481 Λόγος,
3085 3414 3217 3478 Θεός
3258 3416 3395 3469 ἐστι.
3456 3416 3569 3471 Καὶ
3609 3415 3640 3466 6
3679 3415 3832 3482 λόγος

2242 3510 2337 3565 τοῦ
2370 3508 2600 3578 κόσμου,
2645 3507 2851 3577 κόσμος
2881 3504 3021 3558 ἐστί.
3054 3504 3234 3574 Πολλὴ
3258 3504 3315 3557 δὲ
3340 3505 3578 3575 διαφορὰ
3608 3509 3703 3559 καὶ
3736 3521 3834 3575 με·

2245 3604 2408 3673 σότης
2434 3602 2733 3672 τυγχάνει,
2766 3599 2861 3654 τοῦ
2891 3617 2950 3653 τε
2980 3599 3154 3671 Λόγου
3188 3599 3284 3656 τοῦ
3329 3600 3463 3656 Θεοῦ
3496 3603 3595 3655 καὶ
3631 3602 3727 3655 τοῦ
3750 3603 3835 3654 λό-

2244 3710 2342 3764 γου
2371 3692 2467 3747 τοῦ
2494 3694 2701 3765 κόσμου
2742 3736 2758 3761 ,
2807 3695 2905 3748 καὶ
2947 3692 3056 3746 τῶν
3081 3693 3287 3747 τέκνων
3314 3693 3408 3747 τοῦ
3439 3694 3577 3746 Θεοῦ
3613 3693 3713 3747 καὶ⁸
3728 3693 3829 3745 τῶν

2242 3784 2452 3839 τέκνων
2513 3784 2608 3839 τοῦ
2658 3784 2889 3853 κόσμου.
2946 3784 3219 3838 Ἕκαστον
3270 3784 3383 3855 γὰρ
3430 3784 3687 3853 γέννημα
3726 3786 3831 3844 τοῖς

2248 3876 2400 3939 ἰδίοις
2429 3875 2574 3929 ἔοικε
2603 3875 2876 3945 γονεῦσιν.
2912 3876 2975 3928 Εἰ
2995 3871 3089 3929 οὖν
3115 3874 3333 3947 θελήσει
3361 3874 3424 3929 τὸ
3454 3875 3553 3928 τοῦ
3582 3877 3826 3943 Πνεῦμα-

2241 3984 2337 4030 τος
2385 3966 2632 4038 γέννημα
2682 3966 2961 4020 ἐπιδοῦναι
3010 3966 3202 4020 ἑαυτὸν
3251 3968 3332 4030 είς
3397 3966 3489 4020 τὸν
3539 3968 3701 4036 λόγον
3742 3965 3828 4019 τοῦ

2244 4058 2474 4129 κόσμου,
2510 4060 2605 4112 καὶ
2633 4057 2704 4111 τὰ
2739 4058 3044 4129 πράγματα
3082 4060 3182 4127 τῆς
3227 4060 3351 4129 γῆς,
3392 4059 3489 4111 καὶ
3537 4059 3641 4129 τὴν
3679 4058 3829 4122 δόξαν

2243 4149 2337 4203 τοῦ
2371 4150 2572 4213 αἰῶνος
2596 4151 2815 4211 τούτου,
2844 4149 3169 4204 θανατοῦται
3204 4151 3300 4204 καὶ
3331 4150 3659 4215 ἀπόλλυται,
3702 4151 3825 4203 ἀνά-

2244 4259 2449 4297 παυσιν
2478 4240 2740 4313 ἀληθινὴν
2772 4240 2920 4311 ζωῆς
2950 4241 3130 4312 εὑρεῖν
3165 4242 3239 4312 μὴ
3272 4241 3596 4311 δυνάμενον.
3641 4241 3708 4294 Ἠ
3730 4242 3825 4310 γάρ

2244 4335 2554 4397 ἀνάπαυσις
2614 4333 2782 4388 αὐτοῦ
2839 4335 2957 4387 ἐκεῖ
3004 4334 3175 4397 ἐστιν,
3222 4333 3345 4387 ὅθεν
3402 4335 3499 4387 καὶ
3544 4335 3821 4403 ἐγεννήθη.

559 4424 774 4487 divino,
815 4423 911 4493 qui
956 4423 1317 4478 sazcularibus
1352 4423 1504 4479 curis
1549 4435 1851 4495 occupatus
1905 4425 2141 4482 terrenis

2248 4425 2617 4495 Συμπνίγεται
2655 4424 2787 4495 γὰρ,
2815 4424 2891 4488 ὥς
2924 4441 3091 4495 φησιν
3129 4426 3157 4478 6
3198 4423 3430 4497 Κύριος.
3458 4424 3559 4477 καὶ
3584 4426 3825 4495 ἄκαρπος

562 4514 780 4585 laqueis
824 4515 1085 4586 illigatur.
1133 4514 1423 4581 Similiter,
1463 4516 1559 4586 qui
1603 4519 1807 4572 carnali
1838 4520 2141 4577 intentione

561 4605 863 4671 detinetur,
894 4605 998 4659 hoc
1020 4613 1105 4659 est
1127 4605 1293 4660 homo
1316 4607 1649 4673 mundanus,
1678 4608 1723 4663 si
1749 4611 1877 4664 velit
1903 4612 2141 4668 Verbum

562 4696 661 4752 Dei
723 4695 939 4761 audire,
982 4696 1310 4763 sull‘ocatur,
1346 4707 1402 4753 et
1433 4700 1586 4755 velut
1618 4700 1894 4771 quispiam
1943 4719 2142 4774 expers

563 4787 795 4844 rationis
852 4788 1233 4845 constituitur.
1281 4790 1590 4847 Assuefacti
1650 4793 1797 4848 enim
1877 4794 2142 4851 vitiorum

562 4881 861 4945 illecebris,
907 4881 1003 4937 ubi
1038 4882 1107 4937 de
1161 4883 1274 4938 Deo
1336 4884 1468 4954 quid
1533 4885 1832 4954 audierint,
1882 4897 2139 4958 tanquam

562 4974 747 5029 minus
805 4974 964 5029 suavi
1019 4990 1279 5032 sermone
1332 4977 1562 5045 turbati,
1607 4980 1776 5035 animi
1813 4980 1975 5036 taedio
2023 4981 2141 5038 alii-

564 5066 811 5119 ciuntur.

640 5236 887 5308 15,611.
911 5236 1002 5292 Ait
1028 5253 1251 5309 quoque
1299 5238 1536 5295 Paulus:
1562 5239 1825 5296 Animalis
1854 5246 2006 5296 homo
2032 5260 2138 5299 non

564 5327 784 5396 percipit
805 5342 865 5380 ea
907 5344 1024 5398 qua:
1042 5337 1167 5383 sunt
1191 5326 1447 5399 Spiritus,
1469 5330 1699 5385 stultitia
1716 5334 1853 5386 enim
1873 5342 1946 5387 est
1971 5333 2053 5387 illi
2069 5334 2136 5388 ⁸⁸.

564 5417 635 5473 Et
660 5418 930 5489 propheta
984 5420 1161 5491 inquit
1207 5438 1224 5475 :
1270 5421 1463 5478 Factus
1529 5432 1606 5479 est
1639 5424 1746 5480 illis
1806 5442 1977 5480 sermo
2019 5428 2134 5493 Dei,

564 5513 722 5581 quasi
749 5512 993 5568 vomitus.
1017 5512 1203 5581 Vides,
1237 5515 1424 5573 vivere
1452 5517 1584 5574 alibi
1608 5534 1716 5575 non
1745 5519 1935 5590 licere,
1974 5536 2137 5593 quam

640 5706 729 5767 ⁸⁸1
759 5708 889 5766 Cor.
911 5727 970 5778 tt,
999 5712 1083 5770 lli.

2238 4517 2448 4586 γίνεται
2492 4518 2600 4571 ἀπὸ
2628 4516 2724 4571 τοῦ
2766 4516 2942 4583 Λόγου
2971 4516 3065 4571 τοῦ
3099 4517 3235 4571 Θεοῦ
3271 4519 3301 4570 ό
3342 4517 3630 4587 βιωτικαῖς
3678 4534 3825 4585 φρον-

2236 4610 2346 4663 τίσι
2381 4609 2761 4680 συνεχόμενος,
2790 4609 2887 4663 καὶ
2941 4610 3159 4680 γηῖνοις
3179 4609 3407 4679 δεσμοῖς
3440 4609 3821 4680 δεσμούμενος.

2251 4702 2525 4764 Ὡσαύτως
2564 4703 2593 4755 6
2633 4704 2870 4774 σαρκικῇ
2906 4704 3228 4774 προαιρέσει
3250 4702 3641 4772 κατεχόμενος,
3672 4718 3819 4755 τουτ-

2237 4793 2385 4846 έστιν
2426 4792 2712 4863 ἄνθρωπος
2742 4791 2820 4846 ὢν
2868 4792 3097 4863 κόσμου,
3140 4792 3234 4845 ἐὰν
3268 4791 3474 4864 θελήσῃ
3514 4791 3613 4844 τοῦ
3658 4792 3822 4857 Λόγου

2245 4882 2477 4938 ἀκοῦσαι
2525 4883 2619 4935 τοῦ
2661 4882 2820 4947 Θεοῦ,
2855 4882 3244 4954 συμπνίγεται,
3278 4883 3374 4936 καὶ
3407 4883 3600 4957 ὥσπερ
3646 4883 3821 4949 ἀλόγι-

2248 4974 2372 5036 στός
2394 4990 2478 5037 τις
2504 4973 2852 5029 καθίσταται·
2887 4974 3197 5038 ἐθισθέντες
3216 4974 3325 5046 γὰρ
3347 4976 3467 5037 ταῖς
3496 4975 3596 5043 τῆς
3635 4974 3822 5031 κακίας

2250 5062 2510 5125 ἀπάταις,
2558 5063 2760 5117 ὁπόταν
2803 5063 2933 5135 περὶ
2977 5063 3113 5116 Θεοῦ
3167 5063 3518 5129 ἀκούσωσιν,
3556 5064 3632 5129 ὡς
3678 5065 3823 5135 inﬁci

2247 5155 2436 5225 ὁμιλίᾳ
2467 5155 2937 5227 περιοχλούμενοι,
2973 5155 3067 5209 τὸν
3114 5154 3241 5209 νοῦν
3287 5155 3621 5225 ἀηδίζονται.

2313 5245 2390 5300 B'.
2426 5247 2564 5316 Φησὶ
2589 5246 2645 5300 δὲ
2670 5248 2767 5301 καὶ
2795 5250 2824 5301 6
2850 5247 3087 5313 Παῦλος,
3135 5250 3401 5317 Ψυχικὸς
3428 5247 3500 5301 δὲ
3528 5248 3822 5315 ἅνθρωπος

2241 5341 2312 5395 οὐ
2339 5340 2575 5410 δέχεται
2596 5340 2667 5394 τὰ
2696 5341 2802 5395 τοῦ
2860 5341 3233 5409 Πνεύματος’
3262 5340 3459 5408 μωρία
3513 5342 3627 5409 γὰρ
3672 5337 3823 5403 αὐτῷ

2239 5432 2390 5487 ἐστι’
2425 5434 2521 5487 καὶ
2549 5436 2578 5487 6
2612 5433 2897 5505 προφήτης
2928 5433 3097 5511 λέγει,
3142 5432 3415 5501 Ἐγένετο
3447 5433 3647 5499 αὐτοῖς
3668 5434 3820 5485 ὀλέ-

2243 5542 2350 5595 γος
2373 5525 2480 5582 τοῦ
2528 5525 2677 5584 Θεοῦ
2725 5526 2806 5594 ὡς
2834 5527 3065 5597 ἔμετος.
3111 5525 3304 5596 Ὀρᾷς,
3343 5525 3430 5578 ὃτι
3474 5526 3573 5596 ζῇν
3600 5523 3819 5591 ἁλλσιιῦ
