4044 6552
279 420 389 482 7.93

1449 410 1811 472 HOMILIE-
1849 430 1919 445 ·-·
1956 410 2141 472 ΗΟΜ.
2181 409 2381 471 XLVI-

3385 402 3497 470 τοι

279 530 385 582 οὒκ
422 524 726 593 ἐνδέχεται,
765 522 814 574 εἰ
870 521 945 592 μὴ
983 520 1103 574 καθ’
1148 517 1207 571 ὃν
1260 517 1486 580 ἕκαστος
1522 512 1841 586 γεγέννηται

1959 532 2029 583 aa,
2063 532 2171 587 qua
2197 516 2434 585 quisque
2455 522 2617 569 natus
2642 520 2748 577 est,
2776 511 2999 566 ratione.
3025 509 3167 576 Quin
3206 511 3368 566 etiam
3389 513 3495 567 ali-

280 620 460 687 λόγον.
498 615 608 669 Καὶ
639 611 838 682 ἐτέρως
880 610 938 664 δὲ
974 607 1264 663 ἀκουστέον
1309 606 1437 676 περὶ
1466 607 1677 660 τούτου.
1719 603 1840 656 Ἐὰν

282 705 454 775 ἐσπιδῷ
482 702 673 756 ἑαυτὸν
720 701 799 762 είς
841 697 1139 768 μεταϐολὴν
1183 696 1356 749 ἐλθεῖν
1395 696 1424 747 6
1462 693 1720 763 σαρκικδς
1751 692 1845 746 ἀν-

282 796 523 864 θρωπος,
549 787 882 856 ἀποθνήσκει
905 786 1167 855 πρότερον
1206 780 1435 845 ἐκεῖθεν,
1466 784 1555 832 καὶ
1601 780 1844 849 ἄκαρπος

281 885 493 950 γίνεται
539 877 646 932 ἀπὸ
694 879 791 945 τῆς
826 874 1093 943 προτέρας
1139 871 1352 938 ἐκείνης
1392 870 1449 920 ἐν
1502 871 1567 938 τῇ
1613 867 1845 936 πονηρίᾳ

282 973 450 1036 ζωῆς.
479 970 688 1037 Ὥσπερ
713 965 768 1018 δὲ
802 966 854 1017 ef
876 981 958 1027 τις
980 963 1118 1032 νόσῳ
1147 962 1180 1031 ἢ
1210 959 1428 1030 πυρετῷ
1458 960 1765 1026 κατέχεται,
1798 960 1846 1009 εἰ

283 1062 387 1114 καὶ·
411 1061 473 1112 τὸ
507 1059 665 1128 σῶμα
708 1056 802 1108 ἐπὶ
844 1057 943 1125 τῆς
972 1053 1159 1120 κλίνης
1188 1051 1462 1123 ἔρριπται,
1494 1048 1655 1118 μηδὲν
1685 1046 1846 1099 δυνά-

287 1168 449 1221 μενον
476 1145 871 1217 διαπράξασθαι
898 1144 1002 1197 τῶν
1037 1143 1136 1211 τῆς
1168 1142 1270 1211 γῆς
1305 1139 1478 1208 έργων
1498 1175 1515 1201 ,
1549 1137 1643 1191 καὶ
1670 1138 1698 1189 6
1725 1135 1846 1195 νοῦς

282 1242 386 1309 οὐχ
438 1238 720 1309 ἡσυχάζει,
770 1232 1182 1304 περισπώμενος
1231 1231 1326 1283 καὶ
1388 1227 1666 1299 μεριμνῶν
1719 1226 1847 1294 περί

282 1330 568 1400 ἐργασίας,
600 1326 801 1381 καὶτὸν
837 1322 1015 1393 ἰατρὸν
1048 1322 1310 1391 ἐπιζητεῖ,
1340 1319 1680 1373 ἀποστέλλων
1713 1316 1848 1387 πρὸς

282 1423 451 1477 αὑτὸν
483 1422 607 1482 τοὺς
652 1418 835 1487 φίλους
890 1414 1075 1467 αὐτοῦ’
1125 1413 1217 1465 τὸν
1263 1411 1422 1464 αὑτὸν
1451 1411 1650 1481 τρόπον
1686 1408 1781 1461 καὶ
1810 1408 1843 1476 ὴ

281 1512 433 1581 ψυχὴ
462 1511 567 1564 ἀπὸ
595 1510 693 1579 τῆς
721 1505 1083 1576 παραϐάσεως
1116 1503 1215 1572 τῆς
1247 1501 1483 1570 ἐντολῆς,
1512 1501 1569 1552 ἐν
1597 1498 1847 1568 ἀσθενείᾳ

284 1603 399 1655 τῶν
428 1598 612 1653 παθῶν
642 1598 918 1665 γεγονυῖα,
957 1594 1051 1647 καὶ
1097 1591 1285 1656 ἄτονος
1310 1592 1644 1654 καταστᾶσα,
1681 1604 1849 1660 προσ-

282 1690 553 1760 ερχομένη
609 1687 686 1756 τῷ
721 1687 926 1755 Κυρίῳ,
964 1684 1057 1737 καὶ
1100 1682 1446 1748 πιστεύουσα,
1490 1683 1589 1751 τῆς
1632 1680 1849 1750 ἀντιλή-

282 1782 436 1848 ψεως
465 1777 627 1832 αὐτοῦ
657 1776 929 1846 τυγχάνει,
962 1775 1054 1827 καὶ
1081 1774 1427 1843 ἀρνησαμένη
1456 1774 1552 1840 τὴν
1582 1771 1849 1841 προτέραν

1947 619 2031 665 ter
2067 609 2135 665 de
2162 609 2267 664 hoc
2316 616 2400 663 est
2443 605 2797 661 audiendum.
2832 604 2888 659 Si
2922 604 3099 657 tradat
3128 617 3186 657 se
3215 603 3392 673 ipsum
3424 604 3494 660 ad

1943 699 2380 768 consequendam
2404 697 2760 752 mutationem
2791 693 3025 749 carnalis
3048 694 3233 755 homo,
3263 694 3495 748 moritur

1943 789 2095 858 prius
2120 788 2252 851 illic,
2276 796 2332 841 et
2358 786 2729 840 infructuosus
2756 784 2989 839 efficitur
3012 783 3180 853 priori
3214 782 3312 844 illi.
3331 797 3496 851 quam

1947 879 2002 932 in
2038 877 2304 947 pravitate
2326 875 2585 939 traduxit,
2608 876 2738 927 vita.
2770 873 3229 939 Quemadmodum
3271 887 3400 940 ergo
3447 872 3493 925 si

1943 968 2068 1037 quis
2098 965 2289 1020 morbo
2309 973 2402 1018 aut
2425 963 2565 1018 febri
2590 961 3064 1025 detineatur,licet
3092 961 3145 1013 in
3174 958 3359 1014 cubile
3377 972 3498 1011 cor-

1944 1072 2048 1124 pus
2072 1057 2374 1124 projectum
2423 1055 2515 1117 sit,
2551 1068 2661 1107 non
2693 1054 2879 1106 valens
2916 1051 3178 1122 perficere
3217 1065 3354 1118 opus
3395 1048 3497 1102 ali-

1944 1145 2094 1215 quod
2144 1153 2420 1199 terrenum
2445 1184 2459 1208 ,
2494 1158 2603 1197 non
2635 1151 2814 1196 tamen
2857 1141 3088 1209 quiescit
3120 1140 3333 1194 animus
3354 1179 3371 1204 ,
3400 1136 3498 1192 sed

1945 1237 2242 1291 distractus
2262 1243 2317 1288 et
2346 1248 2566 1297 curans,
2586 1248 2709 1301 quae
2730 1241 2857 1286 sunt
2883 1230 3211 1300 peragenda,
3225 1229 3497 1284 medicum

1944 1327 2198 1397 requirit,
2220 1325 2400 1380 missis
2427 1323 2494 1378 ad
2530 1338 2656 1378 eum
2680 1322 2873 1376 amicis
2898 1323 3011 1375 suis
3033 1338 3045 1373 :
3064 1321 3258 1374 eodem
3281 1333 3500 1389 quoque

1945 1420 2107 1475 modo
2130 1420 2309 1473 anima
2334 1416 2819 1486 transgressionem
2868 1412 3130 1477 mandati,
3179 1411 3234 1465 in
3269 1411 3501 1465 infirmi-

1946 1519 2111 1565 tatem
2145 1508 2493 1564 affectionum
2524 1505 2763 1567 redacta,
2807 1510 2863 1557 et
2915 1500 3224 1570 languidior
3267 1499 3499 1564 reddita,

1946 1599 2041 1653 ubi
2070 1598 2362 1653 accesserit
2394 1594 2461 1649 ad
2480 1593 2770 1648 Dominum
2799 1599 2856 1645 et
2884 1588 3202 1653 crediderit,
3235 1588 3501 1641 auxilium

1947 1691 2016 1745 ab
2069 1704 2136 1743 eo
2186 1686 2587 1755 consequitur:
2626 1693 2682 1738 et
2731 1683 3005 1751 abnegans
3050 1680 3288 1749 priorem
3325 1676 3503 1765 pessi—

1952 1794 2095 1833 mam
2117 1778 2305 1840 vitam,
2344 1776 2475 1831 licet
2503 1775 2727 1843 antiqua
2769 1770 3085 1842 aegritudine
3114 1768 3425 1831 decumbat,
3448 1773 3507 1822 et

284 1839 556 1937 κακίστην
591 1839 834 1937 ζωὴνϊεί
861 1866 956 1918 καὶ
986 1866 1044 1917 ἐν
1072 1839 1137 1934 τῇ
1164 1839 1370 1933 παλαιᾷ
1406 1839 1656 1931 ἀσθενεία
1685 1839 1853 1915 κατά·

1959 1877 2189 1940 nequeat
2231 1884 2399 1938 opera
2450 1868 2578 1921 vita:
2626 1881 2755 1920 vere
2804 1878 3106 1934 peragere;
3146 1859 3505 1915 nihilominus

287 1977 495 2021 κειται,
535 1958 610 2028 μὴ
638 1955 906 2025 δυναμένη
955 1953 1026 2008 τὰ
1069 1953 1206 2024 ἔργα
1232 1956 1332 2024 τῆς
1359 1952 1503 2022 ζωῆς
1536 1953 1593 2004 ἐν
1629 1949 1854 2020 ἀληθείᾳ

285 2047 713 2119 διαπράξασθαι,
762 2045 878 2100 ἀλλ’
908 2046 1056 2116 ὅμως
1097 2044 1157 2097 τὸ
1215 2042 1550 2114 μριμνῆσαι
1593 2043 1722 2111 περί¹
1757 2041 1853 2110 τῆς

287 2142 438 2211 ζωῆς
471 2139 743 2210 ἐμπόνως,
767 2139 827 2191 τὸ
854 2136 1110 2208 δεηθῆναι
1143 2135 1237 2189 τοῦ
1280 2135 1510 2207 Κυρίου,
1542 2132 1603 2187 τὸ
1624 2132 1855 2204 ζητῆσαι

286 2233 384 2286 τὸν
416 2229 666 2300 ἀληθινὸν
706 2227 885 2299 ἰατρὸν
914 2227 1025 2297 ἔχει
1063 2227 1156 2279 καὶ
1182 2224 1450 2279 δύναται..

360 2323 439 2375 1".
468 2321 578 2374 Kal.
607 2321 703 2390 οὐχ
744 2318 822 2382 ὥς
865 2319 1008 2381 τινές
1038 2335 1167 2386 φασι
1203 2313 1705 2375 κακοδιδασκαλίαις
1753 2312 1857 2364 ὑπ-

285 2410 575 2480 αγόμενοι,
622 2410 703 2462 ὅτι
757 2408 1010 2472 καθάπαξ
1031 2406 1296 2461 ἀπέθανεν
1338 2409 1366 2459 6
1415 2406 1731 2475 ἄνθρωπος,
1765 2404 1858 2457 καὶ

286 2502 431 2563 ὅλως
458 2500 519 2553 ού
552 2498 774 2552 δύναταί
810 2516 859 2551 τι
889 2496 1089 2564 ἀγαθὸν
1114 2494 1497 2563 διαπράξαθαι.
1532 2493 1643 2547 Καὶ
1666 2493 1774 2561 γάρ
1798 2492 1859 2543 τὸ

292 2592 497 2663 βρέφος
526 2589 631 2643 κᾶν
661 2589 823 2659 μηδὲν
855 2586 1016 2658 ἰσχύῃ
1043 2585 1489 2656 διαπράττεσθαι,
1510 2583 1543 2653 ἢ
1566 2584 1679 2644 τοῖς
1709 2579 1859 2642 ἰδίοις

289 2682 455 2735 ποσὶν
489 2681 660 2733 ἐλθεῖν
702 2679 836 2748 πρὸς
874 2678 971 2746 τὴν
1027 2675 1237 2746 μητέρα
1285 2675 1540 2743 ἀδυνατῇ,
1588 2671 1735 2740 ὅμως
1761 2684 1859 2722 κυ-

289 2772 506 2833 λίεται,
544 2770 638 2822 καὶ
674 2769 791 2839 βοᾷ,
828 2767 921 2820 καὶ
964 2766 1138 2820 κλαίει
1182 2763 1470 2833 ἐπιζητοῦν
1500 2762 1598 2833 τὴν
1631 2757 1857 2830 μητέρα.

290 2860 412 2914 Καὶ
442 2862 499 2912 ἐν
543 2859 714 2926 τούτῳ
771 2854 1258 2925 σπλαγχνίζεταιὴ
1302 2854 1502 2923 μήτηρ,
1550 2850 1642 2903 καὶ
1680 2848 1860 2920 χαίρει

292 2950 679 3020 ἐπιζητοῦντος
708 2947 875 3017 αὐτὴν
902 2944 995 2999 τοῦ
1058 2944 1246 3015 νηπίου
1290 2946 1345 2996 ἐν
1394 2943 1538 3011 πόνῳ
1568 2940 1661 2994 καὶ
1694 2956 1862 3010 κραυ-

293 3045 398 3113 γῇ,
429 3041 520 3095 καὶ
557 3037 940 3100 ἀδυνατοῦντος
985 3036 1079 3090 τοῦ
1132 3035 1361 3105 βρέφους
1401 3033 1573 3086 ἐλθεῖν
1603 3031 1736 3102 πρὸς
1762 3029 1864 3083 αὖ..

1953 1976 2165 2024 curare,
2191 1975 2311 2030 qua:
2341 1958 2409 2013 ad
2441 1958 2606 2012 vitam
2635 1955 2927 2024 pertinent,
2968 1952 3160 2007 sedulo
3222 1947 3503 2019 deprecari

1953 2051 2262 2114 Dominum,
2306 2056 2363 2104 et
2396 2046 2674 2117 inquirere
2701 2059 2891 2100 verum
2922 2042 3217 2105 medicum,
3246 2050 3301 2095 et
3340 2039 3507 2097 habet

1953 2149 2008 2196 et
2030 2148 2230 2211 potest.

2023 2314 2112 2370 Ill.
2137 2315 2203 2370 Et
2234 2327 2367 2379 non,
2401 2320 2464 2366 ut
2508 2310 2663 2365 aiunt
2709 2308 2931 2379 quidam
2968 2322 3223 2377 perversa
3260 2307 3509 2365 doctrina

1956 2405 2187 2469 seducti,
2206 2418 2429 2473 prorsus
2460 2410 2706 2455 mortuus
2733 2409 2816 2454 est
2851 2398 3035 2463 homo,
3065 2406 3125 2453 ut
3148 2399 3371 2453 omnino
3397 2414 3508 2453 non

1956 2498 2128 2569 possit
2152 2495 2447 2566 quidquam
2500 2492 2629 2547 boni
2664 2505 2943 2561 peragere.
2973 2489 3187 2544 Etenim
3222 2489 3419 2555 infans,
3443 2489 3510 2543 li—

1957 2598 2046 2644 cet
2072 2587 2208 2642 nihil
2240 2584 2410 2656 possit
2436 2582 2718 2653 perficere,
2750 2588 2844 2633 aut
2864 2579 3099 2649 propriis
3144 2579 3377 2651 pedibus
3415 2593 3513 2633 ac-

1959 2673 2151 2728 cedere
2185 2671 2252 2725 ad
2295 2678 2523 2724 matrem
2568 2676 2825 2737 nequeat,
2868 2665 3227 2719 nihilominus
3254 2666 3511 2732 volvitur,

1959 2768 2155 2822 clamat
2178 2773 2233 2819 et
2253 2765 2450 2835 plorat,
2472 2763 2754 2831 inquirens
2772 2768 2999 2814 matrem
3023 2775 3037 2813 :
3068 2775 3195 2828 erga
3216 2775 3339 2813 eum
3362 2775 3515 2815 sum-

1959 2872 2048 2912 ma
2092 2854 2325 2910 adicitur
2373 2851 2758 2909 misericordia
2800 2859 2994 2914 mater,
3022 2859 3078 2904 et
3098 2850 3295 2919 gaudet
3322 2850 3389 2903 de
3427 2850 3515 2903 in-

1960 2947 2128 3012 fante,
2157 2953 2431 3016 quaerente
2461 2958 2519 2998 se
2546 2958 2668 2997 cum
2698 2941 2885 2995 labore
2916 2948 2971 2994 et
3010 2940 3285 3003 clamore;
3310 2945 3365 2992 et
3391 2953 3517 2992 cum

1960 3054 2071 3093 non
2100 3035 2272 3108 possit
2316 3034 2495 3088 infans
2524 3030 2593 3087 ad
2629 3045 2749 3086 eam
2795 3028 3108 3100 pervenire,
3160 3027 3518 3081 nihilominus

292 3135 427 3203 τὴν,
457 3133 601 3200 ὅμως
624 3128 710 3182 διὰ
740 3128 835 3197 τὴν
863 3126 1060 3197 πολλὴν
1092 3125 1184 3178 τοῦ
1217 3124 1425 3179 παιδίου
1476 3122 1731 3193 ζήτησιν,
1763 3122 1858 3174 αύ-

1963 3129 2033 3183 ob
2062 3128 2287 3182 multam
2311 3125 2470 3196 pueri
2493 3118 2927 3193 inquisitionem,
2951 3118 3068 3188 ipsa
3093 3125 3282 3172 mater.
3303 3118 3418 3171 abit
3449 3118 3518 3172 ad

292 3228 366 3292 τὴ
409 3224 443 3291 ἡ
478 3224 656 3292 μήτηρ
683 3219 980 3288 ἀπέρχεται
1022 3216 1155 3286 πρὸς
1199 3214 1350 3281 αὐτὸ,
1387 3214 1489 3266 ὑπὸ
1513 3213 1612 3281 τῆς
1642 3214 1769 3283 περ)⁹
1795 3212 1855 3264 τὸ

1962 3222 2138 3285 illum,
2168 3234 2353 3273 amore
2384 3216 2540 3286 pueri
2569 3222 2749 3283 capta,
2786 3222 2841 3266 et
2867 3210 3236 3280 amplectitur,
3282 3209 3519 3277 circum-

298 3314 505 3385 βρέφος
544 3312 764 3381 ἀγάπης
810 3307 1340 3379 αἰχμαλωτιζομένη,
1370 3306 1465 3359 καὶ
1496 3303 1861 3373 ἀναλαμϐάνει

295 3406 403 3458 καὶ
447 3403 771 3473 περιθάλπει
797 3441 813 3466 ,
856 3401 948 3453 καὶ
979 3399 1299 3469 τροφοφορεῖ
1339 3398 1399 3448 ἐν
1439 3396 1605 3466 πολλῇ
1639 3397 1858 3466 στοργῇ.

295 3496 477 3550 Τοῦτο
499 3496 591 3548 καὶ
618 3497 644 3548 6
673 3491 1051 3562 φιλάνθρωπος
1079 3489 1209 3550 Θεὸς
1236 3488 1379 3539 ποιεῖ
1415 3486 1505 3538 ἐπὶ
1534 3488 1600 3555 τῇ
1632 3501 1863 3553 προσερ·

293 3588 509 3658 χομένῃ
540 3586 634 3638 καὶ
676 3583 837 3636 αὑτὸν
862 3580 1188 3650 ἐπιποθούσῃ
1213 3579 1381 3649 ψυχῇ.
1429 3576 1603 3645 Πολλῇ
1634 3575 1691 3628 δὲ
1723 3574 1861 3644 μᾶλ⁹

291 3680 395 3731 λον
442 3678 599 3739 αὐτὸς
632 3675 817 3745 ἀγάπῃ
845 3674 1138 3744 φερόμενος
1163 3670 1446 3737 ἐνδιαθέτῳ
1466 3669 1558 3721 καὶ
1595 3667 1697 3736 ἰδίᾳ
1725 3682 1862 3736 χρη-

294 3771 524 3838 στότητι
580 3767 834 3820 κολλᾶται
881 3767 947 3835 τῇ
1003 3762 1210 3833 διανοίᾳ
1257 3762 1443 3830 αὐτῆς,
1475 3758 1567 3811 καὶ
1618 3756 1861 3825 γίγνεται

298 3861 429 3927 μετ’
471 3858 637 3927 αὐτῆς
668 3859 753 3921 είς
790 3854 859 3908 ἓν
889 3852 1159 3920 πνεῦμα,
1194 3849 1334 3903 κατά
1376 3849 1467 3900 τὸν
1511 3843 1862 3900 ἀποστολικὸν

290 3951 482 4017 λόγον.
515 3949 625 4018 Τῆς
672 3946 781 4015 γάρ
813 3944 993 4015 ψυχῆς
1025 3941 1367 4010 κολλωμένης
1400 3938 1479 4009 τῷ
1511 3936 1721 4007 Κυρίῳ,
1769 3935 1863 3988 καὶ

286 4042 398 4096 τοῦ
460 4041 662 4112 Κυρίου
709 4038 1003 4105 ἐλεοῦντος,
1045 4036 1138 4090 καί
1181 4034 1522 4103 ἀγαπῶντος,
1570 4030 1860 4102 ἐρχομένου

287 4149 361 4185 τε
409 4133 546 4203 πρὸς
574 4132 765 4202 αὐτὴν,
803 4131 897 4184 καὶ
936 4126 1272 4197 κολλωμένου
1307 4124 1466 4193 αὐτῇ,
1496 4122 1589 4176 καὶ
1618 4122 1716 4190 τῆς
1745 4121 1863 4173 δια-

287 4223 453 4284 νοίας
489 4222 670 4274 λοιπὸν
723 4219 1141 4290 παραμενούσης
1182 4214 1534 4275 ἀδιαλείπτως
1569 4215 1634 4282 τῇ
1682 4211 1862 4281 χάριτι

286 4316 396 4371 τοῦ
435 4316 658 4385 Κυρίου,
691 4314 769 4375 εἰς
799 4314 855 4364 ἐν
879 4310 1112 4379 πνεῦμα,
1138 4308 1229 4361 καὶ
1256 4309 1334 4370 εἰς
1364 4306 1491 4375 μίαν
1520 4305 1738 4373 κρᾶσιν,
1769 4301 1862 4354 καὶ

286 4412 382 4472 είς
423 4407 549 4475 μίαν
588 4404 823 4458 διάνοιαν
871 4402 1145 4469 γίγνονται
1178 4399 1211 4466 ἡ
1244 4395 1388 4468 ψυχὴ
1438 4395 1531 4449 καὶ
1575 4396 1602 4447 6
1638 4392 1858 4462 Κύριος·

1961 3312 2135 3372 fovet,
2172 3318 2336 3378 atque
2390 3307 2707 3360 alimentum
2751 3300 2964 3371 profert
2987 3312 3197 3352 summa
3230 3310 3353 3350 cum
3383 3295 3522 3350 dile-

1965 3404 2152 3461 ctione
2185 3418 2200 3455 :
2239 3401 2343 3454 hoc
2374 3398 2550 3468 ipsum
2580 3394 2852 3463 benignus
2883 3404 3099 3461 quoque
3129 3388 3273 3443 Deus
3296 3388 3425 3442 facit
3463 3387 3519 3442 in

1960 3495 2141 3549 anima
2168 3492 2236 3546 ad
2256 3506 2380 3545 eum
2406 3487 2718 3547 accedente,
2745 3492 2800 3537 et
2820 3484 2939 3552 ejus
2953 3479 3226 3534 desiderio
3250 3478 3471 3533 detenta
3504 3495 3518 3532 :

1962 3583 2123 3654 longe
2164 3597 2298 3637 vero
2345 3580 2537 3648 majori
2594 3575 2709 3645 ipse
2754 3572 2857 3627 sibi
2910 3571 3072 3625 insita
3118 3569 3433 3633 dilectione,
3467 3576 3523 3622 et

1960 3670 2183 3743 propria
2219 3669 2571 3738 benignitate.
2608 3664 2821 3743 doctus,
2855 3659 3177 3714 adhaerescit
3219 3656 3521 3712 intellectui

1970 3764 2110 3833 ejus,
2142 3770 2199 3816 et
2230 3736 2411 3815 evadit
2455 3772 2578 3813 cum
2625 3754 2716 3808 illa
2742 3736 2795 3805 in
2837 3768 2999 3804 unum
3030 3750 3268 3817 spiritum
3285 3748 3351 3809 ³⁸,
3368 3749 3523 3818 juxta

1963 3868 2271 3910 sermonem
2313 3849 2690 3920 apostolicum.
2738 3843 2793 3897 Si
2844 3840 2988 3896 enim
3021 3841 3294 3895 adhaereat
3343 3839 3523 3894 anima

1962 3945 2212 4008 Domino,
2239 3951 2293 3997 ct
2316 3941 2578 3995 Dominus
2597 3936 2967 3991 misericordia
2988 3942 3039 3987 et
3056 3932 3315 3986 charitate
3342 3939 3529 3989 motus

1970 4035 2195 4090 accedat
2233 4032 2300 4088 ad
2341 4046 2481 4095 eam,
2521 4037 2577 4085 et
2610 4030 2869 4099 jungatur
2912 4027 2983 4090 ei,
3019 4033 3181 4093 atque
3210 4020 3525 4076 intellectus

1966 4124 2185 4181 tandem
2219 4128 2537 4192 permaneat
2582 4119 2954 4174 indesinenter
2989 4115 3043 4169 in
3080 4114 3251 4183 gratia
3287 4110 3520 4175 Domini,

1963 4216 2018 4270 in
2066 4218 2255 4270 unum‘
2285 4214 2561 4283 spiritum,
2593 4218 2650 4265 et
2706 4209 2762 4262 in
2798 4222 2965 4261 unum
3018 4211 3520 4274 temperamentum,

1963 4317 2019 4364 et
2066 4306 2121 4360 in
2157 4320 2325 4359 unum
2366 4303 2705 4358 intellectum
2766 4298 3008 4353 evadunt
3047 4295 3224 4349 anima
3250 4300 3306 4347 et
3336 4291 3525 4346 Domi-

1963 4412 2069 4451 nus
2099 4414 2113 4449 :
2149 4404 2311 4464 atque
2335 4407 2531 4461 corpus
2562 4391 2681 4459 ejus
2710 4388 2762 4441 in
2805 4396 3005 4441 terram
3026 4383 3332 4453 projicitur,
3368 4394 3523 4433 mens

285 4466 395 4552 κᾷι
423 4466 488 4548 τὸ
520 4496 678 4564 σῶμα
707 4466 1213 4562 αὐτῆς-ἐρρίπτεται
1240 4466 1297 4540 ἐν
1329 4490 1393 4557 τῇ
1431 4486 1523 4557 γῇ,
1559 4484 1653 4538 καὶ
1680 4485 1712 4553 ἡ
1750 4481 1858 4535 διά-

1968 4500 2097 4540 vero
2126 4493 2236 4539 tota
2265 4483 2424 4553 plane
2471 4481 2525 4534 in
2578 4478 2784 4534 ccelesti
2815 4476 3113 4532 Jerusalem
3146 4481 3417 4531 versatur,
3455 4466 3522 4522 ad

286 4605 427 4643 νοια
464 4588 630 4656 αὐτῆς
660 4585 754 4654 ὅλη
799 4583 856 4649 ἐξ
885 4582 1007 4635 ὅλου
1053 4584 1118 4651 τῇ
1166 4578 1467 4648 ἐπουρανίῳ
1509 4572 1863 4646 Ἰερουσαλὴμ

288 4673 665 4737 πολιτεύεται,
706 4672 808 4733 ἕως
853 4670 1035 4740 τρίτου
1077 4667 1303 4734 οὐρανοῦ
1354 4665 1684 4735 ἀνερχομένη
1709 4702 1724 4728 ,
1772 4662 1867 4714 καὶ

288 4763 620 4832 κολλωμένη
648 4760 725 4830 τῷ
757 4760 963 4830 Κυρίῳ,
996 4759 1155 4811 κάκεῖ
1184 4753 1500 4808 διακονοῦσα
1534 4752 1699 4821 αὐτῷ.

376 4860 453 4909 Δ’.
490 4853 600 4905 Καὶ
640 4851 803 4913 αὐτὸς
830 4853 889 4902 ἐν
919 4848 996 4918 τῷ
1040 4848 1213 4918 θρόνῳ
1260 4846 1357 4915 τῆς
1402 4841 1790 4913 μεγαλωσύνης
1816 4843 1872 4895 ἐν

288 4944 531 5013 ὑψηλοῖς
546 4941 921 5009 καθεζόμενος,
942 4942 996 4992 ἐν
1007 4941 1072 5009 τῇ
1099 4937 1398 5006 ἐπουρανίῳ
1415 4934 1582 4997 πόλει,
1602 4933 1719 4995 ὅλος
1742 4931 1876 4999 πρὸς

285 5033 479 5104 αὐτὴν
524 5033 579 5084 ἐν
597 5030 673 5100 τῷ
700 5029 904 5097 σώματι
926 5029 1091 5097 αὐτῆς
1128 5030 1260 5080 ἐστι.
1302 5026 1413 5096 Τὴν
1446 5024 1543 5093 μέν
1580 5022 1685 5091 γάρ
1709 5022 1876 5089 αὐτῆς

288 5143 323 5178 ε
334 5125 491 5177 ίκόνα
500 5122 739 5174 τέθεικεν
748 5122 858 5174 ἄνω
874 5120 931 5171 ἐν
942 5122 1006 5190 τῇ
1022 5117 1323 5188 ἐπουρανίῳ
1336 5115 1485 5168 πόλει
1497 5114 1602 5167 τῶν
1612 5112 1779 5180 ἀγίων
1793 5111 1882 5163 Ίε.

296 5214 547 5286 ρουσαλή
556 5230 613 5282 μ·
638 5213 736 5273 τὴν
758 5213 812 5264 δὲ
848 5212 981 5264 ἰδίαν
1004 5210 1186 5262 εἰκόνα
1215 5208 1307 5260 τοῦ
1333 5208 1569 5279 ἀρρήτου
1592 5205 1764 5273 φωτὸς
1784 5203 1881 5271 τῆς

294 5308 560 5373 Θεότητος
582 5302 742 5355 αὑτοῦ
771 5301 1007 5354 τέθεικεν
1032 5304 1087 5353 ἐν
1127 5299 1201 5369 τῷ
1229 5299 1439 5366 σώματι
1484 5296 1674 5363 αὐτῆς.
1708 5292 1877 5354 Αὐτὸς

292 5394 452 5462 αὐτῇ
473 5392 707 5443 διακονεῖ
720 5392 775 5441 ἐν
790 5392 854 5459 τῇ
880 5388 972 5440 τοῦ
1005 5388 1248 5456 σώματος
1276 5386 1456 5437 πόλει·
1476 5384 1702 5449 κάκείνη
1730 5378 1876 5449 αὑτῷ

290 5483 550 5536 διακονεῖ
600 5482 657 5533 ἐν
699 5482 764 5550 τῇ
794 5477 1096 5547 ἐπουρανίῳ
1135 5475 1303 5529 πόλει.
1339 5474 1485 5543 Αὐτὴ
1520 5472 1678 5526 αὐτὸν
1711 5469 1877 5538 ἐκλη-

294 5571 615 5645 ρονὸμησεν
658 5572 715 5622 ἐν
770 5570 1036 5638 οὐρανοῖς,
1083 5568 1176 5622 καὶ
1225 5565 1385 5633 αὐτὸς
1444 5561 1874 5633 ἐκληρονόμησεν

375 5750 425 5782 ⁸9
455 5746 623 5804 lCor.
657 5762 731 5811 γι,
762 5745 846 5799 l7.

1965 4575 2187 4631 tertium
2222 4574 2421 4629 cmlum
2455 4585 2627 4639 usque
2672 4567 2993 4630 ascendens,
3022 4571 3185 4633 atque
3232 4562 3523 4632 conjuncta

1966 4666 2221 4727 Domino,
2260 4662 2371 4716 illic
2396 4659 2673 4714 ministrat
2700 4657 2774 4712 ei.

2039 4840 2126 4894 IV.
2159 4839 2277 4906 Ipse
2305 4852 2436 4891 vero
2468 4836 2521 4890 in
2554 4835 2753 4888 throno
2791 4825 3207 4900 magniﬁcentia:
3234 4824 3290 4878 in
3336 4822 3520 4877 excel-

1974 4929 2049 4982 sis
2084 4926 2297 4985 sedens.
2327 4925 2380 4978 in
2407 4921 2614 4978 cmlesti
2652 4922 2892 4981 civitate,
2928 4916 3148 4986 penitus
3186 4927 3312 4967 cum
3338 4911 3426 4964 illa
3464 4911 3521 4964 in

1977 5032 2210 5087 corpore
2242 5017 2359 5085 ejus
2389 5023 2468 5069 est
2501 5011 2807 5080 :siquidem
2839 5009 2956 5078 ejus
2985 5005 3270 5074 imaginem
3294 5002 3525 5055 colloca-

1976 5108 2055 5160 vit
2083 5119 2297 5158 sursum
2316 5103 2369 5155 in
2392 5100 2597 5156 caelesti
2622 5099 2842 5153 civitate
2866 5103 3175 5149 sanctorum
3198 5089 3522 5154 Jerusalem;

1980 5193 2254 5263 pmpriam
2284 5206 2412 5244 vero
2458 5189 2743 5257 imaginem
2782 5185 3003 5240 luminis
3029 5181 3210 5236 arcani
3236 5187 3398 5247 atque
3437 5177 3526 5230 di-

1981 5279 2226 5334 vinitatis
2268 5293 2378 5331 suae
2411 5276 2698 5330 collocavit
2740 5274 2795 5327 in
2822 5286 3049 5340 corpore
3092 5270 3209 5338 ejus
3236 5283 3249 5319 :
3280 5268 3392 5335 ipse
3426 5264 3528 5317 mi-

1981 5376 2175 5429 nistrat
2204 5372 2253 5426 ei
2285 5371 2337 5423 in
2368 5370 2585 5424 civitate
2610 5366 2888 5435 corporis:
2912 5363 2999 5416 illa
3024 5375 3156 5415 vero
3180 5360 3229 5415 ei
3255 5359 3526 5411 ministrat

1981 5467 2036 5519 in
2061 5463 2267 5518 cmlesti
2308 5460 2544 5514 civitate.
2577 5457 2698 5511 Haec
2733 5456 2877 5508 illius
2911 5451 3281 5506 hzereditatem
3312 5447 3423 5500 adit
3467 5445 3521 5497 in

1981 5557 2118 5614 coelo
2147 5572 2159 5607 :
2198 5553 2288 5607 ille
2324 5566 2451 5606 vero
2499 5548 2673 5603 cernit
2707 5547 2824 5616 ejus
2865 5542 3238 5599 haereditatem
3263 5538 3320 5593 in
3355 5544 3522 5591 terra.
