4044 6568
552 424 665 493 7'35

1858 412 1919 471 S.
1958 407 2281 470 MACARII
2314 402 2635 468 EGYPTII

3695 394 3803 465 ’πει

556 533 825 593 Dominus
860 529 1007 587 enim
1037 526 1330 585 haereditas
1357 528 1417 581 ﬁt
1454 524 1669 587 animae,
1704 530 1760 577 et
1785 520 1968 576 anima
2012 519 2150 577 hie»

2252 516 2399 586 ιῦτὴν
2427 515 2522 569 ἐπὶ
2556 514 2682 584 γῆς.
2728 512 2789 567 '0
2823 510 3029 584 Κύριος
3055 509 3164 583 γάρ
3192 509 3535 584 κληρονομία
3567 510 3807 579 γίγνεται

557 624 767 682 reditas
797 620 860 677 ﬁt
893 620 1132 676 Domini.
1180 618 1237 674 Si
1273 617 1476 673 etenim
1513 621 1859 685 peccatorum
1890 612 1948 665 in
1980 617 2131 665 tene-

559 718 679 775 bris
715 714 991 787 agentium
1024 713 1334 767 intellectus
1375 716 1433 765 et
1480 722 1636 762 mens
1690 713 1801 759 tam
1856 703 2047 773 procul
2100 717 2133 757 a

563 821 796 879 corpore
829 805 1021 860 abesse
1044 812 1243 874 potest,
1288 817 1352 856 ac
1390 801 1608 871 longius
1653 797 2016 868 peregrinari,
2053 803 2136 850 at-

561 914 673 969 que
730 900 786 951 in
847 896 1173 950 remotiores
1218 893 1471 962 regiones
1529 890 1802 960 proficisci
1856 894 2134 941 momento

564 992 715 1045 horae
736 990 900 1050 valet,
925 994 981 1041 et
1007 994 1384 1053 saepenumero
1408 982 1602 1037 relicto
1627 982 1681 1035 in
1704 990 1846 1036 terra
1879 992 2133 1047 corpore,

562 1096 719 1135 mens
770 1080 826 1133 in
876 1077 980 1131 alia
1032 1076 1255 1146 regione
1285 1090 1409 1129 eum
1453 1074 1659 1128 dilecto
1711 1071 1796 1125 vel
1837 1069 2009 1124 amica
2038 1083 2137 1123 sua

565 1170 733 1240 degit,
781 1176 839 1223 et
881 1168 994 1222 illic
1045 1181 1104 1221 se
1155 1166 1333 1236 ipsum
1373 1164 1530 1234 quasi
1555 1163 1724 1217 vitam
1770 1161 1968 1232 degere
2008 1174 2139 1214 con-

566 1260 768 1331 spicit:
808 1257 853 1313 si
884 1258 1052 1329 igitur
1084 1256 1241 1328 147
1291 1254 1594 1326 peccatoris
1640 1253 1820 1307 anima
1872 1257 1957 1304 est
2001 1249 2139 1304 adeo

566 1351 787 1406 subtilis
810 1357 868 1404 et
896 1349 1155 1413 volatilis,
1188 1356 1250 1402 ut
1296 1361 1451 1401 mens
1485 1348 1606 1417 ejus
1627 1359 1738 1399 non
1782 1341 2141 1413 prohibeatur

566 1458 598 1497 a
636 1441 827 1512 procul
858 1440 1068 1496 dissitis
1108 1439 1283 1503 locis;
1331 1438 1504 1491 multo
1545 1436 1716 1505 magis
1741 1434 1942 1497 anima,
1974 1446 2005 1485 a
2032 1445 2141 1500 qua

564 1535 846 1590 sublatum
891 1541 980 1588 est
1029 1533 1280 1587 velamen
1343 1529 1691 1584 tenebrarum
1725 1526 1929 1580 virtute
1966 1520 2141 1578 sancti

570 1626 830 1696 Spiritus,
859 1632 916 1679 et
943 1622 1234 1678 illuminati
1259 1630 1385 1676 sunt
1410 1618 1808 1675 intellectuales
1837 1617 1955 1687 ejus
1996 1612 2142 1669 oculi

562 1717 777 1772 lumine
831 1716 1062 1780 caelesti,
1094 1722 1150 1769 et
1204 1728 1326 1783 quae
1370 1710 1603 1767 liberata
1641 1718 1727 1765 est
1776 1709 2018 1778 perfecte
2073 1705 2142 1760 ab

570 1805 959 1862 afﬂictionibus
988 1803 1264 1867 obscenis,
1301 1812 1364 1857 ut
1415 1801 1618 1857 munda
1657 1801 1927 1856 beneficio
1954 1799 2143 1871 gratia:

2230 607 2329 676 τῆς
2370 606 2551 677 ψυχῆς
2575 646 2591 673 ,
2624 605 2721 660 καὶ
2761 605 2795 675 ὴ
2841 604 2985 675 ψυχὴ
3030 604 3368 675 κληρονομία
3425 602 3676 672 γίγνεται
3714 604 3809 657 τοῦ

2231 697 2462 769 Κυρίου.
2508 698 2573 751 El
2600 697 2711 767 γὰρ
2735 695 2847 749 τῶν
2875 696 2932 750 ἐν
2962 694 3143 748 σκότει
3174 692 3521 765 ἁμαρτωλῶν
3545 694 3579 763 ἡ
3608 692 3812 745 διάνοια

2233 791 2329 843 καὶ
2382 792 2411 843 ὁ
2455 789 2583 852 νοῦς
2623 788 2879 842 τοσοῦτον
2911 788 3101 860 πόρρω
3132 787 3227 841 τοῦ
3261 789 3519 857 σώματος
3552 779 3691 837 εἶναι
3726 785 3817 836 δύο

2233 896 2414 942 ναται,
2449 880 2542 933 καὶ
2589 878 2807 950 μακρὰν
2854 880 3179 949 ἀποδημεῖν,
3218 878 3312 931 καὶ
3336 879 3419 939 είς
3466 872 3815 944 μακρστέρας

2234 969 2501 1039 πατρίδας
2534 968 2789 1022 ἀπελθεῖν
2819 969 2960 1039 ῥοπῇ
3005 969 3153 1038 ὥρας
3183 965 3375 1038 ἰσχύει,
3426 965 3525 1019 καὶ
3558 962 3820 1023 milia“;

2236 1058 2571 1129 ἐρριμμένου
2601 1060 2659 1112 ὲν
2686 1062 2749 1130 τῇ
2774 1062 2843 1130 γῇ
2866 1057 2960 1112 τοῦ
2987 1057 3257 1128 σώματος,
3276 1058 3309 1128 ἡ
3328 1057 3541 1111 διάνσια
3567 1056 3629 1107 ὲν
3660 1054 3819 1123 ἑτέρα

2237 1149 2457 1219 πατρίδι
2498 1149 2635 1221 πρὸς
2664 1148 2755 1203 τὸν
2780 1150 3082 1220 ἀγαπητὸν,
3126 1149 3159 1221 ἥ
3200 1150 3298 1221 τὴν
3327 1149 3628 1220 ἀγαπητὴν
3658 1146 3820 1200 αὑτοῦ

2237 1240 2520 1311 τυγχάνει,
2552 1241 2716 1294 κάκεῖ
2751 1240 2943 1294 ἑαυτὸν
2979 1240 3055 1305 ὡς
3086 1239 3439 1312 διαιτώμενον
3486 1240 3745 1310 καθορᾷ·
3776 1239 3823 1290 εἰ

2239 1330 2385 1403 οῦνή
2412 1330 2504 1386 τοῦ
2533 1331 2858 1402 ἀμαρτωλοῦ
2906 1332 3052 1403 ψυχὴ
3080 1332 3222 1387 οὕτω
3262 1333 3478 1404 ἐλαφρά
3514 1349 3576 1384 τε
3608 1332 3706 1384 καὶ
3738 1330 3825 1385 :6-

2241 1442 2461 1496 ’τι-τερος,
2488 1424 2627 1478 ὥστε
2658 1423 2752 1478 τδν
2800 1425 2925 1479 νοῦν
2973 1424 3140 1479 αὐτοῦ
3186 1424 3261 1496 μὴ
3296 1422 3692 1495 ἐμποδίζεσθαι
3722 1423 3828 1475 ἀπὸ

2240 1518 2349 1572 τῶν
2393 1517 2675 1590 πόρρωθεν
2724 1518 2905 1571 τόπων
2930 1558 2944 1583 ,
2988 1516 3172 1588 πολλῷ
3230 1518 3432 1588 μᾶλλον
3470 1518 3507 1587 ὴ
3538 1515 3728 1586 ψυχὴ,
3763 1509 3828 1585 ἧς

2244 1609 2389 1683 ἤρθη
2410 1609 2469 1662 τὸ
2489 1610 2755 1679 κάλυμμα
2778 1608 2875 1662 τοῦ
2912 1611 3137 1673 σκότους
3162 1609 3268 1662 ὑπὸ
3288 1609 3387 1678 τῆς
3409 1610 3708 1677 δυνάμεως
3734 1608 3827 1660 τοῦ

2245 1700 2565 1771 Πνεύματος
2607 1699 2700 1753 τοῦ
2756 1698 2938 1767 ἀγίου,
2987 1699 3083 1753 καὶ
3127 1698 3509 1769 ὲφωτίσθησαν
3546 1699 3597 1750 οἱ
3646 1696 3833 1765 νεκροὶ⁵

2245 1791 2515 1860 ὀφθαλμοὶ
2548 1790 2718 1861 αὐτῆς
2744 1790 2833 1844 διὰ
2861 1790 2953 1843 τοῦ
2989 1789 3312 1860 ἐπουρανίου
3348 1789 3550 1859 φωτδς,
3577 1787 3682 1840 καὶ
3710 1787 3833 1840 ἐλυ-

575 1900 805 1963 reddita,
834 1906 948 1951 tota
988 1897 1044 1950 in
1076 1897 1283 1966 Spiritu
1320 1896 1377 1949 in
1414 1895 1569 1950 coriis
1596 1893 1873 1948 ministrat
1891 1890 2144 1957 Domino,

2252 1886 2430 1956 τρὼθη
2474 1884 2695 1948 τελείως
2732 1883 2842 1937 ἀπὸ
2897 1883 3008 1937 τῶν
3058 1882 3248 1937 παθῶν
3280 1884 3380 1952 τῆς
3427 1880 3688 1950 ἀτιμίας,
3742 1878 3834 1933 καὶ

573 1997 631 2045 et
650 1997 761 2043 tota
784 1989 839 2043 in
875 2003 1109 2058 corpore
1142 1987 1313 2042 servit
1337 1986 1451 2041 illi:
1482 1997 1537 2041 et
1566 1988 1622 2039 in
1656 1992 1867 2038 tantum
1892 1982 2148 2038 extendi-

573 2091 666 2135 tur
699 2081 1003 2143 intellectu,
1028 2088 1093 2133 ut
1120 2079 1235 2149 ipsa
1257 2078 1331 2132 sit
1367 2077 1571 2145 ubivis,
1601 2085 1657 2132 et
1686 2076 1803 2143 ubi,
1825 2085 1881 2133 et
1928 2074 2148 2147 quando

574 2170 821 2236 libuerit,
848 2167 1069 2224 Christo
1100 2168 1402 2223 ministret.

645 2432 713 2489 ν.
737 2430 853 2489 Hoc
899 2427 1036 2488 dicit
1075 2430 1407 2502 Apostolus:
1447 2424 1513 2487 Ut
1539 2424 1762 2486 valeatis
1796 2431 2002 2503 assequi
2031 2445 2151 2486 cum

576 2524 816 2580 omnibus
872 2526 1088 2591 sanctis,
1123 2539 1242 2591 qua:
1266 2525 1333 2578 sit
1376 2522 1623 2587 latitudo,
1672 2532 1722 2577 et
1764 2524 2055 2596 longitudo,
2100 2532 2151 2579 et

578 2616 933 2686 profunditas,
967 2622 1016 2669 et
1044 2614 1364 2680 sublimitas,
1388 2630 1797 2686 cognoscereque
1814 2616 2155 2685 praeminen-

579 2711 685 2758 tem
712 2704 1022 2775 cognitionis
1045 2704 1375 2758 dilectionem
1405 2703 1623 2771 Christi,
1656 2714 1714 2759 ut
1750 2705 2151 2775 impleamim‘in

578 2809 787 2848 omnem
805 2793 1184 2864 plenitudinem
1217 2794 1311 2849 Dei
1330 2796 1396 2849 '°.
1416 2794 1800 2866 Contemplare
1820 2812 2017 2851 arcana
2035 2813 2152 2868 my-

572 2887 747 2942 steria
780 2888 997 2951 animat,
1043 2903 1072 2943 a
1102 2903 1209 2958 qua
1250 2888 1430 2943 aufert
1467 2889 1734 2944 Dominus
1768 2888 2151 2944 incumbentes

580 2978 858 3042 tenebras,
892 2988 948 3034 et
990 2980 1198 3034 revelat
1226 2994 1370 3045 eam,
1406 2987 1464 3034 et
1498 2981 1775 3034 revelatur
1802 2979 1852 3035 ei
1888 2993 2034 3049 ;qua
2064 2994 2152 3033 ra-

580 3072 730 3125 tione
776 3071 967 3125 dilatet
1008 3080 1064 3126 et
1095 3071 1354 3126 extendat
1394 3071 1743 3141 prudentiam
1798 3071 1999 3125 mentis
2032 3069 2151 3141 ejus

580 3163 637 3216 in
668 3163 1006 3225 latitudines,
1034 3163 1430 3234 longitudines,
1463 3162 1866 3233 profunditates
1891 3171 1947 3217 et
1980 3161 2152 3218 subli-

2248 1977 2466 2047 καθαρά
2493 1976 2581 2029 διὰ
2614 1976 2709 2045 τῆς
2756 1975 2978 2045 χάριτος
3020 1971 3415 2045 κατειργάσθη,
3447 1970 3547 2040 ὅλη
3574 1970 3640 2022 ὲν
3666 1968 3834 2038 ούρα-

2247 2071 2360 2130 νοῖς
2401 2069 2458 2120 ὲν
2496 2068 2768 2136 πνεύματι
2801 2065 3039 2118 διακονεῖ
3067 2062 3145 2133 τῷ
3178 2061 3388 2131 Κυρίῳ,
3421 2060 3516 2113 καὶ
3537 2059 3641 2129 δλη
3674 2058 3736 2111 ἑν
3762 2057 3836 2129 τῷ

2251 2162 2467 2230 σώματι
2510 2161 2750 2214 διακονεῖ
2784 2158 2953 2229 αὐτῷ·
2987 2159 3085 2213 καὶ
3114 2158 3367 2213 τοσοῦτον
3398 2156 3741 2211 πλατύνεται
3762 2154 3837 2224 τῷ

2250 2254 2582 2324 φρονήματι,
2611 2252 2751 2305 ὥστε
2793 2248 3070 2323 πανταχοῦ
3119 2250 3289 2323 αὐτὴν
3346 2246 3510 2303 εἶναι·
3554 2249 3658 2301 καὶ
3704 2248 3836 2302 ὅπου

2251 2343 2526 2416 βούλεται,
2558 2345 2653 2398 καὶ
2691 2342 2819 2397 ἔνθα
2845 2342 3094 2413 βούλεται
3124 2342 3391 2396 διακονεῖν
3416 2342 3491 2412 τῷ
3512 2341 3773 2415 Χριστῷ.

2321 2436 2401 2488 E'.
2418 2434 2590 2487 Τοῦτό
2613 2451 2777 2504 φησιν
2792 2435 2820 2486 ό
2833 2434 3153 2498 Ἀπόστολος
3169 2433 3325 2487 "Ira
3342 2432 3726 2503 ἐξισχύσητε
3749 2448 3841 2484 κου

2250 2526 2533 2581 ταλα6εῖν
2557 2526 2679 2579 σὺν
2696 2526 2845 2580 πᾶσι
2876 2525 3003 2591 τοῖς
3034 2526 3247 2596 ἁγίοις,
3280 2527 3339 2579 τί
3357 2527 3426 2579 τὸ
3455 2525 3722 2591 πλάτος,
3748 2522 3838 2577 καί

2246 2613 2469 2685 μῆκος,
2499 2615 2596 2668 καὶ
2622 2615 2801 2683 ὕψος,
2829 2613 3153 2680 καὶβάθος,
3186 2614 3411 2685 γνῶναί
3432 2632 3497 2669 τε
3521 2615 3642 2683 τὴν
3663 2618 3838 2682 ὑπερ-

2252 2703 2605 2758 ϐάλλουσαν
2646 2704 2760 2772 τῆς
2790 2703 3068 2774 γνώσεως
3115 2703 3360 2774 ἀγάπην
3393 2703 3501 2759 τοῦ
3549 2704 3838 2772 Χριστοῦ,

2249 2792 2351 2847 ἵνα
2382 2793 2736 2863 πληρωθῆτε
2769 2797 2855 2862 εὶς
2888 2794 3013 2850 πᾶν
3053 2796 3117 2848 τὸ
3165 2795 3457 2864 πλήρωμα
3498 2795 3610 2849 τοῦ
3669 2794 3840 2852 Θεοῦ.

2250 2884 2537 2956 Θεώρησον
2558 2884 2772 2955 ἄρρητα
2798 2887 3073 2957 μυστήρια
3099 2885 3298 2957 ψυχῆς,
3319 2882 3388 2957 ἧς
3414 2888 3702 2957 περιαῖρει
3732 2888 3839 2941 Κύο

2258 2994 2371 3049 ριος
2400 2977 2461 3030 τὸ
2492 2978 2843 3047 ἐπικείμενον
2861 2978 3071 3045 σκότος,
3107 2980 3201 3032 καὶ
3223 2978 3605 3033 ἀποκαλύπτει
3646 2981 3840 3049 αὐτὴν,

2234 3058 2347 3123 καὶ
2378 3069 2823 3123 ἀποκαλύπτεται
2875 3071 3013 3141 αὐτῇ
3037 3088 3052 3102 ο
3084 3070 3201 3134 πῶς
3246 3070 3506 3125 πλατύνει
3549 3074 3649 3125 καλ⁸
3683 3074 3844 3127 τείνει

2254 3166 2322 3215 τὰ
2353 3163 2679 3231 φρονήματα
2735 3160 2831 3214 τοῦ
2870 3162 2989 3225 νοὸς
3033 3163 3227 3233 αὐτῆς,
3266 3165 3347 3222 είς
3390 3162 3463 3217 τὰ
3506 3165 3717 3235 πλάτη,
3755 3170 3844 3219 καὶ

582 3255 803 3309 mitates
846 3255 1117 3311 universae
1154 3256 1389 3311 visibilis
1430 3264 1487 3310 et
1528 3256 1820 3311 invisibilis
1863 3265 2149 3310 creatura.

2261 3229 2429 3324 μήκη,
2466 3229 2561 3306 καὶ
2591 3252 2748 3324 βάθη,
2776 3255 2870 3307 καὶ
2909 3253 3020 3326 ὕψη
3053 3229 3234 3326 πάσης
3281 3256 3486 3327 ὁρατῆς
3528 3257 3629 3311 καὶ
3679 3229 3847 3328 -ἀορά-

582 3347 836 3418 Magnum
872 3363 1024 3419 ergo,
1052 3357 1110 3403 et
1163 3348 1410 3403 divinum
1458 3365 1617 3419 opus,
1650 3356 1707 3403 et
1747 3347 2152 3412 admirandum,

585 3454 780 3494 revera
823 3448 909 3495 est
954 3440 1155 3497 anima.
1182 3440 1318 3497 Cum
1357 3442 1503 3496 enim
1538 3451 1752 3497 crearet
1790 3442 1959 3505 illam,
1992 3441 2157 3495 talem

584 3530 833 3585 condidit
861 3530 1004 3586 Deus
1048 3547 1191 3599 eam,
1224 3541 1285 3587 ut
1311 3532 1366 3586 in
1401 3540 1601 3587 natura
1639 3532 1764 3603 ejus
1788 3532 1995 3586 nullum
2019 3532 2161 3587 inse-

583 3629 732 3676 reret
769 3621 988 3686 vitium,
1021 3622 1114 3677 sed
1166 3624 1234 3677 ad
1276 3623 1569 3694 imaginem
1620 3624 1883 3677 virtutum
1920 3622 2160 3693 Spiritus

585 3713 836 3768 condidit
868 3715 1014 3769 illam
1054 3730 1067 3766 :
1102 3715 1286 3785 posuit
1318 3717 1371 3771 in
1408 3732 1471 3770 ea
1535 3716 1685 3786 leges
1731 3716 2019 3781 virtutum,
2046 3715 2161 3769 dis-

589 3806 917 3871 cretionem,
943 3807 1252 3871 scientiam,
1283 3807 1656 3877 prudentiam,
1697 3806 1880 3872 ﬁdem,
1909 3806 2161 3861 dilectio-

586 3912 735 3962 nem,
806 3907 970 3969 atque
1028 3909 1255 3955 caeteras
1304 3899 1541 3955 virtutes
1571 3899 1639 3955 ad
1693 3899 1988 3970 imaginem
2040 3897 2163 3968 Spi-

587 3989 747 4043 ritus.

659 4080 748 4135 Vl.
779 4080 974 4137 Adhuc
1025 4082 1173 4137 enim
1217 4083 1304 4138 vel
1361 4099 1509 4138 nunc
1549 4084 1604 4138 in
1644 4083 1894 4149 scicntia,
1922 4084 2163 4156 pruden-

587 4174 685 4239 tia,
717 4174 1012 4229 dilectione
1054 4184 1110 4229 et
1148 4175 1255 4230 ﬁde
1289 4178 1585 4246 reperitur,
1612 4187 1667 4231 ct
1690 4178 2071 4234 manifestatur
2110 4178 2159 4235 ei

588 4262 894 4317 Dominus:
927 4263 1128 4317 locavit
1181 4264 1237 4318 in
1284 4281 1347 4319 ea
1398 4267 2162 4339 intellectum,cogitationes,

588 4352 929 4406 voluntatem
963 4368 1026 4407 ac
1054 4362 1291 4408 mentem
1331 4355 1528 4411 ducem
1560 4358 1896 4428 przecipuum
1926 4360 2166 4415 :consti-

592 4443 701 4496 tuit
742 4458 961 4513 quoque
989 4444 1044 4497 in
1072 4460 1137 4500 ca
1172 4446 1534 4516 multiplicem
1560 4449 1718 4501 aliam
1754 4449 2113 4506 subtilitatem
2145 4467 2161 4515 ;

2258 3367 2350 3403 του
2401 3351 2654 3415 κτίσεως.
2687 3351 2850 3419 Μέγα
2890 3351 3067 3404 τοίνυν
3095 3353 3191 3407 καὶ
3221 3352 3363 3405 θεῖον
3392 3352 3555 3425 ἔργον
3594 3356 3693 3407 καὶ
3720 3355 3844 3407 θαυο

2238 3436 2462 3511 μαστὸν
2495 3441 2664 3503 ὅντως
2695 3440 2845 3493 ἐστὶν
2873 3441 2907 3512 ἡ
2940 3439 3113 3513 ψυχή.
3146 3442 3233 3494 Ἐν
3257 3441 3366 3513 γάρ
3388 3442 3467 3512 τῷ
3503 3442 3845 3514 δημιουργῆ-

2263 3552 2355 3588 σαι
2381 3532 2572 3604 αὐτὴν,
2614 3532 2873 3604 τοιαύτην
2920 3536 3176 3603 ἐποίησεν
3221 3536 3251 3587 ό
3284 3535 3419 3599 Θεὸς
3458 3536 3657 3606 αὐτὴν,
3690 3537 3765 3599 ὡς
3791 3539 3843 3590 ιν

2259 3629 2325 3697 τῇ
2357 3626 2518 3696 φύσει
2552 3625 2721 3695 αὐτῆς
2755 3625 2829 3696 μὴ
2878 3624 3112 3678 ἐνθεῖναι
3163 3626 3382 3691 κακίαν,
3414 3625 3555 3680 ἀλλὰ
3580 3629 3727 3679 κατὰ
3754 3627 3845 3695 τὴν

2262 3718 2447 3771 εἰκόνα
2498 3717 2607 3771 τῶν
2638 3717 2851 3788 ἀρετῶν
2882 3716 2976 3770 τοῦ
3016 3716 3333 3787 Πνεύματος
3368 3718 3631 3787 ἐποίησεν
3656 3719 3841 3789 αὑτήν.

2265 3810 2503 3880 Ἔθηκεν
2531 3812 2611 3873 είς
2655 3809 2824 3879 αὐτὴν
2859 3808 3055 3880 νόμους
3097 3809 3332 3880 ἀρετῶν,
3378 3810 3683 3879 διάκρισιν,
3711 3811 3846 3879 γνῶ-

2265 3918 2369 3962 σιν,
2402 3903 2687 3972 φρόνησιν,
2716 3900 2921 3966 πίστιν,
2948 3900 3192 3971 ἀγάπην,
3231 3902 3328 3956 καὶ
3358 3903 3457 3965 τὰς
3485 3901 3688 3967 λοιπὰς
3720 3905 3842 3975 ἀρε-

2262 3998 2360 4056 τὰς
2387 3995 2530 4048 κατὰ
2563 3994 2662 4062 τὴν
2688 3995 2875 4050 είκόνα
2894 3995 2987 4049 τοῦ
3016 3994 3355 4064 Πνεύματος.

2339 4084 2672 4155 (ἷζἜτιγὰρ
2688 4086 2780 4138 καὶ
2801 4085 2963 4139 νῦνὲν
2989 4088 3053 4156 τῇ
3070 4102 3136 4154 γν
3154 4085 3305 4149 ώσει,
3326 4086 3422 4141 καὶ
3442 4090 3734 4157 φρονήσει,
3758 4091 3842 4143 καὶ

2266 4176 2455 4245 ἀγάπῃ
2483 4217 2499 4242 ,
2529 4176 2625 4229 καὶ
2653 4178 2833 4230 πίστει
2871 4176 3184 4245 εὑρίσκεται
3216 4177 3311 4230 καὶ
3338 4179 3680 4250 φανεροῦται
3712 4183 3840 4249 αὐτῇ

2266 4267 2294 4318 ό
2316 4265 2517 4337 Κύριος
2539 4281 2554 4297 ο
2593 4266 2790 4336 ἔθηκεν
2819 4268 2898 4328 είς
2927 4265 3097 4335 αὐτὴν
3122 4265 3383 4331 διάνοιαν,
3418 4266 3742 4337 λογισμοὺς,
3763 4268 3841 4319 θέο

2268 4358 2441 4429 λημα,
2472 4358 2597 4411 νοῦν
2625 4359 2871 4429 ἡγεμόνα
2891 4373 2905 4387 ’
2937 4357 3271 4426 ὲνεθρόνισεν
3305 4358 3366 4411 ὲν
3400 4358 3545 4428 αὐτῇ
3578 4359 3840 4427 καὶάλλην

2269 4449 2469 4520 πολλὴν
2491 4450 2817 4520 λεπτότητα.
2834 4448 3120 4519 Ἐποίησεν
3135 4450 3303 4518 αὐτὴν
3327 4449 3840 4520 subgrundas-

592 4533 727 4589 fecit
774 4534 922 4588 illam
958 4536 1118 4591 facile
1168 4538 1450 4601 mobilem,
1493 4540 1792 4606 volatilem,
1820 4550 1875 4596 et
1922 4542 2150 4598 indefes-

2274 4559 2386 4612 ρον,
2409 4542 2634 4595 ἀκοπον·
2655 4542 2945 4612 ἐχαρίσατο
2976 4541 3113 4611 αὐτῇ
3141 4539 3203 4592 τὸ
3232 4540 3287 4592 ὲν
3310 4541 3451 4610 ροπῇ
3477 4541 3736 4609 ἔρχεσθαι
3759 4542 3841 4593 καὶ

594 4646 732 4686 sam.
752 4630 988 4687 Donavit
1018 4632 1120 4694 illi.
1144 4641 1204 4687 ut
1240 4633 1293 4687 in
1337 4641 1616 4688 momento
1643 4635 1723 4691 ire
1741 4643 1797 4689 et
1824 4636 2005 4692 redire
2035 4653 2165 4707 pos-

597 4723 690 4788 sit,
722 4730 779 4778 et
808 4730 993 4778 mente
1015 4722 1331 4780 ministrare
1357 4724 1431 4789 ei,
1457 4733 1621 4789 prout
1645 4725 1885 4796 Spiritus
1908 4727 2165 4794 voluerit,

2269 4631 2625 4703 ἀπέρχεσθαι,
2641 4632 2869 4694 καὶτοῖς
2889 4631 3201 4701 φρονήμασι
3219 4630 3492 4684 διακονεῖν
3519 4632 3700 4702 αὐτῷ,
3723 4630 3843 4684 ἔνθα

2264 4724 2325 4777 τὸ
2360 4722 2585 4793 Πνεῦμα
2608 4722 2889 4792 βούλεται,
2916 4722 3013 4776 καὶ
3040 4721 3372 4788 ἁπαξαπλῶς
3398 4722 3621 4777 ἔκτισεν
3683 4724 3842 4792 αὐτὴν

593 4824 761 4886 atque
813 4823 875 4870 ut
920 4814 1148 4870 omnino
1202 4814 1403 4881 dicam,
1453 4816 1661 4871 creavit
1698 4817 1847 4872 illam
1879 4818 2062 4883 talem,
2109 4832 2150 4873 u‘

2266 4814 2543 4886 τοιαύτην,
2577 4814 2717 4867 ὥστε
2749 4811 3005 4884 γενέσθαι
3033 4814 3112 4878 είς
3144 4814 3364 4885 νύμφην
3390 4814 3491 4868 καὶ
3528 4813 3841 4882 κοινωνικὴν

595 4907 713 4979 ipsa
741 4906 817 4962 sit
842 4921 1046 4978 sponsa
1082 4915 1138 4962 et
1160 4907 1309 4962 socia
1337 4908 1479 4976 ejus,
1522 4915 1583 4961 ut
1611 4907 1727 4978 ipse
1758 4923 1884 4964 cum
1918 4908 2010 4963 illa
2042 4922 2174 4963 con-

2269 4906 2460 4974 αὐτοῦ,
2525 4904 2621 4959 τοῦ
2671 4905 2834 4959 αὐτὸν
2886 4905 3007 4976 μετ’
3057 4905 3230 4976 αὐτῆς
3285 4904 3618 4976 κεκρᾶσθαι,
3655 4906 3750 4959 καὶ
3792 4905 3843 4958 ἑν

595 5006 957 5070 temperetur,
1017 5007 1073 5054 et
1126 5014 1272 5055 unus
1312 4999 1554 5070 Spiritus
1592 5016 1718 5056 cum
1741 5014 1810 5057 eo
1841 4999 1956 5065 ﬁat,
1992 5008 2054 5054 ut
2083 5000 2150 5055 in«

2270 4996 2495 5068 Πνεῦμα
2522 4997 2641 5067 μετ’
2657 4996 2822 5052 αὐτοῦ
2853 4992 3017 5063 εἶναι,
3048 4995 3233 5060 καθώς
3261 5013 3452 5067 φησιν,
3472 4996 3528 5049 '0
3546 4996 3841 5065 κολλώμσο

596 5091 718 5160 quit
742 5107 756 5145 :
785 5088 887 5151 Qui
915 5090 1145 5146 adliceret
1178 5090 1426 5153 Domino.
1459 5108 1595 5146 unus
1623 5093 1841 5163 spiritus
1872 5101 1948 5147 est
1980 5092 2047 5148 ".
2068 5091 2147 5149 Cu

2262 5105 2445 5158 μενος
2477 5087 2557 5155 τῷ
2593 5089 2811 5158 Κυρίῳ,
2858 5088 2930 5143 ἐν
2958 5087 3203 5159 Πνεῦμὰ
3226 5087 3414 5142 ἐστιν.
3447 5080 3521 5158 Ὦ
3547 5089 3585 5159 ἠ
3603 5086 3750 5153 δόξα,
3771 5088 3842 5148 εις
3942 5148 3945 5151 η

592 5183 770 5254 gloria
806 5184 863 5239 in
888 5183 1088 5240 secula
1118 5185 1467 5241 saeculorum.
1502 5186 1697 5241 Amen.

1120 5292 1406 5352 HOMILIA
1441 5295 1655 5352 XLVII.

718 5386 1031 5458 Explicatio.
1059 5388 1346 5461 allegorica
1397 5390 1752 5460 quorumdam
1794 5390 1889 5444 sub
1941 5388 2050 5462 lege

1237 5462 1521 5531 factorum.

668 5568 710 5624 l.
744 5568 931 5624 Gloria
979 5568 1165 5636 Hosis,
1209 5587 1373 5642 quam
1427 5572 1653 5644 gerebat
1687 5574 1742 5629 in
1789 5572 1957 5640 facie,
2007 5580 2170 5646 typus

596 5670 721 5717 erat
741 5676 887 5717 verae
934 5662 1137 5735 gloriae.
1172 5663 1647 5731 Quemadmodum
1695 5667 1845 5723 enim
1895 5665 2009 5722 illic
2047 5664 2169 5724 ﬂvis

674 5809 938 5883 "Epiros.
966 5829 1047 5884 ιιι,
1078 5814 1164 5873 l9.
1254 5815 1337 5873 "l
1370 5816 1497 5874 Cor.
1524 5832 1597 5884 vi,
1639 5815 1725 5871 17.

2267 5180 2395 5243 τοὺς
2416 5180 2621 5245 αἰῶνας
2640 5182 2749 5235 τῶν
2772 5179 3008 5237 αἰώνων.
3056 5181 3254 5251 ’Δμήν.

2859 5293 3104 5348 ΟΜΙΛΙΑ
3129 5292 3261 5347 ΜΖ’.

2288 5380 2671 5456 Ἆλληγορικὴ
2711 5384 3095 5508 παράφραιέίς
3113 5382 3234 5436 τῶν
3259 5380 3379 5438 ὑπὸ
3403 5382 3840 5453 νόμογτεπνη·

2959 5473 2998 5508 u
3072 5470 3173 5508 ων.

2955 5470 3173 5525 μενων.

2348 5575 2429 5630 Α’.
2465 5574 2531 5629 Ἦ
2560 5572 2686 5641 δόξα
2705 5571 2951 5634 Μωσέως
2979 5568 3047 5637 ἢν
3071 5563 3217 5636 εἶχεν
3242 5569 3301 5621 ὲν
3331 5566 3412 5638 τῷ
3432 5566 3728 5638 προσώπῳ,
3751 5568 3838 5615 τύ-

2276 5663 2491 5740 ποςιῆν
2538 5665 2640 5735 τῆς
2681 5661 2942 5737 ἀληθινῆς
2986 5661 3164 5735 δόξης.
3204 5661 3302 5717 ‘Ov
3338 5658 3451 5730 γάρ
3495 5658 3695 5729 τρόπον
3732 5654 3837 5711 lui
