4044 6514
200 363 309 428 791
360 320 369 331 ”

1299 365 1670 435 ΗΟΜῘΙᾸΕ.
1710 398 1781 409 --
1818 366 2008 436 HOM-
2049 372 2289 438 XLVII.

3373 387 3478 461 798

200 476 448 532 ἀτενίσαι
472 477 631 542 είςτδ
647 474 942 552 πρόσωπον
972 474 1217 545 Μωσέως
1243 482 1344 536 οὐκ
1372 483 1559 555 ἴσχυον
1583 485 1633 538 οί
1656 482 1773 538 ἰου-

1891 482 2068 537 oculis
2100 483 2305 539 intueri
2336 484 2551 540 vultum
2582 485 2753 544 Musis
2803 502 2917 547 non
2963 491 3226 548 valebant
3268 494 3478 555 Judaei.

196 568 363 633 δαϊοι,
397 569 542 626 οὕτω
576 571 672 626 νῦν
706 573 929 646 ἐκείνην
948 572 1047 646 τὴν
1079 574 1237 641 δόξαν
1264 575 1361 629 τοῦ
1387 578 1564 646 φωτὸς
1583 579 1642 633 ὲν
1665 582 1785 643 ταῖς

195 662 397 731 ψυχαῖς
444 662 687 735 δέχονται
728 667 779 719 oi
832 667 1179 737 Χριστιανοὶ,
1221 668 1320 722 Ital.
1357 668 1419 721 τὺ
1476 669 1666 733 σκότος
1707 672 1783 741 μὴ

196 754 366 823 φέρον
396 754 496 826 τὴν
528 756 703 827 αὐγὴν
754 756 850 812 τοῦ
888 759 1066 829 φωτὸς
1113 760 1554 832 ὲκτυφλούμενον
1605 781 1783 834 φυγα-

193 846 429 901 δεύεται.
469 846 699 904 Ἐκεῖνοι
726 850 804 917 δὲ,
832 851 913 905 ὅτι
940 852 1069 917 λαὸς
1092 852 1241 905 θεοῦ
1261 851 1423 927 ἦσαν,
1456 855 1520 908 ὲκ
1550 856 1648 925 τῆς
1682 873 1783 909 πε-

198 941 430 1011 ριτομῆς
459 943 777 1011 ἐφαίνοντο*
825 945 1061 1000 ἐνταῦθα
1103 947 1160 1001 δὲ
1211 950 1240 1002 6
1279 948 1407 1012 λαὸς
1446 949 1541 1002 τοῦ
1564 949 1715 1016 ίΘεοῦ
1753 952 1783 1005 6

189 1036 530 1102 περιούσιος,
581 1035 644 1089 τὸ
685 1039 913 1107 σημεῖον
956 1039 1056 1110 τῆς
1101 1043 1407 1113 περιτομῆς
1462 1042 1675 1098 ἔνδοθεν
1711 1047 1779 1116 τῇ

196 1123 397 1195 καρδίᾳ
441 1124 610 1179 αὐτοῦ
645 1126 989 1198 ὑποδέχεται.
1026 1130 1294 1202 Μάχαιρα
1320 1131 1432 1203 γάρ
1457 1132 1781 1204 ἐπουράνιος

195 1215 455 1289 ἐκτέμνει
475 1218 538 1272 τὸ
562 1220 823 1291 περισσὸν
852 1220 948 1275 τοῦ
977 1221 1093 1286 νοῦ,
1124 1224 1374 1280 τουτέστι
1405 1227 1502 1298 τὴν
1530 1228 1779 1300 ἀκάθαρρ

195 1325 291 1363 τον
350 1310 718 1382 ἀκροϐυστίαν
757 1317 857 1385 τῆς
886 1315 1183 1387 ἁμαρτίας.
1227 1320 1366 1388 Παρ’
1397 1321 1630 1387 ἐκείνοις
1678 1322 1779 1392 βά-

192 1417 412 1472 πτισμα
441 1402 543 1475 τὴν
572 1404 752 1475 σάρκα
770 1406 998 1476 ἁγιάζον
1014 1424 1029 1439 ⁶
1052 1410 1186 1482 παρ’
1208 1412 1343 1482 ἡμῖν
1363 1411 1422 1465 δέ
1439 1413 1556 1467 ἐστι
1587 1413 1782 1483 βάπτι-

194 1508 313 1563 σμα
348 1493 504 1562 ἀγίου
544 1494 864 1567 Πνεύματος
909 1499 1006 1553 καὶ
1045 1500 1221 1573 πυρός
1242 1518 1257 1532 ’
1292 1501 1453 1557 τοῦτο
1500 1504 1611 1575 γὰρ
1644 1506 1777 1577 ὲκή-

193 1583 361 1653 ρυξεν
397 1584 672 1657 Ἰωάννης,
708 1589 902 1657 Αὐτὸς
958 1591 1118 1663 ὑμᾶς
1166 1594 1460 1660 βαπτίσει
1503 1596 1575 1651 ἐν
1632 1597 1778 1667 ἁγίῳ

189 1676 491 1745 Πνεύματι
508 1678 608 1732 καὶ
643 1681 808 1748 πυρί.

268 1768 346 1822 Β’.
380 1770 530 1822 Ἐκεῖ
552 1770 726 1843 σκηνὴ
758 1772 1007 1846 ἑσωτέρα
1032 1775 1128 1830 καὶ
1147 1776 1418 1849 ὲξωτέρα,
1450 1779 1546 1832 καὶ
1574 1780 1653 1845 είς
1680 1780 1779 1852 μὲν

196 1861 294 1935 τὴν
322 1862 572 1934 πρώτην,
596 1864 685 1919 διὰ
724 1842 1215 1941 παντὺςνείσῄεσαν
1245 1872 1296 1925 oi
1322 1842 1525 1944 ’ἱερεῖα
1549 1842 1648 1939 τὰς
1680 1842 1777 1928 λα-
1808 1842 1852 1900 Β

188 1953 381 2024 epeia;
402 1955 776 2024 ἐπιτελοῦντες
796 1974 811 1989 ο
853 1959 935 2023 εις
968 1960 1026 2014 δὲ
1060 1961 1159 2033 τὴν
1181 1963 1463 2035 δευτέραν,
1493 1963 1643 2031 ἅπαξ
1678 1966 1775 2022 τοῦ

189 2046 443 2101 ἐνιαυτοῦ
504 2047 712 2119 μόνοςὸ
735 2051 1031 2122 ἀρχιερεὺς
1062 2056 1160 2110 σὺν
1188 2055 1417 2128 αἵματι,
1451 2058 1628 2113 τοῦτο
1663 2059 1775 2129 δηο

186 2135 453 2205 λοῦντος
501 2137 611 2193 τοῦ
646 2140 821 2210 ἁγίου
876 2145 1245 2215 Πνεύματος,
1302 2147 1481 2218 μήπω
1516 2165 1775 2220 πεφανε-

179 2226 415 2296 ρῶσθαι
434 2228 551 2298 τὴν
579 2230 701 2287 τῶν
722 2232 909 2305 ἁγίων
940 2235 1107 2294 ὁδόν.
1154 2238 1419 2294 Ἐνταῦθα
1453 2241 1511 2296 δὲ
1552 2244 1601 2296 οἱ
1636 2258 1774 2296 κατ-

187 2323 504 2394 αξιούμενοι
524 2324 960 2397 εἰσέρχονταιείς
973 2329 1073 2401 τὴν
1103 2329 1515 2404 ἀχειροποίητον
1545 2334 1769 2405 σκηνὴν,

186 2415 326 2467 ὅπου
350 2416 657 2489 πρόδρομος
671 2418 814 2487 ὑπὲρ
845 2420 1005 2491 ἡμῶν
1033 2422 1250 2493 εἰσῆλθε
1276 2424 1533 2495 Χριστός.
1559 2425 1772 2496 Γέγρα-

185 2524 325 2562 mat
347 2510 406 2562 ὲν
432 2508 512 2580 τῷ
529 2510 702 2582 νόμῳ,
732 2512 842 2567 τὸν
866 2513 1025 2583 ιερέα
1042 2516 1250 2571 λαϐεῖν
1265 2518 1375 2572 δύο
1396 2521 1771 2588 περιστερὰς,

184 2602 289 2657 καὶ
326 2601 507 2659 θῦσαι
528 2603 647 2674 μὲν
677 2603 795 2672 τὴν
818 2606 989 2676 μίαν,
1014 2609 1299 2677 part-[dat
1330 2609 1399 2663 δὲ
1429 2610 1547 2679 τὴν
1574 2609 1775 2672 ζῶσαν

183 2695 308 2751 ἀπὸ
360 2696 469 2751 τοῦ
514 2698 765 2766 αἵματος
798 2699 1089 2770 ,ἐκείνηα
1142 2703 1241 2757 καὶ
1295 2702 1629 2769 ἀπολῦσαι,
1670 2704 1771 2759 καί

185 2790 479 2843 ἵπτασθαι
532 2789 880 2859 ἐλευθέραν.
929 2792 1004 2846 Τὸ
1053 2792 1112 2847 δὲ
1154 2794 1444 2868 γενόμενον
1498 2795 1669 2860 τύπος
1704 2792 1772 2868 ἦν

185 2880 286 2934 καὶ
335 2882 466 2935 σκιά
488 2884 589 2953 τῆς
623 2881 883 2952 ἀληθείας
905 2900 921 2915 ο
968 2882 1063 2937 καὶ
1097 2885 1206 2957 γὰρ
1242 2886 1270 2939 6
1317 2887 1553 2959 Χριστὸς
1581 2887 1770 2958 ἐτύθη,

184 2972 286 3026 καὶ
338 2972 400 3026 τὸ
449 2965 590 3044 αἷμα
644 2972 811 3028 αὑτοῦ
872 2977 1134 3046 ραντίσαν
1189 2978 1336 3049 ἡμᾶς
1390 2980 1772 3050 πτεροφυῆσαι

181 3062 466 3133 ἐποίησεν.
490 3063 698 3119 Ἔδωκε
732 3065 839 3134 γὰρ
862 3067 994 3138 ἡμῖν
1021 3068 1300 3140 πτέρυγας
1331 3070 1487 3139 ἁγίου
1521 3070 1774 3142 Πνεύμα-

181 3170 301 3221 τος,
337 3154 478 3225 πρὸς
522 3153 584 3208 τὸ
613 3154 873 3212 ἵπτασθαι
923 3156 1221 3224 ἀκωλύτως
1254 3161 1337 3225 εἰς
1382 3161 1475 3217 τὸν
1505 3162 1645 3233 ἀέρα
1672 3164 1770 3234 τῆς
1793 3185 1839 3244 c

182 3245 462 3319 θεότητος.

259 3363 338 3420 1".
355 3363 620 3427 Ἐκείνοις
638 3363 801 3436 νόμος
828 3364 988 3438 ἐδόθη
1009 3367 1068 3421 ὲν
1098 3368 1262 3434 πλαξὶ
1283 3374 1670 3443 γεγραμμένος
1698 3372 1773 3427 λι-

184 3455 385 3523 θίναις,
417 3457 551 3527 ἡμῖν
580 3458 638 3512 δὲ
662 3458 819 3529 νόμοι
871 3463 1236 3532 πνευματικοὶ
1263 3462 1457 3528 πλαξὶν
1491 3466 1771 3537 ἐγγραφό-

181 3564 341 3618 μενοι
375 3548 605 3619 καρδίας
633 3550 937 3623 σαρκίναιςο
967 3552 1117 3622 λέγει
1139 3553 1269 3625 γὰρ,
1308 3555 1521 3623 Διδοὺς
1542 3559 1769 3627 νόμους

170 3657 303 3708 μου
326 3640 397 3693 ἐν
417 3640 691 3710 καρδίαις
715 3643 940 3710 αὐτῶν,
970 3645 1071 3700 καὶ
1104 3646 1206 3700 ἐπὶ
1232 3647 1340 3715 τὰς
1360 3649 1631 3717 διανοίας
1655 3653 1765 3706 αὺ-

176 3730 308 3784 τῶν
332 3731 641 3803 ἐπιγράψω
661 3736 902 3803 αὐτούς.
933 3739 1179 3793 Κάκεῖνα
1215 3741 1313 3811 μὲν
1351 3742 1530 3798 πάντα
1558 3758 1767 3815 καταρ-

174 3823 430 3894 γούμενα
462 3827 558 3881 καὶ
586 3827 899 3900 πρόσκαιρα
927 3846 943 3861 ·
983 3831 1081 3884 νῦν
1105 3832 1163 3886 δὲ
1197 3833 1378 3888 πάντα
1402 3834 1463 3901 ὲξ
1501 3836 1765 3907 ἀληθείας

174 3916 262 3979 είς
288 3916 382 3971 τὸν
412 3914 520 3972 ἔσω
534 3917 818 3990 ἄνθρωπον
844 3923 1240 3993 ἐπιτελούμενα
1262 3941 1274 3957 ³
1308 3925 1540 3999 διαθήκη
1572 3944 1632 3980 τε
1654 3929 1763 3998 γὰρ

174 4009 409 4074 ἔσωθεν,
458 4010 556 4066 καὶ
601 4011 959 4080 ἁπαξαπλῶς,
989 4016 1147 4071 Ὅσα
1199 4018 1454 4086 ἐκείνοις
1507 4023 1758 4090 συνέϐη,

174 4098 446 4167 τυπικῶς
485 4102 752 4172 ἐγίγνετο
774 4122 789 4136 °
825 4106 1054 4176 ἐγράφη
1114 4107 1185 4162 δὲ
1235 4110 1386 4179 πρὸς
1435 4114 1763 4167 νουθεσίαν

172 4192 497 4263 ἡμετέραν.
529 4195 620 4265 Τῷ
650 4198 758 4268 γὰρ
785 4196 1039 4269 Ἀϐραὰμ
1069 4204 1329 4270 προεῖπεν
1350 4205 1377 4257 6
1399 4202 1530 4269 Θεὸς
1554 4204 1616 4258 τὸ
1641 4205 1760 4259 ὲσό-

182 4299 373 4353 μενον,
411 4285 496 4338 ὅτι
524 4285 822 4354 Παρθικον
851 4287 1021 4344 ἔσται
1043 4290 1111 4345 τὸ
1139 4291 1378 4361 σπέρμα
1410 4308 1528 4349 σου
1575 4295 1645 4349 ἐν
1678 4296 1759 4366 τῇ

172 4376 294 4427 οὐκ
325 4374 465 4443 ὶδιᾳ,
495 4376 592 4431 καὶ
630 4378 1000 4445 κακώσουσι,
1026 4381 1126 4437 καὶ
1164 4381 1590 4440 δουλώσουσιν
1607 4387 1755 4442 αὐτὸ

169 4464 285 4533 ἐτη
322 4469 696 4534 τετρακόσια.
720 4470 892 4525 Τοῦτο
919 4471 1162 4543 ἐπλήρου
1194 4475 1294 4545 τὴν
1331 4476 1434 4545 τῆς
1472 4479 1632 4542 σκιᾶς
1675 4478 1753 4531 εἰ·

170 4557 336 4614 κόνα.
368 4560 637 4630 Πάροικος
663 4561 771 4633 γάρ
799 4563 1015 4630 ἐγένετο
1033 4566 1062 4618 6
1092 4565 1239 4633 λαὸς,
1269 4568 1363 4622 καὶ
1383 4570 1755 4644 κατεδουλώθη
1787 4548 1832 4606 D

172 4647 286 4701 ὑπὸ
302 4649 407 4701 τῶν
415 4651 748 4719 Αἰγυπτίων,
760 4655 856 4709 καὶ
868 4656 1120 4728 ἐκακώθη
1139 4658 1197 4711 ἐν
1212 4660 1369 4731 πηλῷ
1384 4662 1478 4716 καὶ
1491 4662 1761 4737 πλινθείᾳ.

176 4742 422 4811 Ἔστησε
467 4743 579 4815 γὰρ
605 4746 789 4810 αὐτοῖς
806 4747 1005 4819 Φαραὼ
1035 4749 1467 4820 ὲργοεπιστάτας
1488 4758 1584 4811 καὶ
1605 4759 1763 4830 ἐργο-

167 4835 435 4899 διώκτας,
454 4836 543 4892 ἵνα
562 4840 833 4910 ποιήσωσι
852 4843 922 4897 τά
954 4843 1093 4915 ἔργα
1121 4846 1291 4900 αὐτοῦ
1319 4849 1459 4918 μετὰ
1488 4851 1756 4923 ἀνάγκης,

168 4926 270 4978 καὶ
300 4926 390 4979 ὅτε
435 4929 721 4997 ὲστέναξαν
777 4934 829 4986 ol
868 4934 975 4989 υἱοὶ
1017 4937 1234 5010 Ἰσραὴλ
1271 4941 1380 4994 ἀπὸ
1420 4943 1530 4997 τῶν
1576 4944 1757 5017 ἔργων

168 5017 318 5085 πρὸς
342 5017 434 5071 τὸν
453 5020 605 5087 Θεὸν,
629 5022 750 5077 τότε
773 5026 1117 5098 ἐπεσκέψατο
1140 5030 1340 5096 αὐτοὺς
1366 5032 1457 5088 διὰ
1484 5035 1752 5102 Μωσέως

166 5109 272 5161 καὶ
300 5112 523 5177 πολλαῖς
551 5114 791 5187 πληγαῖς
845 5120 1096 5188 πατάξας
1142 5124 1271 5188 τοὺς
1312 5125 1671 5194 Αἰγυπτίους,
1696 5130 1756 5184 ὲν

1890 572 2090 628 eodem
2143 574 2309 629 modo
2348 591 2498 633 nunc
2545 578 2696 636 illam
2738 580 2970 652 gloriam
3019 585 3161 641 lucis
3194 586 3249 642 in
3280 589 3483 647 anim‘is

1890 664 2175 736 recipiunt
2231 667 2531 727 Christiani
2578 687 2699 729 :ac
2757 676 3000 733 tenebrae
3060 694 3171 734 non
3238 680 3480 739 ferentes

1890 757 2241 828 splendorem
2284 762 2445 829 lucis,
2494 776 2777 823 occaecata;
2816 768 3098 840 fugantur.
3151 773 3324 828 Porro
3366 776 3474 840 illi,

1889 850 2035 917 quod
2057 858 2246 907 essent
2273 856 2512 924 populus
2530 857 2648 921 Dei,
2675 873 2741 914 ex
2771 860 3195 918 circumcisione
3216 881 3479 939 agnosce-

1888 940 2141 997 hantur:
2204 946 2370 1001 modo
2421 963 2555 1004 vero
2604 952 2843 1021 populus
2886 950 2983 1008 Dei
3024 955 3344 1024 peculiaris,
3394 960 3476 1013 si-

1888 1050 2057 1105 gnum
2104 1037 2546 1096 circumcisionis
2591 1042 2741 1097 intus
2793 1043 2848 1098 in
2886 1045 3050 1099 corde
3083 1056 3184 1101 Suo
3208 1050 3471 1118 suscepit.

1886 1122 2113 1182 Gladius
2145 1128 2296 1183 enim
2331 1132 2573 1189 ctelestis
2606 1140 2858 1203 amputat
2880 1136 3279 1193 abundantiam
3312 1156 3473 1196 men-

1889 1217 1982 1284 tis,
2024 1219 2133 1276 hoc
2165 1227 2273 1287 est,
2313 1221 2593 1293 impurum
2642 1227 2976 1295 praeputium
3025 1231 3261 1299 peccati.
3310 1232 3472 1302 Apud

1886 1307 2012 1365 illos
2041 1319 2160 1366 erat
2198 1311 2473 1383 baptisma
2510 1329 2733 1369 carnem
2764 1317 3116 1374 sanctiﬁcans
3145 1339 3158 1373 :
3198 1322 3341 1390 apud
3369 1337 3473 1376 nos

1885 1415 2018 1457 vero
2057 1402 2329 1473 baptisma
2365 1406 2540 1460 sancti
2585 1404 2829 1475 Spiritus
2856 1417 2914 1462 et
2953 1408 3116 1479 ignis.
3158 1409 3274 1466 Hoc
3319 1412 3470 1466 enim

1887 1492 2203 1560 praedicavit
2228 1493 2470 1552 Joannes
2505 1513 2520 1550 :
2556 1494 2678 1569 Ipse
2719 1513 2807 1553 vos
2847 1498 3137 1570 baptiz‘abit
3182 1502 3242 1556 in
3284 1511 3470 1558 sancto

1884 1580 2090 1654 Spiritu
2111 1591 2161 1637 et
2190 1584 2302 1656 igni
2317 1586 2384 1641 θ’.

1925 1785 2023 1847 .ll.
2051 1785 2131 1842 lbi
2165 1785 2575 1843 tabernaculum
2613 1788 2848 1845 interius
2901 1796 2959 1846 et
2992 1790 3266 1855 exterius;
3296 1797 3462 1862 atque

1879 1875 1935 1931 in
1969 1876 2126 1947 prius
2149 1893 2368 1948 semper
2409 1876 2860 1951 ingrediebantur
2883 1882 3220 1945 sacerdotes,
3249 1876 3461 1938 cultum

1881 1967 2043 2040 148
2062 1968 2311 2025 divinum
2337 1981 2664 2042 peragentes
2692 1988 2704 2022 :
2741 1972 2796 2027 in
2835 1973 3136 2029 secundum
3163 1984 3346 2029 autem
3372 1991 3463 2030 se-

1875 2060 1981 2114 mel
2014 2060 2067 2115 in
2110 2075 2254 2115 anno
2282 2061 2434 2116 solus
2463 2060 2711 2130 pontifex
2754 2078 2878 2117 cum
2912 2064 3177 2134 sanguine
3204 2081 3219 2116 :
3248 2064 3358 2118 Hoc
3381 2066 3461 2119 sia

1871 2150 2159 2223 gniﬁcante
2188 2160 2373 2205 sancto
2397 2150 2622 2223 Spiritu,
2647 2153 2879 2207 nondum
2912 2155 3313 2223 manifestatam
3349 2162 3461 2209 esse

1872 2251 2179 2296 sanctorum
2204 2243 2345 2297 viam
2368 2243 2435 2297 ".
2471 2242 2573 2296 Hic
2593 2257 2746 2308 vero,
2768 2244 2862 2313 qui
2888 2254 3234 2308 meruerunt,
3269 2245 3459 2316 ingre-

1873 2332 2103 2388 diuntur
2154 2333 2210 2389 in
2255 2350 2366 2389 non
2418 2334 2793 2391 manufactum
2837 2336 3256 2392 tabernaculum
3284 2376 3299 2401 ,
3339 2352 3453 2407 quo

1871 2439 2181 2496 praecursor
2200 2442 2302 2495 pro
2325 2426 2486 2482 nobis
2506 2426 2722 2484 introiit
2749 2426 3031 2484 Christus.
3068 2428 3342 2499 Scriptum
3371 2437 3458 2485 est

1873 2515 1931 2570 in
1957 2515 2075 2587 lege
2103 2533 2116 2569 :
2141 2514 2205 2572 Ut
2228 2517 2475 2573 sacerdos
2503 2520 2727 2591 accipiat
2755 2519 2893 2574 duas
2923 2519 3217 2588 columbas,
3241 2527 3292 2574 et
3317 2519 3457 2574 alte-

1873 2623 1989 2661 ram
2039 2608 2249 2679 quidem
2289 2618 2520 2675 mactet,
2552 2618 2800 2682 aspergat
2838 2628 2963 2666 vero
2996 2614 3167 2666 vivam
3196 2613 3455 2683 sanguine

1872 2697 2075 2767 ejus,et
2101 2697 2336 2753 dimittat
2369 2698 2588 2753 liberam
2610 2699 2837 2756 evolare.
2861 2701 3065 2757 Verum
3092 2702 3237 2771 quod
3264 2700 3453 2769 ﬁebat,

1874 2796 2037 2860 typus
2087 2797 2207 2844 erat
2267 2797 2325 2846 et
2369 2790 2564 2845 umbra
2616 2790 2886 2846 veritatis.
2926 2791 3143 2847 Etenim
3196 2790 3453 2848 Christus

1874 2878 2190 2935 immolatus
2214 2889 2318 2947 est,
2355 2890 2411 2937 et
2435 2881 2660 2954 sanguis
2688 2883 2809 2954 ejus
2845 2898 2947 2938 nos
2982 2898 3278 2955 aspergens
3320 2882 3453 2938 fecit

1876 2978 1939 3027 ut
1975 2983 2340 3029 nascerentur
2386 2972 2547 3029 nobis
2578 2974 2698 3029 alae.
2755 2973 2918 3028 Dedit
2954 2974 3101 3029 enim
3147 2975 3309 3030 nobis
3335 2975 3451 3031 alas

1872 3062 2112 3134 Spiritus
2141 3065 2313 3121 sancti
2347 3066 2414 3121 ad
2436 3067 2732 3123 velandum
2760 3068 2878 3124 sine
2910 3066 3023 3122 ullo
3050 3066 3455 3138 impedimento

1873 3150 1931 3207 in
1957 3168 2143 3208 aerem
2176 3152 2447 3209 divinum.

1858 3402 1895 3455 ’ί
1947 3407 2042 3465 lli.
2071 3409 2185 3466 Illis
2209 3410 2334 3467 data
2369 3420 2454 3468 est
2479 3414 2590 3478 lex,
2622 3414 2678 3469 in
2709 3414 2912 3471 tabulis
2940 3418 3144 3488 scripta
3174 3418 3446 3490 lapideis;

1867 3499 2031 3555 nobis
2055 3515 2190 3556 vero
2210 3501 2360 3572 leges
2383 3502 2701 3572 spirituales
2720 3505 2923 3561 tabulis
2951 3507 3133 3562 cordis
3168 3510 3450 3579 inscripta:

1866 3591 2102 3646 carneis.
2134 3592 2319 3663 lnquit
2358 3594 2508 3648 enim
2543 3612 2556 3648 :
2590 3594 2739 3649 Dans
2776 3595 2914 3667 leges
2953 3614 3097 3652 meas
3124 3600 3179 3652 in
3206 3600 3449 3656 cordibus

1865 3679 2105 3747 illorum,
2141 3690 2190 3735 et
2224 3685 2280 3737 in
2313 3685 2574 3738 mentibus
2618 3702 2801 3739 eorum
2844 3688 3128 3742 inscribam
3162 3705 3251 3743 eas
3269 3691 3335 3743 ’⁸.
3379 3690 3450 3745 Et

1865 3766 1960 3822 illa
1975 3768 2200 3838 quidem
2218 3770 2401 3825 omnia
2419 3770 2786 3827 abolebantur
2802 3782 2859 3829 et
2878 3782 3227 3845 temporanea
3249 3787 3409 3832 erant
3428 3795 3444 3832 :

1866 3874 2018 3914 nunc
2066 3868 2250 3914 autem
2294 3872 2491 3916 cuncta
2520 3878 2651 3917 vere
2690 3862 2744 3916 in
2779 3863 3030 3917 interiori
3067 3865 3292 3920 homine
3317 3882 3446 3936 per-

1863 3949 2158 4005 ﬁciuntur:
2188 3959 2577 4008 testamentum
2610 3954 2757 4009 enim
2782 3955 2948 4009 etiam
2980 3965 3064 4011 est
3084 3956 3443 4023 intrinsecus,

1862 4050 2028 4113 atque
2059 4051 2120 4098 ut
2160 4044 2406 4100 breviter
2449 4046 2627 4102 dicam
2653 4064 2667 4101 :
2693 4047 3030 4119 Quantaque
3069 4052 3445 4122 contingebant

1860 4130 1990 4197 illis,
2020 4134 2077 4186 in
2125 4133 2303 4204 ﬁgura
2345 4134 2543 4204 ﬁebant
2588 4154 2606 4192 :
2642 4139 2843 4209 scripta
2882 4155 3004 4193 vero
3058 4150 3179 4195 sunt
3229 4155 3446 4212 propter

1860 4222 2284 4279 admonitionem
2342 4228 2517 4282 nostri
2538 4230 2607 4285 ⁸⁵.
2671 4230 2907 4285 Abrahae
2969 4232 3115 4287 enim
3187 4234 3443 4304 prmdix-it

1858 4312 2004 4369 Deus
2028 4313 2298 4379 futurum,
2334 4334 2532 4389 nempe
2569 4319 2799 4376 :Semen
2843 4329 2993 4377 tuum
3034 4326 3131 4378 erit
3174 4325 3354 4381 incola
3382 4328 3440 4381 in

1858 4412 2001 4459 terra
2052 4423 2157 4463 non
2201 4426 2324 4475 sua,
2350 4419 2400 4464 et
2449 4412 2690 4486 afﬂigent
2730 4415 2887 4480 illud,
2931 4433 2995 4471 ac
3037 4418 3093 4471 in
3134 4420 3439 4475 servitutem

1861 4496 2098 4568 redigant
2136 4501 2551 4573 quadringentos
2588 4508 2834 4563 annos".
2865 4507 2981 4564 Hoc
3012 4509 3275 4582 implebat
3318 4529 3440 4568 um-

1861 4585 1976 4642 brae
2002 4589 2319 4661 imaginem.
2355 4592 2639 4666 Siquidem
2678 4598 2857 4655 incola
2887 4600 2993 4658 fuit
3018 4604 3276 4673 populus,
3299 4615 3355 4661 et
3379 4607 3437 4662 in

1859 4680 2185 4736 scrvitutem
2224 4684 2295 4739 ab
2325 4686 2601 4759 Egyptiis
2633 4689 2915 4759 redactus,
2942 4702 3107 4765 atque
3138 4696 3193 4751 in
3224 4697 3346 4752 luto
3373 4706 3432 4754 et

1857 4772 2028 4829 latere
2058 4774 2291 4830 afﬂictus
2305 4777 2374 4832 ⁸⁷.
2391 4778 2734 4837 Praeticiebat
2752 4783 2899 4838 enim
2922 4784 3031 4840 illis
3058 4786 3271 4842 Pharao
3297 4802 3439 4859 prae-

1854 4862 2029 4919 lectos
2058 4872 2115 4920 et
2142 4865 2520 4925 stimulatores
2550 4871 2755 4942 operis,
2787 4881 2851 4928 ut
2881 4874 3216 4945 perlicerent
3262 4893 3435 4949 opera

1854 4970 1953 5011 sua
1982 4958 2312 5016 necessitate
2331 4961 2568 5031 quadam
2600 4964 2797 5021 coacti.
2828 4964 3075 5037 Cumque
3103 4967 3434 5041 ingemisce-

1852 5053 1978 5100 rent
2000 5044 2097 5101 ﬁlii
2117 5045 2287 5104 Israel
2317 5049 2388 5105 ab
2418 5052 2684 5122 operibus
2711 5054 2828 5110 suis
2849 5054 2915 5111 ad
2945 5056 3141 5124 Deum,
3162 5066 3277 5114 tum
3290 5060 3428 5116 visi-

1852 5133 2004 5189 tabat
2039 5150 2137 5192 eos
2164 5152 2266 5208 per
2310 5139 2555 5210 Mosem;
2587 5158 2653 5199 ac
2702 5144 2893 5201 multis
2941 5147 3119 5219 plagis
3159 5147 3431 5223 Egyptiis

166 5200 257 5271 τῷ
284 5203 419 5272 μηνὶ
447 5205 555 5260 τῶν
584 5205 786 5275 ἀνθῶν,
812 5210 902 5265 ὅτε
932 5214 1152 5283 πρῶτον
1178 5215 1523 5287 ἐπιφαίνεται
1551 5220 1614 5274 τὸ
1636 5221 1756 5294 ἥδι-

2165 5200 2183 5208 -
2542 5200 2555 5210 .
2878 5200 2881 5201 ν
2942 5200 3013 5218 τη
3034 5200 3115 5219 οη
3159 5200 3429 5223 won-"-

1871 5227 2157 5294 tercussis,
2203 5245 2393 5287 mense
2426 5231 2646 5300 ﬂorum,
2673 5236 2893 5305 quando
2924 5239 3165 5308 primum
3199 5251 3430 5312 apparet

166 5310 302 5385 στον
334 5294 456 5366 ἔαρ,
484 5298 587 5369 τῆς
634 5303 996 5375 στυγνότητος
1036 5306 1132 5361 τοῦ
1172 5310 1441 5381 χειμῶνος
1476 5328 1753 5385 παρερχο-

168 5384 370 5456 μένης,
401 5386 586 5456 ἐξάγει
612 5391 812 5457 αὐτοὺς
833 5394 893 5462 ἐξ
922 5395 1227 5465 Αἰγύπτου.

241 5473 322 5531 Δ⁹.
345 5471 482 5532 Eius
508 5477 563 5532 δὲ
583 5482 613 5535 6
634 5481 767 5547 Θεὸς
781 5483 860 5554 τῷ
879 5486 1016 5540 Μωῦ
1025 5489 1125 5554 σεῖ,
1164 5487 1320 5559 ἄρνα
1344 5492 1558 5547 λαϐεῖν
1591 5494 1747 5566 duo»

160 5581 310 5635 μον,
344 5567 446 5624 καὶ
480 5571 732 5642 σφάξαι,
788 5574 890 5631 καί
916 5581 989 5633 τὸ
1033 5574 1178 5650 alga
1195 5582 1386 5639 αὐτοῦ
1421 5584 1628 5654 χρίσαι
1649 5586 1749 5644 ἐπὶ

176 5816 270 5872 14.

1847 5317 2287 5373 ammnissimum
2344 5336 2463 5388 ver,
2513 5323 2738 5380 tristitia
2785 5325 2986 5384 hiemis
3035 5338 3425 5400 prastereunte,

1852 5408 2042 5465 educit
2071 5424 2171 5467 eos
2195 5426 2264 5468 ex
2287 5411 2541 5487 Egypto.

1928 5501 2019 5559 IV.
2051 5502 2196 5559 Dixit
2230 5514 2414 5561 autem
2454 5509 2600 5566 Deus
2628 5509 2763 5567 Mosi
2803 5530 2818 5568 :
2857 5513 2924 5570 Ut
2952 5533 3148 5588 agnum
3171 5518 3427 5591 acciperet

1857 5590 2282 5663 immaculatum,
2310 5605 2362 5651 et
2382 5599 2704 5668 immolaret,
2723 5612 2773 5659 et
2790 5607 3049 5677 sanguine
3068 5608 3182 5681 ejus
3207 5590 3429 5684 ungere!

245 5746 496 5865 ritatth.
525 5751 604 5826 in,
632 5756 719 5815 ll.
795 5758 841 5844 ξ’
859 5757 1031 5819 Hebr.
1070 5763 1229 5845 με,
1299 5765 1584 5837 ruerem”
1608 5781 1753 5839 nn,

1944 5773 2031 5831 "l
2056 5772 2183 5835 Cor.
2204 5790 2260 5845 ι,
2289 5776 2391 5865 ll.
2453 5779 2499 5814 "
2522 5780 2660 5841 Gen.
2693 5799 2782 5853 xv,
2820 5785 2906 5843 l5.
2982 5789 3027 5822 θ’
3056 5786 3230 5851 Exod.
3250 5806 3299 5859 νι,
3334 5793 3425 5862 Η,
