4044 6548
623 377 732 441 799

1851 372 1918 434 S.
1956 368 2275 431 MACARII
2312 368 2634 431 ΕὓΥΡΤΙῐ

626 486 814 542 limina
832 495 880 541 et
903 486 1060 559 fores,
1078 502 1143 539 ne
1172 489 1260 557 qui
1277 486 1521 557 perdebat
1550 484 1897 556 primogenita
1919 481 2195 554 Egyptia-

2300 481 2411 534 τῶν
2441 481 2655 551 φλιῶν,
2692 482 2788 536 καὶ
2822 480 2943 538 τῶν
2962 484 3182 553 θυρῶν,
3205 485 3309 540 ινα
3338 486 3429 557 μὴ
3461 490 3499 543 δ
3527 487 3853 559 ὀλοθρεύω-

624 595 769 641 rum,
796 586 1032 647 tangeret
1060 594 1142 631 eos
1159 578 1225 629 νη.
1255 575 1641 646 Conspiciebat
1679 574 1826 629 enim
1862 574 2061 628 missus
2088 589 2190 628 an-

623 669 779 736 gelus
831 669 1044 737 signum
1113 666 1396 736 sanguinis
1452 665 1689 725 eminus.
1758 672 1815 718 et
1875 662 2187 718 recedebat.

625 759 1042 829 lngrediebatur
1081 774 1212 813 vero
1265 757 1458 811 domos
1503 771 1613 810 non
1656 755 1918 825 signatas,
1944 762 2000 808 et
2028 768 2190 808 omne

626 847 1047 917 primogenitum
1074 846 1456 900 interﬁciebat.
1518 845 1787 899 Praeterea
1822 857 2040 912 quoque
2078 843 2188 911 fer-

626 945 855 990 mentum
903 952 965 987 ex
988 952 1294 1006 quacunque
1325 936 1478 989 domo
1495 935 1658 1005 jussit
1689 935 1961 997 aboleri,et
1988 940 2193 987 macta-

626 1040 737 1081 tum
775 1042 971 1095 agnum
1014 1043 1133 1079 cum
1193 1027 1391 1095 azymis
1423 1032 1472 1078 et
1517 1024 1732 1079 lactucis
1778 1024 2065 1093 agrestibus
2106 1038 2194 1075 co-

625 1117 827 1170 medere
856 1117 1113 1184 prmcepit
1134 1117 1202 1171 ".
1242 1115 1311 1169 Et
1340 1115 1560 1185 quidem
1594 1115 1927 1169 manducare
1951 1129 2047 1168 eos
2070 1108 2190 1183 jtis-

624 1203 713 1265 sit,
751 1202 1144 1255 circumductos
1183 1203 1413 1268 renibus,
1455 1213 1502 1255 et
1541 1202 1749 1272 pedibus
1784 1200 2039 1255 sandaliis
2079 1199 2193 1253 cal-

621 1300 813 1354 ceatus,
839 1290 1052 1343 buculos
1095 1290 1334 1344 manibus
1369 1299 1621 1344 tenentes.
1656 1291 1724 1345 Et
1758 1290 1832 1343 ita
1867 1305 1991 1343 cum
2040 1288 2190 1343 omni

628 1379 980 1434 festinatione
1023 1380 1090 1434 ad
1133 1395 1418 1449 vesperam
1465 1380 1629 1435 edere
1652 1378 1808 1450 jubet
1841 1378 2047 1433 Pascha
2081 1378 2191 1432 Do-

622 1471 779 1529 mini.
816 1487 919 1526 nec
944 1472 1058 1526 ullo
1087 1471 1252 1527 modo
1280 1487 1405 1527 ossa
1441 1486 1623 1527 coram
1642 1470 1781 1526 facie
1807 1469 2026 1525 Domini
2055 1483 2191 1524 con-

623 1562 881 1631 iringere.

695 1654 753 1707 V.
786 1654 987 1708 Verum
1021 1652 1209 1706 eduxit
1230 1667 1326 1706 eos
1352 1668 1475 1706 cum
1502 1660 1729 1722 argento
1748 1658 1803 1706 et
1831 1666 1967 1706 auro
1986 1652 2027 1717 ¹,
2063 1666 2189 1706 eum

616 1746 879 1815 jussisset
932 1753 1124 1797 mutuo
1170 1744 1419 1813 accipere
1469 1743 1770 1813 quemlibet
1809 1758 1839 1797 a
1878 1742 2057 1796 vicino
2086 1755 2189 1796 suo

620 1834 875 1904 Egyptio
917 1849 1039 1887 vasa
1078 1848 1245 1886 aurea
1275 1842 1331 1886 et
1361 1843 1639 1904 argentea.
1681 1832 1898 1902 Egressi
1926 1840 2055 1886 sunt
2093 1846 2193 1885 au-
2225 1827 2267 1881 Β

622 1936 731 1981 tem
771 1940 839 1980 ex
877 1924 1130 1994 Egypto,
1165 1939 1289 1978 cum
1344 1923 1581 1994 Egyptii
1631 1924 1932 1993 sepelirent
1984 1923 2193 1993 primo-

623 2015 822 2086 genita.
861 2014 930 2069 Et
972 2013 1079 2066 illis
1108 2012 1327 2082 quidem
1358 2012 1708 2067 oboriel-atur
1737 2011 2016 2083 gaudium,
2048 2012 2194 2081 quod

623 2105 842 2161 liberati
878 2111 1062 2159 essent
1096 2119 1125 2157 a
1175 2102 1423 2172 squalida
1455 2104 1721 2157 servitute
1761 2122 1773 2158 :
1807 2103 1893 2157 his
1922 2118 2055 2157 vero
2111 2102 2197 2156 lu-

626 2205 751 2251 ctus
765 2206 822 2251 et
849 2196 1101 2265 planctus
1125 2204 1347 2264 pr0pter
1366 2194 1645 2249 interitum
1670 2194 1993 2249 liberorum.
2016 2194 2195 2261 Quare

625 2287 806 2357 inquit
849 2286 1070 2341 Moses:
1104 2284 1226 2339 Ilwc
1265 2295 1342 2338 est
1392 2298 1517 2348 nox,
1560 2284 1615 2336 in
1662 2301 1767 2354 qua
1811 2283 2070 2354 pollicitus
2122 2293 2194 2337 est

624 2378 764 2433 Deus
791 2394 847 2431 se
881 2382 1271 2447 redempturam
1309 2393 1422 2431 nos.
1463 2375 1586 2431 Haec
1627 2384 1811 2431 autem
1858 2377 2040 2430 omnia
2081 2392 2195 2447 my-

625 2468 853 2523 sterium
878 2476 1007 2521 sunt
1040 2466 1235 2520 anima:
1265 2481 1361 2535 per
1387 2465 1680 2519 adventum
1732 2463 1936 2519 Christi
1975 2464 2194 2519 redem-

624 2567 751 2628 ptae.
782 2556 945 2611 lsrael
977 2544 1425 2625 interpretatione
1468 2553 1717 2607 redditur
1755 2556 1962 2608 animus
2016 2556 2195 2609 ridens

602 2638 817 2701 ‘Deum.
858 2646 1147 2701 Liberatur
1176 2659 1310 2716 ergo
1341 2660 1373 2698 a
1412 2643 1679 2699 servitute
1713 2644 2085 2720 tenebrarum,
2122 2646 2191 2701 ab

623 2737 895 2807 Egypliis
919 2736 1225 2806 spiritibus.

702 2844 861 2916 149
910 2844 996 2899 VI.
1058 2843 1347 2913 Postquam
1403 2844 1549 2897 enim
1618 2858 1715 2912 per
1768 2841 2192 2898 inobedientiam

626 2948 876 2991 mortuus
927 2943 1010 2989 est
1060 2934 1225 2990 homo
1274 2934 1423 3005 gravi
1458 2942 1634 2989 morte
1668 2934 1890 2998 animae,
1923 2944 1980 2990 et
2024 2935 2195 2990 male-

628 3027 925 3083 dictionem
969 3041 1135 3095 super
1176 3025 1613 3082 maledictionem
1644 3027 1925 3096 suscepit:
1963 3025 2196 3081 Tribulas

630 3127 681 3170 et
722 3118 903 3186 spinas
951 3116 1197 3186 producet
1246 3115 1335 3168 tibi
1378 3126 1520 3169 terra
1569 3116 1610 3169 ².
1660 3116 1727 3169 Ει
1776 3116 1975 3168 iterum
2005 3131 2018 3168 :
2047 3113 2196 3169 Cales

631 3218 854 3273 terram,
891 3216 940 3260 et
968 3223 1072 3260 non
1104 3206 1279 3272 addet,
1317 3216 1374 3260 ut
1411 3208 1501 3260 tibi
1544 3203 1772 3277 prtcbeat
1814 3206 2012 3275 fructus
2035 3223 2197 3261 suos:

632 3307 929 3352 creverunt
960 3306 1015 3351 et
1045 3305 1245 3351 exortae
1273 3305 1403 3352 sunt
1431 3297 1485 3349 in
1510 3306 1659 3351 terra
1680 3296 1862 3351 cordis
1891 3297 2009 3366 ejus
2033 3297 2203 3367 spinas

633 3398 691 3444 ct
722 3389 930 3442 tribuli.
962 3387 1321 3441 Abstulerunt
1348 3386 1468 3456 ejus
1496 3387 1722 3457 gloriam
1758 3387 1963 3441 inimici
1995 3387 2120 3442 dolo
2146 3397 2204 3443 et

638 3478 874 3544 technis,
922 3487 978 3533 et
1026 3478 1325 3532 induerunt
1373 3492 1499 3532 eum
1541 3476 1772 3547 pudore.
1822 3477 2077 3533 Ablatum
2118 3486 2204 3534 est

634 3572 818 3625 lumen
853 3571 999 3642 ejus,
1031 3578 1087 3624 et
1118 3568 1341 3623 indutus
1372 3577 1456 3623 est
1484 3568 1724 3623 tenebris
1758 3586 1772 3623 :
1806 3569 2204 3625 interfecerunt

635 3664 875 3717 animam
914 3663 1053 3731 ejus,
1105 3660 1384 3731 dissipatis
1433 3675 1499 3714 ac
1540 3659 1730 3715 divisis
1782 3660 2203 3730 cogitationibus

634 3756 775 3825 ejus,
809 3762 866 3807 et
910 3751 1283 3807 distraxerunt
1309 3767 1339 3806 e
1388 3750 1611 3806 sublimi
1659 3758 1899 3805 mentem
1940 3751 2085 3820 ejus;
2121 3749 2203 3804 fa-

634 3856 867 3914 ctusque
898 3852 979 3899 est
1010 3843 1173 3898 Israel
1218 3844 1382 3897 homo
1410 3857 1604 3898 servus
1632 3842 1751 3898 veri
1785 3834 2104 3896 Pharaonis.
2134 3840 2205 3895 Et

635 3935 1001 4007 praefecerunt
1032 3934 1322 4005 praefectos
1349 3943 1405 3990 et
1444 3934 1815 3989 stimulatores
1847 3934 2049 4005 Operis,
2084 3935 2203 4005 spi-

635 4031 776 4083 ritus
801 4028 1041 4094 malitia',
1074 4037 1332 4098 cogentes
1359 4042 1507 4093 eum,
1537 4027 1668 4081 velit
1696 4027 1920 4092 nolitve,
1951 4025 2205 4081 commit-

635 4130 748 4176 tere
799 4136 964 4191 prava
1017 4136 1115 4174 sua
1163 4134 1349 4189 Opera,
1383 4128 1439 4173 et
1487 4118 1953 4174 constructionem
1998 4118 2100 4172 luti
2139 4132 2205 4173 ac

634 4211 822 4266 lateris
851 4210 1145 4280 complere.
1177 4209 1278 4275 Qui
1310 4210 1474 4264 etiam
1503 4219 1752 4265 arcentes
1776 4225 1901 4265 eum
1940 4225 1972 4264 a
1993 4209 2204 4266 caelesti

635 4301 922 4372 sapientia,
954 4302 1304 4357 abduxerunt
1345 4301 1414 4357 ad
1442 4318 1646 4368 crassa,
1679 4311 1897 4357 terrena
1930 4317 1995 4357 ac
2024 4302 2203 4356 lutosa

635 4409 803 4463 opera
831 4409 1017 4463 prava,
1051 4394 1119 4448 ad
1167 4409 1468 4459 sermones,
1500 4394 1568 4448 ad
1617 4393 2000 4449 meditationes
2042 4402 2100 4448 et
2135 4392 2203 4447 ad

2290 574 2363 626 τὰ
2385 574 2728 641 πρωτότοκα
2756 572 2876 628 τῶν
2896 577 3236 645 Αἰγυπτίων
3256 580 3391 648 θίγῃ
3421 580 3648 635 αὐτῶν.
3687 582 3855 653 Ἐὡρα

2290 666 2399 733 γάρ
2433 666 2460 716 ὁ
2489 665 2817 729 ἀποσταλεὶς
2858 666 3091 735 ἄγγελος
3142 668 3205 721 τὸ
3252 672 3478 740 σημεῖον
3510 670 3609 724 τοῦ
3637 672 3856 742 αἳματος

2291 754 2609 824 πόρρωθεν,
2641 755 2735 809 καὶ
2772 757 3057 825 ἀφίστατο.
3101 760 3377 831 Ἐπεισῄει
3407 763 3466 815 δὲ
3499 765 3627 824 ταῖς
3662 765 3737 832 μὴ
3782 781 3858 817 σι-

2293 846 2706 915 σημειωμέναις
2741 848 2963 914 οἰκίαις,
3000 848 3097 903 καὶ
3129 852 3238 904 πᾶν
3276 853 3628 922 πρωτότοκον
3656 852 3856 923 ἀνῄρει.

2294 934 2416 987 Ἔτι
2435 935 2493 988 δὲ
2514 936 2613 989 καὶ
2633 935 2820 1005 ζύμην
2839 938 2909 993 ἐκ
2932 940 3157 1007 παντὸς
3172 943 3343 996 οἴκου
3362 944 3701 997 ἐκέλευσεν
3720 946 3861 1012 ἀρα·

2289 1023 2594 1093 νισθῆναι,
2619 1027 2805 1083 καὶτὸ
2823 1029 3199 1100 σφαζόμενον
3217 1033 3430 1101 ἀρνίον
3450 1035 3613 1104 μετὰ
3635 1034 3860 1104 ἀζύμων

2290 1115 2389 1168 καὶ
2430 1117 2720 1185 πικρίδων
2760 1118 2987 1174 ἐσθίειν
3026 1122 3356 1192 προσέταξεν
3385 1140 3403 1156 ·
3443 1125 3653 1178 ἐσθίειν
3682 1127 3740 1179 δὲ
3771 1129 3861 1179 αὑ-

2289 1211 2415 1273 τοὺς
2466 1212 2897 1282 περιζωμένους
2952 1218 3060 1283 τὰς
3094 1219 3350 1287 ὀσφύας,
3380 1221 3482 1274 καὶ
3510 1221 3864 1291 ὑποδεδεμῶ

2289 1315 2437 1367 γους
2454 1301 2525 1355 ἐν
2555 1302 2681 1369 τοῖς
2708 1304 2948 1373 nautica
2974 1306 3347 1377 ὑποδήματα,
3376 1310 3472 1363 καὶ
3504 1311 3619 1377 τὰς
3646 1312 3862 1379 βακτη-

2281 1393 2426 1460 ρίας
2457 1393 2714 1461 ἔχοντας
2744 1396 2816 1449 ἐν
2834 1396 2966 1463 ταῖς
2989 1400 3169 1466 χερσί
3192 1416 3205 1429 ·
3231 1401 3326 1453 καὶ
3358 1400 3502 1454 οὕτω
3537 1404 3683 1472 μετά
3697 1404 3865 1474 πάσης

2293 1483 2531 1554 σπουδῆς
2564 1484 2765 1539 ἐσθίειν
2795 1488 2930 1557 πρὸς
2958 1489 3197 1560 ἑσπέραν
3216 1491 3428 1545 κελεύει
3450 1491 3515 1545 τὸ
3541 1494 3736 1562 ⁴ιιάσχα
3761 1496 3866 1548 Κυ-

2293 1574 2445 1645 ρίου,
2481 1578 2575 1628 καὶ
2609 1577 2747 1647 μήτε
2794 1578 2985 1633 ὀστοῦν
3036 1580 3146 1633 ἀπὸ
3181 1581 3273 1634 τοῦ
3315 1582 3522 1653 Κυρίου
3555 1585 3863 1655 συντρίψω.

2364 1664 2726 1736 Ε’.⁹Εξήγαγε
2770 1666 2828 1721 δέ
2879 1667 3077 1732 αὐτοὺς
3123 1670 3182 1723 ἐν
3220 1670 3467 1741 ἀργυρίῳ
3508 1672 3607 1726 καὶ
3641 1675 3865 1743 χρυσίῳ,

2294 1751 2554 1818 κελεύσας
2592 1756 2901 1826 χρήσασθαι
2951 1758 3185 1812 ’ἑκαστον
3225 1761 3377 1830 παρὰ
3419 1762 3667 1829 γείτονος
3711 1764 3867 1819 αὑτοῦ

2294 1838 2571 1907 Αἰγύπτου
2605 1842 2772 1912 σκεύη
2825 1846 3003 1914 χρυσᾶ
3043 1846 3137 1899 καὶ
3170 1847 3411 1919 ἀργυρᾶ.
3452 1851 3787 1922 Ὲξήρχοντο
3815 1854 3868 1907 δὲ

2294 1930 2355 1998 ἐξ
2385 1933 2687 2000 Αἰγύπτου,
2719 1934 2830 1989 τῶν
2858 1937 3171 2005 Αἰγυπτίων
3220 1938 3537 1996 θαπτόντων
3562 1944 3633 1997 τά
3664 1947 3871 2014 πρωτό-

2291 2040 2446 2078 τοκα.
2477 2025 2587 2079 Καὶ
2619 2028 2731 2090 τοῖς
2784 2027 2881 2097 μὲν
2910 2023 2979 2101 ἦν
3011 2032 3155 2099 χαρά
3194 2031 3289 2084 ἐπὶ
3328 2036 3395 2103 τῇ
3443 2035 3740 2105 ἀπαλλαγῇ
3776 2038 3869 2106 τῆς

2294 2115 2584 2185 αὐχμηρᾶς
2616 2116 2863 2182 δουλείας
2884 2135 2898 2148 ·
2930 2123 3043 2183 τοῖς
3075 2120 3133 2173 δέ
3163 2120 3360 2186 πένθος
3388 2125 3482 2177 καί⁵
3514 2126 3752 2190 κοπετὸς
3783 2126 3869 2179 ἐπὶ

2292 2208 2357 2276 τῇ
2382 2205 2489 2258 τῶν
2513 2206 2717 2261 τέκνων
2744 2209 3010 2282 ἀπωλείᾳ.
3044 2211 3135 2264 Διό
3164 2229 3328 2281 φησιν
3352 2216 3381 2267 ὀ
3407 2215 3682 2284 Μωῦσῆς,
3710 2219 3866 2286 Αὐτὴ

2290 2295 2465 2360 ήνὺξ
2505 2296 2578 2349 ἐν
2625 2292 2666 2369 ᾗ
2710 2299 3106 2371 ἐπηγγείλατο
3156 2306 3189 2356 ό
3249 2304 3393 2368 Θεὸς
3443 2307 3869 2372 λυτρώσασθαι

2293 2385 2471 2456 ἡμᾶς.
2504 2388 2689 2445 Ταῦτα
2738 2393 2795 2446 δὲ
2824 2394 3003 2448 πάντα
3035 2396 3331 2465 μυστήριόν
3376 2395 3490 2448 ἐστι
3535 2396 3748 2466 ψυχῆς,
3777 2398 3869 2466 τῆς

2293 2478 2354 2531 ἐν
2376 2482 2440 2551 τῇ
2478 2482 2749 2553 παρουσίᾳ
2792 2482 2886 2535 τοῦ
2913 2484 3152 2553 Χριστοῦ
3199 2484 3612 2556 λυτρωθείσης·
3662 2488 3870 2559 Ἰσραὴλ

2294 2570 2400 2640 γὰρ
2423 2572 2784 2642 ἑρμηνεύεται
2808 2573 2954 2640 νοῦς
2974 2572 3128 2642 ὀρῶν
3150 2574 3256 2627 τὸν
3274 2576 3440 2629 Θεόν.
3458 2574 3871 2647 Ἐλευθεροῦται

2295 2659 2389 2717 οὖν
2413 2664 2521 2716 ἀπὸ
2555 2665 2651 2734 τῆς
2692 2664 2934 2729 δουλείας
2973 2663 3067 2718 τοῦ
3099 2664 3327 2729 σκότους
3349 2706 3365 2733 ,
3399 2665 3509 2721 ἀπὸ
3552 2667 3667 2721 τῶν
3712 2670 3872 2738 Δξγυ-

2296 2753 2467 2805 πτίων
2506 2755 2855 2823 πνευμάτων.

2368 2843 2460 2908 ς’.
2495 2842 2711 2913 Ἐπειδὴ
2738 2844 2847 2916 γὰρ
2873 2846 2929 2897 ἐν
2949 2847 3013 2916 τῇ
3047 2848 3300 2917 παρακοῇ
3331 2846 3605 2901 ἀπέθανεν
3630 2849 3660 2900 δ
3680 2846 3874 2919 ἀνθρω-

2296 2946 2395 2993 πος
2423 2930 2633 3003 θανάτῳ
2660 2931 2815 3003 δεινῷ
2858 2932 2959 3004 τῆς
2991 2934 3187 3005 ψυχῆς,
3225 2937 3319 2990 καὶ
3354 2938 3604 3007 κατάραν
3642 2940 3738 2990 ἐπὶ
3781 2955 3873 2993 και

2296 3022 2440 3092 τάρᾳ
2479 3022 2729 3087 ἐδέξατο’
2788 3022 3106 3093 Τριϐόλους
3157 3028 3256 3082 καὶ
3285 3028 3557 3095 ἀκάνθας
3587 3029 3877 3084 ἀναπλεῖ

2297 3125 2395 3166 σοι
2414 3113 2452 3180 ἡ
2479 3111 2577 3183 γεῆι
2597 3115 2692 3167 καὶ
2711 3110 2886 3182 αὖθις,
2910 3112 3166 3186 Ἐργάσῃ
3184 3117 3298 3185 τὴν
3311 3117 3448 3188 γῆν,
3472 3119 3570 3172 καί
3592 3121 3671 3173 οὐ
3694 3134 3872 3188 προσ-

2303 3202 2474 3269 θήσει
2520 3204 2734 3260 δοῦναι
2758 3222 2857 3261 σοι
2887 3207 3027 3273 τοὺς
3060 3208 3329 3276 καρποὺς
3365 3209 3559 3280 αὐτῆς
3584 3226 3601 3242 ’
3638 3211 3873 3280 “9'31;-

2305 3310 2405 3349 σαν
2462 3297 2559 3350 καὶ
2622 3297 2904 3352 ἀνέτειλαν
2960 3300 3017 3352 ἐν
3049 3302 3113 3370 τῇ
3154 3303 3225 3371 γῇ
3276 3301 3376 3370 τῆς
3428 3301 3662 3371 καρδίας
3710 3302 3871 3355 αὑτοῦ

2302 3385 2557 3441 ἄκανθαιι
2581 3389 2676 3442 καὶ
2732 3389 2989 3461 τρίὸολοι.
3023 3384 3209 3461 Ἦραν
3256 3390 3418 3444 αὑτοῦ
3458 3391 3561 3463 τὴν
3611 3392 3775 3457 δόξαν
3826 3394 3873 3445 οι

2303 3478 2490 3549 ἐχθροὶ
2514 3479 2603 3533 διὰ
2630 3480 2729 3550 τῆς
2755 3482 2990 3553 ἀπάτης,
3017 3482 3114 3536 καὶ
3139 3483 3392 3537 ἐνέδυσαν
3410 3483 3871 3553 αὐτὸναίσχύνην.

2308 3569 2489 3639 Ἦρθη
2517 3570 2578 3623 τὺ
2611 3569 2729 3639 φῶς
2757 3570 2945 3636 αὐτοῦ,
2988 3572 3083 3626 καὶ
3127 3571 3351 3643 ἐνεδύθη
3373 3572 3436 3626 τὸ
3474 3574 3672 3638 σκότος
3694 3590 3709 3605 ·
3748 3574 3873 3643 ἐςόο

2306 3677 2503 3713 νευσαν
2533 3660 2632 3731 τὴν
2668 3661 2845 3732 ψυχὴν
2875 3662 3061 3728 αὑτοῦ,
3088 3664 3185 3716 καὶ
3211 3663 3586 3728 διεσκέδασαν,
3615 3666 3718 3717 καὶ
3744 3665 3872 3718 διεῖ-

2302 3751 2393 3804 λον
2423 3751 2549 3814 τοὺς
2581 3752 2877 3823 λογισμοὺς
2912 3753 3105 3821 αὐτοῦ,
3136 3754 3237 3808 καὶ
3274 3755 3633 3810 κατέσπασαν
3654 3756 3872 3811 ἀπὸτοῦ

2304 3842 2475 3911 ὕψους
2505 3843 2596 3895 τὸν
2624 3842 2749 3897 νοῦν
2771 3844 2958 3910 αὐτοῦ,
2992 3844 3088 3898 καὶ
3119 3845 3336 3914 ἐγένετο
3366 3849 3396 3900 ὁ
3422 3845 3641 3919 Ἰσραὴλ
3669 3849 3872 3919 ἀνθρω-

2305 3949 2407 3995 πος
2445 3931 2629 3996 δοῦλος
2685 3932 2779 3986 τοῦ
2828 3934 3087 4005 ἀληθινοῦ
3136 3936 3357 4008 Φαραώ.
3406 3940 3519 3993 Καὶ
3572 3941 3872 4010 ἐπέστησεν

2304 4024 2452 4095 αὑτῷ
2480 4027 2608 4089 τοὺς
2622 4026 3053 4097 ἐργοεπιστάτας
3091 4028 3189 4081 καὶ
3215 4029 3601 4099 ἐργοδιώκτας,
3624 4032 3698 4084 τά
3714 4032 3872 4085 mea.

2309 4118 2455 4185 ματὰ
2497 4116 2599 4186 τῆς
2628 4117 2892 4188 πονηρίας
2921 4117 3301 4187 ἀναγκάζοντα
3345 4121 3505 4173 αὐτὸν
3559 4123 3758 4177 ἑκόντα
3784 4125 3872 4177 καὶ

2303 4207 2507 4262 ἄκοντα
2534 4210 2708 4262 ποιεῖν
2732 4208 2801 4261 τὰ
2828 4209 3038 4280 πονηρά
3066 4209 3230 4263 αὐτοῦ
3254 4209 3412 4280 ἔργα,
3436 4212 3532 4264 καὶ
3555 4212 3661 4282 τὴν
3690 4212 3874 4265 σύντα-

2306 4298 2388 4366 ξιν
2411 4299 2718 4369 ἐκπληροῦν
2749 4298 2843 4353 τοῦ
2876 4299 3047 4368 πηλοῦ
3073 4299 3171 4354 καὶ
3212 4303 3312 4371 τῆς
3339 4302 3644 4365 πλινθείας.
3674 4304 3739 4356 Οἵ
3783 4306 3870 4357 καὶ

2304 4392 2652 4462 χωρήσαντες
2706 4390 2870 4444 αὐτὸν
2897 4390 2991 4444 τοῦ
3021 4390 3274 4462 οὐρανίου
3337 4393 3715 4464 φρονήματος,
3748 4412 3873 4448 κατ-

636 4484 995 4552 cogitationes
1025 4500 1211 4540 vanas.
1244 4485 1351 4540 Ubi
1400 4484 1548 4540 enim
1584 4485 1788 4541 excidit
1830 4502 1861 4540 e
1892 4500 1993 4541 sua
2033 4483 2200 4540 subli-

2309 4483 2517 4553 ήγαγον
2546 4483 2640 4536 ἐπὶ
2658 4483 2727 4536 τὰ
2752 4482 2913 4538 ὑλικά
2942 4482 3038 4537 καὶ
3062 4484 3225 4553 γήϊνα
3246 4484 3340 4538 καὶ
3367 4483 3591 4556 πηλώδη
3617 4486 3759 4558 ἔργα
3788 4503 3873 4539 τεο-

638 4574 827 4628 mitate
856 4574 1059 4639 anima,
1094 4575 1287 4631 incidit
1318 4576 1374 4629 in
1414 4591 1642 4646 regnum
1677 4576 1885 4631 homini
1924 4574 2202 4641 infestum,

636 4678 693 4723 et
731 4670 786 4723 in
829 4669 1104 4739 principes
1151 4669 1423 4735 crudeles,
1468 4669 1860 4738 compellentes
1906 4683 2026 4724 eam
2077 4682 2210 4724 con-

638 4770 854 4816 struere
882 4760 1015 4831 ipsis
1048 4759 1168 4816 vitii
1196 4760 1517 4832 peccatique
1549 4760 1821 4815 civitates.

714 5037 821 5092 VII.
872 5036 929 5091 Si
980 5052 1110 5091 vero
1151 5036 1471 5107 ingemiscat
1518 5037 1731 5102 anima,
1785 5045 1841 5091 et
1890 5037 2088 5091 clamet
2134 5032 2203 5089 ad

640 5128 835 5192 Deum,
856 5128 1058 5183 emittit
1076 5130 1124 5182 ei
1146 5128 1485 5199 spiritualem
1505 5129 1728 5193 Mosem,
1753 5128 1846 5197 qui
1867 5128 2063 5182 liberet
2083 5142 2202 5182 eam

639 5237 673 5275 a
707 5222 971 5276 servitute
993 5220 1367 5291 {Egyptiorum
1398 5242 1411 5277 :
1442 5237 1632 5276 verum
1656 5222 1894 5291 primum
1918 5220 2138 5283 clamat,
2159 5226 2217 5273 et

638 5300 882 5382 suspiria
910 5312 1079 5376 ducit,
1111 5321 1167 5367 et
1198 5322 1312 5367 tum
1342 5312 1736 5382 redemptionis
1780 5311 1996 5366 initium
2024 5324 2216 5365 conse-

643 5404 854 5472 quitur.
884 5404 1006 5471 lpso
1030 5420 1246 5474 quoque
1279 5420 1465 5459 mense
1494 5404 1800 5459 recentium
1841 5403 2037 5457 ﬂorum
2079 5402 2218 5457 libe-

638 5504 817 5559 ratur,
851 5504 1096 5565 tempore
1124 5495 1381 5551 nimirum
1405 5496 1572 5559 veris,
1601 5494 1822 5565 quando
1848 5502 1992 5548 terra
2022 5493 2217 5547 anima

642 5588 898 5663 emittere
924 5595 1105 5657 potest
1136 5588 1397 5658 pulchros
1425 5597 1482 5643 et
1506 5586 1733 5642 ﬂoridos
1758 5600 1939 5640 ramos
1966 5584 2215 5656 justitite,

2308 4576 2470 4645 vqptk,
2497 4574 2591 4628 καὶ
2620 4574 2832 4643 λόγους,
2855 4576 2948 4630 καὶ
2973 4576 3350 4647 ἐνθυμήματα,
3368 4576 3462 4630 καὶ
3495 4575 3873 4647 διαλογισμοὺς

2312 4666 2594 4735 ματαίους.
2629 4666 2969 4720 Ἐκπεσοῦσα
2997 4666 3106 4738 γάρ
3128 4667 3223 4720 τοῦ
3279 4666 3412 4720 ἰδίου
3438 4666 3609 4736 ὕψους
3655 4670 3693 4736 ἠ
3738 4669 3872 4737 ψυχὴ

2310 4752 2436 4829 εὗρε
2476 4757 2756 4827 βασιλείαν
2782 4758 3190 4829 μισάνθρωπον,
3214 4757 3307 4811 καὶ
3336 4757 3606 4828 ἄρχοντας
3630 4760 3870 4828 πικροὺς,

2311 4849 2438 4912 τοὺς
2471 4848 2990 4918 καταναγκάζοντας
3028 4850 3200 4919 αὐτὴν
3229 4848 3534 4920 οἰκοδομεῖν
3563 4851 3753 4913 αὐτοῖς
3784 4848 3870 4912 τάς

2314 4940 2414 5009 τῆς
2446 4940 2644 5004 κακίας
2672 4941 2853 5005 πόλεις
2878 4941 3187 5011 ἁμαρτιῶν.

2382 5032 2459 5088 Z'.
2504 5034 2629 5088 Ἐὰν
2655 5035 2713 5088 δὲ
2741 5034 2973 5107 στενάξῃ
3001 5038 3033 5106 ἡ
3064 5036 3232 5106 ψυχὴ,
3278 5036 3374 5089 καὶ
3413 5035 3589 5108 βοήσῃ
3627 5034 3767 5105 πρὸς
3791 5034 3872 5086 τὸν

2309 5125 2476 5191 Θεὸν,
2512 5125 2891 5190 ἐξαποστέλλει
2943 5127 3083 5197 αὐτῇ
3117 5127 3208 5180 τὸν
3245 5128 3615 5196 πνευματικὸν
3658 5125 3872 5185 Meneta.

2315 5216 2407 5271 τὸν
2440 5216 2804 5288 λυτρούμενον
2832 5217 3002 5287 αὐτὴν
3049 5218 3115 5271 ἐκ
3141 5218 3240 5287 τῆς
3285 5216 3530 5279 δουλείας
3577 5216 3690 5269 τῶν
3718 5218 3871 5280 Αἰγυ-

2319 5307 2520 5361 πτίωνο
2546 5307 2699 5363 ’ἀλλά
2725 5307 2940 5379 πρῶτον
2969 5308 3067 5378 βοᾷ
3091 5310 3185 5361 καὶ
3212 5307 3481 5372 στενάζει,
3516 5308 3609 5360 καὶ
3634 5308 3753 5358 τότε
3780 5303 3871 5369 τῆς

2319 5398 2748 5467 ἀπολυτρώσεως
2785 5397 2885 5468 τὴν
2908 5400 3083 5469 ἀρχὴν
3106 5397 3392 5467 λαμϐάνει.
3422 5397 3536 5450 Καὶ
3558 5396 3693 5464 αὑτὴ
3722 5398 3776 5447 ἐν
3797 5391 3867 5460 τῷ

2322 5493 2454 5562 μηνὶ
2481 5491 2591 5544 τῶν
2618 5491 2756 5544 νέων
2807 5490 2986 5546 ἀνθῶν
3013 5490 3355 5561 λυτρουμένη
3400 5489 3546 5542 κατὰ
3572 5489 3665 5539 τὸν
3695 5484 3865 5552 καιρὸν

2316 5582 2412 5636 τοῦ
2448 5581 2629 5652 ἔαρος,
2662 5581 2827 5651 ἡνίκα
2859 5583 2895 5652 ἡ
2937 5581 3012 5652 γῆ
3046 5581 3145 5653 τῆς
3173 5581 3352 5653 ψυχῆς
3379 5579 3623 5649 ἐξανθεῖν
3661 5578 3864 5633 δύναται

724 5781 772 5817 ’⁸
798 5780 969 5863 Exod.
994 5784 1171 5846 ‘xn.3.
1213 5786 1266 5847 7,
1300 5784 1387 5839 ll.
1466 5786 1509 5817 θ’
1537 5782 1697 5850 ibid.,
1722 5782 1821 5852 '12,
1857 5781 1943 5839 15.
2026 5778 2200 5836 'ibid.

2300 5779 2335 5849 ἲ,
2369 5779 2456 5833 56.
2541 5778 2563 5810 ²
2598 5775 2731 5833 Gen.
2761 5792 2842 5844 ιιι,
2874 5775 2961 5831 18.
