4044 6524
226 295 331 361 801

1396 290 1763 355 HOMILIKE.
1787 314 1853 326 --
1880 287 2065 353 HO“.
2108 291 2338 351 XLVII.

3381 293 3486 355 802

221 420 356 482 τοὺς
380 417 579 481 καλοὺς
613 417 707 472 καὶ
738 416 1008 488 ἀνθηροὺς
1036 414 1263 477 κλάδους
1290 413 1391 483 τῆς
1432 404 1802 477 δικαιοσύνης.
1834 456 1839 468 .

1937 417 2057 466 ravi
2105 416 2288 471 hieme
2354 414 2675 485 ignorantiae
2728 412 3117 475 tenebrarum,
3166 420 3221 466 et
3272 427 3487 469 summa

225 510 338 562 τῶν
369 507 582 578 πικρῶν
626 508 911 579 χειμώνων
954 506 1270 561 διελθόντων
1300 504 1402 573 τῆς
1445 502 1668 572 ἀγνοίας
1710 500 1810 552 τοῦ

233 604 484 667 σκότους,
518 600 730 669 καὶτῆς
766 600 965 669 πολλῆς
991 597 1300 668 πωρώσεως
1332 595 1434 664 τῆς
1470 596 1534 646 ἐκ
1569 591 1681 646 τῶν
1725 592 1814 644 ai-

230 693 411 763 σχρῶν
439 690 687 764 πράξεων
740 692 833 745 καὶ
864 690 1168 761 ἁμαρτιῶν.
1206 687 1501 742 Κελεύειδὲ
1522 687 1642 740 τότε
1679 687 1818 755 ἀφα-

229 784 482 855 νισθῆναι
516 784 577 849 ἐξ
611 785 845 853 ἑκάστης
883 782 1063 844 οἰκίας
1103 782 1286 833 πᾶσαν
1338 778 1516 849 ζύμην
1553 776 1813 840 παλαιὰν,

230 876 331 939 τὰς
361 877 613 947 πράξεις,
650 876 743 929 καὶ
775 875 843 927 τὰ
875 874 1198 943 φρονήματα
1216 870 1311 924 τοῦ
1342 868 1573 923 παλαιοῦ
1605 867 1817 941 ἀνθρώ-

237 984 330 1034 ρου
361 966 455 1019 τοῦ
481 963 1248 1036 φθειρομένου,διαλογισμοὺς
1272 962 1569 1031 πονηροὺς,
1598 959 1692 1012 καὶ
1721 960 1812 1012 ἐν·

237 1056 504 1125 θυμήσεις
544 1056 814 1126 ρυπαρὲις,
846 1055 969 1107 ὅσον
995 1052 1250 1117 δυνατὸν,
1277 1050 1714 1122 ἀποῤῥίψασθαι.

308 1146 398 1199 ll'.
434 1146 713 1215 Σφαγῆναι
744 1145 823 1197 δεῖ
843 1146 902 1196 τὸ
928 1144 1134 1214 ἀρνίον,
1162 1143 1251 1197 καὶ
1272 1142 1518 1211 τυθῆναι,
1538 1144 1632 1196 καὶ
1656 1142 1718 1195 τὸ
1738 1138 1820 1195 αἷς

242 1253 320 1305 μα
345 1236 508 1289 αὑτοῦ
542 1236 825 1306 χρισθῆναι
848 1236 941 1289 ἐπὶ
967 1236 1074 1288 τῶν
1107 1234 1309 1307 θυρῶν.
1360 1234 1597 1305 Χριστὸς
1627 1232 1734 1304 γὰρ
1761 1232 1823 1287 τὸ

236 1326 493 1396 ἀληθινὸν
524 1326 619 1379 καὶ
642 1324 868 1393 ἀγαθὸνι
890 1326 981 1379 καὶ
1011 1326 1240 1395 ἄμωμον
1262 1323 1447 1392 ἀρνίον
1469 1324 1703 1393 ἐσφάγη,
1726 1323 1824 1376 καὶ

237 1419 303 1471 τὸ
336 1414 477 1489 αἷμα
509 1416 676 1472 αὐτοῦ
700 1416 925 1486 ἐχρίσθη
960 1417 1053 1469 ἐπὶ
1094 1418 1203 1468 τῶν
1239 1414 1409 1485 φλιῶν
1441 1416 1541 1484 τῆς
1572 1414 1821 1485 καρδίας,

236 1511 389 1572 ὅπως
422 1510 647 1577 γένηται
670 1508 731 1562 τὸ
758 1507 991 1577 ἐκχυθὲν
1022 1507 1116 1560 ἐπὶ
1140 1507 1236 1560 τοῦ
1268 1506 1503 1577 σταυροῦ
1548 1500 1690 1575 αἷμα
1727 1505 1823 1559 τοῦ

240 1602 505 1671 Χριστοῦ,
540 1603 607 1671 τῇ
636 1600 732 1671 μὲν
766 1599 913 1669 ψυχῇ
953 1600 1034 1661 είς
1082 1598 1227 1668 ζωὴν
1262 1598 1357 1650 καὶ
1406 1596 1782 1667 ἀπολύτρωσιν
1804 1612 1820 1629 ο

241 1698 360 1756 τοῖς
390 1694 447 1747 δὲ
476 1694 797 1761 Αἰγυπτίοις
824 1690 1076 1760 δαίμοσιν
1110 1691 1189 1753 είς
1220 1690 1415 1753 πένθος
1447 1691 1541 1742 καὶ
1570 1688 1821 1743 θάνατον’

647 1743 851 1847 πένθος
888 1743 1071 1846 αὐτοῖς
1099 1743 1215 1835 ἐστι
1233 1824 1248 1848 ,
1274 1743 1418 1853 χαρά
1442 1782 1499 1835 δέ
1531 1782 1624 1836 καλ⁵
1649 1780 1821 1850 ἀγαλ-
1858 1743 1900 1801 Β

242 1876 426 1939 λίασις
455 1880 518 1947 τῇ
552 1876 697 1947 ψυχῇ
742 1876 804 1928 τὸ
839 1873 935 1927 τοῦ
986 1874 1219 1945 ἀμώμου
1252 1875 1442 1945 ἀρνίου
1497 1868 1657 1945 αἷμα.
1696 1869 1828 1927 Εἶτα

251 1970 393 2037 μετά
413 1969 474 2021 τὸ
499 1968 705 2038 χρίσμα
746 1965 961 2020 κελεύει
989 1966 1125 2037 πρὸς
1160 1965 1398 2036 ἑσπέραν
1425 1967 1622 2034 φαγεῖν
1647 1964 1708 2018 τδ
1730 1965 1831 2036 ἀρ-

252 2060 391 2123 νίον,
419 2061 513 2113 καὶ
537 2060 608 2112 τά
638 2058 824 2130 ἄζυμα
873 2058 1012 2127 μετὰ
1039 2059 1327 2130 πικρίδων,
1360 2058 1830 2128 περιεζωσμένους

245 2152 347 2213 τὰς
382 2150 577 2215 ζώνας,
601 2152 695 2205 καὶ
727 2151 1068 2223 ὑποδήματα,
1094 2151 1188 2204 καὶ
1217 2149 1438 2220 ἔχοντας
1466 2151 1563 2212 τὰς
1624 2148 1829 2220 βακτη-

254 2243 382 2314 ρίας
414 2242 473 2295 ἐν
504 2245 622 2305 ταῖς
654 2241 861 2313 χερσίν.
911 2242 1039 2295 Ἐάν
1071 2243 1180 2313 γὰρ
1216 2241 1290 2311 μὴ
1323 2241 1590 2311 πρότερον
1610 2240 1835 2309 γένηται

247 2335 287 2405 ἡ
311 2334 457 2405 ψυχὴ
486 2335 973 2406 παρεσκευασμένη
1004 2334 1339 2404 πανταχόθεν
1364 2334 1432 2386 δι’
1479 2333 1659 2403 ἔργων
1694 2334 1836 2400 ἀγα-

250 2425 384 2490 θῶν,
406 2428 533 2479 ’ὅσον
556 2427 702 2480 ἐστὶν
725 2428 782 2481 ἐν
812 2428 973 2499 αὐτῇ,
1003 2430 1064 2480 ού
1106 2428 1308 2481 δίδοται
1335 2427 1470 2496 αὐτῇ
1505 2428 1699 2493 φαγεῖν
1730 2424 1839 2477 ἀπὸ

258 2519 359 2570 τοῦ
391 2519 602 2590 ἀρνίου.
636 2519 700 2573 Εἰ
731 2518 788 2572 δὲ
822 2520 917 2572 καὶ
955 2519 1016 2572 τδ
1048 2519 1233 2590 ἀρνίον
1275 2518 1396 2587 ἡδὺ,
1430 2519 1529 2571 καὶ
1557 2519 1625 2571 τά
1657 2517 1840 2588 ἄζυμα

264 2610 432 2675 καλὰ,
467 2610 581 2664 ἀλλ’
613 2613 669 2666 αἱ
703 2612 955 2681 πικρίδες
987 2611 1181 2681 πικραὶ
1230 2612 1325 2664 καὶ
1355 2612 1632 2681 τραχεῖαι.
1687 2610 1842 2663 Μετά

257 2702 495 2771 θλίψεως
524 2704 632 2774 γὰρ
668 2703 894 2772 πολλῆς,
928 2708 1022 2756 καὶ
1055 2703 1280 2772 πικρίας
1311 2703 1484 2755 ἐσθίει
1505 2704 1537 2771 ἡ
1560 2702 1706 2772 ψυχὴ
1734 2700 1842 2754 ἀπὸ

250 2794 353 2846 τοῦ
380 2794 566 2863 ἀρνίου
606 2796 700 2863 καὶ⁸
728 2795 837 2848 τῶν
868 2795 1121 2866 χρηστῶν
1149 2796 1395 2865 ἀζύμων,
1438 2793 1729 2865 θλιϐούσης
1748 2794 1845 2848 αύ-

255 2888 361 2959 τὴν
394 2892 490 2956 τῆς
515 2887 781 2958 συνούσης
811 2888 948 2958 αὐτῇ
982 2886 1281 2957 ἁμαρτίας.

330 2978 409 3036 0'.
441 2981 550 3033 Kal
590 2980 725 3048 πρὸς
771 2979 1009 3049 ἑσπέραν
1048 2979 1212 3047 φησιν
1259 2978 1472 3032 ἐδεσθαι
1525 2978 1687 3032 αὑτόο
1721 2978 1753 3048 ἡ
1788 2976 1847 3030 δέ

1916 508 2282 563 εκοκεοιίοηε
2338 522 2407 563 ex
2458 506 2713 562 obscenis
2768 505 3079 560 actionibus
3140 514 3197 560 et
3249 509 3490 575 peccatis

1916 608 2200 670 prognata,
2236 599 2531 669 praeterita.
2572 599 2743 653 Porro
2769 598 3016 668 praecipit
3044 607 3156 652 tum
3189 597 3395 652 aboleri
3423 614 3490 651 ex

1919 705 2247 759 unaquaque
2277 689 2442 744 domo
2476 704 2637 743 omne
2674 688 3005 742 fermentum
3051 686 3359 754 antiquum,
3403 699 3493 738 ac-

1920 781 2097 835 tiones
2144 781 2435 846 nimirum,
2482 789 2537 835 et
2582 781 2811 835 consilia
2857 779 3060 835 veteris
3109 777 3349 833 hominis
3396 775 3492 846 qui

1919 875 2317 944 corrumpitur,
2351 890 2415 929 ac
2446 890 2733 944 perversas
2762 873 3120 944 cogitationes
3157 880 3212 925 et
3256 870 3491 926 medita-

1921 965 2101 1021 tiones
2128 966 2400 1032 sordidas,
2427 965 2606 1037 quoad
2652 964 2766 1019 fieri
2795 972 2994 1036 potest,
3022 964 3280 1035 abjicere.

1989 1141 2128 1196 Vill.
2154 1141 2374 1198 Mactari
2399 1152 2614 1213 oportet
2642 1159 2840 1213 agnum
2869 1154 2925 1200 et
2952 1144 3242 1208 immolari,
3266 1144 3495 1215 ejusque

1923 1232 2245 1301 sanguinem
2290 1232 2508 1289 illinere
2563 1234 2794 1289 foribus.
2838 1234 3089 1290 Christus
3141 1235 3288 1290 enim
3330 1249 3496 1289 verus

1924 1324 2103 1380 bonus
2126 1334 2182 1381 et
2214 1326 2596 1383 immaculatus
2641 1343 2813 1399 agnus
2849 1337 3115 1383 mactatus
3147 1338 3250 1393 est,
3285 1337 3342 1384 et
3373 1344 3498 1384 san-

1925 1415 2089 1485 guine
2133 1416 2253 1486 ejus
2296 1425 2462 1472 uncta
2506 1417 2696 1471 limina
2740 1417 2943 1483 cordis,
2978 1427 3039 1472 ut
3070 1417 3163 1472 ﬁat
3201 1417 3410 1473 eﬂusus
3439 1418 3497 1471 in

1926 1520 2090 1561 cruce
2134 1506 2355 1576 sanguis
2397 1506 2624 1573 Christi,
2670 1507 2865 1562 animae
2893 1507 3115 1577 quidem
3154 1508 3264 1562 vita
3306 1517 3363 1562 et
3410 1523 3499 1563 re-

1927 1597 2202 1667 demptio;
2226 1597 2493 1669 Egyptiis
2512 1614 2644 1654 vero
2674 1599 3013 1655 daemonibus
3043 1600 3223 1655 luctus
3242 1608 3298 1653 et
3326 1613 3496 1654 mors.

1930 1688 2068 1745 Vere
2096 1692 2244 1744 enim
2288 1692 2469 1748 luctus
2504 1693 2611 1748 illis
2642 1702 2750 1760 est;
2784 1694 3042 1762 gaudium
3082 1702 3267 1748 autem
3311 1703 3367 1748 et
3408 1707 3503 1747 ex-

1928 1782 2153 1836 sultatio
2200 1781 2431 1849 animae,
2482 1783 2818 1838 immaculati
2878 1785 3027 1839 illius
3080 1784 3205 1855 agni
3259 1784 3500 1856 sanguis.

1930 1872 2138 1927 Deinde
2184 1884 2307 1943 post
2348 1875 2665 1929 unctionem
2702 1875 2859 1947 jubet
2896 1875 2963 1929 ad
3004 1891 3289 1945 vesperam
3319 1889 3507 1929 come-

1929 1963 2060 2019 dere
2104 1980 2331 2035 agnum,
2381 1974 2438 2021 et
2482 1981 2670 2037 azyma
2718 1982 2842 2021 cum
2885 1967 3117 2022 lactucis
3162 1966 3504 2037 agrestibus,

1930 2052 2355 2109 circumcinctos
2392 2055 2638 2121 renibus,
2683 2059 2955 2112 calceatos
2997 2056 3278 2121 sandaliis,
3321 2064 3378 2111 et
3423 2064 3507 2110 te-

1932 2152 2127 2197 nentes
2168 2142 2401 2217 .baculos
2450 2144 2506 2199 in
2550 2144 2823 2200 manibus.
2873 2145 2988 2199 Nisi
3040 2146 3189 2200 enim
3236 2147 3390 2215 prius
3436 2146 3510 2201 sit

1934 2232 2115 2287 anima
2162 2244 2466 2304 praeparata
2530 2235 2893 2306 undequaque
2946 2251 3046 2306 per
3105 2236 3251 2291 bona
3308 2252 3506 2306 opera,

1936 2334 2201 2394 quantum
2239 2326 2293 2380 in
2327 2327 2443 2397 ipsa
2471 2336 2575 2391 est,
2606 2343 2714 2382 non
2745 2328 3069 2383 conceditur
3098 2328 3196 2395 illi,
3225 2338 3286 2383 ut
3323 2344 3509 2384 come-

1936 2419 2027 2473 dat
2072 2418 2140 2473 de
2187 2435 2348 2490 agno.
2395 2420 2464 2474 Et
2510 2419 2641 2475 licet
2689 2421 2875 2476 suavis
2921 2421 2995 2475 sit
3027 2436 3200 2492 agnus
3236 2428 3293 2475 et
3324 2436 3511 2492 azyma

1937 2510 2102 2576 bona,
2137 2525 2338 2565 amara:
2367 2519 2547 2565 tamen
2576 2518 2632 2564 et
2666 2525 2875 2580 aspera:
2920 2519 3049 2565 sunt
3083 2510 3326 2566 lactucae.
3371 2509 3512 2565 Cum

1938 2602 2231 2659 atllictione
2280 2617 2408 2672 ergo
2455 2616 2668 2656 summa
2709 2609 2765 2657 et
2798 2601 3047 2657 molestia
3078 2602 3192 2656 edit
3234 2602 3415 2657 anima
3444 2602 3513 2656 dc

1939 2710 2078 2766 agno
2106 2704 2161 2750 et
2190 2695 2350 2749 bonis
2380 2694 2604 2766 azymis,
2637 2694 2907 2765 aﬂligente
2935 2708 3055 2749 eam
3080 2693 3227 2764 quod
3252 2693 3400 2748 illam
3429 2693 3509 2748 in-

1941 2784 2172 2849 habitat,
2208 2792 2458 2855 peccato.

2014 2981 2106 3035 IX.
2138 2981 2205 3035 Et
2227 2980 2293 3035 ad
2313 2995 2597 3051 vesperam
2618 2979 2776 3051 jubet
2805 2978 2968 3034 edere
2990 2977 3164 3032 illum.
3191 2974 3514 3046 Vespertina

258 3073 400 3140 πρὸς
430 3072 667 3140 ἑσπέραν
719 3069 839 3139 ὥρα
871 3070 1013 3140 μέση
1043 3068 1225 3136 φωτὸς
1264 3068 1361 3123 καὶ
1393 3076 1618 3132 σκότους
1668 3068 1836 3122 ἐστίν.

1945 3082 2126 3128 autem
2162 3072 2296 3126 hora
2326 3072 2505 3126 media
2536 3072 2678 3125 inter
2702 3070 2879 3125 lucem
2913 3079 2969 3123 et
3008 3067 3263 3123 tenebras
3288 3075 3392 3123 est.
3424 3064 3517 3121 Sic

260 3161 421 3213 Οὕτω
453 3160 550 3213 καὶ⁹
578 3160 779 3231 ἡψυχὴ
817 3159 953 3230 πρὸς
982 3157 1157 3231 ταύτῃ
1186 3154 1320 3211 οὖσα
1341 3161 1407 3228 τῇ
1438 3158 1839 3230 ἀπολυτρώσει,

262 3254 410 3323 μέση
439 3252 643 3319 γίνεται
680 3252 855 3320 φωτὸς
892 3251 987 3304 καὶ
1014 3251 1263 3315 σκότους,
1290 3251 1534 3322 ἑστώσης
1555 3254 1652 3322 τῆς
1679 3251 1843 3305 δυνά-

265 3361 418 3412 μεως
459 3343 553 3395 τοῦ
607 3343 765 3408 Θεοῦ,
806 3344 1008 3415 καὶμὴ
1051 3343 1230 3414 ἐώσης
1262 3344 1324 3397 τὸ
1374 3344 1565 3406 σκότος
1597 3343 1843 3396 ἐπελθεῖν

263 3434 335 3501 τῇ
369 3431 545 3501 ψυχῇ,
584 3434 676 3484 καὶ
703 3436 989 3485 καταπιεῖν
1025 3433 1231 3504 αὐτήνο
1272 3434 1365 3487 καὶ
1402 3434 1461 3486 ὃν
1486 3434 1685 3504 τρόπον
1722 3431 1845 3486 εἷπε

264 3522 533 3590 Μωῡσῆς,
564 3522 719 3589 Αὕτη
757 3524 794 3590 ή
853 3523 969 3587 νὺξ
1004 3522 1114 3591 τῆς
1163 3525 1523 3594 ἐπαγγελίας
1557 3524 1688 3580 ἐστὶ
1737 3525 1845 3578 τοῦ

270 3616 455 3670 Θεοῦ⁶
488 3616 657 3679 οὕτως
692 3617 786 3671 καὶ
814 3620 841 3671 ό
879 3618 1137 3688 Χριστὸς,
1177 3618 1422 3681 δοθέντος
1450 3620 1599 3689 αὐτῷ
1639 3620 1846 3690 βιϐλίου

269 3709 333 3758 ἐν
360 3710 424 3776 τῇ
461 3712 770 3780 συναγωγῇ,
811 3709 885 3773 ὡς
919 3710 1251 3781 γέγραπται,
1277 3713 1539 3766 ἐκάλεσεν
1571 3712 1849 3766 ἐνιαυτὸν

267 3801 496 3866 Κυρίου
526 3799 741 3862 δεκτόν
778 3800 882 3855 καί
916 3802 1145 3870 ἡμέραν
1174 3802 1663 3871 ἀπολυτρώσεως.
1705 3803 1850 3854 Ἐκεῖ

265 3891 369 3955 νὺξ
416 3893 853 3958 ἀνταποδόσεως,
881 3895 1115 3948 ἐνταῦθα
1158 3896 1341 3966 ἡμέρα
1384 3894 1845 3966 ἀπολυτρώσεως

263 3983 494 4047 εἰκότως
514 3999 528 4013 ο
582 3985 759 4038 πάντα
782 3985 889 4055 γὰρ
933 3989 1119 4040 ἐκεῖνα
1169 3985 1339 4049 τύπος
1365 3982 1432 4056 ἦν
1463 3987 1556 4039 καὶ
1593 3986 1720 4039 σκιά
1748 3987 1849 4054 τῆς

263 4074 554 4145 ἀληθείας,
590 4076 685 4129 καὶ
711 4077 988 4145 μυστικῶς
1012 4077 1436 4147 προτυπούμενα
1468 4078 1565 4148 τὴν
1589 4077 1848 4149 ἀληθινὴν

265 4167 545 4236 σωτηρίαν
579 4168 899 4238 ὑπέγραφον
927 4170 1026 4239 τῆς
1062 4169 1239 4240 ψυχῆς
1270 4170 1369 4238 τῆς
1396 4168 1849 4239 ἐγκεκλεισμένης

259 4255 349 4326 τῷ
371 4257 570 4324 σκότει,
600 4259 693 4311 καὶ
716 4260 1110 4330 πεπεδημένης
1164 4260 1420 4331 κρυπτῶς
1447 4261 1503 4313 ἐν
1535 4260 1719 4331 λάκκῳ
1748 4278 1849 4315 κα·

265 4348 523 4418 τωτάτῳ,
549 4348 644 4401 καὶ
671 4349 1235 4420 ἐναποκεκλεισμένης
1262 4350 1459 4412 πύλαις
1480 4350 1727 4419 χαλκαῖς,
1753 4350 1849 4403 καὶ

263 4438 347 4509 μὴ
380 4439 682 4510 δυναμένης
727 4439 852 4494 ἄνευ
894 4441 992 4512 τῆς
1043 4440 1135 4494 τοῦ
1156 4441 1391 4512 Χριστοῦ
1423 4441 1847 4511 ἀπολυτρώσεως
1881 4445 1924 4499 D

259 4529 454 4583 ὲλευθε
464 4530 723 4601 ρωθῆναι.

340 4619 398 4673 ι’.
443 4620 657 4687 Ἐξάγει
685 4616 775 4676 οῦν
794 4622 893 4694 τὴν
936 4622 1113 4693 ψυχὴν
1137 4623 1196 4688 ἐξ
1222 4623 1498 4692 Αίγύπτου
1532 4625 1624 4677 καὶ
1655 4626 1751 4696 τῆς
1778 4628 1839 4679 ἐν

272 4709 420 4778 αὐτῇ
454 4710 721 4774 δουλείας,
759 4713 867 4765 τῶν
922 4715 1280 4783 πρωτοτόκων
1319 4714 1490 4783 αὐτῆς
1524 4714 1849 4785 ἀναιρουμέ-

263 4818 382 4852 νων
418 4802 476 4854 ἐν
521 4805 588 4873 τῇ
626 4803 810 4874 ἐξόδῳ.
845 4805 982 4870 Ἤδη
1014 4806 1122 4874 γὰρ
1156 4805 1319 4876 μέρος
1362 4823 1414 4857 τι
1446 4806 1542 4876 τῆς
1571 4805 1849 4876 δυνάμεως

253 4892 359 4943 τοῦ
392 4892 647 4962 ἀληθινοῦ
678 4895 877 4965 Φαραὼ
930 4896 1291 4949 καταπίπτει.
1342 4896 1542 4959 Πένθος
1580 4896 1692 4967 ἔχει
1724 4898 1850 4957 τοὺς

254 4981 617 5046 Αἰγυπτίους.
665 4983 997 5046 Στενάζουσι
1021 4986 1128 5053 γὰρ
1159 4984 1485 5055 λυπούμενοι
1525 4987 1618 5039 ἐπὶ
1642 4988 1707 5055 τῇ
1745 5003 1852 5038 σω-

255 5070 434 5141 τηρίᾳ
461 5072 553 5123 τοῦ
579 5073 948 5143 αἰχμαλώτου.
979 5075 1212 5128 Κελεύει
1239 5076 1544 5147 χρήσασθαι
1572 5077 1724 5149 παρὰ
1743 5077 1853 5131 τῶν

254 5165 579 5233 Αἰγυπτίων
605 5166 776 5238 σκεύη
813 5169 991 5236 χρυσᾶ
1031 5169 1125 5220 καὶ
1169 5169 1418 5239 ἀργυρᾶ,
1451 5168 1546 5222 καὶ
1590 5168 1852 5231 λαϐόντας

255 5256 530 5322 ἐξελθεῖν.
585 5256 989 5327 Ἀπολαμόάνει
1024 5259 1131 5328 γὰρ
1162 5258 1381 5324 ἐξιοῦσα
1411 5258 1501 5311 τοῦ
1533 5260 1755 5322 σκότους
1805 5261 1838 5331 ἡ

252 5346 413 5416 ψυχὴ
442 5345 511 5398 τὰ
533 5346 752 5417 ἀργυρᾶ
783 5347 874 5399 καὶ
905 5351 1079 5419 χρυσᾶ
1109 5347 1297 5419 σκεύη,
1331 5349 1496 5419 ἤγουν
1526 5349 1651 5412 τοὺς
1677 5350 1839 5414 ἰδίους

254 5438 507 5503 ἀγαθοὺς
534 5438 829 5508 λογισμοὺς
861 5438 1290 5509 πεπυρωμένους
1334 5440 1742 5506 ἐπταπλασίως,
1780 5444 1839 5496 ὲν

252 5524 343 5594 οἷς
376 5528 703 5583 διακονεῖται
740 5532 833 5583 καὶ
858 5530 1268 5586 ἐπαναπαύεται
1302 5532 1329 5583 ὁ
1358 5529 1512 5594 Θεός.
1551 5531 1838 5606 Ἐσκόρπι-

332 5716 354 5744 ⁸
398 5713 542 5768 Luc.
576 5730 649 5777 tv,
684 5715 768 5769 18.

599 5815 865 5873 Part-.01..
922 5814 1035 5874 (in.
1098 5812 1389 5876 XXXIV.

1942 3181 2159 3235 quoque
2205 3165 2386 3219 anima
2416 3165 2472 3218 in
2501 3164 2619 3234 ipsa
2648 3164 2943 3218 constituta
2973 3161 3371 3230 redemptione,
3400 3174 3517 3213 me-

1942 3257 2031 3310 dia
2057 3266 2139 3311 est
2181 3257 2325 3311 inter
2366 3257 2546 3311 lucem
2579 3264 2635 3311 et
2669 3254 2943 3318 tenebras,
2978 3253 3268 3307 assistente
3307 3251 3516 3306 virtute

1944 3347 2151 3414 divina,
2178 3363 2281 3402 nec
2310 3349 2663 3418 permittente
2692 3347 2949 3402 tenebras
2981 3345 3266 3415 insurgere
3297 3343 3353 3397 in
3395 3346 3516 3397 ani-

1944 3455 2112 3506 mam,
2143 3447 2199 3493 et
2221 3439 2519 3494 absorbere
2549 3439 2718 3493 illam.
2750 3439 2819 3492 Et
2847 3435 3308 3506 quemadmodum
3340 3433 3518 3489 Moses

1944 3532 2082 3586 dixit
2120 3551 2133 3585 :
2176 3532 2301 3585 Haec
2350 3539 2424 3586 est
2473 3546 2578 3584 nos;
2622 3530 2980 3600 promissionis
3014 3526 3132 3591 Dei,
3186 3526 3267 3581 sic
3299 3541 3519 3595 quoque

1943 3622 2217 3687 Christus,
2265 3621 2454 3676 oblato
2488 3621 2595 3675 sibi
2646 3621 2789 3675 libro
2836 3620 2891 3673 in
2940 3618 3243 3690 Synagoga,
3286 3626 3345 3671 ut
3377 3616 3519 3672 scri-

1946 3725 2099 3785 ptum
2139 3722 2244 3778 est,
2288 3712 2583 3782 appellavit
2629 3728 2829 3765 annum
2866 3709 3077 3764 Domini
3124 3708 3517 3779 acceptabilem,

1951 3807 2109 3877 150
2138 3815 2187 3860 et
2219 3807 2355 3860 diem
2390 3805 2763 3875 redemptionis
2794 3804 2834 3857 ³.
2863 3803 2941 3856 lbi
2983 3818 3089 3856 nox
3118 3800 3518 3866 retributionis,

1948 3898 2041 3952 hic
2066 3898 2185 3953 dies
2223 3897 2653 3966 redemptionis;
2691 3904 2747 3951 et
2781 3896 2998 3949 merito.
3025 3894 3219 3948 Omnia
3252 3892 3397 3947 enim
3430 3892 3522 3947 illa

1949 4002 2109 4061 typus
2140 3999 2297 4045 erant
2321 3999 2378 4045 et
2400 3989 2597 4043 umbra
2621 3988 2890 4050 veritatis,
2923 3994 2979 4041 et
3014 3986 3239 4056 mystice
3273 3984 3525 4055 praeﬁgu-

1948 4091 2064 4135 rata
2095 4095 2281 4135 veram
2317 4079 2706 4134 describebant
2749 4077 2981 4131 salutem
3028 4077 3251 4131 inclusae
3281 4076 3524 4131 tenebris

1948 4172 2163 4237 animae,
2198 4180 2363 4241 atque
2394 4170 2716 4241 cornpeditze
2753 4170 2894 4224 clam
2942 4169 2998 4223 in
3049 4169 3170 4223 lacu
3214 4168 3424 4231 intimo,
3468 4176 3525 4221 et

1949 4264 2097 4317 intus
2129 4264 2355 4318 inclusae
2383 4263 2558 4333 portis
2587 4262 2775 4326 aeneis,
2811 4268 2868 4315 et
2897 4276 3018 4329 quae
3046 4276 3154 4315 non
3192 4259 3365 4329 possit
3393 4258 3522 4314 abs-

1949 4370 2056 4424 que
2084 4352 2289 4409 Christi
2330 4353 2709 4423 redemptione
2739 4352 2984 4406 liberari.

2018 4627 2086 4681 Χ.
2112 4628 2311 4683 Educit
2338 4626 2503 4698 igitur
2523 4626 2761 4681 animam
2788 4640 2854 4679 ex
2879 4622 3129 4693 )Egypto,
3156 4630 3231 4686 et,
3256 4636 3361 4692 qua
3383 4618 3439 4674 in
3458 4633 3523 4674 ea

1947 4719 2322 4788 premebatur,
2353 4718 2641 4780 servitute,
2669 4714 3049 4785 primogenitis
3074 4714 3193 4783 ejus
3218 4710 3523 4765 interfectis

1948 4810 2004 4863 in
2034 4824 2281 4879 egressu.
2312 4808 2432 4864 Iam
2471 4807 2619 4862 enim
2660 4822 2786 4876 pars
2827 4805 3074 4875 quaedam
3119 4802 3376 4873 potentiae
3404 4802 3521 4856 veri

1951 4900 2253 4955 Pharaonis
2287 4900 2497 4954 interit.
2530 4898 2735 4952 Luctus
2767 4904 3000 4967 occupat
3039 4894 3340 4965 Egyptios.
3368 4893 3521 4963 lnge-

1951 4989 2190 5042 miscunt
2235 4988 2382 5041 enim
2425 4987 2729 5041 contristati
2766 4986 2833 5040 de
2888 4988 3063 5039 salute
3106 4983 3327 5052 captivi.
3356 4983 3521 5038 Jubet

1951 5087 2142 5132 mutuo
2171 5079 2423 5148 accipere
2443 5078 2513 5131 ab
2532 5077 2800 5148 [Egyptiis
2818 5092 2945 5131 vasa
2965 5090 3129 5129 aurea
3153 5084 3207 5129 et
3229 5081 3515 5144 argentea;

1949 5181 2005 5225 et
2038 5172 2104 5225 iis
2135 5171 2379 5240 acceptis
2407 5170 2616 5241 egredi.
2662 5169 2874 5239 Accipit
2913 5167 3082 5233 enim,
3120 5165 3407 5237 egrediens
3450 5179 3520 5218 ex

1952 5261 2195 5315 tenebris
2234 5262 2437 5324 anima,
2469 5268 2723 5330 argentea
2764 5267 2820 5313 et
2864 5274 3025 5312 aurea
3065 5273 3211 5317 vasa.
3239 5256 3516 5319 videlicet,

1949 5367 2074 5406 suas
2106 5351 2304 5422 probas
2333 5351 2692 5421 cogitationes
2735 5350 2986 5419 septuplo
3020 5347 3364 5410 fervidiores,
3391 5346 3519 5416 qui-

1947 5443 2051 5497 bus
2080 5444 2421 5497 ministratur
2449 5443 2581 5508 Deo,
2606 5450 2661 5496 et
2686 5443 2741 5497 in
2766 5442 2967 5512 quibus
2990 5441 3133 5496 Deus
3153 5440 3514 5510 conquiescit.

1946 5536 2518 5605 Disperserantenim,
2563 5535 2658 5606 qui
2700 5536 2856 5607 prius
2896 5534 3064 5590 vicini
3108 5534 3160 5590 ei
3192 5540 3368 5599 erant,
3404 5531 3517 5587 da:-

3089 5820 3169 5878 26
