4044 6568
548 325 659 389 803,

1812 324 1871 381 S.
1915 318 2234 381 MACARII
2270 316 2586 377 IEGYPTH

3706 314 3811 377 805.

546 446 768 496 mones,
806 442 861 488 et
903 442 1237 503 occuparant
1280 448 1346 488 ac
1387 430 1716 502 dissiparant
1758 430 2117 500 cogitationes

2223 442 2320 478 σαν
2339 425 2449 494 γὰρ
2475 426 2525 477 οἱ
2569 421 3006 491 γειτονεύσαντες
3040 420 3178 494 αὐτῇ
3217 420 3492 490 δαίμονες,
3523 422 3626 477 καὶ
3678 443 3814 476 xz:-

543 526 681 594 ejus.
719 523 882 580 Beata
927 525 1128 587 anima,
1160 536 1285 594 quae
1316 524 1594 594 redempta
1639 531 1723 577 est
1770 537 1801 576 e
1841 519 2115 575 tenebris!

540 613 611 667 Et
639 628 718 667 vae
763 614 979 673 animae,
1011 629 1131 683 qua;
1175 629 1280 667 non
1329 614 1527 667 clamat
1575 627 1679 667 nec
1711 609 2023 681 ingemiscit
2051 607 2119 662 ad

538 719 688 768 eum,
720 704 814 774 qui
862 713 1042 773 potest
1086 720 1203 758 eam
1255 705 1491 759 liberare
1539 718 1571 758 a
1617 702 1865 758 molestis
1911 702 2021 757 illis
2062 709 2118 755 et

540 795 756 851 acerbis
784 811 1011 865 operum
1041 795 1419 850 exactoribus!

610 973 702 1028 Xl.
736 972 959 1027 Abeunt
999 971 1096 1026 ﬁlii
1130 972 1295 1027 Israel
1329 972 1605 1027 celebrato
1630 972 1857 1027 Pascha.
1898 972 2120 1026 Proﬁcit

542 1067 742 1130 anima,
772 1081 890 1134 qua:
920 1066 1130 1135 accepit
1156 1064 1323 1119 vitam
1359 1065 1535 1121 sancti
1564 1064 1823 1135 Spiritus,
1855 1063 2117 1133 degusta-

543 1154 623 1208 vit
650 1168 868 1223 agnum,
896 1154 1126 1225 ejusque
1156 1155 1423 1225 sanguine
1458 1165 1624 1210 uncta
1652 1164 1760 1222 est,
1796 1162 1853 1211 et
1879 1154 2119 1209 comedit

545 1260 734 1300 verum
781 1260 999 1315 panem,
1045 1246 1287 1301 Verbum
1316 1248 1521 1302 vivum.
1566 1247 1834 1303 Columna
1886 1248 2027 1318 ignis
2063 1257 2119 1302 et

542 1333 795 1390 columna
842 1336 1008 1391 nubis
1051 1336 1174 1393 illos
1208 1339 1469 1409 prazcedit
1499 1340 1817 1396 custodiens
1843 1340 1864 1372 ⁸
1898 1357 1912 1394 :
1946 1339 2119 1410 Spiri-

543 1441 631 1485 tus
664 1440 885 1488 sanctus
926 1432 1167 1487 sull’ulsit
1210 1434 1329 1498 hos,
1361 1433 1551 1489 fovens
1576 1443 1632 1490 et
1665 1434 1909 1505 dirigens
1944 1435 1997 1489 in
2030 1436 2118 1489 in-

544 1522 842 1593 telligentia
868 1524 1127 1580 animam;
1156 1526 1368 1581 Pharao
1394 1534 1450 1579 et
1469 1524 1707 1597 [Egyptii
1736 1526 2116 1582 animadversa

542 1616 730 1686 pepuli
762 1616 1048 1672 Israelitici
1072 1617 1230 1688 fuga,
1259 1633 1427 1687 seque
1463 1619 1688 1673 servitio
1710 1633 1904 1673 eorum
1934 1619 2116 1689 priva-

543 1714 679 1771 tum,
701 1714 756 1760 et
792 1716 913 1777 post
933 1708 1425 1778 primogenitorum
1457 1709 1893 1764 interfectionem
1922 1725 2113 1778 perse-

540 1797 633 1865 qui
665 1797 817 1853 illum
850 1813 1013 1852 ausus
1033 1803 1147 1853 Iest.
1175 1798 1525 1855 Festinanter
1552 1815 1683 1871 ergo
1715 1800 1972 1855 curribus
2005 1798 2118 1854 suis

535 1888 778 1959 junctis,
821 1904 945 1942 cum
996 1890 1146 1944 omni
1198 1890 1401 1960 populo
1442 1890 1510 1945 ad
1559 1905 1656 1946 eos
1707 1890 2117 1947 interﬁciendos

546 1979 927 2048 impellebatur
959 1981 1327 2052 :jamjamque
1374 1980 1623 2037 futurum
1670 1997 1793 2036 cum
1837 1991 2012 2048 esset,
2057 1991 2117 2037 ut

542 2071 967 2141 permisceretur
995 2073 1097 2137 eis,
1129 2073 1442 2129 intercessit
1466 2075 1643 2129 nubes
1672 2074 1726 2128 in
1764 2074 1967 2141 medio,
1997 2091 2117 2145 qua:

548 2163 647 2216 hos
669 2163 890 2231 quidem
925 2164 1171 2219 tenebris
1191 2165 1420 2220 obrutos
1448 2167 1812 2237 impediebat;
1846 2166 1967 2222 illos
1986 2183 2117 2223 vero

542 2254 663 2309 lucc
685 2254 921 2309 ducebat
939 2264 996 2310 et
1021 2257 1401 2313 conservabat.
1438 2259 1507 2313 Et
1536 2276 1607 2314 ne
1638 2260 1923 2315 historiam
1948 2270 2115 2315 totam

541 2346 800 2401 evolvens
842 2347 1140 2417 producam
1184 2349 1403 2419 longius
1437 2366 1768 2416 sermonem,
1798 2367 1952 2406 sume
1984 2352 2117 2406 mihi

542 2452 641 2507 per
671 2437 855 2492 omnla
884 2438 1303 2494 similitudinem
1335 2439 1401 2494 ad
1430 2455 1519 2495 res
1547 2441 1885 2511 spirituales.

612 2625 729 2680 Xll.
751 2625 924 2692 Quam
944 2625 1185 2694 primum
1209 2626 1357 2682 enim
1386 2628 1567 2683 anima
1592 2627 1874 2701 [Egyptios
1904 2630 2116 2702 effugit,

541 2714 810 2771 accedens
837 2716 1022 2771 divina
1050 2718 1295 2786 potentia
1337 2718 1663 2788 opitulatur,
1690 2719 1972 2776 deducens
1997 2737 2118 2776 eam

541 2808 610 2863 ad
653 2809 963 2862 veritatem.
1005 2807 1109 2863 Ubi
1149 2824 1282 2863 vero
1325 2810 1645 2881 cognoverit
1690 2811 1993 2881 spiritualis
2026 2814 2119 2869 ille

541 2899 774 2965 Pharao,
806 2913 905 2953 rex
933 2898 1285 2954 tenebrarum
1317 2901 1550 2971 peccati,
1582 2902 1817 2959 deﬁcere
1846 2919 1876 2957 a
1918 2919 1976 2959 se
2002 2905 2120 2959 ani-

543 3006 709 3057 mam,
754 3000 810 3047 et
854 2990 1096 3062 effugere
1150 2995 1303 3064 regni
1357 2995 1442 3049 sui
1489 2995 1871 3066 cogitationes,
1915 2997 2120 3066 quibus

542 3083 674 3139 olim
728 3084 1077 3140 detinebatur
1116 3084 1222 3156 (hae
1261 3086 1407 3141 enim
1442 3096 1572 3142 sunt
1613 3089 1730 3159 ejus
1772 3088 2114 3160 facultates);
2143 3112 2186 3173 ρ

544 3176 877 3230 existimavit
906 3190 970 3230 ac
1009 3191 1161 3245 spem
1207 3175 1314 3230 sibi
1353 3176 1485 3233 fecit
1511 3178 1792 3234 horribilis
1825 3180 1939 3244 ille,
1966 3180 2115 3235 illam

545 3281 889 3321 reversuram
939 3265 1008 3319 ad
1070 3281 1151 3320 se.
1220 3267 1325 3323 Ubi
1371 3282 1503 3322 vero
1551 3268 1819 3324 intellexit
1878 3271 2116 3325 animam

545 3357 768 3411 omnino
795 3356 998 3412 evitare
1025 3371 1180 3411 suam
1217 3359 1579 3429 tyrannidem,
1609 3361 1755 3416 caede
1782 3362 2118 3433 primogeni-

550 3460 726 3503 torum
754 3458 810 3504 et
837 3448 985 3504 furto
1018 3450 1410 3531 cegitationum
1450 3452 1825 3522 impudentius
1856 3455 2114 3518 accurrit,

547 3541 755 3595 veritus
802 3556 870 3595 ne
914 3540 1095 3596 forsan
1146 3543 1325 3598 anima
1354 3559 1580 3612 prorsus
1609 3543 1927 3615 ell'ugiente,
1957 3560 2117 3599 nemo

549 3630 873 3700 reperiatur,
906 3631 1001 3701 qui
1032 3633 1368 3688 voluntatem
1402 3643 1459 3689 et
1504 3649 1643 3704 opus
1676 3651 1837 3690 suum
1872 3636 2115 3706 impleat.

548 3721 903 3792 Persequitur
940 3738 1072 3794 ergo
1114 3739 1235 3779 eam
1271 3724 1689 3793 alllictionibus,
1723 3727 2119 3783 tentationibus

545 3827 610 3867 ac
637 3812 797 3869 bellis
839 3813 1233 3872 invisibilibus.
1266 3814 1367 3871 Hic
1392 3816 1679 3886 probatur,
1726 3818 1817 3873 hic
1853 3828 2115 3887 tentatur,

546 3904 635 3959 hic
658 3914 883 3975 apparet
911 3921 1085 3970 amor,
1114 3922 1225 3976 quo
1251 3922 1399 3972 eum,
1427 3908 1520 3978 qui
1546 3910 1735 3964 eduxit
1762 3926 1827 3965 ex
1862 3910 2116 3984 zEgypto,

545 3997 946 4066 complectitur,
995 3998 1267 4067 siquidem
1319 4000 1575 4066 traditur,
1616 4010 1677 4056 ut
1740 4003 2027 4074 probetur,
2063 4012 2122 4059 et

547 4089 711 4144 variis
740 4089 917 4144 modis
944 4098 1201 4145 tentetur.

622 4354 760 4410 Xlll.
792 4354 954 4411 Videt
981 4356 1129 4410 enim
1176 4356 1489 4414 facultatem
1520 4360 1696 4417 hostis
1730 4363 2003 4419 volentem
2042 4364 2119 4418 ir-

2241 519 2404 589 ἐσχον
2424 516 2521 570 καὶ
2542 515 2900 570 διεσκέδασαν
2930 514 3025 567 τοὺ
3040 513 3336 583 λογισμοὺς
3365 515 3563 585 αὐτῆς.
3606 516 3810 569 Mam.

2224 607 2315 680 ρία
2345 609 2379 678 ἡ
2416 607 2562 677 ψυχὴ
2602 608 2636 676 ἡ
2659 603 2997 672 λυτρωθεῖσα
3032 606 3096 658 ὲκ
3120 604 3214 658 τοῦ
3245 605 3469 668 σκότους
3488 622 3505 638 ο
3559 607 3661 658 καὶ
3686 606 3812 658 οὐαὶ

2221 700 2368 772 ψυχῇ
2400 702 2465 771 τῇ
2503 700 2578 770 μὴ
2609 699 2809 769 Bubon,
2843 698 2938 751 καὶ
2981 697 3316 770 στεναςούσῃ
3343 699 3483 769 πρὸς
3529 699 3625 751 τὸν
3653 699 3815 752 am.

2225 809 2391 863 μενον
2425 791 2693 863 ῥύσασθαι
2718 790 2887 861 αὐτὴν
2910 791 3020 845 ἀπὸ
3038 790 3151 844 τῶν
3179 791 3430 863 χαλεπῶν
3464 792 3695 845 ἐκείνων
3718 796 3813 843 καὶ

2222 882 2436 953 πικρῶν
2468 881 2873 953 ἐργοδιωκτῶν.

2293 976 2399 1029 IA’.
2424 974 2778 1044 Ἀπαίρουσιν
2797 971 2905 1026 υίοὶ
2921 972 3138 1045 Ἰσραὴλ
3162 972 3223 1026 τὸ
3245 973 3435 1042 Πάσχα
3459 972 3810 1042 ποιήσαντες.

2221 1066 2537 1138 Προκόπτει
2570 1067 2604 1136 ή
2628 1065 2798 1135 ψυχὴ,
2821 1064 3067 1119 λαϐοῦσα
3105 1064 3251 1135 ζωὴν
3278 1064 3599 1133 Πνεύματος
3629 1064 3808 1130 ἁγίου,

2220 1159 2314 1212 καὶ
2341 1156 2767 1227 ἀπογευσαμένη
2798 1155 2890 1209 τοῦ
2916 1156 3129 1224 ἀρνίου,
3162 1156 3257 1208 καὶ
3286 1153 3575 1225 χρισθείσα
3620 1153 3701 1223 τῷ
3730 1153 3813 1205 ιι.ῖέ

2223 1268 2353 1320 ματι
2401 1248 2587 1313 αὑτοῦ,
2623 1249 2715 1301 καὶ
2757 1248 3015 1316 φαγοῦσα
3044 1246 3139 1299 τὸν
3178 1246 3431 1314 ἀληθινὸν
3474 1246 3667 1315 ἄρτον,
3725 1242 3815 1295 τὸν

2225 1340 2406 1405 ζῶντα
2429 1340 2623 1409 Λόγον.
2651 1339 2851 1401 Στύλος
2872 1337 3045 1409 πυρὸς
3072 1339 3167 1391 καὶ
3192 1337 3383 1401 στύλος
3410 1338 3648 1407 νεφέλης
3672 1334 3813 1389 ὲκεί-

2219 1451 2325 1487 νων
2349 1434 2671 1504 προηγεῖται
2700 1430 2986 1500 φυλάττων
3011 1448 3025 1461 ·
3054 1431 3115 1484 τὸ
3140 1430 3368 1501 Πνεῦμα
3400 1431 3461 1483 τὸ
3495 1431 3657 1498 ἆγιον
3678 1431 3811 1481 {meo

2225 1524 2471 1595 στηρίξει
2503 1523 2744 1589 τούτους,
2804 1520 3009 1576 θάλπον
3042 1522 3135 1575 καὶ
3169 1522 3397 1592 ὁδηγοῦν
3444 1523 3505 1574 ὲν
3554 1520 3812 1589 αἰσθήσει

2220 1618 2316 1688 τὴν
2353 1617 2550 1687 ψυχήν.
2589 1615 2759 1679 Γνοὺς
2796 1613 2998 1686 Φαραὼ
3033 1615 3127 1668 καὶ
3167 1615 3219 1668 οἱ
3251 1615 3544 1683 Αἰγύπτιοι
3591 1614 3693 1683 τὴν
3718 1611 3810 1666 τοῦ

2220 1709 2351 1763 λαοῦ
2402 1708 2604 1779 φυγὴν,
2630 1709 2726 1761 καὶ
2749 1707 2848 1778 τὴν
2878 1709 2941 1761 ἐκ
2972 1707 3075 1771 τῆς
3107 1706 3355 1770 δουλείας
3395 1705 3579 1761 αὐτῶν
3617 1706 3811 1775 στέρη-

2223 1822 2328 1869 σιν,
2356 1804 2449 1857 καὶ
2480 1802 2617 1873 μετά
2639 1800 2738 1873 τὴν
2755 1800 2865 1854 τῶν
2884 1799 3247 1870 πρωτοτόκων
3263 1798 3449 1868 ἀναίρε
3459 1814 3563 1858 σιν,
3593 1796 3813 1849 διιὶικειν

2221 1896 2516 1967 ἐθάρσησε.
2550 1893 2761 1966 Σπουδῇ
2796 1893 2903 1964 γὰρ
2927 1891 3125 1957 ζεύξας
3145 1890 3215 1945 τὰ
3236 1891 3460 1962 ἅρματα
3490 1887 3681 1947 αὐτοῦ,
3719 1886 3810 1940 κει

2225 1987 2368 2058 μετὰ
2390 1985 2593 2048 παντὸς
2615 1984 2710 2039 τοῦ
2743 1984 2873 2037 λαοῦ
2911 1984 2997 2036 ἐπ’
3025 1983 3224 2045 αὐτοὺς
3271 1979 3485 2034 ἀνελεῖν
3515 1978 3809 2048 ἠπείγετοο

2220 2081 2320 2151 ἤδη
2365 2079 2654 2150 μέλλοντος
2699 2074 3103 2147 ἀναμίγνυσθαι
3131 2075 3336 2137 αὐτοῖς,
3376 2073 3563 2125 ἵστατο
3608 2069 3808 2139 νεφέλη

2220 2172 2278 2225 ὲν
2311 2170 2481 2242 μέσῳ,
2536 2171 2650 2233 τοῖς
2695 2168 2797 2239 μὲν
2829 2167 3196 2239 ἐμποδίζουσα
3240 2167 3334 2220 καὶ
3363 2165 3811 2228 ὲπισκοτίςουσα,

2220 2262 2348 2326 τοὺς
2375 2261 2433 2314 δὲ
2461 2259 2875 2330 φωταγωγοῦσά
2921 2276 2983 2311 τε
3014 2259 3110 2312 καὶ
3159 2256 3527 2327 φυλάττουσα.
3567 2257 3684 2309 Καὶ
3728 2254 3811 2306 ἵνα

2223 2354 2299 2424 μὴ
2331 2354 2431 2423 τὴν
2458 2352 2697 2422 ἱστορίαν
2720 2351 2941 2405 ἃπασαν
2968 2349 3284 2414 ἀνελίττων,
3328 2348 3557 2419 μηκύνω
3584 2346 3682 2399 τὸν
3726 2345 3815 2397 λό-

2219 2459 2337 2511 γον,
2375 2442 2507 2497 λάϐε
2533 2460 2622 2514 μοι
2650 2443 2707 2496 ὲν
2737 2443 2872 2495 πᾶσι
2896 2441 2997 2512 τὴν
3022 2439 3343 2513 παραϐολὴν
3370 2439 3507 2511 πρὸς
3533 2439 3605 2492 τὰ
3641 2433 3806 2491 πνευ-

2223 2537 2454 2606 ματικά.

2260 2625 2393 2682 ,,IB'.
2430 2626 2602 2680 Ὅταν
2654 2622 2765 2696 γὰρ
2789 2624 3007 2696 πρῶτον
3055 2624 3088 2678 ἡ
3114 2622 3259 2694 ψυχὴ
3308 2623 3435 2687 τοὺς
3475 2619 3811 2691 Αἰγυπτίους

2219 2717 2501 2790 ἀποφύγῃ,
2535 2716 2909 2786 προσελθοῦσα
2952 2718 2986 2788 ἠ
3016 2714 3113 2770 τοῦ
3166 2713 3303 2769 Θεοῦ
3338 2713 3571 2785 δύναμις
3626 2712 3809 2782 βοηθεῖ

2220 2806 2495 2877 ὁδηγοῦσα
2517 2806 2687 2876 αὐτὴν
2715 2806 2809 2860 ἐπὶ
2843 2805 2943 2877 τὴν
2977 2806 3256 2877 ἀλήθειαν.
3288 2804 3455 2867 Γνοὺς
3500 2803 3559 2856 δὲ
3581 2801 3614 2854 ὁ
3644 2818 3807 2855 πνευο

2224 2900 2449 2970 ματικὸς
2470 2898 2690 2969 Φαραὼ,
2719 2900 2747 2951 ὁ
2772 2897 3027 2968 βασιλεὺς
3074 2895 3169 2951 τοῦ
3219 2896 3448 2957 σκότους
3480 2894 3585 2963 τῆς
3636 2894 3808 2962 ἀμαρ-

2219 2993 2359 3058 τίας,
2408 2992 2489 3045 ὃτι
2547 2992 2841 3062 ἀφίσταται
2880 2990 3105 3061 αὑτοῦὴ
3157 2988 3328 3059 ψυχὴ,
3361 2988 3456 3041 καὶ
3500 2983 3804 3053 ἀποφεύγει

2220 3087 2317 3156 τῆς
2352 3083 2627 3155 βασιλείας
2646 3081 2811 3136 αὑτοῦ
2842 3081 2971 3145 τοὺς
3006 3079 3303 3151 λογισμοὺς
3368 3077 3539 3132 πάλαι
3572 3092 3804 3145 κατεχο-

2221 3177 2448 3248 μένους*
2478 3174 2651 3229 ταῦτα
2704 3174 2813 3245 γὰρ
2855 3173 3022 3226 αὑτοῦ
3058 3173 3130 3226 τὰ
3158 3172 3508 3243 ὑπάρχονταο
3559 3167 3801 3222 ὑπέλαϐε

2217 3269 2310 3320 καὶ
2338 3266 2567 3337 ἤλπισεν
2594 3265 2625 3316 ὁ
2670 3262 2861 3327 δεινὸς,
2920 3262 3090 3317 πάλιν
3123 3262 3296 3331 αὐτὴν
3344 3258 3631 3313 ἐπανιέναι
3668 3254 3803 3326 πρὸς

2218 3357 2399 3412 αὐτόν.
2435 3354 2637 3410 Μαθὼν
2664 3354 2741 3419 δὲ,
2774 3354 2856 3407 ὅτι
2892 3355 3208 3408 παντάπασι
3251 3351 3446 3421 φεύγει
3485 3349 3589 3421 τὴν
3630 3364 3800 3402 καταο

2216 3444 2533 3502 δυναστείαν
2568 3445 2735 3499 αὐτοῦ
2765 3446 2799 3516 ἡ
2830 3444 2998 3516 ψυχὴ,
3050 3445 3150 3514 τῆς
3180 3444 3396 3513 σφαγῆς
3437 3442 3548 3496 τῶν
3594 3456 3803 3511 πρωτο-

2216 3540 2394 3594 τόκων
2426 3541 2520 3593 καὶ
2546 3539 2751 3609 κλοπῆς
2780 3540 2887 3591 τῶν
2913 3537 3189 3607 λογισμῶν
3211 3536 3598 3604 ἀναιδέστερον
3636 3549 3802 3601 προσ-

2219 3632 2439 3703 έδραμε,
2494 3630 2754 3701 φοὸηθεὶς
2801 3631 3011 3701 μήποτε
3060 3630 3159 3699 τῆς
3208 3628 3391 3698 ψυχῆς
3451 3624 3798 3695 ὲκφυγούσης

2219 3720 2520 3786 παντελῶς,
2570 3719 2742 3783 οὐδεὶς
2792 3719 3013 3789 εὑρεθῇ,
3068 3719 3099 3771 ὁ
3128 3718 3189 3771 τὸ
3238 3717 3451 3787 θέλημα
3496 3714 3665 3769 αὑτοῦ
3709 3716 3797 3767 καὶ

2218 3813 2279 3866 τὸ
2306 3812 2465 3885 ἔργον
2498 3810 2810 3883 ἐκπληρῶν.
2838 3808 3182 3864 Καταδιώκει
3216 3809 3388 3879 αὐτὴν
3434 3808 3524 3862 διὰ
3570 3807 3799 3876 θλίψεων

2219 3907 2313 3959 καὶ
2372 3904 2709 3975 πειρασμῶν,
2759 3902 2853 3956 καὶ¹
2898 3902 3154 3973 πολέμων
3199 3902 3474 3973 ἀοράτων.
3536 3898 3795 3954 Ἐνταῦθα

2219 3994 2599 4066 δοκιμάζεται,
2637 3992 2870 4047 ἐνταῦθα
2912 3994 3253 4065 πειράζεται,
3282 3993 3519 4047 ἐνταῦθα
3554 3994 3793 4061 φαίνεται

2221 4092 2255 4155 ἠ
2300 4089 2438 4159 πρὸς
2483 4089 2573 4142 τὸν
2617 4086 2880 4153 ἐξάγοντα
2931 4086 3101 4157 αὐτὴν
3151 4084 3213 4151 ἐξ
3262 4086 3548 4155 Αἰγύπτου
3573 4087 3797 4154 ἀγάπη*

2221 4180 2570 4252 παραδίδοται
2598 4179 2708 4249 γάρ
2727 4177 3123 4249 δοκιμασθῆναι
3148 4178 3241 4231 καὶ
3262 4176 3635 4249 πειρασθῆναι
3668 4193 3794 4229 παν-

2221 4288 2492 4336 τοοαπως.

2295 4364 2394 4418 lJ".
2425 4364 2634 4437 Θεωρεῖ
2660 4365 2770 4436 γὰρ
2802 4364 2903 4434 τὴν
2927 4363 3157 4434 δύναμιν
3183 4361 3279 4416 τοῦ
3310 4360 3511 4434 ἐχθροῦ
3541 4360 3789 4432 βουλομέ-

550 4462 711 4503 ruere
736 4456 794 4502 et
817 4447 1151 4515 interﬁcere,
1175 4464 1277 4504 nec
1304 4457 1484 4506 tamen
1512 4466 1696 4521 posse;
1727 4454 1941 4509 medius
1964 4455 2112 4509 enim

2223 4474 2313 4524 νην
2356 4454 2631 4521 ἐπελθεῖν,
2659 4457 2754 4509 καὶ
2782 4455 3094 4510 θανατῶσαι
3145 4454 3238 4508 καὶ
3284 4455 3362 4524 μὴ
3409 4452 3791 4522 ἐξισχύουσαεν

550 4540 693 4592 inter
722 4552 842 4592 eam
871 4548 927 4592 et
960 4535 1244 4608 [Egyptios
1274 4540 1504 4609 spiritus
1534 4542 1787 4598 consistit
1829 4544 2115 4600 Dominus.

548 4628 769 4698 Spectat
808 4638 991 4683 autem
1034 4632 1102 4685 ab
1146 4631 1394 4685 interiori
1424 4640 1577 4701 parte
1606 4648 1756 4690 mare
1789 4635 2117 4690 amaritudi-

548 4719 635 4772 nis
677 4728 733 4772 et
763 4718 1074 4773 alllictionis
1102 4728 1198 4774 aut
1221 4720 1656 4791 desperationis;
1692 4732 1750 4778 et
1792 4739 1896 4779 nec
1926 4725 1981 4778 in
2018 4740 2117 4794 po-

547 4811 778 4865 steriora
804 4810 1101 4881 quidquam
1143 4811 1357 4868 ellicere
1404 4822 1619 4884 potest;
1653 4816 1854 4886 quippe
1884 4833 2005 4887 qua:
2037 4818 2120 4871 vi-

546 4903 674 4958 deat
727 4902 879 4974 151
936 4904 1122 4960 hostes
1184 4915 1495 4976 promptos;
1564 4924 1665 4963 nec
1723 4909 1777 4963 in
1840 4910 2123 4964 anteriora.

547 4996 835 5062 secedere;
881 5005 1061 5052 metus
1102 4998 1251 5053 enim
1298 5000 1510 5065 mortis,
1542 5010 1598 5055 et
1628 5016 1821 5070 graves
1868 5016 1933 5056 ac
1956 5002 2122 5057 varia:

547 5087 887 5155 alllictiones,
920 5089 1124 5159 quibus
1150 5090 1545 5157 circumdatur,
1575 5102 1805 5147 mortem
1831 5094 1903 5148 ob
1931 5094 2122 5149 oculos

546 5179 596 5231 ci
644 5189 875 5248 ponunt.
934 5181 1198 5251 Desperat
1258 5198 1388 5253 ergo
1432 5183 1499 5237 de
1556 5198 1615 5237 se
1678 5184 1835 5252 ipsa,
1896 5197 2120 5240 senten-

549 5271 677 5324 tiam
710 5273 903 5326 mortis
933 5273 989 5326 in
1028 5288 1086 5327 se
1122 5273 1351 5339 habens,
1382 5276 1843 5345 anima,‘propter
1877 5278 2119 5331 circum-

547 5361 783 5416 dantem'
810 5363 954 5418 illam
988 5366 1255 5420 malorum
1294 5368 1726 5424 multitudinem.
1760 5370 1829 5425 Et
1863 5371 1953 5425 ubi
1984 5387 2117 5426 con-

550 5456 784 5522 spexerit
815 5455 956 5510 Deus
977 5466 1126 5511 metu
1155 5458 1344 5514 mortis
1370 5460 1568 5514 collabi
1591 5463 1852 5527 animam,
1879 5463 2122 5518 hostem-

550 5561 655 5612 que
701 5546 768 5599 ad
824 5563 946 5601 eam
998 5549 1395 5605 absorbendam
1450 5555 1954 5623 promptissimum,
2006 5568 2120 5609 tum

621 5730 641 5758 δ
673 5728 844 5782 Exod.
886 5749 986 5795 κη’,
1018 5733 1097 5794 ιε),
1132 5736 1219 5787 21).

2228 4548 2392 4616 μέσος
2419 4546 2528 4618 γὰρ
2559 4548 2730 4618 αὐτῆς
2764 4548 2858 4601 καὶ
2879 4547 2986 4599 τῶν
3002 4546 3313 4615 Αἰγυπτίων
3332 4544 3621 4614 πνεύματα
3648 4544 3788 4611 ἔστη.

2223 4656 2329 4693 κεν.
2347 4639 2570 4710 Κύριος.
2607 4639 2816 4710 Θεωρεῖ
2838 4638 2895 4691 δὲ
2934 4638 3030 4691 καὶ
3055 4636 3364 4708 ἔμπροσθεν
3396 4636 3676 4690 θάλασσαν
3706 4652 3787 4686 πι-

2223 4731 2383 4801 κρίας
2421 4732 2516 4784 καὶ
2553 4730 2802 4800 θλίψεως,
2837 4730 2870 4803 ἢ
2917 4728 3299 4798 ἀπογνώσεως,
3336 4729 3435 4782 καὶ
3462 4726 3587 4781 οῦτε
3621 4730 3699 4788 εἰς
3727 4726 3788 4777 τὰ

2220 4821 2397 4875 ὀπίσω
2430 4820 2628 4875 ἀνύσαι
2666 4821 2863 4892 ἰσχύει,
2903 4822 3090 4893 ὁρῶσα
3117 4821 3367 4889 ἑτοίμους
3394 4822 3521 4883 τοὺς
3551 4819 3784 4889 ἐχθροὺς.

2219 4912 2342 4966 οὔτε
2373 4916 2451 4976 είς
2480 4913 2550 4966 τὰ
2583 4914 2893 4985 ἔμπροσθεν
2918 4916 3201 4984 χωρῆσαι·
3227 4912 3402 4965 δειλία
3425 4912 3537 4982 γὰρ
3567 4912 3781 4964 θανάτου

2220 5008 2315 5058 καὶ
2354 5005 2561 5075 θλίψεις
2589 5006 2758 5059 δειναὶ
2785 5007 2879 5059 καὶ
2923 5006 3167 5059 ποικίλαι
3216 5006 3593 5075 περιέχουσαι,
3640 5005 3785 5057 Otiu-

2217 5114 2308 5150 τον
2331 5099 2462 5168 ὁρᾷν
2479 5096 2742 5151 ποιοῦσιν.
2767 5097 3085 5151 Ἀπευδοκεί
3105 5093 3198 5151 οὖν
3218 5098 3421 5167 ἑαυτὴν
3436 5098 3496 5150 τὸ
3511 5098 3783 5167 ἀπόκριμα

2218 5189 2312 5242 τοῦ
2336 5189 2569 5244 Θανάτου
2606 5191 2661 5242 ὲν
2691 5192 2855 5260 ἑαυτῇ
2880 5190 3080 5260 ἔχουσα
3111 5192 3144 5261 ἡ
3182 5190 3351 5261 ψυχὴ,
3406 5191 3495 5244 διὰ
3532 5191 3623 5243 τὸν
3645 5208 3782 5260 περιρ

2223 5281 2576 5336 κυκλώσαντα
2595 5284 2765 5349 αὐτὴν
2778 5283 2885 5335 τῶν
2927 5284 3178 5352 πονηρῶν
3204 5285 3393 5353 ἑσμόν.
3421 5284 3531 5338 Καὶ
3587 5282 3782 5336 ἐπειδὰν

2227 5374 2314 5447 ἴδῃ
2345 5377 2372 5428 ὁ
2406 5374 2541 5439 Θεὸς
2578 5377 2750 5447 δειλίᾳ
2775 5376 3009 5430 θανάτου
3034 5378 3443 5448 περιπεσοῦσαν
3472 5378 3573 5447 τὴν
3598 5376 3776 5446 ψυχήν·

2227 5467 2321 5519 καὶ
2377 5467 2468 5519 τὸν
2507 5466 2697 5538 ἐχθρὸν
2742 5470 3033 5521 καταπιεῖν
3084 5468 3254 5540 αὐτὴν
3297 5469 3533 5540 ἑτοίμως
3590 5469 3777 5539 ἔχοντα,

2228 5557 2351 5610 τότε
2405 5558 2460 5610 δὲ
2504 5559 2685 5612 δίδωσι
2738 5559 2942 5631 μικρὰν
2982 5559 3253 5630 βοήθειαν,
3307 5560 3673 5631 μακροθυμῶν
3704 5560 3779 5611 ἐπὶ
