4044 6524
191 355 299 415 805
1357 342 1721 403 HOMILl/E.
1751 363 1819 373 --
1846 337 2033 396 110M.
2075 334 2308 393 XLVII.
3345 337 3450 399 80;;

192 468 293 537 τὴν
328 461 530 535 ψυχὴν,
560 460 656 517 καὶ
676 459 986 531 δοκιμάζων
1016 458 1200 522 αὐτὸν,
1227 455 1276 512 εί
1305 458 1372 528 τῇ
1398 458 1579 509 πίστει
1605 454 1765 523 ἕστη-
1796 486 1805 513 λ

1908 447 2074 503 nebet
2103 444 2328 516 quidem
2356 440 2616 513 exiguum
2640 438 2928 502 auxilium,
2961 434 3293 507 longanimis
3318 450 3445 507 erga

192 530 308 623 κεν,
338 530 389 611 ἐι
564 530 928 624 ἀγάπηνντὴν
958 552 1094 622 πρὸς
1128 551 1292 605 αὐτὸν
1324 550 1460 620 ἔχει.
1497 548 1767 618 Τοιαύτην

1908 540 2130 603 nimam,
2178 546 2233 592 et
2281 534 2521 606 probans
2566 549 2710 596 eam,
2761 547 2829 587 an
2874 531 2929 585 in
2981 530 3087 585 fide
3120 537 3247 594 stet,
3279 538 3336 583 et
3380 545 3449 583 an

192 621 303 720 7.19-
341 652 370 704 ό
403 621 535 711 Θεδς
584 621 862 715 ἔθετοήτὴν
887 621 1034 709 ήόδὸν,
1059 644 1158 715 τὴν
1187 644 1505 711 ἀπάγουσαν
1543 641 1623 703 είς
1670 640 1769 708 τὴν

1911 631 2222 687 ilectionem
2264 643 2395 700 erga
2442 642 2570 683 eum
2617 626 2839 681 habeat.
2889 623 3077 679 Talem
3115 623 3264 695 enim
3306 621 3453 675 Deus

193 710 340 810 ζωὴν
366 743 506 811 μετά
520 710 765 803 θλίψεως
798 710 1058 792 εἶναικαὶ
1093 710 1475 805 στενοχωρίας,
1510 732 1605 786 καὶ
1633 731 1771 785 δοκι-

1908 724 2163 780 onstituit
2206 721 2378 786 viam,
2424 720 2791 776 deducentem
2835 717 2901 773 ad
2934 716 3126 781 vitam,
3166 713 3363 782 degere
3397 710 3455 765 in

197 803 397 904 μασίας
450 832 673 901 πολλῆς,
724 832 818 885 καὶ
882 827 1202 900 πειρασμῶν
1253 803 1623 896 πικροτάτων,
1682 824 1772 878 ἵνα

1908 814 2188 880 mictioue,
2223 814 2279 868 in
2310 812 2583 884 angustia,
2618 812 2676 867 in
2717 810 3039 881 probatione
3085 805 3279 870 multa,
3312 811 3370 857 et
3399 803 3456 857 iu

194 900 445 977 ἐντεῦθεν
488 900 805 992 καταντήσῃ
855 920 1043 974 λοιπὸν
1083 920 1117 990 ἠ
1146 915 1295 987 ψυχὴ
1325 917 1414 970 διά
1458 916 1556 985 τὴν
1598 915 1772 986 ὑπερ-

1908 906 2274 962 entationibus
2303 902 2693 967 acerbissimis,
2728 911 2787 955 ut
2818 900 2946 955 inde
2979 906 3168 969 postea
3199 902 3456 951 occurrat

197 1014 499 1069 ϐάλλουσαν
545 1013 724 1082 θλίψιν
756 1012 969 1065 καὶτὸν
1018 1011 1149 1082 παρ’
1197 1009 1491 1078 ὀφθαλμοῖς
1522 1007 1771 1062 θάνατον.

1908 999 2058 1053 nima
2086 1014 2184 1068 per
2228 1000 2507 1068 ingentem
2542 994 2913 1058 aﬂlictionem,
2948 1000 3005 1047 et
3047 998 3280 1046 mortem
3330 996 3458 1043 ante

197 1103 579 1172 Τοτηνικαῦτα
635 1080 781 1172 χειρὶ
803 1101 1041 1173 κραταιᾷ
1072 1080 1167 1152 καὶ
1196 1097 1386 1168 ὑψηλῷ
1418 1098 1663 1168 βραχίονι
1688 1096 1777 1149 διά

1908 1090 2069 1145 culos
2113 1089 2347 1158 positam
2376 1105 2389 1141 z
2416 1098 2546 1142 tunc
2577 1101 2741 1140 manu
2770 1084 2951 1140 vaiida
2985 1092 3039 1139 et
3069 1082 3287 1138 excelso
3330 1080 3459 1135 bra-

196 1197 291 1251 τοῦ
344 1196 501 1264 ἁγίου
540 1196 856 1265 Πνεύματος
894 1195 993 1264 τῆς
1043 1191 1397 1263 ἐπιλάμψεως
1451 1192 1642 1262 ρήσσει
1676 1191 1777 1261 τὴν

1912 1182 2006 1237 hi0
2058 1181 2233 1236 sancti
2286 1180 2526 1250 Spiritus
2576 1177 2977 1233 illuminatione
3031 1176 3296 1244 dirumpit
3347 1174 3462 1229 vim

198 1286 426 1357 δύναμιν
482 1285 576 1339 τοῦ
618 1285 865 1347 σκότους,
924 1284 1021 1338 καὶ
1056 1283 1333 1354 διέρχεται
1381 1283 1415 1352 ἡ
1457 1281 1607 1353 ψυχὴ
1650 1282 1776 1345 τοὺς

1908 1273 2255 1337 enebrarum,
2279 1279 2336 1327 et
2357 1270 2555 1327 transit
2582 1269 2763 1325 anima
2788 1267 3062 1323 horrenda
3085 1268 3205 1321 loca
3225 1266 3460 1331 evitans,

200 1377 467 1448 φοϐεροὺς
495 1378 696 1439 τόπους
734 1374 1075 1444 ἐκφυγοῦσα,
1113 1375 1209 1429 καὶ
1257 1374 1641 1443 διαπεράσασα
1678 1373 1779 1444 τὴν

1908 1377 2046 1439 itque
2078 1365 2361 1440 trajiciens
2401 1379 2553 1420 mare
2597 1363 2946 1419 tenebrarum
2991 1368 3049 1417 et
3094 1360 3236 1432 ignis
3278 1358 3464 1414 omnia

203 1470 482 1525 θάλασσαν
504 1470 601 1523 τοῦ
634 1469 886 1533 σκότους,
909 1470 1002 1523 καὶ
1031 1467 1124 1522 τοῦ
1151 1470 1453 1538 παμφάγου
1485 1469 1677 1541 πυρός.

1908 1460 2219 1515 levorantis.

270 1563 369 1615 IA'.
396 1560 580 1615 Ταῦτα
604 1560 877 1631 μυστήριά
894 1561 1012 1613 ἔστι
1030 1560 1209 1631 ψυχῆς
1236 1558 1450 1630 ἀληθῶς
1483 1558 1783 1628 γιγνόμενα

1954 1552 2095 1611 XIV.
2128 1553 2255 1609 Htec
2298 1561 2427 1609 sunt
2457 1549 2719 1624 mysteria
2759 1546 2980 1611 animae,
3012 1560 3134 1616 quae
3166 1558 3295 1599 vcre
3326 1543 3466 1597 ﬁunt

202 1657 261 1709 ὲν
282 1655 379 1709 ἀνθ
389 1655 554 1725 ρώπῳ
575 1652 932 1717 σπουδάζοντι
961 1653 1138 1706 ἐλθεῖν
1162 1653 1302 1725 πρὸς
1322 1655 1423 1724 τὴν
1449 1652 1783 1721 ἐπαγγελίαν

1908 1663 1942 1701 ιι
1979 1645 2223 1712 homine,
2255 1647 2350 1716 qui
2381 1644 2664 1701 contendit
2704 1642 2993 1715 pervenire
3035 1638 3103 1694 ad
3136 1636 3466 1708 promissam

201 1749 304 1819 τῆς
330 1748 501 1817 ζωῆς,
529 1747 625 1800 καὶ
652 1746 1002 1817 λυτρουμένῳ
1028 1747 1093 1798 ὲκ
1118 1746 1220 1815 τῆς
1252 1745 1531 1816 βασιλείας
1559 1745 1652 1799 τοῦ
1690 1746 1785 1799 θα-

1908 1739 2089 1806 ritam,
2138 1749 2195 1795 et
2243 1738 2339 1810 qui
2370 1739 2652 1793 liberatus
2698 1751 2729 1791 e
2779 1750 2949 1806 regno
2995 1731 3223 1796 mortis,
3269 1728 3469 1798 accipit

202 1841 386 1905 νάτου,
419 1840 514 1892 καὶ¹
554 1837 885 1907 λαμϐάνοντι
933 1838 1233 1910 ἀρραϐῶνα
1282 1839 1433 1909 παρὰ
1479 1836 1637 1903 Θεοῦ,
1689 1836 1784 1889 καὶ

1908 1831 2254 1886 irrhabonem
2280 1846 2312 1885 a
2337 1831 2473 1895 Deo,
2500 1829 2772 1901 particeps
2803 1826 3041 1897 Spiritus
3064 1822 3236 1879 sancti
3267 1821 3466 1875 factus.

206 1930 490 1999 μετέχοντι
521 1928 838 1999 Πνεύματος
894 1930 1075 1997 ἁγίου.
1108 1924 1239 1982 Εἶτα
1270 1929 1527 1999 ρυσθεῖσα
1571 1930 1605 1999 ἡ
1636 1927 1785 1999 ψυχὴ

1908 1923 2160 1993 )einceps
2202 1923 2434 1978 liberata
2466 1922 2535 1977 ab
2580 1920 2832 1976 hostibus
2879 1918 2995 1973 suis
3037 1916 3239 1981 anima,
3268 1913 3470 1969 acerbo

204 2024 270 2076 ὲκ
297 2021 406 2075 τῶν
436 2021 648 2092 ἐχθρῶν
675 2021 865 2090 αὐτῆς,
892 2021 993 2074 κα)⁸
1046 2018 1145 2091 τὴν
1175 2019 1378 2091 πικρὰν
1417 2018 1693 2073 θάλασσαν
1718 2021 1785 2089 τῇ

1908 2016 2027 2071 nari
2062 2016 2267 2072 virtute
2294 2015 2483 2070 divina
2519 2014 2767 2085 traiecto,
2815 2010 2910 2066 ubi
2954 2009 3226 2079 conspicit
3259 2009 3467 2071 hostes,

142 2170 147 2173 ,
202 2113 433 2184 δύναμει
473 2112 569 2166 τοῦ
600 2113 735 2166 Θεοῦ
764 2112 1066 2178 διελθοῦσα,
1122 2115 1216 2165 καὶ
1245 2112 1427 2182 ὁρῶσα
1460 2112 1586 2175 τοὺς
1629 2111 1788 2166 πολε-

1908 2108 2094 2180 ιιιίιιιιε
2137 2115 2297 2162 antea
2345 2104 2716 2169 inserviebat,
2762 2111 2890 2157 ante
2923 2101 3112 2156 oculos
3152 2099 3469 2161 interiisse,

209 2204 370 2276 μίους
395 2206 797 2276 ἀπολλυμένους
823 2206 930 2277 πρὸ
947 2205 1263 2277 ὀφθαλμῶν,
1285 2199 1367 2265 οἷς
1392 2205 1455 2258 τὺ
1482 2205 1612 2277 πρὶν
1639 2203 1790 2259 ἐδού-

1908 2199 2126 2256 :xsultat
2158 2197 2359 2270 gaudio
2396 2196 2686 2261 ineﬂabili,
2726 2203 2783 2251 et
2809 2193 3110 2265 gloriﬁcata
3141 2191 3474 2248 consolatio-

205 2297 385 2363 λευεν,
406 2297 729 2367 ἀγαλλιᾶται
759 2299 908 2370 χαρᾷ.
935 2298 1308 2369 ἀνεκλαλήτῳ,
1334 2297 1431 2351 καὶ
1459 2297 1789 2367 δεδοξασμέ-

206 2401 298 2455 νη,
334 2387 799 2458 παρακαλουμένη
835 2388 942 2441 ὑπὸ
964 2386 1057 2441 τοῦ
1095 2387 1251 2452 Θεοῦ,
1284 2387 1379 2441 καὶ
1401 2388 1789 2458 ἀναπαυομένη

206 2477 266 2528 ὲν
295 2477 507 2548 Κυρίῳ.
543 2478 677 2531 Τότε
708 2478 768 2530 τὸ
791 2479 1008 2547 πνεῦμα
1044 2479 1183 2549 ὅπερ
1217 2478 1400 2544 ἔλαϐε,
1432 2479 1618 2533 καινὸν
1640 2476 1794 2552 ᾆσμα

206 2567 289 2637 τῷ
327 2568 449 2639 Θεῷ
478 2569 613 2640 ᾅδει,
639 2569 725 2623 διά
753 2570 847 2623 τοῦ
872 2570 1176 2641 τυμπάνου,
1205 2572 1377 2641 ἤγουν
1392 2571 1489 2624 τοῦ
1516 2562 1792 2642 σώματος,

209 2660 309 2715 καὶ
342 2662 451 2714 τῶν
474 2661 574 2729 τῆς
625 2661 877 2732 κιθάρας,
911 2664 1034 2733 ἤτοι
1087 2663 1285 2734 ψυχῆς,
1320 2664 1555 2732 λογικῶν
1587 2664 1794 2734 χορδῶν

208 2750 308 2804 καὶ
368 2750 715 2804 λεπτοτάτων
748 2751 1051 2821 λογισμῶν,
1103 2752 1322 2807 καὶτοῦ
1379 2753 1657 2824 πλήκτρου
1695 2757 1796 2825 τῆς

211 2840 369 2904 θείας
395 2841 638 2913 χάριτος,
696 2843 792 2894 καὶ
837 2843 1153 2914 ἀναπέμπει
1192 2845 1379 2907 αῐνους
1420 2844 1499 2914 τῷ
1545 2844 1796 2916 ζωοποιῷ

209 2936 460 3005 Χριστῷ.
497 2936 586 2999 Ὧς
619 2937 728 3007 γάρ
756 2936 846 2989 διά
875 2934 968 2989 τοῦ
1004 2935 1169 2990 αὐλοῦ
1193 2936 1253 2990 τὸ
1276 2939 1496 3008 πνεῦμα
1519 2938 1799 3009 διερχόμε-

209 3041 303 3077 νον
325 3024 501 3089 λαλεῖ,
528 3024 669 3079 οὕτω
713 3026 801 3079 διὰ
828 3027 936 3081 τῶν
970 3026 1142 3095 ἁγίων
1184 3026 1280 3081 καὶ
1333 3028 1797 3098 πνευματοφόρων

1890 2308 2017 2348 nem
2053 2309 2084 2348 a
2129 2292 2242 2347 Deo
2289 2290 2510 2362 accipit,
2543 2296 2600 2345 et
2634 2288 2688 2343 in
2718 2287 2950 2343 Domino
2982 2285 3299 2357 requiescit.
3332 2283 3473 2337 Tum

1894 2385 2151 2457 Spiritus,
2186 2400 2351 2455 quem
2377 2383 2610 2453 accepit,
2637 2383 2750 2437 Deo
2772 2381 3048 2437 canticum
3074 2378 3223 2436 canit
3245 2392 3472 2441 novum,

1892 2487 2176 2551 tympano,
2222 2494 2419 2549 nempe
2450 2477 2719 2548 corporis,
2748 2485 2805 2531 et
2847 2476 3094 2540 citharae,
3127 2475 3243 2530 sive
3281 2474 3479 2529 animae

1893 2572 2118 2628 chordis
2165 2571 2560 2637 rationalibus,
2599 2585 2663 2625 ac
2708 2568 3085 2626 subtilissimis
3130 2566 3477 2639 cogitationi-

1894 2664 2023 2730 bus,
2059 2672 2117 2719 et
2161 2664 2373 2734 plectro
2401 2662 2601 2717 divinae
2627 2662 2844 2733 gratiae;
2880 2660 3155 2730 mittitque
3181 2658 3373 2713 laudes
3409 2657 3479 2711 ad

1893 2754 2177 2811 Christum
2192 2753 2491 2810 viviﬁcum.
2510 2752 2981 2820 Quemadmodum
2998 2751 3145 2807 enim
3168 2766 3267 2820 per
3288 2750 3479 2805 tibiam

1896 2848 2124 2918 spiritus
2153 2848 2447 2911 transiens,
2497 2860 2693 2902 sonum
2738 2845 2891 2911 edit,
2936 2846 3010 2900 ita
3051 2859 3149 2915 per
3178 2852 3398 2899 sanctos
3426 2850 3483 2897 et

1896 2940 2095 3009 spiritu
2129 2940 2390 3010 praeditos
2423 2938 2674 2993 homines
2715 2936 2955 3008 Spiritus
3003 2943 3228 2992 sanctus
3278 2934 3479 3005 psallit,

1899 3039 1957 3086 et
1985 3041 2242 3101 precatur
2273 3033 2443 3087 Deum
2474 3032 2529 3085 in
2560 3030 2800 3100 puritate
2849 3030 3053 3084 cordis.
3090 3028 3272 3084 Gloria
3302 3028 3367 3081 sit
3413 3027 3480 3092 ei,

210 3115 522 3186 ἀνθρώπων
574 3118 635 3171 τὺ
686 3118 914 3189 Πνεῦμα
943 3119 1005 3171 τὸ
1054 3118 1211 3187 ἆγιόν
1260 3121 1407 3173 ἐστιν
1442 3120 1669 3190 ὑμνοῦν,
1700 3120 1796 3175 καὶ

1908 3126 1990 3196 qui
2016 3125 2236 3179 redemit
2264 3126 2498 3179 animum
2522 3139 2549 3177 e
2581 3125 2829 3178 servitute
2853 3122 3175 3185 Pharaonis,
3204 3121 3483 3173 thronum-

209 3208 440 3277 ψάλλον,
468 3210 563 3263 καὶ
582 3211 1021 3282 προσευχόμενον
1066 3213 1144 3283 τῷ
1174 3212 1292 3283 Θεῷ
1323 3214 1379 3265 ὲν
1405 3210 1621 3283 καθαρᾷ
1663 3229 1801 3283 καρ-

211 3299 325 3371 δίᾳ.
365 3302 520 3367 Δόξα
554 3301 634 3368 τῷ
655 3304 981 3372 ῥυσαμένῳ
1013 3303 1128 3371 τὴν
1173 3306 1387 3373 ψυχὴν
1425 3304 1494 3358 ἐκ
1527 3304 1638 3373 τῆς
1666 3304 1802 3359 ὅου-

212 3393 393 3459 λείας
420 3393 648 3463 Φαραὼ,
667 3395 995 3462 καὶθρόνον
1021 3394 1179 3449 [dior
1205 3393 1673 3461 καταστήσαντι,
1702 3395 1803 3450 καὶ

1904 3233 2003 3287 que
2035 3234 2190 3272 suum
2221 3233 2340 3271 eam
2382 3217 2683 3282 constituit,
2731 3214 3089 3279 domicilium,
3137 3211 3391 3282 templum
3435 3218 3486 3264 et

1902 3325 2151 3377 sponsam
2197 3327 2419 3381 puram;
2466 3316 2627 3379 atque
2668 3309 2963 3362 introduxit
3008 3323 3126 3360 eam
3173 3307 3229 3359 in
3264 3320 3486 3375 regnum

1904 3399 2026 3454 vita:
2054 3408 2288 3465 teternaz,
2311 3399 2393 3453 vel
2424 3400 2592 3453 adhuc
2631 3401 2685 3453 in
2719 3400 2813 3453 hoc
2840 3397 3032 3453 sarculo
3061 3399 3413 3452 ersistentem.

216 3483 419 3550 οἷκον,
441 3487 542 3541 καὶ
578 3487 752 3549 ναὸν,
801 3486 900 3541 καί
931 3488 1177 3556 νύμφην
1220 3490 1507 3556 καθαρὰν,
1552 3488 1652 3543 καί
1714 3492 2096 3562 εἰσαγαγόντι
2138 3492 2435 3560 αὐτὴν-εὶς
2486 3492 2816 3557 ,ϐασιλειαν
2876 3488 3026 3559 ζωῆς
3095 3490 3360 3553 αἰωνίου,
3401 3488 3490 3543 ἔτι

214 3576 424 3635 οὖσαν
453 3578 524 3632 ἐν
550 3576 631 3643 τῷ
664 3581 869 3648 κόσμῳ
890 3582 1098 3641 τούτῳ.

292 3672 400 3724 IE'.
442 3671 529 3723 Ἐν
563 3670 642 3740 τῷ
699 3671 847 3741 νόμῳ
902 3670 1018 3734 ζῶα
1056 3670 1230 3739 ἄλογα
1280 3670 1682 3741 προσεφέροντο
1723 3672 1805 3737 είς

215 3764 442 3829 θυσίαν,
474 3766 566 3817 καὶ
613 3764 662 3816 εί
717 3764 791 3835 μὴ
841 3762 1160 3833 ὲσφάζοντο,
1203 3765 1301 3817 οὐγ
1334 3759 1474 3836 ἦσαν
1507 3765 1694 3818 δεκταῖ⁵
1746 3767 1805 3821 αἱ

216 3858 534 3930 προσφοραί
555 3872 569 3887 ·
604 3856 702 3911 καὶ
728 3856 823 3910 νῦν
852 3856 948 3910 ὲάν
982 3856 1057 3928 μὴ
1101 3858 1281 3928 σφαγῇ
1332 3859 1365 3925 ἡ
1411 3856 1676 3927 ἁμαρτία,
1705 3859 1806 3912 οὐκ

215 3950 344 4002 ἔστι
367 3950 530 4021 δεκτὴ
558 3951 592 4020 ὴ
625 3950 914 4019 προσφορὰ
962 3948 1039 4020 τῷ
1062 3950 1182 4021 Θεῷ
1205 3950 1298 4005 καὶ
1317 3950 1571 4020 ἀληθινή.
1603 3946 1807 4004 Ἦλθεν

216 4044 246 4095 ὁ
274 4041 411 4104 λαὸς
436 4044 515 4104 εἰς
546 4041 757 4114 Μεράν,
782 4042 914 4094 ὅπου
947 4035 1015 4112 ἦν
1049 4042 1203 4112 πηγὴ
1257 4042 1456 4112 πικρὸν
1501 4040 1647 4113 ὓδωρ
1675 4042 1809 4112 βρύ-

216 4151 385 4196 ουσα,
422 4134 513 4185 καὶ
539 4134 810 4205 ἄχρηστον
830 4134 966 4203 πρὸς
989 4134 1167 4187 πόσιν.
1213 4133 1442 4188 Κελεύει
1466 4130 1561 4189 οὖν
1606 4138 1635 4188 ὁ
1678 4135 1809 4197 Θεὸς

214 4221 433 4276 Μωσέά
454 4222 838 4293 άποκνήσαντα
857 4222 1010 4288 ξύλον
1038 4223 1193 4296 ῥίψαι
1223 4225 1302 4288 είς
1335 4223 1398 4277 τὸ
1426 4225 1622 4296 πικρὸν
1642 4223 1807 4296 ὕδωρ,

216 4316 324 4368 καὶ
371 4313 736 4385 ἐμϐληθέντος
780 4313 952 4379 οὕτως
1016 4315 1110 4369 τοῦ
1166 4316 1350 4383 ξύλου,
1406 4316 1714 4388 ὲγλυκάνθη
1746 4317 1810 4370 τὸ

217 4403 377 4473 ὕδωρ
398 4418 410 4432 ·
443 4404 536 4456 καὶ
573 4404 911 4474 μεταϐληθὲν
946 4407 1009 4458 ἐκ
1032 4406 1132 4475 τῆς
1157 4407 1513 4477 πικρότητος,
1540 4408 1810 4477 χρήσιμον

1979 3671 2095 3728 XV.
2130 3672 2189 3727 In
2212 3672 2330 3743 lege
2359 3672 2619 3727 animalia
2648 3672 2859 3727 ratione
2888 3670 3148 3728 destituta
3180 3672 3493 3729 oﬂ‘ereban-

1913 3775 2003 3820 tur
2022 3765 2079 3818 in
2097 3764 2450 3829 sacriﬁcium,
2470 3780 2612 3834 quae,
2636 3764 2743 3819 nisi
2771 3773 3163 3827 mactarentur,
3194 3780 3305 3819 non
3330 3774 3493 3822 erant

1911 3866 2077 3929 gratae
2103 3856 2430 3912 oblationes.
2469 3856 2625 3910 Nunc
2655 3872 2874 3925 quoque
2907 3856 3014 3912 nisi
3054 3863 3326 3911 mactetur
3360 3873 3492 3928 pec--

1913 3958 2120 4014 catum,
2164 3965 2278 4003 non
2321 3957 2407 4005 est
2437 3957 2590 4019 grata
2618 3948 2822 4003 oblatio
2848 3947 2992 4018 apud
3026 3949 3218 4013 Deum,
3249 3958 3307 4003 et
3337 3965 3489 4004 vera.

1913 4041 2075 4096 Venit
2106 4040 2341 4112 populus
2370 4040 2425 4094 in
2473 4040 2658 4093 Maran
2691 4040 2735 4106 ⁵,
2772 4038 2863 4093 ubi
2909 4051 3030 4094 erat
3075 4039 3220 4103 fons,
3251 4056 3493 4095 amaram

1909 4146 2108 4203 aquam
2150 4145 2181 4186 e
2214 4131 2547 4201 scaturigine
2576 4132 2821 4195 mittens,
2855 4146 3087 4201 eamque
3133 4133 3384 4188 inutilem
3427 4134 3494 4188 ad

1910 4223 2232 4279 bibendum.
2252 4223 2419 4278 lubet
2442 4238 2576 4293 ergo
2601 4223 2748 4278 Deus
2776 4223 2961 4278 Mosen
2992 4232 3142 4280 metu
3182 4234 3495 4295 correptum

1910 4316 2117 4386 lignum
2147 4314 2417 4386 projicere
2449 4314 2503 4367 in
2540 4328 2739 4383 aquam
2770 4328 3044 4380 amaram;
3076 4314 3180 4370 hoc
3224 4324 3384 4384 pacto
3413 4315 3500 4369 in-

1904 4407 2056 4475 jecto
2082 4405 2229 4477 ligno
2273 4405 2450 4461 dulcis
2480 4404 2677 4462 elIecta
2708 4416 2794 4461 est
2832 4420 2997 4476 aqua,
3026 4414 3083 4461 et
3110 4415 3315 4462 mutata
3346 4422 3499 4461 ama-

214 4496 320 4549 καὶ
380 4494 607 4564 πότιμον
660 4496 878 4562 ἐγένετο
901 4494 979 4566 τῷ
1009 4496 1123 4567 λαῷ
1174 4496 1270 4550 τοῦ
1315 4496 1473 4554 Θεοῦ.
1511 4497 1615 4550 Τὸν
1649 4495 1805 4548 αὑτὸν

1918 4500 2180 4566 ritudine,
2215 4498 2367 4555 utilis
2399 4505 2457 4553 et
2488 4497 2747 4568 potabilis
2777 4497 2993 4553 reddita
3025 4507 3110 4554 est
3141 4500 3346 4568 populo
3379 4498 3495 4553 Dei.

213 4587 433 4657 τρόπον
462 4586 558 4639 καὶ
585 4588 619 4657 ή
648 4586 794 4657 ψυχὴ
844 4587 1179 4658 πεπίκραται
1235 4587 1504 4640 έκπιοῦσα
1532 4587 1631 4639 τὸν
1666 4580 1809 4639 οἶνον

214 4677 317 4731 τοῦ
352 4678 555 4747 ϐφεως,
601 4679 695 4731 καὶ
735 4678 1063 4746 ὁμοιωθεῖσα
1091 4681 1158 4749 τῇ
1198 4679 1372 4750 πικρᾷ
1413 4677 1580 4732 αὑτοῦ
1630 4676 1811 4746 φύσει,

215 4769 323 4822 καὶ
383 4770 705 4841 ἁμαρτωλὸς
756 4770 1045 4842 γενομένη.
1102 4770 1192 4823 Διὸ
1224 4770 1485 4842 ἐμϐάλλει
1532 4769 1561 4823 ὁ
1588 4769 1719 4833 Θεὸς
1754 4768 1814 4822 τὸ

215 4862 390 4928 ξύλον
408 4863 503 4933 τῆς
526 4862 672 4932 ζωῆς
705 4864 781 4927 είς
808 4864 980 4933 αὐτὴν
1014 4864 1111 4934 τὴν
1135 4864 1343 4936 πικρὰν
1364 4862 1547 4933 πηγὴν
1566 4862 1663 4933 τῆς
1678 4879 1813 4933 καρ-

215 4955 375 5017 δία-ς,
415 4954 509 5006 καὶ
541 4954 894 5023 γλυκαίνεται
952 4958 1016 5008 ὲκ
1043 4956 1143 5025 τῆς
1171 4956 1500 5027 πικρότητος
1542 4953 1813 5023 μεταϐαλ-

212 5046 460 5117 λομένη,
477 5049 569 5100 καὶ
592 5047 1012 5119 συγκιρνωμένη
1028 5048 1105 5118 τῷ
1123 5046 1399 5119 Πνεύματι
1423 5046 1516 5099 τοῦ
1537 5045 1776 5116 Χριστοῦ
1794 5061 1807 5076 ·

214 5142 321 5197 καὶ
342 5138 523 5201 οὕτως
572 5138 873 5212 εὔχρηστος
926 5139 1217 5211 γενομένη.
1275 5142 1353 5201 είς
1392 5140 1668 5193 διακονίαν
1718 5137 1813 5191 τοῦ

214 5238 509 5290 Δεσπότου
537 5237 706 5307 αὐτῆς
724 5237 1032 5308 προχωρεῖ·
1059 5237 1270 5304 γίνεται
1298 5235 1407 5307 γάρ
1428 5235 1647 5306 πνεῦμα
1680 5251 1813 5304 σαρ-

216 5329 495 5399 κοξρόρον.
539 5330 675 5395 Δόξα
694 5328 772 5400 τῷ
796 5327 1186 5399 μεταϐάλλοντι
1210 5329 1311 5397 τὴν
1330 5328 1633 5397 πικρότητα
1660 5327 1817 5396 ἡμῶν

216 5423 307 5485 εἰς
336 5419 444 5491 τὴν
493 5421 733 5490 ἡδύτητα
794 5420 889 5474 καὶ¹
950 5420 1295 5492 χρηστότητα
1346 5419 1438 5472 τοῦ
1480 5418 1814 5490 ΙΙνεύματος.

218 5514 374 5567 Οὐαὶ
406 5512 618 5583 ἐκείνῳ,
674 5515 731 5565 ὲν
754 5507 797 5581 ᾧ
827 5514 928 5567 οὑκ
974 5512 1179 5583 ἐϐλήθη
1227 5512 1288 5564 τὺ
1319 5511 1473 5576 ξύλον
1508 5511 1604 5581 τῆς
1640 5510 1816 5577 ζωῆς·

215 5607 283 5661 οὐ
318 5606 551 5660 δύναται
584 5608 883 5680 μεταϐολήν
902 5624 1021 5662 τινα.
1046 5605 1349 5678 κτήσασθαι
1376 5606 1606 5678 ἀγαθήν.

297 5759 322 5790 ³
360 5757 537 5813 Exod.
566 5775 652 5822 xv,
687 5758 775 5813 25.

1917 4592 2121 4648 Eodem
2156 4591 2319 4647 modo
2347 4606 2567 4661 quoque
2605 4590 2809 4654 anima,
2840 4599 3007 4661 epoto
3037 4591 3165 4645 vino
3199 4592 3495 4661 serpentis,

1918 4685 2340 4742 amaritudinem
2363 4685 2656 4749 contraxit,
2688 4684 2940 4755 factaque
2962 4692 3048 4740 est
3071 4684 3269 4740 similis
3298 4700 3500 4739 amara:

1919 4779 2041 4850 ejus
2084 4787 2317 4843 naturai,
2359 4794 2423 4834 ac
2469 4776 2749 4847 peccatrix
2789 4776 2983 4832 evasit.
3014 4774 3359 4844 Quapropter
3397 4775 3501 4828 im-

1923 4869 2093 4924 mittit
2121 4870 2266 4924 Deus
2291 4869 2500 4940 lignum
2541 4868 2666 4924 vitae
2711 4868 2765 4922 in
2798 4867 2976 4938 ipsum
3006 4883 3253 4921 amarum
3292 4866 3500 4921 fontem

1914 4963 2116 5028 cordis,
2142 4963 2235 5033 qui
2268 4961 2554 5023 dulcescit,
2584 4962 2654 5016 ab
2683 4959 3050 5016 amaritudine
3082 4964 3497 5022 transmutatus,

1916 5064 1973 5110 et
1999 5054 2267 5110 admistus
2293 5055 2524 5124 Spiritui
2554 5053 2759 5111 Christi
2791 5070 2804 5107 :
2831 5061 2995 5123 atque
3027 5051 3133 5105 hoc
3166 5059 3324 5120 pacto
3351 5050 3500 5104 utilis

1918 5146 2152 5201 effectus
2204 5145 2259 5199 in
2310 5144 2635 5215 obsequium
2680 5143 2896 5200 Domini
2930 5142 3015 5197 sui
3065 5141 3213 5197 cedit
3258 5158 3272 5193 :
3315 5140 3500 5195 evadit

1919 5240 2066 5293 enim
2092 5237 2330 5309 Spiritus
2356 5253 2575 5293 carnem
2604 5245 2842 5307 gestans.
2876 5235 3060 5291 Gloria
3087 5234 3158 5289 sit
3182 5233 3233 5288 ei
3259 5233 3353 5303 qui
3379 5248 3500 5286 uiu-

1925 5338 2004 5384 tat
2029 5329 2448 5384 amaritudinem
2485 5337 2727 5384 nostram
2762 5328 2819 5382 in
2848 5326 3171 5383 suavitatem
3201 5334 3257 5381 et
3278 5325 3502 5380 bonitao-

1928 5430 2033 5477 tem
2065 5421 2320 5492 Spiritus.
2355 5422 2447 5477 Vae
2476 5421 2574 5485 illi,
2608 5422 2661 5475 in
2693 5436 2855 5491 quem
2902 5435 3012 5475 non
3054 5420 3282 5475 missum
3312 5427 3397 5474 est
3434 5419 3503 5473 li-

1918 5530 2083 5585 gnum
2113 5514 2271 5568 vitaz!
2319 5530 2430 5568 non
2466 5521 2645 5583 potest
2675 5513 2822 5569 cnim
2852 5512 3090 5584 aliquam
3137 5511 3334 5568 bonam
3377 5526 3501 5565 mu-

1923 5606 2183 5659 tationem
2213 5606 2497 5675 consequi.
