4044 6526
476 342 477 345 “
590 332 695 395 807

1726 374 1729 377 -
1837 336 1897 395 s.
1941 334 2259 420 ΜιψΑΗῐῐ
2302 338 2621 400 nomn

3766 348 3866 412 eos

661 444 798 502 XVI.
837 444 997 515 Virga
1041 443 1205 501 Mosis
1247 442 1522 515 duplicem
1573 441 1801 514 gerebat
1847 443 2153 514 imaginem.

2338 449 2456 514 ις’.
2506 449 2568 501 'II
2605 447 2800 519 ῥάϐδος
2828 449 3110 517 Μωΰσέως
3133 451 3226 508 δύο
3254 452 3452 527 ἔφερεν
3476 456 3715 523 εἰκόνας.
3747 461 3868 522 τοῖς

588 537 852 593 Hostibus
888 537 1037 592 velut
1063 552 1291 608 serpens
1330 537 1676 602 occurrebat,
1711 536 1971 592 mordens
2001 546 2058 592 et
2086 538 2171 592 in-

591 626 887 691 terﬁciens,
926 627 1082 698 152
1116 628 1380 684 Israelitis
1414 643 1547 681 vero
1595 636 1715 682 erat
1762 628 2012 693 baculus,
2059 644 2170 699 quo

587 718 975 774 fnlciebantur.
1003 720 1092 775 Sic
1108 735 1327 790 quoque
1349 735 1539 774 verum
1563 720 1771 790 lignum
1794 721 1997 784 crucis,
2020 722 2169 791 quod

587 819 673 864 est
701 809 977 873 Christus,
1025 811 1265 864 hostium
1295 810 1518 879 quidem
1548 818 1634 865 est
1674 825 1844 874 mors,
1871 809 2169 880 spirituum

585 916 785 971 nempe
809 902 1060 967 malitiae;
1085 901 1390 955 animarum
1415 916 1546 955 vero
1575 909 1890 956 nostrarum
1915 902 2165 967 baculus,

586 991 745 1047 sedes
775 1000 913 1057 tuta,
958 999 1015 1047 et
1061 993 1193 1054 vita,
1246 993 1301 1046 in
1331 1007 1439 1062 qua
1486 991 1905 1062 conquiescunt.
1954 991 2168 1064 Figurze

583 1082 732 1137 enim
764 1090 820 1136 et
852 1082 1062 1137 umbrae
1092 1083 1248 1153 prius
1277 1083 1519 1149 fuerunt,
1549 1097 1710 1152 quam
1746 1098 1890 1138 verae
1916 1082 2002 1138 hae
2042 1098 2163 1149 res,

583 1176 858 1246 siquidem
892 1176 1152 1247 antiquus
1184 1178 1367 1232 cultus
1403 1177 1690 1247 praesentis
1738 1178 1924 1232 cultus
1970 1178 2165 1233 umbra

582 1277 641 1323 et
661 1269 845 1340 imago
870 1276 975 1324 est.
999 1270 1132 1324 Item
1156 1269 1523 1334 circumcisio,
1548 1269 1985 1335 tabernaculum,
2014 1286 2163 1336 arca,

583 1376 744 1423 urna,
770 1376 993 1425 manna,
1018 1362 1405 1428 sacerdotium,
1432 1362 1717 1416 incensum
1747 1370 1803 1416 et
1830 1362 2161 1428 ablutiones,

582 1462 659 1519 et,
710 1422 774 1507 ut
824 1422 1138 1508 summatim
1191 1452 1393 1517 dicam,
1452 1468 1795 1523 quaecunque
1846 1453 2052 1509 ﬁebant
2106 1422 2163 1507 in

582 1545 883 1600 Israelitico
915 1546 1143 1615 populo,
1188 1545 1244 1599 in
1274 1546 1392 1616 lege
1422 1545 1611 1610 Mosis,
1642 1554 1738 1600 aut
1768 1546 2163 1616 prophetarum

583 1638 945 1707 temporibus,
975 1646 1200 1707 propter
1221 1638 1459 1692 animam
1484 1638 1654 1707 ipsam
1688 1637 1832 1694 facta
1859 1646 2008 1704 sunt,
2040 1654 2164 1708 quae

582 1730 887 1785 secundum
920 1729 1213 1800 imaginem
1246 1728 1343 1783 Dei
1368 1729 1608 1795 condita,
1641 1736 1805 1798 atque
1839 1729 1943 1783 sub
1967 1731 2159 1801 jngnm

2277 542 2377 612 μὲν
2396 541 2507 612 γὰρ
2532 542 2746 613 ἐχθροῖς
2760 542 2835 607 ὡς
2850 544 2940 612 δφι
2951 562 2975 607 ς
2990 546 3231 618 ἀπήντα.
3249 549 3460 604 δάκνων
3478 553 3576 605 καὶ
3589 554 3833 625 ἀναιρῶν
3847 575 3861 587 ο

2271 634 2384 695 τοῖς
2420 633 2783 703 Ἰσραηλίταις
2802 634 2857 688 δὲ
2889 634 3183 706 βακτηρία,
3208 641 3292 707 ἐφ’
3311 642 3379 711 ἢν
3405 643 3855 713 ὲπεστηρίζοντο.

2273 722 2430 775 Οὖτω
2462 724 2557 777 καὶ
2593 724 2655 777 τὸ
2714 724 2971 796 ἀληθινὸν
3000 726 3158 791 ξύλον
3215 730 3312 782 τοῦ
3362 733 3630 803 σταυροῦ,
3661 735 3692 787 δ
3743 737 3855 790 ἐστι

2271 815 2527 886 Χριστὸς,
2575 817 2687 870 τῶν
2719 817 2818 887 μὲν
2847 818 3061 890 ἐχθρῶν
3106 822 3223 874 ἐστι
3278 822 3533 887 θάνατος,
3564 826 3682 880 τῶν
3704 846 3861 881 πνευ-

2273 908 2460 978 μάτων
2484 908 2582 978 τῆς
2614 909 2883 979 πονηρίας
2904 929 2918 941 ·
2948 910 3059 965 τῶν
3087 911 3146 965 δὲ
3184 913 3375 983 ψυχῶν
3405 917 3566 986 ἡμῶν
3594 917 3863 989 βακτηρία

2269 1000 2365 1055 καὶ
2385 999 2638 1071 ἓδρασμα
2668 1001 2910 1070 ἀσφαλὲς
2957 1004 3053 1058 καὶ
3083 1005 3217 1076 ζωὴ,
3239 1007 3325 1075 ἐφ’
3364 1009 3433 1078 ἢν
3479 1009 3864 1063 sanandos-

2267 1109 2376 1149 ται.
2401 1091 2577 1146 Τύποι
2597 1092 2707 1163 γὰρ
2736 1095 2831 1148 καὶ
2862 1097 3015 1150 σκιαὶ
3040 1096 3104 1150 τὸ
3120 1100 3248 1168 πρὶν
3272 1099 3553 1167 ἐγίγνοντο
3570 1101 3689 1154 τῶν
3718 1103 3852 1170 dir;

2268 1180 2431 1235 θινῶν
2458 1181 2663 1236 τούτων
2697 1184 3070 1254 πραγμάτων·
3113 1186 3241 1239 σκιά
3263 1187 3371 1257 γάρ
3397 1188 3537 1252 ἐστι,
3560 1188 3660 1241 καὶ
3688 1187 3851 1241 εἰκὼν

2264 1271 2299 1341 ἠ
2331 1271 2541 1324 παλαιὰ
2566 1271 2790 1343 λατρεία
2821 1275 2918 1344 τῆς
2940 1274 3035 1329 νῦν
3060 1275 3335 1346 λατρείας.
3363 1278 3473 1329 Καὶ
3495 1279 3529 1346 ἠ
3554 1277 3851 1347 περιτομὴ.

2267 1356 2361 1410 καὶ
2394 1360 2428 1430 ἠ
2459 1359 2655 1431 σκηνὴ,
2685 1361 2781 1415 καὶ
2813 1363 2846 1432 ή
2877 1362 3133 1427 κιϐωτὸς,
3170 1367 3266 1419 καὶ
3288 1367 3321 1434 ἡ
3357 1366 3623 1436 στάμνος,
3676 1367 3774 1419 καὶ
3804 1368 3861 1418 τὴ

2270 1450 2469 1521 μάννα,
2518 1453 2615 1505 καὶ
2664 1453 2927 1523 ἱερατεία,
2966 1456 3062 1509 καὶ
3097 1457 3158 1509 τὸ
3193 1456 3468 1528 θυμίαμα,
3510 1459 3609 1511 καὶ
3671 1458 3743 1510 τὰ
3773 1457 3864 1528 βα-

2265 1543 2566 1615 πτίσματα,
2599 1546 2695 1599 καὶ
2721 1547 3060 1613 ἁπαξαπλῶς
3093 1550 3273 1602 πάντα
3295 1551 3396 1603 ὅσα
3427 1550 3661 1619 γέγονεν
3692 1551 3754 1603 ἐν
3781 1551 3853 1620 τῷ

2278 1635 2517 1707 Ἰσραὴλ,
2546 1636 2640 1690 καὶ
2664 1637 2723 1689 ὲν
2748 1637 2828 1707 τῷ
2858 1638 3008 1708 νόμῳ
3034 1639 3279 1703 Μωσέως
3299 1678 3315 1702 ,
3341 1639 3374 1710 ἢ
3420 1642 3479 1693 ὲν
3502 1642 3620 1702 τοῖς
3645 1643 3862 1711 προφή-

2264 1743 2405 1790 ταις,
2430 1725 2517 1781 διά
2548 1725 2646 1798 τὴν
2674 1726 2851 1799 ψυχὴν
2879 1729 3086 1799 ταύτην
3110 1730 3326 1798 γέγονε,
3354 1730 3456 1801 τὴν
3511 1730 3640 1784 κατ’
3678 1730 3862 1784 εἰκάδα

581 1822 885 1888 servitutis,
920 1831 977 1877 et
1013 1820 1116 1876 sub
1148 1834 1377 1891 regnum
1407 1819 1764 1875 molestarum
1809 1820 2153 1876 tenebrarum

2265 1815 2399 1869 Θεοῦ
2418 1817 2818 1888 γεγενημένην,
2846 1820 2941 1872 καὶ
2966 1819 3241 1874 πεσοῦσαν
3268 1821 3377 1873 ὑπὸ
3400 1822 3569 1890 ζυγὸν
3588 1822 3859 1889 δουλείας,

580 1910 732 1981 lapsa
763 1920 870 1967 est.

652 2003 814 2059 XVII.
845 2003 980 2059 Cum
1011 2003 1115 2059 hac
1145 2005 1293 2060 enim
1325 2006 1502 2062 voluit
1544 2008 1705 2065 Deus‘
1729 2010 2159 2074 communicare,

579 2095 723 2150 banc
746 2096 952 2166 aptavit
973 2096 1079 2151 sibi
1110 2096 1164 2150 in
1196 2113 1453 2168 sponsam
1479 2103 1647 2173 regis,
1679 2103 1821 2158 hanc
1848 2114 2112 2173 expurgat
2131 2118 2163 2157 a

580 2187 871 2252 sordibus,
906 2196 962 2242 et
1005 2188 1193 2243 abluta
1242 2178 1528 2261 nigredine
1572 2203 1629 2249 et
1679 2195 2022 2265 turpitudine
2063 2210 2162 2250 sua

583 2279 929 2349 splendidam
981 2279 1198 2346 reddit,
1247 2296 1279 2335 e
1334 2283 1757 2340 mortiﬁcatione
1802 2285 2074 2351 viviﬁcat,
2129 2301 2160 2341 e

578 2371 911 2426 contritione
940 2381 1120 2435 curat,
1150 2382 1205 2427 et
1252 2383 1430 2443 pacat,
1462 2376 1770 2432 inimicitiis
1810 2378 1931 2448 ejus
1969 2378 2158 2433 conci-

576 2462 745 2517 liatis.
774 2461 1039 2518 Creatura
1059 2463 1207 2517 enim
1234 2479 1359 2519 cum
1382 2465 1474 2531 sit,
1501 2465 1557 2520 in
1590 2482 1842 2537 sponsam
1877 2466 1989 2522 ﬁlio
2014 2467 2159 2538 regis

575 2562 761 2624 aptata
793 2561 904 2618 est,
936 2555 1192 2625 Deusque
1234 2557 1459 2627 propria
1495 2558 1701 2614 virtute
1748 2559 1979 2629 suscipit
2010 2575 2155 2625 eam,

573 2645 839 2716 paulatim
873 2646 1124 2701 eamdem
1173 2647 1506 2714 immutans,
1551 2649 1729 2705 donec
1775 2651 1991 2706 auxerit
2035 2667 2155 2707 eam

574 2752 677 2792 suo
703 2738 877 2808 ipsius
908 2739 1270 2795 incremento.
1315 2740 1578 2796 Extendit
1622 2742 1770 2797 enim
1813 2750 1870 2798 et
1902 2742 2157 2813 producit

572 2842 696 2883 eam
724 2829 791 2884 ad
820 2828 1098 2885 inﬁnitum
1127 2840 1183 2886 et
1211 2831 1542 2887 immensum
1575 2843 1952 2905 augmentum,
1980 2835 2155 2890 donec

572 2920 1004 2977 incontaminata
1033 2932 1089 2977 et
1121 2922 1286 2994 digna
1318 2939 1389 2979 eo
1426 2940 1627 2996 sponsa
1661 2927 1876 2982 evadat.
1908 2927 2154 2982 Primum

572 3009 723 3066 enim
765 3011 937 3082 gignit
986 3027 1107 3067 eam
1151 3013 1295 3082 apud
1342 3014 1732 3084 semetipsum,
1780 3025 1948 3087 atque
1993 3023 2155 3087 auget

572 3115 673 3169 per
707 3115 765 3155 se
791 3100 991 3171 ipsum,
1023 3100 1199 3157 donec
1230 3112 1599 3174 consequatur
1625 3105 1893 3176 integram
1931 3121 2155 3161 mensu-

574 3207 690 3247 ram
727 3192 1038 3248 dilectionis
1081 3194 1221 3264 ejus.
1268 3194 1388 3265 Ipse
1434 3196 1584 3250 enim
1623 3212 1748 3251 cum
1801 3198 1873 3251 sit
1919 3213 2152 3266 sponsus

573 3282 883 3351 perfectus,
936 3283 1168 3338 assumit
1217 3299 1340 3339 eam
1400 3300 1655 3355 sponsam
1711 3286 2046 3355 perfectam,
2096 3286 2151 3341 in

574 3382 839 3438 sanctam,
886 3390 1143 3428 arcanam
1194 3383 1251 3430 et
1300 3376 1638 3445 impollutam
1689 3377 2009 3433 societatem
2050 3395 2153 3433 nu-

573 3464 842 3535 ptiarum,
875 3475 1101 3535 tumque
1146 3474 1339 3536 regnat
1366 3467 1529 3522 simul
1561 3483 1686 3522 cum
1726 3483 1795 3524 eo
1836 3469 1893 3525 in
1938 3468 2150 3524 inﬁnita

574 3557 793 3611 saecula.
836 3559 1032 3611 Anien.

1078 3670 1361 3727 HOMILIA
1403 3672 1632 3730 XLVIII.

962 3762 1035 3817 De
1073 3764 1300 3835 perfecta
1336 3764 1442 3834 fide
1482 3766 1537 3820 in
1573 3766 1761 3822 Deum.

640 3880 681 3933 I.
714 3878 981 3934 Dominus
1014 3879 1071 3933 in
1116 3879 1413 3952 Evangelia
1440 3896 1570 3937 suos
1603 3881 1905 3953 discipulos
1927 3883 1993 3940 ad
2024 3900 2151 3955 pcr-

566 3971 767 4025 fectam
812 3970 976 4025 ﬁdem
1019 3970 1294 4027 deducere
1337 3974 1549 4039 volens,
1582 3975 1721 4029 dixit
1753 3993 1766 4029 :
1802 3975 1904 4042 Qui
1936 3980 1989 4032 in
2034 3995 2148 4033 mo-

566 4063 682 4115 dico
714 4061 944 4130 inﬁdelis
969 4071 1066 4127 est,
1109 4072 1156 4116 et
1196 4065 1254 4117 in
1281 4064 1447 4118 multo
1474 4065 1704 4133 inﬁdelis
1745 4076 1841 4123 est.
1868 4068 1939 4123 Ει
1967 4071 2057 4140 qui
2093 4072 2149 4124 in

566 4154 784 4207 minimo
822 4153 993 4222 ﬁdelis
1021 4163 1118 4220 est,
1145 4164 1193 4209 el
1227 4157 1279 4210 in
1312 4156 1481 4210 multo
1505 4156 1679 4225 ﬁdelis
1718 4166 1795 4212 est
1824 4159 1864 4213 ⁸⁸.
1897 4159 2039 4226 Quid
2065 4172 2150 4218 est

565 4244 866 4309 modicum,
891 4254 947 4300 et
968 4246 1101 4316 quid
1128 4256 1211 4302 est
1237 4249 1510 4304 multum?
1539 4249 1833 4315 Modicum,
1862 4261 1991 4306 sunt
2022 4270 2151 4323 pro-

564 4336 857 4390 missiones
887 4336 1072 4391 saeculi
1107 4338 1289 4409 hujus,
1326 4356 1449 4409 quae
1482 4344 1737 4411 promisit
1781 4358 1839 4398 se
1873 4346 2149 4415 praestitu-

564 4442 689 4481 rum
713 4428 1068 4485 credentibus
1095 4430 1170 4498 ei,
1195 4432 1349 4487 velut
1374 4434 1603 4499 victum,
1634 4436 1895 4491 vestitum
1926 4448 1980 4493 et
2014 4440 2142 4494 reli-

2268 1908 2363 1963 καὶ
2394 1909 2500 1962 ὑπὸ
2535 1908 2812 1979 βασιλείαν
2834 1912 3061 1976 σκότους
3088 1913 3338 1982 πικρίας.

2338 2002 2436 2054 [Ζ’.
2461 2001 2647 2073 Ταύτῃ
2676 2001 2786 2073 γὰρ
2816 2002 3084 2073 ἠθέλησεν
3104 2005 3133 2058 6
3163 2004 3296 2068 Θεὸς
3348 2007 3708 2077 κοινωνῆσαι,
3760 2010 3855 2061 καὶ

2264 2092 2771 2164 ταύτηνήρμόσατο
2819 2094 3003 2166 ἐαυτῷ
3037 2098 3119 2161 είς
3157 2096 3381 2168 νύμφην
3417 2097 3717 2168 βασιλέως,
3769 2102 3859 2154 καὶ

2262 2184 2470 2256 ταύτην
2495 2185 2783 2257 καθαρίζει
2813 2186 2921 2240 ἀπὸ
2944 2187 3040 2241 τοῦ
3071 2189 3245 2259 ῥύπου
3276 2190 3372 2242 καὶ
3397 2190 3689 2245 ὲκπλύνων
3713 2192 3857 2262 λαμ-

2264 2275 2461 2347 πρύνει
2488 2276 2595 2330 ἀπὸ
2644 2276 2744 2346 τῆς
2776 2276 3037 2346 μελανίας
3070 2277 3166 2331 καὶ
3210 2279 3311 2349 τῆς
3352 2280 3719 2353 αἰσχρότητος
3764 2284 3859 2336 αύ-

2266 2367 2387 2437 τῆς,
2428 2369 2522 2423 καὶ
2549 2367 2809 2432 ζωοποιεῖ
2840 2371 2906 2422 ὲκ
2928 2369 3030 2440 τῆς
3083 2369 3428 2440 νεκρώσεως,
3456 2373 3551 2425 καὶ
3590 2374 3746 2427 ἰᾶται
3795 2376 3858 2429 ἐκ

2259 2456 2360 2523 τῆς
2378 2457 2735 2528 συντρίψεως,
2754 2458 2848 2511 καὶ
2877 2459 3147 2529 είρηνεύει
3164 2460 3336 2531 αὐτῆς
3361 2462 3462 2532 τὴν
3485 2462 3694 2534 ἔχθραν
3720 2484 3854 2519 κατ-

2260 2545 2565 2601 αλλάσσων.
2620 2548 2841 2617 Κτίσμα
2885 2549 2995 2619 γάρ
3020 2546 3156 2605 οὖσα
3185 2552 3273 2616 εἰς’
3290 2552 3513 2625 νύμφην
3538 2556 3620 2626 τῷ
3638 2556 3743 2627 υἱῷ
3766 2558 3857 2610 τού

2262 2638 2527 2710 βασιλέως
2554 2641 2830 2711 ἡρμόσθη,
2849 2642 2945 2695 καὶ
2970 2644 3036 2714 τῇ
3068 2643 3174 2714 ἰδίᾳ
3199 2644 3368 2699 αὐτοῦ
3399 2647 3640 2718 δυνάμει
3667 2652 3697 2703 ὁ
3723 2653 3856 2715 θεὸς

2262 2728 2626 2799 παραδέχεται
2655 2730 2826 2801 αὐτὴν
2859 2732 3003 2784 κατά
3026 2733 3221 2803 μικρὸν
3254 2739 3854 2810 συμμεταϐαλλόμενος

2258 2819 2450 2890 αὐτὴν,
2474 2819 2580 2883 ἕως
2604 2820 2815 2893 αὐξήσῃ
2837 2822 3009 2893 αὐτὴν
3026 2826 3093 2894 τῇ
3127 2824 3231 2895 ἰδίᾳ
3258 2826 3508 2897 αὐξήσει.
3532 2829 3717 2883 Τείνει
3747 2834 3855 2900 γὰρ

2258 2912 2429 2985 αὐτὴν
2470 2913 2566 2968 καὶ
2618 2913 2849 2984 μηκύνει
2909 2917 2991 2978 είς
3038 2916 3347 2989 ἀπέραντον
3397 2922 3495 2973 καὶ
3540 2922 3857 2994 ἀμέτρητον

2256 3002 2506 3075 αΰξησιν,
2527 3004 2632 3067 ἕως
2661 3003 2726 3056 ἂν
2754 3004 2984 3075 ἄμωμος
3000 3008 3095 3059 καὶ
3120 3008 3249 3071 ἀξία
3277 3008 3444 3062 αὑτοῦ
3470 3009 3667 3080 νύμφη
3694 3014 3855 3083 γὲνηο

2256 3111 2365 3148 ται.
2402 3094 2626 3166 Πρῶτον
2655 3095 2763 3166 γάρ
2789 3098 2955 3167 γεννᾷ
2985 3096 3155 3168 αὐτὴν
3178 3098 3237 3150 ὲν
3267 3099 3469 3169 ἑαυτῷ,
3503 3102 3601 3153 καὶ
3636 3102 3857 3169 αὐξάνει

2255 3186 2323 3239 δι’
2368 3187 2584 3252 ἑαυτοῦ,
2613 3187 2719 3251 ἕως
2749 3188 2999 3259 ἀπολάϐῃ
3028 3188 3090 3242 τὸ
3114 3188 3323 3243 τέλειον
3354 3192 3557 3262 μέτρον
3584 3192 3694 3262 τῆς
3716 3195 3856 3262 ἁγάο

2257 3292 2367 3348 πης
2390 3277 2577 3332 αὐτοῦ.
2621 3278 2792 3342 Αὐτὸς
2817 3280 2926 3350 γὰρ
2968 3278 3045 3332 ὢν
3080 3280 3286 3342 τέλειος
3308 3282 3562 3352 νυμφίος,
3587 3282 3855 3353 λαμϐάνει

2255 3370 2426 3441 αὐτὴν
2451 3370 2663 3423 τελείαν
2695 3371 2913 3442 νύμφην
2966 3373 3047 3435 είς
3077 3372 3177 3443 τὴν
3210 3371 3377 3439 ἁγίαν
3411 3375 3509 3427 καὶ
3555 3375 3849 3445 μυστικὴν,

2255 3460 2349 3514 καὶ
2374 3462 2643 3533 ἄχραντον
2706 3464 2994 3517 κοινωνίαν
3019 3462 3113 3517 τοῦ
3148 3465 3352 3534 γάμου,
3410 3464 3509 3518 καὶ
3536 3466 3667 3519 τότε
3709 3485 3847 3536 συμ-

2254 3553 2527 3608 ϐασιλεύει
2572 3555 2721 3627 αύτῷ
2750 3559 2830 3620 είς
2860 3557 2986 3622 τοὺς
3012 3558 3359 3630 ἀπεράντους
3388 3558 3617 3625 αἰῶνας.
3653 3562 3845 3632 Ἀμήν.

2854 3674 3095 3729 ΟΜΙΛΙΑ
3125 3674 3267 3731 MH'.

2464 3765 2604 3835 Περὶ
2633 3765 2744 3835 τῆς
2771 3767 3008 3834 τελείας
3044 3768 3308 3833 πίστεως
3334 3770 3425 3834 εις
3454 3771 3631 3824 Θεὸν.

2324 3880 2403 3932 Α’.
2440 3879 2500 3933 Ὀ
2533 3879 2737 3950 Κύριος
2767 3883 2825 3933 ὲν
2860 3880 2939 3950 τῷ
2997 3881 3320 3951 Εὐαγγελίῳ
3356 3883 3485 3946 τοὺς
3511 3882 3712 3938 ἑαυτοῦ
3743 3902 3845 3955 μαι

2253 3969 2420 4041 θητάς
2438 3974 2518 4034 εἰς
2555 3972 2767 4026 τελείαν
2794 3974 2975 4026 πίστιν
2997 3973 3225 4042 ἀγαγεῖν
3248 3973 3599 4045 βουλόμενος,
3630 3976 3841 4043 ἔλεγεν

2260 4061 2317 4115 '0
2343 4062 2414 4116 ἐν
2439 4063 2620 4132 ὀλίγῳ
2650 4063 2924 4131 ἄπιστος,
2953 4066 3050 4119 καὶ
3078 4065 3150 4120 ἐν
3167 4065 3382 4132 πολλῷ
3410 4067 3674 4134 ἄπιστός
3688 4070 3840 4122 ἐστι·

2250 4154 2349 4209 καὶ
2384 4156 2512 4210 ὀὲν
2561 4156 2744 4225 ὀλίγῳ
2801 4157 3038 4223 πιστὸς,
3093 4157 3291 4211 καὶέν
3344 4157 3563 4223 πολλῷ
3632 4162 3841 4225 πιστός

2249 4245 2402 4300 ἐστι.
2449 4246 2514 4321 Τί
2541 4248 2658 4299 ἐστι
2677 4246 2738 4299 τὸ
2766 4246 2972 4315 ὀλίγον,
2992 4247 3089 4300 καὶ
3116 4248 3170 4300 τί
3200 4249 3315 4301 ἐστι
3344 4248 3408 4300 τὸ
3452 4247 3589 4301 πολύ
3612 4266 3628 4313 ;
3660 4248 3721 4302 τὺ
3741 4250 3839 4301 dli.

2250 4354 2349 4407 γον
2397 4339 2468 4393 τὰ
2500 4340 2900 4410 ἐπαγγέλματα
2931 4341 3046 4392 ἐστι
3079 4339 3173 4392 τοῦ
3234 4341 3435 4403 αίῶνος
3456 4340 3678 4406 τούτου,
3708 4342 3835 4408 άπερ

2252 4430 2523 4501 ὑπέσχετο
2550 4436 2854 4504 παρασχεῖν
2888 4434 3001 4495 τοῖς
3019 4432 3366 4484 πιστεύουσιν
3380 4432 3555 4502 αύτῷ,
3586 4429 3701 4486 οἷον
3726 4451 3833 4503 τρο.

565 4535 731 4590 quam
780 4524 1030 4593 corporis
1087 4528 1517 4595 recreationem,
1562 4539 1658 4585 aut
1706 4533 2035 4600 sanitatem,
2082 4543 2138 4589 et

2261 4523 2369 4593 ράς,
2397 4523 2687 4594 ἐνδύματα,
2724 4524 2817 4579 καὶ¹
2845 4525 2945 4595 τὴν
2973 4522 3165 4593 λοιπὴν
3187 4521 3281 4575 τοῦ
3325 4522 3582 4592 σώματος
3602 4525 3830 4579 ἀνάπαυ-

563 4615 765 4671 similia
785 4654 800 4680 ,
830 4618 1175 4687 praecipiens,
1199 4621 1425 4675 omnino
1463 4639 1573 4678 non
1605 4625 1903 4681 sollicitum
1931 4643 2052 4683 esse
2074 4629 2142 4684 de

563 4707 653 4761 his
682 4709 725 4773 ',
758 4709 853 4763 sed
882 4725 981 4780 per
1012 4710 1268 4766 ﬁduciam
1319 4713 1371 4768 in
1407 4730 1531 4768 eum
1567 4732 1810 4786 sperare,
1850 4721 1997 4788 quod
2032 4722 2143 4776 D0-

556 4799 745 4855 minus
774 4803 1026 4871 provisor
1056 4818 1270 4867 eorum,
1297 4805 1391 4875 qui
1419 4806 1486 4860 ad
1511 4822 1637 4861 eum
1667 4809 2011 4881 confugiunt,
2045 4828 2142 4883 per

562 4894 747 4947 omnia
782 4892 1001 4947 futurus
1045 4893 1135 4948 sit.
1170 4894 1397 4948 Multum
1431 4906 1637 4963 autem,
1676 4909 1803 4953 sunt
1839 4902 2028 4955 aeterni
2059 4913 2142 4957 at-

562 5001 669 5055 que
718 4985 1156 5056 incorruptibilis
1202 4989 1387 5042 saeculi
1434 4988 1601 5053 dona,
1637 5007 1757 5061 quae
1802 4994 2055 5062 promisit
2084 5011 2142 5049 se

562 5079 889 5133 collaturum
924 5080 1283 5135 credentibus
1315 5082 1368 5134 in
1409 5096 1555 5146 eum,
1596 5092 1651 5138 et
1699 5084 1766 5138 iis
1795 5086 1889 5155 qui
1935 5085 2143 5157 absque

562 5170 673 5224 ulla
706 5170 1114 5225 intermissione
1142 5172 1210 5226 de
1250 5172 1317 5226 iis
1361 5182 1492 5228 sunt
1536 5174 1779 5239 solliciti,
1812 5186 1868 5230 et
1911 5188 2145 5245 poscunt

561 5262 630 5317 ab
649 5277 737 5329 eo,
756 5262 885 5333 quia
914 5262 995 5317 sic
1021 5270 1301 5334 praecepit.
1338 5264 1429 5319 Vos
1460 5254 1658 5332 autern,
1686 5266 1898 5336 inquit,
1923 5270 2141 5338 quwrite

561 5356 792 5425 primum
826 5370 1044 5425 regnum
1080 5353 1193 5417 Dei,
1220 5362 1269 5408 et
1299 5355 1560 5420 iustitiam
1587 5358 1721 5428 ejus,
1746 5368 1795 5411 et
1825 5358 1933 5413 [nec
1962 5360 2138 5413 omnia

561 5446 879 5515 adjicientur
909 5444 1048 5498 vobis
1071 5444 1092 5475 ⁸
1128 5462 1141 5497 :
1184 5454 1243 5499 nt
1273 5462 1342 5501 ex
1384 5446 1471 5502 bis
1504 5447 1736 5502 modicis
1775 5456 1830 5503 et
1869 5459 2133 5518 tempora-

562 5536 681 5589 neis
719 5535 953 5604 quisque
992 5536 1281 5605 probetur,
1316 5552 1384 5591 an
1413 5537 1602 5592 credat
1636 5538 1768 5603 Deo,
1813 5539 1960 5608 quod
2007 5554 2136 5609 pro-

562 5626 775 5680 miserit
818 5642 877 5680 se
920 5627 1268 5698 largiturum,
1304 5628 1465 5684 modo
1498 5644 1598 5684 nos
1641 5630 1708 5684 de
1757 5630 1960 5684 talibus
2000 5631 2136 5685 nihil

633 5760 651 5789 ‘
681 5760 809 5813 Luc.
849 5777 952 5825 xw,
1010 5762 1090 5815 10.
1170 5764 1187 5793 ⁷
1218 5764 1408 5818 Matth.
1456 5782 1525 5831 γι,
1563 5766 1648 5821 51.
1728 5768 1747 5797 ⁸
1780 5766 1913 5821 ibid.
1950 5770 2037 5821 55.

2250 4632 2361 4681 σιν,
2408 4615 2441 4686 ἢ
2482 4616 2714 4685 ὑγίειαν,
2762 4617 2858 4669 καὶ
2894 4615 3141 4672 τοιαῦτα.
3178 4615 3498 4685 Προστάξας
3563 4616 3644 4687 μὴ
3691 4633 3827 4687 μερι-

2251 4710 2389 4779 μνᾷν
2416 4708 2552 4771 ὅλως
2583 4709 2710 4780 περὶ
2736 4710 2965 4775 τούτων,
3012 4709 3148 4763 ἀλλά
3174 4714 3240 4782 τῇ
3270 4713 3350 4774 είς
3381 4710 3548 4765 αὑτὸν
3579 4710 3823 4778 πεποιθῄ

2248 4816 2329 4852 σει
2354 4799 2616 4866 ἐλπίζειν,
2653 4803 2733 4854 ὅτι
2763 4802 2968 4874 Κύριος
2991 4806 3295 4874 προνοητὴς
3312 4804 3421 4857 τῶν
3441 4806 3524 4867 είς
3545 4804 3710 4857 αὐτὸν
3734 4820 3820 4855 κα-

2246 4893 2627 4962 ταφευγόντων
2678 4895 2819 4947 κατά
2851 4896 3028 4947 πάντα
3046 4895 3277 4964 γίνεται.
3304 4896 3377 4949 Τὸ
3406 4896 3461 4949 δὲ
3492 4895 3633 4949 πολὺ
3660 4896 3722 4949 τὰ
3740 4892 3817 4947 τες

2248 4985 2472 5039 αἰωνίου
2504 4985 2599 5038 καί⁵
2626 4985 2910 5056 ἀφθάρτου
2932 4987 3130 5049 αἰῶνος
3152 4986 3456 5057 δωρήματά
3491 4988 3661 5049 ἐστιν,
3696 4986 3817 5050 άπερ

2249 5079 2517 5150 ὑπέσχετο
2564 5081 2868 5149 παρασχεῖν
2917 5081 3033 5138 τοῖς
3092 5078 3445 5132 πιστεύουσιν
3498 5077 3687 5149 αὐτῷ,
3740 5077 3816 5128 καὶ

2251 5171 2610 5233 ἀδιαλείπτως
2652 5171 2784 5242 περὶ
2823 5169 3048 5223 ἐκείνων
3091 5169 3428 5242 μεριμνῶσι,
3477 5171 3575 5223 καὶ
3595 5168 3813 5223 αἰτοῦσιν

2250 5266 2434 5331 αὑτὸν,
2460 5268 2541 5320 ὅτι
2567 5264 2741 5329 οὓτως
2774 5265 3082 5319 ἐνετείλατο
3101 5282 3119 5299 ο
3159 5266 3357 5335 Ὑμεῖς
3376 5265 3468 5330 δὲ,
3502 5267 3656 5336 φησι,
3682 5260 3810 5329 πρῶ-

2246 5378 2355 5415 τον
2383 5358 2601 5427 ζητεῖτε
2635 5359 2752 5427 τὴν
2781 5359 3114 5423 ,βασιλείαν
3138 5358 3246 5413 τοῦ
3278 5358 3449 5425 Θεοῦ,
3477 5358 3579 5412 καὶ
3604 5357 3713 5424 τὴν
3734 5355 3804 5407 δι·

2246 5451 2582 5517 καιοσύνην
2601 5450 2810 5514 αὑτοῦ,
2841 5451 2939 5503 καὶ
2972 5449 3159 5504 ταῦτα
3198 5450 3398 5503 πάντα
3419 5449 3800 5519 «poenariae.

2244 5555 2339 5592 ται
2366 5538 2538 5609 ὐμῖνο
2580 5540 2727 5602 ὅπως
2756 5541 2820 5591 ὲκ
2859 5540 2968 5591 τῶν
2998 5540 3193 5603 ὀλίγων
3214 5539 3427 5593 τούτων
3448 5541 3547 5593 καὶ
3578 5536 3799 5607 προσκαί-

2246 5650 2356 5702 ρων
2404 5632 2710 5703 δοκιμασθῇ
2763 5632 3013 5698 ἕκαστος,
3056 5634 3104 5685 εί
3162 5632 3409 5686 πιστεύει
3448 5633 3530 5705 τῷ
3580 5630 3796 5701 Θεῴ,ετ.
