4044 6518
1430 226 1481 267 ΙΙ.

174 366 280 427 809

1346 357 1714 421 HOMILI/E.
1730 378 1800 392 ···
1825 357 2009 422 ΠΟΜ.
2048 362 2310 425 XLVIII.

3338 376 3443 439 810

167 476 539 548 ἐπηγγείλατο
572 477 896 547 παρασχεῖν,
945 474 1105 546 ήμῶν
1162 473 1488 544 ἁμερίμνων
1538 474 1666 544 περὶ
1689 470 1757 526 τὰ

1879 474 2036 532 simus
2058 479 2309 547 solliciti;
2338 479 2430 535 sed
2462 481 2726 538 duntaxat
2756 481 2824 538 de
2862 483 3065 540 futuris
3095 485 3260 542 rebus
3282 494 3443 543 teter-

166 568 393 621 τοιαῦτα
418 567 610 631 δντων,
640 566 735 619 καὶ
780 566 941 635 μόνον
974 566 1106 636 περὶ
1132 564 1243 618 τῶν
1277 563 1586 635 μελλόντων
1616 567 1753 618 αἰω-

168 659 297 711 νίων
327 660 426 727 τὴν
456 658 717 727 φροντίδα
742 658 997 729 ἐχόντων.

243 750 317 804 B'.
345 751 455 804 Kal.
474 750 595 803 τότε
629 751 863 820 φανερόν
892 752 1062 815 ἐστιν,
1098 749 1180 804 ὅτι
1218 748 1463 803 πιστεύει
1490 750 1618 821 περὶ
1644 747 1753 802 τῶν

170 842 485 911 ἀφθάρτων,
519 842 613 895 καὶ
639 841 809 904 ὅντως
834 840 989 911 ζητεῖ
1009 840 1080 894 τὰ
1106 841 1300 895 αἰώνια
1313 840 1517 908 ἀγαθὰ,
1545 841 1594 893 εί
1626 840 1756 910 περὶ

172 934 281 985 τῶν
311 933 617 1003 εἰρημένων
666 934 793 1003 ὑγιῆ
819 932 918 1004 τὴν
962 933 1147 987 πίστιν
1182 931 1479 997 ἀποσώζει.
1518 932 1756 1001 ὐφείλει

170 1026 279 1093 γὰρ
300 1024 528 1086 ἕκαστος
555 1022 665 1076 τῶν
678 1024 1069 1078 ὑπακουόντων
1096 1023 1176 1093 τῷ
1191 1025 1289 1095 τῆς
1310 1023 1567 1093 ἀληθείας
1589 1023 1753 1092 λόγῳ,

172 1115 491 1185 δοκιμάζειν
544 1116 759 1178 ἐαυτὸν,
807 1118 903 1170 καὶ
927 1116 1263 1188 ἀνακρίνειν,
1298 1118 1420 1187 ἦτοι
1455 1116 1561 1170 ὑπὸ
1591 1134 1758 1169 πνευ-

177 1206 420 1277 ματικῶν
484 1206 694 1278 ἀνδρῶν
746 1209 1138 1277 ἀνακρίνεσθαι
1194 1210 1290 1263 καὶ
1335 1208 1756 1279 δοκιμάζεσθαι,

173 1297 293 1360 πῶς
328 1298 637 1361 ἐπίστευσε,
668 1300 761 1351 καὶ
786 1300 986 1354 ἔδωκεν
1015 1300 1210 1354 ἐαυτὸν
1235 1300 1313 1370 τῷ
1341 1300 1493 1370 Θεῷο
1518 1302 1566 1353 εἰ
1587 1301 1759 1362 δντως

173 1391 235 1441 ἐν
261 1389 488 1460 ἀληθείᾳ
524 1378 666 1443 κατὰ
688 1390 779 1443 τὸν
808 1390 969 1460 λόγον
1002 1391 1194 1456 αὐτοῦ,
1232 1390 1265 1463 ἢ
1315 1392 1492 1462 οἰήσει
1536 1388 1760 1444 δικαιώ-

174 1499 316 1545 σεως
364 1481 460 1535 καὶ
500 1482 758 1546 πίστεως,
788 1484 848 1536 ἐν
904 1482 1082 1554 ἐαυτῷ
1135 1484 1423 1539 πιστεύειν
1479 1483 1756 1555 νομίζωνο

172 1571 406 1634 ἕκαστος
428 1571 537 1641 γὰρ
563 1573 612 1626 εἰ
661 1574 719 1625 ἐν
753 1574 831 1644 τῷ
860 1574 1027 1643 ὀλίγῳ
1079 1575 1272 1640 πιστός
1306 1577 1444 1642 ἐστι,
1498 1574 1762 1646 περὶτῶν

172 1665 530 1733 προσκαίρων
568 1665 731 1732 λέγω,
779 1666 1160 1737 δοκιμάζεται,
1211 1668 1309 1722 καὶ⁹
1350 1668 1655 1739 ἐλέγχεται.
1688 1668 1764 1723 Τὸ

1858 566 1944 622 nis
1972 584 2162 626 curam
2198 574 2584 644 suscipiamus.

1930 745 1996 801 ll.
2034 748 2101 802 Et
2130 758 2263 805 tunc
2294 752 2644 809 manifestUm
2684 765 2767 811 est
2819 756 2974 811 illum
3003 755 3233 811 credere
3260 755 3328 811 de
3354 756 3444 811 in-

1858 839 2337 909 eorruptibilibus,
2368 852 2423 898 et
2467 860 2658 900 revera
2698 862 2944 916 quaerere
2972 855 3179 901 aeterna
3205 847 3368 911 bona,
3396 844 3443 901 si

1858 927 1928 983 de
1948 930 2061 1000 jam
2094 931 2257 988 dictis
2299 950 2487 990 sanam
2532 936 2695 993 fidem
2737 947 3048 994 conservat.
3083 940 3253 994 Debet
3294 938 3445 994 enim

1858 1025 2094 1096 quisque
2136 1040 2352 1092 eorum,
2394 1028 2489 1098 qui
2536 1030 2923 1101 obtemperant
2965 1031 3214 1087 veritatis
3249 1031 3441 1098 verbo,

1860 1117 2096 1188 probare
2124 1134 2183 1174 se
2213 1119 2412 1189 ipsum,
2455 1135 2519 1175 ac
2545 1120 2845 1186 discutere,
2880 1123 2966 1178 vel
2994 1139 3025 1178 a
3060 1122 3445 1194 spiritualibus

1859 1211 1993 1266 viris
2019 1210 2311 1281 dijudicari
2336 1220 2500 1283 atque
2527 1214 2770 1283 probari,
2807 1231 2913 1285 qua
2948 1217 3160 1272 ratione
3191 1217 3447 1273 credide-

1862 1302 1955 1367 rit,
1981 1310 2038 1357 et
2061 1303 2174 1358 Deo
2205 1318 2263 1358 se
2298 1303 2477 1374 ipsum
2510 1304 2841 1361 tradiderit:
2868 1322 2938 1361 an
2969 1322 3164 1363 revera
3205 1308 3259 1362 in
3296 1309 3448 1363 veri-

1862 1402 1971 1450 tate
2003 1396 2156 1466 juxta
2186 1397 2415 1452 verbum
2455 1398 2595 1469 ejus,
2630 1414 2698 1453 an
2739 1399 3001 1469 opinione
3037 1400 3450 1471 justilicationis

1867 1487 2023 1558 153
2046 1499 2101 1544 et
2126 1489 2274 1556 ﬁdei,
2299 1508 2461 1562 quam
2500 1492 2670 1548 habet
2690 1493 2834 1563 apud
2870 1508 2950 1559 se,
2975 1508 3033 1549 se
3069 1494 3296 1549 credere
3329 1493 3450 1549 exi-

1864 1580 2069 1636 stimet.
2099 1581 2343 1649 Quilibet
2380 1584 2529 1639 enim
2575 1601 2643 1641 an
2688 1586 2743 1640 in
2788 1586 3007 1641 modico
3052 1586 3229 1641 fidelis
3259 1587 3353 1652 sit,
3382 1586 3451 1642 de

1866 1672 2240 1740 temporaneis
2287 1673 2518 1744 loquor.
2583 1676 2849 1746 probatur
2897 1686 2953 1731 et
3006 1679 3274 1749 arguitur.
3331 1678 3452 1745 Quo

171 1754 231 1806 δὲ
258 1755 391 1819 πῶς,
426 1756 611 1809 ἄκουεο
636 1760 957 1813 Πιστεύειν
984 1759 1182 1830 λέγεις
1224 1761 1549 1827 βασιλείας
1581 1763 1763 1829 obpa-

1879 1767 2028 1827 paeto
2074 1769 2287 1824 autem,
2337 1763 2465 1817 audi
2498 1780 2511 1817 :
2543 1764 2704 1819 Aisne
2756 1774 2805 1819 te
2850 1767 3058 1820 credere
3102 1784 3261 1838 regno
3297 1767 3454 1821 calo-

171 1844 302 1899 νῶν
328 1848 780 1913 καταξιοῦσθαι,
806 1851 901 1904 καί
930 1826 1077 1919 υίὸς*
1093 1852 1241 1907 Θεοῦ
1268 1852 1579 1921 γεννηθείς
1614 1826 1761 1906 ἅνωο

1879 1870 1985 1906 νιινη
2024 1854 2241 1925 dignum
2286 1856 2495 1917 haberi,
2539 1866 2587 1909 et
2620 1856 2813 1911 Filium
2855 1858 2951 1912 Dei
2996 1826 3184 1912 natum
3231 1859 3457 1929 desuper

173 1942 284 1993 θεν
300 1938 603 2005 γενέσθαι,
642 1940 743 1993 καί
778 1944 1281 2013 συγκληρονόμος
1335 1944 1445 1999 τοῦ
1478 1942 1759 2010 Χριστοῦ,

174 2031 279 2085 καί
324 2033 412 2096 εἰς
465 2031 685 2098 αἰῶνας
712 2032 899 2099 ὅλους
923 2037 1401 2103 συμϐασιλεύειν
1442 2032 1622 2099 αὐτῷ,
1664 2032 1765 2087 καί

172 2121 413 2191 τρυφᾷν
431 2122 502 2176 ἐν
519 2123 665 2192 φωτί
694 2125 955 2194 ἀρρήτῳ,
979 2125 1049 2178 ἐν
1085 2126 1446 2194 ἀπεράντοις
1478 2126 1578 2180 καί
1620 2127 1766 2180 ἀνα·

166 2215 484 2285 ριθμήτοις
516 2216 750 2285 αἰῶσιν,
785 2219 865 2283 ὠς
885 2222 918 2273 ό
945 2221 1129 2285 Θεός;
1155 2219 1383 2282 Πάντως
1421 2220 1565 2290 ἐρεῖς
1586 2235 1599 2250 ·
1629 2218 1761 2271 Ναί.

174 2308 280 2361 Διὰ
312 2309 521 2380 ταύτην
550 2309 659 2381 γὰρ
688 2311 789 2382 τὴν
813 2312 995 2366 αἰτίαν
1014 2312 1381 2384 ἀναχωρήσας
1409 2311 1505 2366 τοῦ
1530 2310 1763 2382 κόσμου,

172 2402 420 2471 ἐμαυτὸν
449 2402 528 2474 τῷ
559 2404 747 2475 Κυρίῳ
769 2405 999 2459 δέδωκα.

250 2493 325 2547 Γί.
359 2494 860 2563 Δοκίμασοντοίνυν
885 2496 1131 2559 σεαυτὸν,
1158 2497 1231 2569 μή
1250 2497 1380 2552 ποτέ
1413 2514 1472 2551 σε
1507 2496 1768 2569 μέριμναι

172 2587 367 2656 γήῖναι
397 2588 721 2658 κατέχουσιν
750 2588 852 2654 ἐτι,
888 2590 983 2642 καὶ
1020 2592 1240 2660 φροντὶς
1298 2589 1469 2660 πολλὴ
1504 2589 1769 2659 περὶτῆς

172 2678 274 2732 τοῦ
301 2678 553 2749 σώματος
610 2680 819 2750 τροφῆς
874 2682 969 2735 καὶ⁵
999 2681 1287 2746 ἐνδύσεως,
1317 2682 1412 2735 καὶ
1447 2682 1548 2751 τῆς
1576 2681 1771 2752 λοιπῆς

173 2771 499 2842 ἐπιμελείας
516 2772 609 2825 καὶ
637 2772 1019 2839 ἀναπαύσεως,
1043 2773 1121 2838 ὡς
1136 2777 1200 2845 τῇ
1227 2778 1292 2845 σῇ
1310 2776 1774 2847 δυνάμειεπεριγι-

172 2863 461 2932 γνόμενος,
479 2865 574 2918 καὶ
587 2865 981 2935 προνοούμενος
1000 2864 1216 2930 ἑαυτοῦ,
1242 2867 1677 2939 ἃίπροσετάχθης
1698 2870 1772 2939 μὴ

176 2957 455 3026 μεριμνᾷν
476 2956 611 3020 ὅλως
640 2958 767 3026 περὶ
779 2956 1024 3012 σεαυτοῦ.
1048 2959 1108 3010 Εἰ
1129 2958 1239 3027 γὰρ
1265 2961 1541 3023 πιστεύεις
1553 2960 1621 3012 τὰ
1644 2959 1777 3014 ἀθά-

174 3062 337 3109 νατα,
354 3046 671 3109 καὶαίώνια,
690 3047 787 3100 καὶ
811 3048 1109 3120 παράμονα
1138 3048 1233 3101 καὶ
1250 3049 1456 3117 ἄφθονα
1486 3049 1773 3121 λήψεσθαι,

175 3135 335 3233 πόΑσιρ
365 3136 566 3233 μαλλον
587 3136 761 3233 ταῦτα
790 3137 860 3192 τὰ
882 3139 1270 3233 παρερχόμενα
1292 3139 1388 3192 καὶ
1417 3142 1603 3209 γήϊνα,
1630 3138 1774 3208 ἅπερ
1802 3174 1845 3233 G

174 3225 203 3276 ὁ
228 3223 368 3289 Θεὸς
400 3225 599 3279 δέδωκε
635 3225 731 3280 καὶ
776 3228 1027 3281 ἀσεϐέσιν
1052 3227 1384 3298 ἀνθρώποις,
1412 3231 1505 3283 καὶ
1535 3229 1764 3301 θηρίοις,

174 3317 271 3370 καὶ
296 3321 592 3383 πετεινοῖς,
620 3320 681 3372 οὐ
714 3320 991 3383 πιστεύεις
1026 3321 1408 3391 παρασχέσθαι
1433 3339 1513 3375 σοι
1537 3322 1630 3374 τὸν
1663 3320 1777 3375 Κύ-

178 3426 320 3479 ριον,
338 3407 530 3480 ῶσπερ
560 3410 654 3463 καὶ
678 3411 1003 3475 ἐνετείλατο,
1052 3413 1125 3483 μὴ
1165 3415 1438 3484 μεριμνᾷν
1462 3415 1599 3477 ὅλως
1646 3413 1776 3485 περὶ

174 3496 390 3551 τούτων
422 3498 612 3568 είπὼν,
671 3500 767 3568 Μὴ
804 3501 1215 3572 μεριμνήσητε
1268 3504 1323 3557 τί
1348 3504 1598 3573 φάγητε.
1646 3504 1686 3573 ἣ
1722 3506 1779 3559 τί

176 3591 386 3656 πίητε,
412 3589 449 3659 ἢ
499 3592 557 3644 τί
577 3592 1054 3659 περιϐάλλησθε·
1105 3595 1292 3649 ταῦτα
1338 3596 1448 3665 γὰρ
1482 3594 1681 3650 πάντα
1706 3596 1779 3649 τὰ

181 3686 341 3751 ἔθνη
370 3682 668 3750 ἐπιζητεῖς
687 3686 735 3737 εἰ
769 3684 825 3737 δὲ
849 3686 978 3757 περὶ
1004 3686 1179 3742 ταῦτα
1206 3687 1287 3741 ἐτι
1324 3688 1593 3759 μέριμναν
1611 3688 1775 3759 ἔχεις,

181 3778 283 3831 καὶ
316 3777 421 3830 οὐκ
450 3777 843 3841 ἐνεπίστευσας
889 3778 1010 3832 ὅλον
1047 3780 1273 3835 σεαυτὸν
1304 3780 1379 3849 τῷ
1412 3780 1557 3852 λόγῳ
1586 3780 1773 3845 αὑτοῦ,

178 3869 383 3937 γνῶθι,
413 3870 495 3923 ὅτι
527 3871 596 3922 τὰ
622 3869 816 3923 αἰώνια
858 3870 1060 3939 ἀγαθὰ,
1088 3871 1234 3943 ἅπερ
1267 3873 1414 3927 ἐστὶν
1447 3875 1480 3943 ή
1534 3872 1779 3943 βασιλεία

179 3965 299 4019 τῶν
334 3966 607 4037 οὐρανῶν,
634 3966 818 4037 ἀκμὴν
849 3969 952 4022 οὐκ
976 3969 1308 4033 ἐπίστευσας
1328 3970 1537 4033 λαϐεῖν,
1568 3973 1661 4024 καὶ
1694 3989 1775 4025 νο-

184 4059 375 4127 μίξεις
422 4060 721 4123 πιστεύειν,
778 4061 857 4112 ἐτι
908 4064 965 4113 ἐν
998 4064 1111 4125 τοῖς
1146 4064 1363 4133 μικροῖς
1403 4068 1497 4116 καὶ
1524 4063 1781 4133 φθαρτοῖς

180 4152 425 4215 ἄπιστος
468 4153 887 4223 εὑρισκόμενος·
921 4156 1016 4208 καὶ
1043 4155 1225 4218 πάλιν,
1256 4156 1484 4224 ’Ὠσπερ
1522 4158 1587 4209 τὸ
1611 4156 1784 4226 σῶμα

179 4241 539 4311 τιμιώτερόν
558 4244 689 4296 ἐστι
719 4245 826 4297 τοῦ
848 4245 1204 4315 ἐνδύματος,
1232 4246 1386 4300 οὕτω
1416 4246 1515 4300 καὶ
1549 4248 1585 4315 ἡ
1608 4247 1780 4318 ψυχὴ

179 4331 506 4402 τιμιωτέρα
531 4334 661 4387 ἐστί
694 4334 801 4387 τοῦ
834 4335 1129 4405 σώματος.
1182 4336 1494 4402 Πιστεύεις
1548 4338 1780 4403 τοίνυν,

180 4427 282 4479 ὅτι
317 4425 355 4493 ἡ
388 4426 559 4493 ψυχή
582 4442 700 4480 σου
741 4428 860 4481 ὑπὸ
889 4427 1151 4495 Χριστοῦ
1183 4428 1353 4481 ἴασιν
1379 4428 1637 4497 δέχεται,
1664 4427 1785 4483 ἀπὸ

1864 1959 1995 2007 esse,
2041 1954 2090 1997 et
2131 1945 2448 1999 colueredem
2477 1944 2693 2008 Christi,
2726 1955 2883 2017 atque
2914 1964 3007 2018 per
3036 1956 3223 2001 cuncta
3257 1948 3454 2003 saecula

1866 2040 1914 2087 te
1959 2042 2305 2105 regnaturum
2351 2052 2469 2090 cum
2504 2054 2584 2101 eo,
2618 2046 2665 2091 et
2708 2040 2998 2109 [ruiturum
3043 2039 3241 2093 deliciis
3270 2041 3325 2092 in
3369 2039 3454 2092 lu-

1866 2128 2008 2180 mine
2037 2144 2255 2192 arcano,
2296 2143 2391 2198 per
2429 2129 2643 2197 inﬁnita
2688 2138 2737 2184 et
2779 2131 3195 2186 innumerabilia
3235 2132 3452 2197 swcula,

1868 2220 2313 2290 quemadmodum
2347 2229 2396 2273 et
2432 2220 2608 2275 Deus?
2652 2222 2853 2292 Utique
2895 2222 3049 2278 dices
3084 2242 3097 2278 :
3129 2223 3266 2278 Imo.
3319 2224 3456 2279 Pro-

1868 2319 1990 2382 pter
2022 2311 2166 2367 hanc
2198 2313 2345 2366 enim
2394 2329 2617 2368 causam
2670 2314 2954 2386 digressus
2991 2331 3022 2371 e
3069 2318 3310 2385 mundo,
3369 2333 3457 2371 me

1870 2404 2048 2474 ipsum
2082 2404 2317 2459 Domino
2354 2404 2562 2460 dedidi.

1940 2496 2030 2554 lll.
2062 2497 2327 2552 Examina
2374 2514 2507 2570 ergo
2555 2508 2608 2554 te
2650 2500 2851 2569 ipsum,
2886 2516 3019 2555 num
3058 2501 3201 2557 forte
3232 2510 3284 2557 te
3315 2502 3459 2557 dcti-

1870 2595 2039 2643 neant
2072 2588 2253 2642 adhuc
2308 2603 2455 2643 curze
2506 2595 2761 2655 terrente,
2812 2599 2884 2645 et
2930 2592 3245 2646 sollicitudo
3284 2593 3458 2647 multa

1872 2676 1941 2731 de
1971 2677 2222 2747 corporis
2250 2676 2399 2731 victu
2432 2686 2486 2732 et
2516 2680 2743 2745 amictu,
2774 2694 2878 2734 nec
2902 2696 3010 2734 non
3032 2680 3243 2751 reliqua
3277 2681 3458 2735 studia

1873 2778 1929 2823 et
1971 2769 2279 2833 recreatio;
2315 2770 2471 2839 quasi
2518 2778 2607 2824 tua
2656 2770 2918 2827 facultate
2961 2781 3251 2842 promptus
3283 2773 3358 2827 sis
3396 2787 3460 2827 ac

1875 2859 2167 2930 provideas
2193 2859 2289 2913 tibi
2337 2860 2461 2929 ipsi,
2504 2876 2626 2929 qua:
2659 2861 2915 2916 mandata
2946 2863 3043 2917 tibi
3073 2870 3224 2928 sunt,
3247 2878 3317 2917 ne
3339 2879 3460 2916 orn-

1877 2952 2011 3005 nino
2058 2951 2134 3007 sis
2180 2951 2448 3007 sollicitus
2494 2952 2562 3007 de
2610 2962 2661 3008 te
2702 2953 2842 3023 ipso.
2875 2953 2931 3009 Si
2979 2955 3127 3009 enim
3174 2954 3356 3010 credis
3409 2962 3461 3010 te

1879 3042 2231 3104 immortalia.
2272 3053 2479 3098 acterna
2535 3054 2591 3099 et
2624 3047 3001 3114 permanentia
3043 3055 3209 3117 atque
3256 3046 3461 3101 invidia

1879 3137 2123 3191 carentia
2175 3144 2603 3191 consecuturum
2655 3152 2798 3202 essc,
2845 3147 3053 3208 quanto
3125 3140 3299 3210 magis
3347 3140 3466 3194 hzec

1880 3228 2091 3285 caduca
2121 3236 2178 3283 et
2234 3238 2472 3295 terrena,
2535 3245 2657 3299 quae
2705 3230 2850 3285 Deus
2883 3232 3118 3285 contulit
3148 3232 3232 3286 vel
3281 3231 3466 3301 impiis

1878 3321 2220 3385 hominibus,
2261 3320 2457 3376 bestiis
2499 3336 2563 3375 ac
2610 3322 2957 3388 volucribus,
3009 3322 3238 3378 credere
3295 3322 3467 3377 debes

1879 3413 2172 3467 Dominum
2220 3412 2321 3467 tibi
2373 3412 2723 3483 largiturum,
2787 3421 2850 3468 ut
2894 3429 3117 3484 quoque
3179 3414 3462 3485 praecepit.

1878 3518 2107 3573 prorsus
2157 3518 2269 3557 non
2320 3502 2390 3557 de
2448 3502 2535 3557 his
2589 3502 2888 3557 sollicitum
2942 3519 3087 3569 esse,
3119 3503 3341 3558 dicens:
3391 3502 3470 3557 Ne

1878 3595 2093 3650 solliciti
2133 3595 2249 3649 sitis
2280 3595 2406 3665 quid
2456 3595 2805 3659 manducetis,
2848 3604 2943 3649 aut
2968 3597 3093 3667 quid
3113 3596 3325 3661 bibatis,
3373 3604 3469 3650 aut

1880 3704 1981 3757 quo
2012 3688 2352 3758 aperiamini.
2388 3686 2513 3742 ch
2538 3688 2677 3741 enim
2700 3689 2878 3741 omnia
2911 3696 3087 3758 gentes
3115 3688 3471 3759 inquirunt’?

1882 3779 1976 3835 Sin
2007 3780 2077 3834 de
2101 3780 2189 3834 his
2219 3780 2402 3834 adhuc
2430 3794 2621 3833 curam
2653 3780 2821 3849 geris,
2852 3794 2957 3834 nec
2991 3780 3174 3835 credis
3211 3790 3262 3835 te
3287 3781 3469 3850 ipsum

1884 3880 2057 3925 totum
2092 3870 2265 3925 verbo
2312 3870 2483 3935 illius,
2540 3870 2699 3933 scito,
2736 3878 2810 3935 te,
2842 3870 2991 3940 quod
3040 3880 3246 3926 aeterna
3300 3872 3469 3935 bona,

1882 3976 2005 4029 qua:
2036 3970 2166 4016 sunt
2187 3975 2418 4031 regnum
2454 3960 2744 4025 caelorum,
2774 3968 3175 4017 consecuturus
3205 3963 3303 4028 sis,
3330 3977 3473 4016 non,-

1883 4050 2014 4104 dum
2045 4051 2296 4117 credere,
2332 4052 2585 4121 quamvis
2623 4059 2782 4121 putes
2814 4060 2867 4105 te
2889 4051 3140 4117 credere,
3171 4054 3257 4107 vel
3289 4052 3473 4108 adhuc

1886 4142 1941 4197 in
1968 4143 2183 4214 exiguis
2208 4154 2265 4199 et
2310 4143 2775 4213 corruptibilibus
2808 4144 3131 4199 incredulus
3161 4145 3474 4215 deprehen-

1885 4252 1999 4291 sus.
2029 4237 2096 4290 Et
2128 4237 2330 4291 iterum
2372 4253 2388 4291 :
2430 4236 2578 4291 Sicut
2611 4253 2801 4308 corpus
2844 4236 2962 4306 plus
3005 4245 3080 4292 est
3125 4255 3286 4309 quam
3321 4241 3475 4293 vcsti-

1886 4336 2145 4394 mentum,
2179 4329 2255 4382 sic
2279 4328 2461 4382 anima
2514 4327 2633 4399 plus
2657 4336 2731 4383 est
2766 4346 2927 4401 quam
2956 4346 3147 4402 corpus
3183 4331 3248 4385 ιο.
3282 4330 3476 4387 Credis

1886 4439 2039 4495 ergo,
2068 4424 2308 4477 animam
2339 4430 2486 4476 tuam
2514 4438 2608 4493 per
2651 4421 2916 4477 Christum
2945 4422 3206 4478 medelam
3232 4428 3476 4495 consequi

180 4514 314 4569 τῶν
352 4518 610 4569 αἰωνίων
640 4517 738 4569 καί
781 4518 1201 4585 ἀθεραπεύτων
1258 4518 1420 4587 παρὰ
1452 4518 1774 4586 ἀνθρώποις

1890 4535 1923 4570 a
1958 4518 2225 4587 perpetuis
2252 4524 2302 4570 et
2326 4514 2705 4571 incurabilibus
2728 4516 2873 4587 apud
2896 4517 3130 4572 homines
3151 4517 3476 4585 vulneribus,

177 4609 569 4678 τραυμάτων,
588 4610 708 4663 τῶν
736 4610 942 4665 παθῶν
963 4610 1073 4680 τῆς
1090 4611 1353 4681 ἀτιμίας,
1374 4610 1449 4664 δι’
1469 4609 1548 4678 ἢν
1562 4611 1660 4663 καί
1675 4606 1788 4681 ἦλ-

181 4702 300 4752 θεν
330 4700 593 4755 ἑνταῦθα
614 4705 647 4755 ὀ
676 4704 895 4772 Κύριος
918 4703 1019 4756 ἵνα
1038 4703 1153 4757 νῦν
1182 4703 1290 4770 τὰς
1318 4702 1525 4772 ψυχὰς
1550 4701 1669 4756 τῶν
1691 4715 1788 4756 πι-

179 4790 365 4844 στῶν
399 4793 743 4861 θεραπεύσῃ
772 4794 839 4847 ἐκ
872 4792 991 4847 τῶν
1014 4795 1276 4850 ἀνιάτων
1303 4795 1531 4859 παθῶν,
1562 4796 1660 4847 καὶ
1683 4812 1790 4849 κα-

180 4884 419 4951 θαρίσῃ
452 4884 521 4936 ἐκ
548 4883 656 4937 τοῦ
695 4884 905 4952 ῥύπου
948 4884 1058 4955 τῆς
1090 4886 1321 4956 λέπρας
1350 4885 1461 4956 τῆς
1494 4886 1727 4953 κακίας,
1758 4890 1792 4942 ό

173 4975 385 5043 μόνος
403 4976 693 5044 ἀληθινὸς
716 4979 916 5047 ἰατρὸς
947 4980 1049 5034 καί
1072 4983 1477 5052 θεραπευτής;

258 5069 345 5122 Δθ.
411 5068 606 5139 Ἐρεῖς,
661 5070 909 5138 Πάντως
954 5076 1235 5130 πιστεύω.
1282 5077 1385 5143 Εὶς
1444 5078 1622 5133 τοῦτο
1677 5076 1787 5147 γὰρ

179 5158 456 5227 ἕστηκα,
510 5161 610 5215 καί
641 5164 869 5231 ταύτην
914 5164 1034 5233 ἔχω
1060 5167 1177 5235 τὴν
1196 5169 1585 5236 προσδοκίαν.
1612 5167 1785 5223 Γνῶθι

180 5252 406 5315 τοίνυν,
442 5253 741 5324 ἐρευνήσας
774 5256 1030 5321 σεαυτὸν,
1066 5259 1141 5328 μή
1181 5260 1313 5313 ποτέ
1356 5277 1416 5313 σε
1454 5263 1522 5313 τὰ
1548 5258 1787 5331 σαρκικὰ

181 5343 353 5411 πάθη
386 5343 523 5413 πρὸς
556 5346 771 5416 ἰατροὺς
805 5350 1027 5418 γηῖνους
1078 5351 1367 5422 ἀποφέρει,
1422 5352 1498 5416 ὡς
1529 5349 1789 5422 Χριστοῦ,

179 5427 229 5502 ᾧ
256 5434 626 5500 ἐπίστευσας,
648 5437 725 5508 μὴ
751 5438 1052 5509 δυναμένου
1075 5460 1134 5495 σε
1158 5442 1213 5495 θε
1224 5443 1521 5511 ραπεῦσαι.’
1551 5444 1655 5496 Ἴδε
1673 5442 1793 5506 πῶς

184 5528 435 5582 σεαυτὸν
462 5529 797 5601 ἀπατᾷς,ὃτι
824 5532 1065 5605 νομίζεις
1102 5535 1398 5603 πιστεύειν,
1428 5535 1657 5606 μηδέπω
1702 5552 1792 5589 πι-

184 5621 439 5684 στεύων,
470 5621 545 5687 ὡς
586 5622 665 5677 δεῖ
690 5624 749 5691 ἐξ
798 5625 1079 5696 ἀληθείας.
1126 5630 1188 5681 Ei
1211 5629 1319 5701 γὰρ
1356 5629 1427 5684 τὰ
1469 5628 1665 5684 αἰώνια
1699 5631 1791 5684 καὶ

267 5803 293 5833 ν
338 5801 538 5855 manu.
568 5820 636 5871 γι,
665 5804 752 5859 5:2.
838 5808 877 5834 ιθ
908 5806 1046 5860 una.
1082 5808 1166 5861 εει.

1889 4608 2252 4680 ignominiosis
2310 4609 2565 4662 nimirum
2625 4609 3004 4678 affectionibus,
3054 4619 3477 4681 proptermuam

1889 4719 2093 4775 quoque
2121 4704 2221 4757 huc
2248 4703 2386 4757 venit
2424 4702 2701 4768 Dominus,
2738 4711 2796 4757 ut
2834 4720 2974 4757 nunc
3002 4705 3213 4759 animas
3240 4704 3479 4773 ﬁdelium

1888 4803 2035 4851 curet
2063 4813 2095 4849 α
2124 4812 2229 4849 non
2274 4794 2594 4850 curabilibus
2627 4795 3007 4866 affectionibus,
3053 4804 3103 4849 et
3148 4806 3391 4867 repurgat
3443 4814 3478 4851 α

1891 4889 2131 4945 sordibus
2167 4887 2323 4957 lepra:
2380 4888 2645 4959 nequitiw,
2671 4890 2761 4958 qui
2795 4887 2939 4943 solus
2972 4904 3127 4941 verus
3166 4888 3394 4942 medicus
3429 4895 3477 4941 et

1891 4992 2107 5036 curator
2135 4990 2232 5033 est.

1963 5074 2051 5129 IV.
2081 5074 2277 5129 Dices:
2311 5072 2499 5142 Utique
2546 5071 2719 5125 credo.
2763 5070 2823 5125 In
2851 5071 2946 5125 hoc
2976 5072 3116 5125 enim
3154 5070 3399 5136 consisto,
3431 5079 3483 5125 et

1892 5168 2034 5221 hanc
2069 5165 2216 5235 foveo
2260 5180 2406 5234 spem
2436 5180 2499 5217 ac
2523 5162 2799 5231 ﬁduciam.
2828 5161 3178 5233 Quapropter
3211 5177 3481 5233 cognosce

1892 5274 1957 5313 ac
1984 5265 2235 5314 scrutare
2264 5264 2316 5311 te
2352 5256 2555 5325 ipsum,
2590 5270 2722 5308 num
2755 5236 3052 5323 aliquando
3082 5254 3259 5309 morbi
3283 5267 3479 5324 corpo-

1894 5351 1974 5406 rei
2006 5350 2076 5405 ad
2100 5349 2344 5405 medicos
2376 5356 2631 5402 terrenos
2661 5357 2713 5404 te
2738 5348 3041 5412 deducant,
3071 5347 3304 5418 perinde
3334 5362 3399 5402 ac
3426 5346 3473 5402 si

1892 5444 2166 5509 Christus,
2202 5443 2291 5498 cui
2342 5440 2651 5507 credidisti,
2697 5449 2935 5511 nequeat
2966 5449 3019 5495 te
3078 5455 3293 5496 curare.
3341 5439 3480 5495 Vide

1894 5552 2006 5606 quo
2024 5543 2188 5606 pacto
2211 5542 2265 5589 te
2290 5534 2471 5604 ipsum
2504 5532 2767 5603 decipias,
2804 5533 2934 5601 quia
2956 5541 3120 5602 putas
3147 5540 3200 5587 te
3227 5530 3477 5589 credere.

1895 5628 1990 5698 qui
2022 5626 2305 5696 nondum,
2367 5634 2427 5681 ut
2481 5632 2722 5695 oportet,
2784 5640 2911 5679 vere
2980 5623 3179 5679 credis.
3232 5622 3288 5679 Si
3330 5622 3479 5678 enim
