4044 6526
590 340 690 396 δη

1842 342 1901 404 S.
1937 341 2259 402 MACARII
2300 340 2417 401 [EG
2429 338 2623 399 YPTII

3760 344 3855 407 812

583 459 785 503 aeterna
824 457 881 505 et
913 449 1241 508 incurabilia
1271 453 1597 509 immortalis
1629 451 1823 508 animae
1864 453 2091 507 vulnera
2118 462 2163 505 cl

2277 451 2629 521 ἀθεράπευτα
2652 448 2751 520 τῆς
2774 448 3047 503 ἀθανάτου
3065 447 3247 521 ψυχῆς
3261 450 3578 524 τραύματα,
3596 453 3695 508 καὶ
3717 457 3853 527 παθη

585 538 908 597 aﬂ‘ectiones
956 544 1183 616 vitiosas
1227 545 1562 601 credidisses
1616 560 1647 599 a
1708 544 1930 600 Christo
1960 542 2167 607 curari,

584 632 845 689 crederes
891 651 1114 707 quoque
1162 652 1288 693 eum
1336 652 1498 707 posse
1543 651 1741 691 curare
1787 645 2172 706 temporaneas

586 728 837 795 corporis
858 728 1177 786 all‘cctiones
1202 740 1258 784 et
1284 730 1529 795 morbos,
1550 739 1716 799 atque
1731 729 1801 784 ad
1832 744 1960 784 eum
1990 727 2169 783 solum

588 817 913 889 confugeres
946 821 1195 891 neglecta
1238 822 1582 876 medicorum
1620 820 1895 877 industria
1925 828 1983 875 et
2012 835 2168 874 cura.

587 908 693 975 Qui
724 911 869 964 enim
920 911 1156 966 animam
1204 912 1475 977 condidit,
1524 913 1643 983 ipse
1699 927 1920 983 quoque
1971 925 2173 981 corpus

589 1002 834 1056 creavit:
868 1010 925 1056 et
957 1004 1051 1073 qui
1088 1004 1234 1059 illam
1259 1005 1628 1059 immortalem
1661 1013 1838 1069 sanat,
1864 1003 2010 1059 idem
2032 1018 2171 1073 quo-

589 1106 697 1159 que
729 1107 933 1162 corpus
969 1110 1001 1149 a
1038 1096 1411 1165 temporaneis
1441 1095 1833 1151 affectionibus
1863 1103 1920 1151 et
1956 1092 2167 1149 morbis

589 1197 783 1237 curare
811 1195 1014 1254 potest.

658 1272 722 1326 V.
765 1274 964 1329 Verum
994 1275 1184 1346 utique
1218 1277 1337 1333 haec
1360 1278 1496 1333 mihi
1534 1277 1719 1333 dices:
1749 1276 1832 1332 Ad
1863 1276 2172 1331 medendum

587 1368 797 1435 corpori
826 1371 1077 1423 concessit
1115 1370 1252 1426 Deus
1296 1380 1409 1426 tum
1441 1370 1628 1427 herbas
1658 1379 1834 1435 terrae,
1863 1376 1974 1423 tum
2007 1371 2172 1441 phar-

588 1475 767 1524 maca,
796 1469 954 1531 atque
1016 1462 1340 1517 medicorum
1384 1465 1552 1535 ofﬁcia
1601 1463 1671 1516 ad
1696 1463 1928 1533 corporis
1966 1462 2172 1517 morbos

587 1556 947 1623 praeparavit,
989 1556 1291 1627 disponens,
1327 1567 1385 1611 ut
1437 1573 1629 1629 corpus
1662 1572 1689 1609 e
1729 1563 1873 1610 terra
1903 1565 2171 1626 sumptura

587 1646 749 1700 variis
778 1663 806 1700 e
835 1655 979 1702 terra
1009 1652 1136 1703 ortis
1158 1650 1423 1721 speciebus
1446 1658 1681 1704 curetur.
1722 1649 2002 1706 Conﬁteor
2037 1664 2173 1718 quo-

587 1754 695 1807 que
739 1755 841 1810 ego
869 1740 984 1796 hare
1011 1741 1083 1797 ita
1120 1758 1178 1797 se
1211 1742 1444 1809 habere;
1478 1758 1672 1797 verum
1727 1740 1971 1805 attende,
2004 1751 2060 1796 et
2090 1741 2172 1794 in-

586 1921 701 1978 hzec
721 1927 1057 1981 concesserit
1080 1928 1224 1982 Deus
1259 1942 1472 1982 summa
1503 1935 1559 1981 et
1586 1925 1798 1980 infinita
1831 1925 2172 1980 humanitate

583 2026 646 2066 ac
715 2013 1055 2085 benignitate
1102 2016 1323 2071 ductus.
1380 2015 1517 2072 Cum
1568 2016 1867 2071 excidisset
1916 2015 2082 2070 homo
2140 2030 2171 2069 a

582 2104 860 2168 mandato,
902 2106 1049 2175 quod
1098 2116 1409 2178 acceperat,
1445 2114 1502 2162 et
1537 2107 1747 2179 judicio
1774 2106 1869 2161 irae
1894 2094 2170 2161 obnoxius

581 2193 765 2250 factus
788 2206 954 2260 esset,
995 2208 1051 2254 et
1084 2199 1235 2255 velut
1276 2200 1330 2254 in
1356 2199 1742 2269 captivitatem
1773 2207 1830 2253 et
1860 2198 2167 2265 infamiam,

584 2283 814 2356 154a
831 2287 884 2341 in
904 2289 1187 2359 cujusdam
1206 2289 1412 2345 metalli
1430 2289 1723 2354 oﬂicinam,
1738 2305 1769 2344 a
1788 2288 1999 2344 deliciis
2013 2305 2167 2359 para-

581 2377 686 2433 disi
711 2379 765 2433 in
804 2382 952 2437 hunc
975 2384 1243 2439 mundum
1268 2386 1689 2450 exterminatus,
1715 2392 1771 2440 et
1798 2383 1902 2439 sub
1928 2392 2170 2453 potesta-

582 2479 691 2528 tem
718 2475 1069 2531 tenebrarum
1100 2477 1376 2543 redactus,
1408 2476 1652 2531 inﬁdelis
1680 2490 1875 2531 errore
1921 2474 2169 2529 affectio-

580 2578 712 2618 num
736 2564 985 2621 redditus
1007 2577 1173 2631 esset,
1198 2570 1414 2624 tandem
1439 2570 1493 2624 in
1517 2570 1835 2626 aﬂ'ectiones
1859 2580 1916 2627 et
1944 2568 2167 2625 morbos

578 2656 763 2711 carnis
800 2658 1016 2723 incidit,
1048 2661 1142 2730 qui
1172 2661 1326 2731 prius
1352 2664 1530 2718 omnis
1564 2663 1877 2719 aﬂ‘ectionis
1899 2673 1957 2719 et
1986 2662 2167 2718 morbi

576 2759 698 2803 erat
748 2764 965 2819 expers.
999 2752 1157 2807 Patet
1184 2769 1316 2824 ergo
1355 2768 1549 2809 omnes
1574 2771 1794 2824 quoque
1832 2771 1900 2809 ex
1948 2771 2015 2810 eo
2038 2770 2166 2826 pro-

576 2840 793 2909 genitos
827 2841 885 2895 in
917 2843 1137 2899 easdem
1168 2844 1491 2900 aﬂectiones
1526 2845 1779 2915 delapsos
1808 2862 1951 2901 esse.

651 3036 736 3093 VI.
760 3036 1049 3096 Concessit
1079 3056 1212 3111 ergo
1250 3041 1367 3097 haec
1397 3042 1546 3097 Deus
1574 3041 1811 3099 infirmis
1835 3052 1893 3098 et
1924 3043 2161 3099 inﬁdeli-

579 3129 704 3195 bus,
728 3131 921 3188 nolens
951 3133 1178 3188 omnino
1208 3134 1388 3203 perire
1409 3134 1707 3189 obnoxium
1731 3135 1974 3205 peccatis
1989 3150 2163 3206 genus

580 3220 905 3289 humanum,
942 3240 1043 3295 pro
1093 3241 1307 3280 summa
1334 3242 1434 3281 sua
1480 3227 1797 3283 clementia.
1856 3226 1963 3282 Sed
2011 3226 2165 3283 dedit

579 3319 649 3374 ad
683 3318 1126 3387 refocillandum,
1147 3323 1473 3388 sanandum,
1506 3330 1564 3377 et
1596 3322 1903 3378 curandum
1937 3337 2161 3393 corpus,

580 3410 875 3481 pharmaca
931 3412 1098 3484 hujus
1156 3400 1349 3468 mundi
1398 3414 1719 3469 hominibus
1781 3424 1838 3469 et
1884 3416 2164 3470 extraneis

577 3505 836 3561 omnibus
874 3525 888 3559 :
922 3505 1126 3576 quibus
1149 3506 1318 3562 etiam
1350 3521 1446 3561 eos
1480 3506 1562 3560 uti
1591 3506 1863 3576 permisit,
1899 3508 1994 3577 qui
2026 3522 2164 3561 non-

577 3597 710 3651 dum
744 3598 855 3653 Deo
908 3613 968 3653 se
1014 3606 1161 3655 totos
1210 3599 1547 3655 concredere
1595 3609 1849 3669 possunt.
1883 3600 1966 3654 Tu
2005 3616 2159 3665 vero,

576 3690 671 3760 qui
701 3690 1005 3745 solitariam
1040 3691 1157 3762 agis
1191 3692 1382 3755 vitam,
1415 3691 1511 3761 qui
1570 3691 1852 3747 occessisti
1905 3690 1973 3745 ad
2003 3691 2163 3746 Chri-

575 3792 744 3847 stum,
776 3784 870 3853 qui
926 3783 1098 3837 Filius
1124 3784 1220 3837 Dei
1244 3798 1367 3838 esse
1398 3782 1703 3848 desideras,
1743 3782 1838 3853 qui
1869 3783 2106 3853 desuper
2130 3800 2160 3840 e

575 3873 783 3945 Spiritu
805 3874 958 3930 nasci
984 3873 1233 3951 expetis,
1254 3875 1350 3945 qui
1387 3875 1741 3930 sublimiores
1760 3882 1816 3929 et
1838 3874 2157 3944 ampliores,

574 3980 740 4037 quam
765 3966 975 4035 primus
1003 3965 1191 4031 homo,
1227 3966 1408 4019 omnis
1440 3965 1751 4020 aﬂectionis
1775 3979 1994 4034 expers,
2032 3982 2161 4036 pro-

572 4054 868 4108 missiones
913 4053 1198 4123 accepisti,
1234 4052 1606 4123 gratissimum
1648 4053 1908 4108 nimirum
1940 4055 2158 4109 Domini

573 4142 894 4208 adventum,
930 4142 1027 4212 qui
1078 4143 1407 4213 peregrinus
1440 4143 1604 4214 hujus
1635 4143 1829 4198 mundi
1863 4159 1924 4200 es
1956 4144 2155 4211 factus,

571 4234 746 4305 magis
776 4248 973 4287 novam
996 4234 1292 4301 quamdam
1326 4241 1382 4288 et
1403 4233 1749 4304 pcregrinam
1779 4233 1964 4302 ﬁdem,
1991 4234 2157 4290 intel-

568 4325 776 4380 lectum
825 4332 882 4377 et
954 4323 1322 4378 conversandi
1376 4323 1647 4378 rationem
1712 4333 1913 4394 praater
1964 4341 2158 4383 omnes

569 4416 739 4486 hujus
763 4414 956 4470 mundi
987 4414 1242 4470 homines
1271 4414 1524 4469 obtinere
1554 4415 1744 4470 debes.
1773 4416 1959 4472 Gloria
1983 4418 2154 4485 Patri,

568 4517 625 4562 et
676 4506 838 4571 Filio,
862 4515 920 4560 et
949 4504 1181 4575 Spiritui
1214 4514 1428 4569 sancto,
1462 4505 1519 4560 in
1548 4505 1745 4560 saecula
1774 4506 1972 4562 Amen.

1102 4726 1390 4783 HOMILIA
1427 4727 1616 4783 XLIX.

564 4819 683 4874 Non
730 4820 870 4892 satis
901 4828 977 4892 est
1029 4819 1423 4892 hujuspsazculi
1475 4821 1689 4892 delicias
1732 4822 2022 4892 reliquisse,
2051 4825 2151 4877 nisi

671 4891 788 4960 quis
816 4891 1036 4945 alterius
1059 4890 1239 4945 saeculi
1265 4891 1641 4946 beatitudinem
1672 4890 2041 4965 consequatur.

639 5068 696 5125 Si
727 5070 854 5140 quis
882 5082 1140 5141 egressus
1165 5084 1196 5125 e
1223 5070 1485 5140 propriis,
1514 5071 1649 5126 huic
1697 5071 1903 5127 mundo
1936 5088 2143 5131 renun-

563 5167 685 5229 tiet,
739 5175 795 5221 et
819 5166 1038 5223 deliciis
1080 5167 1246 5239 hujus
1292 5168 1499 5234 saeculi,
1528 5178 1640 5223 tum
1679 5171 2140 5241 possessionibus,

562 5268 679 5313 tum
731 5268 909 5329 patre,
943 5269 1058 5314 tum
1119 5268 1317 5325 matre,
1343 5261 1561 5316 Domini
1611 5263 1809 5333 gratia,
1850 5266 2059 5321 relictis
2087 5278 2143 5323 et

562 5352 786 5416 amotis,
823 5368 882 5406 se
911 5353 1093 5423 ipsum
1123 5355 1517 5426 cruciﬁgendo.
1551 5358 1895 5428 peregrinus,
1933 5376 2144 5431 pauper

559 5452 617 5497 et
643 5458 851 5513 egenus
878 5445 1007 5511 ﬁat;
1044 5462 1147 5516 pro
1192 5449 1378 5518 quiete
1422 5458 1605 5504 autem
1634 5451 1799 5521 hujus
1843 5454 2025 5508 smculi
2058 5470 2145 5509 re-

561 5532 748 5599 quiem
796 5535 1040 5591 divinam
1073 5537 1127 5591 in
1186 5554 1243 5593 se
1304 5540 1425 5609 ipso
1470 5557 1580 5595 non
1642 5543 1924 5611 inveniat;
1958 5556 2015 5601 et
2041 5562 2144 5617 pro

562 5622 779 5679 deliciis
815 5630 1209 5696 temporaneis,
1242 5629 1470 5685 delicias
1496 5632 1735 5702 Spiritus
1760 5636 1814 5688 in
1852 5652 1951 5690 sua
1977 5637 2150 5707 ipsius

561 5713 747 5769 anima
802 5732 912 5771 non
961 5720 1196 5785 sentiat;
1232 5728 1291 5795 et
1325 5738 1424 5790 pro
1471 5725 1926 5795 corruptibilibus
1982 5729 2151 5784 vesti-

564 5804 779 5865 mentis,
841 5808 1170 5865 vcstimenta
1224 5794 1424 5866 divinae
1487 5794 1784 5871 lucisrnon
1838 5816 2031 5874 induat
2090 5818 2146 5873 in

2270 545 2469 608 κακίας
2489 544 2818 608 ἐπίστευσας
2856 544 2961 597 ὑπὸ
3001 544 3237 614 Χριστοῦ
3267 546 3710 617 θεραπευθῆναι,
3746 552 3858 602 ἐπί-

2272 652 2459 699 στευες
2492 634 2557 689 ἂν
2575 635 2723 705 αὐτῷ
2748 634 2960 705 δυνατῷ
2980 634 3095 689 ὄντι
3116 636 3467 708 θεραπεύειν,
3485 640 3584 692 καὶ
3604 640 3681 693 τά
3698 642 3857 709 πρόσ-

2271 745 2439 797 καιρα
2486 726 2581 780 τοῦ
2621 725 2873 796 σώματος
2916 725 3066 797 πάθη
3104 727 3201 780 καὶ
3226 729 3537 799 νοσήματα,
3579 732 3684 784 καὶ
3728 734 3856 801 πρὸς

2272 820 2435 874 αὑτὸν
2465 819 2531 873 ἂν
2561 818 2721 890 μόνον
2760 820 3100 887 κατέφευγες
3136 820 3426 891 ὑπερορῶν
3457 823 3728 893 ιατρικῶν
3750 827 3861 877 ἐπι-

2270 914 2642 985 τηδευμάτων,
2677 914 2770 967 καὶ
2798 912 3126 984 θεραπειῶν,
3172 912 3231 967 '0
3271 915 3382 985 γάρ
3400 917 3502 988 τὴν
3530 917 3715 988 ψυχὴν
3752 921 3861 970 xci-

2275 1024 2393 1072 σας,
2417 1006 2578 1069 αὐτὸς
2599 1007 2693 1061 καὶ
2722 1006 2783 1060 τὸ
2814 1005 2974 1077 σῶμα
3001 1006 3272 1075 πεποίηκε
3294 1023 3310 1038 ο
3343 1009 3439 1061 καὶ
3466 1010 3497 1061 ό
3526 1010 3753 1079 ἐκείνην
3768 1012 3860 1077 τὴν

2272 1096 2541 1152 ἀθάνατον
2566 1097 2818 1168 ἰώμενος,
2864 1097 3029 1159 αὐτὸς
3069 1100 3131 1152 τὸ
3170 1097 3333 1169 σῶμα
3356 1100 3585 1154 δύναται
3618 1102 3731 1155 ἀπὸ
3760 1103 3859 1157 τῶν

2274 1190 2627 1262 προσκαίρων
2663 1190 2852 1243 παθῶν
2880 1191 2977 1245 καὶ
3016 1191 3341 1262 νοσημάτων
3372 1191 3741 1262 θεραπεῦσαι.

2345 1285 2423 1339 Ε’.
2477 1284 2638 1337 Ἀλλά
2689 1283 2905 1347 πάντως
2950 1285 3096 1354 ἐρεῖς
3152 1301 3242 1354 μοι
3273 1284 3445 1337 ταῦτα
3467 1301 3483 1315 ο
3520 1282 3610 1348 Τῷ
3638 1284 3859 1353 σώματι

2273 1380 2498 1434 ἔδωκεν
2519 1382 2552 1433 ό
2570 1378 2717 1445 Θεὸς
2741 1381 2829 1445 είς
2857 1379 3198 1446 θεραπείαν,
3230 1377 3339 1444 τάς
3372 1395 3438 1432 τε
3460 1377 3743 1443 βοτάνας
3762 1377 3862 1445 τῆς

2272 1472 2407 1544 γῆς,
2440 1470 2542 1526 καί
2582 1471 2656 1525 τὰ
2672 1470 2975 1540 φάρμακα,
3012 1470 3113 1523 καί
3143 1468 3365 1538 ἰατρῶν
3392 1470 3859 1539 ἐπιτηδεύματα,

2272 1564 2424 1633 πρὸς
2446 1565 2515 1618 τὰ
2544 1562 2651 1617 τοῦ
2684 1562 2959 1632 σώματος
2980 1560 3139 1629 πάθη
3164 1563 3622 1631 προωτρέπισε,
3658 1563 3730 1615 τὸ
3747 1563 3861 1616 ἀπὸ

2272 1659 2387 1730 γῆς
2404 1658 2478 1712 ὃν
2496 1656 2667 1726 σῶμα
2696 1655 3129 1721 θεραπεύεσθαι
3158 1653 3601 1723 οἰκονομήσας,
3636 1655 3709 1708 ἐκ
3752 1653 3862 1707 τῶν

2234 1798 2239 1803 .
2274 1750 2387 1819 τῆς
2431 1748 2544 1820 τῆς
2590 1747 2887 1816 διαφόρων
2926 1744 3122 1799 ειδῶν.
3187 1743 3453 1814 Σύμφημι
3505 1742 3673 1813 κάγὼ
3696 1742 3865 1796 ταῦτα

588 1830 799 1903 telliges
845 1834 1094 1899 modum,
1131 1835 1336 1905 quibus
1385 1835 1502 1889 haec
1547 1835 1673 1889 data
1724 1834 1854 1898 sint,
1888 1840 1943 1887 et
1967 1832 2172 1903 quibus
2205 1821 2243 1875 Β

2273 1844 2446 1906 οὕτως
2473 1842 2618 1913 ἔχειν
2640 1856 2654 1870 ·
2674 1839 2809 1893 ἀλλά
2840 1837 3098 1910 πρόσεχε,
3152 1836 3247 1891 καὶ
3278 1836 3463 1908 γνώσῃ
3493 1836 3585 1889 τὸν
3643 1836 3863 1905 τρόπον,

2273 1936 2384 1990 τίσι
2442 1933 2619 1988 ταῦτα
2668 1933 2900 1999 δέδοται,
2962 1932 3060 1985 καὶ
3086 1930 3229 1985 τίσιν
3250 1928 3673 2000 ᾠκονόμησενὸ
3716 1925 3865 1989 Θεὸς,

2273 2026 2416 2079 κατά
2439 2024 2639 2094 πολλὴν
2660 2023 2755 2076 καὶ
2782 2022 3011 2092 ἄπειρον
3044 2019 3457 2090 φιλανθρωπίαν
3479 2018 3577 2072 καὶ
3631 2019 3867 2089 χρηστό-

2270 2134 2430 2188 τητα.
2468 2112 2748 2169 Ἐκπεσὼν
2786 2116 2815 2167 ό
2844 2116 3132 2184 ἄνθρωπος
3158 2111 3267 2165 ἀπὺ
3297 2111 3400 2181 τῆς
3430 2110 3661 2179 ἐντολῆς
3694 2104 3764 2178 ἧς
3789 2111 3864 2161 εί-

2270 2209 2458 2280 λήφει,
2498 2211 2594 2264 καὶ.
2620 2208 2726 2262 ὐπὸ
2755 2207 2854 2273 τὴν
2901 2206 3179 2275 ἀπόφασιν
3208 2204 3383 2275 ὀργῆς
3436 2201 3717 2272 γεγονὼς,
3774 2200 3866 2254 καὶ

2270 2301 2458 2371 ὥσπερ
2492 2300 2574 2362 είς
2628 2297 3008 2369 αἰχμαλωσίαν
3063 2294 3157 2349 καὶ
3214 2293 3463 2364 ἀτιμίαν,
3516 2291 3551 2360 ἢ
3596 2290 3862 2360 pscium

2267 2393 2414 2456 τινὸς
2439 2393 2723 2463 ἐργασίαν,
2752 2392 2815 2443 ἐκ
2837 2390 2935 2457 τῆς
2959 2388 3173 2460 τρυφῆς
3195 2387 3288 2440 τοῦ
3314 2384 3659 2457 παραδείσου
3683 2387 3764 2444 εἱς
3778 2384 3863 2435 τόν

2268 2483 2472 2554 κόσμον
2497 2480 2685 2534 τοῦτον
2717 2477 3037 2550 ἐξορισθεὶς,
3082 2479 3176 2533 καὶ
3209 2476 3315 2531 ὑπὸ
3346 2476 3447 2546 τὴν
3478 2473 3742 2539 ἐξουσίαν
3772 2475 3862 2526 τοῦ

2269 2578 2494 2639 σκότους
2517 2572 2777 2643 γεγονὼς,
2809 2572 2906 2626 καὶ
2936 2572 3162 2634 ἄπιστος
3194 2570 3303 2624 τῶν
3332 2567 3525 2622 παθῶν
3552 2567 3858 2629 κακαστὰς,

2267 2668 2374 2721 ὑπὸ
2409 2667 2477 2720 τά
2513 2666 2663 2736 πάθη
2694 2663 2903 2728 λοιπὸν,
2934 2665 3033 2718 καὶ
3061 2663 3131 2718 τά
3180 2663 3471 2732 νοσήματα
3519 2660 3627 2729 τῆς
3661 2658 3860 2728 σαρκὸς

2266 2761 2581 2821 πέπτωκεν,
2612 2760 2641 2812 ό
2671 2758 2802 2829 πρὶν
2829 2757 3178 2829 ἀπαθὴς,κώ¹
3219 2756 3431 2817 ἄνοσος.
3462 2752 3639 2823 Δῆλον
3664 2752 3725 2805 δὲ
3779 2752 3859 2803 ὅτι

2264 2854 2359 2908 καὶ
2388 2853 2586 2915 πάντες
2624 2851 2674 2904 οί
2700 2850 2761 2916 ἐξ
2792 2850 2960 2905 αὑτοῦ
2990 2849 3346 2921 γεννηθέντες
3378 2849 3495 2911 τοῖς
3532 2847 3726 2908 αὐτοῖς
3756 2846 3861 2898 πά-

2266 2948 2415 2999 θεσιν
2438 2942 2925 2998 ὑποπεπτώκασιν.

2302 3042 2396 3105 ς’.
2460 3036 2790 3107 ’ῼκονόμησε
2838 3034 3019 3088 τοίνυν
3061 3032 3237 3088 ταῦτα
3286 3034 3400 3093 τοῖς
3456 3030 3719 3085 ἀσθενέσι
3767 3030 3857 3087 καὶ

2264 3130 2516 3189 ἀπίστοις
2550 3131 2577 3181 ό
2598 3127 2754 3191 Θεὸς,
2796 3128 2871 3197 μὴ
2905 3126 3193 3197 βουληθεὶς
3233 3124 3518 3187 παντελῶς
3547 3124 3858 3193 ἐξολοθρεῦ-

2268 3239 2357 3275 σαι
2402 3220 2463 3273 τὸ
2498 3219 2825 3291 ἁμαρτωλὸν
2876 3219 2984 3272 τῶν
3018 3216 3327 3291 ἀνθρώπων
3350 3216 3512 3285 γένος
3533 3217 3629 3270 διὰ
3660 3216 3857 3282 πολλὴν

2264 3314 2633 3387 χρηστότητα.
2668 3312 2808 3366 Ἀλλ’
2834 3313 3035 3365 ἔδωκεν
3060 3312 3141 3376 εἰς
3169 3310 3535 3381 ψυχαγωγίαν
3569 3311 3670 3363 καὶ
3698 3310 3856 3379 θερα.

2266 3407 2429 3460 πείαν
2462 3407 2558 3460 καὶ
2590 3406 2911 3473 ἐπιμέλειαν
2938 3405 3033 3457 τοῦ
3062 3404 3321 3475 σώματος
3347 3403 3419 3457 τὰ
3441 3404 3721 3475 φάρμακα
3748 3406 3857 3465 τοῖς

2263 3499 2359 3553 τοῦ
2378 3500 2584 3571 κόσμου
2618 3499 2953 3570 ἀνθρώποις,
2984 3499 3078 3552 καὶ
3109 3497 3348 3562 τοίςὲξω
3372 3499 3514 3552 πᾶσι
3534 3516 3549 3528 ο
3580 3497 3857 3559 κάκείνοις

2267 3593 2613 3663 συνεχώρησε
2645 3592 2871 3654 τούτους
2910 3590 3147 3662 χρᾶσθαι
3169 3593 3301 3655 τοὺς
3343 3590 3423 3661 τῷ
3462 3590 3585 3661 Θεῷ
3631 3590 3853 3660 μηδέπω

2264 3685 2597 3754 δυναμένους
2649 3686 2708 3752 ἐξ
2762 3686 2883 3738 ὅλου
2923 3686 3152 3748 ἑαυτοὺς
3179 3684 3565 3755 ἐμπιστεύειν.
3620 3684 3697 3737 Σὺ
3728 3684 3783 3736 δέ
3826 3685 3851 3734 ό

2267 3776 2536 3846 μονάζων,
2567 3778 2595 3828 ὁ
2628 3776 3049 3847 προσεληλυθώς
3067 3777 3145 3846 τῷ
3175 3776 3424 3847 Χριστῷ,
3452 3776 3689 3837 καὶυίὸς
3721 3775 3848 3828 θεοὶ

2266 3868 2592 3939 βουλόμενος
2640 3864 2802 3935 εἶναι,
2849 3872 2943 3924 καὶ
2975 3870 3183 3924 ἄνωθεν
3214 3873 3280 3924 ἐκ
3310 3870 3636 3939 Πνεύματος
3662 3886 3847 3937 γεννη-

2263 3961 2443 4032 θῆναι,
2486 3963 2583 4015 καὶ
2626 3964 2905 4031 ἁνωτέρας
2944 3963 3040 4016 καὶ
3086 3963 3309 4032 μείζους
3357 3962 3455 4015 τοῦ
3505 3963 3728 4033 πρώτου
3758 3965 3845 4015 καὶ

2262 4053 2512 4119 ἀπαθοῦς
2576 4053 2865 4125 ἀνθρώπου
2918 4054 3252 4123 ἐπαγγελίας
3300 4054 3697 4123 ἐκδεχόμενος,
3755 4052 3843 4121 trp

2260 4147 2513 4201 εὐδοκίαν
2541 4146 2640 4216 τῆς
2694 4146 2792 4198 τοῦ
2821 4146 3030 4217 Κυρίου
3081 4146 3401 4216 ἐπιδημίας,
3435 4146 3536 4197 καὶ
3578 4145 3731 4210 ξένος
3754 4143 3837 4195 τοῖν

2261 4241 2470 4311 κόσμου
2499 4238 2763 4309 γεγονὼς,
2794 4240 3121 4310 καινοτέραν
3143 4238 3265 4291 τινά
3307 4239 3404 4292 καὶ
3441 4237 3603 4307 ξένην
3643 4237 3834 4293 πίστιν.

2261 4332 2357 4385 καὶ
2386 4332 2617 4395 ἔννοιαν,
2671 4332 2767 4384 καὶ
2798 4329 3079 4384 πολιτείαν
3144 4330 3298 4400 παρὰ
3353 4330 3574 4392 πάντας
3598 4331 3727 4391 τοὺς
3752 4326 3835 4381 τοῦ

2260 4421 2470 4491 κόσμου
2527 4421 2851 4493 ἀνθρώπους
2880 4420 3178 4490 κεκτῆσθαι
3207 4420 3471 4488 ὀφείλεις.
3507 4419 3647 4484 Δόξα
3678 4418 3832 4489 Πατρί

2177 4512 2355 4583 Βκαὶ
2404 4510 2541 4581 Υἱῷ.
2601 4511 2697 4566 καὶ
2760 4510 2903 4581 ἁγίῳ
2945 4510 3246 4581 Πνεύματι,
3310 4512 3394 4574 εἰς
3446 4512 3579 4573 τοὺς
3622 4510 3826 4571 αἰῶνας.

2272 4600 2461 4671 Ἀμήν.

2840 4734 3083 4787 OMIAIA
3117 4735 3253 4789 ΜΘ.

2251 4830 2373 4883 Οὐκ
2416 4825 2683 4894 ἐπαρκεῖ,
2735 4823 2841 4892 τῆς
2890 4824 3125 4894 τρυφῆς
3180 4826 3403 4879 τούτου
3469 4826 3582 4880 τοῦ
3610 4830 3818 4893 κόσμου

2326 4897 2773 4965 ἀπαλλαγῆναι,
2803 4897 2913 4949 ἐὰν
2946 4896 3031 4966 μή
3058 4913 3147 4963 τις
3174 4894 3291 4965 τὴν
3312 4900 3624 4966 μακαρίαν
3648 4898 3819 4950 ἄλλον

2326 4969 2432 5023 τοῦ
2458 4970 2689 5037 κόσμου
2714 4968 2893 5035 λάϐῃ.

2326 5082 2404 5134 Α’.
2447 5082 2573 5135 Ἐάν
2597 5098 2682 5144 τις
2712 5078 2943 5144 ἐξελθὼν
2969 5079 3078 5133 τῶν
3103 5079 3268 5143 ἰδίων,
3293 5078 3390 5132 καὶ
3423 5080 3812 5149 ἀποταξάμενος

2252 5173 2330 5243 τῷ
2354 5174 2545 5244 κόσμῳ
2581 5172 2781 5243 τούτῳ,
2814 5172 2909 5225 καὶ
2933 5174 3032 5241 τῆς
3059 5172 3267 5242 τρυφῆς
3301 5170 3395 5223 τοῦ
3420 5174 3631 5241 κόσμου
3658 5171 3807 5225 ἀπα).-

2254 5265 2464 5335 λαγεὶς,
2486 5266 2579 5319 καὶ
2607 5267 2924 5336 κτημάτων,
2953 5266 3047 5317 καὶ
3081 5264 3309 5335 πατρὸς,
3341 5265 3439 5317 καὶ
3471 5265 3690 5334 μητρὸς,
3711 5263 3807 5314 Evs-

2252 5375 2348 5411 κεν
2376 5358 2469 5411 τοῦ
2502 5358 2732 5428 Κυρίου,
2789 5358 2884 5411 καὶ
2938 5356 3129 5411 ἐαυτὸν
3161 5356 3509 5425 σταυρώσας,
3564 5357 3704 5423 ξένος
3727 5354 3804 5407 καί

2251 5451 2443 5521 πένης,
2472 5452 2567 5505 καὶ
2595 5451 2782 5520 ἐνδεὴς
2820 5454 3063 5521 γένηται,
3096 5451 3220 5502 ἀντὶ
3252 5449 3309 5501 δέ
3344 5449 3449 5519 τῆς
3477 5450 3803 5509 ἀναπαύσεως

2252 5543 2346 5596 τοῦ
2385 5544 2596 5612 κόσμου
2652 5545 2961 5597 ἀνάπαυσιν
2992 5544 3205 5613 θεῖκὴν,
3254 5544 3313 5594 ἐν
3353 5543 3535 5613 ἑαυτῷ
3574 5543 3645 5615 μὴ
3669 5542 3798 5611 εὗρε,

2252 5637 2346 5687 καὶ
2371 5636 2492 5690 ἀντὶ
2513 5636 2613 5705 τῆς
2637 5636 2973 5707 προσκαίρου
2994 5636 3228 5705 τρυφῆς,
3266 5636 3478 5708 τρυφὴν
3513 5635 3799 5703 Πνεύματος

2250 5730 2329 5789 είς
2362 5727 2463 5799 τὴν
2502 5729 2697 5782 ἑαυτοῦ
2728 5729 2907 5800 ψυχὴν
2955 5729 3030 5799 μὴ
3083 5729 3360 5799 αἴσθηται,
3417 5730 3511 5782 καὶ
3553 5729 3665 5781 ἀντὶ
3707 5724 3795 5776 τῶν

2254 5818 2513 5890 φθαρτῶν
2559 5821 2895 5894 ἐνδυμάτων,
2933 5820 3204 5890 ἐνδύματα
3246 5821 3425 5891 φωτὸς
3469 5820 3705 5890 θεότητος
3729 5816 3790 5885 μὴ
