4044 6516
227 345 335 410 813

1395 347 1764 410 IIOMILI/E.
1800 347 2076 422 -IIOM.
2118 349 2325 411 XLIX.

3385 347 3491 413 8M

202 458 595 529 ,ἀμφιάαηται,
649 459 730 520 είς
768 458 859 511 τὸν
902 456 1011 512 ἔσω
1061 458 1378 530 ἄνθρωπον,
1412 458 1507 513 καὶ
1541 458 1664 513 ἀντὶ
1707 456 1807 526 τῆς

1915 455 2165 511 interiori
2208 456 2461 522 homine;
2490 465 2546 512 et
2578 471 2678 528 pro
2709 457 2882 528 priori
2911 464 2968 514 et
2994 457 3202 512 carnali
3230 459 3492 516 societate

227 542 498 623 n'potépou
525 551 620 604 καὶ
650 551 924 622 σαρκικῆς
945 551 1230 614 κοινωνίας
1255 550 1484 620 ταύτης,
1518 549 1806 604 κοινωνίαν

227 643 324 698 τοῦ
355 643 682 714 ἐπουρανίου
722 645 779 696 ἐν
811 645 876 715 τῇ
918 642 1113 697 ἑαυτοῦ
1171 641 1316 713 ψυχῇ
1348 645 1406 696 ἐν
1461 639 1808 714 πληροφορίᾳ

234 738 309 806 μὴ
339 735 474 805 γνῷ,
505 735 600 789 καὶ
622 734 744 789 ἀντὶ
767 735 867 803 τῆς
899 734 1235 804 φαινομένης
1269 733 1366 788 τοῦ
1390 733 1597 804 κόσμου
1614 732 1805 786 τούτου

227 829 429 899 χαρᾶς,
455 829 634 899 χαρὰν
686 825 1005 895 Πνεύματος
1034 825 1184 879 ἔνδον
1219 824 1296 896 μὴ
1335 826 1460 896 σχῇ,
1497 825 1594 878 καὶ
1625 824 1809 895 παρά·-

228 919 425 989 κλησιν
453 919 704 990 οὐρανίου
734 916 976 990 χάριτος,
1023 917 1118 971 καὶ
1157 917 1454 987 χορτασίαν
1481 915 1630 969 θείαν
1655 917 1712 968 ἐν
1738 917 1806 987 τῇ

226 1013 374 1082 ψυχῇ
415 1011 490 1082 μὴ
519 1011 656 1081 λάϐῃ
681 1012 738 1064 ἐν
773 1009 854 1078 τῷ
883 1008 1186 1080 ἐποφθῆναι
1213 1007 1364 1078 αὐτῷ
1393 1007 1493 1080 τὴν
1525 1007 1686 1072 δόξαν
1711 1006 1807 1061 τοῦ

227 1102 461 1173 Κυρίου,
484 1099 628 1155 κατά
654 1100 717 1154 τὺ
760 1099 1182 1171 γεγραμμένονο
1208 1099 1306 1152 καὶ
1333 1097 1670 1162 ἁπαξαπλῶς
1689 1097 1811 1151 ἀντὶ

227 1193 434 1264 ταύτης
464 1195 565 1264 τῆς
595 1191 932 1264 προσκαίρου
967 1190 1344 1256 ἀπολαύσεως,
1367 1189 1668 1244 ἀπόλαυσιν
1698 1189 1807 1259 ἀφ-

227 1287 430 1359 θαρτον
459 1285 823 1356 ἐπιθυμητὴν,
850 1288 908 1339 ὲν
936 1287 1002 1356 τῇ
1037 1283 1231 1338 ἐαυτοῦ
1260 1283 1407 1356 ψυχῇ
1437 1282 1512 1355 μὴ
1538 1284 1811 1354 κτήσηται

227 1377 358 1431 νῦνο
391 1369 545 1439 οὗτος
578 1377 801 1444 γέγονεν
839 1375 974 1438 ἅλας
1009 1375 1219 1446 μωρόν·
1258 1365 1414 1438 οὗτος
1439 1374 1671 1439 ἐλεεινός
1695 1375 1811 1428 ἐστι

227 1469 382 1538 παρά
427 1468 638 1531 πάντας
684 1466 1043 1537 ἀνθρώπους·
1076 1458 1234 1530 οὗτος
1282 1465 1378 1520 καὶ
1419 1467 1528 1520 τῶν
1557 1467 1811 1521 ἐντεῦθεν

228 1557 522 1629 ἐστερήθη,
577 1558 672 1611 καὶ
695 1556 804 1610 τῶν
832 1555 1032 1609 θεῖκῶν
1057 1555 1157 1609 οὐκ
1184 1556 1461 1610 ἀπέλαυσε
1482 1573 1497 1587 ·
1536 1557 1810 1628 μυστήρια

229 1647 352 1700 θεῖα
378 1647 445 1700 δι’
466 1646 746 1716 ἐνεργείας
770 1645 865 1699 τοῦ
895 1644 1210 1714 Πνεύματος
1234 1645 1334 1699 οὐκ
1368 1645 1509 1716 ἔγνω
1531 1647 1588 1700 ἐν
1603 1645 1684 1719 τῷ
1702 1646 1809 1701 ἔσω

226 1737 397 1792 αὐτοῦ
418 1739 515 1792 ἀνθ
524 1737 709 1810 ρώπῳ.

1905 547 2028 613 hac,
2088 549 2409 604 societatem
2459 549 2736 606 caelestem
2797 550 2854 605 in
2913 565 3012 606 sua
3067 551 3241 621 ipsius
3287 551 3490 618 anima,

1907 647 2057 695 certa
2087 639 2288 696 ﬁducia
2319 641 2504 699 nixus.
2527 656 2637 696 non
2659 651 2952 713 agnoscat;
2977 650 3032 697 et
3065 658 3165 712 pro
3193 643 3495 712 conspicuo

1909 730 2079 799 hujus
2113 731 2306 786 mundi
2347 731 2572 803 gaudio,
2607 733 2866 804 gaudium
2900 732 3138 804 Spiritus
3179 733 3330 788 intus
3383 749 3494 788 non

1909 819 2132 885 habeat,
2159 829 2216 876 et
2237 821 2672 876 consolationem
2705 822 2947 879 caelestis
2982 823 3192 894 gratiae,
3230 833 3288 879 et
3323 823 3491 879 satie-

1909 920 2077 967 tatem
2107 911 2352 967 divinam
2409 914 2467 968 in
2525 915 2706 969 anima
2765 929 2878 970 non
2921 925 3316 986 consequatur,
3360 916 3492 972 dum

1907 991 2152 1075 apparet
2179 1005 2231 1060 ei
2277 1005 2450 1076 gloria
2493 1006 2736 1072 Domini,
2765 1017 2827 1061 ut
2857 1007 3123 1078 scriptum
3166 1016 3398 1076 est;et,
3434 1019 3496 1066 ut

1909 1095 2080 1150 semel
2113 1094 2314 1161 dicam,
2357 1110 2458 1166 pro
2497 1105 2882 1152 momentanea
2929 1097 3034 1152 hac
3059 1098 3362 1170 voluptate,
3401 1116 3496 1154 vo-

1908 1187 2174 1257 luptatem
2196 1187 2678 1258 ineorruptibilem
2705 1189 3075 1245 desideratam
3108 1191 3164 1246 in
3195 1207 3294 1246 sua
3325 1193 3496 1262 ipsius

1910 1278 2096 1334 anima
2117 1294 2267 1334 nunc
2304 1293 2415 1333 non
2439 1278 2712 1345 obtin‘eat,
2754 1280 2846 1336 hic
2874 1281 3050 1338 factus
3078 1292 3163 1338 est
3193 1284 3272 1339 sal
3302 1283 3499 1354 insipi-

1909 1367 2066 1434 dum,
2118 1369 2211 1424 hic
2255 1368 2627 1425 miserabilior
2681 1380 2948 1442 estquam
2977 1374 3165 1428 cuncti
3201 1375 3495 1429 homines:

1911 1461 2006 1517 hic
2025 1469 2084 1516 et
2105 1461 2466 1516 saecularibus
2495 1459 2746 1532 privatus
2777 1475 2882 1527 εει,
2901 1473 2957 1519 ει
2985 1463 3194 1521 divinis
3225 1482 3334 1521 non
3357 1466 3497 1521 frui-

1914 1559 2035 1608 tur:
2074 1554 2337 1625 mysteria
2369 1553 2557 1608 divina
2611 1569 2709 1624 per
2754 1555 3132 1625 operationem
3173 1557 3414 1627 Spiritus
3442 1559 3499 1614 in

1913 1645 2139 1702 homine
2161 1645 2426 1702 interiore
2453 1661 2566 1701 nou
2587 1647 2865 1718 cognovit.

302 1831 378 1884 B’.
416 1799 704 1885 Διά’τοῦτο
719 1830 830 1902 γὰρ
851 1830 1001 1897 ξένος
1019 1833 1114 1886 τοῦ
1144 1832 1352 1904 κόσμου
1384 1831 1680 1904 γεγένηταί
1697 1848 1803 1898 τις,

1981 1823 2046 1878 11.
2077 1823 2377 1894 Propterea
2402 1823 2549 1879 enim
2597 1823 2816 1880 alienus
2861 1824 3072 1880 mundo
3097 1824 3217 1880 ﬁeri
3255 1826 3380 1896 quis
3406 1840 3498 1881 so-

226 1923 318 1976 ἵνα
347 1924 426 1986 είς
453 1922 642 1994 ἓτερον
661 1923 888 1994 κόσμον,
925 1925 1018 1979 καὶ
1042 1925 1216 1979 αἰῶνα
1241 1927 1320 1997 τῷ
1346 1927 1659 1998 φρονήματι
1678 1942 1807 1997 μετ-

227 2019 361 2092 ἔλθῃ
389 2021 423 2090 ή
475 2019 622 2092 ψυχή
651 2020 838 2085 αὑτοῦ,
880 2021 1022 2075 κατά
1068 2022 1162 2076 τὸν
1229 2023 1580 2077 Ἀπόστολον·
1620 2020 1808 2092 Ἡμῶν

226 2112 362 2181 γὰρ,
385 2111 538 2182 φησὶ,
589 2111 658 2166 τὸ
705 2113 1039 2182 πολίτευμα
1085 2113 1156 2168 ἐν
1199 2113 1479 2182 οὐρανοῖς
1525 2112 1802 2184 ὑπάρχει.

223 2205 342 2258 Καὶ
367 2204 551 2270 πάλιν,
572 2203 697 2257 Ἐπί
719 2202 834 2274 τῆς
847 2206 1336 2273 περιπατοῦντες,
1355 2207 1427 2260 οὐ
1445 2205 1596 2260 κατά
1609 2206 1808 2274 σάρκα

223 2295 692 2366 στρατευόμεθα.
719 2298 810 2349 Δεῖ
837 2295 1016 2349 τοίνυν
1047 2295 1139 2350 τὸν
1171 2297 1583 2368 ἀποταξάμενον
1610 2296 1689 2369 τῷ
1715 2298 1809 2351 κό-

225 2405 356 2459 σμῳ
401 2391 594 2458 τούτῳ,
622 2387 854 2458 βεϐαίως
895 2388 1204 2455 πιστεῦσαι,
1235 2389 1317 2443 ὅτι
1367 2390 1475 2462 χρὴ
1507 2391 1587 2454 είς
1616 2391 1806 2462 ἕτερον

225 2478 404 2533 αἰῶνα
439 2479 515 2550 τῷ
544 2479 855 2551 φρονήματι
883 2479 992 2533 ἀπὸ
1021 2482 1115 2534 τοῦ
1137 2479 1234 2534 νῦν
1262 2481 1351 2536 διὰ
1380 2481 1474 2536 τοῦ
1496 2483 1806 2554 πνεύματος

229 2571 556 2644 μεταϐῆναι,
582 2572 745 2625 κάκεῖ
763 2573 1142 2627 πολιτεύεσθαι
1169 2575 1264 2627 καὶ
1290 2577 1526 2646 τρυφᾷν,
1559 2576 1652 2629 καὶ⁵
1671 2577 1807 2630 ἀπο⁴

223 2665 414 2720 λαύειν
443 2665 831 2736 πνευματικῶν
864 2665 1108 2734 ἀγαθῶν,
1134 2668 1230 2720 καὶ
1256 2667 1349 2720 τὸν
1383 2667 1490 2720 ἔσω
1517 2666 1806 2737 ἄνθρωπον

223 2760 297 2812 ἐκ
326 2757 635 2828 πνεύματος
659 2758 1006 2829 γεννηθῆναι,
1041 2757 1226 2822 καθὼς
1258 2761 1286 2812 ὁ
1308 2760 1512 2830 Κύριος
1534 2756 1687 2813 εἶπεν
1706 2777 1720 2792 ο
1751 2760 1806 2814 '0

224 2849 535 2903 πιστεύων
561 2851 649 2916 είς
685 2849 811 2918 ἐμὲ,
856 2849 1264 2918 μεταϐέϐηκεν
1299 2851 1369 2905 ἐκ
1399 2851 1506 2906 τοῦ
1544 2851 1807 2907 θανάτου

221 2939 318 3004 είς
343 2937 458 3006 τὴν
479 2936 629 3004 ζωήν
649 2957 663 2970 ·
697 2938 885 3006 ἐπειδή
912 2939 1062 2991 ἐστιν
1095 2939 1255 3003 ἀλλος
1279 2939 1511 3004 θάνατος
1534 2943 1686 3010 παρά
1717 2941 1807 2994 τὸν

225 3027 580 3097 φαινόμενον,
628 3027 724 3082 καὶ
755 3027 888 3098 άλλη
937 3027 1052 3100 ζωή
1095 3029 1250 3101 παρά
1307 3030 1406 3102 τὴν
1435 3033 1805 3104 φαινομένην·

1908 1915 2008 1978 let,
2042 1913 2194 1969 utad
2245 1913 2415 1968 alium
2467 1913 2732 1968 mundum
2785 1924 2843 1970 et
2895 1915 3158 1970 saeculum
3211 1917 3499 1973 intellectu

1910 2015 2156 2063 transeat
2175 2007 2358 2062 anima
2387 2008 2530 2078 ejus,
2555 2007 2861 2062 secundum
2896 2009 3219 2078 Apostolum
3257 2028 3271 2064 :
3304 2009 3499 2065 Nostra

1908 2099 2072 2163 enim,
2106 2097 2308 2169 inquit,
2334 2099 2660 2152 conversatio
2688 2099 2743 2152 in
2772 2097 2911 2153 cretis
2936 2108 3012 2153 est
3038 2100 3104 2154 “.
3149 2101 3216 2155 Et
3242 2115 3497 2156 rursum:

1908 2189 1975 2244 In
2009 2205 2172 2244 carne
2204 2187 2561 2253 ambulantes,
2595 2205 2700 2242 non
2739 2191 3026 2243 secundum
3053 2207 3268 2244 carnem
3298 2190 3499 2246 milita—

1909 2300 2024 2338 mus
2056 2283 2123 2336 ι’.
2174 2279 2407 2352 Oportet
2458 2295 2591 2352 ergo
2640 2296 2788 2346 eum,
2823 2281 2920 2351 qui
2976 2283 3316 2336 renuntiavit
3371 2283 3502 2337 huic

1908 2373 2138 2438 mundo,
2194 2372 2428 2427 ﬁrmiter
2493 2371 2742 2436 credere,
2794 2372 2941 2444 quod
2985 2382 3240 2444 oporteat
3272 2375 3326 2428 in
3354 2374 3502 2430 aliud

1906 2466 2165 2521 saeculum
2183 2463 2368 2519 animo
2383 2463 2496 2535 jam
2513 2479 2662 2519 nunc
2681 2479 2779 2534 per
2797 2464 3056 2535 spiritum
3083 2466 3497 2525 transcendere.

1909 2559 2099 2628 ibique
2126 2557 2442 2612 conversari
2487 2572 2553 2612 ac
2571 2557 2857 2624 delectari,
2885 2568 2941 2614 et
2979 2558 3086 2612 frui
3115 2559 3502 2630 spiritualibus

1910 2650 2090 2716 bonis,
2121 2658 2179 2704 et
2221 2649 2544 2704 interiorem
2585 2649 2864 2706 hominem
2891 2666 2923 2706 e
2961 2651 3169 2722 Spiritu
3203 2654 3394 2720 nasci,
3441 2662 3505 2708 ut

1909 2741 2050 2796 dixit
2092 2740 2395 2807 Dominus;
2455 2739 2557 2805 Qui
2597 2742 2763 2795 credit
2802 2744 2858 2796 in
2893 2758 2996 2809 me,
3025 2753 3220 2799 transit
3276 2764 3309 2800 α
3338 2757 3505 2801 morte

1909 2834 1964 2887 in
2027 2833 2195 2886 vitam
2221 2830 2286 2885 ¹³.
2354 2831 2641 2902 Siquidem
2682 2840 2768 2888 est
2821 2832 2928 2888 alia
2968 2849 3118 2890 mors
3156 2845 3356 2905 praeter
3382 2853 3504 2892 eam

1909 2940 2032 2994 quas
2063 2924 2308 2989 videtur,
2340 2932 2395 2979 et
2436 2924 2541 2979 alia
2580 2925 2693 2980 vita
2730 2935 2929 2996 praeter
2959 2942 3079 2982 eam
3112 2943 3235 2997 quae
3259 2929 3504 2985 videtur.

1911 3021 2000 3076 Ait
2029 3021 2178 3076 enim
2202 3020 2486 3092 Scriptura
2511 3039 2524 3074 :
2555 3020 2686 3086 Qua:
2709 3023 2763 3076 in
2791 3021 2990 3077 deliciis
3020 3032 3118 3089 est,
3145 3024 3317 3078 vivens
3349 3021 3507 3092 155

222 3119 379 3190 λέγει
403 3121 566 3192 γάρή
595 3120 787 3193 Γραφὴ
833 3123 914 3175 ὅτι
974 3121 1038 3176 Ἠ
1074 3121 1472 3186 σπαταλῶσα,
1519 3123 1676 3184 ζῶσα
1719 3123 1805 3178 τέ-

1914 3124 2126 3168 mortua
2151 3122 2229 3168 est
2249 3113 2310 3169 “.
2331 3113 2464 3170 Item
2489 3131 2503 3168 :
2543 3112 2672 3170 Sine
2701 3123 2758 3168 ut
2783 3117 2978 3170 mortui
2995 3115 3254 3187 sepeliant
3273 3125 3508 3170 mortuos

222 3215 478 3279 θνηκεν.
506 3213 638 3278 Καὶ,
671 3214 880 3283 ’Ἄφετε
910 3213 1052 3280 τοὺς
1092 3214 1347 3282 νεκροὺς
1373 3215 1622 3272 θάπτειν
1667 3215 1810 3282 τοὺς

221 3304 464 3360 ἑαυτῶν
484 3307 739 3374 νεκρούς
759 3325 771 3338 ο
800 3305 892 3359 ὅτι
921 3307 1033 3374 οὐχ
1057 3309 1112 3360 οἱ
1137 3307 1339 3374 νεκροί
1371 3307 1690 3363 αὶνέσουσί
1716 3325 1810 3374 σε,

223 3398 430 3463 Κύριε,
457 3397 594 3451 ἀλλ’
619 3397 784 3466 ἡμεῖς
815 3399 869 3452 o.’
898 3397 1108 3463 ζῶντες
1141 3399 1560 3470 εὐλογήσομέν
1582 3416 1675 3455 σε.

304 3488 378 3541 Γ.
409 3489 624 3561 ’Ὠσπερ
658 3491 766 3561 γάρ
813 3493 841 3544 ό
885 3491 1038 3561 ἥλιος
1079 3490 1368 3554 ἀνατείλας
1404 3493 1495 3544 ἐπὶ
1537 3493 1641 3564 τὴν
1689 3496 1814 3566 γῆν,

224 3582 354 3646 ὅλος
382 3586 440 3636 ἐν
470 3586 536 3655 τῇ
579 3587 648 3654 γῇ
679 3587 854 3638 ἐστιν·
886 3585 1025 3638 ὲπάν
1061 3584 1118 3637 δὲ
1143 3585 1284 3655 ’πρὸς
1317 3585 1530 3653 δυσμάς
1566 3587 1812 3656 γένηται,

227 3677 416 3739 πάσας
464 3675 628 3730 αὐτοῦ
661 3677 760 3741 τὰς
792 3677 1016 3741 ἀκτῖνας
1056 3677 1300 3746 συνάγει,
1340 3678 1707 3748 πορευόμενος
1759 3681 1817 3731 ἐν

221 3767 312 3838 τῷ
344 3768 534 3821 ἐαυτοῦ
569 3769 704 3839 οἴκῳ
728 3784 742 3799 ’
789 3768 962 3831 οὕτως
1007 3770 1101 3821 καὶ
1135 3769 1300 3839 ψυχὴ,
1327 3771 1360 3837 ἡ
1396 3769 1469 3839 μὴ
1512 3769 1717 3824 ἀνωθεν
1753 3773 1817 3824 ἐκ

223 3862 326 3915 τοῦ
373 3862 691 3933 Πνεύματος
742 3861 1195 3932 ἀναγεννηθεῖσα,
1235 3862 1332 3931 ὅλη
1375 3863 1433 3914 ἐν
1468 3865 1535 3933 τῇ
1577 3867 1647 3933 γῇ
1700 3866 1817 3916 ἐστι

222 3957 344 4019 τοῖς
371 3955 654 4026 λογισμοῖς
692 3956 864 4024 αὐτῆς
897 3956 991 4007 καὶ
1019 3954 1098 4024 τῷ
1132 3956 1443 4026 φρονήματι
1473 3956 1566 4008 ἐπὶ
1591 3958 1694 4025 γῆς
1723 3958 1817 4010 ἐκ·

223 4049 542 4119 τεινομένη,
589 4049 694 4112 ἕως
738 4048 846 4101 τῶν
877 4050 1131 4118 περάτων
1166 4047 1336 4117 αὐτῆς
1357 4063 1369 4076 ·
1404 4048 1544 4101 ἐπὰν
1587 4049 1646 4102 δὲ
1682 4067 1816 4103 κατ-

224 4141 440 4213 αξιωθῇ
467 4142 566 4213 τὴν
592 4142 914 4212 ἐπουράνιον
941 4141 1127 4194 λαϐεῖν
1154 4140 1248 4193 τοῦ
1273 4141 1591 4211 Πνεύματος
1624 4143 1820 4212 γέννη-

226 4253 322 4289 σιν
382 4236 477 4288 καλ⁵
519 4235 824 4300 κοινωνίαν,
883 4235 1087 4297 πάντας
1133 4234 1302 4302 αὐτῆς
1351 4234 1479 4297 τοὺς
1523 4234 1816 4305 λογισμοὺς

227 4327 567 4394 συνάγουσα,
599 4328 694 4380 καὶ
731 4326 847 4397 μεθ’
877 4327 1075 4397 ἑαυτῆς
1106 4326 1326 4396 ἔχουσα,
1351 4326 1657 4398 εἰσέρχεται
1681 4328 1817 4398 πρὸς

223 4423 325 4475 τὸν
348 4420 552 4492 Κύριον
581 4422 662 4484 είς
682 4421 743 4473 τὸ
772 4420 830 4484 ἐξ
856 4419 1084 4489 οὐρανοῦ
1116 4418 1530 4491 ἀχειροποίητον
1561 4437 1817 4489 κατοικη-

1918 3221 2039 3261 suos
2070 3205 2134 3259 ".
2177 3203 2317 3270 Qnia
2357 3220 2462 3258 non
2489 3206 2686 3260 mortui
2716 3205 3012 3261 laudabunt
3049 3215 3122 3272 te,
3156 3207 3398 3272 Domine,
3419 3208 3508 3262 sed

1919 3313 2012 3351 nos
2041 3297 2132 3367 qui
2155 3297 2375 3351 vivimus
2395 3297 2460 3350 “.

1988 3496 2079 3550 111.
2109 3495 2586 3562 Quemadmodum
2633 3497 2780 3552 enim
2831 3498 2912 3553 sol
2942 3507 3166 3554 exortus
3208 3514 3375 3568 super
3396 3507 3508 3554 ter-

1920 3603 2058 3652 ram,
2106 3595 2256 3642 totus
2319 3588 2374 3643 in
2420 3598 2565 3644 terra
2615 3598 2736 3656 est;
2785 3589 2879 3644 ubi
2912 3599 3096 3645 autem
3141 3591 3208 3645 ad
3255 3605 3506 3646 occasum

1920 3680 2116 3750 vergit,
2177 3695 2372 3734 omnes
2412 3680 2598 3736 radios
2654 3697 2785 3736 suos
2834 3683 3063 3752 colligit,
3117 3684 3422 3753 procedens
3455 3685 3506 3738 in

1921 3771 2146 3824 domum
2186 3786 2340 3825 suam
2375 3790 2388 3824 :
2431 3772 2510 3826 sic
2561 3787 2782 3842 quoque
2811 3772 3015 3839 anima,
3051 3789 3173 3842 qua:
3214 3773 3451 3844 desuper
3479 3788 3510 3828 e

1922 3866 2132 3940 Spiritu
2189 3876 2376 3922 renata
2423 3884 2533 3922 non
2572 3868 2760 3933 fuerit,
2795 3877 2908 3924 tota
2934 3878 3017 3924 est
3053 3871 3108 3924 in
3138 3878 3280 3924 terra
3307 3871 3512 3941 cogita-

1923 3959 2167 4013 tionibus
2195 3968 2251 4013 et
2302 3958 2760 4014 meditationibus
2809 3963 2946 4026 suis,
2976 3976 3143 4031 super
3176 3971 3379 4017 terram
3412 3979 3512 4017 ex-

1922 4058 2078 4106 tensa
2110 4065 2284 4120 usque
2336 4049 2403 4104 ad
2461 4052 2582 4122 ejus
2637 4051 2883 4107 limites:
2937 4053 3030 4108 ubi
3088 4064 3273 4108 autem
3348 4055 3511 4125 digna

1925 4137 2161 4192 habetur
2190 4137 2470 4192 caelestem
2521 4138 2788 4208 consequi
2835 4137 3074 4210 Spiritus
3101 4141 3510 4210 generationem

1921 4238 1976 4283 et
1999 4229 2465 4289 communionem,
2487 4238 2715 4284 cunctas
2743 4246 2872 4285 suas
2898 4231 3260 4302 cogitationes
3285 4231 3510 4301 colligit,

1921 4335 2126 4389 easque
2154 4335 2339 4374 secum
2381 4320 2615 4383 habens,
2661 4321 2971 4391 ingreditur
3003 4324 3071 4378 ad
3107 4325 3419 4389 Dominum,
3457 4324 3511 4376 in

1923 4409 2266 4465 domicilium
2316 4410 2541 4465 caeleste
2589 4427 2700 4465 non
2761 4413 3158 4478 mauul‘actum,
3209 4430 3512 4485 omnesque

223 4518 445 4587 τήριον,
479 4513 574 4567 καὶ
606 4513 805 4576 πάντες
853 4514 904 4566 οἱ
936 4512 1192 4583 λογισμοὶ
1225 4513 1396 4581 αὐτῆς
1423 4513 1684 4584 οὐράνιοι,
1722 4514 1810 4566 καὶ

1923 4501 2286 4573 cogitationes
2305 4501 2449 4570 ejus,
2475 4501 2750 4566 caelestes,
2772 4519 2921 4572 pura:
2946 4514 2999 4558 et
3024 4513 3224 4560 sancta:
3248 4506 3510 4573 evadunt,

224 4605 492 4676 καθαροὶ,
541 4605 635 4658 καὶ
685 4606 829 4674 ἆγιοι
875 4605 1174 4674 γίγνονται,
1206 4605 1515 4678 χωροῦντες
1556 4607 1636 4669 είς
1681 4606 1810 4678 ἀέρα

1919 4596 2219 4665 migrantes
2253 4592 2308 4645 in
2347 4607 2533 4647 aerem
2572 4594 2844 4650 divinum.
2878 4596 3072 4651 Anima
3105 4598 3250 4652 enim
3280 4599 3512 4654 liberata

223 4699 444 4754 θεῖκόν.
481 4699 769 4752 Ἱύσθετσα
811 4700 918 4769 γὰρ
952 4700 984 4768 ή
1016 4698 1160 4770 ψυχὴ
1210 4700 1275 4750 ὲκ
1311 4701 1412 4771 τῆς
1450 4699 1699 4770 φυλακῆς
1726 4699 1810 4752 τοί

1919 4702 1950 4742 e
1984 4701 2207 4742 carcere
2257 4683 2613 4740 tenebrarum
2665 4686 2906 4757 improbi
2957 4688 3224 4758 principis
3281 4689 3512 4758 spiritus

228 4790 468 4850 σκότους
503 4787 597 4842 τοῦ
636 4788 873 4859 πονηροῦ
920 4791 1180 4861 ἄρχοντος
1226 4789 1320 4843 τοῦ
1373 4790 1681 4859 πνεύματος
1732 4789 1810 4843 rei

1925 4785 2134 4850 SiECllli,
2167 4785 2376 4855 reperit
2423 4785 2783 4856 cogitationes
2822 4799 2993 4854 puras
3018 4791 3075 4837 et
3117 4783 3356 4849 divinas,
3380 4783 3508 4852 quia

227 4880 473 4949 κόσμου,
497 4882 739 4951 εὑρίσκει
762 4883 1058 4951 λογισμοὺς
1086 4882 1362 4954 καθαροὺς
1395 4885 1490 4936 καὶ
1515 4883 1713 4950 θείους,
1744 4884 1803 4936 ὅτ

1929 4879 2135 4949 placuit
2178 4879 2290 4934 Deo
2352 4879 2633 4933 hominem
2686 4887 2895 4932 natura:
2945 4877 3146 4931 divinae
3185 4876 3507 4947 participem

223 4973 532 5042 εὐδόκησεν
554 4975 582 5025 ό
604 4972 736 5036 Θεὸς
757 4973 848 5025 τὸν
870 4972 1156 5044 ἄνθρωπον
1183 4974 1408 5043 ποιῆσαι
1433 4973 1582 5037 θείας
1608 4972 1825 5042 φύσεως
1925 4970 2129 5025 facere.

225 5067 516 5120 κοινωνόν.

307 5161 388 5209 Δ’.
427 5156 489 5208 Εἰ
526 5149 619 5208 οὖν
667 5155 1045 5226 ἀναχωρήσεις
1111 5156 1328 5210 πάντων
1370 5156 1478 5210 τῶν
1516 5157 1573 5209 ἐν
1616 5156 1694 5228 τῷ
1730 5156 1810 5226 βίιι

1999 5148 2088 5203 iV.
2149 5147 2204 5202 Si
2267 5148 2434 5212 igitur
2482 5148 2777 5201 recesseris
2813 5163 2840 5200 a
2875 5146 3112 5211 cunctis,
3151 5162 3273 5216 quae
3301 5155 3428 5200 sunt
3456 5146 3511 5200 iu

227 5251 606 5322 πραγμάτων,
635 5249 732 5304 καὶ
757 5252 1190 5320 προσκαρτερείς
1216 5253 1282 5322 τῇ
1310 5252 1440 5320 εὐχῇ
1475 5267 1590 5315 σου,
1625 5251 1810 5320 μᾶλλοι

1929 5243 2040 5296 vita
2063 5285 2077 5307 ,
2116 5240 2314 5304 rebus,
2345 5249 2402 5293 et
2453 5238 2506 5292 in
2540 5240 2794 5293 oratione
2835 5238 3296 5308 perseveraveris,
3331 5237 3514 5307 potius

225 5345 331 5397 τὸν
396 5342 640 5413 κάματον
691 5343 880 5397 τοῦτον
927 5343 1286 5406 ἀναπαύσεως
1354 5345 1548 5413 μεστὸν
1609 5346 1810 5416 ἡγήσῃ

1935 5334 2084 5387 hunc
2115 5331 2582 5400 laboremquietis
2613 5331 2834 5400 plenum
2861 5329 3226 5393 arbitrabere,
3257 5339 3313 5384 et
3340 5327 3514 5382 modi-

228 5437 333 5489 καὶ
363 5436 466 5504 τὴν
514 5435 705 5505 ὀλίγην
747 5435 946 5505 θλίψιν,
999 5436 1092 5489 καὶ
1141 5437 1230 5488 τὸν
1297 5436 1460 5489 πόνον
1509 5437 1685 5506 χαρᾶς
1732 5436 1810 5489 κα¹

1933 5442 2052 5482 eam
2091 5424 2444 5480 aiﬂictionem
2477 5435 2533 5479 et
2575 5425 2844 5487 laborem,
2875 5424 3075 5491 gaudio
3107 5431 3164 5478 et
3188 5423 3512 5479 remissione

227 5527 482 5590 ἀνέσεως
504 5527 791 5581 ἀνάπλεων
818 5529 1059 5599 νομίσεις
1085 5528 1367 5596 μεγίστης.
1397 5529 1460 5580 Εἰ
1497 5527 1608 5599 γὰρ
1642 5528 1736 5584 καὶ
1764 5529 1810 5581 τί

1932 5522 2203 5591 repletum
2239 5518 2584 5574 existimabis
2625 5518 2882 5572 maxima.
2916 5517 2972 5572 Si
3009 5519 3213 5572 etenim
3235 5525 3515 5585 etcorpus

232 5617 411 5688 σῶμά
432 5635 526 5672 σου
561 5619 656 5672 καὶ
684 5621 716 5690 ἡ
748 5620 895 5692 ψυχή
928 5637 1021 5674 σου
1049 5621 1529 5693 καταδεδαπάνητο
1557 5621 1697 5676 κατά
1720 5623 1810 5675 πᾶ·

1930 5629 1986 5674 ct
2027 5617 2211 5673 anima
2261 5623 2352 5670 tua
2407 5620 2868 5669 consumerentur
2926 5610 3155 5681 singulis
3217 5609 3372 5663 horis
3416 5619 3514 5678 per

235 5736 350 5858 i_"
388 5734 628 5806 Philipp.
658 5753 735 5799 tu,
759 5737 848 5792 20.
959 5738 998 5769 ¹¹
1023 5737 1065 5791 ll
1105 5737 1229 5792 Cor.
1253 5756 1304 5802 Χ,
1333 5738 1383 5792 ’5.
1487 5740 1527 5771 ⁸³
1553 5739 1708 5795 datm.
1738 5757 1791 5804 ν,

2023 5738 2064 5769 ιδ
2100 5737 2118 5790 1
2165 5735 2302 5789 Tim.
2352 5751 2400 5799 v,
2617 5735 2653 5763 ⁵⁵
2683 5732 2813 5787 Luc.
2844 5748 2913 5790 ις,
2945 5732 3040 5786 lit).

1487 5740 1527 5771 ”
1553 5739 1708 5795 Joau.
1738 5757 1791 5804 ν,

2023 5738 2064 5769 ιδ
2100 5737 2118 5790 1
2165 5735 2302 5789 Tim.
2352 5751 2400 5799 v,
2617 5735 2653 5763 ⁵⁵
2683 5732 2813 5787 Luc.
2844 5748 2913 5790 ις,
2945 5732 3040 5786 lit).
3135 5731 3176 5761 ’⁵
3210 5729 3353 5783 .i’sal.
3391 5746 3509 5792 cxv,
