4044 6568
546 344 652 400 8ξὸ

1788 349 1846 410 S.
1888 350 2212 410 MACARII
2254 352 2572 414 [EGYPTII

3716 342 3813 407 816

549 456 725 503 totum
763 451 890 507 vitae
937 453 1275 511 curriculum
1322 463 1550 527 propter
1591 465 1741 512 tanta
1768 457 1933 523 bona,
1960 459 2127 528 quid-

2245 478 2326 515 ταν
2360 462 2510 534 ὤραν
2549 464 2610 517 ὲν
2650 462 2757 533 ὅλῳ
2797 460 2876 531 τῷ
2908 460 3007 531 βίῳ
3045 459 3134 514 διὰ
3166 456 3471 530 τηλικαῦτα
3518 454 3719 522 ἀγαθὰ,
3764 455 3816 508 τί

547 555 674 593 nam
708 541 815 597 hoc
841 546 1018 600 esset?
1054 546 1098 603 Ο
1147 548 1484 604 inetl‘abilem
1530 550 1965 606 misericordiam
1993 552 2124 607 Dei!

546 631 643 700 qui
679 634 848 703 gratis
898 651 957 691 se
992 637 1171 707 ipsum
1219 640 1454 710 largitur
1497 640 1879 706 credentibus,
1914 657 1972 696 se
2005 650 2131 712 post

548 727 806 796 exiguum
852 738 1069 799 tempus
1112 731 1283 785 Deum
1318 731 1668 786 hereditario
1693 733 1818 803 jure
1848 748 2132 802 possessu-

549 834 660 881 ros,
699 830 756 875 et
800 823 969 877 Deum
999 825 1375 879 habitaturum
1427 827 1483 880 in
1517 841 1750 896 corpore
1787 828 2047 894 hominis,
2075 838 2132 885 et

548 911 867 967 habiturum
888 914 1181 970 Dominum
1211 916 1519 985 speciosam
1548 917 1793 983 domum,
1822 919 2127 976 hominem.

549 1002 882 1059 Sicukenim
938 1007 1083 1060 Deus
1123 1007 1327 1061 caelum
1367 1016 1423 1061 et
1470 1017 1674 1063 terram
1709 1010 1937 1076 creavit,
1985 1022 2046 1067 ut
2075 1013 2131 1067 in

549 1094 618 1148 iis
652 1094 865 1150 habitet
884 1097 1149 1152 Dominus
1173 1138 1188 1163 ,
1227 1098 1307 1153 sic
1332 1115 1554 1170 quoque
1583 1116 1785 1170 corpus
1811 1110 1867 1157 et
1890 1103 2131 1158 animam

549 1179 793 1235 hominis
833 1184 1048 1239 creavit
1080 1185 1135 1239 in
1169 1186 1511 1242 domicilium
1557 1204 1741 1254 suum,
1772 1200 1833 1243 ut
1858 1190 2135 1246 inhabitet

547 1284 605 1328 et
639 1276 951 1347 requiescat
982 1279 1039 1334 in
1066 1295 1323 1351 corpore,
1357 1282 1509 1336 velut
1546 1282 1601 1335 in
1648 1282 1813 1338 domo
1866 1299 1961 1338 sua
1989 1302 2001 1337 :
2036 1285 2136 1339 ha-

548 1364 688 1420 bens
739 1383 1000 1437 sponsam
1064 1372 1396 1441 speciosam,
1429 1372 1689 1427 dilectam
1741 1373 2002 1439 animam,
2066 1374 2135 1428 ad

550 1460 845 1532 imaginem
873 1479 1027 1518 suam
1051 1466 1350 1521 conditam.
1372 1467 1638 1537 Despondi
1664 1469 1802 1521 enim
1825 1484 1936 1535 vos,
1957 1469 2138 1541 inquit

550 1549 871 1619 Apostolus,
910 1555 1005 1607 uni
1027 1555 1138 1608 viro
1177 1555 1432 1626 virginem
1475 1564 1681 1610 castam
1715 1558 1955 1613 exhibere
1979 1557 2136 1615 Chri-

551 1651 633 1696 sto
655 1645 717 1697 ³⁷.
744 1646 813 1699 Ει
847 1648 1041 1701 iterum
1076 1667 1088 1703 :
1114 1648 1277 1721 Cujus
1302 1654 1484 1708 domus
1509 1672 1693 1709 sumus
1716 1673 1808 1710 nos
1836 1658 1900 1710 ν’.
1931 1654 2136 1722 Quem-

552 1734 848 1791 admodum
889 1740 1036 1794 enim
1058 1741 1143 1794 vir
1168 1741 1224 1795 in
1272 1743 1436 1799 domo
1473 1761 1570 1800 sua
1592 1762 1806 1801 summa
1827 1746 2130 1816 diligentia,

551 1827 733 1882 omnis
765 1830 985 1899 generis
1014 1831 1158 1886 bona
1183 1833 1238 1887 in
1269 1835 1591 1891 thesaurum
1625 1838 1856 1909 colligit,
1886 1839 1966 1893 sic
1998 1854 2137 1909 quu-

551 1935 659 1988 que
692 1922 957 1977 Dominus
988 1926 1043 1979 in
1072 1926 1297 1981 domum
1339 1945 1518 1994 suam,
1552 1932 1791 1986 animam
1827 1941 1883 1987 et
1909 1948 2133 2003 corpus,

553 2012 773 2080 reponit
802 2022 858 2069 et
883 2015 1093 2086 colligit
1118 2017 1343 2074 divitias
1372 2019 1614 2090 Spiritus
1643 2024 1917 2078 caelestes.
1947 2023 2136 2093 Neque

551 2122 688 2162 vero
739 2111 1018 2179 sapientes
1074 2115 1346 2184 sapientia
1410 2133 1530 2183 sua,
1598 2134 1779 2188 neque
1834 2118 2139 2188 prudentes

552 2200 848 2268 prudentia
880 2220 979 2259 sua
1002 2215 1309 2274 potuerunt
1339 2210 1538 2264 animae
1581 2211 1946 2265 subtilitatem
1982 2227 2138 2265 com-

553 2292 922 2362 prehendere,
949 2306 1044 2352 aut
1077 2299 1145 2353 de
1178 2299 1270 2354 illa
1295 2301 1505 2368 dicere,
1541 2318 1653 2372 quo
1684 2311 1847 2373 pacto
1875 2319 1934 2359 se
1964 2303 2139 2358 habe-

552 2394 661 2452 ret,
710 2387 817 2442 nisi
868 2391 1047 2444 solum
1082 2391 1142 2456 ii,
1196 2392 1401 2462 quibus
1437 2410 1536 2465 per
1584 2395 1850 2465 Spiritum
1888 2405 2138 2455 sanctum

553 2477 833 2532 revelatur
876 2482 1324 2550 comprehensio,
1358 2492 1414 2537 et
1455 2494 1644 2540 exacta
1670 2486 1867 2541 animae
1897 2486 2142 2556 cognitio

552 2569 913 2639 perspicitur.
942 2570 1216 2627 Caeterum
1263 2574 1354 2629 hic
1403 2577 1801 2646 contemplare,
1838 2576 2143 2631 discernito

551 2667 611 2712 et
640 2658 905 2730 intellige,
938 2676 1045 2729 quo
1074 2672 1254 2731 pacto,
1280 2664 1412 2718 audi
1442 2683 1454 2719 :
1486 2666 1575 2720 hic
1609 2667 1755 2722 Deus
1780 2675 1885 2729 est,
1921 2667 2013 2721 illa
2032 2683 2144 2721 non

554 2759 642 2804 est
690 2751 872 2819 Deus;
916 2752 1007 2807 hic
1042 2754 1332 2821 Dominus,
1362 2756 1455 2810 illa
1490 2757 1724 2823 ancilla;
1757 2758 1849 2811 hic
1894 2756 2143 2823 Creator,

554 2845 648 2901 illa
680 2858 965 2915 creatura;
991 2850 1082 2906 hic
1100 2852 1305 2921 opifex,
1337 2852 1429 2907 illa
1456 2853 1798 2924 ﬁgmentum.
1822 2853 1973 2908 Nihil
1997 2868 2149 2907 com-

552 2952 725 2993 mune
776 2939 923 2994 inter
974 2940 1141 3011 hujus
1195 2952 1252 2997 et
1304 2943 1457 2998 illius
1510 2954 1765 3000 naturam
1812 2953 1916 2998 est.
1952 2945 2023 2998 At
2050 2957 2150 3012 per

557 3030 855 3097 inﬁnitam,
886 3033 1222 3089 ineﬂ‘abilem
1274 3043 1331 3089 et
1359 3034 1978 3104 incomprehensibilem
2005 3032 2150 3087 dile-

557 3126 798 3181 ctionem
833 3134 889 3181 et
935 3128 1377 3182 misericordiam
1424 3129 1545 3199 ejus
1579 3128 1786 3197 placuit
1824 3126 1927 3189 illi,
1957 3125 2010 3179 in
2043 3125 2150 3179 hoc

561 3214 687 3283 ipso
718 3214 978 3285 ﬁgmento
1021 3224 1079 3270 et
1123 3226 1378 3271 creatura
1406 3216 1791 3278 intellectuali,
1822 3215 2064 3285 pretiosa
2092 3221 2149 3268 et

561 3307 738 3362 electa
783 3308 1117 3373 inhabitare,
1163 3318 1224 3363 ut
1270 3310 1347 3363 ait
1387 3310 1699 3379 Scriptura,
1738 3310 1801 3365 Ut
1842 3312 2005 3364 simus
2054 3325 2149 3363 nos

562 3398 775 3452 initium
802 3398 1018 3469 aliquod
1049 3407 1419 3454 creaturarum
1450 3401 1564 3469 ejus
1584 3400 1648 3466 ¹⁹,
1704 3401 1761 3454 in
1821 3400 2147 3470 sapientiam

562 3497 620 3543 et
653 3489 975 3544 societatem
999 3490 1138 3560 ejus,
1181 3491 1235 3545 in
1268 3490 1554 3560 proprium
1580 3491 1701 3560 ejus
1748 3488 2147 3554 habitaculum,

565 3577 623 3631 in
655 3579 935 3648 propriam
970 3594 1035 3633 ac
1072 3578 1331 3633 mundam
1367 3594 1649 3649 sponsam.

639 3670 703 3726 ν.
740 3670 933 3726 Tantis
963 3672 1133 3743 igitur
1166 3671 1331 3726 bonis
1360 3670 1682 3741 propositis,
1719 3669 1887 3726 tantis
1914 3667 2149 3738 promis-

566 3759 817 3815 sionibus
869 3760 1048 3825 factis,
1112 3768 1374 3830 tantaque
1441 3759 1783 3830 benignitate
1835 3774 1865 3813 a
1917 3757 2150 3812 Domino

565 3852 729 3907 nobis
762 3853 1030 3917 exhibita,
1054 3868 1122 3906 ne
1151 3862 1591 3915 contemnamus,
1625 3867 1658 3906 ο
1691 3851 1810 3914 ﬁlii,
1850 3866 1987 3904 neve
2011 3866 2149 3904 cun-

567 3954 785 3999 ctemur
815 3943 881 3998 ad
921 3949 1090 3997 vitam
1124 3954 1384 3998 aeternam
1429 3941 1730 4013 proﬁcisci,
1772 3951 1829 3996 et
1861 3957 1962 3996 nos
2003 3943 2153 4011 ipsos

568 4035 794 4105 penitus
844 4036 1063 4090 Domini
1105 4036 1453 4105 beneplacito
1492 4034 1732 4088 tradere.
1782 4034 2153 4088 Obsecremus

573 4127 736 4199 156
770 4144 900 4199 ergo
947 4128 1261 4190 Dominum,
1296 4136 1473 4181 utsua
1508 4126 1697 4180 divina
1720 4126 1923 4180 virtute
1954 4125 2155 4179 liberet

569 4232 672 4272 nos
693 4233 723 4271 e
746 4232 969 4271 carcere
992 4215 1347 4270 tenebrarum
1388 4214 1883 4284 ignominiosarum
1901 4213 2153 4267 aﬂ‘ectio-

569 4323 729 4373 num,
753 4316 808 4363 et
839 4308 1139 4377 imaginem
1160 4323 1314 4361 suam
1343 4316 1399 4362 et
1439 4306 1757 4377 ﬁgmentum
1785 4306 2053 4370 vindicet,
2088 4320 2154 4360 ac

571 4397 925 4470 splendidum
978 4397 1193 4463 reddat,
1249 4399 1455 4451 salvam
1505 4404 1561 4450 et
1615 4412 1809 4466 puram
1854 4395 2154 4450 constituat

2228 553 2389 607 τοῦτο
2414 551 2519 626 in;
2544 553 2591 607 ὣ
2612 553 2709 623 τῆς
2732 553 2976 625 ἀρρήτου
3002 551 3408 620 εὐσπλαγχνίας
3428 547 3527 601 τοῦ
3555 546 3716 610 Θεοῦ,
3738 547 3816 599 ὅτι

2228 643 2439 715 δωρεὰν
2478 644 2671 698 ἑαυτὸν
2702 644 2989 714 χαρίζεται
3017 644 3129 705 τοῖς
3155 639 3533 701 πιστεύουσιν,
3555 638 3616 690 ὲν
3656 636 3819 705 ὀλίγῳ

2230 733 2408 805 καιρῷ
2436 734 2569 787 Θεὸν
2595 733 3032 805 κληρονομῆσαι,
3064 732 3159 788 καὶ
3183 732 3317 785 Θεὸν
3354 730 3580 799 οἰκῆσαι
3615 731 3675 781 ὲν
3719 730 3819 779 edi-

2234 843 2365 897 ματι
2394 825 2705 895 ἀνθρώπου,
2746 826 2839 878 καὶ
2886 825 3032 895 ἔχειν
3078 824 3170 877 τὸν
3199 822 3404 893 Κύριον
3432 820 3617 873 οἰκίαν
3655 819 3821 887 καλὴν

2228 918 2323 971 τὸν
2364 916 2673 987 ἄνθρωπον.
2720 917 2934 987 Ὥσπερ
2965 916 3075 986 γὰρ
3106 917 3134 968 6
3163 915 3296 977 Θεὸς
3337 914 3432 966 τὸν
3464 912 3699 983 οὐρανὸν
3731 912 3821 961 καὶ

2230 1007 2328 1079 τὴν
2375 1008 2478 1079 γῆν
2528 1006 2743 1061 ἔκτισεν
2798 1009 2876 1072 εἰς
2923 1008 2984 1060 τὸ
3013 1007 3339 1075 κατοικῆσαι
3367 1005 3459 1058 τὸν
3502 1003 3820 1072 ἄνθρωτον,

2232 1099 2406 1163 οὕτως
2461 1100 2557 1153 καὶ
2604 1100 2666 1151 τὸ
2721 1099 2879 1169 σῶμα
2918 1100 3011 1152 καὶ
3054 1099 3155 1167 τὴν
3190 1097 3366 1167 ψυχὴν
3404 1095 3501 1149 τοῦ
3532 1094 3823 1163 ἀνθρώπου

2234 1190 2448 1244 ἔκτισεν
2500 1192 2582 1254 εἰς
2629 1191 2765 1245 ἰδίαν
2805 1191 3002 1254 οἰκίαν,
3034 1191 3114 1253 εἰς
3151 1190 3210 1242 τὸ
3240 1189 3523 1257 ἐνοικῆσαι
3556 1188 3657 1239 καὶ
3695 1188 3824 1238 ἁνα-

2235 1284 2463 1353 παῆναι,
2489 1286 2565 1348 ὠς
2611 1286 2669 1339 ὲν
2705 1285 2820 1355 ἰδίῳ
2866 1285 3023 1354 οἴκῳ,
3060 1283 3139 1353 τῷ
3168 1282 3404 1352 σώματι,
3436 1282 3577 1349 ἔχων
3608 1281 3827 1347 νύμφην

2237 1376 2407 1446 καλὴν
2450 1376 2549 1446 τὴν
2590 1377 2854 1448 ἐράσμιον
2899 1375 3102 1445 ψυχὴν,
3149 1372 3248 1443 τὴν
3285 1373 3407 1426 κατ’
3441 1372 3632 1424 εἰκόνα
3664 1371 3826 1423 αὐτοῦ

2236 1467 2612 1538 πεποιημένην
2628 1484 2642 1497 ·
2679 1466 3067 1537 Ἡρμοσάμην
3088 1465 3199 1533 γὰρ
3218 1463 3394 1533 ὑμᾶς,
3420 1464 3590 1532 φησὶν
3620 1464 3651 1514 6
3670 1461 3829 1513 Ἀπό-

2238 1559 2444 1623 στολος,
2481 1559 2572 1612 ἐνὶ
2601 1558 2801 1626 ἀνδρὶ,
2840 1558 3145 1625 παρθένον
3186 1556 3385 1623 ἁγνὴν
3436 1551 3828 1621 παραστῆσαι

2236 1651 2316 1717 τῷ
2367 1651 2618 1719 Χριστῷ.
2680 1651 2789 1704 Καὶ
2842 1650 3025 1715 πάλιν,
3076 1643 3157 1704 Οὗ
3202 1644 3369 1712 οἶκός
3402 1647 3596 1713 ἐσμεν
3636 1644 3827 1713 ἡμεῖς.

2240 1746 2451 1815 Ὥσπερ
2486 1745 2596 1815 γὰρ
2633 1747 2659 1797 6
2687 1744 2825 1814 ἀνὴρ
2856 1743 2915 1795 ὲν
2941 1742 3020 1812 τῷ
3048 1742 3183 1812 οἴκῳ
3221 1740 3386 1794 αὐτοῦ
3422 1739 3564 1808 μετὰ
3594 1738 3832 1806 σπουδῆς

2240 1837 2419 1891 πάντα
2443 1837 2512 1890 τὰ
2530 1837 2709 1905 ἁγαθὰ
2729 1835 3180 1905 ἀποθησαυρίζει·
3208 1832 3352 1886 οὕτω
3378 1833 3475 1885 καὶ
3498 1832 3527 1883 6
3548 1830 3758 1900 Κύριος
3777 1830 3832 1880 ἐν

2236 1930 2314 2001 τῷ
2340 1932 2474 2001 οῐκῳ
2500 1926 2667 1982 αὑτοῦ
2695 1930 2763 1999 τῇ
2788 1927 2935 1997 ψυχῇ
2988 1926 3083 1979 καὶ
3133 1925 3212 1994 τῷ
3237 1924 3476 1993 σώματι,
3509 1921 3831 1975 ἀποτίθεται

2238 2023 2333 2076 καὶ
2362 2019 2682 2093 θησαυρίζει
2707 2019 2799 2073 τὸν
2822 2019 3053 2072 πλοῦτον
3072 2018 3164 2070 τοῦ
3199 2016 3338 2069 ῐινεύ
3348 2032 3522 2085 ματος
3549 2014 3649 2065 τὶν
3673 2013 3833 2080 οὑρὰο

2239 2133 2369 2170 νιον.
2397 2114 2535 2168 Οὔτε
2561 2114 2618 2166 δὲ
2647 2114 2801 2181 σοφοὶ
2832 2112 2921 2164 διὰ
2943 2111 3045 2181 τῆς
3067 2110 3282 2180 σοφίας,
3308 2108 3433 2162 οὔτε
3465 2110 3728 2177 φρόνιμοι
3752 2107 3829 2158 ὁιὶ

2240 2208 2339 2277 τῆς
2369 2207 2684 2278 φρονήσεως
2714 2203 2892 2257 αὐτῶν
2923 2202 3266 2273 ἠδυνήθησαν
3289 2199 3628 2254 καταλαϐεῖν
3658 2199 3832 2267 ψυχῆς

2241 2302 2564 2373 λεπτότητα,
2586 2298 2617 2367 ἢ
2642 2301 2816 2351 εἰπεῖν
2842 2297 2970 2367 περὶ
2994 2296 3164 2364 αὐτῆς
3185 2296 3260 2359 ὡς
3291 2295 3463 2356 ἔστιν,
3484 2295 3535 2345 εἰ
3565 2292 3646 2361 μὴ
3680 2294 3833 2361 μόνον

2243 2388 2324 2455 οἷς
2348 2390 2438 2445 διὰ
2463 2389 2557 2443 τοῦ
2582 2390 2739 2458 ἁγίου
2772 2388 2909 2441 Πνεύ
2920 2404 3086 2458 ματος
3119 2385 3575 2438 ἀποκαλύπτεται
3610 2385 3649 2452 ἡ
3667 2383 3835 2435 κατα-

2243 2484 2406 2554 ληψις
2436 2484 2531 2537 καὶ
2562 2482 2761 2550 γνῶσις
2792 2481 3025 2550 ἀκριϐὴς
3072 2481 3202 2550 περὶ
3245 2479 3425 2550 ψυχῆς
3477 2476 3831 2547 γνωρίζεται.

2245 2576 2388 2630 ³Α).λ’
2420 2574 2653 2629 ἐνταῦθα
2678 2573 2897 2644 θεώρει,
2923 2572 3017 2626 καὶ
3043 2572 3339 2641 διάκρινον,
3368 2570 3463 2623 καὶ
3486 2568 3675 2630 σύνες,
3700 2568 3829 2628 πῶς,

2246 2665 2511 2719 ἄκουσον·
2544 2656 2700 2726 οὗτος
2737 2662 2890 2728 Θεὸς,
2922 2662 3063 2732 αὓτη
3104 2663 3165 2715 οὐ
3202 2662 3333 2723 Θεός
3356 2677 3372 2691 ο
3410 2653 3570 2722 οὗτος
3610 2660 3831 2726 Κόρα,

2248 2757 2389 2827 αὕτη
2433 2757 2630 2827 δούλη’
2686 2750 2843 2819 οὗτος
2898 2756 3142 2822 κτίστης,
3197 2754 3337 2824 αὕτη
3393 2752 3642 2820 κτίσμα·
3687 2746 3834 2812 οὗτος

2252 2850 2505 2920 ποιητὴς,
2539 2848 2677 2919 αὕτη
2707 2848 2938 2917 ποίημα.
2971 2847 3135 2900 Οὐδὲν
3165 2845 3343 2899 κοινὸν
3396 2844 3497 2913 τῆς
3526 2842 3698 2896 αὐτοῦ
3738 2841 3835 2910 97-3-

2253 2960 2410 3007 σεως,
2457 2941 2550 2995 καὶ
2596 2941 2767 3011 αὐτῆς
2808 2940 3099 3009 τυγχάνει·
3142 2937 3277 2990 ἀλλὰ
3310 2937 3401 2990 διὰ
3446 2937 3548 3006 τὴν
3587 2936 3832 3003 ἄπειρον,

2252 3036 2348 3090 καὶ
2413 3034 2670 3106 ἄρρητον,
2742 3033 2838 3084 καὶ
2902 3031 3221 3099 ἀνεννόητον
3286 3030 3533 3097 ἀγάπην,
3589 3029 3690 3080 καὶ
3754 3027 3836 3077 e6-

2177 3160 2220 3218 Ο
2255 3126 2590 3196 σπλαγχνίαν
2634 3123 2823 3188 αὑτοῦ,
2870 3124 3162 3192 εὐδόκησεν
3216 3124 3295 3185 εἰς
3340 3122 3503 3174 τοῦτο
3538 3121 3602 3173 τὸ
3634 3120 3837 3188 ποίημα

2253 3221 2347 3274 καὶ
2396 3220 2601 3286 κτίσμα
2645 3216 2852 3286 νοερὸν,
2882 3215 2974 3268 καὶ
3002 3215 3181 3283 τίμιον
3215 3214 3308 3268 καὶ
3351 3211 3638 3281 ἐξαίρετον
3688 3212 3836 3279 ἔργον

2250 3311 2550 3380 ἐνοικῆσαι,
2600 3308 2675 3371 ὥς
2704 3322 2890 3377 ζφησιν
2938 3309 2971 3378 ἡ
3009 3307 3226 3375 Γραφῇ,
3249 3307 3352 3370 Εἰς
3388 3304 3455 3357 τὸ
3485 3299 3646 3356 εῖναι
3690 3300 3835 3370 ἡμᾶς

2251 3400 2538 3471 ἀπαρχήν
2571 3418 2706 3455 τινα
2743 3398 2861 3452 τῶν
2889 3398 3077 3452 αὑτοῦ
3110 3395 3471 3465 κτισμάτων,
3505 3396 3586 3457 είς
3624 3393 3725 3463 τὴν
3748 3396 3836 3447 a5-

2251 3496 2345 3550 τοῦ
2389 3496 2583 3564 σοφίαν
2628 3495 2721 3547 καὶ
2750 3491 3059 3555 κοινωνίαν,
3106 3493 3183 3555 εἰς
3221 3490 3353 3543 ἴδιον
3398 3490 3832 3559 κατοικητήριον,

2254 3591 2335 3652 εἰς
2374 3590 2514 3642 ἰδίαν
2544 3587 2641 3641 καὶ
2670 3586 2917 3657 καθαρὰν
2946 3585 3187 3655 νύμφην.
3316 3645 3321 3651 _

2325 3684 2402 3736 E'.
2431 3680 2704 3734 Τοιούτων
2733 3676 2827 3732 οὖν
2856 3677 3075 3746 ἀγαθῶν
3107 3674 3515 3745 προκειμένων,
3549 3673 3649 3726 καὶ
3670 3672 3831 3723 τοιοὺ-

2252 3792 2360 3828 των
2391 3772 2734 3841 ἐπαγγελιῶν
2772 3768 3234 3839 ὲπαγγελθεισῶν,
3265 3767 3361 3820 καὶ
3401 3765 3666 3834 τοιαύτης
3698 3765 3831 3817 εὗδο-

2253 3868 2379 3930 κίας
2413 3864 2517 3919 ὑπὸ
2552 3864 2759 3934 Κυρίου
2801 3865 2879 3926 εἰς
2912 3864 3060 3932 ἡμᾶς
3093 3859 3489 3929 γεγενημένης,
3529 3856 3604 3927 μὴ
3643 3855 3831 3924 ἁμελήο

2256 3974 2460 4028 σωμεν,
2504 3951 2549 4009 ὦ
2591 3956 2778 4019 τέκνα,
2827 3956 2966 4025 μήτε
3001 3954 3322 4022 ὀκνήσωμεν
3367 3950 3679 4019 ἐπαχθῆναι
3713 3948 3831 4019 πρὸς

2255 4051 2352 4121 τὴν
2388 4051 2533 4122 ζωὴν
2563 4049 2662 4119 τὴν
2694 4048 2933 4112 αἰώνιον,
2966 4046 3058 4099 καὶ
3089 4046 3315 4106 ἑαυτοὺς
3357 4041 3623 4102 ὁλοτελῶς
3656 4043 3722 4109 τῇ
3753 4036 3827 4090 τοῦ

2255 4144 2462 4215 Κυρίου
2498 4144 2851 4213 εὐαρεστήσει
2880 4138 3185 4193 ἐπιδοῦναι·
3221 4136 3701 4208 παρακαλέσωμεν
3736 4132 3828 4184 τοία

2255 4255 2351 4290 νυν
2394 4237 2485 4290 τὸν
2538 4236 2759 4305 Κύριον,
2816 4234 2903 4287 ἵνα
2937 4236 3002 4304 τῇ
3051 4232 3156 4302 ἰδίᾳ
3187 4231 3284 4300 τῆς
3317 4230 3576 4298 θεότητος
3622 4228 3824 4294 δυνάμει

2257 4329 2609 4400 λυτρώσηται
2639 4328 2788 4398 ἡμᾶς
2827 4329 2892 4379 ὲκ
2923 4326 3023 4395 τῆς
3069 4322 3318 4391 φυλακῆς
3348 4321 3446 4373 τοῦ
3491 4321 3714 4379 σκότους
3737 4316 3823 4367 τὼν

2262 4424 2453 4477 παθῶν
2506 4422 2607 4490 τῆς
2643 4420 2888 4491 ἀτιμίας,
2934 4418 3030 4473 καὶ
3080 4417 3179 4487 τὴν
3226 4415 3363 4467 ἰδίαν
3396 4413 3607 4475 εἰκόνα,
3651 4410 3741 4462 καὶ
3777 4407 3823 4458 τὸ

571 4493 849 4558 animam;
881 4500 937 4546 et
966 4500 1028 4545 ut
1068 4491 1172 4545 hac
1212 4491 1425 4545 ratione
1456 4490 1607 4562 digni
1639 4491 1945 4545 habeamur
1970 4491 2142 4545 socie-

2261 4516 2490 4585 πλάσμα
2522 4513 2815 4583 ὲκδικήσας
2842 4509 3159 4580 ἀναλάμψαι
3190 4508 3419 4576 ποιήσῃ,
3452 4503 3598 4555 σώαν
3627 4504 3718 4554 καὶ
3745 4518 3821 4551 κι-

574 4595 685 4641 tate
725 4584 986 4655 Spiritus,
1017 4583 1389 4655 gloriﬁcantes
1416 4584 1656 4648 Patrem,
1676 4582 1875 4637 Filium
1897 4591 1952 4638 et
1976 4582 2153 4653 Spiri-

573 4691 690 4735 tum
718 4688 991 4744 sanctum,
1024 4679 1080 4733 in
1106 4679 1325 4733 smcula.
1354 4679 1550 4732 Amen.

1178 4983 1458 5037 HOMILIA
1513 4983 1576 5037 L.

678 5074 820 5128 Deus
838 5083 914 5129 est
939 5076 1030 5146 qui
1059 5092 1154 5146 per
1198 5085 1408 5129 sanctos
1431 5094 1553 5131 suos
1574 5088 1621 5131 et
1649 5090 1926 5137 creaturas
1948 5085 2055 5139 edit

1226 5147 1512 5201 miracula.

650 5255 688 5307 1.
706 5256 860 5323 Quis,
881 5256 973 5327 qui
991 5257 1192 5319 clausit
1207 5267 1394 5328 portas
1415 5260 1684 5314 calorum
1700 5261 1723 5314 ?
1738 5262 1905 5326 Elias,
1928 5280 1997 5320 an
2016 5266 2163 5323 Deus

575 5350 783 5405 eratin
828 5367 919 5417 eo,
979 5353 1074 5421 qui
1109 5351 1419 5421 imperabat
1473 5353 1638 5407 etiam
1675 5357 1976 5424 pluviae"?
2022 5369 2157 5430 puto

576 5457 727 5508 eum,
758 5445 853 5513 qui
884 5453 1212 5513 potestatem
1249 5446 1418 5500 habet
1456 5446 1511 5500 in
1542 5450 1764 5513 caelum,
1800 5452 2071 5509 insedisse
2100 5456 2155 5510 in

578 5534 763 5587 animo
828 5536 1000 5603 illius,
1034 5537 1377 5608 verbumque
1438 5539 1533 5593 Dei
1587 5554 1685 5609 per
1731 5541 1975 5613 linguam
2036 5547 2159 5616 ejus

580 5624 955 5693 prohibuisse,
978 5644 1047 5683 ne
1074 5629 1439 5684 descenderet
1461 5631 1648 5699 pluvia
1670 5648 1837 5702 super
1868 5643 2070 5691 terram
2089 5638 2155 5693 “.

2266 4607 2437 4678 θαρὰν
2470 4605 2568 4675 τὴν
2614 4603 2792 4675 ψυχὴν
2824 4600 3304 4672 ἀπεργασάμενος,
3340 4597 3434 4648 καὶ
3467 4594 3641 4654 οὕτως
3685 4592 3820 4655 ἀξίω»

2266 4698 2447 4768 θῶμεν
2467 4698 2565 4767 τῆς
2587 4695 2870 4757 κοινωνίας
2899 4693 2992 4747 τοῦ
3024 4691 3363 4759 Πνεύματος,
3397 4687 3711 4753 δοξάζοντες
3735 4684 3819 4735 ll:-

2264 4790 2417 4860 τέρα,
2450 4790 2545 4841 καὶ
2581 4787 2733 4852 Υἰὸν,
2759 4786 2854 4841 καλ¹
2882 4787 3034 4853 ἆγιον
3080 4780 3321 4851 Πνεῦμα,
3355 4781 3437 4842 εἰς
3460 4779 3587 4840 τοὺς
3624 4777 3815 4833 αἰῶνας.

2278 4882 2470 4951 Ἀμήν.

2869 4996 3119 5049 ΟΜΙΛΙΑ
3153 4994 3236 5046 N'.

2263 5096 2406 5160 Θεός
2430 5094 2601 5147 ἐστιν
2628 5094 2661 5146 ό
2686 5090 2784 5145 διὰ
2807 5088 2925 5143 τῶν
2944 5088 3128 5159 ἁγίων
3148 5086 3338 5140 αὑτοῦ
3360 5077 3812 5153 θαυματοιιιηῶτ.

2328 5264 2405 5319 A'.
2449 5266 2546 5327 Τίς
2592 5261 2661 5335 ἦν
2707 5266 2736 5317 ὁ
2784 5263 3002 5325 κλείσας
3044 5261 3144 5324 τὰς
3196 5259 3367 5331 θύρας
3417 5260 3530 5311 τῶν
3574 5255 3809 5327 ούρανᾶῆῖ

2276 5360 2484 5424 Ἠλίας,
2537 5360 2570 5429 ἦ
2616 5359 2644 5409 6
2690 5357 2821 5420 Θεὸς
2863 5352 2933 5427 ἦν
2985 5356 3041 5407 ὲν
3087 5354 3257 5424 αὐτῷ,
3294 5355 3324 5405 ὁ
3358 5352 3621 5415 ἐπιτάξας
3647 5345 3810 5413 καὶτῷ

2265 5452 2435 5521 ύετῷ;
2471 5450 2698 5520 νομίζω,
2739 5450 2821 5502 ὅτι
2855 5451 2883 5502 6
2912 5447 3265 5515 ὲξουσιαστὴς
3303 5444 3383 5514 τῷ
3416 5442 3648 5514 οὐρανῷ,
3682 5438 3808 5495 αὐτὸς

2265 5543 2596 5613 ὲνεκαθέσθη
2634 5542 2782 5607 ἐντὸς
2805 5542 2900 5595 τοῦ
2936 5542 3056 5605 νοὸς
3086 5539 3275 5601 αὑτοῦ,
3307 5538 3403 5591 καὶ
3442 5537 3531 5589 διὰ
3552 5536 3644 5605 τῆς
3666 5530 3807 5600 γλώτ-

2264 5653 2365 5707 της
2404 5634 2570 5688 αὺτοῦ
2605 5634 2636 5689 ό
2664 5635 2833 5703 Λόγος
2861 5634 2956 5688 τοῦ
2979 5634 3117 5687 Θεοῦ
3151 5631 3395 5687 ἐκώλυσε
3424 5628 3520 5683 τοῦ⁹
3558 5629 3628 5701 μὴ
3654 5623 3809 5679 κατεὶ-

659 5807 697 5833 ”
730 5805 768 5857 ll
799 5804 925 5858 Cor.
964 5823 1032 5869 x1,
1066 5808 1152 5863 Ἦ.
1233 5809 1271 5839 ¹¹¹
1298 5810 1463 5864 l-lcbr.
1501 5828 1576 5877 ill,
1619 5813 1668 5867 6.
1750 5814 1790 5845 "
1828 5815 1943 5871 Jac.
1982 5832 2019 5883 ι,
2056 5817 2135 5872 i8.

2245 5818 2262 5849 θ
2296 5819 2315 5873 1
2354 5819 2486 5886 Reg.
2523 5836 2650 5883 xm,
2696 5819 2743 5872 i.
2851 5818 2891 5849 “
2928 5818 2943 5871 Ι
2978 5817 3113 5887 Reg.
3138 5830 3287 5881 xvm,
3319 5815 3408 5879 Η,
3434 5812 3520 5867 45.
