4044 6562
218 348 322 414 817

1436 353 1806 416 HOMILIIE.
1834 381 1906 392 —
1938 359 2123 419 110M.
2164 361 2229 419 L.

3356 359 3462 425 818

219 463 332 514 θεῖν
359 458 510 512 ὑετὸν
539 456 633 512 ἐπὶ
656 458 755 528 τῆς
779 458 901 528 γῆς.
926 459 1036 515 Kal
1062 458 1222 516 πάλιν
1251 458 1393 525 εἶπε,
1428 465 1525 517 καὶ
1560 465 1777 535 ἠνοίγη-

1892 466 2088 523 lterum
2121 469 2339 525 locutus
2364 478 2469 535 est,
2501 477 2557 525 et
2588 478 2792 540 apertae
2820 482 2949 527 sunt
2970 485 3142 543 portae
3170 476 3457 543 cmiorum,

220 569 319 605 σαν
347 551 401 604 ai
429 550 596 603 πύλαι
628 550 736 604 τῶν
776 551 1041 621 οὐρανῶν.
1071 552 1170 606 καὶ
1217 553 1488 623 κατῆλθεν
1530 557 1560 609 ὁ
1598 557 1785 619 651:6;-

218 644 415 713 ὁμοίως
440 643 536 695 καὶ
566 642 808 712 Μωῡσῆς
827 643 990 714 ἔθηκε
1015 644 1229 715 ῥάϐδον,
1268 646 1364 698 καὶ⁵
1394 644 1615 715 ἐγένετο
1635 648 1785 717 ὖφις·

221 741 310 789 καὶ
345 736 504 788 πάλιν
537 732 679 801 εἷπε,
710 737 801 788 καὶ
830 737 1047 805 ἐγένετο
1078 738 1293 807 ῥάϐδος.
1325 741 1435 794 Καὶ
1465 740 1655 795 ἔλαϐεν
1680 742 1787 794 ἀπὸ

222 830 447 896 καμίνου
491 830 717 898 τέφραν,
758 829 855 881 καὶ
885 830 1199 900 ὲσκὸρπισε,
1229 832 1325 885 καὶ
1370 832 1586 899 ἐγένετο
1614 833 1745 903 ἒλκη
1769 849 1784 864 ι

222 920 313 972 καὶ
344 919 503 972 πάλιν
536 921 784 985 ἐπέταξε,
804 922 907 983 καὶ
938 921 1149 989 ἐγένετο
1183 921 1430 985 σκνίπες,
1464 924 1560 976 καὶ
1592 924 1791 993 βάτρα-

220 1030 322 1081 χοι.
351 1008 496 1079 τΑρα
538 1010 711 1064 ταῦτα
753 1013 914 1080 φύσις
963 1012 1263 1084 ἀνθρώπων
1308 1018 1484 1069 ποιεῖν
1527 1016 1786 1086 ὴδύνατο;

221 1097 354 1152 Εἷπε
407 1104 471 1171 τῇ
519 1100 782 1170 θαλάσση,
827 1103 918 1154 καὶ
951 1103 1213 1175 ἐμερίσθη
1242 1120 1256 1136 θ
1287 1104 1366 1175 τῷ
1408 1105 1658 1175 ποταμῷ,
1695 1107 1789 1159 xal

225 1191 522 1262 μετεϐλήθη
549 1194 630 1263 είς
660 1187 819 1261 αἷμα.
865 1193 1025 1247 Ἀλλὰ
1050 1194 1231 1264 δῆλον,
1259 1197 1341 1250 ὅτι
1376 1198 1603 1267 οὐρανία
1631 1199 1791 1253 δύνα-

225 1299 314 1353 μις
347 1282 481 1353 ᾤκει
512 1284 569 1337 ἐν
592 1283 669 1354 τῷ
696 1284 771 1355 νῷ
796 1284 982 1351 αὐτοῦ,
1016 1286 1113 1339 καὶ
1139 1286 1228 1341 διὰ
1254 1286 1499 1352 Μωσέως
1524 1288 1697 1343 ἐποίει
1721 1288 1791 1341 τὰ

225 1377 427 1444 σημεῖα
463 1372 656 1427 ταῦτα.

291 1468 365 1518 B'.
409 1464 468 1518 '0
499 1465 663 1519 Aa6l6
693 1466 808 1527 πῶς
838 1466 967 1520 ἄνευ
996 1467 1160 1522 ὅπλου
1186 1469 1417 1539 ἠδύνατο
1449 1470 1586 1540 μετὰ
1612 1471 1790 1524 τοιού-

222 1572 313 1610 του
340 1556 594 1625 γίγαντος
616 1556 912 1626 συμϐαλεῖν
940 1559 1021 1622 εἰς
1050 1559 1316 1630 πόλεμον;
1349 1562 1458 1616 Καὶ
1484 1563 1572 1616 ὅτε
1601 1562 1790 1634 ἔρριψε

222 1648 312 1701 τὸν
336 1648 480 1701 λίθον
509 1649 648 1700 κατὰ
676 1648 768 1702 τοῦ
793 1649 1113 1718 ἀλλοφύλου,
1148 1651 1235 1705 διὰ
1274 1653 1372 1722 τῆς
1398 1653 1576 1723 χειρὸς
1605 1655 1790 1721 Δαϐὶδ,

224 1741 344 1812 χεὶρ
368 1741 503 1795 Θεοῦ
526 1742 724 1812 ὡδήγει
746 1743 837 1796 τὸν
863 1742 1030 1807 λίθον,
1058 1745 1152 1798 καὶ
1187 1745 1323 1817 αύτὴ
1353 1748 1387 1817 ἡ
1426 1747 1543 1801 θεία
1563 1748 1791 1817 δύναμις

223 1835 538 1887 ἀπέκτεινεν
568 1834 728 1886 αὐτὸν
756 1836 1029 1905 ποιήσασα
1051 1835 1151 1908 τὴν
1188 1837 1365 1909 νίκην.
1392 1839 1466 1892 Οὐ
1487 1840 1595 1909 γὰρ
1626 1841 1790 1894 Δαϐὶδ

221 1924 445 1996 ἠδύνατο
471 1927 702 1995 ἀσθενὴς
733 1925 808 1979 ὢν
831 1928 909 1996 τῷ
942 1929 1175 1999 σώματι.
1220 1931 1425 2002 Ἰησοῦς
1451 1934 1479 1985 6
1515 1935 1609 1987 τοῦ
1636 1936 1790 2007 Ναυῆ

223 2020 307 2072 ὅτε
340 2018 580 2086 ἀπῆλθεν
607 2020 687 2081 είς
719 2018 929 2089 Ἱεριχὼ
961 2023 1358 2096 περιεκαθέσθη
1404 2026 1543 2080 ἑπτὰ
1574 2029 1790 2100 ἡμέρας

228 2111 389 2181 μηδὲν
437 2110 734 2180 δυνάμενος
782 2112 1005 2182 ποιῆσαι
1030 2116 1094 2184 τῇ
1131 2115 1234 2186 [δίᾳ
1259 2115 1437 2184 φύσει,
1472 2118 1587 2171 ἀλλ’
1623 2120 1711 2172 ὅτε
1763 2123 1791 2174 6

225 2203 351 2266 Θεὸς
386 2204 660 2266 ἐκέλευσε,
692 2203 761 2257 τὰ
798 2204 948 2273 τείχη
989 2206 1083 2275 ἀφ’
1117 2207 1324 2260 ἑαυτῶν
1351 2211 1639 2266 κατέπεσε.
1681 2213 1792 2266 Kal

225 2296 308 2347 ᾶτε
336 2295 585 2364 εἰσῆλθεν
623 2296 703 2357 είς
739 2294 839 2365 τὴν
868 2296 973 2364 γῆν
1000 2297 1100 2363 τῆς
1133 2299 1483 2367 ἐπαγγελίας,
1512 2300 1662 2369 λέγει
1689 2303 1790 2355 αύ-

221 2389 297 2459 τῷ
324 2390 351 2442 ὁ
379 2388 602 2459 Κύριος,
636 2390 883 2445 Ἀπελθε
918 2394 1002 2457 είς
1036 2391 1339 2459 πόλεμον·
1372 2394 1643 2465 ἀπεκρίθη
1686 2396 1792 2465 Ἰη-

225 2478 364 2544 σοῦς,
411 2478 499 2548 Ζῆ
535 2481 768 2547 Κύριος,
818 2483 890 2535 οὺ
922 2481 1008 2550 μὴ
1052 2482 1290 2537 ἀπέλθω
1319 2483 1466 2538 ἄνευ
1499 2486 1637 2539 σοῦ.
1683 2488 1792 2540 Καὶ

221 2572 301 2634 τίς
357 2572 507 2627 ἐστιν
555 2574 583 2626 6
635 2574 895 2639 ἐπιτάξας
951 2573 1028 2644 τῷ
1079 2575 1213 2646 ἡλίῳ
1259 2577 1448 2645 στῆναι
1497 2578 1664 2642 ἄλλας
1699 2580 1792 2633 δύο

221 2662 366 2733 ὥρας
421 2665 481 2716 ὲν
520 2667 585 2735 τῇ
642 2666 881 2737 συμϐολῇ
916 2666 1011 2719 τοῦ
1049 2668 1304 2735 πολέμου,
1355 2671 1387 2740 η
1423 2669 1583 2738 φύσις
1624 2670 1789 2724 αὑτοῦ

226 2756 377 2826 μόνη,
414 2756 447 2825 ἢ
480 2758 511 2827 ἠ
559 2757 793 2811 συνοῦσα
834 2760 980 2829 αὐτῷ
1008 2760 1260 2831 δύναμις;
1291 2764 1385 2814 καὶ
1419 2763 1658 2832 Μωῦσῆς
1702 2766 1790 2818 ὅτε

224 2848 479 2901 συνέϐαλε
538 2849 616 2918 τῷ
656 2850 921 2921 Ἀμαλὴκ,
980 2854 1029 2905 εί
1088 2854 1185 2921 μὲν
1228 2853 1457 2918 ἐξέτεινε
1526 2854 1625 2918 τὰς
1675 2858 1790 2925 χεῖ-

224 2957 318 3011 ρας
339 2943 421 3005 είς
444 2942 535 2993 τὸν
566 2942 625 2993 ού
635 2943 811 3007 ρανὺν,
844 2943 981 3013 πρὸς
1008 2944 1098 2997 τὸν
1118 2944 1270 3007 Θεὸν,
1296 2947 1488 3000 ἐπάτει
1513 2948 1602 3001 τὸν
1623 2949 1792 3018 Ἀμα-

221 3033 351 3101 λήκ·
402 3034 451 3085 εί
500 3032 557 3086 δὲ
602 3032 781 3087 ἔκλινε
838 3035 937 3099 τὰς
999 3038 1205 3107 χεῖρας,
1252 3039 1282 3091 6
1335 3039 1581 3110 ’Δμαληκ
1631 3057 1788 3111 περι-

223 3124 447 3194 εγενετο.

288 3218 359 3270 I".
404 3217 477 3271 Σὺ
510 3216 566 3269 δὲ
595 3218 810 3270 ἀκούων
831 3218 1003 3272 ταῦτα
1023 3220 1304 3289 γινόμενα,
1341 3221 1414 3291 μὴ
1449 3223 1667 3292 μακράν
1694 3240 1787 3276 σου

222 3306 429 3376 ἀπέλθῃ
455 3307 483 3359 6
508 3307 630 3369 νοῦς
650 3324 665 3339 ο
704 3307 819 3360 ἀλλ’
846 3310 1031 3378 ἐπειδὴ
1054 3310 1238 3363 ἐκεῖνα
1261 3310 1427 3373 τύπος
1455 3306 1520 3381 ἦν
1543 3312 1638 3365 καὶ
1662 3313 1791 3367 σκιὰ

219 3398 321 3450 τῶν
348 3398 618 3467 ἀληθινῶν
640 3400 1000 3469 πραγμάτων,
1024 3400 1256 3454 ἀνάλαϐε
1277 3402 1357 3463 είς
1383 3402 1573 3455 ἑαυτὸν
1595 3403 1787 3460 ταῦτα.

223 3490 346 3543 Ὅτε
376 3491 488 3560 γὰρ
515 3494 755 3554 ἐκτενεῖς
780 3494 879 3555 τὰς
902 3495 1089 3562 χεῖρας
1119 3492 1214 3546 τοῦ
1242 3495 1361 3558 νοός
1392 3511 1508 3560 σου,
1543 3497 1638 3548 καὶ
1665 3498 1791 3560 τοὺς

220 3582 509 3652 λογισμοὺς
549 3584 627 3646 εἰς
665 3584 755 3635 τὸν
789 3583 1037 3651 οὐρανὸν,
1064 3585 1157 3637 καὶ
1184 3584 1429 3656 θελήσεις
1455 3588 1791 3659 προσκολλη-

223 3671 373 3739 θῆναι
401 3672 479 3741 τῷ
515 3672 722 3743 Κυρίῳ,
748 3674 1053 3744 κατώτερος
1081 3675 1190 3729 τῶν
1214 3676 1486 3747 λογισμῶν
1515 3697 1608 3731 σου
1643 3681 1792 3748 γίνε-

221 3780 304 3815 ται
326 3764 354 3815 6
382 3763 648 3827 Σατανᾶς.
683 3764 792 3816 Καὶ
821 3763 1007 3835 ὥσπερ
1031 3767 1108 3826 είς
1149 3766 1357 3837 Ἰεριχὼ
1385 3768 1455 3821 τὰ
1479 3770 1632 3841 τείχη
1664 3771 1791 3823 ἔπε-

225 3872 311 3908 σον
343 3856 434 3909 διὰ
460 3857 740 3928 δυνάμεως
780 3858 935 3921 Θεοῦ,
962 3860 1106 3921 οὕτω
1143 3864 1236 3915 καὶ
1271 3864 1366 3917 νῦν
1393 3867 1462 3918 τὰ
1502 3866 1656 3934 τείχη
1691 3866 1792 3935 τῆς

222 3948 419 4012 κακίας
456 3952 524 4001 τὰ
554 3950 833 4003 κωλύοντά
863 3969 954 4004 σου
984 3953 1074 4006 τὸν
1099 3955 1242 4020 νοῦν,
1284 3956 1377 4008 καὶ
1404 3958 1459 4009 ai
1485 3957 1668 4020 πόλεις
1698 3958 1788 4010 τοῦ

223 4042 456 4103 Σατανᾶ,
491 4044 583 4094 καὶ
623 4044 670 4096 οἱ
707 4043 887 4113 ἐχθροί
922 4062 1016 4097 σου
1046 4045 1482 4116 ὲξολοθρεύονται
1508 4048 1597 4101 διὰ
1635 4049 1793 4103 δυνά-

225 4148 364 4201 μεως
394 4132 529 4185 Θεοῦ
561 4150 576 4164 ·
602 4132 775 4196 οὕτως
802 4136 859 4187 ἐν
890 4139 953 4207 τῇ
983 4139 1109 4206 σκιᾷ
1134 4138 1269 4190 Θεοῦ
1294 4138 1524 4207 δύναμις
1556 4142 1793 4195 ἀδιαλεί-

222 4238 364 4286 πτως
399 4224 566 4293 συνῆν
594 4228 702 4287 τοῖς
731 4225 979 4289 δικαίοις,
1004 4229 1229 4281 ποιοῦσα
1261 4229 1537 4301 θαυμάσια
1561 4236 1789 4305 φανεράο

222 4314 313 4366 καὶ
344 4313 548 4368 ἔσωθεν
580 4315 635 4368 δὲ
680 4318 737 4368 ὲν
765 4319 947 4383 αὐτοῖς
973 4318 1103 4388 ᾤκει
1135 4322 1166 4390 ή
1200 4320 1318 4373 θεία
1348 4323 1525 4393 χάρις.
1563 4325 1794 4394 Ὁμοίως

220 4406 311 4457 καὶ
362 4407 446 4469 εἰς
486 4407 614 4469 τοὺς
660 4409 942 4479 προφήτας
999 4413 1242 4481 ἐνήργει,
1296 4413 1391 4467 καὶ
1440 4415 1675 4484 διηκόνει
1732 4418 1792 4471 τὺ

1886 574 1950 614 ac
1985 560 2270 615 descendit
2292 561 2500 631 pluvia.
2534 561 2801 619 Similiter
2837 579 3059 635 quoque
3086 567 3261 624 Moses
3295 586 3465 640 pone-

1886 648 1980 703 bat
2015 651 2223 721 virgam
2247 653 2314 715 ²²,
2336 661 2393 707 et
2434 653 2600 708 ﬁebat
2640 670 2902 725 serpens;
2938 666 2994 713 et
3028 674 3220 713 rursus
3246 660 3463 718 locutus

1886 748 1989 802 est,
2015 749 2071 793 et
2104 742 2270 796 [iebat
2312 742 2489 813 virga.
2526 745 2595 798 Et
2636 747 2851 815 accepit
2880 763 2910 801 a
2945 750 3161 803 camino
3193 751 3459 818 cinerem,

1887 838 1943 886 ct
1970 832 2249 901 dispersit,
2278 843 2333 889 et
2361 835 2817 904 producebantur
2849 840 3034 894 ulcera
3068 842 3137 906 ",
3174 849 3230 894 et
3261 842 3461 896 iterum

1887 923 2181 990 percussit,
2225 932 2281 977 et
2315 924 2518 979 ﬁebant
2547 927 2797 995 cinipbes
2842 935 2899 983 et
2953 945 3118 983 ranae.
3156 929 3296 983 Num
3346 931 3463 984 haec

1886 1022 2084 1067 natura
2120 1014 2360 1069 humana
2408 1016 2592 1072 facere
2648 1020 2869 1089 potuit?
2902 1020 3144 1077 Locutus
3174 1035 3258 1078 est
3298 1024 3460 1089 mari,

1887 1114 1944 1158 et
1972 1105 2211 1158 divisum
2232 1115 2316 1160 est
2337 1108 2382 1137 “
2409 1124 2422 1159 :
2470 1108 2657 1173 ﬂuvio,
2687 1121 2743 1164 et
2772 1120 3016 1169 mutatus
3047 1124 3132 1168 est
3159 1115 3211 1167 in
3248 1114 3466 1184 sangui-

1886 1206 2033 1245 nem.
2062 1192 2265 1247 Verum
2328 1204 2499 1263 patet,
2551 1199 2696 1266 quod
2732 1201 2974 1256 caelestis
3018 1204 3198 1257 virtus
3251 1204 3467 1257 habita—

1888 1283 2033 1338 verit
2075 1283 2132 1338 in
2189 1284 2309 1354 ejus
2359 1286 2564 1353 animo,
2594 1289 2665 1357 {et
2719 1304 2819 1358 per
2866 1290 3053 1346 Mosen
3084 1292 3323 1347 ediderit
3352 1294 3467 1349 haec

1889 1373 2065 1441 signa.

1958 1464 2025 1521 II.
2056 1464 2228 1520 David
2255 1480 2368 1537 quo
2393 1476 2557 1535 pacto
2604 1468 2788 1537 potuit
2812 1470 3022 1540 absque
3052 1473 3223 1527 armis
3259 1475 3314 1528 in
3352 1475 3470 1530 bel-

1888 1554 2003 1609 lum
2032 1558 2294 1627 congredi
2329 1572 2455 1612 cum
2504 1559 2596 1613 tali
2627 1559 2883 1630 gigante?
2908 1562 2977 1616 Et
3008 1579 3131 1617 cum
3181 1566 3469 1636 projiceret

1890 1646 2129 1716 lapidem
2167 1648 2224 1702 in
2254 1649 2619 1719 alienigenam
2651 1665 2747 1705 sua
2778 1668 2940 1707 manu
2978 1654 3147 1709 David
3173 1657 3239 1723 ",
3273 1672 3468 1712 manus

1893 1740 1990 1795 Dei
2018 1739 2290 1809 dirigebat
2316 1740 2581 1810 lapidem.
2635 1742 2752 1812 ipsa
2801 1759 3022 1813 quoque
3082 1746 3259 1801 virtus
3282 1748 3466 1804 divina

1894 1832 2171 1888 interfecit
2200 1832 2377 1897 illum,
2397 1847 2594 1900 parans
2627 1834 2939 1889 victoriam.
2974 1837 3092 1891 Non
3116 1839 3263 1892 enim
3297 1840 3463 1894 David

1896 1925 2003 1979 hoc
2056 1932 2292 1994 poterat,
2329 1924 2423 1992 qui
2461 1933 2586 1979 erat
2626 1924 2923 1980 imbecillis
2977 1942 3229 1997 corpore.
3284 1930 3465 1992 .lesus,

1896 2016 2039 2071 ﬁlius
2072 2014 2219 2069 Nave
2246 2015 2311 2079 “,
2340 2030 2464 2069 cum
2500 2015 2744 2070 venisset
2789 2016 3032 2082 Jericho,
3085 2018 3226 2073 sedit
3258 2028 3467 2088 septem

1894 2112 2035 2176 dies,
2068 2110 2208 2164 nihil
2241 2110 2459 2165 eﬂicere
2479 2111 2668 2165 valens
2699 2126 2797 2165 sua
2831 2110 3008 2181 ipsius
3036 2119 3262 2166 natura:
3295 2121 3351 2168 at
3373 2114 3466 2168 ubi

1890 2204 2055 2275 jussit
2085 2203 2247 2265 Deus,
2281 2202 2429 2256 muri
2471 2217 2568 2256 sua
2604 2211 2802 2271 sponte
2851 2212 3205 2257 corruerunt.
3248 2204 3466 2259 Etcum

1894 2296 2276 2367 ingrederetur
2295 2304 2495 2350 terram
2518 2294 2919 2365 promissionis,
2939 2294 3075 2349 dicit
3097 2296 3146 2350 ei
3171 2296 3465 2352 Dominus:

1893 2391 2231 2460 Proﬁciscere
2252 2392 2307 2445 in
2330 2390 2557 2456 bellum;
2586 2390 2872 2460 respondit
2905 2389 3097 2454 Jesus;
3128 2388 3260 2443 Vivit
3284 2390 3469 2444 Domi-

1893 2486 2026 2539 nus!
2054 2501 2158 2538 non
2191 2485 2468 2555 procedam
2496 2485 2609 2537 sine
2636 2493 2685 2536 te
2708 2484 2774 2535 ’⁷.
2801 2484 2870 2537 Ει
2900 2483 3026 2552 quis
3054 2492 3160 2547 est,
3189 2482 3282 2552 qui
3312 2496 3468 2535 man-

1893 2576 2045 2632 davit
2081 2576 2207 2640 soli,
2250 2584 2309 2629 ut
2337 2576 2665 2630 subsisteret
2699 2574 2837 2629 duas
2866 2574 3003 2629 alias
3036 2574 3203 2628 horas
3245 2575 3298 2627 in
3333 2589 3467 2629 con-

1893 2671 2046 2727 ﬂictu
2077 2670 2250 2725 belli?
2278 2671 2359 2724 An
2410 2670 2525 2723 sola
2580 2669 2754 2738 ipsius
2780 2674 2997 2731 natura,
3029 2682 3097 2721 an
3124 2681 3247 2736 quae
3276 2666 3355 2719 illi
3378 2682 3467 2721 as-

1894 2762 2122 2816 sistebat
2144 2761 2389 2829 potentia
2412 2759 2492 2812 '3?
2514 2759 2690 2813 Moses
2722 2774 2963 2827 quoque,
2980 2773 3101 2812 cum
3128 2772 3321 2810 manus
3334 2769 3469 2809 con-

1893 2862 2106 2909 sereret
2160 2869 2285 2907 cum
2320 2851 2640 2915 Amalecho,
2672 2850 2894 2920 quando
2917 2849 3246 2903 extendebat
3273 2863 3470 2902 manus

1895 2946 1950 2999 in
1982 2945 2181 3000 coelum
2210 2943 2278 2996 ad
2300 2944 2494 3008 Deum,
2529 2942 2894 2998 conculcabat
2923 2940 3186 2994 Amalech
3210 2958 3222 2993 :
3248 2937 3470 3009 quando

1893 3046 2076 3092 autem
2112 3036 2417 3091 declinaret
2456 3051 2673 3101 manus,
2691 3033 2954 3088 Amalech
2976 3032 3227 3103 superior
3259 3039 3397 3085 erat.

1964 3216 2055 3271 Ill.
2092 3216 2173 3270 Tu
2219 3230 2354 3270 vero
2400 3214 2620 3284 quando
2662 3214 2780 3270 haec
2833 3222 3025 3269 auditu
3078 3212 3341 3283 percipis,
3402 3227 3472 3265 ne

1891 3307 2079 3377 procul
2105 3322 2135 3361 a
2158 3315 2208 3361 te
2234 3307 2492 3376 procedat
2513 3322 2668 3361 mens
2684 3314 2804 3371 tua;
2833 3320 3023 3359 verum
3048 3305 3176 3374 quia
3202 3304 3292 3358 illa
3313 3311 3471 3374 typus

1889 3407 2047 3451 erant
2075 3398 2341 3452 etumbra
2366 3413 2620 3451 verarum
2644 3412 2854 3461 rerum,
2881 3395 3239 3451 accommoda
3276 3396 3471 3469 eadem

1892 3490 1991 3545 tibi
2039 3490 2163 3559 ipsi.
2210 3490 2664 3559 Quandocunque
2718 3489 2867 3543 enim
2914 3487 3229 3542 cxtenderis
3279 3502 3472 3540 manus

1892 3584 2058 3639 animi
2093 3584 2168 3639 tui
2205 3594 2262 3639 et
2295 3585 2660 3654 cogitationes
2688 3583 2743 3637 in
2784 3584 3006 3645 caelum,
3037 3593 3201 3650 atque
3231 3580 3472 3635 volueris

1893 3675 2218 3744 agglutinari
2254 3676 2508 3741 Domino,
2558 3675 2792 3730 inferior
2825 3674 3249 3743 cogitationibus
3281 3673 3389 3726 tuis
3412 3672 3471 3726 tit

1894 3765 2140 3820 Satanas.
2166 3766 2712 3835 thuemadmodum
2734 3765 2954 3819 Jericbo
2979 3770 3121 3818 muri
3143 3771 3471 3818 corruerunt

1892 3857 2102 3910 virtute
2134 3857 2321 3911 divina
2350 3859 2417 3922 ”,
2478 3857 2559 3911 sic
2616 3872 2837 3925 quoque
2870 3872 3021 3909 nunc
3060 3856 3203 3908 muri
3254 3855 3471 3908 malitia:

1893 3949 2203 4019 impediunt
2254 3958 2495 4004 mentem
2534 3958 2706 4011 tuam,
2739 3958 2904 4017 atque
2953 3948 3117 4001 urbes
3174 3947 3388 4000 Satanae
3415 3953 3470 4000 et

1895 4045 2106 4101 inimici
2136 4046 2213 4101 tui
2242 4043 2546 4113 perdcnlnr
2576 4045 2780 4096 virtute
2821 4042 3028 4096 divina.
3070 4040 3151 4093 Ad
3186 4040 3334 4092 hunc
3355 4053 3472 4093 mo-

1894 4141 2027 4196 dum
2089 4139 2143 4192 in
2191 4139 2383 4191 umbra
2436 4137 2570 4206 legis
2620 4136 2798 4188 virtus
2840 4134 3027 4188 divina
3093 4132 3469 4186 indesinenter

1894 4235 2082 4288 aderat
2108 4231 2290 4303 justis,
2316 4229 2487 4284 edens
2513 4227 2800 4282 manifesta
2820 4227 3101 4282 miracula.
3126 4225 3301 4294 Atque
3325 4225 3469 4278 intus

1896 4327 1950 4381 i-n
1986 4324 2120 4394 ipsis
2146 4320 2428 4376 habitabat
2468 4320 2656 4373 divina
2691 4319 2888 4388 gratia.
2939 4318 3130 4371 Itidem
3160 4329 3378 4385 quoque
3414 4315 3469 4367 in

1895 4415 2181 4489 prophetis
2212 4412 2569 4482 operabatur,
2625 4420 2793 4479 atque
2842 4408 3225 4478 suppeditabat
3274 4405 3472 4459 animis

222 4497 445 4566 Πνεῦμα
474 4500 530 4551 ὲν
556 4500 677 4562 ταῖς
714 4500 911 4570 ψυχαῖς
943 4502 1123 4555 αὐτῶν
1151 4504 1243 4557 τοῦ
1280 4508 1661 4577 προφητεύειν,
1698 4511 1790 4563 καὶ

1896 4525 2085 4565 eorum
2107 4507 2374 4577 Spiritum
2400 4503 2784 4575 prophetandi,
2812 4512 2867 4556 et
2887 4500 3146 4570 loquendi
3178 4507 3233 4552 et
3254 4497 3470 4551 dicendi

221 4588 423 4653 λαλεῖν,
445 4590 532 4643 ὅτε
562 4592 721 4662 χρεία
750 4588 817 4662 ἦν
844 4594 1143 4663 πράγματα
1170 4597 1379 4665 μεγάλα
1411 4601 1585 4652 είπεῖν
1608 4600 1684 4670 τῷ
1711 4601 1794 4655 κό-

224 4698 361 4752 σμῳ.
425 4684 499 4736 Ού
561 4685 670 4755 γὰρ
734 4687 965 4738 πάντοτε
1036 4687 1275 4754 ἐλάλουν,
1337 4691 1453 4743 ἀλλ’
1499 4692 1581 4745 ὅτι
1633 4693 1793 4763 ἤθελε

221 4773 279 4827 τὸ
337 4774 399 4829 ὲν
459 4775 644 4839 αὐτοῖς
704 4776 963 4848 Πνεῦμω
1014 4779 1152 4850 πλὴν
1204 4783 1259 4851 ἡ·
1290 4781 1520 4853 δύναμις
1560 4784 1792 4838 πάντοτε

223 4864 407 4936 συνῆν.

288 4971 361 5026 Δ¹.
417 4972 479 5024 Εί
540 4966 635 5026 οῦν
690 4974 771 5038 είς
818 4974 917 5045 τὴν
963 4975 1120 5029 σκιὰν
1174 4976 1425 5030 τοσοῦτον
1470 4978 1698 5052 ἐξεχύθη
1731 4980 1791 5034 τὸ

220 5060 444 5131 Πνεῦμα
477 5062 537 5116 τὸ
571 5063 746 5131 ἅγιον,
780 5066 932 5137 πόσῳ
962 5067 1161 5137 μᾶλλον
1182 5070 1262 5132 είς
1296 5070 1395 5139 τὴν
1430 5071 1635 5142 Καινὴν
1668 5073 1792 5125 Δια-

222 5148 415 5221 θήκην,
467 5154 546 5217 εἰς
579 5154 671 5209 τὸν
704 5157 955 5227 σταυρὸν,
988 5158 1067 5222 είς
1104 5159 1202 5231 τὴν
1250 5160 1458 5213 ἕλευσιν
1507 5161 1602 5213 τοῦ
1656 5163 1792 5233 Χρι-

223 5243 369 5311 στοῦ,
392 5245 525 5298 ὅπου
560 5248 838 5321 ὲγένετοή
876 5250 1095 5320 ἔκχυσις
1123 5252 1275 5322 καὶὴ
1309 5253 1445 5324 μέθη
1484 5253 1577 5306 τοῦ
1619 5253 1791 5307 Πνεύ-

225 5350 423 5401 nat-0;;
470 5338 692 5407 Ἔκχεῶ
751 5342 882 5410 γὰρ,
935 5345 1087 5412 φησι,
1142 5344 1259 5397 ἀπὸ
1303 5345 1408 5399 τοῦ
1447 5346 1793 5415 Πνεύματός

218 5444 331 5494 μου
372 5429 471 5483 ἐπὶ
507 5432 713 5486 πᾶσαν
746 5437 962 5503 σάρκα.
1004 5437 1174 5489 Τοῦτό
1206 5438 1354 5491 ἐστιν
1390 5438 1418 5490 ὃ
1451 5428 1604 5491 εἷπεν
1629 5440 1792 5502 αὐτὸς

221 5520 507 5593 ὁζΚύριος,
552 5524 635 5578 ὅτι
662 5528 803 5581 Μεθ’
837 5528 1003 5598 ὑμῶν
1029 5529 1242 5599 ἔσομαι
1286 5530 1397 5598 ἕως
1432 5532 1544 5600 τῆς
1580 5549 1795 5586 συντε-

293 5703 337 5734 "
384 5704 553 5759 Exod.
609 5721 723 5767 vni,
757 5707 842 5762 10.
945 5709 992 5740 ’³
1026 5708 1182 5770 ibid.,
1236 5707 1322 5762 l7.

1418 5708 1464 5739 ”
1504 5708 1675 5762 Exod.
1739 5724 1848 5766 xw,
1904 5706 1987 5766 16,
2052 5706 2143 5760 21.

1896 4600 2102 4655 mundo
2174 4613 2262 4652 res
2313 4599 2604 4667 ingentes,
2690 4594 3016 4649 necessitate
3084 4591 3134 4644 id
3192 4598 3468 4660 poscente.

1896 4693 2014 4747 Non
2046 4691 2191 4745 enim
2224 4704 2443 4757 semper
2496 4687 2885 4757 loquebantur,
2928 4684 3023 4739 sed
3061 4681 3282 4752 quando
3317 4679 3470 4749 157

1894 4783 2135 4846 volebat,
2173 4782 2267 4851 qui
2313 4781 2367 4833 in
2413 4780 2545 4848 ipsis
2598 4787 2737 4843 erat,
2780 4776 3057 4846 Spiritus:
3115 4772 3474 4826 nihilominus

1897 4872 2130 4928 facultas
2161 4885 2378 4941 semper
2411 4869 2622 4924 aderat.

1973 4978 2061 5034 IV.
2102 4967 2162 5030 Si
2199 4975 2367 5045 igitur
2413 4973 2468 5025 in
2522 4972 2771 5025 umbram
2825 4977 3107 5037 tantopere
3147 4974 3231 5021 est
3263 4965 3473 5020 effusus

1902 5070 2142 5139 Spiritus
2165 5076 2404 5127 sanctus,
2427 5075 2632 5133 quanto
2651 5062 2824 5131 magis
2842 5063 2898 5114 in
2918 5060 3128 5114 Novum
3156 5058 3475 5112 Testamen—

1900 5175 2039 5229 tum,
2065 5165 2120 5217 in
2155 5176 2394 5225 crucem,
2427 5160 2482 5213 in
2507 5159 2801 5212 adventum
2829 5155 3055 5219 Christi,
3089 5153 3309 5224 quando
3330 5153 3471 5208 facta

1900 5264 1985 5311 est
2013 5254 2211 5309 eil‘usio
2264 5260 2318 5305 et
2375 5249 2615 5305 ebrietas
2658 5248 2935 5316 Spiritus?
2970 5246 3253 5317 Effundam
3309 5245 3468 5306 enim,

1903 5347 2101 5417 inquit,
2138 5346 2201 5398 de
2233 5342 2436 5413 Spiritu
2460 5357 2572 5395 meo
2606 5358 2763 5410 super
2798 5356 3006 5392 onmem
3030 5354 3243 5392 carnem
3273 5338 3338 5389 ³ο.
3358 5335 3471 5390 Hoc

1897 5451 1983 5513 est
2025 5440 2172 5511 quod
2208 5440 2440 5508 ipsemet
2464 5436 2727 5490 Dominus
2750 5436 2905 5500 dixit,
2937 5450 3132 5502 nempe
3161 5452 3173 5487 :
3204 5432 3467 5486 Vobiscum

1900 5549 1989 5586 ero
2048 5547 2211 5599 usque
2244 5528 2312 5582 ad
2356 5527 2857 5582 consummationem
2884 5524 3079 5580 siccati.
3119 5521 3298 5578 Omnis
3330 5521 3469 5575 enim

2260 5704 2365 5756 "l
2418 5702 2551 5769 Reg.
2619 5720 2748 5772 xvn,
2789 5705 2876 5759 47.
3003 5700 3186 5757 "Jos.
3242 5715 3317 5767 vi,
3375 5699 3465 5754 ἓξ).

225 5774 266 5804 ’⁷
292 5774 405 5828 Jos.
441 5792 491 5842 χ,
524 5778 605 5831 15.
684 5777 728 5808 ’⁸
758 5778 931 5832 Exod.
961 5795 1086 5842 xvu,
1124 5779 1207 5832 11.
1231 5781 1274 5818 ’³
1304 5778 1417 5834 Jos.
1439 5793 1513 5843 γι,
1546 5779 1637 5833 20.
1714 5778 1790 5833 ³⁸.

1893 5819 1904 5831 .
1935 5793 1991 5843 ιι,
2030 5777 2233 5841 16.17;
2260 5773 2376 5831 loci
2409 5790 2469 5840 ιι,
2494 5773 2586 5828 ‘20.
