4044 6562
596 323 658 391 ελ
672 326 704 389 9
1866 333 1925 395 S.
1969 333 2286 393 MACARII
2325 334 2647 396 ZEGYPTII
3728 341 3811 409 820

600 438 689 502 qui
720 436 961 505 ~qmerit.
1005 436 1203 490 invenit
1254 436 1318 491 ".
1348 435 1405 492 Si
1436 439 1649 505 etenim,
1700 438 1899 508 inquit,
1932 456 2042 505 vos,
2086 440 2175 510 qui

2277 444 2446 507 λείας
2476 441 2582 495 τοῦ
2611 441 2826 506 αἰῶνος
2845 455 2858 469 ’
2886 439 3005 507 πᾶς
3029 442 3135 512 γὰρ
3172 446 3205 498 ὀ
3232 440 3422 512 ζητῶν
3460 447 3729 513 εὑρίσκει.
3758 459 3813 509 Et

600 526 721 578 estis
749 525 899 591 ntali,
922 530 1084 580 nostis
1117 526 1251 582 bona
1283 528 1420 582 dona
1444 529 1573 582 dare
1593 528 1721 594 ﬁliis
1746 531 1949 594 vestris,
1969 542 2169 600 quanto

2277 534 2408 603 γὰρ,
2443 536 2631 604 φησὶν,
2660 534 2829 605 ὑμεῖς
2871 534 3121 603 πονηροί
3159 537 3352 603 ὄντες,
3396 539 3597 593 οἴδατε
3622 540 3814 611 δόματα

602 618 771 686 magis
799 616 963 670 Pater
994 627 1159 671 vester
1179 618 1396 673 cwlestis
1428 618 1572 671 dabit
1601 616 1856 688 Spiritum
1879 620 2170 689 petentibus

603 726 723 764 eum
742 728 856 765 cum
881 712 1070 766 virtute
1091 724 1139 767 et
1159 730 1366 767 summa
1401 712 1527 780 ﬁdei
1553 712 1864 769 certitudine
1896 715 1941 747 “
1973 731 2171 772 secun-

604 800 737 854 dum
792 802 1150 872 Apostolum?
1200 802 1469 857 Caeterum
1519 804 1623 859 ista
1672 806 1856 870 modo,
1900 814 2168 877 tempore,

604 891 793 946 labore
820 908 1053 957 summo,
1074 891 1336 962 patientia
1361 902 1524 963 atque
1554 895 1850 951 dilectione
1879 898 1999 967 ejus
2016 913 2169 952 com-

608 996 894 1053 parantur,
915 984 1045 1039 dum
1077 995 1404 1041 exercentur
1427 1003 1630 1059 organa
1663 991 1861 1046 anima:
1883 994 2169 1058 sensitiva,

610 1087 669 1131 ut
692 1076 901 1130 dictum
949 1086 1054 1142 est,
1088 1088 1145 1134 et
1178 1080 1324 1135 bono
1356 1090 1409 1136 et
1456 1084 1621 1149 malo,
1655 1084 1934 1151 videlicet,
1960 1087 2172 1141 machi-

608 1171 717 1233 nis,
763 1171 978 1227 insidiis
1013 1181 1070 1229 et
1113 1175 1515 1245 multiplicibus
1548 1179 1979 1237 circumstantiis
2006 1190 2172 1252 atque

607 1263 1027 1333 deceptionilius
1048 1267 1303 1321 malitias:
1332 1268 1519 1324 itidem
1543 1286 1764 1340 quoque
1793 1271 2028 1327 diversis
2056 1289 2172 1345 gra-

611 1353 697 1408 tiae
750 1354 929 1421 donis,
985 1356 1153 1411 variis
1198 1358 1435 1425 auxiliis,
1501 1378 1533 1414 a
1582 1361 1785 1416 virtute
1821 1370 1877 1417 et
1933 1362 2172 1418 elilcacia

609 1443 850 1512 Spiritus
887 1445 1167 1514 profectis.
1217 1449 1319 1513 Qui
1366 1450 1513 1504 enim
1559 1454 1841 1522 cognoscit
1887 1454 2173 1510 cicatrices

610 1540 854 1603 malitiae,
897 1538 1282 1595 affectionibus
1326 1540 1678 1611 inquinantes
1710 1544 2028 1601 interiorem
2068 1548 2169 1602 ho-

610 1632 842 1698 minem;
908 1642 965 1685 et
1006 1646 1115 1685 non
1165 1632 1428 1701 perspicit
1479 1634 1534 1689 in
1587 1650 1647 1691 se
1689 1637 1956 1691 auxilium
1997 1639 2172 1695 sancti

2269 622 2460 691 ἀγαθὰ
2486 623 2719 678 διδόναι
2759 623 2885 691 τοῖς
2917 624 3154 692 τέκνοις
3184 626 3375 695 ὑμῶν,
3408 630 3583 694 πόσῳ
3611 630 3815 699 μᾶλλον

2268 711 2471 780 Πατὴρ
2504 711 2673 782 ὑμῶν
2698 715 2732 767 d
2759 713 3038 781 οὐράνιος
3059 713 3237 769 δώσει
3264 717 3508 786 Πνεῦμα
3536 717 3702 787 ἅγιον
3717 726 3815 791 τοῖς

2267 803 2545 858 αἰτοῦσιν
2571 803 2779 870 αὑτὸν,
2804 804 3057 874 δυνάμει
3091 805 3191 859 καὶ
3226 810 3607 878 πληροφορίᾳ
3644 816 3814 884 πολλῇ

2271 893 2417 947 κατὰ
2467 893 2559 948 τὸν
2597 894 2951 961 ’Δπόστολονς
2984 895 3065 949 Τὰ
3114 893 3208 951 οὖν
3238 898 3464 952 τοιαῦτα
3503 902 3602 953 καὶ
3643 903 3799 975 μέτρῳ

2271 984 2368 1039 καὶ
2404 984 2571 1055 πόνῳ,
2601 985 2694 1039 καὶ
2723 986 2880 1057 κόπῳ
2905 986 3104 1057 πολλῷ,
3135 989 3231 1041 καὶ
3260 989 3535 1059 ὑπομονῇ,
3573 961 3666 1043 καί

2270 1081 2336 1150 τῇ
2368 1079 2506 1150 πρὸς
2532 1079 2696 1133 αὐτὸν
2718 1079 3051 1151 εὑρίσκεται,
3079 1080 3511 1149 γυμναζομένων
3538 1083 3650 1134 τῶν
3667 1086 3819 1155 ciuili;-

2272 1166 2479 1236 τηρίων
2513 1166 2615 1237 τῆς
2638 1167 2842 1237 ψυχῆς,
2875 1169 3020 1221 κατά
3045 1168 3106 1220 τὸ
3139 1169 3459 1247 εἰρημένον,
3475 1169 3573 1222 διά
3598 1171 3753 1223 καλοῦ
3773 1190 3819 1226 τε

2273 1261 2369 1312 καὶ
2398 1259 2590 1326 κακοῦ,
2626 1260 2824 1330 δηλαδὴ
2854 1259 2944 1314 διά
2972 1276 3033 1314 τε
3058 1260 3165 1313 τῶν
3204 1261 3462 1331 μηχανῶν
3494 1261 3595 1314 καὶ
3631 1263 3812 1316 ἐπιδου-

2272 1348 2401 1413 λῶν,
2437 1351 2531 1404 κα)⁵
2569 1350 2923 1421 πολυτρόπων
2952 1352 3347 1422 περιστάσεων,
3368 1354 3464 1405 καὶ
3488 1353 3722 1423 ἐνεδρῶν
3742 1357 3821 1424 τῆς

2273 1443 2472 1507 κακίας
2488 1460 2501 1475 ·
2526 1442 2727 1514 ὁμοίως
2752 1443 2808 1497 δὲ
2829 1444 2924 1497 καὶ
2946 1444 3035 1498 διὰ
3059 1445 3169 1497 τῶν
3193 1444 3466 1516 διαφόρων
3490 1447 3821 1515 χαρισμάτων

2273 1538 2367 1591 καὶ
2424 1536 2687 1590 ποικίλων
2735 1536 3076 1607 ἀντιλήψεων
3112 1537 3215 1607 τῆς
3251 1537 3542 1608 ἐνεργείας
3575 1538 3668 1589 καὶ
3691 1538 3822 1591 δυνά-

2277 1645 2425 1699 μεως
2455 1627 2549 1681 τοῦ
2581 1627 2918 1699 Πνεύματος.
2958 1629 3019 1681 ’0
3052 1629 3161 1700 γὰρ
3186 1629 3470 1701 γνωρίζων
3490 1629 3596 1698 τὴν
3620 1629 3822 1697 ἐπουὶὴν

609 1718 847 1789 Spiritus
862 1720 1128 1786 veritatis,
1146 1723 1590 1779 corroborantem
1618 1725 1987 1783 infirmitatem
2015 1744 2169 1783 suam

2277 1719 2376 1789 τῆς
2422 1720 2620 1783 κακίας
2656 1719 2744 1774 διὰ
2773 1721 2881 1774 τῶν
2913 1719 3103 1774 παθῶν
3140 1720 3462 1789 μιαίνουσαν
3495 1720 3591 1772 τὸν
3626 1719 3727 1771 ἔσω
3750 1719 3823 1772 ἀν-

607 1817 772 1880 atque
810 1821 1165 1869 renovantem
1201 1817 1439 1871 animam
1475 1817 1531 1870 in
1570 1817 1939 1872 exsultatione
1966 1818 2168 1885 cordis,

2277 1810 2515 1879 θρωπον,
2555 1809 2651 1864 καὶ
2682 1812 2757 1881 μὴ
2791 1809 3170 1878 ἐπιγινώσκων
3214 1811 3274 1864 ἐν
3321 1809 3470 1877 αὑτῷ
3499 1810 3605 1877 τὴν
3638 1808 3824 1874 ἀντίληο

606 1905 874 1974 ejusmodi
929 1905 1155 1976 quiest,
1198 1906 1316 1962 sine
1368 1907 1703 1962 discretione
1750 1907 2002 1975 graditur
2060 1923 2171 1964 non

606 1997 949 2067 perspiciens
1012 1998 1399 2053 multiformem
1455 2000 1919 2070 dispensationem
1985 2001 2173 2071 gratia:

606 2089 870 2159 pacisque
921 2090 1139 2144 divinae.
1189 2090 1259 2144 Et
1302 2106 1335 2145 e
1383 2090 1623 2156 diverso,
1674 2091 1770 2161 qui
1821 2090 2107 2162 adjuvatur
2141 2108 2173 2148 a

606 2182 858 2244 Domino,
885 2192 942 2238 et
971 2182 1149 2237 afﬂuit
1177 2184 1365 2238 laetitia
1410 2184 1705 2254 spirituali,
1752 2200 1818 2240 ac
1857 2185 2019 2240 donis
2056 2200 2172 2241 cm-

605 2271 838 2327 lestibus
865 2312 880 2337 ,
932 2273 976 2327 si
1016 2273 1294 2328 existimet
1325 2289 1383 2329 se
1425 2289 1534 2329 non
1589 2275 1824 2345 amplius
1875 2275 2171 2330 obnoxium

604 2371 855 2431 peccato,
887 2362 1163 2433 decipitur
1192 2365 1427 2431 occulte,
1455 2366 1659 2435 quippe
1693 2367 1787 2437 qui
1832 2382 1940 2421 non
1975 2366 2175 2424 habeat

607 2454 917 2509 facultatem
951 2456 1302 2512 discernendi
1351 2458 1714 2514 subtilitatem
1774 2460 2017 2527 malitiae,
2070 2478 2172 2517 nec

606 2551 875 2621 intelligat
900 2552 1161 2622 paulatim
1192 2552 1312 2607 fieri
1357 2553 1755 2609 incrementum
1777 2553 2047 2624 pueritiae,
2088 2563 2174 2608 at-

604 2661 713 2716 que
766 2645 1158 2716 perfectionem
1213 2643 1269 2699 in
1319 2643 1543 2701 Christo
1589 2660 1761 2699 :nam
1816 2660 1915 2715 per
1967 2645 2177 2701 submi-

602 2737 985 2793 nistrationem
1057 2735 1295 2807 Spiritus
1360 2738 1536 2792 sancti
1599 2745 1657 2791 et
1727 2736 1939 2805 divini,
2012 2738 2175 2792 simul

606 2828 743 2884 ﬁdes
804 2838 966 2884 aucta
1029 2828 1085 2883 in
1146 2829 1547 2884 incrementum
1605 2828 1831 2896 tendit,
1900 2840 1958 2885 et
2014 2844 2176 2885 omne

603 2922 887 2976 munimen
943 2937 1236 2992 pravarum
1294 2922 1687 2992 cogitationum
1730 2936 1799 2976 ex
1864 2929 2020 2991 parte
2081 2923 2178 2976 (le-

604 3017 839 3071 struitur
892 3032 1066 3086 usque
1104 3015 1173 3069 ad
1218 3016 1485 3086 integram
1531 3016 1895 3071 eversionem.
1931 3015 2176 3072 Serutari

2270 1901 2363 1971 ψιν
2387 1901 2482 1954 τοῦ
2507 1902 2663 1970 ἁγίου
2694 1901 3011 1970 Πνεύματος
3032 1902 3131 1971 τῆς
3152 1902 3413 1972 ἀληθείας
3446 1902 3823 1970 ἐνδυναμοῦσσν

2272 1994 2438 2048 αὑτοῦ
2486 1994 2586 2064 τὴν
2622 1993 2908 2049 ἀσθένειαν
2950 1994 3042 2048 καὶ
3080 1993 3416 2047 ἀνανεοῦσαν
3449 1992 3555 2063 τὴν
3584 1993 3751 2062 ψυχὴν
3778 1994 3823 2045 ἐν

2272 2088 2588 2158 ἀγαλλιάσει
2647 2088 2897 2159 καρδίας,
2950 2090 2980 2141 ὁ
3023 2086 3263 2150 τοιοῦτος
3302 2088 3360 2140 ἐν
3386 2086 3706 2157 ἀδιακρισίᾳ
3746 2104 3824 2139 πο⁹

2277 2181 2515 2252 ρεύεται,
2550 2180 2624 2252 μὴ
2651 2181 2935 2253 γνωρίζων
2962 2198 3027 2249 γε
3056 2181 3164 2251 μὴν
3192 2180 3291 2249 τὴν
3319 2178 3665 2250 πολύτροπον
3706 2180 3825 2231 οἰκο-

2274 2275 2469 2345 νομίαν
2494 2275 2593 2345 τῆς
2618 2275 2711 2327 τοῦ
2746 2273 2880 2327 Θεοῦ
2904 2274 3123 2345 χάριτος
3158 2273 3251 2325 καὶ
3274 2273 3523 2343 εἰρήνης.
3559 2270 3671 2324 Καὶ
3692 2270 3824 2322 πάλιν

2273 2368 2330 2423 δὲ
2363 2370 2391 2422 ὁ
2420 2365 2783 2438 βοηθούμενος
2815 2366 2918 2419 ὑπὸ
2946 2364 3040 2418 τοῦ
3072 2363 3302 2436 Κυρίου,
3339 2364 3437 2417 καὶ
3461 2362 3826 2433 εὑρισκόμενος

2278 2462 2335 2515 ἐν
2387 2458 2691 2530 εὐφροσύνῃ
2723 2459 3068 2529 πνευματικῇ
3117 2459 3211 2511 καὶ
3260 2456 3567 2526 χαρίσμασι
3618 2456 3826 2521 ἐπουραο

2276 2553 2430 2618 νίοις,
2456 2551 2552 2606 ἐὰν
2585 2551 2783 2622 νομίσῃ
2817 2550 3015 2621 μηκέτι
3046 2549 3365 2604 ἀνακεῖσθαι
3403 2548 3512 2601 ὑπὸ
3542 2546 3644 2616 τῆς
3673 2546 3827 2614 ἀμαρ-

2277 2646 2419 2712 τίας,
2477 2646 2754 2700 ἀπατᾶται
2781 2644 3167 2714 κλεπτόμενος,
3213 2642 3287 2712 μὴ
3330 2640 3633 2711 διακρίνων
3662 2638 3823 2690 λεπτό-

2274 2754 2415 2809 τητα
2444 2738 2545 2807 τῆς
2584 2736 2812 2799 κακίας*
2866 2734 2962 2790 καὶ
3004 2734 3080 2806 μὴ
3126 2733 3321 2787 συνιὼν
3361 2732 3461 2801 τὴν
3503 2730 3649 2785 κατὰ
3691 2728 3825 2798 μέρος

2276 2830 2574 2902 γενομένην
2610 2830 2711 2898 τῆς
2739 2829 3063 2899 νηπιότητος
3088 2824 3316 2897 αῦξησιν
3337 2827 3434 2879 καὶ
3458 2824 3766 2891 τελειότητα
3782 2822 3828 2872 ἐν

2276 2924 2517 2994 Χριστῷ.
2547 2922 2646 2976 Διά
2666 2922 2774 2991 γάρ
2801 2923 2900 2993 τῆς
2937 2919 3297 2991 ἐπιχορηγίας
3324 2916 3418 2971 τοῦ
3447 2916 3608 2983 ἁγίου
3630 2913 3722 2967 καὶ
3741 2912 3827 2963 θεῖ-

2278 3017 2376 3071 κοῦ
2409 3018 2724 3088 Πνεύματος
2750 3016 2904 3088 [ὁμοῦ
2933 3031 2993 3068 τε
3022 3015 3115 3069 καὶ
3136 3016 3169 3084 ἡ
3192 3013 3372 3074 πίστις
3402 3006 3741 3077 αὐξανομένη
3765 3008 3828 3066 εἰς

606 3108 777 3178 igitur
803 3108 968 3163 debet
993 3112 1223 3179 quisque
1253 3118 1524 3175 nostrum,
1553 3110 1597 3164 si
1633 3110 1906 3165 invenerit
1938 3109 1993 3163 in
2028 3109 2176 3164 ﬁctili

2283 3107 2563 3179 προκοπὴν
2594 3106 2834 3176 ἔρχεται,
2866 3105 2959 3159 καλ⁵
2993 3107 3102 3157 πᾶν
3135 3102 3397 3174 ὀχύρωμα
3430 3096 3685 3168 πονηρῶν
3706 3096 3829 3160 λογιο

607 3200 715 3254 hoc
740 3208 1003 3270 apparatu
1034 3201 1372 3265 thesaurum,
1396 3201 1441 3255 si
1471 3199 1714 3256 induerit
1737 3216 2037 3271 purpuram
2070 3200 2182 3270 spi-

607 3288 770 3354 ritus,
797 3290 842 3343 si
885 3288 1087 3344 viderit
1124 3304 1330 3359 regem,
1357 3297 1413 3344 et
1446 3290 1719 3359 quieverit
1752 3290 2064 3359 proximum
2103 3290 2181 3343 illi

608 3379 820 3445 factus,
851 3378 897 3434 si
941 3378 1158 3433 tandem
1202 3379 1258 3433 in
1298 3378 1507 3434 alienas
1548 3379 1741 3434 domos
1778 3393 1837 3434 se
1896 3379 2178 3437 direxerit.

610 3466 747 3522 Nam
793 3468 975 3522 anima
1023 3467 1190 3523 habet
1233 3477 1418 3539 partes
1464 3468 1691 3534 multas,
1734 3479 1791 3524 et
1839 3469 2180 3525 altitudinem

611 3574 885 3630 magnam,
917 3569 974 3615 et
1009 3560 1230 3615 demum
1270 3570 1555 3631 peccatum
1598 3562 1902 3632 ingressum
1942 3562 2185 3634 possedit

612 3649 760 3704 illius
793 3650 1077 3705 universas
1108 3660 1291 3720 partes
1323 3660 1380 3706 et
1409 3652 1593 3707 cordis
1626 3652 1947 3723 penetralia.
1976 3654 2183 3708 Deinde

613 3740 927 3810 inquirente
955 3740 1198 3806 homine,
1226 3742 1376 3797 venit
1402 3743 1577 3813 gratia
1606 3743 1672 3798 ad
1702 3759 1851 3809 eum,
1875 3754 1931 3799 et
1954 3755 2185 3816 occupat

612 3829 750 3885 duas
778 3831 973 3886 anima;
998 3842 1179 3901 partes
1201 3833 1504 3901 aequaliter.
1525 3832 1629 3900 Qui
1655 3834 1821 3905 igitur
1845 3836 2055 3891 inscius
2077 3844 2180 3902 est,

612 3920 880 3979 invitatus
925 3942 955 3978 a
1005 3924 1213 3995 gratia,
1260 3925 1561 3980 arbitratur
1601 3926 1832 3997 gratiam
1881 3928 2182 3999 ingressam

611 4030 805 4071 omnes
832 4017 1028 4071 animae
1060 4027 1243 4087 partes
1277 4018 1549 4084 obtinere,
1574 4027 1630 4073 et
1661 4029 1945 4089 peccatum
1983 4022 2185 4076 radici-

2285 3199 2439 3269 σμῶν
2497 3198 2636 3251 κατὰ
2674 3197 2839 3268 μέρος
2896 3196 3065 3267 χωρεῖ
3107 3196 3187 3258 είς
3227 3190 3552 3261 καθαίρεσιν
3598 3184 3827 3250 παντελῆ.

2297 3291 2554 3362 Ἐρευνᾷν
2579 3289 2672 3343 οὖν
2716 3289 2919 3357 ὀφείλει
2950 3287 3181 3348 ἕκαστος
3206 3283 3385 3356 ἡμῶν,
3414 3283 3465 3335 εί
3501 3276 3661 3350 εὗρεν
3694 3280 3747 3331 ὲν
3770 3275 3831 3345 τῷ

2282 3380 2586 3452 ὀστρακίνῳ
2612 3378 2785 3447 τούτῳ
2808 3376 2991 3430 σκεύει
3009 3376 3025 3407 ¹
3056 3377 3147 3429 τὸν
3173 3373 3465 3446 θησαυρὸν,
3501 3373 3552 3424 εί
3576 3369 3833 3424 ἐνεδύσατο

2282 3472 2381 3544 τὴν
2427 3472 2713 3541 πορφύραν
2757 3469 2853 3523 τοῦ
2889 3469 3217 3539 πνεύματος,
3260 3468 3308 3519 εί
3346 3460 3455 3518 εἶδε
3490 3464 3583 3516 τὸν
3616 3460 3830 3531 βασιλέα,

2285 3566 2379 3616 καὶ
2421 3563 2702 3632 ἁνεπαύθη
2742 3564 2762 3593 ¹
2814 3562 3112 3629 ὲγγύτατος
3168 3558 3334 3612 αὐτοῦ
3380 3558 3691 3624 γενόμενος,
3741 3552 3831 3603 εἴτε

2285 3654 2468 3726 ἀκμὴν
2522 3656 2602 3717 εἰς
2654 3655 2777 3717 τοὺς
2824 3653 3123 3719 ἐξωτάτους
3160 3652 3341 3711 οἴκους
3379 3649 3645 3701 δωκινεί·
3690 3645 3832 3713 ἡγὰρ

2284 3749 2429 3819 ψυχὴ
2452 3746 2563 3817 ἔχει
2586 3746 2723 3815 μέλη
2748 3745 2938 3809 πολλὰ,
2968 3746 3064 3799 καὶ
3099 3744 3259 3814 βάθος
3293 3742 3453 3807 πολὺ,
3486 3741 3582 3794 καὶ⁵
3613 3736 3780 3791 homin
3806 3737 3831 3801 ἡ

2288 3840 2529 3911 ἁμαρτία
2568 3838 2955 3892 ἐπεισελθοῦσα
2992 3836 3255 3905 κατέσχεν
3284 3836 3455 3903 αὐτῆς
3482 3833 3583 3886 ὅλα
3624 3833 3689 3883 τά
3718 3830 3830 3900 μέλη

2286 3934 2379 3986 καὶ
2420 3934 2516 3994 τὰς
2556 3932 2727 4001 νομὰς
2767 3931 2866 3999 τῆς
2894 3929 3138 4001 καρδίας.
3169 3921 3303 3983 Εἶτα
3338 3923 3719 3995 ἐπιζητοῦντος
3755 3918 3831 3971 τοῦ

2285 4025 2573 4097 ἀνθρώπου
2604 4025 2823 4095 ἔρχεται
2872 4025 2905 4093 ἡ
2941 4024 3099 4093 χάρις
3128 4024 3264 4091 πρὸς
3291 4019 3477 4083 αὑτὸν,
3512 4020 3607 4071 καὶ
3642 4016 3832 4082 κατέχει

613 4116 704 4163 tus
728 4107 910 4162 evelli.
934 4107 1102 4178 Major
1126 4116 1309 4163 autem
1336 4123 1463 4179 pars
1485 4126 1514 4163 a
1531 4121 1757 4180 peccato
1781 4110 2114 4180 possidetur,
2129 4120 2186 4166 et

612 4213 722 4253 una
764 4214 890 4268 pars
928 4214 958 4253 a
999 4200 1206 4269 gratia;
1244 4209 1300 4255 et
1333 4201 1607 4271 decipitur
1640 4202 1732 4257 ille
1765 4214 1822 4258 et
1853 4204 2047 4258 nescit.
2082 4206 2176 4259 Per

2286 4210 2546 4280 λούμενος
2586 4210 2690 4262 ὑπὸ
2729 4210 2828 4277 τῆς
2873 4208 3114 4278 χάριτος,
3156 4205 3385 4275 νομίζει,
3429 4204 3512 4257 ὅτι
3552 4201 3764 4254 ἐλθοῦσα
3805 4200 3827 4266 ἡ

612 4291 771 4361 plura
828 4300 1013 4345 autem
1072 4292 1253 4347 adhuc
1309 4293 1378 4348 de
1437 4294 1523 4347 his
1579 4294 1846 4349 habentes
1894 4295 2176 4350 attentioni

2286 4303 2446 4374 χάρις
2484 4302 2581 4354 ὃλα
2621 4299 2688 4354 τὰ
2722 4300 2857 4370 μέλη
2889 4298 2990 4367 τῆς
3012 4298 3187 4368 ψυχῆς
3219 4295 3473 4364 κατέσχε,
3515 4295 3609 4347 καὶ
3648 4292 3829 4361 ἐξερῤιο

610 4392 807 4437 vestrze
847 4382 1181 4438 sinceritatis
1218 4384 1545 4453 patefacere.
1582 4401 1680 4455 per
1718 4401 1889 4454 pauca
1932 4386 2176 4441 dedimus

2288 4394 2433 4466 ζώθη
2460 4394 2537 4465 ³ή
2572 4392 2838 4463 ἁμαρτία.
2862 4391 2935 4444 Τὸ
2974 4390 3220 4443 πλεῖστον
3252 4388 3309 4440 δὲ
3348 4387 3515 4457 μέρος
3555 4385 3650 4453 τῆς
3676 4386 3829 4453 ἁμαρ-

612 4475 770 4530 vobis
811 4476 1143 4546 principium
1184 4484 1245 4531 ut
1282 4477 1716 4546 intelligentihus
1754 4478 2092 4544 hominibus,
2124 4488 2176 4533 ut

2289 4462 2743 4557 riag'xpattsirat,
2775 4485 2870 4537 καὶ
2908 4483 2965 4535 ἓν
3010 4482 3173 4552 μέρος
3213 4480 3317 4532 ὑπὸ
3350 4479 3451 4547 τῆς
3485 4479 3728 4547 χάριτος·
3755 4470 3828 4524 καὶ

2285 4120 2377 4173 δύο
2420 4118 2554 4189 μέλη
2597 4118 2697 4187 τῆς
2730 4118 2904 4187 ψυχῆς
2932 4117 3080 4178 ἴσως.
3124 4114 3182 4167 '0
3209 4110 3303 4167 οὖν
3338 4114 3585 4180 ἄπειρος,
3612 4123 3831 4178 παρακα-

610 4582 932 4628 cxercentes
950 4582 1006 4627 et
1025 4573 1354 4628 meditantes
1373 4588 1683 4628 sermonum
1705 4575 1984 4637 virtutem,
2017 4576 2178 4631 intel-

612 4666 932 4736 ligentiores
970 4664 1114 4720 ﬁalis
1142 4666 1195 4719 in
1224 4666 1475 4730 Domino,
1498 4676 1555 4721 et
1584 4666 1744 4736 158
1772 4667 2177 4737 simplicitatem

611 4755 797 4812 cordis
819 4756 989 4812 vestri
1018 4757 1263 4827 augeatis
1284 4757 1340 4811 in
1368 4758 1488 4828 ejus
1512 4759 1705 4828 gratia,
1729 4766 1786 4813 et
1811 4759 2013 4815 virtute
2036 4760 2179 4815 veri-

612 4847 760 4913 tatis,
791 4855 850 4902 ut
879 4863 1003 4902 cum
1037 4848 1187 4903 omni
1219 4849 1512 4913 securitate
1540 4856 1734 4904 vestra:
1768 4850 1929 4905 saluti
1965 4851 2179 4906 incum-

605 4940 831 5007 bentes,
866 4948 922 4995 et
968 4939 1185 4995 liberati
1232 4940 1302 4995 ab
1344 4941 1492 4995 omni
1536 4942 1852 4997 curiositate
1894 4951 1950 4997 et
1990 4943 2181 4999 fraude

603 5031 913 5088 adversarii
946 5031 1094 5103 digni
1130 5031 1441 5087 habeamini
1476 5031 1683 5087 innoxii
1718 5043 1775 5088 et
1804 5033 1993 5088 invicti
2025 5033 2180 5089 inve-

608 5125 721 5180 niri
756 5126 813 5180 in
846 5126 934 5181 die
962 5126 1155 5196 judicii
1190 5125 1406 5180 Domini
1446 5126 1618 5181 nostri
1651 5126 1781 5182 Jesu
1813 5125 2053 5193 Christi;
2090 5126 2180 5181 cui

604 5222 784 5291 gloria
810 5232 867 5278 et
892 5231 1134 5293 potestas
1152 5238 1276 5278 cum
1305 5224 1467 5278 Patre
1493 5233 1549 5277 et
1577 5222 1795 5278 viviﬁco
1824 5222 1945 5293 ejus
1975 5222 2181 5293 Spiritu

676 5428 727 5462 ³⁸
760 5426 950 5482 Matth.
978 5441 1169 5493 xxvm,
1195 5424 1285 5480 20.
1363 5425 1408 5458 ”
1445 5424 1635 5479 Matth.
1669 5440 1761 5489 vn,

2290 4578 2686 4632 ύποκλέπτεται
2709 4577 2802 4628 καὶ
2831 4575 2930 4627 οὐκ
2961 4569 3087 4626 οἶδε.
3116 4572 3213 4625 Διά
3243 4570 3508 4622 πλειόνων
3532 4569 3587 4621 δὲ
3620 4569 3694 4618 ἐτι
3724 4562 3826 4631 περὶ

2286 4668 2491 4721 τούτων
2520 4667 2734 4737 ἔχοντες
2762 4665 3061 4719 ἐπιστεῖλαι
3088 4666 3154 4733 τῇ
3177 4661 3412 4716 διαθέσει
3453 4660 3553 4727 τῆς
3586 4657 3823 4727 ὑμετέρας

2285 4759 2655 4829 είλικρινείας,
2697 4758 2761 4811 δι’
2786 4757 2984 4825 ὀλίγων
3018 4755 3297 4823 ἐδώκαμεν
3327 4754 3456 4822 ύμῖν
3490 4750 3729 4821 ἀφορμὴν
3759 4748 3818 4808 ὡς

2286 4855 2526 4916 συνετοῖς
2569 4850 2846 4921 ἀνδράσιν,
2902 4836 2988 4901 ἵνα
3037 4845 3396 4916 ἐργασάμενοι
3438 4844 3528 4896 καὶ
3562 4840 3815 4910 ἐξερευνή-

2286 4961 2480 5008 σαντες
2508 4943 2605 5014 τὴν
2626 4943 2733 4996 τῶν
2762 4941 2933 5010 λόγων
2957 4939 3203 5007 δύναμιν,
3242 4934 3593 5006 συνετώτεροι
3613 4930 3815 5000 γένησθε

2246 5088 2247 5091 η
2283 5040 2341 5092 ἐν
2366 5037 2575 5108 Κυρίῳ,
2615 5038 2709 5091 καὶ
2741 5035 2839 5105 τὴν
2869 5032 3144 5102 ἁπλότητα
3170 5030 3269 5099 τῆς
3306 5028 3532 5099 καρδίας
3566 5025 3708 5096 ὑμῶν
3741 5024 3820 5075 αύ-

2286 5131 2481 5201 ξάνητε
2500 5130 2558 5181 ὲν
2585 5131 2651 5198 τῇ
2672 5125 2837 5180 αὑτοῦ
2861 5125 3064 5196 χάριτι,
3092 5122 3187 5176 καὶ
3206 5120 3432 5189 δυνάμει
3457 5118 3553 5188 τῆς
3573 5114 3818 5211 ἀληθείας.

2287 5222 2373 5275 ἵνα
2407 5218 2547 5292 μετά
2577 5219 2759 5289 πάσης
2794 5215 3092 5287 ἀσφαλείας
3124 5212 3474 5285 ἀντεχόμενοι
3514 5209 3603 5282 τῇς
3644 5209 3821 5262 ἑαυτῶν

1881 5604 2111 5662 VARUE
2148 5603 2557 5660 LECTIONES.

683 5772 705 5803 ³
736 5769 872 5828 ΓδοιΙ.
914 5767 1103 5825 σκεύη.
1206 5768 1224 5799 ²
1251 5767 1367 5828 ἴση
1423 5763 1633 5829 ἀνεπάη
1690 5773 1785 5817 aut
1814 5761 2079 5834 ἀνεπαύη.

2160 5764 2180 5796 ³
2211 5760 2345 5818 Cod.
2378 5758 2694 5831 ἐξεριζώθη.
