4044 6562
574 338 679 404 893

1822 340 1882 399 s.
1924 304 2246 398 MACARII
2288 334 2609 396 aerem
3716 329 3798 392 ut

572 448 895 504 einundavit
938 450 1262 507 interiorem
1294 450 1611 509 hominem?
1638 465 1751 507 non
1777 451 1927 506 enim
1955 450 2160 520 qualis-

2268 448 2325 502 οὐ
2358 454 2467 517 γὰρ
2498 450 2531 518 ἡ
2572 446 2753 518 ἀποχὴ
2787 445 2896 500 τῶν
2929 443 3114 499 κακῶν
3160 443 3309 495 ἐστιν
3339 441 3372 511 ἠ
3406 439 3677 509 κάθαρσις,
3709 434 3798 497 ἀλλ’

572 556 791 609 cunque
825 541 1160 597 abstinentia
1206 560 1238 599 a
1271 544 1452 609 malis,
1481 542 1576 599 sed
1602 559 1726 613 quae
1760 541 1986 596 intimos
2029 555 2161 595 con-

574 631 821 685 scientia
872 633 1028 687 sinus
1060 634 1212 688 omni
1254 634 1671 704 inquinamento
1716 647 1842 687 cum
1873 630 2159 703 diligentia

572 733 863 793 expurgat.
892 725 1139 794 perfecta
1166 726 1387 779 demum
1419 723 1744 778 emundatio
1771 731 1875 778 est.
1904 722 2048 792 Ergo
2073 721 2158 775 in»

573 815 803 883 gredere
829 817 906 871 sis
942 818 1081 872 heus
1115 827 1192 881 tu,
1241 818 1294 871 in
1322 817 1441 870 laxa
1471 818 1692 885 penitus
1725 815 2007 870 conclavia
2052 814 2160 869 late

576 906 725 960 intus
779 910 1089 977 vagantium
1134 908 1533 978 cogitationum
1589 915 1843 968 tuarum.
1893 906 1963 960 ad
2006 914 2157 961 tuam

575 1000 845 1068 captivam
872 1009 926 1053 ct
950 1017 1163 1055 servam
1195 1002 1407 1072 peccati
1443 1010 1714 1064 mentem;
1751 1008 1805 1054 et
1830 999 1955 1054 vide
1981 998 2035 1053 in
2070 1000 2156 1053 in-

576 1092 711 1144 timo
740 1091 859 1159 ejus
891 1091 1082 1157 fundo,
1114 1093 1217 1147 sub
1265 1093 1428 1146 turba
1457 1091 1810 1146 hullientium
1861 1091 2156 1162 cogitatio-

574 1197 731 1246 num,
760 1183 812 1235 in
842 1182 994 1250 ipsis,
1031 1198 1156 1251 qua:
1197 1183 1395 1237 animae
1434 1182 1735 1251 penetralia
1757 1181 2038 1243 dicuntur,
2073 1197 2158 1235 oc-

579 1273 906 1327 cultissimis
939 1273 1295 1329 conscientia:
1340 1274 1674 1337 recessibus,
1708 1281 2013 1341 reptantem
2070 1273 2159 1327 nio

573 1362 971 1434 dulantemque
1011 1381 1267 1436 anguem,
1315 1365 1409 1435 qui
1450 1374 1499 1419 te
1534 1364 1759 1428 occidit,
1803 1379 2018 1419 veneno
2058 1379 2160 1419 suo

573 1454 801 1510 insectis
828 1456 1096 1511 vitalibus
1125 1457 1325 1511 anima:
1352 1465 1457 1510 tua:
1484 1455 1738 1526 partibus
1772 1470 1837 1509 ac
1873 1455 2157 1511 membris.

2266 541 2300 610 ἡ
2332 539 2472 593 κατά
2501 537 2805 609 συνείδησιν
2830 536 3013 590 τελεία
3055 534 3347 605 κάθαρσις.
3394 532 3609 585 Είσελθε
3635 534 3744 604 γὰρ,
3766 531 3801 590 ὦ

2265 624 2440 695 οὗτος,
2473 632 2561 685 διὰ
2593 634 2692 702 τῆς
2722 630 2830 683 τῶν
2855 627 3132 698 λογισμῶν
3154 644 3246 679 σου
3274 626 3577 687 ἐπιτάσεως
3600 626 3719 688 πρὸς
3734 629 3802 679 τὸν

2267 724 2634 795 αἰχμάλωτον,
2673 723 2766 776 καὶ
2795 721 2981 776 δοῦλον
3009 720 3109 789 τῆς
3137 718 3417 789 ἁμαρτίας
3444 715 3568 769 νοῦν
3604 734 3708 776 σου,
3731 720 3803 770 καὶ

2271 815 2346 869 ῐδε
2372 814 2465 867 τὸν
2504 812 2818 885 κατώτερον
2847 812 2943 865 τοῦ
2970 812 3061 864 νοῦ
3106 811 3200 863 καὶ
3230 808 3529 878 βαθύτερον
3560 808 3660 859 τῶν
3688 808 3804 874 λογι-

2271 905 2446 975 σμῶν,
2478 907 2558 970 εἰς
2586 905 2656 958 τὰ
2689 904 2959 975 λεγόμενα
3008 904 3232 972 ταμιεῖα
3272 902 3372 970 τῆς
3416 900 3596 970 ψυχῆς
3628 917 3709 953 σου
3737 903 3807 953 τὸν

2265 999 2504 1070 ἓρποντα
2549 999 2644 1053 καὶ
2694 997 3081 1068 ἐμφωλεύοντα
3123 998 3267 1066 ὅφιν,
3299 996 3389 1048 τὸν
3419 993 3737 1062 φονεύσαντα
3761 1012 3805 1046 σε

2261 1091 2351 1144 διὰ
2376 1092 2482 1145 τῶν
2511 1093 2884 1162 καιριωτέρων
2906 1092 3006 1161 τῆς
3031 1091 3209 1161 ψυχῆς
3233 1106 3327 1142 σου
3360 1087 3541 1158 μελῶν
3559 1106 3573 1118 ·
3609 1086 3805 1151 ἀϐυσσπ

2262 1184 2373 1253 γάρ
2410 1184 2559 1236 ἐστιν
2607 1183 2994 1253 ἀκατάληπτος
3041 1183 3074 1252 ἡ
3125 1181 3356 1251 καρδία*
3395 1179 3491 1233 καὶ
3524 1179 3617 1230 ἐὰν
3656 1178 3808 1231 τοῦτον

2263 1275 2553 1347 φονεύσῃς,
2583 1274 2858 1345 καύχησαι
2889 1273 2966 1344 τῷ
2993 1272 3113 1343 Θεῷ
3137 1273 3265 1343 περὶ
3286 1272 3689 1341 καθαρότητοςο
3712 1272 3808 1322 εἰδὲ

2269 1367 2364 1439 μὴ,
2392 1367 2749 1431 ταπεινωθεὶς
2777 1369 2852 1432 ὠς
2888 1367 3072 1437 ἐνδεὴς
3097 1364 3193 1419 καὶ
3216 1364 3543 1436 ἁμαρτωλὸς
3574 1362 3708 1432 ὑπὲρ
3725 1364 3810 1414 τῶν

2266 1459 2513 1529 κρυφίων
2536 1477 2631 1512 σου
2651 1459 2901 1529 δεόμενος
2928 1459 3023 1513 τοῦ
3050 1457 3211 1512 Θεοῦ.

570 1548 820 1621 Abyssus
843 1551 992 1605 enim
1019 1549 1525 1621 imperscrutabilis
1557 1564 1653 1603 cor
1681 1557 1786 1613 est,
1816 1548 1936 1603 etsi
1966 1548 2191 1619 quidem
2231 1551 2398 1607 istum
2435 1552 2803 1618 interleceris,
2846 1562 2976 1609 tunc
3005 1567 3138 1607 sane
3189 1550 3330 1606 aude
3363 1549 3509 1620 apud
3539 1549 3703 1603 Deum
3723 1551 3813 1621 glo-

573 1641 704 1695 riari
751 1642 819 1696 de
862 1653 952 1697 tua
995 1643 1237 1712 puritate
1270 1662 1284 1698 :
1336 1642 1423 1697 sin
1458 1642 1663 1706 minus,
1702 1640 2051 1707 humiliatus,
2125 1651 2186 1697 ut
2225 1644 2479 1716 indigens
2544 1654 2601 1701 et
2637 1654 2927 1716 peccator,
2959 1644 3163 1700 accede
3205 1642 3275 1697 ad
3326 1642 3502 1697 Deum
3527 1684 3542 1706 ,
3572 1650 3628 1696 et
3659 1657 3810 1697 coram

574 1732 669 1786 illo
688 1732 911 1801 procide
937 1748 1123 1799 orans,
1162 1740 1217 1785 ut
1253 1742 1305 1787 te
1331 1733 1400 1787 ab
1424 1732 1659 1787 occultis
1686 1730 1793 1784 tuis
1816 1732 2067 1787 mundet.

642 1825 710 1879 ll.
748 1826 883 1880 Vera
911 1841 1061 1880 mors
1093 1827 1243 1881 intus
1272 1826 1325 1880 in
1363 1826 1532 1882 corde
1562 1824 1885 1880 abscondita
1910 1834 2018 1893 est,
2044 1842 2151 1897 qua

2328 1828 2404 1883 B'.
2462 1828 2519 1883 '0
2550 1828 2805 1899 ἀληθινὸς
2835 1828 3065 1890 θάνατος
3094 1796 3308 1880 ἔνδοθεν
3342 1827 3400 1879 ὲν
3426 1827 3496 1896 τῇ
3530 1825 3721 1895 καρδία
3744 1826 3813 1879 κέ-

572 1918 815 1972 exterior
838 1918 1026 1983 homo,
1056 1928 1337 1988 utcunque
1393 1919 1606 1988 spirare
1646 1921 1923 1987 videatur,
1965 1936 2159 1976 revera

572 2017 659 2065 est
687 2018 960 2065 mortuus.
999 2010 1055 2065 Si
1093 2012 1219 2079 quis
1247 2011 1415 2081 igitur
1450 2010 1507 2065 in
1537 2011 1634 2067 illo
1672 2029 1878 2068 arcano
1907 2013 2095 2069 cordis
2129 2030 2159 2068 a

574 2111 753 2156 morte
783 2102 850 2156 ad
886 2102 1050 2156 vitam
1088 2102 1308 2167 transit,
1340 2104 1386 2158 is
1427 2120 1557 2159 vere
1592 2104 1729 2158 vivit
1759 2106 1870 2159 vita
1906 2105 2158 2175 perenni,

574 2210 679 2249 nec
702 2195 942 2265 amplius
977 2197 1233 2250 moritur.
1264 2196 1381 2250 Etsi
1406 2197 1554 2250 enim
1583 2197 1773 2251 talium
1795 2213 2016 2267 quoque
2039 2213 2163 2252 cor-

574 2302 730 2356 pora,
754 2288 1138 2357 separantibus
1165 2304 1223 2344 se
1251 2298 1458 2343 statuto
1485 2299 1734 2359 tempore
1762 2290 1831 2344 ab
1858 2291 1927 2345 iis
1956 2291 2163 2345 anima~

573 2377 699 2441 lius,
735 2387 888 2433 certo
932 2381 1111 2448 spatio
1144 2380 1469 2445 solvuntur,
1501 2382 1694 2435 eadem
1726 2389 1932 2446 tamen,
1970 2390 2163 2452 utpote

573 2471 936 2534 sanctiﬁcata,
961 2481 1253 2542 resurgent
1281 2488 1407 2526 cum
1439 2472 1633 2543 gloria.
1664 2474 1965 2544 Propterea
1997 2489 2149 2529 som-

573 2577 707 2616 num
734 2580 996 2619 vocamus
1027 2574 1265 2619 mortem
1298 2573 1643 2621 sanctorum.

648 2653 742 2708 ΙΙΙ.
772 2654 973 2709 Totum
1003 2655 1309 2710 adversarii
1341 2664 1625 2711 certamen
1648 2656 1704 2711 in
1732 2672 1800 2712 eo
1822 2657 2076 2723 desudat,
2104 2667 2165 2713 ut

577 2754 746 2813 queat
798 2756 1041 2801 mentem
1102 2755 1351 2801 nostram
1407 2761 1438 2800 a
1496 2746 1592 2800 Dei
1663 2749 2048 2804 recordatione
2109 2757 2167 2804 et

575 2851 765 2891 amore
816 2837 1165 2902 abstrahere,
1208 2838 1500 2893 illecebras
1529 2839 1597 2894 ad
1637 2836 1692 2894 id
1724 2840 1997 2896 adhibens
2054 2849 2168 2896 ter-

575 2945 758 2995 renas,
807 2930 1068 3000 omnique
1107 2941 1224 2986 arte
1251 2943 1505 3003 satagens
1536 2933 1794 2988 allectum
1824 2950 2166 3004 sensumque

574 3031 824 3076 nostrum
856 3022 925 3077 ab
978 3039 1066 3088 eo,
1104 3023 1199 3094 qui
1255 3040 1401 3079 unus
1424 3040 1553 3079 vere
1596 3042 1775 3080 nonus
1825 3036 1932 3093 est,
1979 3026 2046 3082 ad
2078 3044 2164 3093 ea,

574 3132 699 3185 qua:
768 3117 882 3171 sola
933 3117 1220 3186 Opinione,
1268 3133 1379 3172 non
1429 3128 1617 3173 autem
1688 3120 1866 3175 solida
1904 3122 2165 3188 veritate,

2264 1939 2524 1992 κρυπται,
2561 1922 2656 1975 καὶ
2706 1922 2734 1975 ό
2782 1920 3066 1992 ἄνθρωπος
3106 1919 3213 1972 ἔσω
3249 1919 3612 1990 νενὲκρωται.
3654 1920 3715 1972 ΕΞ
3749 1937 3814 1981 τις

2263 2011 2357 2067 οὖν
2393 2012 2771 2084 μεταϐέϐηκεν
2803 2014 2867 2065 ὲκ
2902 2012 2994 2065 τοῦ
3023 2011 3255 2065 θανάτου
3284 2013 3364 2073 είς
3390 2011 3491 2082 τὴν
3514 2010 3659 2081 ζωὴν
3682 2012 3732 2063 ἐν
3755 2011 3814 2079 τῷ

2265 2104 2512 2176 κρυπτῷ,
2543 2098 2697 2168 οὗτος
2727 2104 2940 2176 ἀληθῶς
2982 2105 3061 2167 είς
3094 2104 3222 2166 τοὺς
3257 2102 3463 2166 αἰῶνας
3510 2101 3601 2173 ζῇ,
3630 2104 3717 2155 καὶ
3738 2103 3815 2156 οὐκ

2263 2197 2630 2268 ἀποθνήσκει*
2668 2196 2784 2250 ἀλλ’
2830 2198 2878 2250 εί
2924 2196 3020 2250 καὶ
3066 2194 3407 2266 τὰσώματα
3450 2196 3565 2248 τῶν
3596 2194 3815 2248 τοιούτων

2263 2290 2451 2343 λύεται
2480 2290 2614 2359 πρὸς
2647 2290 2840 2360 καιρόν
2866 2306 3009 2354 τινα,
3046 2287 3162 2342 ἀλλ’
3187 2285 3282 2341 οὖν
3313 2288 3630 2358 ἡγιασμένα
3663 2287 3717 2338 τέ
3734 2289 3815 2338 εἰσι

2265 2383 2359 2436 καὶ
2392 2383 2698 2452 ἐγείρονται
2734 2384 2832 2436 σὺν
2861 2380 3016 2456 δόξῃ·
3052 2379 3132 2434 διὸ
3160 2380 3255 2434 καὶ
3293 2378 3466 2433 ὕπνον
3495 2379 3719 2449 λέγομεν

2266 2476 2525 2547 κοίμησιν
2548 2475 2668 2555 τῶν
2700 2474 2893 2545 ἁγίων.

2337 2657 2413 2711 Γ’.
2454 2657 2616 2720 Ὅλος
2646 2659 2675 2712 ό
2716 2655 2865 2726 ἀγὼν
2913 2655 3008 2711 τοῦ
3056 2656 3439 2727 ἀντικειμένου
3486 2646 3643 2718 οὗτός
3678 2658 3815 2719 ἐστιν,

2268 2747 2354 2801 ἶνα
2379 2748 2582 2819 δυνηθῇ
2611 2747 2703 2801 τὸν
2732 2748 2859 2801 νοῦν
2880 2747 3037 2818 ἡμῶν
3063 2748 3171 2801 ἀπό
3194 2747 3292 2817 τῆς
3316 2747 3455 2817 πρὸς
3474 2747 3609 2799 Θεὸν
3632 2747 3816 2817 μνήμης

2267 2841 2365 2896 καὶ
2407 2842 2627 2913 ἀγάπης
2676 2842 2972 2905 ἐκσπᾶσαι,
3021 2841 3352 2911 δελεάσμασι
3392 2843 3607 2911 γηῖνοις
3635 2838 3815 2909 χρώμεο

2268 2951 2379 3000 νος,
2415 2935 2510 2988 καὶ
2542 2933 2650 2987 ἀπὸ
2682 2934 2771 2987 τοῦ
2819 2933 2973 2997 ὄντος
3008 2932 3175 2986 καλοῦ
3221 2932 3628 3003 παρεκτρέπων
3653 2932 3734 2983 ἐπὶ
3766 2932 3818 2982 τὰ

2268 3028 2506 3098 δοκήσει,
2554 3026 2669 3082 ἀλλ’
2699 3029 2800 3081 οὐκ
2839 3027 3010 3089 ὅντως
3038 3026 3199 3080 καλά.
3242 3027 3357 3078 Πᾶν
3387 3026 3501 3095 γὰρ
3532 3025 3562 3077 ὃ
3594 3026 3685 3076 ὲάν
3716 3026 3816 3093 ποιῇ

2271 3118 2559 3189 ἄνθρωπος
2608 3118 2808 3183 καλὸν,
2869 3116 3093 3172 σπιλοῦν
3138 3118 3233 3170 καὶ
3266 3117 3505 3187 μιαίνειν
3540 3117 3569 3168 ό
3619 3116 3819 3184 πονηρὸς

576 3206 722 3261 bona
742 3216 893 3273 sunt,
927 3218 1201 3265 avertere.
1243 3209 1626 3280 Quodcunque
1662 3213 1812 3266 enim
1864 3214 2027 3267 homo
2062 3214 2164 3267 bo-

2275 3213 2541 3283 βούλεται,
2582 3213 2675 3265 καὶ
2694 3210 2792 3281 τὴν
2825 3210 2961 3264 ἰδίαν
2980 3208 3318 3279 ἑπεισποράν
3344 3208 3445 3277 τῆς
3482 3205 3816 3274 κενοδοξίαςῆ

576 3314 712 3353 num
752 3300 905 3365 facit,
944 3301 1191 3366 polluere
1241 3318 1306 3358 ac
1342 3304 1722 3358 contaminare
1754 3304 2042 3374 improbus
2073 3320 2166 3360 co-

579 3397 770 3453 natur,
802 3390 1151 3460 maximeque
1176 3392 1490 3457 contendit,
1520 3408 1647 3447 cum
1684 3410 1847 3463 quem
1880 3394 2031 3450 videt
2060 3394 2165 3465 legi

579 3480 941 3537 observandae
964 3498 1188 3552 Operam
1231 3484 1475 3549 dantem,
1509 3486 1661 3555 operi
1698 3486 1843 3540 bouo
1876 3495 1972 3539 aut
2012 3502 2167 3539 vanae

2272 3305 2509 3375 ὀνήσεως
2554 3305 2621 3373 τῇ
2662 3302 2845 3373 ἐντολῇ
2903 3301 3205 3371 συμμίγειν
3250 3298 3621 3367 ἀγωνίζεται’
3662 3297 3736 3349 ἵνα
3762 3298 3819 3365 μὴ

2272 3395 2360 3447 διὰ
2389 3394 2522 3447 Θεὸν
2552 3393 2645 3446 καὶ
2678 3393 2838 3463 μόνον
2868 3393 3011 3447 κατὰ
3038 3391 3347 3464 προθυμίαν
3378 3390 3597 3460 ἀγαθὴν
3625 3390 3681 3442 τὸ
3706 3388 3820 3457 γινό-

2278 3502 2435 3556 μενον
2462 3485 2662 3554 ἀγαθὸν
2686 3485 2933 3556 γένηται.

579 3574 790 3644 gloriae,
821 3583 916 3629 aut
948 3576 1173 3630 tumidae
1200 3576 1286 3631 sui
1324 3577 1694 3647 praesidentia:
1731 3577 1911 3633 labem
1939 3578 2259 3648 inspergere
2280 3617 2295 3641 ,
2326 3594 2397 3633 ne
2428 3577 2525 3632 Dei
2560 3579 2733 3634 solius
2794 3594 2982 3646 causa,
3012 3586 3070 3634 et
3127 3591 3195 3632 ex
3251 3574 3400 3629 bono
3466 3570 3821 3644 verequelan-

580 3668 747 3722 dabili
784 3669 1084 3738 proposito,
1122 3670 1268 3739 quod
1311 3671 1557 3724 exterius
1612 3671 1755 3726 bene
1807 3672 1878 3726 sit
1927 3672 2163 3726 interius
2200 3680 2441 3742 geratur.

653 3762 739 3817 IV.
778 3762 921 3828 Quid
948 3762 1150 3830 igitur?
1179 3778 1283 3817 nos
1316 3778 1599 3832 nunquam
1629 3780 1693 3819 ac
1717 3779 1988 3833 nusquam
2019 3763 2169 3819 soliti

583 3854 639 3909 in
672 3871 769 3909 cor
792 3864 1046 3909 nostrum
1081 3855 1319 3925 ingredi,
1356 3857 1636 3925 quomodo
1674 3857 2044 3927 incipiemus?
2068 3858 2173 3911 Per

578 3948 850 4018 jejunium
872 3956 930 4003 et
954 3949 1261 4003 orationem
1294 3947 1431 4003 foris
1455 3958 1665 4003 stantes
1683 3950 1988 4019 pulsemus,
2006 3958 2174 4019 prout

584 4040 852 4094 Dominus
872 4039 1060 4111 jussit,
1081 4040 1274 4095 dicens
1305 4057 1319 4094 :
1359 4040 1578 4094 I’ulsatc
1603 4050 1651 4094 et
1678 4042 1946 4111 aperietur
1966 4041 2106 4111 vobis
2131 4041 2170 4095 ³.

586 4131 642 4185 Si
671 4132 820 4186 enim
842 4133 1314 4201 permanserimus
1339 4131 1393 4185 in
1422 4131 1594 4186 verbo
1613 4132 1831 4186 Domini
1850 4142 1906 4187 et
1925 4132 1981 4186 iu
2006 4148 2170 4187 sensu

587 4223 782 4277 intime
822 4223 1065 4278 demisso
1091 4224 1469 4279 mendicitatis
1498 4233 1555 4277 et
1585 4224 1815 4279 vilitatis
1841 4234 2077 4289 nostrm;
2110 4240 2175 4279 ac

587 4316 752 4369 simul
781 4315 1048 4370 exercitio
1076 4324 1401 4370 cunctarum
1431 4331 1555 4384 qua:
1585 4330 1681 4383 per
1715 4315 1974 4369 mandata
2000 4319 2175 4385 impe—

587 4415 799 4471 rantur,
851 4407 1142 4471 virtutum,
1182 4415 1347 4461 nocte
1390 4422 1454 4461 ac
1498 4406 1589 4460 die
1632 4409 2173 4476 perseveraverimus

587 4497 869 4568 pulsantes
928 4498 1273 4568 spiritualem
1318 4496 1535 4552 Domini
1564 4497 1787 4567 januam
1812 4539 1827 4565 ,
1860 4500 2170 4569 poterimus

588 4589 753 4659 potiri
785 4605 873 4655 eo,
896 4591 1043 4659 quod
1078 4591 1401 4661 quaerimus.
1442 4593 1550 4647 Per
1580 4593 1723 4647 hanc
1750 4592 1896 4647 enim
1938 4593 2165 4663 januam

584 4688 769 4751 potest
803 4681 1186 4738 liberationem
1220 4684 1439 4753 assequi
1485 4684 1804 4754 quicunque
1829 4685 1948 4737 vult
1977 4685 2166 4753 fugere

588 4791 618 4829 a
649 4774 973 4845 captivitate
1009 4775 1389 4831 tenebrarum.
1419 4775 1640 4831 Invenit
1664 4776 1870 4846 quippe
1900 4775 1975 4829 ibi
2008 4776 2174 4830 liber-

589 4876 754 4923 tatem
782 4867 998 4932 animae,
1025 4878 1080 4922 et
1109 4868 1309 4938 recipit
1339 4884 1614 4939 congruas
1645 4868 1749 4939 ipsi
1780 4868 2170 4939 cogitationes;

586 4974 652 5014 ac
677 4959 898 5014 tandem
926 4975 994 5014 eo
1033 4975 1207 5030 usque
1238 4959 1589 5030 provehitur,
1618 4967 1679 5013 ut
1700 4959 1981 5031 possideat
2002 4960 2172 5017 cccle-

590 5059 733 5107 stem
766 5068 951 5123 regem
975 5052 1283 5110 Christum.

662 5144 1013 5222 160-162
1027 5146 1089 5201 V.
1105 5145 1337 5213 Quando
1356 5162 1513 5202 mens
1536 5147 1709 5203 oblita
1724 5147 1893 5202 fuerit
1914 5148 2173 5203 mentalis

585 5242 645 5289 et
665 5235 770 5305 pia:
789 5235 1120 5300 amictionis,
1148 5248 1279 5293 tunc
1316 5247 1371 5294 et
1387 5239 1769 5294 mandatorum
1787 5238 2135 5295 obliviscitur
2156 5255 2172 5303 ;

588 5327 812 5395 quando
840 5328 1059 5384 videtur
1095 5346 1344 5393 currere,
1383 5342 1534 5386 errat
1568 5332 1706 5386 avia
1741 5330 1925 5400 plana,
1950 5341 2007 5386 et
2036 5331 2177 5386 obli-

591 5417 717 5485 quis
745 5433 946 5489 gyrans
970 5420 1183 5476 semitis
1220 5422 1466 5476 ambulat
1502 5438 1515 5476 :
1561 5432 1791 5491 propter
1829 5422 1977 5491 quod
2008 5422 2065 5475 iu
2098 5420 2177 5475 fe-

596 5522 687 5561 ras
717 5508 960 5563 incurrit
990 5511 1214 5565 bestias.
1240 5512 1358 5567 Nisi
1385 5512 1533 5567 enim
1560 5511 1831 5566 orationis
1859 5519 1916 5566 et
1936 5513 2053 5581 spei
2089 5512 2170 5565 la-

594 5598 790 5655 borcm
829 5602 1248 5672 cxcidissemus,
1301 5620 1413 5659 non
1474 5604 1664 5676 utique
1710 5604 2170 5675 peccavissemus.

672 5779 691 5812 ¹
735 5781 925 5837 Matth.
970 5800 1057 5846 vit,
1090 5784 1146 5843 7°.
1180 5786 1308 5838 Luc.
1354 5788 1502 5849 “,9.

2344 3765 2416 3816 A'.
2457 3761 2524 3815 Τί
2556 3758 2683 3830 οῦνς
2715 3763 2875 3833 ἡμεῖς
2900 3764 2948 3817 οί
2976 3763 3221 3834 μηδόλως
3249 3765 3330 3830 είς
3355 3765 3455 3836 τὴν
3490 3763 3712 3833 καρδίαν
3740 3764 3819 3815 εξο-

2271 3855 2541 3920 ελθόντες,
2578 3856 2696 3919 πῶς
2723 3854 3060 3928 ἀρξώμεθα;
3095 3857 3181 3909 διὰ
3211 3856 3469 3929 νηστείας
3510 3857 3605 3909 καὶ
3627 3871 3821 3926 προσευο

2272 3949 2372 4019 χῆς
2393 3947 2497 4014 ἔξω
2522 3947 2754 4011 ἑστῶτες
2778 3948 3069 4019 κρούομεν,
3094 3948 3278 4013 καθὼς
3297 3952 3324 4002 ό
3346 3948 3557 4020 Κύριος
3579 3949 3821 4001 ἐκέλευσεν

2272 4036 2442 4091 εἰπών
2464 4053 2478 4068 ⁸
2526 4039 2783 4108 Α’ρούετε
2821 4038 2918 4093 καὶ
2948 4038 3334 4109 ἀνοιγήσεται
3363 4039 3531 4109 ὑμῖν.
3579 4040 3698 4093 Ἐὰν
3738 4040 3820 4107 γὰρ

2275 4130 2624 4201 ἐμμείνωμεν
2641 4131 2717 4201 τῷ
2746 4130 2889 4202 λόγῳ
2901 4131 2994 4185 τοῦ
3013 4133 3241 4205 Κυρίου,
3258 4134 3353 4187 καὶ
3380 4136 3450 4205 τῇ
3483 4131 3820 4203 πτωχείᾳρωὶ

2275 4221 2352 4293 τῷ
2381 4222 2624 4293 ταπεινῷ
2655 4227 2987 4293 φρονήματι,
3020 4224 3116 4277 καὶ
3152 4226 3355 4288 πάσαις
3400 4227 3528 4288 ταῖς
3566 4225 3669 4277 τῶν
3704 4225 3820 4275 ἐντο-

2275 4314 2382 4365 λῶν
2414 4314 2635 4383 ἀρεταῖς
2675 4314 2866 4377 νυκτὸς
2903 4315 2996 4367 καὶ
3041 4314 3257 4385 ἡμέρας
3302 4315 3602 4385 κρούοντες
3641 4315 3712 4377 είς

2276 4404 2654 4477 πνευματικὴν
2687 4404 2778 4459 τοῦ
2811 4406 3016 4477 Κυρίου
3059 4406 3250 4478 θύραν,
3288 4406 3637 4478 δυνησόμεθα
3675 4410 3819 4475 τυχεῖν

2276 4498 2371 4551 τοῦ
2405 4496 2762 4570 ζητουμένου.
2809 4500 2907 4553 Διὰ
2938 4502 3143 4571 ταύτης
3173 4502 3281 4571 γὰρ
3309 4501 3408 4570 τῆς
3432 4501 3609 4567 θύρας
3638 4500 3819 4554 δύναιας

2281 4591 2718 4661 ἀπολυτρώσεως
2754 4594 2939 4663 τυχεῖν
2984 4595 3091 4655 πᾶς
3125 4596 3154 4646 ό
3182 4591 3512 4662 βουλόμενος
3544 4595 3723 4660 φυγεῖν
3752 4590 3818 4642 τοῦ

2204 4714 2251 4773 D
2277 4682 2521 4745 σκότους.
2552 4681 2808 4753 Εὑρίσκει
2853 4682 2963 4753 γὰρ
3007 4685 3123 4736 ἐκεῖ
3160 4684 3257 4754 τὴν
3290 4683 3607 4753 ἐλευθερίαν
3636 4683 3723 4750 τῆς
3743 4681 3818 4749 Quo

2276 4774 2399 4846 χῆς,
2452 4775 2547 4828 καὶ
2604 4775 2983 4845 ἀπολαμϐάνει
3034 4778 3161 4838 τοὺς
3213 4775 3511 4845 λογισμοὺς
3548 4774 3820 4843 αὐτῆς,κεί

2273 4869 2465 4921 κτᾶται
2492 4867 2583 4921 τὸν
2611 4867 2934 4940 ἐπουράνιον
2971 4868 3198 4939 βασιλέα
3229 4869 3485 4940 Χριστόν.

2346 5137 2644 5192 Ε¹.Ὄτανό
2668 5138 2793 5202 νοῦς
2818 5138 3141 5210 ἐπιλάθηται
3161 5138 3258 5208 τῆς
3284 5138 3478 5208 νοερᾶς
3499 5137 3595 5190 καὶ
3607 5133 3818 5194 εὕσεεοῦς

2276 5228 2527 5299 θλίψεως,
2544 5230 2667 5283 τότε
2689 5231 2785 5283 καὶ
2812 5230 2920 5283 τῶν
2936 5229 3165 5283 ἐντολῶν
3180 5228 3475 5282 ἐπελάθετο
3495 5244 3511 5259 ο
3534 5230 3627 5281 καὶ
3653 5228 3757 5280 ὅθεν
3770 5224 3817 5276 ἂν

2276 5322 2407 5394 δοκῇ
2446 5325 2682 5394 τρέχειν,
2719 5324 3164 5395 παρεκτρέπεται
3196 5321 3296 5393 τῆς
3316 5322 3488 5386 λείας,
3519 5325 3617 5374 καὶ
3647 5319 3819 5373 σκολιά·

2279 5415 2387 5479 ζων
2414 5414 2781 5471 πολιτεύεται.
2825 5415 2924 5468 Διὰ
2956 5414 3115 5468 τοῦτο
3149 5416 3384 5485 συναντᾷ
3409 5414 3638 5485 θηρίοις.
3668 5410 3815 5475 Εξτᾰρ

2286 5507 2360 5579 μὴ
2393 5508 2484 5561 τὸν
2531 5509 2631 5579 τῆς
2678 5510 2842 5579 εὐχῆς
2892 5510 2987 5563 καὶ
3032 5508 3245 5571 ὲλπίδος
3279 5507 3445 5561 κόπον
3491 5505 3813 5571 ὲκκόπτομεν,

2281 5603 2382 5656 οὐκ
2424 5602 2491 5656 ἂν
2516 5600 3022 5674 ὲπλημμελήσαμεν
3041 5614 3055 5630 ’
3106 5602 3217 5666 τοῖς
3243 5598 3355 5669 γὰρ
3384 5597 3511 5668 περὶ
3538 5596 3705 5667 ψυχῆς
3726 5590 3814 5643 6h-

3956 5208 3957 5267 ψ

3956 5310 3957 5365 ψ

3955 6350 3957 6450 ψ
