4044 6538
180 354 273 412 825

1224 337 1455 399 LIBER
1494 336 1592 398 DE
1630 336 2001 398 CUSTODIA
2040 333 2337 396 CORDIS.

3331 331 3438 393 826

178 457 411 524 δομένοις
444 448 590 518 λέγει
616 449 647 520 ἡ
677 446 867 520 Γραφή
893 462 906 477 °
931 445 1154 513 Πιστὸς
1185 449 1218 502 ὀ
1239 448 1405 513 Θεὸς,
1431 448 1543 502 οὐκ
1576 446 1744 501 ἐάσει

1876 446 1947 500 lis
1967 460 2155 515 porro.
2180 442 2274 513 qui
2297 439 2485 495 animo
2509 438 2921 510 angustiantur,
2951 438 3087 494 dicit
3110 439 3396 508 Scriptura
3421 455 3435 491 :

178 543 321 615 ὑμᾶς
348 540 745 610 πειρασθῆναι
776 540 929 609 ὑπὲρ
965 542 997 595 ό
1029 539 1326 595 δύνασθε·
1361 539 1749 606 ἀπαιδεύτοις

178 640 240 694 δὲ
263 633 642 700 συναντῆσαι
670 632 843 689 κακά.

243 818 329 882 C.".
365 814 575 884 Ὠσπερ
608 814 656 866 oi
700 812 805 877 ἔξω
844 811 1120 884 ὀφθαλμοὶ
1169 812 1425 883 βλέπουσι
1473 812 1750 884 μακρόθεν

177 908 267 972 τὰς
306 905 570 971 ἀκάνθας,
618 907 712 960 καὶ
747 906 875 969 τοὺς
905 904 1218 977 κρημνούς·
1257 905 1401 961 οὕτω
1429 906 1526 961 καὶ
1558 907 1587 959 ό
1615 923 1750 977 προ-

180 1000 456 1063 6λεπτικὸς
484 999 609 1064 νοῦς
631 999 928 1070 προϐλέπει
950 999 1120 1070 ταχὺς
1146 997 1222 1052 ὢν
1243 1003 1343 1070 τῆς
1367 999 1752 1070 ἀντικειμένης

178 1094 448 1163 δυνάμεως
470 1093 567 1156 τὰς
598 1092 794 1163 τέχνας
819 1094 913 1146 καὶ
936 1090 1035 1155 τὰς
1058 1091 1378 1156 ἐπισκευὰς,
1401 1092 1497 1146 καὶ
1518 1091 1753 1162 ἀσφαλί-

182 1187 323 1251 ζεται
357 1184 455 1255 τὴν
484 1183 683 1254 ψυχὴν,
715 1184 790 1247 ὡς
814 1183 1092 1254 ὀφθαλμὸς
1122 1183 1199 1237 ὢν
1224 1185 1416 1255 αὐτῆς.

242 1277 312 1329 Z'.
361 1272 594 1339 Ἀγῶνος
621 1272 819 1326 πολλοῦ
850 1274 943 1326 καὶ
978 1273 1141 1327 πόνου
1176 1271 1424 1344 κρυπτοῦ
1453 1274 1550 1328 καὶ
1579 1272 1751 1345 ἀορά-

177 1382 263 1419 του
279 1362 455 1435 χρεία,
480 1362 756 1433 λογισμῶν
774 1361 999 1434 ἔρευναν
1016 1363 1305 1426 ποιεῖσθαι,
1328 1362 1504 1416 καὶτὰ
1520 1360 1754 1432 ἠσθενη-

180 1458 305 1511 κότα
375 1455 486 1524 τῆς
541 1454 751 1525 ψυχῆς
805 1452 973 1525 ἡμῶν
1033 1452 1389 1522 αἰσθητήρια
1438 1450 1757 1525 γυμνάζειν

182 1549 324 1619 πρὸς
347 1548 651 1617 διάκρισιν
678 1550 869 1603 καλοῦ
912 1565 976 1602 τε
1004 1548 1103 1603 καί
1136 1546 1362 1602 κακοῦ·
1396 1547 1478 1600 δεῖ
1524 1548 1755 1600 πάντοτε
1816 1590 1832 1607 ,

182 1641 268 1694 καὶ
297 1639 681 1710 ἀναζωπυρεῖν
715 1637 802 1691 διὰ
834 1637 931 1691 τοῦ
976 1637 1094 1702 νοὸς
1125 1637 1264 1709 πρὸς
1310 1638 1445 1691 Θεὸν
1494 1636 1756 1703 ἐπείξεως

178 1735 239 1788 τὰ
268 1731 664 1802 ὲξησθενηκότα
690 1734 756 1802 τῇ
783 1730 929 1802 ψυχῇ
964 1732 1100 1803 μέλη
1121 1747 1138 1763 ο
1160 1730 1256 1784 τοῦ
1282 1729 1374 1784 νοῦ
1404 1728 1562 1801 ήμῶν
1590 1746 1757 1800 προσ-

179 1824 504 1893 καλουμένου
535 1824 671 1894 μετά
709 1823 803 1877 τοῦ
860 1824 1065 1895 Κυρίου
1103 1823 1356 1885 πάντοτε,
1408 1822 1494 1876 ῐνα
1526 1819 1753 1892 γένηται

178 1919 259 1981 εἰς
288 1913 358 1967 ἐν
385 1913 621 1983 πνεῦμα
667 1912 810 1966 κατά
855 1912 915 1964 τὸ
963 1911 1143 1980 λόγιον
1183 1909 1420 1965 Παύλου.
1464 1907 1667 1961 Τοῦτον
1696 1907 1753 1960 δὲ

180 2008 264 2061 τὸν
302 2006 545 2078 κρυπτὸν
596 2005 785 2074 ἀγῶνα
831 2005 927 2058 καὶ
961 2003 1193 2074 μελέτην
1222 2000 1427 2074 Κυρίου
1470 2002 1567 2054 καὶ
1596 2000 1756 2053 πόνον

181 2099 367 2164 νυκτὸς
393 2098 487 2153 καὶ
515 2099 725 2171 ἡμέρας
747 2097 893 2169 ἔχειν
920 2098 1070 2168 ἡμᾶς
1100 2096 1206 2167 χρὴ
1239 2096 1319 2159 είς
1352 2095 1532 2148 πᾶσαν
1563 2092 1756 2162 ἐπιτή-

180 2194 352 2247 δευσιν
391 2192 632 2263 ἐντολῆς,
685 2191 797 2244 εἴτε
846 2188 1179 2260 εὐχομένων,
1229 2188 1337 2241 εἴτε
1384 2184 1755 2255 ὲσθιόντων,ἢ

181 2283 588 2349 διακονούντων,
642 2284 674 2355 ἢ
726 2281 1075 2353 πινόντων,ῆ
1125 2280 1311 2353 ἕτερόν
1341 2297 1395 2332 τι
1439 2276 1757 2341 ποιούντων,

183 2374 265 2427 ἵνα
287 2373 396 2426 πᾶν
425 2371 452 2425 ὃ
470 2372 687 2438 γίνεται
728 2371 933 2439 ἀγαθὸν
975 2370 1316 2442 ἐπιτήδευμα
1336 2371 1417 2433 εἰς
1446 2368 1603 2433 δόξαν
1624 2368 1757 2421 Θεοῦ

184 2469 428 2539 γένηται.
479 2467 793 2536 Ἀγιάζεται
825 2465 935 2537 γάρ
982 2466 1076 2519 καὶ
1123 2466 1155 2536 ή
1204 2463 1313 2517 τῶν
1341 2463 1573 2517 ἐντολῶν
1607 2464 1758 2516 πᾶσα

184 2560 471 2615 ἀκολουθία
490 2575 504 2589 '
557 2561 652 2613 καὶ
684 2559 944 2631 καθαρῶς
974 2557 1067 2628 ὑφ’
1097 2557 1252 2628 ὑμῶν
1280 2557 1633 2617 ἐπιτελεῖται,
1672 2556 1761 2609 διά

179 2655 274 2724 τῆς
316 2650 664 2706 ἀδιαλείπτου
714 2652 936 2722 μνήμης
980 2649 1076 2704 τοῦ
1119 2647 1279 2715 Θεοῦ,
1330 2640 1425 2702 καὶ
1470 2647 1637 2718 φόΰου
1666 2650 1761 2701 καὶ

182 2746 399 2815 ἀγάπης
422 2746 519 2816 τῆς
544 2744 683 2815 πρὸς
722 2742 877 2810 Θεὸν,
922 2742 1018 2797 καὶ
1046 2741 1309 2814 γινόμεθα
1338 2740 1495 2804 ἐκτὸς
1526 2739 1636 2795 ἀπὸ
1665 2738 1761 2793 τοῦ

185 2840 485 2909 μιαίνοντος
516 2840 615 2901 τὰς
644 2836 865 2901 ἐντολὰς
894 2836 988 2890 τοῦ
1017 2834 1177 2890 Θεοῦ.

1787 1797 1827 1851 Β

1848 536 2044 591 Fidelis
2090 535 2251 598 Deus,
2293 534 2384 604 qui
2411 548 2515 586 non
2549 533 2785 602 patietur
2820 548 2910 586 vos
2954 534 3150 585 tentari
3180 549 3344 602 supra
3386 533 3440 585 id

1849 629 1987 701 quod
2018 630 2232 701 potestis
2258 629 2301 682 ¹.
2326 619 2427 692 Qui
2453 634 2633 680 autem
2674 624 2927 680 indociles
2954 633 3099 689 sunt,
3145 626 3217 677 eis
3255 640 3440 676 occur-

1851 729 1971 774 rent
2012 719 2159 773 mala
2192 720 2233 773 ³.

1923 807 2012 863 Vl.
2048 807 2205 862 Sicut
2233 807 2538 862 exteriores
2568 806 2714 862 oculi
2764 805 2926 876 longe
2957 803 3303 874 prOSpiciuut
3325 818 3439 873 Spl-

1850 915 1951 954 nas
1979 908 2037 954 et
2059 900 2405 971 praecipitia;
2438 901 2519 956 sic
2552 909 2610 956 et
2648 901 2767 955 acri
2798 899 3125 970 providendi
3158 898 3439 968 perspica-

1852 994 1935 1047 cia
1968 993 2197 1063 praedita
2232 1010 2389 1050 mens
2419 994 2530 1050 cito
2558 993 2827 1064 prospicit
2848 993 3175 1048 adversaria:
3206 998 3445 1061 potesta-

1855 1086 1928 1140 tis
1962 1095 2112 1141 artes
2141 1086 2505 1156 insidiasque,
2534 1103 2599 1142 ac
2629 1095 2826 1142 contra
2852 1102 2946 1141 eas
2972 1084 3271 1155 praemunit
3319 1084 3443 1139 ani-

1852 1194 2023 1244 mam,
2060 1180 2223 1250 cujus
2260 1190 2346 1235 est
2368 1182 2586 1236 oculus.

1929 1272 2047 1328 Vll.
2079 1271 2451 1328 Coutentione
2467 1274 2667 1337 multa,
2692 1283 2749 1328 et
2768 1272 2980 1336 labore,
3023 1287 3201 1343 eoque
3223 1271 3446 1327 occulto

1854 1372 1911 1419 et
1943 1364 2237 1431 invisibili,
2276 1374 2362 1421 est
2391 1380 2533 1437 opus
2571 1366 2628 1421 in
2667 1367 3013 1421 scrutatione
3048 1365 3445 1436 cogitationum

1856 1457 2151 1514 facienda:
2186 1469 2243 1515 et
2295 1458 2353 1514 in
2398 1460 2678 1515 hebetatis
2731 1461 2927 1515 anima:
2969 1468 3165 1513 nostra:
3210 1458 3448 1512 sensibus

1860 1551 2109 1606 acuendis
2174 1552 2631 1623 exercitandisque
2685 1552 2754 1605 ad
2815 1552 3186 1605 disrretionem
3232 1550 3354 1602 boni
3398 1556 3448 1601 et

1860 1644 1992 1697 mali
2017 1643 2059 1697 ⁸.
2120 1642 2353 1714 Oportet
2408 1644 2638 1699 omnino
2688 1643 3057 1712 undecunque
3106 1640 3450 1695 exsuscitare

1859 1744 2061 1791 conatu
2092 1737 2301 1792 mentis
2349 1738 2418 1793 ad
2457 1738 2629 1793 Deum
2679 1752 2737 1792 se
2791 1735 3112 1798 incitantis,
3166 1732 3452 1787 debilitata

1860 1827 2059 1882 animae
2084 1829 2334 1883 membra
2370 1846 2385 1883 :
2426 1840 2609 1885 mente
2650 1839 2837 1884 nostra
2885 1843 3008 1882 cum
3049 1825 3266 1881 Domini
3298 1824 3457 1894 adjuv

1864 1920 2011 1975 torio
2050 1936 2269 1991 semper
2309 1938 2412 1978 nos
2463 1930 2840 1993 provocante,
2881 1930 2944 1976 ut
2974 1936 3099 1975 cum
3140 1918 3236 1972 illo
3268 1917 3452 1971 coale-

1862 2026 2086 2067 scamus
2120 2014 2177 2066 in
2206 2030 2374 2068 unum
2424 2016 2672 2086 spiritum
2698 2016 2719 2046 ⁸
2753 2014 2908 2084 juxta
2953 2010 3238 2067 oraculum
3274 2007 3450 2063 Pauli.

1863 2102 1980 2157 Hoc
2010 2112 2198 2159 autem
2233 2114 2513 2160 certamen
2564 2106 2869 2169 occultum,
2928 2111 2986 2158 et
3034 2100 3453 2157 meditationem

1863 2193 2109 2259 Domini,
2140 2210 2204 2251 ac
2237 2196 2487 2252 laborem
2514 2197 2610 2251 diu
2642 2206 2920 2266 noctuque
2952 2209 3186 2250 necesse
3225 2206 3311 2248 est
3354 2207 3457 2246 nos

1866 2286 2071 2342 habere
2084 2287 2153 2342 ad
2185 2304 2406 2345 omnem
2436 2290 2744 2345 studiosam
2769 2289 3189 2345 exsecutionem
3210 2284 3457 2340 mandati

1864 2377 2271 2446 praescribentis
2299 2380 2580 2451 quidpiam
2616 2382 2732 2435 sive
2784 2380 3072 2435 orantibus
3121 2378 3237 2433 sive
3269 2390 3458 2429 come-

1865 2467 2148 2536 dentibus,
2180 2469 2296 2527 sive
2322 2471 2793 2538 ministrantibus,
2820 2471 2935 2525 sive
2961 2468 3307 2531 bibentibus,
3342 2465 3459 2521 sive

1870 2560 2020 2615 aliud
2045 2562 2268 2631 quidvis
2313 2564 2641 2634 agentibus,
2678 2572 2742 2618 ut
2790 2563 3165 2633 quodcunque
3212 2560 3273 2614 ﬁt
3318 2573 3462 2627 opus

1866 2653 2098 2717 bonum.
2127 2654 2183 2709 in
2217 2657 2315 2712 Dei
2338 2658 2569 2728 gloriam
2599 2657 2718 2712 ﬁat.
2752 2656 3141 2712 Sanctiﬁcatur
3165 2652 3313 2708 enim
3346 2659 3459 2705 tota

1871 2745 2049 2800 series
2089 2746 2503 2813 mandatorum,
2552 2757 2611 2803 et
2657 2762 2795 2817 pure
2834 2746 3185 2816 perfecteque
3226 2760 3256 2797 a
3298 2740 3463 2796 nobis

1873 2839 2218 2893 cxsecutioni
2255 2841 2492 2895 traditur
2540 2856 2642 2911 per
2686 2834 3092 2895 indesinentem
3139 2834 3461 2890 memoriam

183 2936 273 2991 Dei
311 2950 523 3007 perque
564 2934 813 2990 timorem
858 2940 917 2988 et
955 2933 1283 2988 charitatem
1325 2946 1455 3003 erga
1490 2930 1694 2993 Deum;
1742 2944 1841 3001 per
1876 2931 1993 2988 haec
2014 2934 2165 2989 enim
2192 2951 2296 2991 nos
2323 2935 2692 3008 disjungimus
2733 2934 3077 3003 seorsimque
3112 2932 3359 2986 locamus
3393 2924 3463 2981 ab

182 3045 265 3090 ιο,
288 3029 385 3097 qui
427 3027 625 3097 polluit
653 3024 910 3081 mandata
943 3024 1062 3080 Dei.

251 3125 331 3176 Ην.
365 3121 480 3176 Καὶ
502 3120 622 3191 ,γὰρ
648 3122 676 3174 ὁ
710 3119 1059 3191 πατριάρχης
1093 3117 1348 3190 Ἀϐραὰμ
1378 3119 1442 3173 ὲκ
1460 3116 1570 3171 τῶν
1596 3117 1765 3186 ἀκρο-

1942 3122 2079 3177 VIII.
2107 3122 2326 3178 Etenim
2362 3121 2681 3194 patriarcha
2710 3120 2992 3176 Abraham
3025 3135 3057 3173 e
3090 3115 3350 3185 primitiis
3375 3130 3466 3168 sa~

182 3215 364 3269 θινίων
417 3214 495 3286 τῷ
544 3214 679 3283 ἱερεῖ
711 3210 809 3266 τοῦ
855 3211 989 3264 Θεοῦ
1021 3209 1361 3280 Μελχισεδὲκ
1400 3208 1765 3280 προσήνεγκε,

184 3309 274 3359 καὶ
300 3305 479 3369 οὕτως
512 3305 613 3375 τὴν
662 3302 915 3372 εὐλογίαν
965 3302 1191 3367 ἐδέξατο
1241 3301 1372 3372 παρ’
1408 3299 1594 3354 αὐτοῦ.
1626 3298 1692 3351 Τί
1725 3298 1769 3351 δ’

182 3398 307 3452 ἄλλο
336 3398 430 3451 διὰ
454 3396 659 3450 τούτων
688 3396 987 3450 αἰνίττεται
1010 3396 1072 3448 τὸ
1106 3393 1349 3465 Πνεῦμα,
1370 3394 1484 3445 ἀλλ’
1508 3393 1541 3465 ἢ
1566 3390 1772 3462 ὑψηλο-

182 3492 347 3562 τέραν
379 3491 621 3563 θεωρίαν
653 3490 935 3561 ἐμφαίνων
968 3506 1095 3553 που,
1132 3490 1201 3542 τὰ
1233 3489 1379 3557 ἄκρα
1407 3488 1502 3540 καὶ
1533 3486 1603 3540 τά
1639 3486 1774 3540 ὀστᾶ

182 3581 275 3636 τοῦ
304 3583 436 3635 ὅλου
466 3581 840 3653 συγκρίματος
872 3580 976 3651 τῆς
1010 3581 1226 3649 φύσεως
1257 3578 1446 3651 ήμῶν;
1472 3578 1771 3640 τουτέστιν,

184 3671 348 3724 αὑτὸν
379 3670 476 3723 τὸν
514 3670 660 3735 νοῦν,
720 3669 890 3741 αὐτὴν
939 3669 1038 3741 τὴν
1093 3670 1419 3741 συνείδησιν,
1452 3670 1625 3741 αὐτὴν
1674 3668 1775 3740 τὴν

182 3762 452 3828 διάθεσιν,
479 3762 643 3816 αὐτὸν
673 3762 765 3815 τὸν
803 3762 1089 3833 λογισμὸν,
1121 3762 1291 3832 αὐτὴν
1326 3762 1426 3833 τῆς
1467 3761 1648 3833 ψυχῆς
1677 3762 1776 3834 τὴν

184 3854 545 3926 ἀγαπητικὴν
584 3853 837 3923 δύναμιν,
880 3854 980 3923 τὴν
1031 3854 1289 3926 ἀπαρχὴν
1321 3853 1417 3907 τοῦ
1448 3854 1570 3909 ὅλου
1619 3853 1778 3924 ἡμῶν

186 3946 483 4017 ἀνθρώπου
512 3944 587 4016 τῷ
628 3946 747 4015 Θεῷ
778 3946 1047 4018 πρότερον
1083 3946 1329 4017 κομίζειν
1367 3946 1476 4000 δεῖν
1522 3947 1777 4010 πάντοτε,

181 4041 282 4111 τὴν
314 4041 422 4110 τῆς
458 4038 682 4109 καρδίας
718 4040 868 4109 ἱερὰν
892 4039 1083 4092 θυσίαν
1104 4055 1119 4070 ο
1145 4039 1216 4093 τὰ
1245 4038 1551 4109 ἀκροθίνια,
1591 4039 1686 4092 καὶ
1713 4036 1782 4091 τά

183 4134 330 4202 ᾰκρα
362 4132 478 4184 τῶν
511 4130 730 4198 ἀγαθῶν
769 4130 1049 4200 λογισμῶν
1094 4132 1176 4194 είς
1207 4131 1308 4201 τὴν
1354 4130 1526 4201 αὐτὴν
1558 4132 1781 4201 μνήμην

182 4225 278 4277 καὶ
316 4224 557 4295 μελέτην
596 4223 683 4277 διὰ
729 4224 929 4287 παντὸς
962 4222 1418 4295 ἀπασχολοῦντος.
1469 4223 1581 4277 Καὶ
1610 4223 1783 4286 οὕτως

180 4312 469 4383 δυνάμεθα
497 4312 767 4383 ὁσημέραι
799 4314 899 4383 τὴν
933 4312 1161 4384 αύεησιν
1202 4314 1298 4367 καὶ
1328 4312 1613 4385 προκοπὴν
1643 4313 1784 4384 λαμ-

182 4405 374 4458 δάνειν
430 4403 788 4475 βοηθούμενοι
841 4405 946 4458 ὑπὸ
984 4406 1083 4476 τῆς
1124 4405 1273 4470 θείας
1305 4406 1550 4476 χάριτος,
1588 4407 1683 4460 καὶ
1720 4405 1782 4459 τὸ

184 4497 413 4568 φορτίον
447 4498 545 4568 τῆς
572 4498 920 4569 δικαιοσύνης
948 4499 1056 4552 τῶν
1091 4499 1346 4566 ἐντολῶν,
1377 4499 1612 4568 ἐλαφρὸν
1646 4501 1781 4570 ἡμῖν

180 4592 663 4662 καταφανήσεται,
699 4591 955 4662 καθαρῶς
992 4593 1087 4646 καὶ
1134 4594 1382 4663 ἀμῶμως
1419 4593 1623 4658 ταύτας
1662 4595 1781 4647 ὲπι-

180 4681 501 4745 τελοῦντες,
535 4681 959 4752 συνεργούμενοι
993 4682 1084 4735 ὑπ’
1116 4682 1284 4746 αὐτοῦ
1327 4683 1420 4737 τοῦ
1456 4684 1662 4755 Κυρίου
1692 4684 1782 4738 διά

178 4777 279 4843 τῆς
319 4774 467 4845 πρὸς
504 4774 667 4827 αὐτὸν
701 4774 859 4845 ήμῶν
909 4774 1163 4837 πίστεως.
1206 4775 1341 4845 Περὶ
1369 4776 1428 4829 δὲ
1460 4776 1560 4847 τῆς
1591 4794 1782 4845 φαινο-

184 4867 361 4935 μένης
396 4867 710 4936 ἁσκήσεως,
741 4868 832 4919 καὶ
862 4870 1012 4920 ποῖον
1048 4867 1251 4935 ἀγαθὸν
1288 4867 1631 4939 ἐπιτήδευμα
1663 4872 1785 4939 μεῖ-

180 4960 273 5023 ζον
303 4960 409 5013 καὶ
457 4961 673 5031 πρῶτον
702 4963 985 5029 τυγχάνει,
1021 4960 1181 5013 τοῦτο
1210 4958 1532 5028 γινώσκετε,
1568 4962 1787 5031 ἀγαπη-

179 5053 291 5116 τοὶ,
349 5052 444 5105 ὅτι
495 5051 742 5121 ἀλλήλων
776 5054 949 5105 πᾶσαι
995 5054 1048 5104 αἱ
1099 5052 1298 5122 ἀρεταὶ
1330 5053 1660 5123 κρέμανται,
1693 5054 1789 5106 καὶ

178 5143 449 5214 ἀλλήλων
472 5143 831 5207 συνδέδενται,
859 5144 954 5199 καὶ
977 5143 1165 5214 ὥσπερ
1184 5144 1306 5215 ίερά
1328 5161 1413 5207 τις
1441 5145 1789 5215 πνευματικὴ

181 5236 406 5303 ἅλυσις,
467 5237 566 5308 μία
612 5237 721 5291 ἀπὸ
774 5239 903 5307 μιᾶς
966 5238 1225 5308 ἢρτηταιο
1256 5238 1289 5306 ὴ
1342 5237 1475 5307 εὐχὴ
1525 5235 1636 5291 ἀπὸ
1691 5238 1790 5306 τῆς

178 5329 444 5399 ἀγάπης,
476 5332 510 5398 ή
551 5329 742 5399 ἀγάπη
791 5329 899 5382 ἀπὸ
930 5329 1027 5398 τῆς
1061 5330 1259 5399 χαρᾶς,
1291 5330 1324 5399 ή
1358 5328 1503 5399 χαρὰ
1550 5328 1659 5381 ἀπὸ
1688 5328 1789 5397 τῆς

179 5422 536 5490 πραότητος,
569 5423 602 5491 ὴ
633 5422 876 5493 πραότης
906 5422 1015 5475 ἀπὸ
1048 5422 1144 5491 τῆς
1181 5422 1589 5485 ταπεινώσεως,
1634 5423 1667 5492 ή
1697 5438 1793 5474 τα-

181 5529 247 5564 πε
257 5512 462 5576 ίνωσις
476 5512 581 5565 ἀπὸ
594 5514 689 5584 τὴς
702 5513 998 5576 διακονίας,
1012 5514 1046 5581 ή
1062 5511 1304 5565 διακονία
1318 5512 1427 5565 ἀπὸ
1437 5511 1788 5580 τῆῳὲλπίδος,

179 5606 213 5674 ἡ
236 5605 408 5668 ἐλπὶς
432 5606 651 5674 autem
676 5607 982 5676 πίστεως,ὴ
1014 5606 1194 5667 πίστις
1213 5604 1319 5657 ἀπὸ
1340 5604 1441 5673 τῆς
1470 5605 1791 5673 ὑπακοῆς›’ἠ

255 5790 274 5817 ³
321 5787 341 5841 l
383 5785 523 5840 Cor.
555 5802 603 5849 χ,
644 5785 727 5839 l5.
807 5783 1019 5853 ‘Dcut.
1050 5799 1194 5849 xm,
1232 5789 1319 5835 τιν.

1402 5788 1422 5810 ’⁸
1450 5781 1617 5835 Hebr.
1652 5797 1704 5848 ν,
1744 5782 1829 5835 Η.

1871 3216 2081 3271 cerdoti
2131 3216 2227 3271 Dei
2264 3216 2671 3272 Melchisedech
2701 3214 2907 3269 obtulit
2930 3214 2986 3279 ⁶;
3021 3218 3079 3267 et
3120 3211 3201 3265 sic
3233 3207 3466 3263 benedi-

1871 3307 2111 3363 ctionem
2143 3309 2361 3377 accepit
2402 3309 2472 3363 ab
2503 3308 2662 3378 ipso;
2690 3305 2834 3373 Quid
2866 3319 3001 3359 vero
3036 3302 3186 3358 aliud
3218 3317 3316 3371 per
3349 3301 3467 3355 haec

1875 3400 2171 3455 adumbrat
2198 3400 2477 3471 Spiritus?
2514 3398 2826 3455 sublimiori
2857 3397 3119 3452 nimirum
3155 3394 3471 3476 intelligen-

1876 3494 1948 3548 tia
1977 3493 2289 3564 signiﬁcare
2316 3494 2455 3556 vult,
2482 3493 2676 3562 utique
2716 3507 2930 3546 summa
2960 3497 3019 3545 et
3057 3487 3272 3552 intima,
3299 3484 3471 3540 verti-

1875 3602 1994 3642 cem
2021 3595 2076 3641 et
2095 3602 2219 3641 ossa
2246 3588 2417 3642 totius
2444 3585 2820 3641 concretionis
2866 3592 3076 3637 natura:
3098 3588 3337 3644 nostrae;
3364 3579 3470 3631 hoc

1875 3688 1979 3742 est,
2034 3680 2209 3749 ipsam
2266 3689 2531 3737 mentem.
2596 3678 2772 3747 ipsam
2813 3674 3237 3735 conscientiam,
3294 3671 3469 3740 ipsam

1883 3770 2334 3840 dispositionem,
2367 3770 2544 3840 ipsam
2577 3768 2992 3839 cogitationem,
3036 3765 3206 3834 ipsam
3252 3760 3469 3817 amandi

1880 3865 2207 3935 potentiam,
2254 3871 2516 3934 tanquam
2561 3861 2839 3933 primitias
2876 3859 3046 3915 totius
3078 3856 3254 3911 nostri
3288 3854 3472 3909 homi-

1880 3957 1987 4020 nis,
2020 3957 2135 4011 Deo
2180 3963 2311 4010 ante
2342 3954 2527 4009 omnia
2567 3953 2774 4008 debere
2834 3966 2937 4005 nos
2977 3950 3196 4011 aﬁ‘erre,
3227 3956 3284 4003 et
3322 3948 3475 4001 velut

1882 4063 2093 4102 sacram
2122 4046 2307 4101 cordis
2337 4045 2513 4101 nostri
2546 4044 2750 4100 offerre
2778 4043 3080 4106 victimam,
3121 4040 3398 4111 primitias
3418 4048 3476 4094 et

1888 4139 2242 4195 summitates
2296 4139 2569 4194 bonarum
2619 4136 3055 4207 cogitationum,
3105 4133 3160 4186 in
3220 4130 3472 4186 eamdem

1886 4230 1984 4286 Dei
2046 4230 2373 4285 memoriam
2425 4238 2481 4284 et
2512 4228 2952 4290 meditationem,
2992 4224 3140 4279 omni
3171 4224 3276 4277 alia
3306 4238 3475 4277 occu-

1886 4321 2111 4391 patione
2145 4322 2411 4392 seposita,
2448 4320 2719 4376 vacantis.
2756 4320 2823 4373 Et
2853 4318 2933 4372 sic
2961 4331 3257 4386 possumus
3288 4314 3476 4385 quoti-

1889 4414 1981 4469 die
2006 4422 2366 4485 augmentum
2391 4422 2448 4468 et
2480 4412 2788 4483 proiectum
2814 4409 3090 4479 accipere,
3132 4407 3304 4477 adjuti
3336 4424 3366 4461 a
3395 4407 3479 4461 di-

1890 4506 2020 4561 vina
2076 4506 2282 4578 gratia;
2341 4514 2398 4560 et
2453 4518 2597 4559 onus
2638 4501 2868 4574 iustitiae
2920 4500 3304 4554 mandatorum
3356 4499 3479 4553 leve

1890 4596 2055 4651 nobis
2087 4596 2400 4667 apparebit,
2434 4610 2573 4665 pure
2600 4602 2657 4649 et
2685 4590 3255 4662 irreprehcnsibiliter
3282 4604 3346 4644 ea
3379 4589 3481 4642 im-

1892 4689 2197 4760 plentibus,
2231 4697 2565 4758 cooperante
2618 4686 2685 4739 ad
2722 4685 2830 4738 hoe
2864 4683 3026 4736 nobis
3076 4682 3200 4751 ipso
3245 4681 3481 4735 Domino

1893 4798 1989 4851 per
2015 4790 2260 4835 nostram
2315 4781 2371 4834 in
2427 4780 2606 4849 ipsum
2643 4777 2824 4830 ﬁdem.
2877 4776 2954 4829 De
3005 4782 3302 4842 appareute
3350 4787 3482 4825 vero

1891 4874 2314 4933 exercitatione,
2354 4879 2410 4927 et
2443 4869 2720 4941 quodnam
2765 4868 2973 4922 bonum
3016 4866 3260 4920 studium
3306 4864 3483 4933 majus

1894 4968 2041 5021 inter
2066 4971 2255 5021 omnia
2281 4974 2336 5019 et
2362 4965 2600 5035 primum
2628 4962 2719 5025 sit,
2759 4961 2896 5014 illud
2940 4959 3158 5021 scitote,
3184 4956 3481 5011 dilectissi-

1894 5058 1993 5121 mi,
2018 5057 2229 5110 haerere
2254 5053 2643 5121 committique
2670 5052 2908 5105 invicem
2939 5049 3176 5103 virtutes
3194 5062 3407 5107 onmes,
3429 5054 3484 5099 ct
3540 5074 3541 5077 η

1894 5164 2038 5202 nexu
2074 5148 2319 5217 pendere
2345 5154 2539 5199 mutuo
2563 5142 2848 5198 devinctas
2881 5156 3045 5195 unam
3079 5140 3148 5194 ab
3173 5139 3371 5202 altera,
3406 5138 3485 5192 sic

1895 5239 2300 5294 constituentes
2368 5249 2582 5291 sacram
2666 5232 2961 5303 quamdam
3013 5240 3069 5287 et
3140 5230 3486 5301 spiritualcm

1900 5341 2173 5390 catenam,
2228 5327 2281 5380 in
2338 5341 2444 5394 qua
2494 5323 2672 5378 oratio
2733 5313 3009 5387 charita'ti,
3063 5322 3306 5377 charitas
3357 5335 3490 5385 gau-

1901 5421 2015 5486 dio,
2045 5418 2305 5490 gaudium
2337 5416 2774 5479 mansuetudini,
2812 5413 2967 5485 163
2991 5410 3359 5467 mansuetudo
3392 5408 3491 5461 hu-

1903 5508 2142 5569 militati,
2190 5506 2474 5559 humilitas
2511 5502 2929 5568 ministrationi,
2968 5501 3306 5557 ministratio
3344 5496 3487 5567 spei,

1902 5617 2027 5672 spes
2061 5600 2209 5665 ﬁdei,
2234 5599 2371 5653 ﬁdes
2403 5598 2754 5661 obedientiaz,
2779 5595 3095 5651 obedientia
3117 5590 3491 5663 simplicitati,

1922 5782 1941 5811 ⁸
1985 5781 2002 5834 l
2030 5780 2158 5834 Cor.
2187 5796 2259 5843 vn,
2289 5778 2373 5831 i7.
2452 5779 2471 5808 ⁸
2514 5777 2650 5832 ch.
2680 5791 2789 5840 xw,
2820 5774 2904 5829 l8.
