4044 6566
563 350 670 416 827

1838 342 1898 403 S.
1929 336 2249 401 MACARII
2288 336 2611 401 IEGYPTII

3719 338 3815 401 8Z8

563 462 853 531 subjuncta
880 461 1194 531 insertaque
1224 458 1595 517 connectitur.
1623 457 1777 514 Sicut
1800 471 1831 513 e
1861 454 2139 511 contrario

2258 452 2273 522 ᾗ
2308 452 2523 525 ὑπακοὴ
2546 453 2653 507 ἀπὸ
2672 452 2773 522 τῆς
2800 452 3303 524 ἀπλότητος.”Ωσπε
3309 471 3342 524 ρ
3360 452 3457 507 καὶ
3475 451 3541 506 τδ
3561 455 3817 521 ἐναντίον,

562 552 697 605 vitia
717 566 940 621 quoque
977 551 1120 613 inter
1147 567 1267 607 sese
1302 552 1628 622 junguntur,
1667 557 1725 603 et
1761 564 1829 603 ex
1854 563 1966 603 uno
1990 548 2139 603 aliud

565 644 862 712 germinat;
884 654 1012 712 puta
1030 644 1216 697 odium
1234 644 1302 697 ab
1324 644 1423 707 ira,
1440 644 1519 696 ira
1542 657 1571 696 a
1589 641 2140 712 superbia,superbia

566 748 597 786 a
615 749 752 787 vana
773 735 1119 804 gloriatione,
1133 752 1272 788 vana
1293 734 1549 805 gloriatio
1567 734 1634 787 ab
1657 734 1999 795 infidelitate,
2021 733 2144 787 infi-

567 825 763 882 delitas
784 843 814 881 a
837 827 1039 881 duritie
1060 828 1262 891 cordis,
1281 828 1513 883 durities
1535 827 1717 882 cordis
1738 844 1767 881 a
1786 826 2141 898 negligentia,

567 920 897 989 negligentia
930 934 962 973 a
993 920 1274 988 languore,
1309 919 1539 989 languor
1568 936 1597 973 a
1627 919 2013 988 despicientia,
2042 918 2141 973 de-

568 1011 854 1080 spicientia
887 1027 917 1064 a
939 1010 1179 1080 pigritia,
1212 1011 1431 1080 pigritia
1464 1025 1493 1064 a
1521 1010 1994 1079 pusillanimitate,
2037 1026 2143 1079 pu-

567 1102 911 1158 sillanimitas
938 1103 1006 1156 ab
1031 1118 1217 1157 amore
1246 1103 1562 1173 voluptatis,
1591 1104 1740 1157 etsic
1762 1104 1865 1156 alia
1902 1104 2144 1157 membra

569 1195 789 1248 malitia:
822 1209 1087 1263 suspensa
1117 1210 1366 1263 nexaque
1404 1194 1702 1247 trahuntur
1729 1195 1987 1249 invicem.
2018 1194 2143 1247 Pari

565 1288 819 1353 exemplo
840 1292 1003 1349 atque
1026 1285 1082 1338 in
1106 1294 1260 1352 parte
1286 1284 1499 1338 meliori
1526 1284 1760 1338 virtutes
1783 1299 1848 1338 ex
1867 1299 1924 1338 se
1954 1294 2145 1337 mutuo

568 1376 1013 1447 pendent.Caput
1029 1390 1158 1430 vero
1171 1376 1392 1430 virtutis
1402 1376 1580 1429 omnis
1590 1384 1645 1429 et
1658 1390 1947 1444 supremus
1958 1384 2146 1429 vertex

569 1486 798 1539 operum
812 1470 1169 1523 laudabilium
1186 1476 1270 1523 est
1284 1476 1539 1523 constans
1557 1468 1611 1520 in
1634 1468 1881 1522 oratione
1900 1482 2147 1537 perseve~

570 1561 767 1622 rantia,
790 1577 885 1629 per
896 1576 1058 1630 quam
1074 1561 1312 1629 reliquas
1326 1575 1543 1628 quoque
1556 1560 1790 1613 virtutes
1802 1576 1831 1613 a
1842 1560 1953 1614 Deo
1973 1559 2147 1615 conti-

570 1669 679 1707 nua
694 1654 957 1722 petitione
981 1655 1298 1722 itnpetratas
1318 1654 1550 1723 adipisci
1567 1652 1813 1721 quotidie
1827 1668 2141 1721 possumus.

640 1744 733 1799 IX.
771 1745 888 1798 Nisi
924 1745 1228 1809 humilitas,
1274 1753 1330 1798 et
1356 1744 1702 1813 simplicitas,
1740 1752 1797 1797 et
1836 1744 2144 1814 benignitas

572 1844 805 1889 exornet
827 1850 948 1898 nos,
980 1835 1206 1889 habitus
1232 1836 1503 1890 orationis
1532 1836 1669 1889 nihil
1700 1835 1861 1889 nobis
1879 1836 2141 1905 proderit.

573 1926 691 1982 Non
723 1928 901 1981 solum
955 1936 1139 1983 autem
1174 1928 1228 1982 id
1279 1928 1348 1982 de
1375 1929 1623 1984 oratione
1666 1928 1927 1992 dicimus,
1962 1927 2057 1983 sed
2091 1936 2147 1982 et

572 2017 642 2073 de
662 2018 857 2087 quavis
887 2019 993 2073 alia
1023 2020 1377 2073 contentione
1405 2027 1461 2075 et
1489 2020 1697 2084 labore,
1736 2020 1851 2074 sive
1886 2020 1940 2073 in
1976 2020 2148 2090 virgi-

573 2110 767 2167 nitatis
822 2111 1111 2175 custodia,
1146 2112 1202 2165 in
1257 2112 1514 2181 precibus
1569 2111 1887 2177 recitandis,
1926 2112 1983 2165 in
2042 2111 2147 2166 alia

573 2201 820 2269 qualibet
851 2216 1161 2256 aerumnosa
1202 2202 1487 2257 functione
1518 2203 1741 2257 virtutis
1770 2218 1932 2257 causa
1966 2218 2148 2257 susce-

575 2303 701 2360 pta;
723 2293 830 2348 nisi
857 2293 1071 2348 fructus
1093 2294 1400 2358 cbaritatis,
1436 2294 1609 2364 pacis,
1643 2295 1852 2365 gaudii,
1886 2310 2146 2349 mansue-

578 2384 811 2447 tudinis,
854 2384 1205 2449 humilitatis,
1236 2384 1628 2454 simplicitatis,
1678 2385 2146 2463 sinceritatisque,

578 2480 728 2544 lidei,
761 2480 1190 2551 longanimitatis
1212 2480 1446 2535 candide
1482 2480 1536 2534 in
1564 2480 1723 2535 nobis
1745 2480 1879 2550 ipsis
1904 2480 2150 2549 reperia-

576 2589 722 2636 mus,
786 2572 843 2626 in
903 2588 1105 2625 vanum
1161 2581 1217 2626 et
1244 2587 1476 2625 vacuum
1514 2572 1687 2626 nostri
1724 2572 1943 2626 labores
1979 2571 2152 2627 susci-

576 2663 836 2732 piuntur;
869 2663 1050 2717 omnis
1102 2663 1252 2718 enim
1279 2665 1381 2718 ista
1420 2666 1742 2720 exercitatio
1774 2674 1832 2720 et
1869 2663 2151 2719 contentio

577 2764 805 2825 propter
835 2755 937 2809 hos
970 2754 1181 2810 fructus
1215 2757 1417 2825 suscipi
1469 2757 1652 2811 debet.
1689 2757 1871 2823 Quare
1900 2757 1987 2811 his
2036 2756 2150 2810 fru-

575 2848 758 2902 ctibus
784 2864 894 2918 non
938 2848 1386 2917 comparentibus
1420 2849 1562 2904 intra
1604 2864 1724 2909 nos,
1752 2849 2060 2903 frustranea
2097 2856 2153 2903 et

579 2939 736 2994 irrita
768 2938 862 2993 illa
902 2938 1084 2993 omnis
1119 2939 1224 2993 fuit
1258 2940 1532 3009 operatio,
1594 2940 1863 3010 adeoque,
1906 2940 1999 3009 qui
2034 2939 2152 2994 sine

580 3028 668 3083 his
700 3038 1021 3098 cperantur,
1054 3029 1259 3084 similes
1304 3028 1358 3083 in
1399 3029 1487 3084 die
1514 3030 1707 3100 judicii
1737 3028 2153 3100 deprehenden-

2240 544 2325 612 ἐφ’
2356 545 2475 607 ἐνὸς
2498 545 2566 598 τά
2586 545 2730 598 κακά
2747 546 3044 600 ἐκδίδονται
3062 564 3077 579 ·
3111 547 3173 600 τὸ
3198 550 3353 617 μῖσος
3378 547 3487 601 ἀπὺ
3509 546 3607 599 τοῦ
3629 548 3817 618 θυμοῦ,

2239 635 2268 687 ὁ
2288 635 2456 706 θυμὸς
2481 636 2588 689 ἀπὸ
2615 637 3015 707 ὑπερηφανίας,
3038 640 3070 707 ἠ
3098 639 3447 709 ὑπερηφανία
3468 638 3581 692 ἀπδ
3607 639 3710 707 τῆς
3737 657 3823 691 κε-

2241 727 2498 794 νοδοξίας,
2528 730 2560 800 ἡ
2595 728 2870 793 κενοδοξία
2910 729 3018 784 ἀπὸ
3065 730 3166 798 τῆς
3203 730 3487 794 ἀπιστίας,
3540 732 3575 801 ή
3606 731 3823 784 ἀπιστία

2242 820 2351 873 ἀπὸ
2403 820 2505 888 τῆς
2556 821 3012 891 σκληροκαρδίας,
3050 823 3083 891 ἡ
3140 821 3552 894 σκληροκαρδία
3582 824 3696 876 ἀπὺ
3731 824 3824 890 τῆς

2244 912 2521 982 ἀμελείας,
2546 915 2578 982 ή
2610 914 2838 983 ἀμέλεια
2866 915 2975 967 ἀπὸ
3001 917 3099 986 τῆς
3124 914 3469 985 χαυνὼσεως,
3495 917 3530 987 ή
3560 916 3826 985 χαύνωσις

2244 1006 2352 1059 ἀπὸ
2381 1008 2480 1075 τῆς
2526 1006 2839 1077 ὀλιγωρίας,
2880 1009 2913 1078 ἡ
2945 1007 3208 1079 ὀλιγωρία
3240 1007 3345 1061 ἀπὸ
3373 1009 3470 1077 τῆς
3506 1008 3764 1078 ἀκηδίας.
3795 1012 3825 1079 ἡ

2244 1097 2443 1167 ἀκηδία.
2469 1099 2576 1150 ἀπὸ
2603 1097 2703 1167 τῆς
2732 1098 3119 1169 μικροψυχίας,
3152 1101 3185 1170 ή
3219 1100 3562 1170 μικροψυχία
3595 1100 3710 1153 ἀπὸ
3738 1101 3827 1170 τῆς

2245 1188 2577 1257 φιληδονίας,
2605 1189 2700 1242 καὶ
2730 1188 2799 1241 τά
2832 1189 2996 1243 λοιπά
3029 1192 3169 1261 μέρη
3208 1191 3308 1260 τῆς
3339 1192 3546 1255 κακίας
3585 1191 3828 1260 ἀλλήλων

2245 1278 2385 1331 εἰσὶν
2434 1280 2845 1350 ἐκκρεμάμενα.
2895 1280 3083 1345 Οὕτως
3127 1283 3185 1333 ἐν
3218 1281 3295 1352 τῷ
3341 1281 3537 1352 ἀγαθῷ
3587 1283 3750 1353 μέρει
3778 1284 3827 1334 αἱ

2246 1372 2439 1442 ἀρεταί
2474 1372 2612 1424 εἰσιν
2636 1373 3044 1443 ἀπηρτημέναι.
3071 1374 3295 1442 Κεφαλὴ
3322 1376 3379 1429 δὲ
3414 1377 3604 1447 πάσης
3632 1377 3829 1446 ἀρετῆς

2247 1464 2341 1516 καὶ
2369 1464 2580 1535 κορυφὴ
2613 1464 2721 1518 τῶν
2772 1465 3215 1536 κατορθωμάτων
3247 1470 3394 1520 ἐστὶν
3429 1470 3461 1537 η
3518 1470 3831 1538 προσευχῆς

2249 1556 2743 1627 προσκαρτερησις,
2776 1557 2845 1610 δι’
2886 1552 2953 1628 ἧς
3001 1560 3094 1612 καὶ
3133 1559 3232 1623 τάς
3279 1557 3473 1623 λοιπάς
3512 1562 3723 1627 ἀρετὰς
3748 1562 3832 1613 διὰ

2246 1649 2346 1718 τῆς
2363 1650 2511 1720 παρά
2536 1648 2670 1702 Θεοῦ
2692 1651 2961 1721 αἰτήσεως
2975 1652 3242 1722 ὁσημέραι
3266 1653 3500 1705 κτᾶσθαι
3525 1652 3830 1721 δυνάμεθα.

2318 1743 2395 1794 8'.
2453 1739 2579 1792 Ἐάν
2636 1740 2709 1811 μὴ
2754 1742 3311 1813 ήταπεινοφροσύνη,
3357 1745 3453 1796 καί
3484 1747 3520 1813 ἡ
3568 1745 3832 1812 ἁπλότης,

2249 1832 2343 1886 καὶ
2372 1835 2404 1902 ἡ
2436 1831 2729 1902 ἀγαθότης,
2774 1833 3169 1903 κατακοσμήσῃ
3209 1834 3377 1904 ἡμᾶς,
3411 1834 3472 1886 τὸ
3510 1835 3708 1904 σχῆμα,
3736 1836 3833 1902 τῆς

2247 1926 2411 1995 εὐχῆς
2438 1925 2587 1993 ἡμᾶς
2627 1925 2778 1978 οὐδὲν
2823 1924 3117 1995 ὠφελήσει.
3151 1927 3227 1979 Οὐ
3261 1927 3422 1997 μόνον
3465 1927 3528 1980 δὲ
3576 1928 3710 1997 περὶ
3738 1928 3832 1995 τῆς

2249 2017 2415 2086 εὐχῆς
2443 2016 2696 2087 λέγομεν,
2749 2016 2885 2070 ἀλλά
2932 2018 3026 2070 καὶ
3075 2020 3203 2089 περὶ
3240 2018 3442 2080 παντὸς
3473 2019 3760 2088 καμάτου,
3800 2020 3831 2090 ἦ

2248 2108 2436 2171 πόνου,
2468 2107 2499 2177 ἢ
2532 2107 2846 2179 παρθενίας,
2880 2108 2912 2179 ἢ
2943 2109 3128 2179 εὐχῆς,
3155 2109 3187 2180 ἢ
3218 2110 3541 2176 οίουδήποτε
3583 2111 3832 2180 καμάτου

2250 2199 2346 2253 καὶ
2385 2199 2643 2269 ἐργασίας
2676 2199 2874 2269 ἀρετῆς
2903 2198 3091 2252 ἕνεκεν
3119 2200 3576 2270 ἐπιτελουμένου-
3622 2201 3723 2254 ἑάν
3763 2203 3835 2273 μὴ

2249 2292 2376 2354 τοὺς
2421 2291 2668 2361 καρποὺς
2716 2291 2816 2359 τῆς
2860 2291 3081 2360 ἀγάπης
3114 2276 3207 2344 καὶ
3253 2293 3481 2363 εἰρήνης
3527 2294 3628 2346 καὶ
3666 2294 3835 2362 χαρᾶς

2250 2383 2345 2437 καὶ
2383 2384 2689 2455 πραότητος
2732 2384 2824 2437 καὶ
2853 2385 3257 2456 ταπεινότητος,
3295 2385 3610 2457 ἁπλότητος
3648 2403 3713 2439 τε
3747 2387 3837 2439 καὶ

2252 2475 2601 2545 ἀφελότητος,
2644 2475 2878 2540 πίστεως
2910 2476 3003 2529 καὶ
3039 2476 3447 2548 μακροθυμίας,
3475 2478 3741 2547 ἀφθόνως
3783 2479 3837 2530 ἐν

2252 2570 2465 2629 ἑαυτοῖς
2522 2566 2868 2636 εὑρίσκομεν,
2933 2568 3057 2638 είκῆ
3123 2569 3217 2622 καὶ
3278 2569 3457 2640 μάτην
3485 2572 3540 2622 οἰ
3602 2572 3837 2641 κάματιιι

2255 2662 2411 2731 ἡμῶν
2441 2661 2697 2729 γεγόνασι
2717 2676 2733 2693 ο
2769 2662 2802 2732 ὴ
2836 2663 2985 2714 πᾶσα
3021 2662 3133 2731 γὰρ
3162 2661 3345 2732 ἐκείνη
3377 2663 3645 2732 ἐργασία,
3669 2666 3765 2716 καὶ
3794 2665 3838 2716 ei

2255 2754 2491 2824 κάματοι
2516 2754 2605 2807 διὰ
2633 2753 2759 2817 τοὺς
2790 2755 3038 2822 καρποὺς
3074 2754 3319 2823 γίνεσθαι
3368 2754 3680 2823 ὀφείλουσι.
3726 2755 3840 2807 Τῶν

2254 2847 2311 2900 δὲ
2345 2846 2573 2917 καρπῶν
2602 2846 2699 2915 τῆς
2718 2846 2937 2915 ἀγάπης
2959 2846 3053 2899 καὶ
3083 2847 3301 2916 εἰρήνης
3327 2847 3400 2915 μὴ
3426 2847 3841 2916 εὑρισκομένων

2257 2941 2315 2992 ἐν
2348 2941 2498 3009 ἡμῖν,
2526 2938 2649 3008 είκῆ
2687 2940 2781 2991 καὶ
2826 2938 3001 3009 μάτην
3037 2939 3069 3008 ὴ
3099 2938 3192 3008 ὅλη
3245 2938 3480 3008 ἐργασία
3514 2940 3757 3007 γίνεται.
3784 2940 3841 2992 Ui

2260 3032 2368 3101 γὰρ
2396 3030 2565 3100 χωρὶς
2604 3030 2809 3083 τούτων
2836 3030 3191 3101 ἐργαζόμενοι
3221 3032 3364 3083 κατά
3386 3030 3488 3093 τάς
3533 3031 3707 3084 πέντε
3744 3049 3845 3100 μω-

582 3129 673 3173 tur
701 3120 869 3174 fatuis
920 3120 1167 3188 quinque
1216 3121 1523 3192 virginibus
1556 3123 1599 3186 ",
1642 3138 1784 3192 quae,
1838 3124 1982 3192 quod
2028 3123 2155 3177 hinc

2265 3122 2361 3191 ράς
2390 3123 2694 3193 παρθένους
2720 3124 2776 3174 ἐν
2806 3123 2989 3194 ἡμέρᾳ
3018 3123 3255 3193 κρίσεως
3280 3125 3735 3185 ἀποδείκνυνται,
3768 3124 3844 3175 ai-

584 3228 693 3265 non
723 3219 1098 3279 asportassent
1124 3211 1179 3265 in
1219 3214 1365 3266 vasis
1412 3212 1597 3266 cordis
1629 3212 1916 3281 spirituale
1950 3213 2155 3278 oleum,

580 3319 694 3372 quo
748 3303 903 3370 prius
946 3312 1265 3358 memoratae
1310 3304 1545 3359 virtutes
1570 3304 1959 3374 designantur,
1997 3306 2160 3362 fatuae

584 3395 879 3449 nominata:
897 3404 1045 3459 sunt,
1064 3405 1119 3450 et
1143 3396 1417 3465 spirituali
1451 3398 1604 3467 regni
1634 3398 1872 3454 thalamo
1900 3399 2158 3455 exclusae.

582 3486 879 3557 Laborque
916 3489 1271 3559 virginitatis,
1305 3499 1530 3560 propter
1563 3490 1840 3546 defectum
1868 3493 2157 3558 virtutum,

580 3592 641 3633 et
680 3579 1043 3649 privationem
1092 3580 1395 3636 manifestae
1442 3582 1861 3637 inhabitationis
1901 3584 2158 3653 Spiritus,

584 3690 685 3745 pro
717 3675 892 3728 nihilo
915 3683 1203 3743 reputatus
1244 3684 1348 3729 est.
1391 3674 1546 3729 Sicut
1578 3676 1725 3730 enim
1753 3677 1807 3730 in
1832 3677 2046 3731 cultura
2076 3678 2163 3730 vi-

582 3782 701 3820 nete
735 3765 917 3820 omnis
959 3766 1230 3820 industria
1276 3775 1333 3821 et
1364 3767 1520 3820 labor
1550 3767 1618 3821 ad
1656 3767 1932 3823 fructuum
1976 3784 2164 3838 perce-

584 3857 831 3927 ptionem
857 3858 1130 3924 refertur;
1161 3874 1284 3928 quae
1313 3859 1358 3912 si
1389 3858 1610 3913 demum
1639 3860 1813 3925 fallat,
1834 3876 1944 3915 non
1968 3878 2162 3930 reper-

585 3950 658 4003 tis
698 3950 819 4003 uvis
854 3950 910 4002 in
945 3950 1077 4013 vite,
1121 3950 1490 4019 nequidquam
1525 3959 1583 4005 et
1624 3950 1743 4005 sine
1776 3966 1959 4021 opera:
1984 3951 2163 4020 pretio

584 4041 933 4095 existimatur
959 4040 1260 4095 desudasse
1308 4041 1546 4107 vinitor;
1590 4042 1663 4096 ita
1694 4043 1799 4096 nisi
1842 4059 1940 4112 per
1971 4058 2164 4114 opera-

584 4132 792 4188 tionem
853 4132 1095 4201 Spiritus
1148 4133 1320 4187 sancti
1366 4133 1581 4189 fructus
1636 4134 1939 4199 charitatis,
1986 4135 2161 4205 pacis,

585 4222 792 4292 gaudii,
836 4222 1185 4289 humilitatis,
1233 4223 1582 4294 aliorumque
1627 4234 2073 4279 enumeratorum
2096 4224 2165 4279 ab

588 4314 851 4383 Apostolo
902 4313 1176 4367 donorum
1227 4313 1271 4377 ⁸,
1354 4313 1409 4367 in
1480 4314 1631 4368 omni
1691 4315 2025 4369 certitudine
2100 4328 2167 4369 ac

588 4421 755 4460 sensu
781 4404 1055 4474 spirituali
1089 4405 1145 4457 in
1172 4404 1334 4459 nobis
1362 4405 1511 4475 ipsis
1544 4422 1927 4475 agnoscamus,
1962 4407 2165 4461 frustra

590 4496 1004 4552 contentionem
1051 4496 1408 4567 virginitatis,
1470 4498 1759 4564 orationis,
1826 4498 2163 4569 psalmodiae,

585 4587 783 4657 jejunii
828 4594 885 4640 et
913 4586 1221 4655 vigiliarum
1259 4586 1503 4642 laborem
1533 4588 1842 4658 suscepisse
1877 4589 2171 4645 convince-

593 4699 738 4736 mur.
800 4681 867 4736 lli
926 4681 1131 4751 quippe
1183 4682 1405 4737 labores
1432 4684 1629 4738 animae
1669 4701 1734 4740 ac
1775 4686 2048 4756 corporis,
2073 4702 2169 4757 spe

590 4773 965 4842 spiritualium
995 4774 1268 4843 ejusmodi
1310 4774 1591 4830 fructuum
1638 4779 1882 4831 exerceri
1920 4778 2167 4833 debent:

591 4865 835 4934 Spiritus
859 4880 991 4919 vero
1022 4865 1078 4918 in
1106 4863 1414 4920 virtutibus
1452 4858 1828 4934 fruetificatio,
1864 4868 2056 4923 fruitio
2089 4878 2174 4924 est

591 4957 901 5026 spiritualis
959 4957 1016 5010 in
1054 4957 1336 5026 voluptate
1390 4958 1740 5029 incorrupta,
1795 4959 1851 5013 in
1910 4960 2174 5015 cordibus

595 5050 855 5103 lidelibus
906 5049 1230 5119 operatione
1281 5049 1525 5119 Spiritus
1557 5052 1731 5105 sancti
1788 5052 2061 5106 animatis.
2113 5052 2173 5107 In

594 5139 769 5194 multa
827 5140 1100 5208 siquidem
1156 5140 1493 5195 discretione
1537 5141 1864 5212 prudentiae,
1906 5143 2173 5212 operatio,

597 5230 838 5294 labores,
870 5240 926 5285 et
942 5246 1203 5285 aerumna:
1227 5240 1458 5296 naturae,
1480 5232 1866 5288 existimentur
1883 5249 1978 5303 per
2012 5234 2173 5288 [idem

594 5334 656 5380 et
688 5339 842 5395 spem
872 5340 904 5378 a
937 5333 1127 5379 saneto
1160 5322 1372 5393 Spiritu
1404 5323 1489 5388 iis,
1514 5325 1609 5393 qui
1641 5324 1792 5396 digni
1822 5333 1974 5388 sunt,
1994 5324 2179 5380 elIica-

598 5416 738 5470 citer
795 5414 979 5470 inditi.
1032 5415 1242 5469 Bonum
1296 5424 1383 5470 est
1416 5416 1717 5486 jejunium,
1768 5417 1910 5471 bona
1961 5417 2177 5499 vigilia;

601 5507 743 5563 bona
775 5508 898 5578 fuga
929 5508 1119 5577 patria:
1158 5517 1214 5563 et
1241 5508 1681 5564 conversationis
1709 5509 1964 5564 humana:
1998 5510 2050 5562 in
2089 5524 2181 5563 so-

602 5600 857 5656 litudine.
886 5599 994 5655 Sed
1023 5600 1140 5655 haec
1163 5599 1263 5656 flos
1291 5602 1408 5671 ipse
1435 5616 1503 5656 ac
1528 5601 1683 5673 vigor
1709 5610 1838 5657 sunt
1880 5617 2179 5657 conversa-

677 5780 695 5809 ⁷
734 5779 921 5833 Matth.
954 5796 1080 5845 xxv,
1106 5780 1158 5835 8.
1236 5781 1257 5813 ⁸
1294 5781 1470 5836 Galat.
1503 5797 1555 5841 ν,
1587 5781 1672 5833 ΞΞ.

2261 3232 2406 3277 τινες
2436 3215 2526 3267 διά
2551 3215 2612 3268 τὸ
2657 3215 2731 3285 μὴ
2765 3215 3014 3269 ἐντεῦθεν
3044 3216 3488 3286 ἀποκομίσασθαι
3523 3218 3588 3269 ἐν
3618 3220 3733 3279 τοῖς
3757 3219 3846 3282 τῆς

2261 3307 2487 3378 καρδίας
2531 3308 2773 3375 ἀγγείοις
2804 3310 2863 3361 τὸ
2907 3308 3273 3377 πνευματικὸν
3308 3308 3513 3375 ἔλαιον,
3564 3310 3707 3377 ὅπερ
3740 3311 3846 3362 ἐστὶ

2260 3402 2371 3453 τῶν
2428 3402 2845 3470 προειρημένων
2900 3401 3133 3472 ἀρετῶν,
3186 3404 3365 3473 μωραὶ
3415 3403 3843 3474 ὠνομάσθησαν,

2262 3493 2356 3546 καὶ
2381 3491 2475 3545 τοῦ
2509 3492 2882 3561 πνευματικοῦ
2923 3494 3022 3561 τῆς
3080 3493 3357 3563 βασιλείας
3402 3496 3709 3565 νυμφῶνος
3749 3498 3847 3549 ὰπ-

2263 3583 2642 3651 εκλείσθησαν.
2692 3583 2801 3636 Καὶ
2829 3585 2857 3636 ὁ
2885 3583 2983 3653 τῆς
3015 3585 3313 3655 παρθενίας
3342 3588 3605 3655 κάματος
3638 3587 3723 3640 διὰ
3750 3589 3847 3639 τῶν

2264 3676 2472 3745 ἀρετῶν
2501 3675 2735 3745 ἔλλειψιν
2779 3677 2872 3730 καὶ
2904 3677 3156 3746 στέρησιν
3187 3679 3283 3748 τῆς
3324 3680 3605 3750 ἐναργοῦς
3644 3681 3848 3750 ἐνοικῆο

2266 3786 2402 3830 σεως
2431 3768 2525 3821 τοῦ
2555 3769 2888 3839 Πνεῦμα-τος,
2913 3772 2991 3833 εἰς
3013 3772 3163 3823 οὐδὲν
3190 3771 3469 3842 ἐλογίσθη.
3500 3773 3724 3844 Ὠσπερ
3749 3775 3845 3844 γὰρ

2263 3864 2322 3915 ἐν
2354 3864 2419 3932 τῇ
2446 3861 2689 3933 γεωργίᾳ
2718 3861 2817 3931 τῆς
2855 3862 3100 3931 ἀμπέλου
3134 3864 3281 3915 πᾶσα
3310 3865 3616 3933 ἐπιμέλεια
3647 3868 3740 3918 καὶ
3766 3866 3847 3921 διά

2263 3952 2362 4021 τὴν
2401 3953 2509 4003 τῶν
2553 3951 2783 4022 καρπῶν
2816 3953 3114 4005 ἀπόλαυσιν
3148 3954 3377 4021 γίνεται,
3420 3956 3665 4024 καρπῶν
3696 3957 3748 4009 δὲ
3777 3959 3844 4025 μη

2266 4043 2669 4113 εὑρισκομένων
2713 4046 2771 4096 ἐν
2811 4044 2876 4114 τῆ
2919 4045 3148 4114 ἀμπέλῳ
3178 4045 3295 4114 εἰκῆ
3346 4046 3442 4097 καὶ
3486 4048 3679 4117 μάτην
3709 4049 3844 4099 πᾶσα

2267 4138 2568 4208 ἐμπόνησις
2601 4136 2698 4204 τῆς
2727 4135 2990 4204 ἐργασίας
3017 4135 3225 4202 γίνεται
3246 4151 3260 4165 ·
3304 4135 3484 4198 οἱτως
3513 4136 3617 4187 ἐάν
3656 4139 3729 4206 μὴ
3762 4137 3849 4188 aii

2265 4229 2365 4297 τῆς
2396 4228 2674 4299 ἐνεργείας
2720 4228 2815 4279 τοῦ
2866 4228 3180 4296 Πνεύματος
3213 4229 3465 4298 καρποὺς
3497 4230 3728 4296 ἀγάπης
3757 4230 3843 4281 καὶ

2269 4321 2490 4391 εἰρήνης
2512 4319 2607 4372 καὶ
2634 4318 2808 4389 χαρᾶς
2836 4318 2931 4371 καὶ
2950 4316 3349 4379 ταπεινώσεως,
3381 4319 3478 4369 καὶ
3510 4320 3628 4371 τῶν
3656 4319 3846 4371 λοιπῶν

2270 4411 2420 4482 παρά
2453 4412 2533 4483 τῷ
2577 4410 2882 4480 Ἀποστόλῳ
2923 4409 3194 4480 ῥηθέντων
3231 4410 3288 4461 ἐν
3318 4408 3471 4480 πάσῃ
3506 4410 3845 4480 πληροφορίᾳ

2273 4506 2365 4559 καὶ
2418 4503 2669 4574 αἰσθήσει
2719 4504 3062 4572 πνευματικῇ
3114 4502 3171 4552 ἐν
3238 4502 3455 4562 ἐαυτοίς
3512 4501 3844 4571 ἐπιγνῶμεν,

2270 4596 2392 4665 εἰκῆ
2419 4596 2447 4648 ὁ
2473 4594 2571 4663 τῆς
2602 4592 2899 4663 παρθενίας
2922 4593 3184 4660 κάματος,
3215 4594 3308 4644 καὶ
3334 4592 3527 4662 εὐχῆς,
3564 4598 3660 4645 καὶ
3678 4595 3844 4663 6,119-

2271 4684 2457 4755 ῳδίας,
2502 4683 2755 4751 νηστείας
2799 4680 2857 4733 τέ
2908 4682 3003 4734 καὶ
3036 4682 3343 4750 ἀγρυπνίας
3390 4683 3419 4734 ὀ
3462 4684 3632 4747 πόνος
3663 4685 3741 4746 εἰς
3767 4683 3846 4735 οὖ-

2271 4776 2358 4829 δὲν
2384 4775 2786 4828 ἀποδείκνυται.
2824 4766 2985 4826 Οὗτοι
3017 4773 3123 4841 γὰρ
3152 4773 3200 4825 οί
3232 4775 3382 4825 πόνοι
3413 4773 3603 4843 ψυχῆς
3634 4776 3723 4828 καὶ
3756 4773 3845 4826 σὼ-

2279 4884 2447 4936 ματος
2477 4867 2564 4920 ἐπ⁹
2594 4866 2769 4919 ἐλπίδι
2802 4864 3187 4934 πνευματικῶν
3216 4864 3447 4933 καρπῶν
3488 4866 3845 4919 ἐπιτελεῖσθαι

2270 4959 2574 5027 ὀφείλουσιν
2596 4974 2609 4988 ⁸
2636 4959 2667 5025 ἡ
2697 4958 2751 5009 δὲ
2774 4956 2866 5009 τοῦ
2892 4956 3207 5026 Πνεὺματος
3236 4957 3294 5007 ἐν
3322 4958 3444 5019 ταῖς
3475 4958 3703 5025 ἀρεταῖς
3726 4974 3847 5025 καρ-

2276 5049 2515 5120 ποφορία
2544 5046 2842 5110 ἀπόλαυσίς
2880 5048 2995 5099 ἐστι
3048 5045 3393 5116 πνευματικὴ
3447 5048 3505 5098 ἐν
3541 5048 3703 5117 ἡδονῇ
3754 5049 3848 5114 ἀς-

2275 5141 2480 5211 θάρτῳ,
2502 5142 2560 5192 ἐν
2587 5139 2839 5209 καρδίαις
2861 5139 3101 5203 πισταῖς,
3128 5138 3233 5190 ὑπὸ
3249 5136 3343 5189 τοῦ
3368 5137 3689 5207 Πνεὺματος
3710 5141 3849 5207 hsp-

2274 5232 2569 5303 γουμέναις
2589 5246 2603 5260 '
2635 5232 2693 5283 ἐν
2720 5229 2884 5300 πολλῇ
2912 5229 3020 5300 γὰρ
3048 5230 3315 5300 διακρίσει
3342 5232 3618 5293 συνέσεως
3640 5234 3672 5299 ἡ
3700 5233 3849 5300 ἐργα-

2277 5323 2371 5377 σία
2402 5324 2496 5377 καὶ
2542 5323 2699 5383 πόνος
2736 5323 2828 5375 καὶ
2860 5322 3093 5389 κάματοι
3122 5321 3225 5388 τῆς
3268 5319 3487 5389 φύσεως
3516 5320 3848 5389 ἡγείσθωσαν

2276 5415 2367 5469 διὰ
2410 5415 2647 5477 πίστεως
2678 5414 2775 5466 καὶ
2806 5412 3021 5475 ἐλπίδος
3051 5412 3160 5465 ἀπὸ
3201 5412 3295 5465 τοῦ
3341 5412 3501 5480 άγίου
3543 5413 3849 5481 Πνεὺματος

2279 5509 2391 5570 τοῖς
2432 5506 2603 5570 ἀξίοις
2648 5504 3051 5576 ἐνεργούμενοι,
3084 5503 3265 5556 Καλόν
3304 5504 3456 5556 ἐστιν
3482 5508 3516 5572 ἡ
3546 5506 3788 5573 νηστεία.
3816 5505 3845 5559 ἡ

2281 5599 2584 5671 ἀγρυπνία,
2620 5599 2656 5669 ἠ
2692 5597 2953 5664 ξενιτεία’
3008 5595 3143 5649 ἀλλά
3174 5594 3347 5650 ταῦτα
3393 5596 3547 5668 ἀκμὴ
3591 5596 3851 5655 πολιτείας
