4044 6502
149 299 259 361 8Ξ9

1254 300 1479 362 LIBER
1520 301 1619 361 DE
1656 300 2026 364 CUSTODIA
2068 301 2365 365 CORDIS.

3319 312 3431 376 830

147 411 299 466 ἐστὶν
327 408 539 481 ἀγαθῆς
562 425 603 487 οἱ
626 408 766 482 πλὴν
812 412 846 481 ἡ
876 410 1028 477 τάξις
1073 412 1183 467 τῶν
1224 414 1570 484 Χριστιανῶν
1597 415 1727 469 ἐσω-

1845 414 2015 471 tionis
2046 415 2226 473 bonae.
2257 416 2529 473 Caeterum
2564 417 2701 474 ordo
2718 418 3164 477 Christianorum
3191 422 3426 482 interior

143 505 281 575 τέρα
314 502 430 556 ἐστὶ
470 500 697 565 τούτων,
745 504 838 555 καὶ
874 504 975 556 οὐκ
1012 503 1219 572 ὀφείλει
1252 522 1338 569 τις
1386 506 1481 558 ἐπὶ
1520 505 1729 571 τούτοις

142 596 247 667 τὴν
290 593 614 663 πεποίθησιν
662 594 806 663 ἔχειν
856 596 952 649 καὶ
986 596 1191 666 μόνοις.
1225 597 1524 667 Συμϐαίνει
1551 598 1607 651 δὲ
1651 599 1733 652 ὅτι

144 687 253 742 εἰσί
298 705 445 750 τινες
488 687 712 757 χάριτος
763 688 1008 759 μέτοχοι·
1058 690 1214 760 καὶὴ
1268 691 1437 744 κακία
1469 691 1547 744 ἔτι
1597 688 1735 746 οὖσα

141 780 486 851 τεχνάζεται,
519 778 616 831 καὶ
640 782 964 852 παραχωρεῖ
992 781 1214 845 ἑκοῦσα,
1240 785 1336 837 καὶ
1368 784 1468 837 οὐκ
1496 785 1729 856 ἐνεργεῖ,

141 872 280 925 ἀλλά
312 874 457 924 ποιεῖ
487 870 706 940 νομίσαι
733 872 826 925 τὸν
855 872 1165 944 ἄνθρωπον,
1206 874 1289 927 ὅτι
1337 875 1675 947 ἐκαθαρίσθη
1703 879 1731 931 6

139 968 269 1031 νοῦς
290 968 456 1030 αὑτοῦ
476 984 490 997 ο
523 968 618 1021 καὶ
646 967 831 1021 λοιπὸν
856 967 1015 1038 φέρει
1041 965 1212 1037 αὐτὴν
1236 968 1437 1037 οἴησιν,
1488 969 1571 1022 ὅτι
1596 970 1733 1039 Χριο

142 1060 362 1122 στιανός
399 1060 512 1130 εἰμι
545 1058 769 1124 τέλειος,
802 1057 898 1111 καὶ
933 1057 1070 1127 μετὰ
1099 1057 1295 1124 ταῦτα,
1330 1060 1457 1113 ὅταν
1479 1061 1675 1134 νομίσῃ
1702 1064 1731 1116 6

138 1147 453 1217 ἄνθρωπος,
490 1149 574 1202 ὅτι
620 1147 934 1219 Ἐλεύθερός
964 1151 1101 1218 εἰμι,
1129 1151 1223 1204 καὶ
1253 1151 1570 1222 ἀμεριμνεῖ,
1608 1153 1730 1206 τότε

136 1239 425 1311 λῃστρικῷ
469 1241 660 1311 τρόπῳ
690 1240 911 1312 ἔρχεται
954 1240 1109 1313 αύτῷ
1154 1242 1190 1311 ἡ
1228 1244 1397 1297 κακία
1429 1242 1730 1316 ἐγκρυμμα

137 1332 377 1385 ποιοῦσα
411 1373 426 1399 ,
468 1333 563 1385 καὶ
600 1330 856 1403 πειράζει
891 1332 1076 1401 αὑτὸν,
1106 1333 1201 1387 καὶ
1232 1335 1533 1406 καταφέρει
1566 1337 1730 1391 αὐτὸν

135 1426 222 1487 εἰς
249 1425 319 1477 τὰ
352 1425 642 1477 κατώτατα
679 1424 778 1494 τῆς
809 1424 933 1494 γῆς.
967 1426 1030 1479 Εἰ
1076 1426 1185 1498 γὰρ
1217 1426 1494 1498 ἄνθρωποι
1529 1427 1729 1483 πολλά-

134 1535 229 1578 κις
250 1518 447 1588 λῃσταί⁸
472 1518 623 1580 ὄντες
649 1517 681 1589 ἦ
714 1518 1043 1587 στρατιῶται
1067 1519 1211 1573 κατὰ
1238 1508 1531 1589 πολεμίων
1554 1521 1729 1576 οἴδασι

134 1608 520 1679 τεχνάζεσθαι,
566 1608 660 1662 καὶ
694 1608 1146 1674 ὑποκαθέζονται,
1182 1611 1277 1663 καὶ
1328 1610 1578 1664 ποιοῦσιν
1622 1611 1730 1679 ἐγ-

135 1718 400 1771 κρυμμα,
433 1700 526 1753 καὶ
558 1700 894 1770 λαμϐάνουσι
924 1700 991 1755 τὰ
1042 1701 1188 1755 νῶτα
1227 1700 1337 1755 τῶν
1370 1702 1603 1773 ἐχθρῶν,
1635 1703 1730 1757 καὶ

1837 519 1924 564 est
1960 509 2083 576 his;
2106 519 2163 565 et
2200 527 2309 566 non
2335 512 2503 568 debet
2523 512 2651 583 quis
2682 512 2772 568 his
2801 513 2962 567 inuiti
2991 515 3123 569 solis
3157 516 3225 570 ad
3254 518 3435 573 conli-

1834 602 2099 659 dentiam.
2140 603 2426 673 Contingit
2457 614 2642 659 autem
2682 621 2803 661 esse
2831 606 3099 676 quosdam
3128 609 3426 679 participes

1832 698 2050 765 gratiae;
2077 696 2133 751 in
2165 696 2370 767 quibus
2401 697 2633 762 malitia,
2665 712 2789 752 cum
2824 714 3017 753 revera
3056 700 3257 767 subsit,
3288 701 3425 757 insi-

1832 786 1991 843 diose
2030 789 2205 844 latere
2266 789 2486 861 satagit,
2544 791 2689 846 ultro
2737 807 2897 862 agere
2957 807 3183 849 cessans
3237 802 3295 849 et
3364 811 3424 852 se

1832 876 2202 946 abscondens,
2233 879 2550 951 ipsumque,
2580 881 2634 935 in
2664 897 2776 951 quo
2807 882 3041 949 habitat,
3081 885 3251 951 fallat,
3284 888 3426 942 male

1830 970 2206 1039 persuadens,
2260 988 2383 1028 esse
2430 988 2587 1029 suam
2642 984 2885 1029 mentem
2932 978 3043 1047 jam
3102 988 3421 1050 purgatam;

1832 1064 1980 1119 unde
2003 1064 2060 1127 in
2096 1065 2470 1135 arrogantiam
2500 1066 2745 1132 inﬂatur,
2777 1068 2936 1123 aiens
2970 1088 2982 1123 :
3019 1069 3305 1127 Perfectus
3323 1089 3425 1143 ego

1834 1155 2188 1213 Christianus
2222 1172 2368 1222 sum,
2410 1166 2469 1212 at
2500 1158 2634 1213 dum
2672 1159 2842 1214 miser
2871 1161 2959 1216 isti
3000 1162 3215 1219 ﬁduciae
3257 1166 3424 1221 homo

1836 1250 1997 1323 164
2013 1250 2297 1319 indormit,
2324 1251 2562 1306 liberum
2586 1267 2645 1307 se
2664 1268 2815 1306 nunc
2842 1252 3068 1309 demum
3092 1256 3420 1324 praedicans,

1831 1343 2169 1414 opprimitur
2202 1342 2272 1397 ab
2303 1343 2555 1398 irruente
2587 1342 2645 1397 in
2671 1358 2822 1408 eum,
2856 1344 3136 1400 latronum
3181 1364 3354 1413 more,
3388 1364 3421 1404 e

1830 1435 2078 1502 latebris,
2114 1434 2210 1491 ubi
2242 1435 2592 1501 subsederat,
2622 1438 2854 1501 malitia,
2896 1454 3019 1508 quae
3051 1438 3189 1494 nihil
3237 1441 3422 1498 minus

1830 1527 2150 1597 opinantem
2181 1531 2486 1586 tentatione
2519 1530 2836 1586 vehementi
2860 1530 3141 1595 adoriens,
3172 1532 3346 1588 vincit
3367 1543 3424 1588 et

1831 1619 2095 1690 deprimit
2147 1622 2202 1677 in
2237 1632 2400 1679 terrae
2453 1624 2662 1679 inﬁma.
2696 1623 2753 1679 Si
2797 1624 2946 1679 enim
2994 1625 3246 1681 homines
3278 1642 3422 1698 sape

1832 1713 2127 1769 latrocinio
2137 1724 2233 1769 aut
2246 1716 2458 1771 militia:
2473 1716 2669 1782 dediti,
2690 1727 3097 1788 stratagemate.
3116 1720 3192 1775 uti
3216 1720 3421 1784 sciunt,

136 1792 570 1863 περικυκλοῦσιν
621 1793 819 1856 αὐτοὺς
868 1792 1102 1864 ἀθρόως,
1147 1794 1244 1849 καὶ
1305 1796 1723 1849 ἀποκτείνουσιο

1833 1806 2189 1864 subsidentes
2224 1809 2280 1863 in
2311 1809 2452 1864 locis
2486 1811 2740 1875 occultis,
2764 1822 2819 1866 et
2845 1828 2914 1866 ex
2945 1812 3162 1869 insidiis
3194 1826 3422 1884 repente

134 1886 329 1955 πολλῷ
360 1886 614 1956 μᾶλλονή
646 1886 815 1940 κακία
843 1885 974 1940 οὖσα
1005 1888 1273 1942 τοσούτων
1295 1889 1549 1959 χιλιάδων
1571 1888 1732 1944 τοῦτο

133 1979 200 2031 τὸ
230 1979 392 2051 ἔργον
424 1981 642 2049 ἔχουσα,
675 1980 839 2043 τόσας
872 1979 1186 2034 ἀπολέσασα
1218 1980 1415 2053 ψυχὰς,
1460 1978 1613 2054 οἶδενε
1635 1979 1730 2038 οὖν

133 2071 447 2143 ἕγκρυμμα
496 2076 668 2126 ποιεῖν
722 2074 779 2126 ὲν
822 2076 888 2144 τῇ
940 2073 1160 2146 καρδίᾳ,
1196 2075 1336 2129 κατὰ
1374 2078 1601 2150 καιροὺς
1652 2079 1728 2151 μὴ

132 2165 411 2235 ἐνεργεῖν,
438 2166 524 2221 ἵνα
550 2166 749 2240 ἐνέγκῃ
781 2166 879 2239 τὴν
906 2166 1085 2239 ψυχὴν
1117 2168 1198 2231 είς
1240 2169 1418 2241 οίησιν
1448 2170 1728 2244 τελειότη-

130 2273 234 2321 τος
256 2276 272 2324 ;

208 2462 273 2518 ιν.
328 2461 387 2513 '0
435 2459 686 2530 θεμέλιος
738 2458 834 2513 τοῦ
881 2460 1313 2532 Χριστιανισμοῦ
1365 2457 1521 2529 οὗτός
1560 2464 1725 2532 ἐστιν,

133 2555 233 2607 ἕνα
274 2554 342 2608 ἂν
370 2554 570 2625 ποιήσῃ
603 2555 632 2606 6
677 2553 964 2624 ἄνθρωπος
994 2556 1363 2621 δικαιοσύνας,
1401 2559 1477 2630 μὴ
1517 2559 1727 2612 ἐπανα-

129 2646 297 2718 παύῃ
326 2648 383 2699 ὲν
411 2648 621 2711 αὐταῖς,
651 2648 746 2700 καὶ
777 2646 874 2719 ἔχῃ
906 2647 1099 2701 ἑαυτὸν
1144 2647 1339 2717 μέγαν,
1373 2649 1489 2703 ἀλλ’
1576 2668 1723 2705 πτω-

128 2742 239 2812 χὸς
264 2740 344 2811 τῷ
370 2740 673 2811 πνεύματιο
710 2741 805 2794 καὶ
839 2741 935 2794 ἐὰν
965 2740 1192 2813 γένηται
1230 2743 1456 2814 μέτοχος
1483 2746 1723 2816 χάριτος,

133 2833 220 2903 μὴ
252 2832 450 2903 νομίσῃ
481 2833 675 2886 ἑαυτὸν
717 2834 1107 2903 κατειληφέναι
1149 2851 1224 2899 τι,
1258 2836 1356 2889 καὶ
1384 2837 1540 2908 οἰηθῇ
1587 2834 1731 2893 εἷναί

126 2942 248 2989 τις,
284 2925 380 2978 καὶ
409 2924 641 2995 ἄρξηται
676 2925 980 2980 διδάσκειν·
1013 2926 1130 2980 ἀλλ’
1166 2927 1252 2981 ἵνα
1280 2928 1355 2981 ὢν
1388 2928 1561 3000 καλῆς
1588 2928 1727 2995 ξενι-

124 3018 295 3082 τείας
328 3018 421 3071 καὶ
449 3017 746 3083 πολιτείας,
779 3019 1058 3090 νηστεύων
1094 3019 1252 3083 πολὺ,
1295 3020 1599 3089 ξενιτεύων,
1632 3025 1725 3077 εύ-

124 3112 396 3183 χὸμενος,
431 3111 674 3183 μετέχων
701 3112 946 3183 χάριτος,
996 3112 1071 3183 μὴ
1114 3114 1391 3184 ἡγήσηται
1419 3115 1522 3187 τὴν
1548 3115 1726 3187 ψυχὴν
1757 3146 1771 3193 ε

124 3203 310 3258 αι’)τοῦ
334 3204 521 3274 τιμίαν
538 3221 553 3237 ·
578 3204 715 3258 ἀλλὰ
743 3205 863 3259 τότε
896 3205 1154 3275 μάλιστα.
1187 3208 1315 3260 ὅταν
1339 3208 1480 3278 ἀρχὴ
1508 3208 1728 3280 χάριτος

126 3297 392 3368 γένηται,
423 3298 509 3350 ἵνα
539 3296 636 3368 ἔχῃ
670 3296 765 3350 τὸν
793 3298 976 3362 πόνον,
1008 3297 1108 3369 τὴν
1134 3298 1313 3368 δίψαν,
1347 3300 1433 3354 ἵνα
1463 3301 1538 3374 μὴ
1565 3319 1729 3355 κεκοο

128 3387 412 3456 ρεσμένος
438 3387 534 3459 ἔχῃ
579 3387 772 3441 ἑαυτὸν
820 3388 1030 3442 δίκαιον
1058 3389 1090 3459 ἢ
1124 3390 1379 3444 πλούσιον
1412 3392 1472 3446 ὲν
1510 3393 1725 3463 χάριτιο

121 3474 320 3552 ἀλλ’ᾖ
359 3478 571 3531 πενθῶν
622 3480 718 3532 καὶ
751 3478 1025 3549 δακρύων.
1058 3483 1168 3536 Καὶ
1207 3482 1267 3536 ὃν
1314 3486 1522 3555 τρόπον
1554 3485 1652 3539 ἐὰν

126 3571 356 3641 μήτηρ,
385 3572 481 3623 καὶ
519 3570 618 3644 ἔχῃ
654 3571 768 3626 υἱὸν
799 3573 1062 3643 μονογενῆ
1110 3574 1206 3627 καὶ
1235 3575 1504 3650 παιδεύσῃ
1538 3578 1722 3644 αὐτὸν,

119 3660 226 3712 καὶ
264 3660 401 3712 ὅταν
425 3660 648 3730 γένηται
675 3661 835 3733 ἀνὴρ,
870 3662 1051 3734 συμϐῇ
1092 3663 1240 3734 αὐτῷ
1275 3666 1594 3720 ἀποθανεῖν·
1630 3671 1726 3722 καί

119 3752 331 3807 λοιπὸν
376 3753 491 3806 ὅσοι
540 3754 607 3808 ἂν
649 3747 749 3809 ὦσι
801 3755 1290 3827 παραμυθούμενοι
1330 3758 1427 3831 τὴν
1486 3762 1723 3832 μητέρα,

121 3845 349 3916 μᾶλλον
374 3846 753 3918 ἐπεγείρουσιν
786 3849 924 3920 αὐτῇ
955 3848 1015 3902 τὸ
1044 3849 1261 3915 πένθος,
1296 3855 1392 3906 καὶ
1425 3854 1727 3925 ἀπαραμύ-

116 3938 301 4008 θητός
334 3938 521 3991 ἔστιν’
558 3939 699 3993 οὕτω
745 3941 851 4011 χρὴ
882 3940 1093 3996 κλαίειν
1132 3942 1225 3997 τὸν
1268 3944 1597 4016 Χριστιανὸν
1626 3945 1727 4016 τὴν

114 4029 354 4083 πτῶσιν
380 4029 568 4093 αὐτοῦ,
594 4031 688 4085 καὶ
712 4031 1077 4097 ἀδιαλείπτως
1121 4034 1380 4105 δακρύειν
1400 4052 1415 4066 ·
1452 4037 1557 4108 πρὸ
1587 4037 1723 4092 πάν-

109 4138 236 4175 των
266 4121 332 4175 δὲ
370 4121 515 4192 ἔχειν
545 4123 1021 4193 συντετριμμένην
1035 4124 1135 4197 τὴν
1164 4126 1412 4198 καρδίαν.

1832 1900 2148 1955 coorientes
2180 1900 2237 1954 in
2265 1901 2506 1957 hostium
2540 1912 2715 1973 terga,
2748 1905 2983 1974 ipsoque
3014 1906 3423 1963 circumventos

1832 1993 1885 2048 vi
1912 1994 2097 2049 subita
2125 1995 2441 2061 trucidant,
2466 2006 2675 2067 quanto
2720 1998 2893 2068 magis
2927 2000 3158 2065 malitia,
3184 2017 3306 2070 qua:
3341 2010 3425 2056 tot

1830 2085 2079 2140 millibus
2108 2102 2383 2142 annorum
2430 2089 2536 2144 hoc
2564 2104 2706 2159 opus
2763 2091 3035 2156 exercuit,
3079 2100 3159 2146 tot
3186 2092 3423 2162 perdens

1830 2178 2065 2245 animas,
2080 2189 2264 2235 notam
2280 2181 2502 2237 habebit
2516 2194 2690 2238 artem
2711 2182 3036 2239 insidiarum
3059 2185 3113 2239 in
3130 2186 3238 2241 imo
3255 2187 3423 2241 corde

1830 2272 2242 2339 struendarum,
2277 2284 2340 2330 ut
2389 2274 2687 2345 aliquando
2720 2286 2898 2332 cesset
2940 2277 3010 2332 ab
3045 2278 3277 2348 agendo,
3311 2295 3422 2350 quo

1829 2369 2191 2441 persuasione
2218 2370 2320 2426 ista
2350 2370 2561 2425 imbuat
2583 2372 2916 2435 animam,se
2940 2387 3063 2428 esse
3088 2372 3423 2442 perfectam?

1900 2460 1969 2515 Χ.
2006 2461 2447 2517 Fundamentum
2495 2461 2904 2518 Christianismi
2947 2463 3053 2519 hoc
3080 2473 3185 2530 est,
3217 2480 3286 2520 ne
3316 2465 3423 2521 ho-

1830 2565 1922 2604 mo
1952 2562 2078 2621 post
2129 2553 2474 2622 quantalibet
2504 2554 2647 2609 bona
2678 2570 2879 2623 opera,
2912 2554 2966 2608 in
3003 2554 3139 2625 ipsis
3190 2555 3421 2625 acquie-

1829 2653 1969 2709 seat,
2001 2654 2098 2700 aut
2133 2661 2194 2701 se
2243 2662 2500 2717 magnum
2548 2656 2739 2717 putet,
2782 2648 2878 2703 sed
2924 2656 3247 2718 perseveret
3298 2664 3422 2705 esse

1830 2752 2041 2808 pauper
2065 2738 2268 2808 spiritu
2299 2756 2311 2791 :
2336 2754 2402 2793 ac
2418 2755 2543 2794 cum
2572 2741 2763 2811 gratiae
2796 2741 3078 2810 particeps
3100 2740 3279 2795 factus
3307 2740 3424 2797 fuco

1830 2828 1925 2895 rit,
1959 2844 2029 2884 ne
2076 2830 2353 2885 existimet
2389 2846 2448 2887 se
2493 2832 2775 2902 quidpiam
2822 2832 3103 2902 adeptum,
3159 2842 3422 2904 putetque

1828 2936 1889 2977 se
1954 2935 2076 2977 esse
2133 2922 2397 2993 aliquem,
2459 2924 2799 2994 incipiatque
2853 2924 3175 2995 magistrum
3232 2940 3418 2995 agere.

1828 3015 1979 3070 Neve
2009 3030 2068 3070 se
2091 3016 2327 3086 aliquem
2357 3032 2524 3087 supra
2548 3018 2768 3089 vulgus,
2793 3018 2926 3088 quin
2952 3016 3140 3083 etiam,
3175 3032 3302 3072 cum
3328 3032 3423 3073 se-

1834 3109 2067 3164 cesserit
2100 3109 2156 3164 in
2207 3109 2566 3164 solitudinem
2598 3118 2655 3164 et
2684 3110 2825 3164 bene
2854 3108 3242 3173 ambulaverit,
3279 3109 3423 3164 mulo

1838 3208 1954 3256 tum
1973 3202 2253 3273 jejunans,
2285 3202 2539 3258 exsilium
2566 3202 2756 3257 mundi
2783 3202 3003 3257 fortiter
3036 3203 3300 3268 tolerans,
3327 3202 3420 3273 pie

1834 3308 2020 3358 orans,
2052 3294 2242 3364 gratia:
2262 3293 2539 3349 donorum
2562 3309 2810 3363 compos,
2835 3293 3014 3348 nihilo
3034 3302 3218 3349 tamen
3245 3293 3429 3364 magis

1832 3387 2070 3441 animam
2100 3403 2254 3441 suam
2286 3387 2588 3457 pretiosam
2613 3387 2838 3442 habeat.
2869 3386 2986 3441 Imo
3013 3398 3132 3440 tum
3155 3387 3416 3453 maxime,

1832 3480 2055 3550 quando
2093 3480 2333 3550 primum
2362 3480 2535 3535 sentit
2581 3481 2873 3550 appulsum
2925 3480 3133 3550 gratiae,
3182 3478 3423 3533 sollicite

1805 3569 2077 3635 ~laboret;
2132 3569 2395 3638 sitimque
2449 3577 2719 3623 monstret
2772 3566 3056 3623 ulterioris
3097 3565 3425 3636 profectus;

1830 3661 1990 3717 valde
2015 3675 2219 3716 cavens
2238 3676 2330 3726 ne,
2353 3660 2513 3730 quasi
2538 3661 2650 3731 jam
2698 3660 2952 3724 satiatus,
2982 3674 3043 3714 se
3076 3657 3298 3713 abunde
3321 3658 3423 3727 ju-

1833 3762 2000 3821 stum,
2026 3763 2123 3809 aut
2173 3754 2507 3824 locupletem
2552 3753 2787 3819 habeat;
2839 3768 2870 3807 e
2897 3751 3183 3807 contrario
3230 3750 3427 3821 potius

1823 3846 2029 3917 lugeat,
2059 3855 2114 3901 et
2140 3847 2498 3916 lacrymetur.
2534 3846 2827 3912 Quomodo
2856 3845 2902 3900 si
2936 3852 3113 3898 mater
3138 3843 3418 3898 educave-

1824 3939 1898 3995 rit
1929 3955 1965 3994 a
1992 3954 2167 4009 puero
2189 3954 2320 3994 cura
2339 3953 2533 4009 magna
2564 3922 2797 3992 unicum
2821 3937 3019 4001 ﬁlium,
3041 3937 3157 4002 ubi,
3194 3952 3319 3992 eum
3347 3935 3431 3989 ad:

1823 4031 2041 4086 virilem
2071 4031 2326 4101 pervenit
2361 4040 2604 4096 aetatem,
2635 4031 2777 4085 mori
2818 4046 2946 4086 eum
2978 4029 3282 4101 contingat,
3320 4028 3429 4099 qui:

1825 4125 2099 4180 consolari
2122 4140 2243 4180 eam
2269 4125 2685 4197 aggrediuntur,
2719 4124 3001 4178 incentiva
3032 4124 3214 4178 luctus
3244 4121 3435 4193 magis-

110 4216 527 4284 accumulant;
589 4216 675 4273 sic
724 4218 857 4271 ﬂere
912 4216 1296 4274 indesinenter
1348 4217 1723 4275 Christianum
1759 4226 1981 4289 oportet
2019 4218 2234 4288 lapsum
2302 4232 2489 4282 suum,
2534 4224 2591 4272 et
2656 4222 2783 4270 ante
2830 4213 3017 4269 omnia
3066 4213 3272 4269 habere
3321 4228 3435 4269 cor

108 4326 229 4365 τοι]
239 4308 470 4363 tritum.

188 4405 313 4458 lA'.
347 4402 561 4473 Ὠσπερ
587 4403 636 4455 εἰ
662 4396 811 4466 οἴκος
834 4402 1101 4471 βασιλέως
1130 4402 1270 4475 ἔχων
1293 4402 1502 4468 διαίτας
1528 4403 1731 4467 πολλὰς

1907 4403 2000 4459 Χῐ.
2032 4402 2103 4459 Ut
2133 4401 2178 4456 si
2211 4399 2476 4471 palatium
2502 4400 2647 4471 regis
2671 4399 2979 4471 cuiuspiam
3016 4399 3187 4453 multa
3214 4399 3426 4457 habear

104 4498 211 4551 καὶ⁸
248 4495 437 4555 αὐλὰς
466 4494 775 4564 διαφόρους,
812 4494 910 4548 καὶ
950 4494 1199 4565 πρόθυρα
1241 4495 1432 4562 πολλὰ,
1465 4497 1561 4549 καὶ
1587 4499 1724 4550 ὲσω-

1831 4494 2106 4554 cubicula.
2143 4501 2198 4547 et
2228 4492 2399 4546 multa
2428 4490 2703 4546 vestibula
2749 4498 2805 4545 et
2853 4490 3015 4555 atria,
3054 4506 3119 4545 ac
3147 4491 3428 4546 interiora:

98 4592 326 4663 τέρους
385 4587 582 4651 οἴκους,
636 4586 765 4640 ἔνθα
824 4587 975 4658 μένει
1018 4590 1046 4641 6
1086 4587 1360 4658 βασιλεὺς,
1404 4589 1500 4643 καί⁷
1528 4591 1562 4660 ή
1599 4606 1725 4660 πορ-

100 4687 301 4756 φύρα,
328 4681 432 4735 καὶ
462 4682 510 4733 οἱ
537 4680 803 4751 θησαυροὶ
832 4681 1152 4734 ἀπόκεινται
1170 4694 1185 4710 ⁸
1218 4680 1453 4735 λοιπὺνὸ
1477 4683 1724 4755 εἰσερχό-

100 4793 293 4849 μενος
329 4773 419 4836 εἰς
443 4772 537 4836 τὰς
570 4772 840 4843 ἐξωτέρας
863 4772 1032 4835 αὐλὰς
1061 4774 1135 4844 μὴ
1159 4774 1376 4847 νομίσῃ,
1406 4774 1487 4828 ὅτι
1513 4776 1614 4846 ἥδη
1645 4778 1725 4841 εἰς

94 4871 244 4931 τοὺς
282 4864 604 4935 ὲσωτέρους
638 4864 821 4930 οζκους
848 4860 1033 4935 ἦλθεν,
1064 4866 1197 4919 ὅπου
1231 4868 1262 4938 ἡ
1296 4866 1421 4931 δόξα
1445 4868 1536 4922 τοῦ
1566 4868 1723 4939 βασι-

92 4962 283 5023 λέως,
330 4956 435 5010 καὶ
463 4956 496 5026 ἡ
530 4956 804 5026 πορφύρα,
835 4957 929 5009 καὶ
949 4958 996 5010 οἰ
1028 4958 1293 5029 θησαυροί
1313 4960 1529 5025 *οὕτως
1556 4962 1636 5025 είς
1665 4962 1725 5015 τὸ

92 5048 536 5121 πνευματικὸν,
587 5049 637 5100 οί
684 5047 1058 5118 νηστεύοντες,
1107 5051 1155 5103 οἰ
1214 5050 1639 5120 ἀγρυπνοῦντες,
1673 5052 1723 5103 οἰ

89 5145 436 5217 ψάλλοντες
461 5140 556 5192 καὶ
577 5140 891 5211 εὐχόμενοι,
918 5139 993 5211 μὴ
1021 5141 1338 5210 νομίσωσιν,
1362 5142 1444 5196 ὅτι
1476 5142 1723 5212 εἰσῆλθον

89 5245 182 5303 εἰς
242 5236 370 5306 τὴν
418 5233 779 5298 κατάπαυσιν,
812 5233 887 5296 ὡς
930 5233 987 5285 δὲ
1032 5233 1220 5303 ἀκμὴν
1252 5236 1333 5298 εἰς
1374 5236 1443 5288 τὰ
1472 5236 1721 5307 πρόθυρα

87 5333 198 5387 καὶ
235 5333 339 5393 εἰς
376 5328 478 5390 τὰς
498 5324 668 5389 αὐλὰς
696 5326 1053 5396 εἰσέρχονται,
1085 5325 1181 5396 οὐχ
1202 5327 1336 5380 ὅπου
1369 5327 1403 5398 ἡ
1441 5328 1717 5399 πορφύρα,

86 5428 197 5479 καὶ
226 5424 289 5476 οἱ
342 5418 637 5489 θησαυροί.
668 5419 781 5471 Οὐκ
812 5417 1118 5485 ὀφείλουσιν
1146 5416 1239 5470 οὖν
1274 5418 1490 5487 ἀδελφοὶ
1522 5422 1587 5490 τῇ
1618 5420 1721 5485 ἔξω

86 5512 385 5582 πολιτείᾳ
416 5510 661 5581 θαρρεῖν,
685 5511 783 5563 καὶ
806 5509 1006 5578 λέγειν,
1038 5511 1122 5563 ὅτι
1151 5509 1280 5578 Εἰμί
1310 5528 1394 5572 τις
1417 5526 1431 5539 ·
1465 5513 1513 5563 εἰ
1541 5511 1597 5563 δὲ
1625 5515 1720 5565 καὶ

83 5610 356 5681 χάριτος
402 5602 629 5672 μέτοχος
666 5601 910 5671 γένηται,
955 5600 1208 5671 οἰηθῆναι
1256 5602 1333 5665 ὡς
1372 5601 1716 5667 καταλαὸὼν,

85 5703 121 5771 ἦ
156 5698 493 5769 γενόμενος
523 5691 817 5761 ὲγγύτατος
842 5692 936 5746 τοῦ
959 5692 1224 5762 βασιλέως
1243 5709 1258 5725 ο
1293 5694 1476 5766 ἀκμὴν
1499 5695 1611 5765 γὰρ
1640 5698 1719 5759 εἰς

86 5798 230 5859 τ-,ὺς
276 5788 598 5859 ὲξωτέρους
635 5786 814 5851 οᾶους
861 5787 1141 5857 διατρίϐει.
1183 5788 1294 5843 Uir-4
1326 5789 1530 5859 ὀφείλει
1565 5791 1719 5860 ἐρευ-

1826 4583 2128 4647 conclavia,
2157 4580 2251 4635 ubi
2284 4579 2493 4634 residet
2524 4596 2641 4641 rex,
2675 4579 2767 4633 ubi
2798 4594 3049 4649 purpura
3075 4587 3131 4633 et
3163 4579 3415 4635 thesauri

1826 4683 2192 4747 reponuntur,
2220 4672 2421 4743 aliquis
2463 4673 2803 4728 exteriorum
2832 4681 2994 4728 tenus
3027 4673 3295 4728 atriorum
3327 4675 3429 4729 in—

1826 4768 2100 4840 grediens,
2128 4783 2197 4823 ne
2225 4774 2384 4837 putet
2438 4781 2497 4821 se
2524 4766 2635 4837 jam
2685 4765 2742 4819 in
2785 4765 2978 4819 intima
3005 4766 3160 4834 quasi
3194 4766 3425 4823 viscera:

1826 4869 2103 4916 tantarum
2129 4860 2328 4916 aedium
2358 4868 2698 4929 penetrasse,
2724 4866 2888 4927 atque
2910 4858 3046 4912 adeo
3069 4865 3259 4913 tenere
3279 4874 3424 4929 apo.

1826 4955 2036 5015 thecas,
2072 4953 2129 5007 in
2170 4953 2376 5022 quibus
2413 4967 2542 5023 gaza
2590 4960 2645 5005 et
2669 4951 2843 5020 gloria
2888 4950 3052 5020 regis,
3081 4965 3329 5019 purpura
3355 4959 3422 5005 et!

1827 5044 2073 5099 thesauri
2111 5044 2504 5098 custodiuntur
2535 5059 2548 5093 :
2578 5042 2678 5106 sic,
2725 5042 2828 5095 ista
2863 5040 3097 5111 imagine
3148 5040 3215 5094 ad
3247 5040 3430 5110 spiris-

1827 5137 1973 5192 tuale
2002 5136 2287 5206 negotium
2316 5134 2607 5195 translata,
2640 5148 2709 5187 ne
2738 5132 3293 5202 putentjejunantes,
3325 5131 3425 5185 vi-

1824 5230 2080 5299 gilantes,
2113 5228 2431 5298 psallentes,
2458 5233 2701 5287 orantes,
2739 5224 3060 5293 pervenisse
3105 5240 3163 5280 se
3195 5226 3305 5295 jam
3340 5224 3425 5278 ad!

1824 5322 2144 5377 fruitionem
2182 5320 2334 5390 pacis
2370 5336 2382 5372 :
2422 5326 2615 5386 utpote
2661 5316 2753 5385 qui
2802 5316 2982 5371 adhuc
3044 5317 3100 5371 in
3136 5316 3426 5371 vestibulw

1826 5426 2036 5471 tantum
2068 5424 2125 5469 et
2162 5414 2339 5485 prima
2376 5410 2517 5464 atria
2562 5410 2792 5479 ingressi
2829 5418 2991 5473 sunt,
3038 5409 3285 5463 nondum
3316 5423 3424 5472 co,
3516 5416 3519 5419 ‘

1825 5509 1918 5563 ubi
1949 5523 2227 5578 purpura;
2246 5506 2339 5560 ubi
2381 5504 2628 5560 thesauri
2655 5505 2862 5574 jacent.
2896 5503 3019 5556 Non
3075 5502 3280 5557 debent
3308 5498 3425 5578 igie

1824 5610 1914 5655 tur
1944 5600 2143 5654 fratres
2194 5598 2456 5653 exteriori
2515 5596 2935 5652 conversatione
2997 5610 3059 5650 ac
3118 5593 3421 5663 disciplina

1824 5694 1937 5748 niti
1992 5706 2341 5763 magnopere,
2400 5705 2504 5745 nec
2562 5692 2626 5744 de
2693 5704 2752 5745 se
2815 5699 3044 5759 propter
3122 5687 3270 5743 illam
3319 5687 3405 5741 dii.

1823 5802 1947 5841 cerc
1986 5786 2141 5856 :Ego
2180 5800 2299 5841 sum
2357 5785 2587 5855 aliquis;
2642 5800 2764 5847 nec,
2817 5784 2981 5838 simul
3038 5799 3100 5839 ac
3131 5782 3413 5853 quispiam
