4044 6524
595 320 700 387 831

1881 318 1939 379 S.
1982 317 2302 379 MACARII
2345 317 2665 380 EGYPTII

3768 328 3821 388 8"
3832 327 3861 389 Ξ

598 437 830 508 gratiam
894 433 1260 505 adipiscitur,
1304 430 1647 503 praeﬁdentia
1710 430 1841 496 niti,
1875 430 2032 500 quasi
2076 431 2189 501 jam

2306 433 2391 501 νᾷν
2439 431 2693 498 ἕκαστον,
2745 433 2794 485 εί
2839 424 2998 502 εὗρεν
3031 435 3089 487 ἐν
3116 434 3195 504 τῷ
3240 428 3550 507 ὀστρακὶνῳ
3582 436 3761 491 σκεύει
3782 442 3864 491 τὶν

600 526 1107 598 comprehenderit,
1140 524 1366 595 autregi
1388 525 1459 578 sit
1484 524 1675 576 intime
1701 522 1991 587 admotus;
2026 522 2193 577 modo

600 621 749 673 enim
780 618 836 672 in
877 618 1101 673 extimis
1130 617 1399 671 duntaxat
1426 615 1608 668 adhuc
1642 614 1957 670 diversatur
1986 613 2192 668 aedium

602 710 904 781 partibus:
944 724 1047 763 nec
1098 707 1358 763 convenit
1417 705 1655 761 scrutari
1718 720 2192 775 unumquemque,

602 817 737 855 num
771 800 911 854 forte
941 799 1187 853 inveniat
1245 797 1302 851 in
1332 812 1459 851 vase
1511 795 1663 850 ﬁctili
1714 797 2061 862 thesaurum,
2098 806 2195 851 aut

607 894 815 964 regiam
854 892 1102 946 induerit
1125 889 1365 958 Spiritus
1402 904 1725 958 purpuram.
1758 904 1826 942 an
1874 905 2057 959 regem
2110 890 2196 944 in-

604 985 845 1047 venerit,
878 991 934 1037 et
953 982 1138 1051 quiete
1160 981 1398 1034 fruatur.
1425 980 1515 1034 Sic
1541 981 1746 1049 quippe
1772 990 2087 1050 comparata
2112 989 2197 1035 est

606 1074 844 1128 hominis
874 1073 1076 1135 anima,
1113 1071 1278 1126 habet
1326 1070 1761 1141 profunditatem
1796 1071 2089 1141 quamdam
2135 1081 2196 1126 et

606 1165 853 1220 membra
901 1165 1049 1218 velut
1084 1164 1344 1233 plurima.
1396 1164 1454 1217 ln
1485 1178 1607 1218 eam
1660 1178 1827 1233 porro
1874 1163 2196 1218 subintrans

606 1264 924 1327 peccatum,
952 1269 1152 1310 cuncta
1188 1257 1309 1326 ejus
1334 1265 1569 1325 occupat
1612 1256 1883 1320 membra,
1908 1265 1963 1310 et
1988 1256 2194 1326 cogita-

609 1349 788 1403 tiones
816 1348 1003 1402 cordis
1029 1364 1044 1414 ;
1096 1347 1299 1402 deinde
1327 1364 1453 1402 cum
1498 1346 1664 1400 homo
1695 1348 1912 1415 quaerit,
1940 1347 2093 1400 venit
2126 1345 2192 1400 ad

608 1442 788 1510 ipsum
813 1439 1009 1509 gratia,
1036 1447 1093 1494 et
1116 1449 1352 1509 occupat
1392 1439 1503 1493 duo
1538 1438 1785 1492 membra
1841 1438 2056 1491 animae.
2090 1436 2196 1502 Qui

607 1547 741 1603 ergo
776 1533 1097 1601 inexpertus
1139 1547 1344 1596 rerum,
1369 1531 1536 1585 sentit
1570 1531 1860 1600 appulsum
1886 1544 2196 1599 provocan-

610 1627 680 1680 tis
722 1626 931 1695 gratize,
975 1625 1240 1679 continuo
1270 1633 1447 1694 putet,
1478 1624 1624 1694 quod
1676 1623 1981 1678 adveniens
2016 1621 2194 1692 gratia

608 1734 803 1774 omnes
842 1719 1037 1771 anima:
1072 1728 1257 1786 partes
1285 1717 1662 1786 occupaverit,
1690 1717 1964 1786 planeque
1992 1730 2057 1769 ac
2102 1730 2194 1768 ra-

2296 522 2589 593 θησαυρὸν.
2626 524 2659 595 ἢ
2695 525 2986 579 ἐνεδύσατο
3024 525 3123 597 τὴν
3150 522 3443 599 πορφύραν
3484 529 3583 583 τοῦ
3627 533 3864 602 Πνεῦμα-

2293 632 2405 680 τος,
2437 615 2469 686 ἦ
2508 609 2635 686 εὗρε
2679 617 2772 670 τὸν
2823 616 3067 684 βασιλέα,
3109 620 3202 673 καὶ
3240 622 3615 683 ἀνεπαύσατο.
3678 624 3741 677 Ἠ
3770 627 3865 695 γὰρ

2294 706 2440 776 ψυχὴ
2464 708 2685 778 τοιαύτη
2719 709 2897 762 ἐστίν·
2932 709 3045 780 ἔχει
3078 710 3239 781 βάθος
3267 730 3319 765 τι
3362 716 3459 766 καὶ
3496 716 3636 785 μέλη
3680 716 3839 769 πολλά

2296 800 2391 850 καὶ
2423 797 2607 850 λοιπὸν
2647 800 2678 869 ὴ
2732 800 2977 870 ἁμαρτία
3017 802 3403 858 ἐπεισελθοῦσα
3450 806 3675 876 κατέχει
3714 808 3867 875 αὐτῆς

2294 890 2391 944 ὅλα
2437 892 2506 943 τὰ
2560 893 2718 961 μέλη,
2769 894 2864 946 καὶ
2908 894 2977 947 τὰ
3030 896 3277 964 νοήματα
3330 901 3429 969 τῆς
3459 901 3715 970 καρδίας.
3752 898 3869 952 Εἷτι

2295 984 2683 1054 ἐπιζητοῦντος
2739 986 2834 1039 τοῦ
2887 987 3176 1058 ἀνθρώπου
3213 989 3431 1060 ἔρχεται
3465 994 3499 1062 ἠ
3534 994 3699 1062 χάρις
3748 994 3872 1064 πρὸς

2296 1075 2478 1140 αὐτὸν,
2535 1078 2628 1129 καὶ
2678 1079 2899 1147 κατέχει
2946 1078 3039 1133 δύο
3092 1080 3227 1151 μέλη
3280 1083 3379 1153 τῆς
3430 1084 3633 1154 ψυχῆς.
3687 1084 3746 1138 ’0
3791 1083 3871 1138 οἷν

2295 1168 2519 1235 ἄπειρος
2565 1170 3053 1240 παρακαλούμενος
3083 1175 3147 1243 τῇ
3196 1174 3401 1243 χάριτι,
3440 1176 3657 1244 νομίζει
3688 1178 3770 1230 ὅτι
3799 1178 3876 1230 ἱλ-

2297 1258 2464 1311 θοῦσα
2495 1262 2525 1327 ἠ
2565 1262 2724 1329 χάρις
2765 1262 2861 1313 ὅλα
2893 1262 2962 1314 τὰ
2994 1263 3129 1333 μέλη
3160 1266 3255 1333 τῆς
3285 1264 3462 1336 ψυχῆς
3498 1270 3759 1337 κατέσχε,
3790 1272 3875 1322 καὶ

2295 1348 2633 1420 ἐξερριζὼοη
2671 1353 2704 1421 ἡ
2756 1352 3003 1423 ἁμαρτία
3026 1356 3196 1407 ’σιτότε
3240 1355 3333 1407 οὖν
3407 1358 3665 1412 πλεῖστον
3723 1360 3873 1429 μέρος

2297 1440 2401 1493 ὑπὸ
2444 1441 2543 1509 τῆς
2577 1440 2852 1511 ἁμαρτίας
2889 1444 3174 1512 κρατεῖται
3206 1445 3299 1495 καὶ
3331 1446 3389 1496 ἒν
3424 1446 3590 1515 μέρος
3636 1448 3743 1498 ὑπὸ
3786 1448 3874 1513 τῆς

2296 1531 2541 1601 χάριτος,
2583 1533 2678 1583 καὶ
2713 1531 3115 1585 ὑποκλέπτεται
3150 1536 3243 1587 καὶ
3279 1536 3380 1587 ούκ
3407 1531 3548 1588 οἶδεν
3572 1553 3586 1566 ·
3626 1537 3743 1589 ἐστι
3778 1540 3877 1607 γὰρ

2294 1623 2327 1691 ἠ
2360 1620 2519 1689 χάρις
2552 1618 2813 1682 πολλάκις
2842 1620 3145 1690 ὲνεργοῦσα
3177 1622 3564 1687 ἀδιαλείπτως,
3593 1625 3659 1677 ὅν
3692 1628 3879 1695 τρόπον

2295 1715 2321 1767 ὁ
2350 1712 2627 1782 ὀφθαλμὸς
2658 1712 2717 1764 ὲν
2745 1711 2825 1781 τῷ
2870 1711 3085 1780 σώματι
3115 1715 3466 1784 πέπρακται·
3497 1714 3610 1783 {xui
3646 1718 3879 1787 ἁμαρτία

610 1812 820 1867 dicitus
845 1811 1214 1881 exstirpatum
1246 1812 1317 1867 sit
1354 1820 1676 1882 peccatum;
1709 1826 1835 1865 cum
1864 1820 2043 1865 tamen
2079 1810 2197 1880 ple—

2306 1805 2553 1859 σύνεστιν
2584 1804 2997 1858 ὑποκλέπτουσα
3030 1806 3123 1859 τὸν
3164 1807 3284 1859 νοῦν
3305 1824 3320 1838 ·
3366 1809 3462 1861 καὶ
3491 1811 3521 1862 ὁ
3556 1810 3879 1879 ἀδιάκριτος.

612 1919 783 1973 raque
836 1903 1017 1958 adhuc
1048 1904 1247 1958 anima:
1282 1905 1530 1959 membra
1564 1919 1759 1958 revera
1788 1919 1818 1957 a
1847 1910 2072 1973 peccato
2102 1902 2202 1956 de-

613 1998 917 2062 tineantur,
960 2014 1130 2051 unum
1171 2006 1385 2052 tantum
1422 2014 1488 2052 ex
1541 1996 1628 2051 his
1681 1995 1981 2065 quodpiam
2028 1992 2201 2064 gratia

615 2088 969 2159 possidente;
1008 2089 1291 2143 nesciente
1354 2089 1473 2157 ipso
1506 2088 1752 2150 homine,
1782 2095 1839 2139 et
1886 2086 2084 2154 supine
2130 2082 2204 2137 si-

611 2191 777 2235 nente
796 2180 901 2233 sibi
935 2181 1165 2249 imponi.
1195 2180 1291 2234 Est
1311 2179 1459 2234 enim
1491 2178 1665 2248 gratia
1696 2178 2019 2246 plerumque
2047 2174 2202 2245 165

614 2272 999 2327 indesinenter
1052 2288 1309 2341 Operans,
1337 2271 1480 2325 sicut
1512 2270 1708 2324 oculus
1754 2268 1965 2323 defixus
1996 2268 2051 2320 in
2080 2283 2202 2320 cor-

613 2379 768 2433 pore.
790 2362 860 2419 Et
890 2373 1178 2433 peccatum
1215 2364 1408 2417 subest
1430 2369 1670 2415 mentem
1704 2361 1841 2413 clam
1871 2357 2199 2427 Subripiens.

613 2456 684 2511 Et
714 2464 845 2509 tunc
871 2455 967 2524 qui
998 2455 1333 2510 discretione
1386 2462 1558 2525 caret,
1584 2460 1793 2507 temere
1827 2459 2120 2505 autumans
2141 2463 2199 2502 se

613 2548 967 2618 perfectionis
1026 2548 1244 2602 culmen
1296 2559 1509 2612 tenere,
1570 2545 1894 2601 intumescit
1941 2543 2203 2612 opinione

614 2640 726 2704 sui,
767 2640 927 2709 plene
951 2640 1061 2710 jam
1115 2655 1175 2694 se
1223 2640 1518 2693 liberatum
1549 2648 1769 2708 putans,
1801 2636 1950 2705 quod
1982 2650 2092 2689 non
2126 2634 2197 2687 ita

612 2743 733 2797 est;
768 2732 843 2784 uti
878 2732 1026 2785 enim
1054 2731 1189 2795 dixi,
1229 2731 1416 2785 subest
1451 2731 1615 2785 dolus
1654 2730 1879 2784 latentis
1904 2727 1958 2781 in
1988 2725 2207 2780 insidiis

615 2824 862 2889 Satanae;
900 2823 1195 2893 aliquando
1241 2822 1380 2876 nihil
1413 2838 1473 2877 se
1508 2821 1803 2884 moventis,
1852 2828 1911 2874 ut
1945 2818 2205 2874 credatur

612 2914 831 2979 abesse,
860 2930 923 2969 ac
947 2914 1027 2969 sic
1078 2914 1295 2967 noxiam
1344 2913 1604 2968 fiduciam
1644 2915 1932 2984 iugeneret
1971 2912 2205 2976 homini,

613 3008 752 3062 falso
801 3006 1090 3061 arhitranti
1148 3023 1348 3076 purum
1401 3022 1460 3061 se
1528 3022 1592 3062 ac
1643 3007 1951 3076 perfectum
2002 3021 2145 3060 esse.
2205 3004 2371 3075 Atqui
2412 3020 2591 3074 neque
2645 3004 2901 3073 plantans
2947 3004 3165 3058 vineam
3223 3005 3409 3060 statim
3465 3021 3539 3061 ex

2298 1900 2374 1963 ὡς
2408 1899 2510 1968 ἤδη
2536 1896 2882 1962 καταλαϐὼν,
2916 1899 3087 1952 οἴεταί
3120 1915 3173 1951 τι
3204 1902 3331 1971 περὶ
3360 1900 3529 1953 αὑτοῦ
3560 1903 3664 1955 καὶ
3700 1902 3884 1969 τυφοῦο

2300 2007 2389 2043 ται
2424 1990 2497 2053 ὡς
2529 1988 2932 2061 ὲλευθερωθείς.
2974 1989 3085 2060 Οὐχ
3114 1988 3289 2055 οὕτως
3321 1992 3431 2062 γάρ
3459 1994 3579 2045 ἐστι
3612 1993 3685 2045 τὰ
3722 1993 3884 2062 πρᾶγ-

2305 2100 2450 2154 ματα
2472 2097 2485 2110 ·
2520 2080 2702 2145 καθὼς
2723 2082 2832 2153 γὰρ
2865 2076 3039 2144 εἶπον,
3066 2082 3365 2153 ἐγκρυμμα
3394 2088 3544 2138 ποιεῖ
3569 2088 3599 2139 ὁ
3629 2088 3883 2150 Σατανίς.

2302 2178 2381 2238 είς
2434 2174 2658 2245 καιροὺς
2708 2174 2783 2244 μὴ
2834 2174 3093 2243 ἐνεργῶν,
3155 2176 3241 2228 ἵνα
3290 2178 3491 2247 ποιήσῃ
3533 2180 3764 2246 νομίσαι
3808 2182 3885 2231 τὶν

2309 2267 2615 2337 ἄνθρωπον,
2666 2267 2749 2319 ὃτι
2787 2266 2915 2336 Εἰμὶ
2947 2266 3186 2336 καθαρός
3227 2268 3321 2320 καὶ
3349 2266 3589 2328 τέλειος·
3631 2270 3711 2337 μὴ
3746 2272 3773 2321 ὀ
3802 2288 3885 2338 φοι

2306 2358 2478 2411 τεύων
2539 2357 2839 2427 ἀμπελῶνα
2902 2358 3104 2421 εὐθέως
3160 2358 3432 2427 λαμϐάνει
3489 2361 3812 2429 σταφυλὴν,
3860 2361 3885 2427 ἦ

2305 2453 2542 2521 γεωργεῖ
2579 2446 2743 2514 οἶνον,
2782 2449 2875 2502 καὶ
2915 2450 2943 2501 ὁ
2992 2450 3231 2519 σπείρων
3261 2450 3321 2502 τὸ
3357 2450 3588 2519 σπέρμα
3621 2453 3683 2502 ἑν
3718 2454 3784 2521 τῇ
3807 2455 3887 2520 τῇ.

2306 2545 2408 2614 ἤδη
2439 2543 2651 2612 ἐθέρισε
2693 2542 2788 2596 καὶ
2820 2541 2982 2595 ἔλαϐε
3015 2542 3283 2612 καρποὺςι
3330 2543 3426 2594 καὶ
3462 2542 3526 2593 τὸ
3556 2542 3890 2611 γεννώμενιν

2308 2636 2520 2688 παιδίον
2553 2635 2755 2699 εὐθέως
2788 2635 3011 2689 δύναται
3059 2637 3139 2698 εἰς
3185 2636 3357 2704 ἄνδρα
3383 2635 3592 2688 τέλειον
3634 2636 3830 2701 ἐλθεῖν,
3860 2637 3888 2705 ἢ

2310 2730 2741 2798 στρατευόμενος
2786 2729 2953 2799 τίρων
2985 2729 3084 2799 ἤδη
3114 2730 3329 2797 ἐγένετο
3351 2729 3767 2799 ἁξιωματικόςς
3801 2731 3891 2800 χρὴ

2309 2819 2415 2890 γὰρ
2444 2818 2605 2872 αὑτὸν
2634 2820 2849 2889 πρῶτον
2877 2822 3159 2885 κοπιάσαι,
3190 2821 3283 2872 καὶ
3311 2820 3634 2874 είσελθόντα
3671 2821 3889 2891 πόλεμον

2310 2911 2495 2963 λαϐεῖν
2528 2910 2597 2962 τὰ
2622 2912 2914 2981 νικητήρια
2952 2912 3044 2963 καὶ
3076 2913 3515 2981 στεφανωθῆναι.

3616 3021 3691 3063 ea
3750 3025 3893 3063 0Y1!)

615 3108 891 3154 maturam
962 3106 1058 3151 aut
1104 3097 1292 3152 vinum
1340 3099 1504 3169 legit;
1555 3115 1733 3168 neque
1784 3099 2066 3153 seminans
2096 3098 2337 3151 triticum
2405 3098 2458 3151 in
2506 3106 2675 3162 terra,
2736 3098 2931 3151 eodem
2964 3106 3214 3167 tempore
3258 3110 3472 3169 segetes
3499 3102 3690 3165 metit,
3714 3112 3770 3156 et
3800 3103 3897 3157 fru-

615 3202 739 3245 ctus
779 3193 954 3261 capit;
992 3208 1172 3263 neque
1206 3191 1371 3245 modo
1406 3200 1568 3244 natus
1609 3205 1749 3259 puer
1801 3189 1988 3243 subito
2018 3198 2199 3258 potest
2239 3188 2293 3241 in
2319 3187 2499 3242 virum
2523 3186 2842 3242 adolescere
2879 3204 2893 3239 :
2935 3202 3038 3242 nee
3109 3188 3321 3244 militia:
3353 3191 3530 3259 prima
3590 3194 3896 3248 rudimenta

616 3298 828 3353 ponens
862 3284 987 3348 tiro,
1018 3285 1129 3354 jam
1160 3282 1507 3353 prmfecluris
1555 3282 1888 3335 militaribus
1921 3289 2082 3349 aptus
2108 3280 2363 3349 gerendis
2398 3288 2523 3335 est:
2560 3289 2782 3350 oportet
2832 3280 2982 3335 enim
3059 3280 3208 3335 hunc
3246 3266 3510 3350 primum
3555 3266 3751 3355 .longa
3815 3300 3899 3357 pa-

618 3375 814 3431 tientia
872 3379 1184 3433 insuescere
1231 3375 1445 3440 labori;
1497 3382 1610 3428 tum
1639 3374 1782 3429 facta
1806 3392 2002 3448 pugnae
2039 3377 2196 3446 c0pia
2231 3374 2448 3430 fortiter
2509 3372 2567 3427 in
2622 3389 2818 3443 campo
2857 3382 3025 3438 stare,
3054 3374 3388 3443 vincereque
3430 3376 3659 3432 hostem
3710 3394 3777 3435 ac
3822 3398 3901 3436 oo-

618 3468 833 3522 rouari.

688 3558 804 3613 Xll.
846 3559 1097 3613 Pulchra
1125 3559 1291 3629 igitur
1319 3568 1375 3614 et
1404 3560 1563 3614 home
1588 3574 1677 3615 res
1702 3568 1855 3626 sunt,
1882 3560 2068 3631 inopia
2102 3577 2193 3615 vo.
2224 3563 2267 3625 C

617 3650 857 3715 luntaria
882 3692 896 3717 ,
926 3652 1232 3721 psahuodia
1257 3694 1272 3717 ,
1304 3654 1579 3725 jejunium
1605 3694 1618 3716 ,
1664 3654 1865 3724 vigilite
1885 3694 1898 3719 ,
1941 3664 1998 3709 et
2035 3655 2207 3724 gratia

618 3743 825 3813 potiri;
875 3742 973 3797 sed
1025 3758 1219 3813 parum
1274 3754 1507 3812 prosunt
1552 3744 1642 3810 ei,
1686 3746 1781 3815 qui
1817 3745 2100 3809 nondum,
2150 3754 2211 3800 ut

616 3842 961 3905 oportuerat,
992 3835 1161 3904 coepit
1192 3834 1404 3899 fodere,
1435 3835 1528 3889 ubi
1562 3834 1982 3889 fundamentum
2018 3844 2207 3905 ponat.

615 3924 730 3981 Nec
755 3942 813 3980 se
842 3926 1023 3997 decipi
1052 3942 1209 3981 mens
1256 3927 1311 3980 in
1346 3942 1416 3981 eo
1452 3928 1728 3996 patiatur,
1765 3936 2049 3995 utcunque
2083 3941 2209 3995 gra-

620 4017 709 4071 tia:
729 4018 1040 4087 particeps;
1063 4028 1158 4071 aut
1181 4017 1308 4071 inde
1327 4018 1431 4072 sibi
1453 4018 1729 4081 aduletur,
1750 4018 2048 4087 pretiosam
2065 4016 2211 4071 aesti-

620 4124 779 4164 mans
830 4124 986 4163 suam
1042 4110 1302 4163 animam.
1359 4109 1589 4180 Respice
1640 4110 1695 4163 in
1728 4110 1939 4173 Jesum,
1984 4123 2016 4163 a
2060 4106 2210 4177 quali

618 4202 791 4273 gloria
824 4202 920 4255 Dei
947 4202 1139 4265 Filius,
1171 4202 1316 4256 Deus
1347 4201 1463 4272 ipse
1490 4242 1506 4268 ,
1542 4203 1596 4256 in
1632 4217 1772 4272 quas
1801 4201 2088 4271 passiones
2118 4215 2211 4254 us-

621 4308 729 4361 que
755 4292 822 4346 ad
854 4292 1273 4348 eruciﬁxioncm
1307 4293 1491 4348 venit?
1522 4294 1757 4363 Propter
1782 4294 1924 4348 hanc
1953 4308 2085 4363 ergo
2105 4292 2210 4345 hu-

625 4382 917 4435 militatem
958 4381 1231 4434 exaltatus
1272 4388 1378 4446 est,
1416 4381 1471 4433 in
1499 4380 1727 4435 dextera
1767 4381 1949 4435 Patris
1990 4380 2208 4434 sedens.

620 4476 693 4527 At
719 4489 949 4542 serpens
974 4489 1005 4526 a
1035 4472 1311 4542 principio
1340 4472 1541 4527 insevit
1579 4472 1821 4538 Adamo,
1866 4472 2213 4527 exaltationis

619 4580 865 4621 amorem
892 4579 1192 4634 suggerens
1221 4582 1233 4617 :
1261 4564 1429 4619 Erilis
1458 4565 1590 4617 sicut
1617 4564 1705 4618 Dii
1732 4564 1776 4629 ’,
1810 4580 1910 4633 per
1929 4565 2088 4619 istam
2114 4580 2213 4618 an-

626 4669 737 4714 tem
762 4658 1168 4712 allectationem
1200 4658 1577 4720 sublimitatis,
1608 4658 1764 4713 vides
1789 4658 1845 4712 in
1868 4674 2031 4728 quam
2053 4658 2211 4728 igno-

622 4750 848 4805 miniam
900 4750 1193 4805 descendit
1240 4768 1415 4821 genus
1456 4751 1781 4805 humanum.
1835 4750 1977 4804 Sane
2026 4766 2212 4820 quer

621 4843 901 4897 hominem
959 4860 1258 4914 pauperem
1312 4843 1533 4912 spiritu,
1585 4858 1688 4898 nec
1742 4843 1987 4897 invenio.
2040 4844 2111 4899 Ut
2166 4842 2211 4897 si

618 4937 744 5006 quis
775 4936 988 4993 habens
1018 4939 1334 4993 reconditos
1364 4938 1512 4993 domi
1543 4938 1851 5002 thesauros,
1882 4946 2063 5005 tamen
2090 4939 2203 4993 cir-
2240 4918 2285 4975 Ῑ)

620 5037 839 5082 cumeat
872 5028 1193 5083 mendicans
1216 5037 1272 5083 et
1304 5029 1373 5082 ab
1405 5028 1665 5083 omnibus
1696 5038 1890 5099 petens
1922 5046 1934 5083 :
1965 5029 2046 5084 sic
2074 5039 2203 5083 sunt

619 5116 920 5171 Christiani
949 5119 1136 5188 gratiae
1178 5120 1523 5189 possessione
1570 5120 1716 5190 apud
1766 5118 1939 5174 Deum
1980 5121 2201 5187 divites,

621 5208 817 5263 humili
848 5210 933 5263 sui
966 5211 1328 5266 :estimatione
1357 5227 1645 5281 pauperes,
1669 5220 1725 5266 et
1752 5212 1909 5281 quasi
1942 5212 2080 5267 nihil
2104 5213 2204 5267 ha-

621 5300 837 5357 bentes.
886 5303 1169 5359 Debentur
1195 5306 1359 5360 alicui
1385 5314 1608 5361 centum
1648 5306 1769 5360 auri
1811 5306 2003 5371 librae;
2042 5305 2089 5360 si
2117 5305 2207 5361 ille

621 5397 869 5468 quinque
901 5398 1142 5468 acceptis
1171 5399 1241 5452 sit
1264 5407 1579 5463 contentus,
1609 5412 1713 5453 nec
1739 5398 1884 5452 ultra
1906 5398 2209 5468 quidquam

621 5496 868 5559 quzerat;
906 5504 977 5543 an
1003 5498 1127 5559 aget
1152 5490 1467 5559 sapienter?
1494 5490 1656 5559 Pejus
1683 5490 1848 5544 etiam
1876 5490 1980 5544 sibi
2011 5505 2211 5545 consu-

622 5578 744 5634 lunt
773 5580 1020 5650 quidam,
1072 5582 1376 5648 habentes,
1414 5590 1474 5635 ut
1512 5581 1593 5636 sic
1630 5582 1845 5649 dicam,
1892 5582 2080 5639 decem
2107 5600 2210 5636 un-

696 5754 717 5786 ⁹
758 5753 893 5809 Gen.
936 5771 1011 5821 Ill,
1048 5756 1099 5809 5.

2374 3560 2475 3614 IB'.
2513 3558 2694 3612 Καλὸν
2732 3558 2825 3612 οὖν
2871 3561 3022 3614 ἐστιν
3062 3562 3095 3633 ἡ
3131 3562 3491 3634 ἁκτημοσύνη
3525 3568 3627 3620 καὶ
3665 3570 3701 3639 ἡ
3735 3568 3901 3641 ψαλμ-

2308 3650 2461 3720 ῳὸία,
2494 3652 2588 3703 καὶ
2617 3652 2649 3721 ἡ
2679 3651 2902 3717 νηστεία
2952 3654 3046 3705 καὶ
3076 3655 3109 3722 ἡ
3144 3655 3442 3724 ἀγρυπνία,
3500 3660 3600 3711 καὶ
3633 3660 3701 3711 τὸ
3729 3662 3901 3713 λαϐεῖν

2310 3741 2469 3811 χάριν
2512 3740 2647 3793 Θεοῦ
2669 3756 2683 3771 ο
2736 3743 2764 3794 ὁ
2805 3741 2861 3794 δὲ
2904 3743 3087 3813 ἀκμὴν
3115 3743 3268 3797 οῦπω
3307 3746 3518 3817 ἤρξατο
3553 3748 3636 3812 ὡς
3671 3750 3755 3803 δεῖ
3779 3756 3899 3805 σιά-

2310 3850 2466 3887 πτειν
2506 3834 2601 3887 καὶ
2638 3833 2846 3887 τιθέναι
2881 3834 3150 3905 Θεμέλιον.
3201 3839 3311 3890 Καὶ
3340 3841 3399 3891 ὲν
3427 3840 3703 3905 τοιούτοις
3739 3846 3769 3897 ὁ
3793 3843 3899 3908 νοῦς

2308 3926 2388 3979 δεῖ
2414 3925 2781 3994 ἀνεπίληπτος
2804 3922 2943 3979 εἶναι
2977 3928 3202 3998 μέτοχος
3220 3930 3446 4000 χάριτος
3470 3947 3487 3962 ⁸
3520 3933 3722 3988 λοιπὸν
3742 3938 3899 3990 cista:

2310 4016 2436 4085 περὶ
2464 4013 2652 4079 αὑτοῦ,
2689 4017 2783 4068 καὶ
2814 4014 2928 4085 ἔχει
2958 4018 3145 4086 τιμίαν
3190 4020 3289 4088 τὴν
3318 4021 3525 4092 ψυχήν.
3574 4025 3900 4095 ’Δπόϐλεᾲιν

2311 4108 2389 4170 είς
2420 4106 2511 4159 τὸν
2549 4105 2775 4177 Ἰησοῦν,
2811 4108 2919 4160 ἀπὸ
2948 4108 3106 4173 ποίας
3136 4108 3293 4177 δόξης
3322 4110 3452 4176 Υἱὸς
3480 4114 3623 4167 Θεοῦ
3660 4120 3757 4172 καὶ
3785 4119 3901 4184 Θείς

2310 4196 2407 4263 ὢν,
2440 4200 2519 4261 είς
2547 4201 2679 4252 ποῖα
2712 4199 2858 4271 πάθη
2895 4201 2990 4254 καὶ
3022 4202 3333 4273 σταύρωσιν
3356 4201 3531 4273 ἦλθε.
3565 4210 3675 4263 Διά
3712 4212 3898 4280 ταύτην

2310 4290 2402 4345 οὖν
2444 4290 2541 4360 τὴν
2592 4291 3099 4364 ταπεινοφροσύνην
3148 4296 3485 4367 ύπερυψώθη
3518 4302 3579 4352 ἐν
3622 4301 3781 4373 δεξιᾷ
3818 4304 3897 4356 τώ

2313 4381 2527 4450 [ἰατρὸς
2560 4380 2882 4445 καθεσθείς·
2930 4384 3025 4435 καὶ
3062 4386 3089 4437 ὁ
3123 4384 3247 4454 ὄφις
3295 4386 3355 4451 ἐξ
3396 4390 3577 4459 ἀρχῆς
3607 4392 3896 4462 ὑπέσπειρε

2310 4471 2389 4542 τῷ
2432 4471 2599 4543 Ἀδὰμ
2626 4472 2857 4543 ὕψωμα,
2904 4475 2987 4528 δτι
3031 4475 3129 4540 Ὠς
3174 4478 3318 4545 Θεὸς
3574 4484 3675 4537 διὰ
3715 4487 3897 4553 matr;

2311 4570 2407 4641 τῆς
2458 4568 2911 4641 ὑψηλοφροσύνης
2958 4567 3099 4635 εἶδες
3146 4573 3238 4627 οὖν
3296 4577 3377 4639 εἰς
3425 4579 3630 4632 ὁποίαν
3690 4583 3897 4651 ἀτιμίαν

2313 4659 2551 4728 κατῆλθε
2572 4660 2633 4712 τὸ
2660 4660 2817 4728 γένος
2848 4660 2941 4714 τοῦ
2986 4662 3177 4734 Ἀδάμ.
3220 4665 3498 4736 Ἐπιζητῶ
3524 4670 3592 4741 δὴ
3624 4671 3895 4743 ἄνθρωπον

2316 4750 2535 4820 πτωχὸν
2562 4750 2642 4821 τῷ
2678 4751 2973 4822 πνεύματι,
3001 4755 3094 4806 καὶ
3138 4756 3236 4824 ούχ
3282 4758 3533 4827 εὑρίσκω
3558 4777 3573 4789 ·
3602 4761 3801 4833 ὥσπερ
3827 4764 3895 4813 in

2313 4838 2347 4913 ᾗ
2370 4860 2452 4904 τις
2486 4841 2740 4906 πλούσιος
2762 4842 2900 4913 ἔχων
2923 4846 2982 4897 ὲν
3000 4845 3077 4915 τῷ
3098 4846 3231 4916 οἴκῳ
3250 4848 3419 4900 αὑτοῦ
3454 4850 3797 4923 θησαυροὺς,
3821 4872 3893 4904 ιιι

2312 4930 2345 5007 ᾗ
2382 4934 2751 5003 ὲπιδεόμενος,
2780 4937 2876 4989 κα)⁸
2914 4940 3129 5007 πτωχὸς
3172 4939 3269 4992 καὶ
3300 4942 3453 5012 παρὰ
3482 4945 3715 4997 πάντων
3753 4948 3892 5015 ζητῇ.

2319 5027 2508 5091 Οῦτως
2544 5029 2653 5081 εἰσὶ
2702 5030 3019 5099 Χριστιανοὶ
3060 5031 3274 5101 ἔχοντες
3326 5036 3513 5104 χάριν,
3553 5040 3801 5090 πλούσιοι
3830 5042 3895 5098 si;

2310 5118 2463 5184 Θεὸν,
2498 5120 2703 5189 πτωχοί
2750 5121 2855 5171 εἰσι
2891 5121 2968 5190 τῷ
3018 5122 3308 5193 πνεύματι,
3350 5125 3431 5189 ὡς
3462 5129 3637 5198 μηδὲν
3664 5131 3895 5199 ἔχοπες·

2313 5212 2422 5263 εἰσὶ
2464 5211 2600 5282 πρὸς
2654 5210 2810 5279 λόγον
2856 5213 3052 5266 ἑκατὸν
3091 5213 3271 5285 λίτραι
3324 5218 3557 5286 χρυσίου
3588 5220 3659 5281 ἃς

2314 5305 2661 5375 κτήσασθαι·
2697 5308 2726 5359 ὁ
2773 5306 2956 5361 λαϐὼν
3006 5309 3166 5362 πέντε
3212 5309 3405 5381 λίτρας
3457 5313 3749 5383 ἐκορέσθη.
3786 5314 3897 5367 Eis‘;

2313 5398 2373 5451 δέ
2400 5416 2545 5462 τινες
2572 5399 2710 5469 πρὸς
2742 5398 2899 5468 λόγον
2945 5400 3079 5454 δέκα
3107 5402 3331 5471 ούγκίας
3361 5404 3579 5473 ἔχοντες
3610 5404 3711 5475 τῆς
3741 5405 3891 5473 χάρι-

2314 5509 2429 5554 τος,
2460 5493 2555 5545 καὶ
2608 5492 2854 5546 ποιοῦσιν
2898 5493 3068 5557 αὑτὰς
3124 5496 3343 5559 ἑκατὸν,
3388 5498 3755 5568 καυχώμενοι.
3790 5497 3893 5550 Ka‘:

2314 5585 2422 5638 eici.
2458 5584 2722 5650 πολλάκις
2754 5587 2912 5641 πέντε
2948 5587 3177 5655 οῦγκίας
3219 5590 3441 5658 ἔχοντες
3466 5591 3565 5661 τῆς
3602 5591 3889 5662 ἁμαρτίας,
