4044 6512
104 324 200 388 833

1174 323 1406 385 LIBER
1444 324 1542 386 DE
1579 322 1957 387 CUSTODIA
1992 323 2287 387 GORDIS.

3247 326 3356 393 834

103 438 189 493 καὶ
227 435 473 491 ποιοῦσιν
548 435 719 501 αὐτὰς
778 436 1080 508 ἡμιούγκια
1175 436 1335 492 τοῦτο
1380 438 1438 493 δέ
1487 439 1671 502 αὐτοῖς

1795 438 1886 493 :ias
1922 440 2143 511 gratiae;
2177 448 2234 497 et
2269 454 2364 495 eas
2402 454 2547 497 vano
2574 448 2788 499 tumore
2816 442 3161 514 gloriationis
3206 443 3357 503 falsa:

104 527 400 599 συμϐαίνει,
432 529 466 599 ἢ
503 529 626 583 κατ’
653 529 900 597 ἄγνοιαν,
933 531 1029 583 ὅτι
1064 531 1124 584 ἐν
1178 532 1315 604 αὐτῇ
1362 534 1427 604 τῇ
1486 532 1672 603 χάριτι

103 620 558 691 ὑποκλεπτόμενοι
604 620 706 674 οὐκ
753 621 978 676 οἴδασιν.
1010 622 1082 675 Ἦ
1142 623 1287 675 κατὰ
1342 622 1670 689 κενοδοξίαν,

102 712 471 782 αἰσχυνόμενοι
515 714 691 767 εἰπεῖν
738 714 820 766 ὅτι
873 715 1087 782 ἐνεργεῖ
1112 713 1173 767 τὸ
1206 714 1407 768 κακόν·
1440 716 1538 785 ἤδη
1563 714 1674 785 γάρ

104 800 457 873 κηρύττουσιν
498 796 642 854 εἶναι
689 801 917 864 ἑαυτοὺς
953 800 1211 864 τελείους.
1246 802 1321 855 Τὸ
1369 801 1427 855 δὲ
1466 802 1675 857 δίκαιον

103 894 178 947 δεῖ
222 895 396 945 ποιεῖν
446 893 539 945 καὶ
591 892 770 961 λέγειν
815 892 908 945 τὸν
958 892 1278 964 ἄνθρωπον⁶
1312 892 1409 946 καὶ
1460 892 1531 946 τά
1576 893 1676 963 τῆς

105 984 316 1056 χάριτος
348 985 649 1055 ὁμολογεῖν,
680 984 774 1037 καὶ
801 984 900 1055 τὴν
931 984 1217 1055 ἐνέργειαν
1247 984 1349 1054 τῆς
1374 983 1674 1055 ἁμαρτίας.

106 1078 365 1131 Ψεύδεται
418 1077 527 1147 γὰρ
560 1080 587 1130 6
618 1075 858 1140 τοιοῦτος
906 1076 1159 1148 καθαρὰν
1188 1076 1362 1145 λέγων
1405 1076 1550 1147 ἐχειν
1574 1077 1679 1149 τὴν

107 1171 327 1243 καρδίαν
348 1188 359 1199 ·
393 1170 492 1240 οὐχ
520 1167 693 1232 οὕτως
714 1168 825 1240 γάρ
855 1169 1063 1222 ἐστιτὰ
1095 1170 1421 1239 πράγματα,
1449 1168 1524 1233 ὡς
1557 1168 1677 1239 ἅμα

107 1266 199 1335 τὴν
230 1263 388 1335 χάριν
438 1261 776 1333 ἐπιδημῆσαι
827 1262 928 1333 ἤδη
986 1262 1224 1333 καθαρὸν
1272 1261 1531 1331 γενέσθαι
1584 1262 1678 1317 τὸν

108 1357 416 1427 ἄνθρωπον·
459 1354 851 1425 παραδέδονται
908 1354 1018 1424 γὰρ
1072 1355 1186 1418 τοῖς
1248 1353 1529 1423 πολεμίοις
1583 1354 1681 1409 καὶ

108 1453 212 1513 τοῖς
259 1447 636 1518 πειρατηρίοις
670 1447 750 1510 είς
791 1445 1098 1517 γυμνασίαν
1164 1447 1259 1500 καὶ
1290 1445 1587 1509 παίδευσιν,
1618 1446 1680 1501 ὃν

108 1542 299 1613 τρόπον
350 1540 440 1591 καὶ
478 1539 507 1592 6
557 1536 677 1590 ’1ὼὸ
724 1535 803 1607 τῷ
846 1535 1159 1607 πειρασμῷ.
1203 1535 1463 1604 Συνεργετ
1487 1534 1595 1606 γάρ
1618 1534 1681 1588 τὸ

109 1630 272 1685 κακὸν
318 1629 395 1701 τῷ
436 1627 650 1698 ἀγαθῷ,
684 1628 1002 1700 προαιρέσει
1030 1628 1093 1681 οὺ
1123 1627 1263 1699 καλῇ
1288 1643 1302 1658 ·
1332 1626 1424 1680 τὸν
1456 1626 1511 1680 δὲ
1548 1627 1682 1697 Χριρ-

110 1724 319 1777 στιανὺν
363 1722 445 1775 δεῖ
499 1721 663 1773 πέντε
720 1720 951 1789 οὒγκίας
996 1719 1097 1791 τῆς
1146 1718 1420 1790 ἀμαρτίας
1466 1717 1677 1789 ἔχοντα,

1776 530 1833 585 in
1854 538 2076 585 centum
2094 531 2526 601 multiplicantes
2548 550 2562 587 :
2588 548 2621 589 e
2648 534 2928 589 contrario
2956 550 3089 591 vero
3109 536 3357 607 plerum-

1775 636 1883 692 que
1910 622 2166 677 nonnuili
2195 622 2466 679 habentes
2497 626 2742 696 quinque
2769 627 2963 684 uncias
2994 630 3231 698 peccati,
3263 646 3360 687 eas

1775 708 1833 762 in
1867 709 2230 764 semiunciam
2284 722 2607 768 extenuant.
2642 714 2699 768 1d
2739 716 2871 785 ipsis
2908 718 3111 775 accidit
3143 720 3229 774 vel
3259 736 3361 789 per

1776 799 2165 869 ignorantiam,
2201 803 2348 872 quod
2381 805 2648 874 quantula
2672 806 2785 861 sint
2810 808 3074 879 impertiti
3101 817 3360 866 mensura

1777 890 1966 961 gratiae
2007 906 2077 947 ex
2108 908 2242 948 vero
2283 909 2395 949 non
2431 907 2676 963 norunt,
2713 894 2803 955 vel
2848 915 2948 970 per
2983 917 3138 958 vanae
3172 900 3362 974 gloriae

1777 982 2102 1052 appetitum,
2145 999 2257 1039 non
2296 988 2635 1045 sustinentes
2668 990 2850 1058 fateri,
2879 1009 3045 1063 quam
3078 994 3133 1049 in
3168 1010 3227 1051 se
3261 993 3360 1050 ex“-

1777 1073 2093 1144 periuntur,
2121 1077 2500 1144 operationem
2536 1080 2689 1135 mali.
2723 1082 2844 1137 Jam
2878 1084 3027 1139 enim
3058 1086 3363 1156 praedicant

1777 1179 1837 1220 se
1866 1163 2162 1234 perfectos.
2189 1165 2420 1236 Oportet
2456 1179 2640 1225 autem
2681 1180 2739 1227 et
2772 1172 2890 1228 ﬁeri
2922 1183 2978 1229 et
3020 1176 3129 1231 dici
3160 1176 3231 1231 ab
3264 1177 3364 1232 ho-

1778 1257 1927 1313 mine
1948 1257 2096 1327 quod
2127 1259 2337 1330 justum
2364 1268 2448 1316 est
2470 1279 2486 1328 ;
2508 1271 2564 1317 et
2586 1266 2775 1334 gratiae
2788 1281 2953 1336 quam
2971 1270 3189 1339 accipit,
3219 1272 3363 1326 dona

1778 1346 2065 1419 proﬁteri;
2094 1357 2151 1406 et
2182 1366 2294 1411 non
2325 1351 2696 1421 dissimulare,
2751 1374 2915 1428 quam
2950 1362 3118 1415 sentit
3150 1362 3205 1416 in
3240 1352 3369 1419 sese'

1779 1443 1992 1511 peccati
2020 1444 2418 1512 operationem.
2450 1445 2713 1503 Mentitur
2753 1450 2957 1521 quippe
2995 1453 3119 1507 talis
3161 1470 3365 1524 purum

1780 1532 1937 1588 aiens
1968 1549 2030 1589 se
2075 1534 2283 1591 habere
2315 1552 2445 1603 cor;
2480 1536 2630 1593 haud
2676 1540 2823 1594 enim
2863 1541 2921 1595 in
2954 1542 3105 1597 hunc
3138 1544 3365 1599 modum

1780 1638 1842 1680 se
1893 1639 1984 1680 res
2036 1625 2281 1694 habent;
2344 1629 2503 1697 quasi
2562 1629 2631 1685 ad
2676 1631 2911 1701 primam
2962 1634 3151 1689 statim
3193 1634 3364 1692 adve-

1783 1717 2028 1774 nientem
2056 1719 2287 1790 gratiam
2320 1736 2494 1791 purus
2519 1723 2670 1777 omni
2696 1739 2763 1778 ex
2788 1733 2943 1795 parte
2974 1726 3140 1783 homo
3166 1728 3368 1785 redda-

109 1816 314 1885 λέγειν,
362 1815 443 1868 ὅτι
482 1813 702 1867 Εἴκοσιν
728 1779 855 1883 ἔχω,
877 1779 969 1867 καὶ
995 1779 1423 1885 πεπληρωμένος
1444 1779 1562 1883 εἰμὶ
1585 1779 1680 1864 τοῦ

1795 1818 1911 1864 Lur:
1946 1807 2185 1864 traditur
2216 1779 2421 1881 quippe
2444 1812 2718 1881 hostibus,
2742 1779 2806 1870 et.
2819 1816 3015 1871 horum
3043 1819 3335 1875 tentationi
3354 1847 3373 1863 ι

114 1908 300 1963 κακοῦ.
337 1907 446 1960 Καὶ
478 1906 671 1978 ἔχοντα
716 1908 851 1976 πρὸς
909 1905 1065 1973 λόγον
1104 1904 1334 1973 οὑγκίας
1375 1905 1549 1959 εἰκοσι
1585 1902 1681 1959 τοῦ

109 1999 331 2072 ἀγαθοῦ,
395 1999 605 2067 λέγειν,
653 1999 735 2052 ὅτι
791 1997 1142 2069 Ἠμιούγκιον
1181 1998 1309 2069 ἔχω.
1340 1999 1405 2052 Εἰ
1440 1998 1499 2052 δὲ
1524 1998 1685 2052 τοῦτο

109 2094 243 2146 κατὰ
277 2090 581 2155 κενοδοξίαν
630 2089 942 2160 αἰσχύνεται
976 2092 1178 2155 εἰπεῖν,
1214 2089 1275 2145 τὸ
1320 2090 1525 2145 δίκαιον
1554 2089 1684 2159 γοῦν

111 2184 333 2238 εἰπάτω.
375 2183 797 2253 Ὁμολογησάτω
845 2183 945 2252 μὲν
997 2184 1091 2237 καὶ
1126 2182 1227 2255 τὴν
1274 2184 1557 2255 ἐνέργειαν
1584 2183 1685 2253 τῆς

108 2273 365 2349 χάριτος·
432 2276 826 2349 όμολογησάτω
887 2276 945 2330 δὲ
1006 2276 1101 2331 καὶ
1149 2276 1248 2351 τὴν
1300 2278 1576 2351 ἁμαρτίαν
1627 2280 1687 2333 ἐν

113 2370 287 2440 μέρει.
328 2368 528 2433 Καθὼς
582 2366 675 2422 οὖν
726 2371 990 2441 προεῖπον
1034 2372 1166 2442 περὶ
1216 2373 1315 2443 τῆς
1365 2370 1566 2442 ψυχῆς,
1605 2372 1687 2425 ὄτι

108 2460 217 2529 ἔχει
277 2458 464 2529 βάθος,
532 2459 892 2530 ὑποδείγμασι
953 2458 1253 2531 χρώμεθα.
1288 2461 1689 2532 διαγράφοντας

111 2551 276 2622 αὐτῆς
322 2550 391 2604 τὰ
444 2550 603 2622 μέλη.
637 2552 848 2624 Ὥσπερ
886 2550 973 2605 ἵνα
1093 2553 1267 2624 ἥλιος,
1313 2553 1410 2607 καὶ
1450 2548 1585 2608 ὦσιν
1629 2553 1690 2619 ἐξ

111 2642 273 2697 αὐτοῦ
320 2643 537 2707 ἀκτῖνες
562 2642 787 2697 πολλαί·
826 2643 859 2712 ἢ
896 2644 984 2699 ἵνα
1086 2644 1302 2715 δένδρον
1333 2645 1560 2715 ὑψηλὸν,
1594 2647 1690 2699 καὶ

110 2736 205 2808 ἔχῃ
231 2736 460 2798 κλάδους
485 2749 498 2763 ·
537 2733 570 2805 ἢ
602 2733 688 2787 ἵνα
787 2734 941 2797 πόλις
970 2735 1204 2805 μεγάλη,
1243 2737 1337 2788 καὶ
1378 2736 1474 2806 ἔχη
1508 2734 1683 2803 γείτο-

110 2846 203 2891 νας
228 2826 431 2890 πολλάς
451 2842 465 2857 ·
501 2825 673 2889 οὔτως
703 2826 850 2878 ἐστὶν
879 2826 913 2897 ή
947 2824 1111 2896 νοερὰ
1142 2825 1319 2891 οὐσία,
1353 2828 1387 2896 ἡ
1425 2825 1690 2889 ἀθάνατος

110 2920 278 2990 ψυχὴ,
306 2918 501 2982 κάλλος
530 2918 710 2987 τίμιον
738 2918 880 2989 ὑπὲρ
915 2918 1093 2972 πάντα
1117 2917 1185 2971 τὰ
1210 2918 1689 2989 δημιουργήματα,

110 3010 273 3063 εἰκὼν
323 3009 420 3062 κα)⁸
465 3009 715 3079 ὁμοίωμα
745 3008 902 3063 Θεοῦ.
934 3008 1135 3063 Λοιπὸν
1166 3009 1398 3063 ἐλθοῦσα
1428 3011 1459 3079 ἡ
1494 3010 1654 3081 χάρις
1673 3049 1689 3077 ,

1784 1901 1890 1957 bus
1923 1902 2222 1972 exponitur
2263 1903 2335 1958 ad
2374 1906 2828 1962 exercitationem
2871 1917 2927 1964 et
2972 1909 3368 1981 disciplinam:

1784 1994 2065 2065 quomodo
2104 1994 2208 2051 Job
2243 1995 2543 2051 tentatione
2577 1996 2844 2067 probatus
2879 2006 2983 2054 est.
3024 1996 3371 2071 Cooperatur

1784 2089 1989 2161 quippe
2009 2099 2067 2144 et
2084 2089 2291 2144 malum
2324 2089 2492 2156 bono,
2519 2088 2829 2146 intentione
2857 2106 2971 2146 non
3010 2092 3177 2149 bona.
3209 2092 3374 2150 Chri-

1785 2181 2021 2238 stianum
2040 2196 2171 2236 vero
2184 2181 2444 2237 convenit
2459 2181 2705 2252 quinque
2723 2182 2913 2238 uncias
2936 2185 3146 2254 peccati
3165 2185 3375 2241 haben-

1788 2281 1918 2338 tem,
1947 2271 2134 2328 dicere
2157 2271 2501 2328 humiliando
2527 2286 2586 2328 se
2610 2291 2628 2327 ι
2652 2272 2851 2344 viginti
2875 2274 3066 2331 uncias
3090 2274 3287 2339 habeo,
3315 2283 3375 2331 et

1788 2365 1985 2435 plenus
2012 2378 2135 2419 sum
2168 2362 2459 2443 iniquitate
2489 2380 2502 2418 :
2538 2364 2837 2420 habentem
2884 2372 3094 2431 autem,
3136 2368 3375 2436 exempli

1788 2471 1975 2521 causa,
2000 2457 2193 2511 uncias
2210 2456 2406 2527 viginti
2436 2456 2722 2523 bonitatis,
2754 2457 2943 2514 dicere
2969 2476 2983 2513 :
3014 2458 3108 2513 vix
3132 2458 3264 2513 boni
3287 2474 3377 2514 se-

1789 2548 2068 2603 munciam
2126 2548 2327 2606 habeo.
2380 2548 2439 2604 Si
2480 2558 2664 2605 autem
2705 2550 2812 2605 hoc
2855 2550 3061 2618 dicere,
3113 2551 3184 2606 ob
3220 2565 3379 2607 vanae

1789 2642 1977 2714 gloriae
2000 2641 2269 2707 studium,
2298 2641 2581 2698 erubescit
2606 2660 2621 2710 ;
2659 2643 2855 2699 saltem
2882 2643 3030 2713 quod
3052 2644 3261 2715 justum
3293 2652 3381 2700 est

1791 2735 2059 2804 proferat,
2094 2735 2446 2806 fateaturque
2472 2746 2589 2792 tum
2620 2736 2754 2807 quid
2784 2737 2838 2791 in
2865 2752 2925 2792 se
2959 2748 3218 2807 operetur
3250 2754 3379 2808 gra-

1794 2829 1868 2882 tia
1890 2866 1905 2890 ,
1940 2837 2054 2883 tum
2101 2828 2233 2898 quid
2264 2844 2333 2883 ex
2360 2836 2517 2898 parte
2549 2830 2723 2883 altera
2752 2837 3041 2900 peccatum
3094 2830 3379 2887 moliatur.

1792 2918 1912 2973 Jam
1942 2918 2089 2974 circa
2114 2920 2169 2973 id
2195 2918 2343 2989 quod
2369 2919 2482 2973 dixi
2507 2919 2576 2975 de
2601 2921 2806 2988 anima,
2842 2921 3023 2977 inesse
3044 2921 3123 2977 illi
3147 2922 3383 2993 profun-

1794 3009 2024 3065 ditatem
2046 3009 2402 3073 latehrosam,
2424 3010 2691 3079 exemplis
2704 3018 2927 3065 utemur
2947 3010 3385 3081 membraipsius

111 3106 191 3167 είς
230 3101 329 3155 δύο
365 3103 587 3166 ἀκτῖνας
624 3101 722 3170 τῆς
767 3100 944 3172 ψυχῆς
989 3101 1325 3171 ἐπιλάμπει·
1352 3100 1385 3171 ἢ
1416 3101 1523 3155 ἀπὸ
1568 3102 1689 3155 ὅλου

1796 3097 2194 3154 describentes.
2241 3096 2719 3163 Quemadmodum
2751 3098 2901 3152 enim
2944 3105 3006 3154 ut
3043 3098 3125 3153 sol
3171 3107 3275 3160 est,
3308 3098 3383 3153 ita

109 3196 201 3251 τοῦ
242 3194 463 3266 δένδρου
513 3193 592 3256 εἰς
644 3192 871 3257 κλάδους
914 3191 1048 3256 δύο,
1113 3192 1146 3263 ἢ
1209 3193 1316 3246 ἀπὸ
1364 3192 1545 3264 πάσης
1593 3194 1694 3264 τῆς

112 3290 322 3353 πόλεως
352 3291 432 3353 είς
461 3286 555 3341 δύο
582 3286 893 3355 γειτωνίας.
934 3287 1060 3340 Ἔτι
1093 3286 1151 3339 δὲ
1195 3286 1263 3339 τὰ
1292 3284 1516 3339 πλείονα
1552 3285 1691 3356 μέρη

110 3384 208 3454 τῆς
230 3382 416 3452 ψυχῆς
449 3379 737 3451 κατέχεται
768 3379 877 3433 ἀπὸ
906 3379 1005 3446 τῆς
1031 3378 1337 3449 ἁμαρτίας·
1363 3378 1459 3431 καὶ⁸
1484 3378 1695 3447 νομίζει

110 3475 189 3525 δτι
223 3470 324 3541 ὅλη
355 3470 423 3523 δι’
447 3470 591 3531 ὅλου,
614 3467 710 3522 τοῦ
751 3466 959 3536 ἀγαθοῦ
993 3468 1195 3537 μέρους
1233 3466 1327 3521 καὶ
1355 3467 1452 3539 τῆς
1476 3467 1695 3538 χάριτος

114 3565 206 3618 καὶ
245 3563 351 3632 τῆς
375 3561 760 3632 λαμπρότητος
790 3561 981 3628 γέγονε
1005 3577 1018 3591 ·
1057 3560 1189 3631 πρὸς
1236 3560 1394 3627 λόγον
1432 3560 1595 3615 πέντε
1626 3561 1699 3613 λί-

110 3673 246 3727 τρας
276 3654 505 3726 χρυσίου
532 3655 897 3724 κτησάμενος,
924 3653 1071 3706 δοκεῖ
1101 3653 1250 3724 αὐτῷ
1278 3655 1361 3708 ὅτι
1388 3653 1581 3708 ἑκατὸν
1619 3653 1715 3709 λί-.

112 3766 244 3820 τρας
274 3749 575 3817 ἐκτήσατο·
612 3746 686 3817 μὴ
714 3746 775 3799 τὸ
802 3745 1041 3816 ἔμϐρυον
1073 3747 1129 3800 ἐν
1156 3747 1223 3817 τῇ
1257 3746 1442 3817 μήτρᾳ
1474 3747 1576 3818 ἤδη
1601 3747 1695 3814 γέ-

108 3859 268 3910 γονεν
303 3839 624 3910 ᾶνθρωπος;
654 3839 686 3908 ἢ
722 3839 804 3892 ὅτι
836 3836 950 3900 θεὶς
980 3836 1075 3891 ἕνα
1103 3837 1249 3890 λίθον
1280 3836 1375 3890 τοῦ
1422 3838 1697 3909 θεμελίου,

111 3933 207 4003 ἤδη
244 3930 534 3986 ἐτελείωσε
566 3930 627 3983 τὸ
658 3929 1032 4000 οἰκοδόμημα;
1064 3929 1097 4001 ἢ
1129 3932 1157 3983 ό
1187 3928 1389 3999 σπόρος
1411 3929 1440 3981 6
1467 3928 1700 3999 χωσθεὶς

107 4021 201 4073 ἐπὶ
233 4019 344 4090 τῆς
392 4018 519 4089 γῆς,
564 4018 665 4089 ἤδη
716 4017 935 4086 ἐγένετο
995 4019 1228 4088 στάχυς;
1284 4017 1359 4089 μὴ
1386 4019 1415 4071 6
1442 4033 1705 4088 πραγματ-

106 4112 408 4182 τευόμενος
436 4109 553 4182 ἅμα
588 4108 683 4163 τοῦ
729 4108 996 4181 ἄρξασθαι
1024 4110 1125 4179 τῆς
1156 4108 1564 4181 πραγματείας,
1597 4110 1701 4181 ήδη

104 4204 410 4275 ἐπλήρωσε
436 4203 535 4273 τὴν
562 4200 845 4272 ἀποθήκην
869 4217 884 4267 ;
910 4202 1004 4254 καὶ
1026 4202 1055 4254 6
1092 4200 1334 4272 μετέχων
1359 4201 1580 4273 χάριτος
1609 4218 1702 4273 μι-

104 4297 274 4367 κρᾶς,
330 4294 489 4365 παρά
540 4292 699 4348 τοῦτο
748 4292 946 4363 γέγογε
1012 4292 1371 4363 Χριστιανός;
1421 4292 1604 4365 ἀκμὴν
1653 4293 1705 4347 οἱ

101 4387 324 4457 πρῶτοι
378 4385 472 4437 καὶ
516 4384 567 4436 οἱ
620 4382 845 4454 μεγάλοι
868 4382 1040 4446 οὓτως
1061 4382 1167 4435 εἰσὶ
1198 4382 1336 4453 πρὸς
1364 4381 1703 4453 τελειότητα,

1797 3198 1928 3246 sunt
1958 3206 2027 3246 ex
2056 3192 2176 3261 ipso
2209 3189 2398 3259 plures
2428 3188 2567 3243 radii
2592 3206 2608 3258 ;
2644 3197 2706 3245 ut
2735 3190 2900 3245 arbor
2928 3190 3040 3245 alta
3077 3196 3196 3255 est,
3226 3189 3301 3243 ita
3328 3196 3388 3243 et

1797 3299 1982 3341 ramos
2011 3284 2215 3351 habet;
2248 3294 2308 3339 ut
2329 3284 2526 3341 civitas
2560 3300 2755 3357 magna
2784 3294 2871 3341 est
2898 3292 2956 3340 et
2984 3284 3194 3340 circum
3218 3282 3387 3338 habet

1802 3377 1961 3449 166
1996 3377 2162 3433 urbes
2189 3379 2431 3433 multas:
2466 3379 2546 3433 sic
2578 3390 2661 3434 est
2698 3378 3089 3439 intellectualis
3123 3376 3385 3433 substan-

1800 3470 1895 3535 tia,
1929 3470 2255 3525 immortalis
2299 3471 2504 3537 anima,
2545 3472 2900 3541 pulchritudo
2938 3471 3180 3541 pretiosa
3218 3485 3387 3539 super

1798 3576 1991 3616 omnes
2015 3569 2320 3628 creaturas,
2342 3562 2521 3633 imago
2543 3571 2599 3617 et
2620 3562 2975 3617 simulacrum
2996 3562 3092 3616 Dei
3114 3578 3130 3627 ;
3165 3561 3220 3614 in
3242 3561 3389 3615 hanc

1798 3652 2029 3706 veniens
2056 3652 2234 3723 gratia
2259 3652 2480 3707 duobus
2501 3654 2552 3707 ei
2582 3652 2758 3707 radiis
2779 3652 3027 3723 ail‘ulget,
3050 3660 3147 3706 aut
3169 3666 3239 3705 ex
3263 3650 3390 3704 uni-

1798 3759 1957 3799 versa
1984 3744 2207 3808 arbore.
2232 3743 2373 3799 duos
2396 3743 2672 3799 illuminat
2700 3758 2905 3808 ramos,
2935 3750 3034 3796 aut
3061 3740 3223 3796 binas
3249 3739 3391 3794 dun-

1800 3843 1948 3890 taxat
1977 3849 2045 3889 ex
2065 3835 2323 3890 universa
2351 3834 2636 3904 provincia
2662 3834 2831 3889 urbes
2869 3832 3178 3904 ingreditur
3202 3848 3215 3886 :
3240 3831 3389 3901 quod

1800 3926 2095 3997 allegorice
2124 3925 2398 3997 signiﬁcat
2442 3940 2611 3981 unam
2645 3934 2854 3981 tantum
2906 3934 2963 3981 et
3000 3924 3230 3980 alteram
3266 3924 3388 3978 ani-

1802 4043 1905 4083 ma:
1934 4026 2241 4097 potentiam
2285 4027 2462 4098 gratia
2496 4027 2775 4098 contingi,
2824 4026 3007 4082 adhuc
3046 4041 3179 4081 vero
3222 4024 3393 4096 pluri-

1804 4139 1921 4180 mas
1963 4122 2084 4193 ejus
2110 4122 2267 4191 quasi
2314 4120 2566 4177 membro
2599 4128 2827 4191 peccato
2864 4119 3061 4175 teneri.
3098 4120 3393 4190 Utcunque

1803 4225 2053 4274 autumet
2090 4231 2151 4271 se
2194 4223 2362 4271 totam
2391 4231 2461 4271 ex
2490 4222 2609 4270 toto
2638 4214 2903 4270 transisse
2934 4214 2991 4269 in
3026 4222 3241 4285 partem
3270 4227 3392 4268 meo

1804 4308 2023 4373 liorem,
2065 4316 2122 4362 et
2172 4306 2230 4361 in
2274 4305 2511 4362 solidum
2551 4321 2583 4361 a
2614 4304 2791 4377 gratia
2829 4305 3125 4377 possideri,
3172 4313 3234 4360 et
3273 4304 3393 4375 ejus

1806 4399 1978 4455 radiis
2023 4398 2349 4469 splendere;
2385 4413 2681 4469 perperam
2715 4397 3007 4453 subductis
3054 4395 3391 4463 rationibus;

103 4479 179 4540 ὡς
212 4480 242 4530 6
275 4476 631 4545 όφφικιάλιος
688 4475 825 4545 πρὸς
855 4473 1131 4545 ἡγεμόνα·
1161 4472 1194 4544 ἢ
1228 4473 1305 4537 ὡς
1345 4473 1482 4544 ρύαξ
1514 4475 1692 4545 μικρὸς

1816 4491 1893 4548 ita
1925 4499 1988 4546 ut
2006 4505 2133 4545 cum
2153 4488 2244 4543 vix
2267 4489 2515 4559 quinque
2546 4488 2719 4544 libras
2739 4488 2860 4543 auri
2884 4501 3015 4543 vere
3039 4485 3260 4552 habeat,
3286 4485 3396 4541 sibi

101 4571 245 4642 πρὸς
295 4568 601 4639 Εὐφράτην
634 4566 905 4637 ποταμόν.
943 4567 1004 4620 Ὀ
1056 4564 1195 4636 ἔχων
1246 4566 1504 4637 πρόθεσιν
1534 4568 1706 4621 ἀπελ-

101 4661 219 4714 θεῖν
255 4662 349 4723 εἰς
384 4659 540 4712 πόλιν
575 4660 795 4729 μακρὰν
824 4656 1119 4729 τριάκοντα
1149 4656 1349 4727 μονῶν,
1372 4657 1466 4711 δύο
1492 4657 1524 4729 ἢ
1558 4662 1707 4728 τρεῖς

98 4757 197 4809 ἐὰν
241 4751 605 4825 ἀπέλθηημὴ
649 4752 848 4822 νομίσῃ
883 4752 964 4805 ὅτι
998 4751 1250 4821 εἰσῆλθεν
1282 4752 1361 4815 εἰς
1383 4750 1482 4821 τὴν
1516 4752 1668 4805 πόλιν
1690 4770 1704 4784 ·

97 4848 302 4917 ἐπειδὴ
350 4840 450 4899 οῦν
495 4846 528 4915 ἡ
576 4843 793 4898 ἐναντία
844 4844 1072 4915 δύναμις
1106 4844 1482 4915 προτρεπτική
1536 4844 1704 4907 ἐστιν,

95 4942 199 4997 οὐκ
216 4939 618 5009 ἁναγκαστική
644 4953 659 4968 ·
692 4936 786 4991 καὶ
834 4935 954 4991 θεία
987 4936 1147 5007 χάρις
1180 4937 1555 5008 προτρεπτική
1592 4938 1707 4991 ἐστι

93 5036 185 5091 διά
218 5036 289 5090 τὸ
322 5032 680 5098 αὐτεξούσιον
705 5033 800 5085 καὶ
826 5031 971 5086 λιτὸν
998 5031 1097 5101 τῆς
1133 5030 1370 5100 φύσεως,
1399 5030 1585 5084 λοιπὸν
1616 5031 1711 5083 ἐὰν

92 5128 319 5197 ποιήσῃ
377 5125 528 5178 κακὰ
564 5124 593 5176 ό
640 5121 924 5194 ἄνθρωπος
971 5121 1414 5192 προτρεπόμενος
1467 5120 1573 5173 ὑπὸ
1617 5120 1711 5173 τοῦ

92 5219 356 5281 Σατανᾶ,
417 5215 480 5269 οὐ
540 5215 787 5285 κρίνεται
845 5213 960 5269 ἀντ’
999 5212 1162 5269 αὐτοῦ
1190 5215 1218 5267 6
1276 5214 1556 5275 Σατανᾶς·
1592 5213 1710 5266 ἀλλ’

1806 4590 1989 4637 tamen
2011 4578 2342 4651 persuadeat
2363 4595 2474 4634 non
2505 4579 2691 4634 minus
2714 4575 2873 4633 libris
2891 4586 3114 4632 centum
3138 4592 3197 4631 se
3220 4576 3397 4646 possi-

1807 4672 1960 4728 dere.
1988 4671 2070 4725 An
2099 4670 2246 4726 fetus
2277 4669 2461 4725 adhuc
2486 4669 2741 4725 informis
2791 4669 2849 4723 in
2877 4678 3059 4735 utero,
3092 4668 3261 4723 homo
3283 4668 3397 4739 jam

1808 4763 2087 4834 perfectus
2114 4763 2243 4819 est?
2276 4763 2358 4816 An
2378 4762 2474 4832 qui
2502 4777 2673 4816 unum
2706 4760 2763 4815 in
2795 4760 3215 4816 fundamentum
3251 4759 3395 4829 lapi-

1809 4855 1936 4912 dem
1983 4856 2118 4927 jecit
2142 4896 2157 4920 ,
2193 4856 2303 4927 jam
2356 4854 2592 4925 perfecit
2625 4853 2960 4909 aedilicium?
2988 4864 3175 4907 utrum
3211 4864 3399 4907 semen

1812 4949 1965 5003 sulco
1996 4947 2291 5017 ingestum,
2326 4947 2439 5017 jam
2470 4945 2622 5015 spica
2651 4945 2776 5000 est?
2809 4944 2951 4999 Num
2976 4952 3271 5007 mercator,
3303 4940 3400 5011 qui

1809 5038 1974 5094 modo
2022 5038 2217 5108 incipit
2267 5038 2561 5109 negotiari,
2616 5036 2853 5107 replevit
2901 5036 3013 5107 jam
3062 5035 3433 5106 apothecas?

1809 5132 1926 5186 Non
1955 5146 2087 5185 sane
2118 5130 2315 5205 magis,
2340 5129 2434 5198 qui
2466 5128 2660 5198 prima:
2692 5127 2883 5198 gratiae
2911 5127 3192 5198 particeps
3215 5135 3299 5181 cst
3324 5124 3406 5180 fa-

1812 5232 1955 5284 ctus.
1990 5223 2103 5293 jam
2131 5220 2482 5277 Christianus
2512 5227 2621 5274 est.
2669 5217 2835 5288 Atqui
2860 5216 3024 5287 primi
3056 5215 3160 5287 ipsi
3190 5231 3256 5271 ac
3284 5230 3404 5269 ma—

89 5310 267 5374 αὑτὸς
336 5308 372 5360 ό
424 5305 713 5377 ἄνθρωπος
770 5306 1094 5375 τιμωρεῖται
1139 5303 1234 5357 καὶ
1287 5302 1601 5367 κολάζεται,
1633 5303 1709 5367 ὡς

90 5403 362 5475 ὑπήκοος
394 5397 640 5468 γεγονὼς
662 5397 761 5467 τῆς
790 5398 989 5461 κακίας
1018 5395 1133 5467 ἰδίῳ
1154 5395 1437 5467 θελήματι.
1478 5396 1710 5468 Ὁμοίως

86 5500 186 5553 καὶ
243 5494 359 5551 ἐὰν
404 5492 593 5563 τραπῇ
619 5493 647 5544 6
674 5489 966 5561 ἄνθρωπος
996 5491 1077 5553 είς
1121 5489 1184 5543 τὸ
1214 5487 1444 5558 ἀγαθὸν,
1480 5489 1578 5543 καὶ
1612 5506 1710 5543 πε-

88 5593 391 5664 ριγένοιτο
425 5586 586 5659 χάρις
608 5583 766 5651 Θεοῦ,
791 5586 894 5639 οὐκ
940 5583 1237 5654 ἐπιγράφει
1264 5582 1324 5637 τὸ
1348 5582 1552 5651 ἀγαθὸν
1582 5584 1709 5637 ἐαυ-

84 5689 151 5758 τῇ
185 5688 220 5758 ἡ
251 5683 444 5757 χάρις
477 5718 493 5745 ,
525 5678 641 5733 ἀλλ’
674 5677 989 5739 ἶάποδίδωσι
1026 5677 1105 5749 τῷ
1134 5676 1407 5747 ἀνθρώπῳ
1430 5678 1525 5730 καὶ
1548 5677 1707 5741 δοξά-

84 5777 168 5842 ζει
206 5776 402 5831 αὐτόν
426 5789 441 5803 ·
472 5770 656 5841 ἐπειδὴ
683 5767 862 5840 ἐαυτῷ
900 5770 1109 5838 ἐγίνετο
1149 5770 1176 5821 ό
1208 5768 1494 5840 ἄνθρωπος
1530 5768 1705 5833 αἴτιος

382 5866 667 5928 ΡΑτεοι..
708 5862 826 5926 Gn.
870 5859 1141 5925 XXXIV.

1818 5314 1909 5386 gni
1939 5314 2021 5370 sic
2048 5329 2107 5369 se
2136 5312 2203 5367 ad
2233 5311 2631 5382 perfectionem
2670 5309 2882 5364 habent
2906 5348 2921 5371 ,
2973 5315 3033 5363 ut
3060 5307 3312 5363 minister
3337 5306 3408 5361 ad

1820 5407 2212 5476 imperatorem
2240 5442 2254 5467 ,
2305 5410 2368 5457 ut
2405 5401 2620 5456 rivulus
2668 5399 2739 5455 ad
2785 5398 3106 5470 Euphraten
3154 5397 3408 5454 ﬂuvium.

1821 5498 2044 5553 liabens
2072 5494 2417 5565 propositum
2449 5493 2507 5548 in
2538 5492 2732 5548 urbem
2754 5493 2920 5548 eundi
2948 5491 3171 5563 triginta
3192 5491 3408 5546 dierum

1821 5589 2025 5643 itinere
2055 5586 2348 5653 dissitam;
2384 5600 2454 5640 ne
2487 5585 2582 5640 ubi
2624 5583 2857 5640 biduum
2900 5593 2997 5639 aut
3027 5583 3273 5637 triduum
3308 5584 3411 5637 vize

1814 5677 2131 5749 peregerit.
2166 5677 2275 5747 jam
2310 5690 2368 5731 se
2414 5685 2571 5747 putet
2619 5676 2932 5746 ingressum
2980 5689 3101 5729 esse
3128 5674 3409 5728 civitatem

1815 5770 1983 5824 illam.
2009 5766 2280 5834 Quoniam
2309 5765 2479 5845 igitur
2500 5765 2813 5823 adversaria
2839 5772 3082 5836 potestas
3110 5762 3405 5833 instigare.

3010 5853 3083 5912 ‘27
