4044 6534
170 328 262 393 837

1237 323 1464 385 LIBER
1506 324 1604 383 DE
1636 322 2005 385 CUSTODIA
2042 324 2335 387 CORDIS.

3297 331 3405 395 838

168 435 422 508 ἀγαπᾶτέ
476 454 572 506 με,
625 438 730 502 τὰς
772 437 1028 503 ἐντολάς
1076 452 1193 506 μου
1246 433 1557 501 τηρήσετε.
1610 431 1721 484 Καὶ

1824 432 2023 488 iterum
2062 452 2075 487 :
2109 434 2223 489 Vim
2255 436 2395 490 vobis
2428 436 2607 505 facite,
2639 437 2856 492 violenti
2888 439 3035 494 enim
3067 441 3280 508 rapiunt
3314 456 3401 494 re-

167 529 347 585 πάλινο
400 527 710 589 Βιάζεσθε·
762 529 1013 594 ,βιασταὶ
1070 529 1178 598 γὰρ
1225 524 1554 594 ἁρπάζουσι
1606 523 1721 591 τὴν

161 622 475 689 βασιλείαν
508 621 629 675 τῶν
681 621 984 690 οὐρανῶνο
1044 622 1138 675 καὶ
1194 620 1256 673 τό
1277 635 1293 651 ο
1339 616 1722 686 Ἀγωνίζεσθε

164 712 447 769 εἰσελθεῖν
472 713 571 767 διὰ
604 712 710 782 τῆς
742 713 967 781 στενῆς
994 714 1215 779 πύλης.
1259 711 1372 763 Ἀεὶ
1398 709 1456 762 δὲ
1484 710 1585 777 τὴν
1624 707 1719 761 τοῦ

166 801 360 872 Κυρίου
389 802 720 855 ταπείνωσιν
761 802 858 855 καὶ
912 800 1188 854 πολιτείαν
1248 799 1343 853 καὶ
1374 797 1721 871 ἀναστροφὴν

164 894 322 964 ἐχέτω
354 894 460 963 πρὸ
488 891 801 963 ὀφθαλμῶν,
832 892 1021 962 ῶσπερ
1058 890 1425 962 ὑπογραμμὸν
1458 892 1517 943 ἐν
1570 890 1719 961 πάσῃ

168 986 342 1057 μνήμῃ
369 984 736 1056 ἀληθαργήτῳ
755 1001 769 1015 ·
798 986 892 1039 καὶ
928 985 1029 1052 ὅση
1057 983 1286 1052 δύναμις
1316 981 1583 1052 βιαζέσθω
1601 985 1722 1047 ταῖς

163 1078 337 1145 εὐχαῖς
374 1078 798 1149 προσκαρτερεῖ,
844 1074 933 1127 διὰ
979 1073 1181 1137 παντὸς
1213 1072 1467 1141 δεόμενος
1500 1072 1597 1125 καί⁵
1632 1088 1723 1123 πι·

166 1168 393 1222 στεύων*
426 1168 513 1221 ἵνα
541 1167 715 1220 ἐλθὼν
750 1168 779 1219 ὁ
812 1166 1015 1237 Κύριος
1042 1166 1300 1236 ὲνοικήσῃ
1337 1166 1397 1217 ὲν
1447 1163 1598 1233 αύτῷ
1627 1164 1723 1217 καὶ

162 1259 453 1331 καταρείοῃ
478 1260 573 1312 καὶ
603 1256 896 1329 δυναμὼσῃ
927 1256 1087 1310 αὐτὸν
1116 1257 1175 1309 ἐν
1205 1256 1325 1318 ταῖς
1349 1254 1589 1317 ἐντολαῖς
1616 1253 1725 1307 πά-

164 1368 276 1413 σαις
303 1351 492 1418 αὐτοῦ,
533 1352 625 1403 καὶ
656 1349 742 1403 ἵνα
788 1352 822 1421 ἡ
879 1349 1025 1419 ψυχὴ
1050 1347 1215 1401 αὐτοῦ
1247 1348 1472 1417 γένηται
1502 1348 1723 1418 οἰκητή-

166 1460 272 1515 ριον
310 1442 486 1513 Ἰησοῦ
513 1441 782 1513 Χριστοῖν
814 1442 909 1493 καὶ
941 1438 1113 1502 οὕτως
1138 1438 1175 1492 ἃ
1196 1437 1293 1491 νῦν
1324 1439 1462 1509 μετά
1488 1438 1608 1508 βίας
1632 1439 1725 1491 καὶ

166 1532 237 1605 μὴ
267 1531 520 1603 θελούσης
553 1532 651 1601 τῆς
688 1530 919 1602 καρδίας
954 1532 1120 1594 ποιεῖ,
1155 1528 1354 1593 ἐθίζειν
1400 1528 1591 1583 ἑαυτὸν
1638 1529 1726 1582 διὰ

165 1624 361 1688 παντὸς
398 1626 476 1688 είς
536 1623 599 1676 τδ
646 1623 851 1692 ἀγαθὸν
888 1622 982 1675 καὶ
1009 1619 1107 1676 τοῦ
1156 1621 1363 1691 Κυρίου
1396 1621 1485 1674 ἀεὶ
1515 1637 1724 1692 μνημο-

163 1717 356 1781 νεύειν,
394 1717 489 1771 καὶ⁸
519 1715 824 1787 προσδοκᾷν
844 1714 1005 1767 αὑτὸν
1054 1713 1144 1767 διὰ
1191 1714 1393 1778 παντὸς
1436 1714 1493 1766 ὲν
1555 1712 1721 1782 πολλῇ

162 1775 452 1878 ἀγαθόῖητι
500 1775 596 1860 κοὶι
643 1775 856 1877 ἀγάπῃ.
897 1805 973 1858 Τό
999 1822 1059 1858 τε
1091 1804 1313 1873 θεωρῶν
1343 1775 1384 1857 ὀὴ
1402 1804 1604 1876 Κύριος
1627 1775 1725 1875 τὴν
1756 1775 1799 1830 Β

160 1900 410 1970 τοιαύτην
438 1898 602 1952 αὐτοῦ
630 1898 950 1971 προαίρεσιν
978 1898 1073 1951 καὶ
1098 1897 1198 1967 την
1220 1896 1434 1967 ἀγαθὴν
1464 1896 1723 1965 σπουδὴν,

162 1992 273 2056 πῶς
304 1991 476 2062 βιάζει
514 1991 705 2044 ἑαυτὸν
749 1989 983 2044 πάντοτε
1010 1990 1090 2053 είς
1114 1988 1213 2061 τὴν
1265 1990 1484 2060 μνήμην
1530 1987 1723 2053 αὐτοῦ,

161 2086 250 2138 καὶ
278 2086 358 2147 είς
393 2084 454 2137 τὸ
483 2082 685 2151 ἀγαθὸν
739 2081 847 2148 ἀεὶ,
889 2080 985 2135 καὶ
1014 2082 1095 2144 είς
1152 2080 1253 2151 τὴν
1289 2082 1726 2153 ταπεινοφροσύ-

161 2193 273 2246 νην,
312 2174 407 2229 καὶ
438 2174 720 2247 πραότητα
756 2172 851 2226 καὶ
876 2171 1129 2245 εῐιγὸιιετιιν.⁸
1180 2173 1275 2226 καὶ
1302 2172 1409 2251 ,μὴ
1467 2172 1730 2229 θέλουσαν

158 2270 253 2341 τὴν
302 2268 530 2339 καρδίαν
559 2268 738 2338 ἄγχει,
774 2267 869 2320 καὶ
920 2267 1065 2336 ἄγει,
1100 2268 1198 2337 ὅση
1242 2267 1493 2338 δύναμις,
1535 2269 1728 2322 ἑαυτὸν

161 2360 297 2431 μετά
337 2360 479 2431 βίας,
515 2361 659 2413 ποιεῖ
710 2360 837 2429 μετ’
878 2359 1043 2413 αὑτοῦ
1078 2359 1141 2412 τὸ
1191 2358 1340 2424 ἔλεος
1388 2359 1555 2414 αὐτοῦ
1580 2376 1596 2391 ’
1632 2362 1728 2415 καὶ

154 2454 443 2526 λυτροῦται
504 2452 666 2506 αὐτὸν
716 2451 827 2505 ἀπὸ
883 2452 993 2506 τῶν
1044 2451 1253 2523 ἐχθρῶν
1289 2451 1473 2516 αὐτοῦ,
1502 2455 1598 2507 καὶ
1628 2454 1729 2524 τῆς

156 2543 469 2615 ὲνοικούσης
516 2542 824 2614 ἀμαρτίας;
860 2542 1178 2611 Πνεύματος
1229 2543 1387 2610 ἁγίου
1439 2543 1730 2612 ἐμπιπλῶν

155 2635 319 2689 αὑτὸν
347 2672 364 2697 ,
400 2634 496 2687 καὶ
533 2631 707 2696 οὔτως
752 2632 938 2685 λοιπὸν
988 2632 1117 2686 ἄνευ
1152 2632 1274 2701 βίας
1326 2632 1421 2685 καὶ
1480 2634 1725 2703 καμάτου

154 2728 338 2789 πάσας
397 2727 544 2778 ποιεῖ
582 2725 813 2778 πάντοτε
856 2724 959 2787 τὰς
1025 2723 1248 2787 ἐντολὰς
1291 2724 1388 2776 τοῦ
1431 2724 1638 2794 Κυρίου
1668 2725 1728 2790 ἐξ

152 2815 448 2887 ἀληθείας·
501 2814 700 2885 μᾶλλον
727 2814 783 2868 δὲ
810 2815 839 2867 ὁ
870 2814 1074 2885 Κύριος
1119 2815 1264 2867 ποιεῖ
1319 2816 1378 2867 ὲν
1432 2813 1582 2884 αύτῷ
1628 2815 1729 2878 τὰς

156 2909 293 2973 ιδίας
321 2905 490 2961 αὐτοῦ
527 2905 768 2970 ἐντολὰς,
819 2906 915 2959 καὶ
968 2906 1096 2969 τοὺς
1132 2906 1380 2975 καρποὺς
1406 2905 1500 2958 τοῦ
1559 2904 1730 2958 Πνεύ-

153 3017 346 3071 ματος,
382 3000 473 3053 ὅτε
523 3000 865 3069 καρποφορεῖ
918 2996 1191 3069 καθαρῶς,
1223 2996 1343 3068 Χρὴ
1377 2996 1434 3050 δὲ
1462 2996 1728 3068 πρότερον

151 3089 524 3161 προσελθόντα
544 3087 666 3142 τινὰ
687 3087 765 3158 τῷ
790 3087 1002 3159 Κυρίῳ,
1027 3085 1202 3150 οὕτως
1225 3085 1433 3156 βιάζειν
1448 3087 1541 3139 καὶ
1566 3084 1729 3138 αὐτὸν
1750 3113 1796 3175 C

150 3186 231 3248 είς
259 3183 324 3236 τὸ
359 3182 583 3251 ἀγαθὸν,
620 3182 713 3235 καὶ
743 3181 818 3252 μὴ
874 3179 1135 3251 θελούσης
1155 3180 1255 3249 τῆς
1290 3179 1538 3249 καρδίας,
1560 3196 1728 3249 προσ-

148 3276 397 3330 δοκῶντα
428 3276 517 3329 διὰ
548 3274 749 3338 παντὸς
801 3275 861 3326 ὲν
905 3274 1087 3327 πίστει
1138 3272 1451 3343 ἁδιστάκτιρ
1476 3272 1537 3325 τὸ
1578 3272 1727 3336 ἕλεος

151 3367 343 3433 αὐτοῦ,
383 3368 482 3422 καὶ
531 3365 815 3436 βιάζεσθαι
872 3365 1065 3417 ἑαυτὸν
1092 3364 1173 3425 είς
1209 3362 1270 3416 τὸ
1299 3360 1589 3432 οἰκτείρειν
1629 3360 1725 3414 καὶ¹

148 3460 429 3530 ἐλεήμονα
475 3457 621 3528 ἔχειν
651 3455 898 3527 καρδίαν,
923 3452 1207 3524 βιάζεσθαι
1235 3453 1316 3514 εἰς
1355 3450 1415 3504 τὸ
1450 3467 1725 3529 καταφροτ

150 3552 392 3617 νεῖσθαι,
447 3552 529 3612 εἰς
582 3548 647 3601 τὸ
700 3544 1096 3617 μακροθυμεῖν,
1143 3541 1589 3612 ἑξουθενούμενον
1615 3582 1631 3606 ,
1688 3540 1722 3611 ἢ

142 3641 556 3711 ἀτιμαζόμενον
590 3639 665 3709 μὴ
706 3638 1037 3704 ἀγανακτεῖν
1058 3650 1072 3664 ·
1116 3634 1258 3688 κατά
1292 3633 1353 3687 τὸ
1390 3632 1684 3704 εἰρημένον
1707 3648 1722 3662 θ

141 3731 241 3799 Μὴ
268 3729 533 3795 ἑαυτοὺς
567 3726 969 3792 ἐκδικοῦντες,
1003 3723 1298 3793 ἀγαπητοί
1307 3738 1325 3755 ο
1349 3720 1627 3792 βιάζεσθαί
1662 3738 1725 3774 τε

140 3821 342 3876 ἑαυτὸν
380 3822 464 3883 εἰς
491 3819 589 3889 τὴν
616 3818 803 3889 εὐχὴν,
830 3819 996 3888 μήπω
1039 3815 1231 3886 ἔχοντα
1264 3813 1429 3883 εὐχὴν
1468 3814 1726 3883 Πνεύμα-

138 3929 254 3975 τος.
289 3912 409 3967 Καὶ
452 3908 623 3972 οὕτως
646 3911 674 3961 ὁ
715 3906 849 3970 Θεὸς
876 3905 1097 3978 θεωρῶν
1123 3905 1217 3959 τὸν
1258 3903 1435 3967 οὕτως
1457 3900 1726 3970 ἀγωνιζό-

139 4020 334 4074 μενον,
366 4001 468 4055 καὶ
518 4000 610 4072 βίᾳ
645 3999 836 4054 ἑαυτὸν
860 4000 1067 4066 ἄγοντα
1093 3998 1175 4060 είς
1196 3995 1255 4049 τὸ
1276 3994 1501 4062 ἀγαθὸν,
1532 3994 1626 4048 καὶ
1650 3993 1726 4065 μὴ

137 4095 420 4160 θελούσης
458 4092 558 4163 τῆς
586 4089 836 4160 καρδίας,
878 4088 1094 4142 δίδωσιν
1120 4085 1286 4156 εὐχὴν
1312 4084 1570 4155 ἀληθινὴν
1590 4085 1727 4153 Χρι-

134 4185 294 4251 στοῦ,
332 4184 527 4239 δίδωσι.
567 4181 853 4251 σπλάγχνα
876 4176 1200 4249 οἰκτιρμῶν,
1227 4176 1570 4247 χρηστότητα
1594 4175 1727 4245 ἁλη-

132 4278 320 4349 θινὴν,
360 4276 466 4330 καὶ
512 4272 847 4340 ἁπαξαπλῶς
892 4272 1050 4341 τηρεῖ
1086 4268 1236 4338 αύτῷ
1263 4268 1354 4321 τὸν
1387 4267 1598 4338 καρπὸν
1628 4265 1724 4320 τοῦ

128 4367 497 4438 Πνεύματος.
550 4366 613 4418 El.
639 4364 696 4417 δέ
722 4380 806 4426 τις
836 4361 996 4433 μόνον
1046 4361 1126 4423 είς
1149 4358 1249 4429 τὴν
1277 4358 1440 4428 εὐχὴν
1480 4355 1724 4428 βιάζεται

1820 543 1982 597 gnum
2024 526 2277 581 caelorum
2304 530 2367 581 ”.
2405 528 2473 583 Et
2511 528 2646 583 illud
2680 548 2693 583 :
2728 529 3038 586 Contendite
3066 532 3271 585 intrare
3310 547 3403 601 per

1822 628 2106 689 angustam
2136 631 2346 690 portam
2369 621 2433 674 “.
2459 621 2691 692 Semper
2715 631 2897 677 autem
2933 622 3150 676 Domini
3173 622 3403 677 humili—

1822 717 2013 776 tatem,
2046 712 2320 767 rationem
2353 712 2597 778 vivendi,
2629 722 2687 768 et
2710 712 3183 768 conversationem
3203 712 3404 771 habeat

1820 813 1934 869 pra;
1975 800 2178 867 oculis,
2229 801 2310 855 uti
2365 802 2643 871 exemplar
2679 802 2733 856 in
2774 802 3039 857 memoria
3089 802 3247 863 omni
3279 802 3401 859 sine

1821 889 2121 946 oblivione.
2151 891 2463 948 Contendat
2497 893 2664 947 etiam
2690 903 2958 963 quantum
2999 894 3167 949 habet
3196 896 3402 952 virium

1822 982 1879 1036 in
1904 982 2123 1038 assidue
2148 984 2380 1045 orando,
2404 999 2676 1054 nusquam
2706 1000 2817 1041 non
2844 994 3039 1055 petens
3061 994 3117 1042 et
3144 988 3398 1053 credens,

1822 1078 1884 1126 ut
1914 1072 2102 1127 veniat
2136 1074 2403 1130 Dominus
2422 1083 2479 1129 et
2511 1076 2782 1131 inhabitet
2825 1077 2883 1131 in
2926 1078 3046 1147 ipso
3071 1118 3087 1145 ,
3134 1078 3403 1134 instruat—

1820 1178 1929 1234 que
1956 1180 2021 1220 ac
2048 1166 2371 1221 corroboret
2402 1166 2582 1237 ipsum
2614 1169 2671 1222 in
2702 1169 2919 1225 cunctis
2942 1171 3062 1239 ejus
3086 1171 3399 1236 mandatis;

1822 1262 1878 1309 et
1898 1264 1959 1310 ut
1978 1256 2098 1326 eius
2115 1256 2299 1311 anima
2325 1258 2399 1311 sit
2425 1258 2796 1313 habitaculum
2827 1259 2958 1315 Jesu
2984 1260 3210 1315 Christi.
3238 1261 3403 1316 Etsic

1821 1362 1944 1417 qua:
1981 1364 2130 1403 nunc
2166 1364 2265 1419 per
2303 1350 2414 1404 vim
2452 1358 2510 1404 et
2556 1350 2722 1405 corde
2754 1350 2926 1405 invito
2956 1350 3106 1417 facit,
3153 1350 3401 1406 assuefa-

1823 1439 1974 1493 cicnt
1998 1438 2179 1509 ipsum
2209 1440 2265 1494 in
2302 1454 2463 1494 omne
2486 1450 2703 1510 tempus
2729 1440 2798 1495 ad
2832 1441 3061 1507 bonum,
3086 1449 3144 1495 et
3167 1441 3235 1495 ad
3257 1456 3404 1497 sem-

1822 1544 1921 1599 per
1950 1529 2133 1585 vivam
2167 1529 2264 1585 Dei
2289 1532 2611 1587 memoriam
2643 1531 2975 1599 habendam,
2997 1544 3054 1587 et
3080 1542 3401 1605 exepectan-

1823 1620 1954 1675 dum
1994 1637 2122 1677 eum
2161 1637 2378 1693 semper
2408 1623 2466 1678 in
2509 1623 2684 1679 multa
2726 1623 2973 1679 bonitate
3010 1632 3069 1678 et
3106 1625 3397 1680 charitate.

1826 1711 1983 1766 Tunc
2018 1714 2381 1768 considerans
2404 1714 2668 1771 Dominus
2692 1715 2799 1770 tale
2824 1716 2998 1785 ipsius
3033 1716 3399 1785 propositum,

1825 1810 1883 1857 et
1916 1802 2124 1857 bonum
2160 1802 2403 1857 studium
2423 1842 2440 1867 ,
2471 1819 2583 1873 quo
2617 1804 2729 1859 vim
2759 1804 2925 1861 infert
2952 1805 3061 1859 sibi
3094 1806 3300 1876 jugiter
3331 1806 3402 1863 ad

1826 1894 1949 1965 ejus
1974 1892 2402 1959 recordandum,
2428 1901 2484 1949 et
2508 1893 2576 1948 ad
2601 1895 3049 1966 prosequendum
3069 1910 3285 1965 semper
3303 1896 3405 1952 bo-

1826 2001 2001 2053 num;
2034 1986 2277 2055 itemque
2326 1984 2394 2039 ad
2441 1985 2854 2052 humilitatem,
2898 1986 3401 2051 mansuetudinem,

1826 2077 2188 2144 charitatem;
2219 2086 2276 2134 et
2314 2079 2617 2148 quamlibet
2658 2080 2936 2134 reluctans
2976 2093 3072 2134 cor
3111 2078 3316 2149 subigit
3345 2079 3404 2133 in

1827 2164 1964 2232 hazc,
2014 2174 2410 2237 promovetque
2437 2174 2706 2238 quantum
2756 2175 2939 2237 potest
2983 2182 3198 2222 summa
3229 2167 3283 2221 vi
3311 2184 3403 2223 se-

1827 2261 2046 2330 ipsum;
2080 2259 2213 2315 facit
2243 2276 2369 2316 cum
2410 2264 2529 2330 ipso
2554 2260 2990 2318 misericordiam
3028 2276 3220 2326 suam,
3252 2270 3309 2316 ct
3337 2261 3403 2315 li-

1826 2348 1980 2405 berat
2010 2350 2187 2419 ipsum
2219 2350 2288 2405 ab
2317 2350 2557 2407 inimicis
2594 2350 2740 2417 suis;
2778 2359 2834 2406 et
2873 2350 3315 2407 ab'inhahitante
3344 2350 3402 2405 in

1828 2440 1949 2511 ipso
1989 2449 2249 2511 peccato,
2286 2441 2507 2511 replens
2550 2442 2706 2496 illum
2741 2441 2947 2512 Spiritu
2988 2450 3213 2507 sancto,
3244 2440 3403 2512 cujus

1827 2548 1931 2603 ope
1964 2532 2031 2588 de
2070 2541 2272 2587 caztero
2316 2533 2452 2588 citra
2486 2531 2595 2587 vim
2624 2540 2681 2587 et
2709 2532 2955 2588 laborem
2987 2542 3186 2587 cuncta
3218 2532 3272 2590 in
3303 2548 3402 2588 ve-

1827 2625 1991 2680 ritate
2035 2624 2292 2679 mandata
2319 2624 2536 2679 Domini
2559 2625 2904 2693 exsequitur;
2951 2634 3050 2679 aut
3084 2625 3270 2694 potius
3298 2624 3403 2679 Do-

1827 2716 2011 2770 minus
2037 2715 2091 2769 in
2122 2715 2216 2770 illo
2239 2726 2437 2772 cuncta
2459 2716 2650 2785 implet
2673 2716 2897 2785 propria
2925 2716 3182 2770 mandata
3200 2724 3257 2770 et
3281 2714 3400 2769 fru—

1826 2814 1950 2861 ctus
1979 2806 2240 2878 Spiritus,
2273 2807 2495 2878 quando
2521 2806 2822 2863 fructificat
2855 2824 3015 2878 pure.
3040 2807 3270 2878 Oportet
3296 2824 3401 2862 au-

1826 2907 1937 2953 tem
1966 2899 2123 2969 prius
2159 2899 2512 2955 accedentem
2551 2900 2804 2969 quemvis
2834 2899 2904 2954 ad
2952 2899 3276 2965 Dominum,
3322 2899 3403 2955 sic

1825 2992 1939 3045 vim
1986 2990 2193 3047 inferre
2237 2991 2343 3047 sibi
2378 2992 2625 3062 urgendo
2669 3007 2728 3047 se
2762 2992 2831 3047 ad
2874 2992 3103 3056 bonum,
3140 2991 3193 3046 in
3223 3006 3403 3062 eoque

1825 3080 2129 3153 frangendo
2152 3083 2517 3139 resistentiam
2543 3084 2748 3149 cordis,
2766 3090 3174 3153 exspectantem
3196 3083 3404 3153 ubique

1826 3187 1892 3228 ac
1921 3187 2160 3242 semper,
2188 3172 2295 3227 ﬁde
2336 3188 2498 3227 omne
2526 3172 2756 3227 dubium
2790 3172 3050 3242 pellente,
3079 3171 3403 3228 misericor-

1826 3262 1972 3318 diam
1998 3264 2117 3333 ejus
2149 3281 2163 3318 :
2198 3278 2396 3335 cogere
2421 3279 2643 3334 quoque
2700 3264 2944 3334 seipsum
2964 3264 3033 3319 ad
3058 3263 3405 3320 miserandos

1826 3356 1964 3411 alios
1984 3396 1999 3422 ,
2034 3370 2241 3425 corque
2271 3356 2328 3411 in
2353 3371 2548 3411 omnes
2578 3366 2804 3427 egentes
2846 3356 3155 3412 beneﬁcum
3196 3356 3405 3410 haben-

1826 3447 1990 3513 dum;
2051 3447 2183 3502 item
2231 3447 2297 3502 ad
2354 3448 2742 3519 longanimiter
2791 3450 3135 3505 tolerandum
3184 3447 3406 3519 quidvis

1826 3539 2050 3605 durum,
2071 3549 2129 3594 et
2150 3540 2218 3595 ad
2247 3554 2359 3595 non
2384 3541 2780 3612 indignandum
2804 3556 2909 3597 nec
2922 3557 3064 3611 aegre
3089 3541 3402 3607 ferendum,

1824 3632 2047 3702 quando
2079 3632 2440 3702 vilipenditur
2467 3642 2523 3688 et
2557 3635 2966 3702 contemnitur;
3000 3635 3152 3705 juxta
3192 3633 3403 3689 dictum

1826 3722 1961 3777 illud
1999 3740 2014 3776 :
2057 3722 2177 3776 Non
2213 3725 2549 3795 vosmetipsos
2588 3725 2923 3795 defendentes
2945 3766 2960 3791 ,
3006 3728 3302 3781 charissimi
3336 3728 3401 3781 ¹⁹.

1824 3816 1947 3871 Vim
1977 3815 2145 3870 etiam
2174 3816 2281 3871 sibi
2318 3816 2501 3872 facere
2532 3816 2601 3872 ad
2631 3817 2902 3873 orandum
2926 3856 2943 3882 ,
2991 3818 3215 3887 quando
3256 3834 3400 3872 non-

1825 3907 1962 3963 dum
2006 3907 2221 3978 accepit
2254 3907 2461 3963 donum
2503 3908 2696 3963 orandi
2734 3924 2833 3979 per
2875 3908 3165 3979 Spiritum.
3198 3909 3404 3966 Videas

1825 3998 1972 4054 enim
2003 3999 2148 4054 Deus
2170 3998 2250 4054 sic
2270 4000 2693 4055 contendentem
2722 4000 2951 4071 seseque
2983 4003 3401 4072 compellentem

1825 4089 1893 4144 ad
1927 4090 2133 4144 bonum
2156 4130 2171 4156 ,
2206 4090 2380 4144 invito
2413 4091 2580 4146 etiam
2611 4091 2779 4151 conde
2804 4130 2821 4157 ,
2863 4092 2957 4147 dat
2988 4092 3066 4147 illi
3095 4094 3401 4148 orationem

1824 4179 2031 4235 Christi
2055 4196 2259 4247 veram,
2286 4182 2381 4237 dat
2399 4183 2613 4239 viscera
2643 4184 3056 4250 misericordia,
3087 4185 3402 4256 benignita-

1826 4280 1937 4327 tem
1964 4288 2151 4328 veram
2186 4291 2201 4327 :
2240 4290 2350 4330 uno
2384 4276 2576 4340 verbo,
2620 4278 2837 4347 seponit
2867 4286 2923 4333 et
2958 4277 3177 4333 confert
3207 4278 3285 4333 illi
3312 4288 3402 4333 to-

1827 4371 1942 4417 tum
1966 4363 2201 4419 fructum
2230 4365 2490 4436 Spiritus.
2514 4366 2671 4434 Quod
2700 4368 2748 4423 si
2775 4369 2900 4439 quis
2927 4368 3270 4433 desiderans,
3288 4385 3400 4439 quo

127 4461 357 4524 ὲαυτδν,
410 4458 491 4529 μὴ
517 4456 655 4527 ἔχων
675 4454 863 4525 εὐχὴν,
898 4453 987 4506 ἴνα
1024 4454 1125 4523 σχῇ
1159 4451 1327 4521 εὐχὴν
1364 4450 1607 4520 χάριτος,
1629 4450 1724 4503 καὶ

1827 4460 2011 4518 caret,
2043 4453 2310 4509 orationis
2341 4454 2548 4510 donum
2568 4496 2583 4520 ,
2614 4467 2675 4512 ut
2713 4457 2849 4512 illud
2888 4457 3184 4527 impetret,
3219 4459 3399 4514 solum

124 4553 210 4616 εἰς
255 4550 366 4622 τὴν
406 4545 934 4616 ταπεινοφροσύνην,
971 4544 1066 4597 καὶ
1122 4544 1344 4613 ἀγάπην
1381 4544 1476 4596 καὶ
1501 4541 1601 4604 τὰς
1622 4540 1726 4594 λοι-

123 4644 237 4706 πὰς
263 4640 510 4702 ἐντολὰς
536 4638 629 4692 τοῦ
684 4636 890 4708 Κυρίου
920 4633 1131 4699 ἑαυτὸν,
1160 4634 1221 4687 ού
1256 4633 1521 4704 βιάζεται,
1553 4632 1723 4685 ἐνίοτε

120 4734 339 4789 δίδοται
396 4730 553 4801 αύτῷ
600 4730 735 4799 εὐχὴ
790 4729 1035 4799 χάριτος,
1073 4726 1165 4779 καὶ
1202 4728 1259 4778 ἐν
1285 4723 1593 4779 ἀναπαύσει
1626 4724 1723 4777 καὶ

116 4822 467 4895 εὐφροσύνῃ
512 4818 752 4890 μερικῶς
781 4817 923 4870 κατά
958 4815 1020 4868 τὸ
1062 4814 1275 4884 αἴτημα
1306 4812 1497 4876 αὑτοῦ,
1528 4814 1639 4875 τοῖς
1665 4811 1723 4865 δὲ

113 4918 363 4990 τρόποις
398 4912 593 4983 ὅμοιός
618 4913 764 4965 ἐστιν
787 4903 831 4978 ᾧ
857 4905 925 4978 ἦν
958 4909 1219 4979 πρότερον
1240 4909 1444 4976 ὅμοιος.
1479 4906 1592 4959 Οὐκ
1611 4903 1725 4975 ἔχει

110 5010 229 5080 γὰρ
272 5005 606 5079 πραότητα,
665 5004 747 5056 ὅτι
801 5003 902 5055 οὐκ
932 5001 1197 5071 ἐζήτησεν
1236 4998 1509 5068 ὲμπόνως,
1544 4997 1637 5050 καὶ
1660 4997 1722 5049 οὐ

108 5097 593 5172 προηυτρέπισεν
627 5092 820 5147 ἑαυτὸν
849 5092 995 5145 οὕτω
1051 5090 1323 5172 γενέσθαι.τ
1353 5090 1467 5142 Ούκ
1492 5087 1606 5158 ἔχει
1633 5105 1724 5140 τα·

1824 4545 1929 4601 sibi
1958 4546 2025 4600 ad
2054 4547 2327 4603 orandum
2363 4549 2474 4604 vim
2502 4551 2667 4617 facit,
2699 4566 2812 4607 non
2856 4549 2989 4608 item
3012 4553 3081 4606 ad
3114 4553 3399 4609 humiliter

1824 4634 2173 4690 sentiendum
2200 4636 2268 4691 de
2299 4652 2380 4702 se,
2410 4653 2522 4693 non
2549 4639 2617 4695 ad
2646 4640 3012 4696 exercendam
3049 4641 3398 4709 charitatem,

1825 4733 1921 4779 aut
1955 4725 2023 4779 ad
2054 4727 2310 4783 mandata
2340 4728 2555 4784 Domini
2588 4740 2783 4786 caetera
2826 4731 3099 4802 implenda
3143 4733 3247 4788 sibi
3288 4734 3399 4789 vim

1822 4815 1972 4882 facit,
1995 4819 2277 4892 continget
2300 4820 2577 4877 interdum
2598 4823 2716 4878 dari
2740 4824 2870 4879 huic
2884 4825 3151 4882 orationis
3166 4827 3394 4891 donum,

1825 4909 1991 4964 etiam
2023 4925 2146 4965 cum
2177 4912 2365 4981 quiete
2393 4922 2449 4969 et
2486 4914 2677 4971 laetitia
2707 4931 2775 4971 ex
2797 4926 2976 4987 parte,
3008 4926 3175 4987 prout
3204 4929 3396 4988 postu-

1824 4995 1988 5063 lavit;
2025 4999 2272 5055 moribus
2310 5010 2494 5056 autem
2519 5002 2715 5058 similis
2755 5011 2839 5058 est
2865 5003 2939 5070 ei,
2976 5003 3068 5058 cui
3100 5006 3251 5075 prius
3277 5015 3399 5061 erat

1824 5090 2047 5155 similis;
2085 5108 2195 5147 non
2224 5093 2371 5148 enim
2415 5094 2584 5149 habet
2614 5095 3093 5150 mansuetudinem
3113 5138 3128 5163 ,
3161 5112 3262 5167 pro
3287 5113 3398 5168 qua

1824 5182 2177 5253 adipiscenda
2213 5200 2323 5240 non
2356 5185 2660 5253 laboravit;
2690 5196 2747 5242 et
2784 5187 2852 5241 ad
2896 5204 3061 5257 quam
3100 5205 3223 5245 sese
3284 5206 3397 5247 non

107 5169 608 5260 πεινοφροσύνην,
647 5183 837 5254 ἐπειδὴ
873 5184 975 5236 οὐκ
1006 5183 1199 5254 ᾔτησε,
1228 5169 1321 5234 καῖ
1349 5179 1539 5233 ἑαυτὸν
1575 5178 1720 5232 ὲὸιά·

107 5299 248 5336 σατο
273 5281 371 5344 εἰς
400 5276 573 5331 τοῦτο
592 5294 605 5308 ·
639 5276 741 5330 οὐκ
771 5275 885 5345 ἔχει
913 5274 1131 5344 ἀγάπην
1162 5274 1298 5342 πρὸς
1333 5271 1563 5335 πάντας,
1599 5271 1721 5323 ἐπεὶ

103 5393 172 5429 πε
185 5375 246 5445 ρὶ
305 5370 530 5426 τούτου
585 5368 857 5439 μέριμναν
886 5366 989 5419 καὶ
1034 5364 1223 5433 ἀγῶνα
1254 5364 1354 5417 οὐκ
1382 5362 1538 5431 ἔσχεν
1567 5363 1626 5414 ὲν
1654 5364 1722 5432 τῇ

101 5468 339 5538 αἰτήσει
370 5464 491 5530 τῆς
520 5464 830 5533 προσευχῆς
848 5476 863 5492 ⁸
890 5461 995 5531 χρὴ
1020 5459 1129 5530 γὰρ
1149 5458 1400 5520 ἕκαστον,
1426 5457 1615 5526 ὥσπερ
1646 5458 1726 5520 εἰς

97 5559 203 5632 τὴν
224 5557 424 5629 εὐχὴν
456 5552 704 5625 βιάζεται
730 5552 923 5606 ἑαυτὸν
952 5552 1045 5605 καὶ
1061 5549 1239 5621 ἄγχει,
1259 5550 1350 5604 καὶ
1370 5546 1446 5619 μὴ
1468 5546 1727 5619 θελούσης

1823 5272 2116 5343 disposuit.
2159 5275 2280 5331 Non
2315 5277 2484 5333 habet
2528 5278 2931 5344 humilitatem,
2977 5282 3238 5350 quoniam
3271 5297 3397 5337 eam

1819 5377 1923 5417 nec
1951 5363 2127 5433 petiit,
2163 5381 2269 5422 nec
2303 5367 2407 5423 sibi
2446 5368 2515 5422 ad
2540 5384 2658 5423 eam
2692 5370 3055 5425 exercendam
3092 5373 3204 5426 vim
3245 5372 3397 5428 adhi-

1821 5454 1962 5510 buit.
1995 5458 2156 5528 168
2182 5459 2300 5513 Non
2327 5460 2495 5517 habet
2513 5460 2837 5519 charitatem
2858 5462 2925 5518 ad
2942 5479 3153 5530 omnes,
3175 5465 3398 5535 quando

1823 5547 1892 5604 de
1920 5547 2023 5605 hac
2044 5564 2165 5608 esse
2195 5551 2486 5621 sollicitus,
2514 5570 2616 5627 pro
2637 5570 2812 5628 eaque
2842 5556 3213 5619 contenderes
3244 5557 3393 5629 flagi-

178 5750 225 5784 "
268 5744 508 5804 Matth.
546 5759 631 5811 xr,
681 5742 767 5800 l2.
846 5742 899 5817 ‘°_
929 5739 1062 5796 Luc.
1110 5754 1243 5811 xm,
1291 5740 1382 5797 Eli.
1462 5740 1502 5773 ὀ
1544 5738 1703 5793 Rom.
1758 5755 1872 5808 ιιι,
1912 5740 1995 5798 l9.
