4044 6536
616 315 722 379 839
1866 315 1927 375 S.
1966 312 2176 373 MACA‘

2281 311 2288 369 :
2328 310 2651 372 AiGYPTII
3800 318 3902 383 διο

614 440 738 485 tans
760 428 815 483 in
836 425 1087 483 oratione
1117 425 1221 482 sibi
1252 425 1503 491 concedi,
1534 425 1667 480 tanti
1691 438 1802 480 non
1824 422 2000 479 duxit.
2026 424 2174 494 Opor

2303 421 2405 491 τῆς
2426 422 2671 491 καρδίας·
2692 420 2864 486 οὕτως
2889 422 2969 487 εἰς
2986 422 3084 494 τὴν
3111 423 3351 495 ἀγάπην,
3377 425 3457 488 εἰς
3468 423 3572 495 τὴν
3588 424 3903 497 πραότητα,

616 531 695 579 tet
718 520 867 576 enim
886 534 1364 590 unumquemque,
1389 518 1533 572 sicut
1553 517 1621 571 ad
1638 516 1946 570 orationem
1969 529 2027 568 se
2047 528 2176 568 com

2305 515 2398 567 καὶ
2415 515 2492 577 εἰς
2515 515 2695 567 πᾶσαν
2714 514 2990 587 ὑπομονὴν
3012 518 3106 569 καὶ
3131 516 3519 588 μακροθυμίαν
3540 520 3687 588 μετὰ
3702 523 3904 591 χαρᾶς,

612 613 791 683 pellit,
821 620 879 666 et
902 626 1001 680 per
1030 609 1143 665 vim
1188 616 1385 679 urget;
1424 606 1627 661 frustra
1678 604 1982 659 reluctante
2010 601 2176 656 corde

2303 602 2447 656 κατά
2472 601 2534 653 τὸ
2564 604 2954 675 γεγραμμένον
2975 620 2989 636 ·
3017 604 3161 658 οὕτω
3192 605 3479 675 βιάζεσθαι
3506 608 3713 662 ἑαυτὸν
3739 612 3826 674 εἰς
3853 613 3908 663 τὸ

612 705 689 759 ita
719 720 777 759 se
808 703 1019 775 pariter
1044 702 1103 756 in
1133 700 1484 763 charitatem,
1517 698 1574 752 in
1606 694 2109 759 mansuetudinem,
2143 693 2176 747 ἰι

2304 693 2727 762 ὲξουθενεῖσθαι,
2764 696 2859 749 καὶ
2890 696 3059 766 χείρω
3088 699 3183 752 καὶ
3211 697 3439 769 ἔσχατον
3489 701 3698 755 ἑαυτὸν
3757 704 3906 769 λογί-

616 812 837 853 omnem
885 795 1210 867 patientiam
1250 802 1313 847 et
1354 791 1861 863 longanimitatem,
1898 803 2024 845 cum
2070 804 2176 860 gau

2303 788 2494 852 ζεσθαι
2527 787 2771 852 πάντων,
2810 787 2885 851 ὡς
2933 789 2995 841 τὸ
3020 790 3097 859 μὴ
3122 788 3181 843 ὃν
3204 792 3498 861 χρήσιμον,
3537 792 3616 862 μὴ
3644 793 3901 863 ὁμιλεῖν·

613 890 728 955 dio,
751 887 1061 944 secundum
1090 884 1237 955 quod
1268 884 1536 954 scriptum
1556 891 1661 947 est,
1681 890 1875 953 urgeat
1921 882 2165 951 seipsum

2300 877 2437 933 ἀλλά
2468 879 2538 933 τὰ
2591 878 2685 931 τοῦ
2738 879 2945 948 Κυρίου
2984 882 3215 953 μελετᾷν
3266 882 3353 935 ἀεὶ
3389 884 3551 951 λόγια
3582 886 3685 937 καὶ
3718 885 3906 938 λαλεῖν

612 984 857 1053 itemque
886 981 954 1037 ad
990 979 1219 1035 ferenda
1243 978 1484 1033 libenter
1509 977 1831 1048 ‘opprobria,
1862 985 1921 1031 et
1952 975 2176 1046 pejoren

2303 970 2535 1041 στόματι
2578 970 2671 1023 καὶ
2718 971 2951 1043 καρδίᾳο
2991 971 3167 1035 οὕτως
3224 974 3306 1036 εἰς
3325 974 3386 1026 τὸ
3443 976 3521 1044 μὴ
3580 974 3902 1044 θυμοῦσθαι

610 1090 670 1131 se
706 1073 923 1129 cunctis
946 1112 962 1138 ,
995 1070 1359 1141 inﬁmumque
1399 1069 1646 1125 omnium
1678 1067 2047 1139 reputandum
2084 1084 2097 1120 :
2128 1082 2176 1121 at

2302 1061 2446 1117 κατά
2493 1062 2554 1117 τὸ
2602 1063 2896 1133 εἰρημένον
2922 1082 2937 1095 ·
2967 1062 3149 1119 Πᾶσα
3183 1065 3411 1133 πικρία,
3445 1066 3547 1119 καί
3583 1067 3760 1136 ὀργὴ,
3798 1070 3901 1121 καί

610 1180 721 1222 non
750 1164 1147 1236 proferendum
1176 1164 1230 1217 in
1264 1162 1708 1227 conversatione,
1735 1160 1883 1232 quod
1926 1160 2060 1215 utile
2085 1175 2176 1214 non

2300 1158 2531 1225 κραυγὴ
2587 1155 2822 1226 ἀρθήτω
2864 1158 2965 1227 ἀφ’
3023 1157 3210 1226 ὑμῶν,
3260 1157 3384 1212 σὺν
3447 1158 3621 1227 πάσῃ
3678 1162 3903 1226 κακίᾳ·

606 1267 713 1323 est,
746 1257 844 1312 sed
879 1256 947 1311 ad
977 1256 1294 1312 meditanda
1323 1255 1493 1311 corde
1536 1269 1774 1324 semper,
1805 1263 1862 1309 et
1902 1268 1997 1308 ore
2027 1268 2176 1307 enun

2301 1245 2421 1298 Ἵνα
2466 1244 2639 1309 οὕτως
2689 1248 2718 1300 ὁ
2762 1246 2970 1317 Κύριος
3026 1246 3150 1301 ἰδὼν
3193 1248 3360 1301 αὑτοῦ
3412 1250 3515 1321 τὴν
3567 1252 3902 1321 προαίρεσιν

607 1351 795 1406 tianda
834 1350 1056 1420 eloquia
1099 1348 1341 1403 Domini.
1390 1348 1657 1404 Similiter
1695 1346 1764 1401 ad
1798 1361 1909 1401 non
1959 1345 2176 1400 irascen

2299 1337 2449 1412 δὼσῃ
2496 1338 2648 1410 αύτῷ
2702 1338 2878 1393 ταῦτα
2939 1340 3119 1394 πάντα
3170 1341 3394 1404 ἀκόπως
3441 1342 3537 1395 καὶ
3587 1341 3900 1409 ἀϐιάστως,

605 1444 760 1507 dum,
786 1444 942 1515 juxta
974 1441 1121 1512 quod
1151 1442 1361 1497 dictum
1400 1447 1487 1496 est
1523 1458 1538 1495 :
1577 1437 1760 1495 Omnis
1794 1438 2120 1503 amaritudo,
2148 1453 2174 1490 e

2298 1429 2443 1501 ἅπερ
2470 1431 2600 1501 πρὶν
2636 1428 2778 1484 οὕτω
2810 1431 2950 1502 μετά
2981 1431 3102 1501 βίας
3137 1432 3369 1501 φυλάξαι
3397 1432 3655 1502 ἠδύνατο,
3689 1434 3781 1485 διὰ
3805 1434 3901 1502 τὴν

606 1536 694 1589 ira
720 1575 734 1599 ,
770 1546 818 1589 et
857 1534 1063 1589 clamor
1087 1574 1101 1598 ,
1146 1532 1375 1587 tollatur
1405 1549 1438 1586 a
1475 1531 1617 1585 vobis
1644 1571 1659 1597 ,
1701 1548 1820 1585 cum
1856 1532 2000 1585 omni
2046 1530 2176 1584 mali

2296 1523 2555 1577 οἰκοῦσαν
2576 1526 2634 1577 ὲν
2662 1523 2811 1594 αὐτῷ
2837 1524 3112 1595 ἁμαρτίαν
3132 1540 3146 1554 σ
3170 1525 3265 1577 καὶ
3294 1524 3507 1593 γίνεται
3536 1525 3694 1595 αύτῷ
3724 1525 3901 1577 ταῦτα

607 1625 683 1677 tia
723 1624 791 1677 '°.
825 1624 895 1679 Ut
938 1623 1018 1677 sic
1055 1621 1324 1677 Dominus
1361 1621 1482 1675 viso
1515 1621 1635 1690 ejus
1682 1620 1897 1687 studio,
1950 1620 2044 1675 det
2088 1620 2173 1689 ips

2298 1617 2476 1670 πάντα
2517 1615 2614 1684 τῆς
2664 1615 2867 1687 ἀρετῆς
2919 1615 3326 1686 ἐπιτηδεύματα
3373 1616 3564 1689 ὥσπερ
3592 1618 3804 1686 φύσιςο
3841 1620 3901 1670 τὸ

606 1716 723 1769 haec
757 1723 956 1769 cuncta
1000 1713 1185 1768 facilia
1215 1711 1354 1767 citra
1399 1711 1647 1767 laborem
1674 1720 1731 1766 et
1757 1711 1869 1765 vim
1890 1751 1905 1777 ,
1954 1725 2077 1781 quae
2106 1726 2175 1765 an

2297 1707 2483 1761 λοιπὸν
2510 1708 2619 1781 γὰρ
2644 1707 2815 1762 ἐλθὼν
2847 1710 2876 1762 ὀ
2906 1709 3130 1779 Κύριος,
3165 1708 3337 1762 ἐλθὼν
3364 1710 3458 1763 καὶ
3509 1711 3817 1780 γενόμενος
3844 1713 3899 1763 ἐν

605 1812 691 1857 tea
740 1802 1021 1857 laborioso
1067 1809 1270 1857 conatu
1319 1808 1509 1856 tenere
1542 1800 1633 1855 vix
1672 1774 1922 1871 poterat,
1968 1774 2176 1870 proptei

2300 1799 2470 1871 αὐτῷ,
2522 1774 2617 1854 καὶ
2662 1801 2825 1865 αὐτὸς
2860 1774 3008 1855 ιτιτοιεὶἰ
3048 1802 3306 1873 ὲνςαύιιῷ
3339 1802 3438 1866 τὰς
3486 1774 3898 1867 ἰδίας-ἐντολὰς

605 1892 919 1947 inhabitans
952 1891 1011 1946 in
1052 1905 1121 1946 eo
1168 1896 1456 1961 peccatum
1492 1906 1504 1942 :
1552 1890 1628 1945 ita
1670 1898 1732 1946 ut
1778 1890 1881 1960 ipsi
1915 1891 2027 1961 jam
2059 1890 2176 1944 fiant

2300 1892 2428 1946 ἀνευ
2482 1892 2771 1963 καμάτουξ,
2830 1893 3056 1965 πληρῶν
3099 1892 3264 1947 αὐτὸν
3319 1895 3435 1956 τοῖς
3495 1895 3741 1965 καρποῖς
3801 1891 3895 1945 τοῦ

605 1984 711 2039 illa:
743 1998 936 2038 omnes
964 1982 1186 2038 virtutis
1213 1983 1641 2041 exercitationes
1671 1981 1830 2052 quasi
1863 1989 2084 2039 natura.
2114 1982 2193 2037 De
2299 1983 2637 2054 Πνεύματος.

604 2086 807 2133 αξιοι-ο
836 2076 984 2132 enim
1025 2076 1294 2132 Dominus
1316 2074 1373 2129 in
1400 2090 1528 2129 eum
1553 2074 1876 2140 adveniens,
1898 2082 1955 2129 et
1981 2074 2039 2128 in
2098 2074 2219 2144 ipso
2258 2092 2613 2146 permanens,
2656 2079 2736 2133 uti
2802 2088 2858 2135 et
2899 2079 3017 2149 ipse
3060 2079 3118 2134 in
3158 2094 3226 2136 eo
3250 2120 3265 2145 ,
3300 2079 3630 2149 exsequitur
3670 2079 3728 2133 in
3775 2078 3894 2149 ipso

604 2188 701 2226 sua
726 2171 901 2241 ipsius
919 2169 1201 2233 mandata,
1225 2167 1345 2224 sine
1366 2166 1620 2222 molestia
1643 2167 1764 2237 ejus
1787 2166 1896 2220 ulla
1918 2183 1935 2233 ;
1962 2165 2182 2236 replens
2218 2167 2401 2237 ipsum
2434 2169 2708 2225 fructibus
2737 2170 2997 2239 Spiritus.

674 2265 813 2320 XIV.
846 2263 904 2319 Si
935 2277 1069 2318 vero
1111 2260 1389 2331 quispiam
1418 2259 1486 2315 ad
1515 2260 1825 2315 orationem
1855 2258 2176 2314 fundendau

2366 2264 2465 2317 lA'.
2499 2263 2561 2316 Εἰ
2614 2264 2671 2317 δέ
2720 2280 2802 2327 τις
2833 2266 2913 2326 εἰς
2940 2264 3109 2334 εύχὴν
3148 2264 3395 2334 βιάζεται
3434 2265 3657 2329 ἑαυτὸν,
3690 2266 3801 2328 ἕως
3832 2260 3887 2319 οὗ

599 2358 707 2414 sibi
735 2357 849 2412 vim
885 2353 1097 2419 infert,
1130 2353 1309 2408 donec
1352 2351 1593 2422 aliquam
1629 2352 1858 2423 gratiam
1892 2367 1923 2407 a
1948 2352 2062 2408 Deo
2094 2354 2197 2408 im-

600 2458 799 2519 petret,
819 2448 876 2501 in
892 2447 1009 2501 haec
1042 2453 1250 2510 autem,
1280 2444 1495 2499 scilicet
1520 2444 1915 2509 humilitatem,
1951 2444 2196 2501 charita-

602 2554 752 2605 tem,
786 2536 1310 2602 mansuetudinem,
1365 2542 1422 2589 et
1483 2535 1725 2605 reliquas
1780 2535 2019 2592 virtutes
2075 2538 2193 2607 pari

600 2640 802 2687 conatu
842 2646 953 2684 non
1002 2626 1311 2690 incumbit,
1359 2627 1463 2683 sibi
1493 2627 1561 2683 ad
1608 2643 1702 2683 eas
1741 2628 1850 2682 vim
1897 2629 2181 2697 inferens,

598 2734 998 2790 nonnunquam
1027 2718 1131 2789 ipsi
1176 2733 1235 2773 se
1270 2718 1519 2789 indulget
1548 2718 1734 2773 divina
1765 2721 1939 2790 gratia
1973 2721 2185 2790 petenti

596 2820 654 2866 et
692 2808 909 2874 oranti;
951 2808 1130 2862 bonus
1154 2806 1359 2876 quippe
1391 2816 1447 2861 et
1476 2807 1721 2861 clemens
1746 2807 1893 2862 Deus
1924 2814 2031 2872 est,
2063 2823 2186 2877 pro-

595 2919 814 2973 nusquc
842 2902 911 2956 ad
947 2899 1361 2955 concedendum
1396 2899 1769 2971 ﬂagitantibus
1802 2915 1924 2970 quae
1944 2900 2138 2955 volunt
2165 2916 2181 2966 ;

594 2997 689 3067 qui
725 3004 912 3051 tamen
960 2993 1085 3048 talis
1123 3008 1235 3047 non
1285 2991 1615 3062 pmparavit
1684 2992 1961 3061 seipsum,
2002 3005 2176 3061 neque

2294 2992 2461 3063 μένας
2484 2993 2707 3065 ἀρετὰς,
2746 2994 2779 3064 ἢ
2815 2995 3041 3049 ἀπόλλει
3074 2997 3175 3068 τὴν
3198 2995 3387 3067 χάριν,
3410 2998 3444 3068 ἢ
3472 2997 3751 3067 λαμϐάνει
3782 2999 3869 3050 καὶ

598 3087 894 3144 assuefecit
926 3085 995 3140 ad
1035 3084 1191 3155 prius
1219 3092 1554 3139 memoratas
1574 3083 1811 3139 virtutes
1833 3124 1847 3149 ,
1876 3092 1973 3138 aut
2001 3082 2176 3153 perdit

2287 3084 2498 3151 πίπτει,
2533 3086 2565 3156 ἧ
2598 3087 2660 3139 οὐ
2694 3087 2995 3159 προκόπτει
3018 3086 3507 3159 ὑψηλοφρονήσας·
3536 3087 3735 3157 ἐπειδὴ
3757 3088 3868 3149 ταῖς

595 3180 853 3251 gratiam,
886 3186 984 3232 aut
1031 3175 1236 3246 accipit
1277 3184 1332 3230 et
1372 3174 1544 3240 cadit,
1573 3183 1671 3229 aut
1705 3190 1817 3231 non
1853 3174 2094 3245 proficit,
2126 3173 2176 3229 in

2287 3176 2531 3241 ἐντολαῖς
2561 3177 2657 3231 τοῦ
2707 3178 2912 3250 Κυρίου
2943 3180 3135 3234 ἑαυτὸν
3167 3182 3233 3234 ὲκ
3277 3180 3670 3251 προαιρέσεως
3709 3180 3769 3231 οὐ
3799 3178 3867 3230 δίο

2293 2347 2431 2422 λάϐῃ
2466 2366 2518 2403 τι
2547 2351 2793 2423 χάρισμα
2822 2350 2974 2422 παρὰ
3008 2352 3103 2405 τοῦ
3129 2352 3287 2421 Θεοῦ,
3312 2356 3393 2418 εἰς
3423 2355 3598 2408 ταῦτα
3629 2356 3691 2409 δὲ
3716 2359 3883 2427 ηγουν

2291 2442 2371 2505 εἰς
2403 2442 2930 2516 ταπεινοφροσύνην,
2955 2446 3035 2508 εἰς
3062 2445 3303 2516 ἀγάπην,
3339 2447 3423 2510 εἰς
3442 2447 3765 2518 πραότητα,
3795 2453 3884 2500 καὶ

2290 2534 2482 2598 εἰςτὰς
2504 2535 2695 2599 λοιπάς
2718 2536 2940 2606 ἀρετάς,
2972 2538 3174 2607 ὁμοίως
3188 2540 3248 2592 ού
3266 2538 3520 2609 βιάζεται
3542 2541 3769 2602 ἑαυτὸν,
3795 2544 3881 2593 καὶ

2290 2624 2469 2696 ἄγχει,
2491 2627 2660 2681 ἐνίοτε
2690 2628 2898 2697 γίνεται
2925 2630 3061 2701 πρὸς
3092 2631 3254 2686 αὐτὸν
3280 2631 3400 2685 θεία
3422 2633 3585 2703 χάρις
3602 2634 3879 2697 αἰτοῦντος

2292 2717 2387 2770 καὶ
2421 2716 2710 2789 δεομένουο
2752 2720 2959 2789 ἀγαθὸς
2990 2722 3098 2795 γὰρ
3130 2723 3227 2778 καὶ
3266 2726 3505 2795 χρηστὸς
3536 2726 3567 2777 ὁ
3602 2726 3766 2792 Θεὸς,
3792 2728 3876 2779 καὶ

2290 2808 2402 2871 τοῖς
2431 2808 2675 2863 αἰτοῦσιν
2716 2811 2881 2865 αὑτὸν
2907 2811 3091 2867 δίδωσι
3111 2813 3183 2866 τά
3218 2814 3503 2885 αἰτήματα
3523 2832 3539 2845 ⁶
3570 2814 3658 2887 μὴ
3682 2832 3873 2887 προευ-

2290 2899 2556 2971 τρεπίσας
2586 2902 2643 2955 δὲ
2672 2902 2883 2970 ἑαυτὸν,
2916 2903 3014 2957 καὶ
3044 2904 3119 2976 μὴ
3149 2904 3335 2969 ἐθίσας
3373 2907 3455 2969 εἰς
3476 2906 3578 2969 τὰς
3619 2924 3874 2978 προειρη-

591 3274 909 3345 superbiam
946 3270 1173 3333 elatus;
1215 3268 1474 3339 quoniam
1525 3267 1797 3324 mandatis
1844 3267 2060 3322 Domini
2090 3282 2181 3323 se-

592 3364 777 3433 ipsum
817 3376 883 3415 ex
915 3357 1200 3429 pr0posito
1242 3372 1353 3411 non
1388 3355 1556 3410 tradit
1590 3364 1789 3411 totum.
1826 3356 1962 3411 Nam
1999 3357 2179 3412 domi-

590 3454 783 3510 cilium
823 3459 879 3506 et
926 3450 1147 3520 requies
1188 3448 1429 3520 Spiritus
1472 3448 1755 3504 humilitas
1785 3456 1910 3514 est,
1942 3449 2183 3505 Charitas

589 3552 698 3608 est,
728 3538 1092 3596 mansuetudo
1116 3546 1221 3604 est,
1251 3546 1306 3593 et
1334 3546 1545 3593 exterae
1577 3538 1913 3609 praescripta).
1940 3554 1971 3592 a
2000 3538 2182 3593 Domi-

589 3651 663 3690 no
705 3635 961 3689 virtutes.
1010 3631 1223 3687 Debent
1268 3630 1438 3701 igitur
1484 3631 1579 3701 qui
1627 3630 1822 3685 volunt
1861 3630 1916 3684 in
1948 3630 2180 3685 veritate

591 3729 812 3799 placere
847 3726 961 3780 Deo
991 3730 1048 3778 et
1089 3722 1342 3793 accipere
1371 3722 1440 3776 ab
1474 3721 1593 3792 ipso
1617 3721 1895 3776 caelestem
1926 3720 2177 3791 gratiam,

588 3832 952 3889 crescereque
994 3831 1058 3871 ac
1090 3830 1148 3871 se
1172 3814 1439 3886 perficere
1480 3814 1537 3869 in
1569 3821 1759 3869 sancto
1786 3812 2020 3882 Spiritu,
2062 3812 2178 3880 pri-

588 3926 739 3967 mum
766 3924 962 3981 cogere
1015 3908 1227 3978 seipsos
1279 3906 1346 3961 ad
1376 3906 1682 3962 exercenda
1721 3903 1897 3960 officia
1931 3903 2179 3959 omnium

586 3998 880 4062 virtutum,
920 3993 1275 4065 quantumvis
1322 3995 1627 4049 reluctante
1678 3994 1882 4057 animo,
1921 3993 2062 4048 sicut
2097 3992 2179 4046 di-

587 4099 738 4144 ctum
784 4096 870 4142 est
904 4104 918 4140 :
954 4085 1242 4156 Propterea
1280 4084 1350 4137 ad
1393 4083 1573 4137 omnia
1618 4082 1874 4136 mandata
1914 4088 2008 4134 tua
2044 4080 2177 4133 diri-

584 4183 747 4253 gebar
775 4181 845 4233 ¹¹.
882 4178 972 4235 Uti
999 4178 1147 4233 enim
1174 4176 1373 4246 aliquis
1398 4176 1465 4230 ad
1484 4172 1950 4245 perseverandum
1977 4172 2031 4226 in
2055 4186 2179 4225 ora-

588 4278 735 4329 tione
767 4273 875 4327 sibi
900 4272 1010 4325 vim
1034 4270 1199 4325 infert
1229 4283 1459 4339 seseque
1482 4268 1647 4338 cogit,
1675 4282 1849 4337 nsque
1876 4266 2005 4321 dum
2030 4273 2178 4319 recte

584 4369 692 4423 hoc
717 4379 947 4420 munere
974 4364 1275 4435 fungatur;
1314 4360 1388 4416 ita
1416 4360 1581 4415 debet
1612 4374 1670 4414 se
1705 4359 1915 4429 pariter
1940 4357 2008 4412 ad
2040 4372 2174 4412 cun-

585 4468 672 4514 cla
701 4458 925 4513 virtutis
948 4456 1125 4511 officia
1152 4453 1506 4524 compellere,
1533 4451 1781 4522 urgendo
1811 4460 1867 4504 et
1898 4450 2167 4520 cogendo,

586 4552 766 4623 quoad
799 4567 866 4607 ex
905 4547 1310 4605 consuetudine
1333 4546 1540 4601 bonum
1574 4545 1824 4599 habitum
1853 4551 2010 4614 paret
2039 4558 2052 4594 :
2092 4541 2171 4596 sic

585 4647 733 4701 enim
757 4644 903 4715 quod
935 4646 1354 4714 perseveranter
1383 4636 1606 4708 petierit
1638 4652 1668 4691 a
1704 4636 1937 4690 Domino
1962 4648 2171 4715 conse-

586 4748 773 4806 cutus,
808 4738 969 4808 plena
992 4736 1103 4807 jam
1134 4742 1191 4788 et
1222 4748 1416 4789 secura
1446 4729 1618 4800 optati
1654 4708 2005 4799 possessione
2033 4742 2167 4795 gau-

584 4829 740 4884 debit
772 4846 785 4881 :
820 4835 1103 4883 crescente
1133 4824 1325 4895 utique
1352 4839 1417 4879 ac
1447 4822 1680 4877 ﬂorente
1709 4820 1766 4873 in
1799 4819 1918 4888 ipso
1951 4832 2165 4887 perma-

581 4929 800 4985 nenter,
815 4934 979 4990 quam
994 4917 1155 4972 anxie
1167 4915 1487 4987 postulavit,
1501 4912 1674 4985 gratia
1700 4910 1968 4981 Spiritus;
1993 4910 2168 4980 gratia

582 5027 703 5083 quae
727 5011 965 5066 donatur
1002 5007 1129 5079 ipsi,
1166 5022 1398 5078 quaeque
1425 5005 1728 5076 requiescit
1760 5004 1817 5059 in
1858 5004 2168 5057 humilitate

582 5103 791 5173 ipsius,
835 5109 892 5157 et
932 5101 989 5155 in
1038 5099 1271 5170 reliquis
1304 5099 1637 5162 virtutibus,
1684 5104 1738 5153 et
1778 5097 1943 5151 docet
1990 5096 2166 5166 ipsum

578 5208 767 5248 veram
798 5192 1186 5257 humilitatem,
1213 5206 1400 5245 veram
1423 5189 1771 5255 charitatem,
1800 5204 1987 5244 veram
2009 5202 2168 5242 man-

581 5284 957 5348 suetudinem.
996 5284 1064 5339 ad
1107 5298 1272 5354 quam
1300 5282 1695 5353 possidendam
1727 5296 1847 5337 sese
1872 5279 2164 5350 compulit,

580 5390 862 5447 quamque
898 5376 1059 5429 anxie
1094 5373 1366 5444 quaesivit.
1409 5373 1479 5428 Et
1517 5372 1598 5427 sic
1641 5382 1837 5427 auctus
1880 5371 1936 5427 in
1986 5370 2174 5442 profe-

581 5478 757 5537 ctum,
794 5476 851 5524 et
876 5467 944 5522 ad
969 5467 1149 5538 ipsum
1176 5466 1538 5537 perfectionis
1568 5466 1625 5519 in
1667 5465 1779 5520 Deo
1803 5471 2025 5521 erectus
2056 5463 2175 5518 cul-

578 5576 727 5627 men,
776 5558 1098 5616 haareditate
1129 5559 1397 5615 caelorum
1441 5557 1597 5629 regni
1642 5557 1845 5628 dignus
1895 5564 2170 5613 censetur.

622 5736 699 5771 »³⁸
735 5736 941 5811 Ephes.
985 5754 1077 5807 ιν,
1121 5694 1209 5793 32").
1287 5740 1329 5771 ’ί
1365 5738 1514 5811 Psal.
1554 5752 1738 5807 cxvm,
1782 5737 1903 5793 ll6.

2286 3266 2437 3323 δωσι.
2476 3268 2549 3322 Τὺ
2580 3272 2689 3342 γάρ
2712 3272 3129 3342 κατοικητήριον
3180 3272 3213 3342 ἢ
3244 3272 3557 3336 ἀνάπαυσις
3583 3273 3685 3325 τοῦ
3709 3271 3864 3324 Ilva}-

2288 3374 2477 3427 ματος,
2516 3358 2549 3430 ἡ
2584 3360 3054 3433 ταπεινοφροσύνη
3092 3362 3230 3427 ἐστὶ,
3267 3364 3362 3417 καὶ
3396 3364 3430 3435 ἡ
3460 3362 3680 3433 ἀγάπη,
3718 3362 3861 3427 καἰὴ

2286 3448 2551 3519 πραότης,
2585 3449 2678 3503 καὶ
2708 3451 2763 3503 αἱ
2797 3450 2981 3503 λοιπαὶ
3026 3449 3121 3505 τοῦ
3166 3453 3374 3523 Κυρίου
3409 3453 3644 3507 ὲντολαί.
3690 3453 3858 3519 ’0ςεί-

2284 3539 2467 3593 λουσιν
2513 3538 2605 3595 οὖν
2642 3542 2958 3613 βουλόμενοι
3007 3543 3067 3607 ἐξ
3100 3544 3359 3614 ἀληθείας
3390 3546 3762 3615 εὐαρεστῆσαι
3791 3543 3859 3611 τῷ

2283 3631 2422 3701 Θεῷ,
2453 3632 2550 3684 καὶ
2579 3632 2833 3697 δέξασθαι
2862 3634 2994 3704 παρ’
3017 3633 3180 3688 αὑτοῦ
3206 3635 3306 3706 τὴν
3332 3636 3660 3707 ἐπουράνιον
3688 3636 3852 3704 χάριν,

2283 3725 2379 3776 καὶ
2410 3723 2644 3793 αὐξῆσαι
2676 3726 2769 3779 καὶ
2794 3726 3080 3782 τελειῶσαι
3109 3730 3167 3782 ὲν
3198 3728 3276 3797 τῷ
3302 3729 3443 3799 ἁγίῳ
3466 3728 3749 3798 Πνεύματι
3769 3730 3851 3781 ul

2283 3813 2565 3885 βιάζεσθαι
2597 3816 2813 3887 πρῶτον
2842 3818 3033 3871 ἑαυτὸν
3065 3818 3361 3888 φυλάσσειν
3389 3822 3571 3881 πάσας
3601 3821 3701 3881 τάς
3736 3820 3851 3888 ἀρε-

2279 3903 2401 3972 τὰς,
2433 3905 2531 3959 καὶ
2565 3905 2639 3975 μὴ
2673 3905 2935 3979 θελούσης
2961 3908 3061 3979 τῆς
3098 3908 3343 3979 καρδίας,
3375 3909 3519 3963 κατὰ
3546 3909 3611 3961 τδ
3636 3909 3847 3977 ειρημέ.

2281 4014 2368 4050 νον
2386 4012 2400 4027 ·
2425 3997 2526 4050 Διά
2545 3997 2721 4052 τοῦτο
2749 3998 2900 4067 πρὸς
2927 3999 3132 4066 πάσας
3163 4002 3270 4065 τὰς
3298 4001 3554 4067 ἐντολάς
3581 4015 3701 4053 σου
3727 4016 3844 4051 zar~

2279 4090 2611 4159 ωρθούμην.
2662 4090 2749 4155 Ὦς
2796 4090 2906 4163 γάρ
2959 4110 3043 4158 τις
3087 4094 3167 4157 εἰς
3224 4094 3325 4163 τὴν
3362 4092 3701 4163 ωρτέρησιν
3758 4090 3846 4157 τῆς

2279 4181 2447 4253 εὐχῆς
2478 4182 2721 4253 βιάζεται
2747 4184 2940 4239 ἑαυτὸν
2969 4186 3063 4238 καὶ
3099 4185 3260 4255 ἄγχει
3292 4186 3398 4249 ἕως
3429 4178 3495 4240 οὗ
3535 4184 3841 4254 κατορθώσῃ

2278 4273 2470 4329 τοῦτο’
2516 4276 2718 4346 ὁμοίως
2754 4277 2836 4340 εἰς
2878 4276 3057 4331 πάντα
3103 4279 3170 4332 τά
3213 4277 3315 4347 τῆς
3342 4277 3545 4348 ἀρετῆς
3578 4277 3839 4344 ἐπιτηδεύ-

2281 4384 2428 4437 ματα
2476 4365 2724 4438 βιάζεται
2772 4368 2961 4422 ἑαυτὸν
3006 4369 3101 4423 καὶ
3144 4370 3325 4439 ἀγχει,
3368 4368 3468 4422 καὶ
3524 4366 3694 4430 ἐθίζει
3736 4366 3839 4425 ξθος

2274 4456 2509 4527 ἀγαθόν’
2537 4457 2634 4512 καὶ
2664 4456 2836 4521 οὕτως
2862 4458 3183 4527 αἰτούμενος
3212 4458 3306 4511 καὶ
3343 4458 3604 4527 δεόμενος
3629 4454 3718 4509 τοῦ
3747 4456 3838 4507 Ku-

2276 4548 2394 4619 ρίου
2425 4547 2741 4614 διαπαντὸς,
2770 4549 2864 4602 καὶ
2904 4548 3085 4619 τυχὼν
3123 4548 3221 4620 τῆς
3264 4549 3556 4618 αἰτήσεως,
3586 4548 3735 4613 αὔξει
3762 4546 3837 4595 καὶ

2275 4640 2426 4694 θαλεί
2460 4642 2517 4695 ἐν
2550 4641 2699 4713 αὐτῷ
2744 4642 2805 4695 τὸ
2850 4641 3098 4713 χάρισμα
3126 4640 3220 4695 τοῦ
3251 4641 3599 4710 Πνεύματος,
3622 4640 3836 4707 τὺχάρι-

2276 4748 2387 4801 σμα
2400 4732 2459 4785 τὸ
2473 4732 2732 4804 χαρισθὲν
2749 4732 2897 4801 αὐτῷ
2918 4733 3325 4800 ὲναπαυόμενον
3342 4734 3399 4785 ὲν
3420 4731 3834 4801 τῆταπεινοςᾳι·

2274 4822 2408 4895 σύνῃ
2439 4822 2626 4888 αὑτοῦ,
2654 4824 2747 4877 καὶ
2778 4824 2837 4875 ὲν
2863 4825 2985 4886 ταῖς
3006 4822 3218 4885 λοιπαῖς
3243 4825 3489 4892 ἀρεταῖς,
3512 4824 3608 4875 καὶ
3622 4822 3833 4875 διδάσκει

2275 4916 2436 4969 αὐτὸν
2460 4915 2717 4987 ἀληθινὴν
2736 4917 2975 4986 ἀγάπην,
3001 4916 3257 4987 ἀληθινὴν
3272 4917 3576 4989 πραότητα,
3606 4917 3673 4986 ἦν
3722 4930 3834 4982 προ-

2280 5006 2534 5061 εϐιάσατο
2561 5008 2653 5061 καὶ
2673 5007 2925 5078 ἐζήτησε·
2946 5007 3042 5061 καὶ
3068 5006 3241 5070 οὕτως
3262 5008 3509 5076 αὐξήσας
3535 5008 3633 5059 καὶ
3649 5007 3835 5058 τελειω-

2281 5098 2395 5161 θεὶς
2432 5101 2491 5151 ὲν
2520 5098 2638 5169 Θεῷ
2668 5100 3000 5170 κληρονόμος
3046 5100 3144 5170 τῆς
3170 5100 3454 5169 βασιλείας
3480 5098 3592 5153 τῶν
3616 5096 3834 5167 οὐρανῶν

2275 5192 2539 5259 ἀξιοῦται.
2578 5193 2632 5245 ’0
2676 5192 2786 5264 γὰρ
2830 5192 3114 5258 ταπεινὸς
3158 5191 3451 5247 οὐδέποτε
3483 5193 3703 5245 πίπτει.
3742 5186 3831 5241 Πιῦ

2273 5286 2381 5357 γάρ
2422 5287 2608 5338 πεσεῖν
2639 5283 2752 5355 ἔχει
2782 5284 3042 5338 ὑποκάτω
3072 5295 3293 5337 πάντων
3320 5284 3434 5350 div;
3473 5285 3683 5353 μεγάλη
3707 5282 3831 5349 Sga-

2275 5391 2358 5437 σις
2403 5374 2437 5444 ἠ
2479 5373 2808 5435 ταπείνωσις
2830 5391 2844 5405 ·
2877 5373 2971 5427 καὶ
2998 5373 3273 5444 τιμιότης,
3319 5373 3419 5426 καὶ
3457 5373 3674 5442 ἀξίωμα
3696 5374 3727 5441 ἡ
3749 5386 3807 5420 τι

2273 5462 2698 5535 πεινοφροσύνη.
2737 5463 3042 5533 Ἐθίσωμεν
3087 5458 3181 5517 οὖν
3209 5462 3308 5517 καὶ
3334 5465 3499 5535 ἡμεῖς
3518 5464 3729 5524 αὐτοὺς,
3752 5476 3829 5509 ut

2273 5554 2529 5626 ἄγξωμεν
2588 5557 2667 5619 εἰς
2698 5553 2811 5624 τὴν
2864 5554 3393 5626 ταπεινοφροσύνην,
3434 5554 3531 5608 καὶ
3571 5552 3823 5625 μὴθὼλ·

3952 5324 3955 5411 4
