4044 6516
223 394 326 464 8ίί

1156 408 1389 469 LIBER
1429 410 1526 470 DE
1566 410 2087 471 PERFECTIONE
2126 409 2211 472 IN
2251 409 2581 471 SPIRITU.

3360 422 3383 451 ‘~
3397 408 3499 471 812

228 532 333 586 σης
356 514 457 587 τῆς
483 514 709 587 καρδίας
738 515 918 588 ἡμῶν,
946 516 1192 589 δεόμενοι
1243 520 1339 573 καὶ
1370 520 1816 591 παρακαλοῦντες
1845 574 1848 581 ,

1920 522 2155 578 Humilis
2194 524 2342 579 enim
2387 535 2671 592 nunquam
2714 520 2897 585 cadit;
2941 536 3051 592 quo
3081 521 3229 576 enim
3277 506 3499 577 cad-cret

233 608 329 663 τὸν
354 608 488 663 Θεὸν
509 609 566 662 ὲν
596 608 774 661 πίστει
800 610 894 664 καὶ
918 609 1095 664 ἐλπίδι
1119 610 1215 665 καὶ
1242 611 1435 684 ἀγάπῃ
1456 612 1815 678 ἀδιαλείπτως

227 701 291 754 ὲν
318 703 383 773 τῇ
416 700 718 771 προσδοκίᾳ
774 701 970 775 ταύτῃ,
1005 703 1093 757 ἵνα
1134 705 1435 776 ἀποστείλῃ
1485 704 1545 757 τὸ
1588 705 1815 777 Πνεῦμα

228 793 394 847 αὐτοῦ
418 796 499 860 εἰς
528 794 629 859 τὰς
650 795 878 865 καρδίας
899 797 1058 867 ἡμῶν
1078 813 1093 828 σ
1125 798 1211 850 ἵνα
1230 796 1618 869 εὐξώμεθακαὶ
1644 816 1814 870 προσ-

226 874 663 956 κυνήσωμεν’ὲν
714 885 992 958 Πνεύματι
1048 888 1129 960 τῷ
1200 889 1408 960 Πατρί·
1439 890 1536 942 καὶ
1580 889 1714 943 αὐτὸ
1756 888 1817 943 τὸ

227 975 457 1045 Πνεῦμα
492 974 716 1049 εὔξηται
747 978 805 1032 ὲν
829 980 960 1048 ἡμῖν
981 994 995 1007 ·
1025 978 1112 1032 ἵνα
1143 979 1275 1033 αὐτὸ
1301 980 1362 1033 τὸ
1382 980 1608 1050 Πνεῦμα
1628 981 1813 1052 διδάξῃ

182 1091 188 1101 ι
226 1069 380 1136 ἡμᾶς
424 1068 592 1140 εὐχὴν
638 1069 918 1142 ἀληθινὴν,
949 1072 1474 1143 ταπεινοφροσύνην,
1507 1073 1811 1144 πραότητα,

225 1160 473 1231 ἀγάπην,
504 1160 541 1215 ἃ
563 1160 659 1215 νῦν
691 1162 830 1234 μετὰ
857 1163 978 1235 βίας
1005 1166 1065 1218 ού
1092 1164 1371 1236 δυνάμεθα
1387 1167 1581 1233 ποιεῖν,
1602 1166 1812 1235 σπλάγ-

224 1270 329 1322 xv:
364 1254 692 1325 οἰκτιρμῶν,
723 1256 1093 1327 χρηστότητα,
1125 1257 1222 1311 καὶ
1254 1256 1438 1321 πάσας
1462 1256 1564 1321 τὰς
1593 1258 1815 1322 ὲντολάς

218 1346 321 1399 τοῦ
358 1347 563 1418 Κυρίου
592 1347 778 1421 διδάξῃ
819 1349 969 1420 ἡμᾶς
996 1348 1241 1420 ποιῆσαι
1271 1349 1331 1415 ἐξ
1367 1348 1644 1422 ἀληθείας,
1676 1350 1811 1403 ἀπό-

221 1455 335 1503 νως
386 1440 480 1493 καὶ
535 1439 813 1506 ἀδιάστως
839 1460 853 1474 ο
902 1442 979 1507 ὡς
1030 1442 1161 1497 αὐτὸ
1187 1442 1247 1497 τδ
1276 1444 1505 1512 Πνεῦμα
1535 1442 1644 1498 οἶδε
1670 1444 1812 1515 πλη-

222 1527 360 1598 ροῦν
389 1528 540 1599 ἡμᾶς
569 1530 686 1595 τοῖς
722 1534 957 1604 καρποῖς
1008 1531 1177 1586 αὐτοῦ
1200 1550 1213 1563 ν
1252 1533 1349 1587 καὶ
1382 1532 1555 1597 οὕτως
1586 1534 1694 1587 τῶν
1722 1536 1810 1586 ὲν-

220 1617 396 1672 τολῶν
436 1620 531 1673 τοῦ
581 1622 787 1693 Κυρίου
830 1624 1226 1695 πληρωθεισῶν
1270 1625 1359 1695 ἐφ’
1386 1626 1518 1696 ἡμῖν
1581 1625 1669 1680 διὰ
1715 1626 1809 1679 τοῦ

220 1709 547 1781 Πνεύματος
575 1713 767 1781 αὐτοῦ,
790 1714 886 1769 τοῦ
937 1716 1099 1787 μόνου
1129 1716 1492 1787 γινώσκοντος
1516 1717 1577 1771 τὸ
1600 1717 1810 1789 θέλημα

216 1801 320 1855 τοῦ
355 1802 618 1872 Χριστοῦ,
654 1804 750 1859 καὶ
781 1805 1176 1878 καθαρίζοντος
1206 1808 1367 1879 ,ἡμᾶς
1394 1807 1503 1863 ἀπὸ
1551 1807 1647 1863 τοῦ
1686 1807 1810 1861 σπί-

214 1895 319 1947 λου
361 1895 466 1965 τῆς
524 1896 822 1969 ἁμαρτίας,
872 1897 1062 1970 ὥσπερ
1092 1899 1313 1970 νύμφας
1339 1899 1512 1964 καλὰς
1563 1898 1810 1969 καθαρὰς

217 1991 321 2044 καί⁵
351 1989 617 2062 ἀμώμους
673 1994 1009 2067 παραστήσῃ
1046 1994 1125 2065 τῷ
1176 1994 1425 2070 Χριστῷ,
1458 1994 1807 2066 ἀναπαυομέ-

215 2098 330 2135 νων
357 2084 516 2153 ἡμῶν
541 2086 600 2137 ὲν
627 2084 767 2156 Θεῷ,
792 2086 887 2140 καὶ
916 2086 1332 2159 ἀναπαυομένου
1360 2087 1453 2142 τοῦ
1484 2088 1721 2159 Χριστοῦ
1745 2089 1805 2143 ἐν

216 2174 357 2245 ἡμῖν
383 2176 463 2238 εἰς
505 2175 633 2239 τοὺς
673 2176 1014 2249 ἀπεράντους
1042 2177 1268 2242 αἰῶνας.
1295 2178 1434 2246 Δόξα
1455 2180 1567 2242 τοῖς
1593 2179 1804 2251 οἰκτιρο

218 2267 347 2333 μοῖς
372 2266 561 2334 αὐτοῦ,
584 2268 678 2322 καὶ
701 2268 781 2340 τῷ
812 2270 976 2337 ἐλέει,
1016 2272 1110 2326 καὶ
1141 2273 1209 2343 τῇ
1259 2270 1449 2343 ἀγάπῃ
1493 2271 1682 2336 αὐτοῦ,
1722 2273 1806 2326 ὅτι

212 2359 301 2421 εἰς
332 2359 597 2431 τοσαύτην
624 2361 792 2433 τιμὴν
817 2361 1125 2433 κατηξίωσε
1151 2362 1216 2416 τὸ
1248 2362 1596 2433 ἀνθρώπινον
1630 2364 1811 2432 γένος,

215 2451 387 2509 ἰδίους
436 2452 701 2522 ἀδελφοὺς
742 2454 836 2506 καὶ
866 2455 1016 2518 υἰοὺς
1059 2455 1273 2526 Πατρός
1308 2455 1633 2526 ἐπουρανίου
1679 2474 1814 2511 κατ-

1922 615 2017 685 qui
2049 615 2191 671 infra
2222 616 2409 670 omnia
2438 615 2557 671 est?
2582 614 2774 685 Magna
2797 615 3056 670 exaltatio
3080 614 3364 676 humilitas
3392 624 3494 680 est;

1920 723 2169 763 summus
2202 708 2431 764 honoris
2454 722 2614 779 apex,
2647 708 2865 763 excelsa
2896 707 3152 778 dignitas,
3177 707 3263 762 sui
3293 706 3501 761 demis-

1919 799 2023 856 sio.
2066 799 2512 856 Assuefaciamus
2546 816 2677 872 ergo
2706 815 2836 867 nos,
2872 809 2927 855 et
2951 799 3003 854 vi
3046 801 3214 855 etiam
3249 799 3498 855 adhibita

1917 905 2178 961 cogamus
2201 891 2269 945 ad
2293 892 2569 947 submisse
2587 933 2600 957 ,
2632 892 2854 969 nolente
2881 892 3046 947 etiam
3077 891 3242 946 corde
3280 898 3496 955 nostro,

1916 982 1986 1037 de
2018 982 2180 1037 nobis
2213 983 2591 1051 sentiendum;
2633 985 2919 1054 Deumque
2952 999 3077 1039 cum
3120 982 3258 1049 ﬁde,
3302 998 3398 1053 spe
3433 999 3500 1039 ac

1915 1076 2185 1131 cbaritate
2225 1076 2602 1133 indesinenter
2654 1077 3031 1145 obsecrantes,
3078 1077 3133 1132 in
3186 1077 3502 1148 longanima

1915 1166 2360 1238 exspectatione,
2404 1176 2467 1222 ut
2498 1168 2682 1223 mittat
2712 1167 2981 1239 Spiritum
3021 1184 3183 1223 suum
3230 1169 3286 1223 in
3332 1168 3499 1224 corda

1915 1266 2123 1323 nostra,
2159 1265 2220 1312 ut
2243 1272 2467 1314 oremus
2492 1267 2551 1314 et
2576 1259 2873 1314 adoremus
2899 1260 2958 1314 in
2992 1258 3203 1329 Spiritu
3236 1259 3449 1316 Patrem
3477 1277 3494 1327 ;

1913 1358 1970 1406 et
2003 1350 2121 1420 ipse
2154 1349 2395 1420 Spiritus
2428 1358 2550 1406 oret
2572 1350 2629 1405 in
2659 1350 2860 1418 nobis;
2889 1358 2951 1405 ut
2982 1352 3127 1407 idem
3164 1352 3283 1423 ipse
3326 1352 3499 1422 Spiri-

1918 1452 2004 1497 tus
2054 1441 2249 1498 doceat
2304 1459 2407 1499 nos
2458 1442 2767 1501 orationem
2817 1459 3043 1510 veram,
3095 1445 3493 1507 humilitatem,

1914 1535 2396 1591 mansuetudinem
2416 1576 2432 1601 ,
2464 1536 2789 1592 charitatem
2826 1553 2841 1590 :
2883 1551 3019 1606 quas
3048 1550 3219 1599 nunc,
3253 1535 3307 1590 vi
3330 1535 3497 1590 etiam

1913 1625 2185 1690 adhibita,
2217 1625 2378 1697 169
2402 1625 2494 1680 vix
2517 1626 2765 1682 valemus
2784 1640 3067 1693 exercere,
3089 1626 3305 1681 viscera
3334 1624 3497 1681 mise-

1913 1717 2201 1782 ricordiae,
2244 1717 2645 1789 benignitatem
2669 1758 2685 1784 ,
2724 1726 2780 1773 et
2810 1732 3003 1774 omnes
3044 1717 3320 1772 mandatis
3360 1732 3499 1787 prae-

1912 1810 2118 1880 criptas
2144 1809 2364 1865 Domini
2386 1810 2559 1866 bonas
2589 1811 2961 1881 Operationes,
2998 1810 3135 1865 citra
3165 1810 3408 1864 laborem
3433 1822 3497 1863 ac

1914 1901 2027 1956 vim
2059 1916 2350 1970 exercere;
2382 1918 2493 1972 quo
2520 1902 2686 1957 modo
2710 1902 2931 1957 divinus
2963 1902 3055 1957 ille
3083 1901 3321 1972 Spiritus
3342 1896 3497 1955 novit

1915 1992 2147 2063 implere
2180 2008 2282 2049 nos
2313 1993 2474 2049 donis
2503 1994 2637 2050 suis.
2682 1995 2838 2051 Unde
2877 1996 2973 2050 [iet
3006 2002 3087 2058 ut,
3120 1992 3431 2062 adimpletis
3462 2006 3494 2047 a

1914 2086 2078 2143 nobis
2099 2086 2374 2141 mandatis
2401 2085 2497 2141 Dei
2532 2101 2632 2156 per
2655 2086 2928 2157 Spiritum
2958 2086 3153 2156 ipsius,
3174 2085 3263 2140 cui
3287 2084 3493 2154 Optime

1914 2180 2012 2237 uni
2044 2187 2327 2250 perspecta
2355 2187 2439 2234 est
2466 2178 2722 2233 voluntas
2744 2178 2973 2243 Christi,
3004 2177 3210 2247 quippe
3238 2192 3339 2231 nos
3364 2191 3496 2247 pur-

1914 2282 2005 2345 gat
2043 2287 2073 2327 a
2119 2271 2283 2327 sorde
2324 2273 2568 2341 peccati;
2598 2267 2747 2325 idem
2786 2285 2887 2324 nos
2926 2270 3079 2324 velut
3113 2283 3341 2339 sponsas
3370 2267 3494 2337 pul-

1918 2365 2079 2420 chras
2124 2378 2294 2434 puras
2331 2372 2387 2418 et
2412 2361 2928 2433 irreprehensibiles
2950 2360 3210 2416 exhibeat
3237 2360 3491 2428 Christo;

1917 2455 2397 2527 acquiescentibus
2433 2455 2593 2509 nobis
2633 2454 2690 2509 in
2734 2453 2883 2518 Deo,
2928 2463 2987 2509 et
3023 2452 3244 2508 Christo
3275 2450 3495 2521 acquie—

207 2541 385 2606 αξιῶν
433 2544 529 2597 καὶ
583 2544 1025 2617 προσαγορεύων.
1077 2546 1216 2613 Δόξα
1265 2546 1345 2617 τῷ
1378 2547 1575 2617 Πατρί,
1620 2548 1714 2601 καὶ
1730 2548 1811 2617 τῷ

1917 2557 2102 2605 scente
2120 2548 2176 2602 in
2192 2548 2376 2613 nobis,
2403 2548 2653 2617 usqucin
2673 2547 2872 2603 saecula
2901 2546 3277 2601 interminata.
3309 2542 3494 2599 Gloria

210 2634 360 2705 Υίῷ,
408 2637 501 2688 καὶ
528 2635 607 2709 τῷ
666 2637 805 2708 ἁγίῳ
835 2638 1135 2707 Πνεύματι,
1165 2639 1245 2702 εἰς
1280 2639 1406 2703 τοὺς
1460 2639 1665 2704 αἰῶνας
1700 2639 1809 2695 τῶν

1917 2638 2369 2695 miserationibus
2419 2638 2576 2709 ejus,
2623 2646 2681 2693 et
2732 2637 3060 2707 benignitati
3119 2652 3183 2691 ac
3237 2634 3493 2690 charitati

204 2727 457 2782 αἰώνων.
498 2729 557 2782 ’A
565 2729 696 2800 μήν.

201 2828 298 2876 est
328 2835 499 2891 genus
527 2820 854 2887 humanum,
879 2824 1136 2894 proprios
1155 2823 1356 2879 fratres
1378 2831 1433 2879 et
1459 2822 1601 2879 ﬁlios
1630 2823 1811 2880 Patris
1844 2824 2086 2880 caelestis
2115 2840 2219 2881 nos
2246 2832 2302 2879 et
2329 2840 2449 2880 esse
2503 2824 2760 2896 dignatus
2818 2834 2875 2881 et
2908 2823 3257 2895 appellitans.
3285 2820 3489 2884 Gloria,

200 2917 468 2984 inquam,
494 2915 643 2971 Patri
671 2924 729 2973 et
761 2917 900 2995 Eilio
927 2928 985 2975 et
1014 2917 1244 2990 Spiritui
1270 2926 1484 2987 saneto,
1513 2918 1572 2976 in
1601 2921 1802 2977 saecula
1841 2919 2194 2976 smeulorum.
2230 2920 2427 2977 Amen.

338 3190 1533 3499 MAKAPIOY
1665 3322 1848 3491 Tt

1915 3320 2110 3492 )Υ
2240 3317 3349 3497 ΜΕΓΑΛΟΥ

840 3599 1099 3688 ΠΕΡΙ
1172 3600 1848 3731 ΤΕΑΕΙοΤΗΤ(

1915 3600 1957 3686 Σ
2037 3601 2182 3688 ΕΝ
2258 3592 2852 3689 ΠΝΕΥΜΑΤΙ

1715 3746 2021 3843 ΑοΓοΣξ

962 4334 971 4340 _
1078 4107 1878 4268 MACARII
2014 4108 2629 4268 MAGNI

833 4401 994 4510 DE
1109 4400 2002 4511 PERFECTIONE
2125 4402 2256 4505 IN
2360 4396 2873 4505 SPIRITU

1681 4612 2009 4673 LIBER.

260 4920 365 4978 A'.
425 4918 623 4991 Χάριτι
671 4917 770 4990 μὲν
815 4918 912 4975 καὶ
954 4919 1135 4992 δωρεᾷ
1174 4919 1265 4975 τοῦ
1301 4919 1617 4989 Πνεύματος
1667 4916 1787 4989 θείᾳ
1816 4927 1848 4988 ε

1967 4920 2009 4975 l.
2041 4916 2228 4977 Gratia
2280 4916 2503 4988 quidem
2553 4930 2609 4976 et
2651 4922 2943 4994 largitione
2994 4918 3235 4990 Spiritus
3291 4918 3479 4977 divina

171 5020 447 5076 ἕκαστος
475 5010 633 5083 ἡμῶν
657 5013 757 5083 τὴν
782 5012 1054 5084 σωτηρίαν
1080 5012 1382 5083 πορίζεταιο
1414 5011 1595 5064 πίστει
1617 5009 1674 5064 δὲ
1699 5011 1797 5064 καὶ

1915 5013 2273 5081 musquisque
2332 5020 2585 5067 nostrum
2647 5015 2882 5070 salutem
2950 5015 3313 5084 assequitur:
3372 5013 3479 5070 ﬁde

168 5106 445 5178 ἀγάπῃ,
501 5103 673 5174 ἀγῶνί
724 5122 785 5158 τε
842 5106 1215 5178 προαιρέσεως
1262 5102 1653 5169 αὐτεξουσίου,
1701 5100 1795 5155 τοῦ

1915 5119 2027 5158 rcro
2073 5110 2128 5157 ct
2156 5103 2424 5160 charitate
2457 5119 2522 5160 ac
2559 5107 2916 5162 contentione
2967 5106 3141 5161 libera
3163 5106 3249 5161 sui
3279 5115 3476 5176 poten-

167 5198 423 5259 τελείου
471 5198 671 5269 μέτρου
714 5198 816 5269 τῆς
856 5198 1061 5270 ἀρετῆς
1105 5196 1391 5266 ἐφικέσθαι
1423 5196 1678 5251 δύναται’
1727 5193 1796 5247 ἵν’

1915 5198 1967 5251 is
1996 5196 2209 5251 arbitrii
2238 5196 2307 5251 ad
2358 5197 2621 5268 perfectae
2668 5200 2890 5256 virtutis
2920 5215 3235 5255 mensuram
3266 5200 3477 5270 pertin-

168 5292 405 5360 ὦσπερ
458 5288 640 5359 χάριτι
666 5328 682 5355 ,
740 5287 885 5342 οὕτω
930 5290 1025 5343 καὶ
1068 5288 1387 5359 δικαιοσύνῃ
1432 5287 1532 5357 τῆς
1574 5286 1796 5341 αἰωνίου

1915 5302 2025 5358 gere
2052 5294 2269 5357 potest:
2305 5296 2366 5342 ut
2422 5289 2567 5344 sicut
2601 5292 2796 5362 gratia,
2855 5293 2931 5348 ita
2963 5291 3274 5363 etjustitia,
3314 5300 3478 5348 aster-

167 5380 604 5455 κληρονομήσῃ
632 5378 805 5451 ζωῆς·
845 5380 922 5452 μὴ
974 5379 1062 5437 διὰ
1104 5379 1273 5451 μόνης
1323 5380 1423 5449 τῆς
1450 5378 1600 5444 θείας
1629 5379 1789 5445 δυνά-

1915 5394 1983 5433 tae
2029 5378 2405 5435 haereditatem
2460 5382 2641 5452 capiat
2683 5383 2809 5438 vitm
2875 5402 2889 5438 :
2933 5400 3113 5454 neque
3158 5400 3257 5454 per
3301 5385 3473 5441 solam

168 5474 361 5551 μεώς
394 5490 453 5526 τε
482 5473 577 5527 καὶ
604 5472 827 5544 χάριτος
850 5515 864 5539 ,
904 5472 980 5543 μὴ
1011 5472 1104 5526 καί
1130 5471 1258 5536 τοὺς
1310 5470 1475 5535 ἰδίους
1526 5488 1799 5527 συνεισεν-

1915 5470 2142 5525 livinam
2174 5473 2436 5527 virtutem
2473 5482 2529 5528 et
2560 5475 2814 5544 gratiam,
2842 5475 3048 5545 absque
3080 5492 3148 5532 eo
3172 5477 3315 5546 quod
3349 5492 3476 5547 pro-

166 5564 398 5637 εγκὼν
447 5561 711 5633 ἱδρῶτας,
757 5563 857 5635 τῆς
901 5563 1093 5626 πλείας
1124 5562 1409 5635 προκοπῆς
1440 5562 1758 5634 ἀξιούμενος
1781 5581 1796 5597 ο

1915 5560 2047 5614 ›ιίοε
2071 5569 2127 5615 et
2168 5560 2282 5631 ipsc
2340 5561 2587 5619 conferat
2639 5564 2890 5631 sudores,
2938 5565 3180 5635 perfecto
3224 5566 3475 5635 proiectu

172 5662 355 5734 μήτε
394 5656 557 5716 πάλιν
591 5659 655 5711 ὲκ
688 5657 856 5729 μόνης
882 5657 983 5730 τῆς
1012 5658 1221 5721 οἰκείας
1250 5656 1487 5727 σπουδῆς
1519 5658 1615 5712 καὶ
1638 5659 1797 5713 δυνά-

1915 5651 2097 5721 lignus
2128 5652 2349 5709 habitus
2385 5670 2400 5707 :
2429 5669 2608 5724 neque
2652 5671 2841 5711 rursus
2880 5657 2998 5710 solo
3027 5655 3250 5726 proprio
3266 5656 3470 5722 studio,

173 5765 363 5823 μεως
384 5784 398 5807 .
454 5746 530 5818 μὴ
572 5748 664 5800 καὶ
701 5747 849 5812 θείας
878 5748 1085 5803 ἀνωθεν
1116 5746 1568 5819 συνεφαπτούσης
1596 5749 1794 5818 χειρὸς,

1915 5744 2105 5814 Ibsque
2154 5761 2389 5816 superno
2419 5756 2749 5817 cooperante
2777 5747 2959 5803 divina
3018 5763 3177 5802 manu
3219 5747 3473 5818 perfecta:

169 5842 290 5901 τοῦ
329 5839 550 5895 τελείου
578 5842 674 5911 τῆ,
706 5840 1016 5914 ἐλευθερίας
1045 5842 1276 5915 μέτρου,
1315 5842 1405 5898 καὶ
1437 5841 1532 5912 τῆς
1560 5840 1797 5911 καθαρό-

1920 5836 2171 5895 ibertatis
2207 5839 2415 5911 apicem
2445 5840 2795 5914 etpuritatis,
2833 5843 3126 5914 attingens.
3190 5839 3303 5894 Nisi
3334 5841 3473 5903 enim

1915 2730 2092 2801 ipsius
2114 2771 2129 2795 ,
2160 2729 2309 2800 quod
2348 2730 2405 2784 in
2432 2737 2647 2785 tantum
2680 2729 2953 2785 honorem
2994 2743 3195 2783 vocare
3237 2727 3495 2797 dignatus
3600 2748 3605 2757 ι
