4044 6534
548 369 655 433 843

1757 379 1819 439 S.
1858 378 2143 439 MACARI
2150 382 2177 441 Ι
2221 380 2540 442 IEGYPTII

3726 372 3821 438 844

549 479 807 537 Dominus
834 483 1172 553 wdiﬁcaverit
1206 486 1419 541 domum
1449 494 1498 541 et
1527 487 1835 543 custodierit
1860 491 2129 546 civitatem

2251 508 2399 564 τητος
2421 489 2644 563 ὲφικνού
2654 505 2833 561 μενος
2852 489 2995 544 Ἐὰν
3024 488 3135 558 τὰρ
3162 487 3249 556 μή
3276 487 3491 558 Κύριος
3516 485 3825 555 οἰκοδομή-

549 571 609 626 in
666 588 860 628 uanum
911 576 1147 646 vigilavit
1209 578 1504 633 custodiens
1542 580 1623 645 ²¹;
1674 578 1877 635 frustra
1936 582 2144 651 pariter

554 661 697 718 fabri
728 665 1128 737 architectique
1156 668 1501 724 laborarunt.

624 866 693 923 ll.
734 867 1125 941 Interrogatio.
1151 868 1281 935 Quae
1346 873 1414 927 sit
1430 872 1674 928 voluntas
1700 873 1819 941 Dei,
1856 875 1927 930 ad
1978 894 2142 948 quam

554 958 751 1014 scilicet
785 962 1029 1016 hortatur
1061 970 1113 1017 et
1139 973 1389 1034 provocat
1408 966 1690 1038 Apostolus
1716 984 2144 1041 unumquemque

556 1052 864 1106 contendere
882 1052 908 1105 ?

629 1165 937 1236 Responsio.
980 1168 1237 1227 Perfecta
1282 1172 1499 1243 peccati
1534 1174 1815 1246 purgatio,
1871 1185 1930 1233 et
1962 1191 2141 1248 apas-

560 1248 815 1306 sionibus
843 1251 1161 1321 ignominia:
1182 1254 1435 1322 libertas,
1459 1264 1517 1312 et
1544 1258 1746 1314 summi
1774 1258 1999 1316 virtutis
2028 1259 2145 1331 api-

560 1337 642 1391 cis
684 1340 1126 1409 comprehensio.
1159 1342 1317 1409 Quod
1347 1354 1431 1401 est
1458 1347 1713 1417 purgatio
1739 1355 1798 1402 et
1827 1347 2147 1404 sanctiﬁca-

563 1430 641 1486 tio
665 1433 867 1499 cordis,
887 1450 1009 1503 quas
1047 1451 1145 1504 per
1167 1437 1540 1493 interventum
1572 1439 1801 1508 perfecti
1854 1449 1912 1495 et
1952 1440 2129 1495 divini

561 1517 803 1587 Spiritus
836 1520 891 1574 in
917 1521 1115 1577 ﬁducia
1168 1524 1475 1580 certissima
1525 1525 1603 1579 ﬁt.
1640 1525 1815 1591 Beati,
1846 1526 1994 1583 enim
2041 1528 2140 1592 ait,

561 1606 746 1659 mundi
777 1608 948 1673 corde,
1018 1611 1270 1679 quoniam
1322 1613 1423 1681 ipsi
1453 1611 1623 1666 Deum
1649 1614 1896 1667 videbunt
1920 1615 1985 1668 ³³.
2030 1614 2138 1671 Et:

560 1690 764 1758 Estote,
801 1700 858 1748 et
894 1709 996 1749 nos
1021 1702 1078 1749 et
1111 1711 1229 1761 vos,
1281 1697 1537 1768 perfecti,
1570 1699 1704 1752 sicut
1759 1699 1925 1753 Pater
1966 1708 2141 1755 noster

2243 596 2327 651 σῃ
2374 579 2545 637 οἷκον
2568 621 2584 647 ,
2634 580 2736 634 καὶ
2779 579 3025 651 φυλάξῃ
3073 580 3278 639 πόλιν,
3312 581 3401 645 εις
3419 577 3625 647 μάτην
3650 577 3825 645 ἠτρύ,

2244 688 2485 741 πνησεν
2533 675 2569 727 ὁ
2611 670 2953 741 φυλάσσων
2975 712 2992 739 ,
3043 671 3073 724 ὁ
3121 669 3331 725 κοπιῶν
3376 672 3474 725 καὶ
3511 667 3825 739 οἰκοδομῶν,

2244 765 2325 828 ei;
2359 765 2539 835 μάτην
2572 763 2799 835 ὁμοίως.
2874 804 2910 825 ς

2312 871 2388 928 B'.
2447 871 2764 944 Ἐρώτησις.
2827 872 2889 927 τι
2918 872 2986 926 τὸ
3014 870 3243 941 θέλημα
3267 871 3374 926 τοῦ
3402 870 3554 926 Θεοῦ
3574 911 3592 935 ,
3627 870 3779 938 apo;-
3800 868 3830 922 δ

2242 964 2445 1034 δήπου
2486 964 2882 1033 προτρέπεται
2912 964 3011 1017 καὶ
3040 962 3382 1033 παρακαλεῖ
3405 966 3440 1017 ό
3469 962 3831 1028 Ἀιόστολος

2244 1057 2508 1112 ἕκαστον
2533 1055 2706 1126 ἡμῶν
2733 1055 2989 1125 φθάσαι,

2326 1171 2683 1238 Ἀπόκρισις.
2753 1167 2819 1223 Ἦ
2863 1166 3047 1221 τελεία
3085 1168 3189 1238 τῆς
3219 1166 3503 1238 ἁμαρτιας
3535 1165 3831 1235 κάθαρσις,

2243 1261 2340 1314 καὶ
2359 1259 2469 1313 τῶν
2489 1259 2586 1329 τῆς
2607 1258 2827 1331 ἀτιμίας
2841 1257 3031 1312 παθῶν
3049 1257 3354 1328 ἐλευθερία,
3375 1259 3469 1311 καὶ
3485 1260 3520 1326 ὴ
3536 1257 3641 1326 τῆς
3659 1257 3834 1327 ἄκρας

2242 1352 2447 1423 ἀρετῆς
2497 1352 2803 1422 ἀνάληψις’
2858 1352 2999 1422 ὅπερ
3042 1352 3191 1405 ἐστὶν
3235 1353 3264 1405 ό
3308 1348 3691 1420 καθαρισμδς,
3743 1349 3834 1401 καὶ

2241 1447 2272 1498 ὁ
2316 1442 2585 1515 ἁγιασμὸς
2632 1444 2731 1514 τῆς
2769 1442 3030 1515 καρδίας,
3078 1442 3110 1496 ὁ
3154 1440 3245 1495 διὰ
3282 1443 3384 1511 τῆς
3412 1440 3710 1512 μετουσίας
3741 1436 3833 1491 τοῦ

2241 1538 2447 1591 τελείου
2491 1536 2588 1591 καὶ
2632 1534 2818 1590 θεῖκοῦ
2849 1534 3171 1606 Πνεύματος
3205 1535 3267 1587 ἐν
3296 1532 3655 1605 πληροφορίᾳ
3682 1531 3836 1600 γενο-

2246 1644 2426 1698 μενος·
2456 1624 2749 1696 Μακάριοι
2767 1625 2899 1696 γὰρ,
2924 1626 3113 1695 φησὶν,
3139 1626 3194 1679 οἱ
3217 1622 3467 1693 καθαροὶ
3493 1620 3571 1690 τῇ
3596 1621 3834 1690 καρδίᾳ,

2242 1719 2332 1772 ὅτι
2374 1717 2548 1771 αὐτοὶ
2592 1716 2698 1771 τὸν
2737 1716 2886 1770 Θεὸν
2924 1714 3210 1784 ὄψονται·
3258 1714 3392 1767 mi’
3427 1714 3716 1773 Γίνεσθε,
3746 1711 3837 1763 καὶ

562 1780 781 1836 caelestis
808 1784 1062 1854 perfectus
1094 1796 1169 1842 est
1194 1790 1260 1842 “.
1289 1788 1356 1843 Et
1381 1806 1394 1842 :
1426 1787 1549 1843 Fiat
1576 1830 1591 1856 ,
1626 1790 1825 1860 inquit,
1856 1807 1944 1844 cor
1968 1807 2140 1847 meum

2251 1810 2402 1878 ἡμεῖς
2428 1808 2525 1861 καὶ
2547 1806 2726 1877 ὑμεῖς,
2755 1780 2992 1867 τέλειοί,
3022 1804 3105 1870 ὡς
3129 1806 3163 1858 ό
3185 1800 3391 1870 Πατὴρ
3410 1799 3583 1870 ἡμῶν
3608 1803 3645 1854 ό
3667 1799 3838 1866 cinad-

560 1876 967 1931 immaculatum
994 1879 1051 1933 in
1097 1879 1570 1949 justiﬁcationibus
1610 1884 1736 1947 tuis,
1767 1892 1827 1936 ut
1877 1899 1983 1938 non
2016 1899 2141 1939 con-

559 1966 756 2035 fundar
794 1968 858 2022 ’³.
884 1966 954 2022 Et
972 1984 1199 2024 rursus:
1224 1968 1365 2023 Tum:
1388 1986 1493 2023 non
1525 1970 1848 2040 confundor,
1878 1987 1997 2025 cum
2028 1987 2149 2043 per-

559 2067 779 2121 spexero
812 2052 874 2106 in
901 2055 1144 2111 omnibus
1212 2057 1484 2111 mandatis
1515 2059 1619 2112 tuis
1655 2059 1728 2111 ³⁸.
1754 2058 1959 2114 lterum
2005 2075 2146 2131 quo-

559 2158 667 2213 que
697 2144 764 2198 ad
789 2144 1235 2218 interrogantem.
1272 2149 1430 2219 17o
1495 2148 1621 2215 Quis
1637 2151 1880 2205 ascendet
1902 2151 1972 2206 ad
1995 2168 2146 2207 mon-

560 2244 665 2294 tem
686 2236 939 2292 Domini?
970 2240 1267 2309 respondet
1293 2260 1305 2295 :
1333 2240 1588 2297 Innocens
1613 2243 1849 2297 manibus
1880 2251 1928 2297 et
1954 2242 2147 2297 mundo

559 2324 715 2378 corde
761 2327 851 2380 ’τε
900 2328 1111 2397 peccati
1154 2329 1304 2399 quod
1360 2331 1449 2386 vel
1503 2330 1855 2399 Operationc,
1909 2332 1996 2387 vel
2059 2331 2145 2385 in-

560 2421 720 2469 terno
746 2415 1046 2472 voluntatis
1117 2434 1342 2473 assensu
1404 2420 1788 2486 consciscitur,
1848 2421 2147 2490 perfectam

559 2519 662 2577 per
690 2505 797 2564 hoc
820 2508 1133 2580 significans
1164 2510 1550 2567 abolitionem.

630 2725 721 2779 lll.
752 2726 867 2783 Sub
912 2741 1198 2800 aspectum
1250 2748 1360 2789 non
1384 2733 1668 2791 cadentes
1699 2737 1929 2794 allectus
1954 2750 2011 2796 et
2053 2757 2145 2798 oc-

561 2816 714 2871 culta
752 2819 950 2875 anima:
995 2823 1177 2879 sciens
1223 2823 1464 2894 Spiritus
1526 2831 1973 2887 sanctus'curatu
2022 2846 2145 2888 esse

562 2906 827 2974 dilIicilia,
888 2912 1092 2983 quippe
1142 2916 1419 2985 quaeipsi
1479 2920 1650 2973 veluti
1720 2922 1940 2990 penitus
1970 2922 2144 2979 inhae-

562 3009 760 3067 reant;
806 3018 907 3072 per
978 3006 1239 3062 Davidem
1300 3010 1561 3076 ostendit,
1618 3013 1896 3081 quomodo
1952 3030 2144 3072 earum

566 3090 1003 3148 administranda
1056 3097 1311 3165 purgatio
1343 3099 1434 3165 sit,
1477 3100 1751 3156 dicentem
1782 3120 1795 3157 :
1825 3104 1901 3159 Ab
1925 3107 2142 3164 occultis

567 3182 699 3236 meis
729 3185 926 3239 munda
951 3203 1052 3252 me,
1071 3187 1297 3242 Domine
1319 3190 1365 3221 ’⁸
1396 3209 1409 3245 :
1451 3206 1550 3260 per
1580 3209 1701 3263 quae
1722 3196 1887 3251 verba
1917 3198 2099 3255 innuit
2127 3243 2143 3268 ,

568 3288 734 3327 unam
770 3290 959 3331 carum
1007 3279 1373 3335 sanandarum
1388 3280 1663 3339 eﬂicacem
1693 3299 1815 3342 esse
1852 3290 2141 3359 rationem,

568 3364 872 3434 perfectam
912 3382 1035 3423 cum
1090 3372 1261 3425 multa
1294 3388 1460 3441 prece
1481 3389 1545 3429 ac
1579 3374 1686 3431 fide
1728 3382 2144 3437 conversionem

572 3453 642 3508 ad
675 3455 891 3523 Deum;
946 3462 1336 3529 cooperatione
1396 3463 1674 3534 Spiritus;
1710 3469 1805 3523 sed
1863 3477 2045 3527 tamen
2091 3481 2147 3528 et

570 3545 733 3601 nobis
770 3547 827 3602 in
864 3549 1010 3605 idem
1049 3558 1163 3606 toto
1200 3563 1401 3611 conatu
1430 3556 1831 3626 annitentibus,
1894 3572 1950 3617 et
1995 3566 2145 3619 omni

572 3639 824 3694 custodia
854 3643 1203 3699 servantibus
1241 3661 1340 3701 cor
1369 3658 1643 3704 nostrum.

640 3752 731 3808 IV.
790 3754 967 3810 Etiam
1022 3757 1219 3814 beatus
1264 3758 1426 3816 docet
1472 3762 1707 3835 Moyses,
1763 3782 1862 3836 per
1903 3770 2147 3839 symbola

571 3842 950 3912 subindicans,
994 3848 1143 3904 haud
1194 3850 1592 3924 indulgendum
1643 3856 1861 3912 duabus
1904 3875 2146 3929 prOpen-

570 3936 839 4005 sionibus,
869 3940 1041 3996 altera
1070 3942 1125 3997 in
1146 3945 1376 4009 malum,
1397 3947 1567 4003 altera
1597 3949 1665 4003 ad
1694 3950 1900 4007 bonum
1927 3952 2148 4007 trahen—

570 4037 626 4082 te
652 4045 668 4094 ;
698 4030 794 4084 sed
852 4031 908 4084 in
946 4048 1109 4088 unam
1169 4038 1616 4105 prosecutionem
1648 4041 1778 4096 boni
1819 4043 2147 4099 incumben-

571 4119 725 4175 dum.
757 4121 947 4191 Neque
978 4134 1234 4194 oportere
1269 4127 1409 4184 duos
1436 4129 1602 4185 simul
1654 4132 1867 4191 fructus
1913 4151 2098 4193 serere
2131 4181 2145 4206 ,

571 4211 766 4265 utilem
808 4222 865 4269 et
911 4216 1136 4270 noxium
1167 4235 1181 4285 ;
1212 4219 1309 4273 sed
1360 4222 1552 4276 utilem
1587 4240 1651 4279 ac
1684 4224 1890 4280 bonum
1945 4229 2143 4287 solum.

577 4301 644 4356 Ut
688 4304 795 4360 hoc
836 4308 1145 4377 exprimat,
1176 4310 1257 4365 sic
1316 4313 1550 4369 scribit:
1595 4315 1725 4381 Non
1747 4318 1941 4391 junges
1971 4322 2146 4377 eodem

563 4390 696 4461 fugo
721 4393 777 4444 in
827 4409 955 4449 area
981 4406 1072 4450 tua
1095 4398 1284 4455 diversi
1330 4404 1533 4470 generis
1589 4406 1867 4474 animalia,
1891 4421 2019 4480 puta
2056 4412 2147 4468 bos

570 4498 685 4535 pem
732 4492 782 4536 et
823 4487 1031 4541 asinum
1053 4491 1187 4555 ;sed
1212 4493 1278 4546 iis
1305 4509 1422 4563 qua:
1452 4496 1557 4548 sint
1578 4498 1810 4567 ejusdem
1853 4504 2043 4570 speciei
2064 4506 2147 4557 in-

2247 1916 2378 1965 νιος
2403 1898 2631 1963 τέλειός
2650 1897 2803 1952 ἐστι’
2834 1895 2948 1950 καί·
2976 1894 3320 1962 Γενηθήτω,
3346 1895 3533 1963 φησὶν,
3555 1894 3600 1961 ἠ
3624 1892 3837 1959 καρδία

2244 2008 2363 2060 μου
2392 1990 2630 2060 ἄμωμος
2658 1989 2730 2044 ἐν
2754 1988 2881 2055 τοῖς
2903 1985 3260 2057 δικαιώμασι
3285 2000 3425 2049 σου,
3458 1984 3628 2050 ὅπως
3654 1982 3734 2038 ἂν
3753 1984 3835 2053 μὴ

2246 2080 2574 2150 αἰσχυνθιῖν
2609 2081 2703 2134 καὶ
2734 2075 2911 2143 αὖθιςο
2950 2081 3089 2134 Τότε
3119 2079 3192 2133 οὐ
3215 2076 3302 2147 μὴ
3324 2074 3641 2146 αὶσχυνθῶ
3668 2076 3740 2129 ἐν
3762 2073 3838 2140 τᾷ

2243 2194 2321 2245 με
2361 2173 2711 2229 ἐπιϐλέπειν
2753 2172 2854 2227 ἐπὶ
2887 2171 3093 2237 πάσας
3126 2170 3235 2237 τὰς
3258 2168 3519 2235 ἐντολάς
3544 2184 3672 2222 σου
3688 2182 3704 2197 ’
3747 2167 3836 2220 καὶ

2248 2268 2385 2338 πρὸς
2428 2266 2517 2321 τδν
2559 2266 2849 2336 ἐρωτῶντα
2884 2264 2942 2319 δὲ
2982 2262 3182 2318 πάλιν⁹
3223 2263 3321 2329 Τίς
3348 2260 3727 2327 ἀναϐήσεται
3756 2262 3834 2322 et;

2246 2362 2313 2414 τὸ
2344 2361 2480 2428 ὅρος
2507 2360 2615 2415 τοῦ
2638 2360 2894 2428 κυρίους
2938 2356 3160 2425 Ἀθῶος
3187 2356 3422 2429 χερσὶν.
3451 2355 3835 2425 ἀποκρίνεται,

2246 2453 2346 2507 καὶ
2375 2451 2635 2519 καθαρὸς
2660 2450 2735 2523 τῇ
2763 2450 2981 2521 καρδίᾳ
3003 2467 3017 2481 ο
3071 2450 3173 2520 τῆς
3200 2448 3293 2503 διὰ
3316 2446 3572 2518 πράξεως
3600 2447 3701 2500 καὶ
3722 2446 3837 2498 δια-

2247 2544 2395 2607 νοίας
2453 2542 2725 2613 ἁμαρτίας
2798 2543 2900 2613 τὴν
2939 2540 3154 2596 τελείαν
3192 2538 3444 2595 ἐντεῦθεν
3468 2538 3658 2609 δηλῶν
3684 2536 3835 2592 duui-

2249 2649 2420 2702 ρεσιν.

2316 2744 2389 2799 Γ’.
2431 2746 2512 2802 Τὰ
2547 2746 2729 2817 ἀφανῆ
2760 2744 2933 2815 πάθη,
2964 2746 3121 2816 φησὶ,
3158 2747 3252 2798 καὶ
3280 2744 3493 2813 κρύφια
3521 2742 3586 2796 τὸ
3614 2741 3833 2811 Πνεῦμα

2245 2837 2308 2892 rb
2330 2838 2487 2908 ἅγιον
2519 2839 2885 2909 ἐπιστάμενον
2911 2835 3334 2891 δυσαπάλλακτα
3361 2836 3515 2900 δντα,
3548 2836 3654 2888 καὶ
3678 2836 3834 2889 οἱονεὶ

2245 2932 2310 3003 τῇ
2355 2930 2502 3002 ψυχῇ
2549 2931 3037 3003 κατεῤῥιζωμένα,
3084 2930 3172 2985 διὰ
3219 2930 3315 2984 τοῦ
3359 2928 3523 2983 Δαόὶδ
3568 2929 3833 2993 δείκνυσι,

2246 3022 2363 3085 πῶς
2405 3023 2514 3094 ἄρα
2553 3023 2761 3076 τούτων
2803 3012 3189 3099 ποιητέον.τῆν
3220 3018 3527 3093 κᾶθαρσιν·
3582 3021 3691 3076 Ἐκ
3720 3022 3834 3075 τῶν

2249 3112 2519 3180 κρυφίων
2551 3130 2671 3181 μου
2716 3111 3206 3190 γὰρλιαθάρισόν
3234 3130 3341 3181 με,
3384 3112 3585 3181 φησιν·
3638 3111 3719 3173 ὡς
3752 3110 3836 3163 διὰ

2255 3200 2456 3272 πολλῆς
2495 3203 2594 3271 τῆς
2638 3202 2875 3274 δεήσεώς
2907 3220 2968 3256 τε
3014 3204 3108 3256 καὶ
3149 3192 3404 3269 πῗστεως,
3441 3202 3675 3272 καὶτῆς
3703 3204 3837 3272 πρὸς

2250 3292 2383 3347 Θεὸν
2431 3293 2644 3358 τελείας
2685 3295 2861 3366 ῥοπῆς
2886 3336 2900 3361 ,
2952 3298 3020 3366 τῇ
3056 3294 3346 3366 συνεργείᾳ
3369 3292 3463 3347 τοῦ
3493 3293 3835 3362 Πνεῦματος.

2249 3384 2692 3455 κατεργασθῆναι
2747 3385 3062 3455 δυναμένων
3107 3385 3303 3456 ἡμῶν·
3362 3384 3504 3456 πλὴν
3553 3384 3701 3438 ἀλλὰ.
3745 3386 3838 3436 καὶ

2246 3473 2404 3543 ἡμῶν
2448 3474 2586 3543 πρὸς
2627 3473 2803 3529 ταῦτα
2846 3474 3273 3541 ἀντιτεινόντων,
3310 3474 3408 3527 καὶ
3437 3474 3661 3545 φυλακῇ
3690 3474 3836 3544 πασῃ

2247 3562 2557 3635 τηρούντων
2590 3563 2690 3634 τὴν
2716 3564 2924 3619 ἑαυτῶν
2951 3564 3201 3635 καρδίαν.

2317 3773 2389 3825 Δ’.
2430 3769 2539 3824 Καὶ
2560 3772 2587 3824 ὁ
2621 3770 2886 3842 μακάριός
2917 3787 3051 3842 φησι
3076 3770 3339 3840 Μωῦσῆς,
3370 3770 3460 3824 διὰ
3486 3770 3681 3824 τύπων
3702 3770 3835 3823 ὐπο-

2248 3861 2463 3924 δεικνὺς
2489 3905 2503 3928 ,
2559 3861 2621 3914 τὸ
2668 3861 2745 3932 μὴ
2792 3862 2903 3916 δεῖν
2953 3861 3199 3932 γνώμαις
3243 3862 3411 3928 δυοῖν,
3445 3862 3625 3916 κακοῦ
3652 3879 3713 3914 τε
3743 3864 3836 3916 καὶ

2247 3953 2475 4020 ἀγαθοῦ,
2504 3952 2603 4023 τὴν
2629 3952 2827 4023 ψυχὴν,
2853 3952 2990 4005 ἀλλὰ
3006 3952 3085 4023 τῷ
3107 3953 3297 4024 ἀγαθῷ
3322 3954 3471 4023 μόνῳ
3493 3953 3833 4017 ἀκολουθεῖν,

2249 4044 2343 4098 καὶ
2390 4045 2452 4097 τὸ
2504 4046 2580 4115 μὴ
2624 4046 2824 4115 χρῆναι
2855 4045 2949 4099 δύο
2977 4047 3223 4116 καρποὺς
3255 4048 3557 4118 γεωργεῖν,
3593 4045 3834 4116 χρηστοῦ

2248 4136 2344 4190 καὶ
2360 4135 2622 4206 χείρονος,
2648 4136 2783 4190 ἀλλὰ
2807 4138 3020 4207 χρηστὰ
3043 4138 3199 4207 μόνα,
3228 4137 3373 4191 οὕτω
3394 4140 3582 4208 φησιν·
3609 4142 3696 4193 Οὐ
3712 4138 3835 4199 ζεύ-

2250 4227 2373 4294 ξεις
2413 4230 2486 4281 ἐν
2520 4227 2596 4297 τῇ
2634 4227 2762 4293 ἅλῳ
2791 4244 2909 4283 σου
2954 4228 3256 4298 ἀλλογενῆ
3289 4228 3402 4289 ζῶα
3430 4230 3533 4282 ἐπὶ
3562 4231 3633 4282 τὸ
3662 4230 3831 4293 αὐτὸ,

2248 4321 2429 4375 οἱονεὶ
2461 4320 2624 4385 βοῦν
2668 4321 2767 4374 καὶ
2808 4321 2984 4376 ὄνον·
3033 4320 3197 4376 ἀλλὰ
3228 4322 3301 4374 τὰ
3329 4320 3593 4389 ὁμογενῆ
3626 4321 3831 4386 ζεύξας

2249 4413 2547 4480 ἀλωήσεις
2576 4414 2683 4467 τὸν
2707 4414 2940 4482 ἀμητόν
2966 4429 3101 4467 σουο
3136 4414 3436 4476 τουτέστιν,
3467 4414 3560 4467 ῖνα
3586 4415 3669 4482 μὴ
3690 4416 3747 4465 ὲν
3766 4414 3828 4481 τῇ

2252 4502 2363 4574 atq;
2394 4505 2498 4574 τῆς
2527 4504 2756 4574 καρδίας
2782 4504 2939 4575 ἡμῶν
2973 4505 3065 4556 ἐπὶ
3092 4503 3152 4556 τὸ
3176 4503 3308 4556 αὐτὸ
3334 4504 3509 4573 ἀρετὴ
3543 4505 3643 4557 καὶ
3667 4503 3831 4557 κακία

570 4576 734 4629 vicem
759 4578 983 4646 junctis,
1015 4584 1288 4639 triturabis
1317 4603 1534 4642 messem
1574 4598 1723 4644 tuam
1776 4594 1841 4646 η.
1887 4592 2002 4649 Hoc
2027 4605 2144 4661 est;

2252 4596 2352 4666 τὴν
2396 4597 2659 4664 ἐργασίαν
2705 4594 2832 4667 ἔχῃ,
2884 4596 3001 4648 ἀλλ’
3046 4597 3079 4665 ἡ
3110 4596 3280 4665 ἀρετὴ
3312 4596 3485 4665 μόνη·
3544 4594 3631 4650 Οὐ
3682 4612 3829 4649 συν-

570 4682 641 4721 ne
672 4667 727 4721 in
759 4684 887 4724 area
908 4672 1092 4728 cordis
1114 4677 1288 4731 nostri
1320 4678 1499 4735 virtus
1529 4690 1585 4735 et
1606 4682 1810 4739 malitia
1833 4684 1994 4739 simul
2014 4701 2142 4757 ope.

570 4762 782 4822 rentur,
815 4758 913 4812 sed
960 4760 1136 4817 virtus
1181 4765 1317 4830 [sola
1345 4805 1359 4818 .
1414 4767 1619 4822 lterum
1669 4772 1962 4840 praecipit:
2030 4772 2148 4826 Non

568 4848 772 4902 intexes
797 4848 949 4905 laneo
975 4869 1153 4920 panno
1189 4854 1356 4910 linum
1387 4872 1406 4910 :
1440 4873 1621 4927 neque
1652 4876 1844 4914 rursus
1898 4862 1953 4914 in
2009 4873 2147 4916 veste

570 4952 678 5008 qua
741 4944 911 4996 utaris
968 4943 1108 4998 linea
1166 4946 1350 5000 lanam
1373 4948 1580 5003 “.Non
1630 4967 1769 5005 seres
1797 4953 1850 5005 in
1885 4969 2014 5023 agro
2059 4963 2146 5007 tuo

573 5034 706 5086 duas
761 5035 937 5105 fruges
966 5037 1147 5092 simul.
1179 5038 1486 5095 Iumentum
1517 5050 1666 5097 tuum
1696 5061 1802 5097 non
1825 5045 1982 5114 facies
2006 5049 2145 5099 coire

574 5143 693 5180 cum
724 5127 943 5184 alterius
982 5132 1186 5201 generis
1246 5134 1643 5200 animantibus;
1691 5137 1782 5189 sed
1828 5137 2145 5209 homogenea

574 5218 899 5288 homogeneis
923 5222 1205 5292 conjunges
1234 5223 1299 5278 ³⁸.
1352 5225 1457 5279 Per
1515 5242 1636 5294 quae
1689 5227 1870 5281 omnia
1921 5230 2149 5299 mystice

572 5308 757 5364 innuit
788 5328 896 5366 non
939 5324 1196 5383 oportere
1232 5316 1428 5371 vitium
1470 5326 1526 5373 et
1550 5318 1830 5385 virtutem,
1864 5322 2145 5375 utdictum

567 5408 673 5463 est,
706 5402 761 5455 in
790 5404 951 5458 nobis
981 5404 1081 5459 feri
1111 5422 1125 5471 ;
1162 5406 1255 5461 sed
1305 5409 1470 5462 unius
1514 5409 1736 5463 virtutis
1792 5409 1975 5481 fruges
2038 5412 2148 5466 seri

570 5493 875 5563 excoliqne-
915 5504 977 5549 ut
1000 5497 1310 5567 germinent
1349 5499 1405 5554 in
1435 5500 1615 5554 nobis.
1671 5499 1862 5569 Neque
1924 5500 2143 5556 duobus

650 5668 693 5738 ξ’
738 5670 879 5723 Psal.
911 5688 1090 5738 cxxw,
1129 5674 1183 5727 1.

1280 5677 1325 5707 ³³
1349 5677 1539 5732 Matth.
1570 5696 1623 5738 ν,
1662 5680 1711 5732 8.

579 5738 621 5769 ⁸⁵⁸
653 5735 793 5794 Psal.
812 5757 967 5811 xm],
993 5744 1075 5798 15.

1821 5680 1865 5711 ³⁵
1892 5680 2024 5735 ibid.
2076 5683 2166 5738 48.

2259 4688 2511 4757 υςξανεῖς
2560 4688 2704 4756 ἐρέῳ
2747 4688 2953 4758 ἱματίῳ
2999 4688 3247 4743 λινοῦν·
3286 4687 3439 4741 Οὐδὲ
3473 4689 3642 4742 πάλιν
3687 4687 3829 4753 λινῷ

2249 4781 2414 4848 ἔριον
2439 4797 2453 4811 ο
2508 4783 2581 4835 οὐ
2626 4780 2985 4849 γεωργήσας
3026 4781 3097 4834 ἐν
3138 4779 3211 4849 τῇ
3243 4778 3403 4849 χώρᾳ
3433 4779 3547 4847 τῆς
3572 4780 3692 4847 τῆς
3715 4796 3827 4833 σου

2249 4875 2359 4928 δύο
2401 4876 2670 4941 καρποὺς
2702 4874 2801 4927 ἐπὶ
2834 4874 2898 4925 τὸ
2925 4874 3074 4926 αὑτό
3090 4889 3108 4907 ο
3159 4876 3270 4927 οὐκ
3300 4873 3609 4938 ἐπιϐαλεῖς
3634 4874 3825 4941 ἑτερο-

2249 4964 2421 5033 γενές
2468 4962 2613 5025 ζῶον
2658 4968 2745 5028 εἰς
2788 4964 2977 5033 γονὴν
3017 4965 3229 5032 ἑτέρῳ·
3275 4965 3438 5017 ἀλλὰ
3466 4966 3539 5018 τὰ
3566 4964 3822 5033 ὁμογενῆ

2246 5053 2367 5120 τοῖς
2393 5053 2706 5123 ὀμογενέσι
2732 5051 3041 5119 συζεύξεις
3057 5072 3068 5084 ·
3102 5054 3167 5107 δι’
3190 5048 3265 5108 ὧν
3288 5056 3509 5109 πάντων
3529 5057 3819 5108 nivis-tm:

2248 5140 2551 5208 μυστικῶς,
2597 5140 2657 5192 τὸ
2692 5140 2767 5209 μὴ
2795 5140 2903 5192 δεῖν
2932 5142 3129 5194 κακίαν
3159 5143 3251 5193 καὶ
3274 5144 3497 5214 ἀρετὴν,
3529 5143 3717 5213 ὥσπερ
3744 5146 3819 5196 εἴ.

2249 5245 2439 5296 ρηται,
2489 5230 2546 5281 ὲν
2591 5230 2722 5300 ἡμῖν
2761 5230 3147 5300 γεωργεῖσθαι·
3184 5231 3320 5283 ἀλλὰ
3348 5234 3694 5302 μονοτρόπως
3722 5234 3817 5294 τὰς

2246 5320 2341 5389 τῆς
2385 5320 2585 5390 ἀρετῆς
2634 5323 2796 5388 γονὰς
2850 5322 3266 5375 ἀποτίκτεσθαι·
3322 5326 3417 5376 καὶ
3456 5325 3552 5377 τοῦ
3595 5327 3669 5394 μὴ
3699 5324 3815 5376 δδςὶ

2248 5412 2554 5481 πνεύμασι,
2603 5412 2680 5483 τῷ
2709 5413 2987 5484 Πνεύματι
3016 5413 3109 5467 τοῦ
3137 5414 3294 5478 Θεοῦ,
3326 5416 3422 5468 καὶ
3450 5416 3525 5487 τῷ
3552 5418 3811 5485 πνεύματι

2247 5504 2340 5557 τοῦ
2386 5507 2590 5576 κόσμου
2631 5506 2811 5579 ψυχήν
2846 5525 2969 5563 τινα
3000 5512 3301 5566 κοινωνεῖν.
3347 5511 3455 5564 Διὰ
3483 5511 3657 5565 τοῦτο
3687 5510 3807 5578 γὰρ,

2278 5683 2325 5714 ’⁸
2349 5684 2490 5738 Psal.
2513 5700 2695 5757 canym,
2718 5685 2808 5743 80.
2839 5686 2886 5721 ³⁵
2910 5685 3046 5743 ibid.
3084 5689 3139 5745 6.
3236 5686 3293 5755 ,”
3323 5687 3468 5742 Psal.
3510 5704 3655 5757 mn,
3681 5690 3729 5757 3,
3756 5690 3803 5743 l.

1154 5748 1198 5779 ”
1230 5748 1389 5804 Deut.
1420 5765 1553 5819 χχιι,
1585 5751 1667 5805 10.
1747 5751 1790 5783 ³⁸
1813 5750 1947 5807 ibid.
1989 5754 2070 5810 il.
2153 5754 2190 5785 ³¹
2228 5754 2359 5811 Lev.
2390 5770 2501 5821 xu,
2533 5755 2617 5811 l9.
