4044 6512
219 366 329 432 845

1144 373 1375 434 LIBER
1413 376 1510 434 DE
1550 374 2071 436 PERFECTIONE
2112 377 2195 439 ΙΝ
2236 375 2564 437 ΒΡΙΒΙΤυο

3372 366 3479 431 846

208 472 378 550 ’φησὶν
409 482 559 549 πρῦς
580 480 782 549 πάσας
810 502 842 537 τ
845 483 917 549 ἀς
940 482 1194 552 ἐντολάς
1216 503 1332 541 σου
1353 489 1793 558 κατωρθούμην·

1910 489 2213 564 spiritibus,
2266 487 2485 558 spiritui
2509 485 2605 542 Dei
2635 493 2693 543 et
2736 480 2956 555 spiritui
2991 477 3207 542 mundi,
3238 477 3481 533 animam

221 572 429 627 πᾶσαν
450 572 595 628 ὁδὸν
613 574 820 629 ἄδικον
848 576 1135 645 ἐμίσησα.

292 744 369 799 E’.
426 744 539 799 Ούκ
581 748 687 800 ἀπὸ
723 748 832 801 τῶν
867 750 1117 821 φανερῶν
1161 752 1573 824 ἁμαρτημάτων
1608 755 1787 824 μόνον,

219 828 335 887 οἷον
380 837 664 906 πορνείας,
709 839 899 907 φόνου,
941 841 1165 912 κλοπῆς,
1198 845 1655 914 γαστριμαργίας,
1688 862 1789 898 κα-

220 926 512 990 ταλαλιᾶς,
547 928 808 997 ψεύδους,
857 931 1216 1003 φιλαργυρίας
1243 951 1302 986 τε
1337 938 1429 986 καὶ⁵
1456 935 1788 1002 πλεονεξίας,

220 1017 318 1068 καὶ
348 1015 458 1067 τῶν
482 1018 739 1072 τοιούτων
767 1021 1016 1087 ἁγνεύειν
1043 1021 1146 1093 χρὴ
1175 1023 1271 1094 τὴν
1299 1023 1564 1093 παρθένον
1590 1025 1788 1096 ψυχὴν,

222 1108 319 1158 καὶ
364 1107 442 1177 τῷ
481 1109 600 1179 Θεῷ
646 1112 981 1181 συναφθῆναι
1032 1116 1462 1187 προῃρημένηνο
1516 1116 1652 1169 ἀλλὰ
1700 1119 1793 1171 καὶ

222 1199 405 1268 πολλῷ
443 1200 605 1253 πλέον
659 1202 766 1254 ἀπὸ
805 1203 912 1255 τῶν
957 1205 1220 1273 κρυφίων,
1255 1208 1441 1277 ὥσπερ
1470 1210 1789 1281 εἰρήκαμενο

218 1295 519 1358 τουτέστιν,
552 1293 867 1365 ἐπιθυμίας,
897 1298 1221 1362 κενοδοξίας,
1249 1298 1790 1371 ἀνθρωπαρεσκείας,

182 1432 187 1437 ,
221 1384 601 1454 ὑποκρίσεως,
647 1387 958 1456 φιλαρχίας,
990 1388 1163 1452 δόλου,
1197 1390 1546 1460 κακοηθείας,
1581 1391 1790 1460 μίσους,

218 1476 483 1539 ἀπιστίας
506 1518 517 1539 ,
562 1478 780 1545 φθόνου,
813 1479 1118 1546 φιλαυτίας,
1150 1481 1341 1550 τύφου,
1371 1483 1593 1535 καὶτῶν
1623 1484 1795 1538 ἄλλων

218 1564 333 1616 τῶν
377 1564 631 1619 τοιούτων
677 1568 895 1636 ὁμοίως.
960 1564 1084 1620 Οἵδε
1127 1569 1267 1639 γὰρ,
1314 1573 1477 1639 φησὶν
1514 1573 1546 1642 ἡ
1582 1574 1792 1645 Γραφὴ,

216 1650 293 1700 τὰ
322 1652 528 1719 κρύφια
550 1650 717 1703 ταῦτα
746 1652 845 1721 τῆς
868 1653 1045 1722 ψυχῆς
1073 1654 1443 1723 ἁμαρτήματα
1471 1658 1529 1708 ὲν
1556 1658 1656 1728 ἴσῳ
1686 1661 1797 1722 τοῖς

218 1739 383 1801 ἐκτὸς
431 1742 698 1798 τίθεσθαι.
756 1742 960 1813 Κύριος
1008 1743 1115 1814 γάρ
1162 1762 1332 1813 φησιο
1370 1749 1799 1818 Διεσκόρπισεν

1895 582 2196 656 quamlibet
2256 580 2683 634 communicare.
2733 577 3062 649 Propterea,
3124 571 3275 627 enim
3342 570 3483 629 dicit

1894 689 2101 728 omnem
2153 671 2292 725 viam
2355 669 2651 740 iniquitatis
2708 669 2824 725 odio
2893 665 3050 721 habui
3074 663 3150 731 ³³,
3187 661 3260 717 ad
3302 661 3485 717 omnia

1896 768 2149 820 mandata
2197 774 2286 817 tua
2361 763 2641 832 dirigebar.

1968 856 2031 911 V.
2056 857 2174 911 Non
2204 857 2271 911 ab
2294 856 2537 911 exterius
2572 849 2968 923 apparentibus
2990 845 3233 919 peccatis
3271 844 3475 912 solum,

1894 954 2027 1017 puta
2060 946 2445 1010 fornicatione,
2468 942 2785 1002 homicidio,
2808 940 2978 1005 furto,
2995 937 3239 1007 crapula,
3262 934 3471 991 calum-

1894 1040 2000 1094 niae
2051 1039 2251 1103 studio,
2310 1036 2619 1098 mendacio,
2667 1031 2969 1102 Cupiditate
3028 1028 3295 1100 pecunias,
3350 1020 3484 1082 avai-

1897 1127 2021 1182 ritia
2069 1136 2125 1182 et
2163 1126 2362 1181 talibus
2394 1133 2654 1194 praestare
2681 1136 2739 1176 se
2787 1134 2981 1189 puram
3039 1124 3256 1187 oportet
3306 1114 3484 1186 virgi-

1898 1234 2022 1273 nem
2052 1218 2311 1283 animam,
2343 1228 2398 1271 et
2420 1231 2541 1287 quae
2570 1215 2682 1268 Deo
2709 1227 2767 1267 se
2793 1210 3126 1281 conjungere
3148 1208 3479 1276 decreverit;

1900 1310 1996 1364 sed
2055 1318 2111 1364 et
2166 1309 2337 1363 multo
2393 1307 2565 1376 magis
2590 1304 2658 1361 ab
2687 1302 2947 1369 occultis,
2979 1302 3059 1356 uti
3085 1301 3349 1367 diximus,
3374 1300 3482 1356 hoc

1900 1410 2003 1465 est,
2057 1418 2087 1456 a
2119 1400 2438 1471 cupiditate,
2479 1416 2511 1455 a
2568 1413 2720 1453 vana:
2752 1397 2941 1469 gloriae
2968 1394 3201 1459 ambitu,
3251 1408 3283 1449 a
3306 1392 3481 1447 nimio

1903 1490 2179 1545 desiderio
2209 1491 2527 1545 hominibus
2581 1487 2860 1559 placendi,
2904 1503 2934 1541 a
2989 1483 3362 1549 simulatione,
3408 1482 3478 1538 ab

1904 1580 2250 1637 aﬂ‘ectatione
2294 1580 2703 1642 dominationis,
2739 1594 2771 1632 a
2821 1578 2968 1642 dolo,
3016 1590 3048 1630 a
3096 1574 3435 1644 malignitate
3463 1612 3479 1638 ,

1904 1674 1974 1727 ab
2012 1673 2162 1738 odio,
2192 1673 2261 1727 ab
2300 1672 2641 1736 inﬁdelitate,
2677 1670 2746 1725 ab
2782 1668 3010 1732 invidia,
3070 1682 3101 1721 a
3150 1665 3237 1720 sui
3293 1676 3488 1719 amore

1907 1765 2291 1828 immoderato,
2342 1765 2409 1818 ab
2438 1761 2765 1834 arrogantia,
2798 1759 3177 1828 similibusque
3206 1756 3260 1811 id
3288 1771 3482 1831 genus.

220 1831 378 1922 (ξστά
417 1834 967 1903 άνθρωπαρέσκωνσ
1022 1838 1135 1901 καὶ,
1169 1836 1392 1904 Ἄνδρα
1421 1839 1681 1908 αἱμάτων
1710 1841 1805 1896 καί

1910 1854 2071 1911 Novit
2099 1854 2269 1919 enim,
2298 1854 2374 1908 ait
2428 1831 2730 1922 Scriptura,
2759 1852 2971 1906 occulta
2994 1848 3111 1903 hinc
3142 1849 3337 1903 animae
3351 1862 3483 1918 pec-

217 1918 432 1974 δόλιον
476 1922 890 1986 ,ϐδελύσσεται
940 1924 1189 1991 Κύριος-ο
1245 1923 1336 1978 τὸν
1381 1925 1529 1979 δόλον
1566 1927 1652 1979 ἐπ’
1683 1927 1803 1999 ἴσης

215 2013 302 2081 τῷ
330 2015 473 2086 φόνῳ
499 2016 758 2069 δεικνύων
790 2017 893 2070 ὑπὸ
916 2016 1050 2070 Θεοῦ
1082 2018 1502 2089 βδελυσσόμενον
1528 2038 1540 2051 ·
1567 2022 1664 2075 καί
1686 2020 1804 2075 τῶν

214 2107 576 2159 λαλούντων
618 2107 871 2175 εἰρήνην
918 2108 1067 2177 μετὰ
1112 2107 1231 2164 τῶν
1271 2112 1539 2179 πλησίον
1580 2112 1797 2179 αὐτῶν,

214 2199 321 2251 καὶ
350 2199 415 2251 τὰ
442 2199 590 2269 ἑξῆς.
626 2201 732 2254 Καὶ
759 2201 939 2255 πάλιν⁹
968 2202 1077 2256 Καὶ
1099 2203 1208 2273 τὰρ
1228 2204 1527 2271 ἐνκαρδίᾳ
1548 2206 1802 2275 ἀνομίας

214 2287 537 2356 ἐργάζεσθε
563 2292 633 2343 ἐν
657 2290 731 2358 τῇ
760 2291 870 2359 τῇιο
912 2294 1026 2357 καὶ,
1066 2294 1210 2347 Οὐαὶ
1236 2295 1395 2362 ὑμῖν,
1431 2296 1577 2349 ὅταν
1606 2297 1801 2360 καλῶς

214 2381 477 2434 εἴπωσιν
526 2381 682 2450 ὑμᾶς
740 2386 793 2436 οι
839 2383 1171 2451 ἅνθρωποιο
1240 2386 1548 2450 τουτέστιν,
1600 2388 1801 2442 ὁπόταν

216 2473 353 2541 ὑμῖν
390 2476 505 2525 ἐστι
541 2473 758 2543 θέλησις
804 2473 955 2545 παρὰ
992 2475 1294 2546 ἀνθρώπιον
1336 2477 1518 2540 καλῶς
1557 2479 1795 2547 ἀκούειν,

214 2562 321 2615 καὶ
368 2562 467 2630 τῆς
510 2562 666 2633 δόξης
711 2563 804 2616 καὶ
838 2563 947 2617 τῶν
976 2565 1213 2618 ἐπαίνων
1242 2567 1423 2620 αὐτῶν
1454 2568 1754 2639 ὲξήρτησθε
1780 2585 1796 2601 ’

216 2652 347 2704 ἐπεὶ
395 2653 514 2716 πῶς
558 2653 783 2707 δυνατὸν
823 2654 1293 2725 άγαθοεργοῦντας
1337 2659 1548 2713 ἐσάπαν
1580 2660 1795 2729 λαθείν;

214 2743 400 2804 ἄλλως
438 2760 497 2795 τε
541 2743 598 2795 δὲ
635 2744 726 2796 καὶ
760 2744 921 2806 αὐτὸς
955 2748 982 2797 ὁ
1008 2744 1233 2814 Κύριος,
1268 2747 1592 2815 Λαμψάτω.
1622 2749 1795 2819 λέγει,

215 2832 291 2887 τὸ
338 2833 462 2903 φῶς
508 2833 678 2903 ὑμῶν
727 2835 1068 2903 ἔμπροσθεν
1104 2836 1221 2890 τῶν
1249 2838 1594 2905 ἀνθρώπων.
1631 2842 1796 2913 Πλὴν,

214 2926 341 2980 ἀλλ’
376 2927 456 2987 είς
482 2925 639 2990 δόξαν
671 2926 931 2979 σπεύδετε
958 2926 1054 2979 τοῦ
1083 2927 1251 2993 Θεοῦ,
1288 2932 1422 2999 φησι
1445 2970 1458 2992 ,
1511 2931 1572 2983 τὸ
1596 2933 1799 3000 ἀγαθὸν

218 3019 516 3083 πράττειν,
570 3018 665 3070 καὶ
714 3018 789 3087 μὴ
820 3017 910 3070 διὰ
937 3016 1096 3080 δόξαν
1130 3018 1283 3084 ἰδίαν,
1320 3021 1444 3091 μηδ’
1470 3020 1545 3084 ὼς
1569 3022 1677 3075 τῶν
1701 3024 1799 3076 dv-

220 3108 515 3178 θρωπίνων
560 3108 799 3163 ἐπαίνων
843 3109 1121 3180 ἐρωτικῶς
1153 3109 1399 3180 ἔχοντες·
1439 3114 1533 3166 καὶ
1566 3114 1674 3184 γὰρ
1703 3115 1798 3169 καὶ

219 3201 488 3264 ἀπίστους
536 3200 816 3265 ἀπέδειξεν
862 3200 1065 3254 εἰπών·
1120 3201 1250 3268 Πῶς
1282 3201 1549 3259 δύνασθε
1589 3207 1799 3260 πίστιν
1827 3192 1870 3252 C

220 3293 425 3361 ἔχειν,
480 3293 668 3358 δόξαν
712 3293 871 3361 παρὰ
912 3292 1203 3359 ἀλλήλων
1233 3296 1667 3365 λαμϐάνοντες,
1706 3298 1806 3353 καί

223 3386 348 3453 τὴν
373 3386 559 3450 δόξαν
602 3387 717 3455 τὴν
750 3388 909 3456 παρὰ
945 3386 1052 3441 τοῦ
1078 3391 1269 3456 μόνου
1295 3389 1442 3444 Θεοῦ
1467 3392 1540 3444 οὐ
1564 3390 1809 3458 ζητοῦν-

221 3495 363 3542 τες;
394 3480 534 3548 Ὅρα
563 3480 656 3533 καὶ
682 3479 773 3532 τὸν
805 3480 1151 3545 Ἀπόστολον,
1185 3480 1300 3544 πῶς
1324 3483 1417 3535 καὶ
1444 3482 1609 3535 αὐτοῦ
1643 3483 1807 3553 μέχρι

224 3569 329 3621 τοῦ
380 3573 571 3638 φαγεῖν
623 3570 716 3624 καὶ
759 3573 925 3633 πιεῖν,
965 3572 1143 3624 πάντα
1172 3575 1252 3635 είς
1280 3572 1437 3639 δόξαν
1463 3574 1596 3627 Θεοῦ
1627 3576 1809 3627 ἐντέλ-

225 3661 388 3713 λεται
433 3665 602 3713 ποιεῖν
628 3677 642 3691 ’
696 3663 831 3715 Εἴτε
861 3664 1002 3732 γὰρ,
1034 3663 1230 3734 φησὶι,
1265 3665 1527 3730 ἐσθίετε,
1562 3668 1681 3720 εἴτε
1709 3668 1807 3721 πί-

227 3769 405 3813 νετε,
440 3754 557 3806 εἴτε
586 3771 639 3805 τι
667 3754 821 3807 ἄλλο
852 3754 1093 3819 ποιεῖτε,
1125 3757 1211 3822 είς
1237 3756 1423 3821 δόξαν
1452 3758 1602 3812 Θεοῦ
1625 3761 1809 3813 ποιεῖ-

226 3862 322 3898 τε.
385 3844 441 3896 '0
489 3844 544 3896 δέ
590 3862 652 3913 γε
704 3846 846 3909 θεῖος
890 3847 1146 3917 Ἰωάννης
1192 3847 1270 3917 τῷ
1313 3850 1458 3919 φόνῳ
1505 3852 1811 3906 συντάττων

226 3937 298 3989 τὸ
330 3938 503 4006 μῖσος,
520 3934 580 3989 ’0
604 3936 799 4006 μισῶν
826 3942 933 3992 τὸν
960 3937 1229 4009 ἀδελφὸν
1250 3940 1458 4007 αὐτοῦ,
1489 3944 1673 4013 φησὶν,
1706 3944 1813 3999 άν-

230 4031 655 4097 θρωποκτόνος
681 4032 874 4086 ἐστίν.

314 4315 407 4383 ς’.
458 4317 527 4371 Ἠ
551 4317 749 4387 ἀγάπη
784 4318 980 4371 πάντα
1011 4317 1245 4386 στέγει,
1281 4316 1478 4370 πάντα
1506 4317 1810 4387 ὑπομένει.

245 4408 325 4461 Ἠ
343 4406 542 4476 ἀγάπη
574 4408 860 4462 οὐδέποτε
888 4408 1160 4461 ἐκπίπτει
1179 4423 1192 4437 '
1224 4408 1306 4470 τὸ,
1338 4407 1623 4462 οὐδέποτε
1648 4408 1816 4463 ἐκπί-

1907 1958 2027 2004 cata
2056 1950 2177 2020 pari
2222 1948 2345 2003 loco
2398 1962 2526 2001 cum
2592 1946 2839 2001 externis
2892 1941 3157 1997 Dominus
3220 1951 3481 2002 censere,

1905 2040 2041 2097 dicit
2076 2041 2278 2110 quippe
2307 2058 2320 2093 :
2353 2038 2636 2109 Dissipavit
2658 2054 2776 2091 ossa
2797 2051 2999 2097 eorum,
3048 2031 3139 2099 qui
3190 2028 3485 2085 hominibus

1905 2134 2114 2205 placent
2150 2134 2214 2186 ³³.
2240 2134 2307 2187 Et
2337 2148 2350 2185 :
2389 2130 2566 2185 Virum
2602 2130 2921 2199 sanguinum
2973 2133 3020 2178 et
3053 2122 3295 2177 dolosam
3357 2119 3485 2174 abas-

1905 2224 2196 2276 minabitur
2237 2221 2495 2275 Dominus
2540 2219 2606 2273 ³³.
2653 2219 2845 2272 Dolum
2891 2229 3047 2283 atque
3122 2226 3187 2266 ac
3247 2208 3486 2265 homici-

1904 2314 2053 2368 dium
2084 2314 2379 2369 ostendens
2435 2309 2829 2367 abominationi
2911 2308 3022 2361 Deo
3054 2319 3198 2360 esse.
3269 2300 3340 2360 Et
3395 2299 3488 2372 qui

1904 2407 2194 2478 loquuntur
2236 2422 2419 2475 pacem
2463 2421 2582 2457 cum
2607 2402 2844 2474 proximo
2863 2399 2927 2463 ³⁸,
2973 2402 3030 2453 et
3078 2410 3201 2468 quae
3248 2408 3489 2465 sequun-

1902 2505 2013 2553 tur.
2065 2498 2134 2553 Et
2161 2512 2398 2551 rursus.:
2432 2494 2641 2550 Etenim
2705 2494 2761 2547 in
2789 2490 2941 2544 corde
2998 2487 3310 2558 iniquitates
3358 2499 3487 2556 ape-

1901 2589 2099 2643 ramini
2122 2628 2137 2654 ,
2187 2587 2241 2641 in
2272 2596 2435 2651 terra,
2467 2594 2574 2640 etc.
2623 2584 2722 2638 Et:
2771 2582 2856 2636 Va:
2884 2580 3023 2635 vobis
3057 2593 3173 2632 cum
3212 2575 3492 2630 benedixi:-

1902 2681 2011 2735 rint
2052 2681 2192 2735 vobis
2241 2680 2474 2734 homines
2493 2678 2558 2729 ³⁸.
2616 2675 2730 2731 Hoc
2763 2683 2847 2730 est
2878 2691 2893 2739 ;
2927 2687 3051 2726 cum
3087 2669 3373 2725 studueris
3420 2666 3492 2723 ab

1900 2770 2223 2827 hominibus
2280 2770 2421 2825 bene
2453 2768 2664 2832 audire,
2689 2775 2745 2821 et
2791 2766 2847 2819 in
2898 2763 3129 2835 gloriam
3180 2759 3491 2829 laudesque

1900 2864 2145 2933 ipsorum
2226 2860 2486 2917 fcrimini.
2569 2858 2788 2914 Etenim
2863 2856 2961 2927 qui
3006 2861 3184 2925 potest
3233 2850 3393 2918 fieri,
3431 2857 3494 2905 ut

1899 2953 2040 3008 bene
2083 2958 2376 3022 cperantes
2418 2948 2649 3005 omnino
2700 2946 2935 3002 lateant?
3002 2943 3312 3017 praesertim
3362 2955 3490 2997 cum

1899 3046 2014 3113 ipse
2060 3043 2325 3097 Dominus
2364 3041 2547 3097 dicat:
2579 3039 2775 3094 Luceat
2810 3038 2904 3093 lux
2942 3046 3114 3092 vestra
3169 3051 3349 3090 coram
3397 3034 3493 3088 ho-

1902 3135 2128 3190 minibus
2150 3136 2217 3189 ³⁷.
2261 3135 2331 3190 At
2375 3134 2444 3190 de
2472 3143 2670 3189 caetero
2704 3131 2945 3198 studete,
2977 3131 3055 3185 ait
3084 3169 3099 3194 ,
3135 3129 3201 3184 ad
3222 3128 3321 3185 Dei
3373 3128 3496 3199 glo-

1907 3225 2041 3280 riam
2061 3226 2207 3295 quod
2234 3225 2439 3280 bonum
2471 3231 2555 3280 est
2583 3239 2768 3293 agere,
2806 3239 2918 3277 non
2968 3230 3151 3276 autem
3174 3219 3243 3275 ad
3263 3229 3492 3291 captan-

1908 3317 2031 3373 dam
2067 3318 2220 3387 171
2256 3315 2413 3371 vobis
2468 3315 2688 3371 laudem
2740 3314 3016 3385 propriam
3049 3330 3064 3380 ;
3095 3325 3199 3368 nec
3226 3311 3495 3368 utvidea-

1908 3408 2044 3462 mini
2110 3409 2480 3461 humanarum
2554 3405 2781 3461 laudum
2843 3404 3095 3460 encomia
3148 3402 3500 3473 impudenter

1910 3515 2114 3554 amare.
2146 3498 2281 3552 Nam
2309 3506 2365 3552 et
2387 3482 2659 3553 inﬁdeles:
2691 3512 2813 3552 esse
2835 3496 2972 3551 tales
3000 3493 3243 3550 ostendit
3265 3494 3495 3549 dicens:

1914 3589 2183 3654 Quomodo
2207 3590 2418 3659 potestis
2442 3587 2603 3656 ﬁdem
2637 3586 2852 3652 habere,
2914 3582 3145 3655 gloriam
3177 3583 3242 3637 ab
3279 3583 3502 3637 invicem

1912 3684 2241 3751 accipientes,
2271 3688 2319 3733 et
2345 3681 2595 3751 gloriam,
2623 3694 2739 3751 qua:
2758 3695 2790 3731 a
2818 3677 2932 3732 solo
2956 3676 3066 3730 Deo
3092 3683 3192 3741 est,
3210 3691 3317 3729 non
3345 3690 3500 3745 quaa-

1913 3781 2085 3826 rentes
2118 3770 2183 3823 ⁸⁸.
2219 3770 2357 3825 Vide
2423 3778 2480 3825 et
2543 3769 2896 3840 Apostolum,
2952 3769 3229 3839 quomodo
3316 3768 3500 3824 omnia

1915 3882 2086 3935 usque
2139 3864 2207 3919 ad
2240 3848 2431 3935 ipsum
2470 3863 2807 3918 manducare
2840 3869 2899 3919 et
2926 3860 3140 3928 bibere,
3173 3862 3228 3915 in
3270 3861 3501 3932 gloriam

1914 3958 2014 4013 Dei
2053 3956 2305 4028 praecipit
2357 3955 2664 4027 agere;ait
2691 3956 2838 4010 enim
2882 3971 2898 4009 :
2933 3952 3054 4009 Sive
3105 3954 3439 4008 manducatis
3483 3993 3500 4020 ,

1912 4052 2020 4106 sive
2071 4049 2262 4109 bibitis,
2294 4048 2400 4102 sive
2416 4046 2565 4100 aliud
2590 4046 2716 4117 quid
2748 4046 2929 4117 agitis,
2957 4044 3137 4099 omnia
3182 4043 3236 4097 in
3271 4042 3503 4114 gloriam

1916 4142 2013 4197 Dei
2040 4142 2198 4212 facite
2220 4142 2286 4194 '9.
2316 4138 2385 4194 At
2413 4139 2634 4194 divinus
2651 4138 2889 4194 Joannes
2904 4135 3505 4205 homicidioadaequans

1914 4233 2124 4297 odium,
2143 4231 2233 4302 qui
2270 4229 2397 4293 odit,
2413 4228 2610 4298 inquit,
2635 4228 2855 4298 fratrem
2875 4243 3029 4282 suum
3048 4225 3308 4281 homicida
3330 4234 3404 4280 est
3426 4223 3497 4275 “’.

1984 4325 2074 4379 Vl.
2099 4322 2345 4379 Charitas
2363 4323 2541 4375 omnia
2558 4321 2759 4392 suffert,
2787 4322 2964 4375 omnia
2993 4320 3235 4373 sustinet.
3254 4316 3502 4374 Charitas

1918 4432 2193 4487 nunquam
2215 4413 2492 4468 excidit“.
2543 4411 2669 4468 Ilzec
2704 4411 2897 4476 verba,
2936 4428 3210 4483 nunquam
3254 4410 3447 4464 excidit
3481 4450 3498 4476 ,

230 4515 375 4554 πτει
392 4541 407 4565 ,
446 4501 603 4554 τοῦτο
630 4500 915 4572 δηλοῦντός
941 4502 1090 4555 ἐστιν
1110 4517 1123 4532 ⁸
1160 4502 1352 4573 ὅτιπερ
1380 4503 1428 4555 oi
1452 4503 1558 4555 τῶν
1585 4502 1805 4573 εἰρημέ-

1920 4517 2048 4565 sunt
2077 4510 2216 4580 ejus,
2277 4506 2369 4575 qui
2399 4505 2711 4577 signiﬁcare
2762 4504 2938 4583 velit:
2994 4520 3109 4567 eos,
3173 4502 3269 4575 qui
3336 4518 3502 4572 supra

230 4608 353 4645 νων
381 4591 730 4662 χαρισμάτων
762 4590 855 4645 τοῦ
883 4592 1199 4661 Πνεύματος
1230 4591 1601 4662 ἐπιτυχόντες,
1642 4594 1808 4662 μήπω

229 4682 298 4738 δε
355 4682 442 4736 διὰ
486 4686 582 4755 τῆς
630 4683 1009 4755 πληρεστάτης
1055 4683 1149 4737 καὶ
1180 4682 1434 4753 ἐνεργοῦς
1469 4684 1688 4753 ἀγάπης
1719 4682 1812 4736 τοῦ

231 4774 565 4844 Πνεύματος
612 4774 713 4845 τῆς
755 4776 929 4845 ἄκρας
963 4774 1071 4827 τῶν
1100 4772 1290 4828 παθῶν
1321 4773 1630 4843 ἐλευθερίας
1656 4773 1819 4837 ἀξιω-

234 4868 453 4931 Θέντες,
479 4867 689 4920 οὐδέπω
711 4867 804 4920 τοῦ
828 4867 1104 4937 ἀσφαλοῦς
1126 4866 1352 4937 ἥψαντον
1378 4867 1491 4919 ἀλλ’
1511 4868 1569 4921 ὲν
1592 4866 1822 4937 κινδύνῳ

234 4959 328 5012 ἔτι
360 4958 452 5011 καὶ
479 4958 627 5028 φόϐῳ
655 4958 723 5011 τὰ
750 4959 874 5013 καθ’
903 4959 1129 5022 ἑαυτοὺς
1154 4958 1374 5027 ἕστηκε,
1392 4957 1480 5011 διὰ
1499 4957 1565 5011 τὰ
1586 4974 1825 5027 πνευμα-

234 5050 380 5105 τικὰ
428 5050 526 5119 τῆς
573 5051 857 5121 πονηρίας.
914 5049 1087 5104 Τοῦτο
1121 5050 1230 5120 γὰρ
1271 5049 1331 5102 τὸ
1369 5049 1586 5119 μέτρον,
1626 5049 1822 5121 μηκέτι

237 5142 358 5195 ὑπὸ
387 5142 588 5195 πτῶσιν
614 5142 673 5195 δν
690 5184 705 5209 ,
744 5143 878 5214 μηδὲ
907 5142 1078 5206 πάθος
1105 5141 1351 5206 ὑπέδειξε
1372 5140 1613 5195 τοιοῦτον
1638 5141 1819 5211 ὑπάρ-

235 5252 345 5304 χον
365 5274 379 5297 ,
413 5234 485 5297 ὡς
517 5235 767 5303 γλῶσσαν
796 5236 1041 5306 ἀγγέλων
1060 5274 1077 5301 ,
1111 5236 1204 5289 καῖ⁵
1237 5234 1574 5305 προφητείαν
1594 5277 1607 5299 ,
1645 5234 1824 5288 πᾶσάν

236 5344 307 5380 τε
343 5327 441 5397 τὴν
465 5328 683 5395 γνῶσιν,
710 5330 805 5382 καὶ
825 5328 892 5382 τὰ
915 5328 1025 5381 τῶν
1054 5328 1298 5397 ἰαμάτων
1323 5326 1639 5399 χαρίσματα
1662 5326 1826 5399 μηδὲν

241 5415 420 5484 εἶναι,
455 5420 589 5491 πρὸς
617 5421 795 5473 ἐκεῖνο
824 5418 1304 5492 παραϐαλλόμενα.

1909 4608 2211 4656 memorata
2245 4598 2573 4653 charismata
2606 4596 2845 4666 Spiritus
2891 4594 3130 4651 assecuti
3176 4603 3327 4661 sunt,
3369 4608 3507 4648 non-

1912 4691 2043 4746 dum
2097 4698 2281 4745 autem
2316 4705 2415 4760 per
2442 4688 2815 4760 plenissimam
2844 4695 2901 4743 et
2930 4685 3207 4741 eliicacem
3260 4682 3502 4741 Charita-

1922 4792 2036 4839 tem
2079 4783 2320 4854 Spiritus
2355 4798 2567 4837 summa
2596 4797 2627 4836 a
2683 4779 3037 4851 passionibus
3084 4777 3343 4833 libertate
3376 4784 3506 4832 sunt

1922 4875 2155 4947 dignati,
2188 4874 2433 4929 nondum
2468 4873 2827 4929 securitatem
2857 4870 3134 4941 attigisse:
3166 4867 3262 4923 sed
3278 4868 3334 4947 in
3360 4867 3506 4938 peri-

1929 4970 2056 5025 culo
2086 4968 2267 5023 adhuc
2290 4975 2343 5022 et
2384 4967 2581 5021 timore
2626 4980 2716 5020 res
2758 4965 3003 5035 ipsorum
3061 4971 3228 5026 stare,
3279 4967 3506 5031 propter

1931 5060 2241 5131 Spiritualia
2269 5058 2548 5128 nequitiae.
2602 5057 2771 5111 Istam
2813 5056 2961 5111 enim
3000 5067 3313 5109 mensuram
3360 5051 3505 5106 haud

1931 5151 2113 5206 adhuc
2141 5149 2282 5206 infra
2319 5148 2614 5204 discrimen
2648 5148 2834 5217 lapsus
2861 5160 2928 5200 ex
2970 5142 3383 5215 perturbatione
3409 5153 3507 5197 ve-

1933 5242 2175 5297 bementi
2202 5283 2217 5308 ,
2260 5240 2617 5297 constitutam
2697 5253 2818 5295 esse
2863 5233 3102 5292 ostendit
3147 5248 3295 5288 :nec
3343 5232 3505 5288 talem

1931 5350 2074 5401 esse,
2138 5335 2227 5389 cui
2308 5335 2509 5405 lingua:
2576 5328 2942 5404 angelorum,’
2969 5326 3281 5398 prophetia,
3329 5324 3507 5379 omnis

1935 5427 2185 5494 scicntia,
2228 5436 2286 5484 et
2334 5428 2679 5484 curationum
2712 5423 2983 5481 charisma
3007 5426 3341 5492 comparata,
3368 5416 3506 5473 nihil

1936 5521 2067 5577 sint.

323 5716 371 5789 ’ξ
400 5714 541 5773 Psal.
572 5715 899 5789 cxvnt,i28_.
937 5716 1015 5789 L"
1050 5715 1191 5789 Psal.
1225 5733 1319 5785 ιιι,
1362 5718 1415 5773 6.
1492 5719 1536 5752 ³³
1568 5720 1708 5775 Psal.
1741 5738 1794 5781 γ,

1940 5722 1984 5755 ³⁵
2033 5722 2360 5783 Psal.xxvn,
2388 5720 2444 5774 5.
2503 5721 2547 5754 ⁸⁸
2581 5720 2713 5777 Luc.
2740 5717 2926 5789 v1,26.
3006 5716 3047 5749 ³⁷
3070 5711 3260 5770 Matth.
3300 5727 3372 5778 vr,
3418 5707 3506 5767 i6.

242 5786 301 5822 ”
341 5786 501 5844 Joan.
542 5804 596 5855 v,
625 5787 715 5842 Μ.
792 5787 893 5861 ³911
926 5785 1052 5843 Cor.
1086 5803 1138 5855 v,
1171 5788 1260 5843 3|.
1291 5814 1301 5829 ι
1338 5790 1380 5821 ³⁵
1410 5790 1427 5844 l
1458 5789 1615 5846 Joan.
1641 5807 1719 5859 ιιι,
1760 5793 1843 5848 15.

1919 5793 1961 5826 δ’
1994 5793 2014 5847 Ι
2050 5792 2173 5849 Cor.
2209 5808 2324 5861 xm,
2359 5791 2522 5862 7,13.
