4044 6566
541 344 648 416 847

1778 351 1840 411 S.
1880 346 2203 409 MACARII
2246 345 2566 409 [EGYPTII

3720 340 3829 404 848

608 461 722 517 νιῐ.
760 462 867 518 Per
901 462 1009 520 hoc
1060 464 1419 536 perfectionis
1454 461 1755 519 declaravit
1777 474 2026 531 scopum,
2058 465 2119 512 ut

2295 458 2369 510 Ζ’.
2406 456 2504 510 Διὰ
2526 454 2684 509 τοῦτο
2712 456 2810 526 τῆς
2835 456 3171 528 τελειότητος
3200 455 3449 528 ὑπέφηνε
3476 454 3569 509 τὸν
3598 455 3825 508 σκοπός⁹

541 553 925 626 unusquisque
967 572 1203 627 egenum
1226 573 1282 612 se
1313 562 1586 610 tantarum
1620 551 1935 607 divitiarum
1967 564 2127 604 reco-

541 658 811 717 gnoscens
834 643 1068 699 ferventi
1097 651 1585 715 etperseveranter
1612 639 1983 696 contendente
2014 637 2130 707 spi-

541 734 658 788 ritu
724 750 897 804 usque
969 735 1038 790 ad
1100 736 1351 790 ultimum
1403 734 1669 799 festinet,
1723 741 1779 787 et
1849 729 2130 801 spirituale

541 822 626 876 sic
700 832 989 893 percurrat
1041 824 1278 880 stadium
1313 863 1329 890 ,
1419 823 1596 878 donec
1653 821 2128 891 comprehendat,

550 910 696 965 sicut
736 913 945 967 dictum
1001 921 1088 968 est
1125 926 1143 960 ι
1199 910 1288 969 Sic
1346 912 1562 977 currite,
1618 918 1675 962 ut
1723 908 2132 978 comprehenda-

545 1004 612 1061 ιὶε
644 1003 711 1060 δ’.

613 1095 752 1149 VIII.
803 1095 1091 1169 Abnegare
1122 1112 1179 1152 se
1209 1098 1391 1168 ipsum
1434 1098 1540 1152 hoc
1567 1104 1701 1169 puta
1734 1110 1856 1152 esse
1890 1111 1907 1149 :
1945 1106 2132 1163 prom-

542 1198 699 1261 ptum
743 1204 801 1245 se
831 1190 899 1245 ad
955 1192 1140 1246 omnia
1169 1192 1505 1248 fraternitati
1523 1192 1793 1262 praebere,
1827 1186 2131 1245 etinnullo

542 1298 771 1356 prorsus
805 1284 1078 1341 voluntati
1126 1285 1370 1356 propriae
1393 1284 1658 1355 obsequi;
1684 1298 1789 1338 nec
1832 1282 2001 1337 ullius
2033 1294 2092 1333 se
2112 1318 2126 1343 ,

539 1383 741 1449 prater
772 1375 945 1430 solam
1002 1385 1231 1443 vestem,
1266 1377 1553 1433 dominum
1605 1383 1819 1447 putare,
1877 1382 1941 1428 ut
1965 1370 2132 1425 undi-

542 1482 653 1536 que
691 1467 981 1537 expeditus
1007 1466 1063 1521 in
1110 1468 1399 1539 procinctu
1427 1476 1534 1525 stet
1565 1467 1635 1522 ad
1656 1464 2131 1537 quidvisimpera-

541 1568 662 1614 tum
691 1574 817 1613 cum
873 1558 1073 1629 gaudio
1098 1561 1510 1630 exsequendum
1535 1603 1551 1626 ,
1605 1568 1667 1614 ut
1710 1554 2042 1626 mancipium
2070 1570 2129 1609 se

542 1647 717 1704 habet
749 1648 1015 1706 adverSus
1039 1665 1233 1705 omnes
1262 1669 1277 1717 ;
1304 1650 1544 1706 maxime
1602 1657 1788 1704 autem
1819 1646 2130 1719 praepositis

538 1735 902 1806 obsequatur,
931 1734 1153 1791 Christo
1180 1735 1578 1806 obtemperans
1600 1734 1807 1791 dicenti
1850 1752 1864 1788 :
1897 1731 2128 1799 Quivult

2236 548 2316 601 ἶν’
2368 548 2599 612 ἕκαστος
2658 551 2895 618 πτωχεῖν
2948 549 3141 605 ἐαυτὸν
3194 550 3304 603 ἀπὸ
3354 548 3451 603 τοῦ
3497 547 3828 619 τηλικούτου

2231 639 2465 695 πλούτου
2496 640 2892 709 διαγινώσκων,
2926 640 3116 712 θερμῷ
3146 641 3225 711 τῷ
3254 641 3531 711 πνεύματι
3568 640 3670 693 καὶ
3700 656 3830 691 συν-

2230 733 2368 803 τόνῳ
2398 731 2530 803 πρὸς
2555 733 2616 785 τὸ
2642 732 2868 803 ἔσχατον
2892 733 3309 802 κατεπείγηται,
3327 732 3422 785 τὸν
3448 731 3829 800 πνευματικὸν

2230 824 2373 880 οῦτω
2403 824 2570 896 τρέχῃ
2602 825 2801 896 δρόμον
2824 864 2839 890 ,
2879 825 3044 896 ἄχρις
3073 824 3139 878 ἂν
3169 824 3451 895 καταλάϐῃ
3476 864 3489 888 ,
3529 823 3717 887 καθὼς
3750 823 3828 874 εί-

2230 931 2415 989 ρηται·
2458 916 2622 970 Οὕτω
2652 915 2908 987 τρέχετε,
2942 917 3045 971 ἵνα
3065 916 3460 983 καταλάϐητε.

2304 1090 2387 1143 ιιι.
2445 1085 2520 1141 Τὸ
2563 1087 2989 1160 ἀπαρνήσασθαι
3022 1089 3215 1142 ἑαυτὸν
3246 1087 3407 1142 τοῦτο
3435 1087 3634 1157 νόμιζε
3666 1082 3827 1140 εἶναι’

2230 1179 2292 1235 τὸ
2324 1179 2537 1234 ἔκδοτον
2573 1180 2653 1242 είς
2686 1180 2834 1234 ἆπαν
2885 1183 2953 1252 τῇ
2985 1180 3311 1251 ἀδελφότητι
3344 1182 3698 1250 παρασχεῖν,
3736 1184 3829 1233 καὶ

2232 1273 2498 1344 θελήματι
2551 1272 2667 1343 ἰδίῳ
2712 1273 3027 1326 παντάπασι
3080 1273 3153 1343 μὴ
3198 1276 3465 1343 στοιχεῖν·
3506 1275 3655 1344 μήτε
3686 1274 3831 1334 me;

2231 1358 2421 1429 κύριον
2448 1353 2586 1412 εἶναι
2609 1399 2623 1424 ,
2658 1360 2741 1413 ὅτι
2774 1360 2850 1431 μὴ
2877 1360 2972 1413 τοῦ
2996 1361 3294 1432 ἐνδύματος
3324 1363 3488 1432 μόνον
3512 1378 3527 1392 ’
3570 1364 3664 1415 ἵνα
3692 1363 3831 1414 πάν-

2230 1450 2386 1507 τοθεν
2434 1452 2623 1514 ἄνετος
2666 1451 2777 1516 ὢν,
2827 1452 2938 1505 τῶν
2982 1452 3421 1523 ἐπιταττομένων
3456 1455 3615 1523 αύτῴ
3669 1456 3831 1525 μόνον

2234 1542 2372 1613 μετά
2400 1544 2572 1612 χαρᾶς
2602 1542 2815 1614 ἔχηται,
2845 1543 2921 1605 ὠς
2952 1543 3017 1598 ἄν
3045 1560 3130 1606 τις
3159 1545 3553 1617 ἀργυρώνητος
3581 1546 3665 1598 ὣν
3694 1548 3833 1615 qm;

2230 1634 2480 1698 πάντας,
2536 1634 2630 1689 καὶ
2683 1636 2917 1704 μάλιστα
2964 1636 3093 1698 τοὺς
3136 1637 3564 1707 ἐξηγουμένους,
3604 1638 3832 1709 Χριστῷ

2232 1726 2558 1797 πειθόμενος
2602 1726 2682 1795 τῷ
2726 1726 2933 1780 εἰπόντι
2955 1742 2969 1756 ⁵
3015 1726 3070 1779 '0
3100 1727 3295 1783 θέλων
3323 1730 3396 1783 ἐν
3418 1730 3569 1799 ὑμῖν
3596 1729 3832 1797 πρῶτος

537 1827 680 1883 inter
710 1845 799 1882 vos
841 1830 1043 1898 primus
1075 1844 1186 1884 esse
1223 1837 1272 1885 et
1299 1845 1522 1902 magnus
1552 1868 1567 1895 ,
1605 1829 1673 1882 sit
1700 1828 1935 1882 omnium
1965 1826 2121 1881 mini-

2228 1814 2373 1874 εἶναι
2402 1819 2501 1873 καὶ
2518 1818 2726 1889 μέγας,
2748 1819 2903 1873 ἔστω
2927 1816 3171 1874 πάντων
3194 1819 3497 1888 διάκονος,
3521 1822 3626 1877 καὶ
3648 1823 3825 1891 ἐσχα-

536 1931 666 1985 δίεν,
694 1928 745 1973 et
768 1918 1007 1987 ultimus,
1040 1930 1091 1974 et
1111 1937 1292 1976 servus
1323 1921 1370 1954 "
1401 1938 1416 1987 ;
1451 1937 1559 1976 non
1585 1920 1837 1991 gloriam,
1862 1919 2131 1973 honorem

537 2023 636 2072 aut
686 2010 906 2067 laudem
938 2026 1178 2080 venans;
1212 2028 1324 2066 non
1368 2010 1437 2066 ad
1486 2010 1709 2066 oculum
1737 2008 2003 2073 serviens,
2034 2014 2131 2061 aut

534 2104 761 2180 placere
794 2102 1120 2158 hominibus
1149 2101 1418 2168 studens;
1444 2101 1541 2157 sed
1598 2100 1907 2155 debitorem
1947 2113 2006 2153 se
2031 2113 2131 2167 per

537 2195 723 2257 omnia
792 2204 1055 2269 reputans
1122 2194 1418 2253 ministerii
1447 2194 1503 2250 in
1530 2193 1800 2250 charitate
1837 2200 1895 2247 et
1914 2190 2128 2262 simpli-

537 2286 705 2353 citate
731 2285 997 2351 fratribus
1025 2285 1353 2341 exhibendi.

598 2378 694 2433 lX.
724 2377 1054 2449 Prmpositos
1079 2375 1463 2438 fraternitatis.
1497 2373 1649 2445 operi
1686 2389 1881 2446 magno
1935 2372 2128 2429 admo«

534 2480 647 2536 tos,
670 2471 935 2525 adversus
957 2478 1147 2525 contra
1183 2467 1463 2524 molientis
1490 2468 1712 2524 malitiae
1750 2469 1985 2524 artificia
2028 2468 2127 2525 de«

532 2574 747 2622 certare
776 2581 876 2635 per
896 2564 1263 2620 humilitatem
1295 2572 1536 2634 oportet,
1563 2580 1632 2618 ne
1654 2564 1790 2619 vitio
1822 2562 2122 2634 superbiae,

531 2663 598 2709 ut
645 2655 701 2708 in
731 2654 929 2708 fratres
952 2653 1089 2723 ipsis
1125 2652 1380 2709 subditos
1432 2652 1802 2721 dominantes,
1834 2653 1957 2709 vice
1982 2653 2123 2709 lucri

530 2745 780 2811 maximi,
808 2745 1075 2800 damnum
1108 2744 1270 2800 nobis
1315 2744 1449 2816 ipsis
1502 2760 1882 2815 procuremus.
1932 2744 2040 2800 Sed
2063 2753 2125 2800 ut

532 2834 927 2900 misericordes
952 2834 1163 2904 Patres,
1198 2835 1405 2905 quique
1449 2835 1635 2906 potius
1678 2846 1909 2907 propter
1946 2836 2121 2890 Deum

532 2943 593 2997 ae
622 2926 954 2983 fraternitati
985 2927 1052 2982 ad
1070 2927 1445 2995 serviendum,
1469 2928 1831 2999 corporaliter
1859 2937 1916 2983 et
1951 2927 2121 2998 spiri-

533 3020 760 3075 tualiter
788 3018 1137 3085 dediderint,
1168 3033 1361 3077 eorum
1386 3026 1448 3072 ut
1473 3020 1569 3083 Dei
1610 3019 1847 3083 ﬁliorum
1885 3020 2119 3090 diligen-

533 3121 646 3183 tem
684 3112 739 3165 in
758 3111 1016 3180 omnibus
1041 3126 1229 3166 curam
1260 3122 1491 3183 gerant;
1546 3113 1831 3184 arguendo
1858 3113 1952 3167 ubi
1984 3129 2119 3168 con-

534 3203 727 3268 venit,
779 3202 875 3257 ubi
944 3209 1164 3273 oportet
1207 3203 1577 3269 consolando;
1616 3220 1686 3259 ne
1747 3204 1976 3259 obtentu
2016 3206 2122 3260 hu-

531 3296 789 3363 militatis
842 3302 899 3350 et
933 3294 1379 3351 mansuetudinis
1440 3295 1497 3351 in
1545 3295 1870 3353 confusione
1933 3313 2122 3353 mona-

535 3387 711 3454 steria
769 3386 921 3454 sint;
968 3402 1273 3459 congruum
1330 3389 1581 3444 ordinem
1625 3390 2036 3459 przesidentium
2068 3399 2125 3446 et

534 3481 915 3551 subiectorum
938 3496 1051 3536 non
1082 3482 1394 3548 servantia;
1430 3481 1485 3537 in
1518 3491 1736 3538 secreto
1756 3491 1939 3538 autem
1967 3500 2122 3539 men-

535 3573 612 3641 tis
644 3588 833 3629 servos
868 3573 1125 3645 indignos
1168 3575 1415 3629 omnium
1480 3574 1713 3630 fratrum
1756 3591 1814 3631 se
1845 3576 1993 3646 ipsos
2031 3593 2123 3633 re-

535 3672 840 3743 putantes;
870 3674 1039 3738 atque
1074 3673 1135 3727 ut
1172 3664 1305 3725 boni
1345 3665 1650 3738 paedagogi,
1697 3667 1902 3738 quibus
1961 3668 2125 3739 spiri-

536 3756 716 3811 tuales
752 3756 849 3826 ﬁlii
878 3756 1185 3824 concrediti
1220 3766 1371 3824 sunt,
1408 3773 1534 3814 cum
1569 3759 1717 3814 omni
1739 3760 2122 3817 benevolentia

532 3856 592 3920 et
620 3847 717 3902 Dei
749 3847 945 3917 timore
963 3865 1413 3921 unumquemque
1447 3849 1679 3906 fratrum
1705 3868 2030 3922 promovere
2052 3854 2122 3909 ad

534 3955 699 3995 omne
733 3939 941 3994 bonum
970 3941 1295 4009 studentes;
1336 3956 1446 3996 non
1471 3941 1683 4012 ignari,
1715 3945 2121 4015 magnamipsis

534 4040 593 4099 et
622 4031 1065 4099 inamissihilem,
1100 4031 1418 4103 laborisque
1460 4034 1738 4104 quantivis
1761 4036 2120 4095 excedentem

534 4121 818 4188 meritum,
845 4122 1145 4193 repositam
1165 4138 1288 4179 esse
1314 4124 1650 4185 mercedem.

610 4306 769 4385 172
807 4304 876 4365 Χ.
907 4306 980 4362 Ut
1011 4306 1106 4377 qui
1133 4323 1321 4369 curam
1346 4310 2035 4383 suscipiuntregendorum
2065 4323 2122 4370 et

538 4394 1014 4460 instituendorum
1062 4397 1499 4467 adolescentum,
1553 4418 1692 4472 quos
1725 4404 1993 4477 contingit
2020 4407 2121 4463 ali:

2231 1930 2367 1980 τος,
2399 1912 2501 1966 καὶ
2525 1912 2779 1979 δοῦλος,
2813 1911 2889 1982 μὴ
2916 1911 3075 1975 δόξαν
3115 1915 3211 1966 καὶ
3231 1914 3400 1984 τιμὴν
3422 1954 3440 1980 ,
3487 1916 3567 1985 μὴ
3606 1914 3829 1967 ἔπαινον

2231 2005 2622 2076 ποριζόμενος·
2669 2004 2745 2075 μὴ
2782 2004 2840 2056 ἐν
2872 2002 3333 2077 ὀφθαλμοδουλείᾳ
3376 2007 3453 2070 ὡς
3486 2007 3827 2077 ἀνθρωπάρ-

2229 2115 2392 2162 εσκος
2415 2114 2429 2128 ·
2476 2097 2592 2152 ἀλλ’
2622 2095 2906 2167 ὀφειλέτην
2940 2096 3133 2150 ἐαυτὸν
3163 2096 3252 2151 διὰ
3283 2098 3487 2162 παντὸς
3516 2100 3828 2169 ἡγούμενος

2229 2190 2329 2261 τῆς
2362 2191 2422 2243 ἐν
2456 2190 2649 2265 ἀγάπῃ
2678 2206 2738 2243 τε
2772 2188 2869 2242 καὶ
2902 2188 3169 2258 ἁπλότητι
3218 2191 3358 2263 πρὸς
3390 2192 3524 2255 τοὺς
3556 2192 3826 2260 ἀδελφοπ

2227 2280 2525 2347 διακονίας.

2298 2374 2377 2428 Θθ.
2416 2373 2556 2438 Τοὺς
2585 2374 2988 2445 ἐξηγουμένους
3014 2376 3112 2445 τῆς
3135 2374 3523 2445 ἀδελφότητος,
3544 2374 3628 2436 ὡς
3659 2375 3825 2443 μεγάο

2222 2469 2302 2540 λῳ
2332 2467 2479 2539 ἔργῳ
2508 2468 2972 2540 ἐπιϐαλλομένους
3011 2470 3147 2541 πρὸς
3174 2470 3275 2532 τὰς
3310 2469 3411 2538 τῆς
3436 2470 3651 2530 κακίας
3677 2470 3821 2520 ἀντι-

2221 2560 2445 2629 τέχνους
2479 2559 2760 2630 μεθοδείας
2787 2561 3155 2630 ἀγωνίζεσθαι
3191 2560 3280 2614 διὰ
3307 2561 3821 2630 ταπεινοφροσύνης

2222 2650 2333 2718 δεῖ,
2368 2653 2457 2707 ῖνα
2489 2652 2562 2724 μὴ
2596 2652 2756 2708 πάθει
2778 2654 3154 2726 ὑπερηφανίας
3184 2653 3260 2717 ὡς
3287 2653 3399 2707 τῶν
3427 2652 3816 2721 ὑποτεταγμέ-

2223 2762 2329 2800 νων
2343 2745 2586 2814 ἀδελφῶν
2604 2745 3132 2812 κατεξουσιάζοντες,
3147 2747 3265 2800 ἀντὶ
3285 2745 3552 2816 μεγίστου
3570 2744 3814 2814 κέρδους,

2222 2837 2424 2908 ζημίαν
2458 2838 2668 2901 ἑαυτοῖς
2696 2837 3146 2910 προξενήσωμεν·
3190 2838 3306 2893 ἀλλ’
3338 2836 3417 2901 ὡς
3444 2837 3816 2905 εὔσπλαγχνοι

2221 2934 2483 3002 πατέρες,
2516 2930 2615 2985 καὶ
2642 2930 2916 2984 δουλεύειν
2947 2931 3149 3002 μᾶλλον
3177 2932 3265 2985 διὰ
3286 2931 3379 2985 τὸν
3402 2930 3542 2985 Θεὶν
3568 2931 3817 2993 ἐκδόντες

2219 3027 2286 3097 τῇ
2322 3022 2643 3095 ἀδελφότητι
2703 3024 2927 3088 ἑαυτοὺς
2961 3025 3288 3094 σωματικῶς
3322 3041 3385 3078 τε
3429 3026 3533 3077 καὶ
3568 3042 3817 3094 πνευμα-

2223 3114 2412 3180 τικῶς,
2444 3114 2585 3185 ὑπὲρ
2610 3114 2791 3169 αὐτῶν
2821 3116 3169 3187 φροντίζωσι,
3200 3116 3296 3169 καὶ
3320 3114 3399 3179 ὡς
3421 3115 3641 3169 τέκνων
3660 3113 3814 3177 Θεοῦ,

2224 3205 2518 3269 διαπαντὸς
2550 3207 2941 3277 ἐπιμέλωνται,
2981 3206 3200 3277 ἐλέγξαι
3226 3208 3364 3260 ὅπου
3390 3206 3526 3278 χρὴ,
3560 3207 3664 3260 καὶ
3692 3210 3751 3259 ἐν
3773 3199 3815 3273 ᾧ

2224 3297 2308 3352 δεῖ
2350 3299 2775 3371 παρακαλέσαιο
2830 3299 2918 3353 ἵνα
2978 3298 3054 3371 μὴ
3104 3298 3381 3369 προφάσει
3424 3298 3815 3369 ταπεινότητος

2225 3391 2321 3444 καὶ
2357 3391 2669 3463 πραότητος
2703 3392 2762 3445 ἐν
2794 3390 3059 3462 συγχύσει
3092 3390 3162 3444 τὰ
3194 3391 3539 3461 μοναστήρια
3564 3385 3639 3460 ἦν
3666 3431 3683 3456 ,
3717 3392 3814 3461 τὴν

2227 3484 2611 3555 προσήκουσαν
2637 3482 2791 3548 τάξιν
2820 3483 2927 3537 τῶν
2956 3481 3317 3553 προεστώτων
3344 3481 3441 3534 καὶ
3473 3479 3815 3550 ὑποϐεϐηκό-

2222 3591 2333 3629 των
2375 3575 2476 3628 οὐκ
2507 3573 2862 3639 ἀποσώζοντα
2883 3591 2899 3606 ·
2953 3574 3012 3626 ἐν
3044 3573 3106 3627 δέ
3134 3591 3199 3642 γε
3228 3573 3308 3644 τῷ
3334 3575 3541 3642 ἀφανεῖ
3564 3574 3671 3641 τῆς
3694 3573 3810 3624 δια-

2224 3666 2373 3730 νοίας
2436 3667 2512 3731 ὡς
2558 3667 2779 3732 δούλους
2825 3666 3078 3733 ἀναξίους
3137 3667 3358 3721 πάντων
3406 3666 3520 3719 τῶν
3565 3664 3813 3732 ἀδελφῶν

2224 3763 2450 3826 ἑαυτοὺς
2484 3762 2779 3833 ἡγούμενοι
2802 3803 2818 3828 ,
2854 3763 2931 3825 ὡς
2966 3761 3309 3829 παιδαγωγοὶ
3342 3759 3704 3830 πνευματικὰ
3732 3759 3811 3811 τέο

2225 3872 2327 3909 κνα
2362 3855 2789 3927 πεπιστευμένοι
2813 3895 2829 3922 ,
2887 3854 3027 3925 μετά
3062 3856 3243 3924 πάσης
3269 3852 3489 3917 εὐνοίας
3523 3855 3620 3907 καὶ
3648 3854 3807 3921 φόϐου

2222 3944 2358 4000 Θεοῦ
2414 3946 2646 4000 ἕκαστον
2705 3945 2815 4000 τῶν
2862 3945 3109 4015 ἀδελφῶν
3161 3946 3522 4016 καταρτίζειν
3576 3947 3662 4007 εἰς
3708 3947 3807 3999 πᾶν

2222 4039 2429 4107 ἀγαθὸν
2475 4039 2904 4104 σπουδάζοντεςθ
2965 4038 3039 4110 μὴ
3089 4037 3414 4107 ἀγνοοῦντες
3443 4078 3459 4103 ,
3504 4039 3590 4091 ὅτι
3641 4038 3806 4105 μέγας

2223 4131 2407 4194 αὐτοῖς
2456 4128 2553 4183 καὶ
2604 4129 2966 4202 ἀναφαίρετος
2996 4132 3024 4184 ὁ
3053 4130 3192 4201 ὑπὲρ
3213 4128 3308 4183 τοῦ
3336 4129 3592 4200 καμάτου
3623 4130 3804 4201 μισθὸς

2222 4220 2563 4292 ταμιεύεται.

2293 4313 2570 4381 1¹.Ὣσπερ
2591 4312 2640 4365 οί
2663 4311 3028 4381 παιδαγωγεῖν
3051 4311 3176 4375 τοὺς
3198 4313 3352 4376 νέους
3373 4313 3802 4382 παραλαϐόντες.

2224 4402 2372 4458 ἔστιν
2426 4404 2515 4456 ὅτε
2565 4402 2661 4456 καὶ
2700 4402 2971 4467 δεσπότας
3000 4402 3161 4466 ὄντας
3195 4402 3378 4469 ἰδίους,
3414 4405 3535 4458 ἀλλ’
3562 4401 3661 4458 οῦν
3691 4424 3803 4458 παι·

534 4485 758 4563 quando
782 4494 838 4553 et
870 4487 1129 4557 proprios
1180 4489 1425 4559 ipsorum
1458 4506 1579 4547 esse
1611 4492 1899 4563 dominos;
1934 4504 2116 4551 tamen

2228 4493 2371 4557 δείας
2404 4492 2566 4563 χάριν
2609 4491 2703 4546 καὶ
2736 4491 3035 4561 εὐκοσμίας
3064 4491 3212 4563 ἠθῶν
3246 4493 3347 4547 οὐκ
3376 4494 3635 4549 ὀκνοῦσιν
3668 4496 3803 4564 ὅμως

534 4587 601 4630 ut
647 4576 940 4647 disciplina
981 4594 1077 4634 eos
1107 4580 1315 4643 salubri
1348 4581 1633 4649 imbuant,
1654 4594 1710 4641 et
1744 4601 1927 4643 mores
1962 4588 2109 4657 ipso-

532 4682 657 4735 rum
700 4667 965 4724 honestos
987 4668 1251 4741 forment,
1293 4689 1402 4728 non
1432 4685 1763 4732 cunctantur
1810 4694 1906 4734 eos
1937 4678 2111 4737 inter-

532 4760 663 4821 dum
693 4761 868 4832 plagis
897 4762 1064 4818 etiam
1116 4780 1313 4836 magna
1339 4766 1595 4831 libertate
1643 4771 1919 4841 impositis
1948 4773 2113 4827 casti-

529 4867 660 4921 gare
692 4868 706 4917 ;
741 4852 820 4921 sic
852 4864 1073 4923 oportet
1105 4863 1161 4910 et
1186 4857 1531 4927 praepositos,
1565 4877 1673 4915 non
1696 4862 1790 4918 ira:
1815 4864 2108 4933 perturba-

528 4943 700 5007 tione,
747 4952 843 4998 aut
900 4943 1047 5013 fastu
1125 4948 1434 5017 superbia};
1492 4966 1672 5021 neque
1709 4960 1772 5008 ut
1841 4968 1902 5009 se
1954 4954 2107 5023 ipsos

526 5034 880 5098 ulciscentes,
911 5037 1127 5105 allicere
1159 5055 1322 5110 ptena
1350 5044 1546 5107 merita
1570 5060 1667 5099 eos
1713 5060 1782 5105 ex
1819 5045 2105 5109 fratribus,

2218 4585 2316 4638 καὶ
2359 4583 2575 4655 πληγὰς
2622 4583 2807 4647 αὐτοῖς
2850 4584 3133 4647 ἐντεῖναι,
3185 4584 3326 4637 κατά
3357 4585 3568 4653 πολλὴν
3594 4587 3798 4640 ἄδειαν⁸

2218 4676 2359 4737 οὕτω
2394 4676 2478 4729 δεῖ
2506 4674 2600 4728 καὶ
2628 4675 2755 4737 τοὺς
2783 4674 3135 4744 προεστῶτας
3158 4714 3174 4739 ,
3213 4675 3274 4727 ού
3307 4675 3473 4729 πάθει
3506 4676 3686 4746 θυμοῦ
3717 4678 3800 4729 καὶ

2217 4768 2687 4841 ύψηλοφροσύνης,
2716 4765 2824 4820 οὐδ’
2852 4766 2927 4830 ὡς
2954 4766 3178 4830 ἑαυτοὺς
3204 4755 3575 4834 ἐκδικοῦντες,
3606 4768 3799 4837 ἀμύνει

2217 4856 2344 4912 σθαι
2380 4857 2509 4920 τοὺς
2546 4856 2795 4919 παιδείας
2829 4855 2973 4923 τινὸς
2997 4857 3107 4909 τῶν
3131 4856 3375 4926 ἀδελφῶν
3400 4859 3797 4928 ὲπιδεομὲνους,

2215 4949 2353 5005 ἀλλὰ
2384 4948 2711 5020 σπλάγχνοις
2736 4932 3030 5021 χρηστοῖς,
3071 4950 3167 5003 καὶ
3209 4950 3402 5020 σκοπῷ
3434 4953 3797 5020 πνευματπκῇς

2215 5040 2509 5110 ὠφελείας,
2547 5039 2644 5109 τὴν
2671 5040 3008 5111 ἐπιστροφὴν
3040 5039 3267 5105 ἐκείνων
3298 5040 3658 5110 ἐργάζεσθαι.

527 5128 623 5207 qui
662 5131 1003 5198 correctione
1039 5131 1289 5203 indigent
1326 5135 1510 5205 aliqua
1536 5154 1551 5204 ;
1576 5152 1767 5192 verum
1813 5137 1868 5203 id
1899 5137 2106 5197 faciant
2137 5134 2395 5205 benignis
2422 5132 2738 5191 visceribus
2774 5141 2833 5189 et
2887 5147 3119 5203 sc0pum
3174 5133 3461 5189 intuentes
3493 5144 3666 5190 unum
3693 5134 3793 5205 spi-

526 5217 744 5283 ritualis
770 5218 1018 5290 ipsorum
1063 5222 1341 5292 utilitatis,
1390 5235 1451 5281 ut
1506 5238 1807 5299 operentur
1866 5230 2115 5301 ipsorum
2152 5224 2595 5284 conversionem.

603 5311 697 5367 XI.
736 5313 906 5371 Multo
934 5317 1141 5383 studio,
1168 5322 1548 5387 contentione,
1590 5338 1747 5390 cura,
1782 5325 2115 5381 etcertami-

525 5420 596 5473 ηε
621 5422 913 5476 possumus
928 5409 1253 5467 charitatem
1300 5414 1355 5469 in
1378 5415 1551 5471 Deum
1605 5417 1913 5487 acquirere,
1936 5420 2107 5489 gratia

526 5500 584 5555 et
617 5493 764 5552 dono
789 5496 1021 5564 Christi,
1060 5501 1156 5570 qui
1216 5499 1486 5557 formatur
1536 5504 1590 5558 in
1636 5506 1819 5560 nobis.
1878 5506 1957 5560 Ex
2006 5506 2112 5561 hoc

526 5600 747 5659 quoque
789 5592 970 5661 primo
1007 5593 1089 5650 sic
1115 5595 1335 5665 expleto
1365 5598 1644 5662 mandato,
1701 5598 1768 5654 ad
1798 5599 2103 5655 secundum

602 5793 693 5859 ρει
724 5794 852 5850 Cor.
885 5814 958 5865 IS,
992 5800 1045 5855 ι.
1122 5802 1165 5833 ⁸³
1186 5799 1375 5865 Matth.
1397 5819 1486 5869 xx,
1520 5803 1609 5865 27-

2295 5320 2399 5373 lA'.
2429 5318 2554 5371 ’Ότι
2588 5317 2678 5371 διὰ
2707 5316 2906 5388 πολλῆς
2937 5316 3171 5389 σπουδῆς
3200 5318 3295 5372 καὶ
3320 5318 3513 5382 πόνου,
3541 5319 3788 5390 μερίμνης

2220 5430 2281 5467 τε
2328 5413 2424 5467 καὶ
2457 5411 2669 5479 ἀγῶνος
2704 5411 2802 5484 τὴν
2835 5410 2972 5481 πρὸς
2996 5411 3129 5465 Θεὸν
3158 5411 3381 5482 ἀγάπην
3410 5412 3629 5467 δυνατοὶ
3657 5414 3785 5481 de-

2225 5505 2368 5577 μεθα
2408 5506 2718 5575 κτήσασθαι
2752 5504 2934 5575 χάριτι
2979 5502 3075 5557 καὶ
3104 5502 3282 5574 δωρεᾷ
3309 5503 3555 5573 Χριστοῦ
3592 5505 3647 5556 ἐν
3672 5502 3784 5570 ἡμῖν

2219 5600 2716 5674 διαμορφουμένου.
2766 5600 2860 5653 Ἐκ
2904 5598 2961 5652 δὲ
3002 5596 3206 5667 ταύτης
3258 5599 3353 5650 καὶ
3401 5599 3504 5668 τὴν
3550 5595 3784 5666 δευτέραν
