  <div class='ocr_page' id='page_1' title='image "/cluster/home/n/w/nwhite01/storage/ocr_20150623/34/hvd.32044019207760/436.png"; bbox 0 0 4044 6520; ppageno 0'>
   <div class='ocr_carea' id='block_1_1' title="bbox 156 357 264 422">
    <p class='ocr_par' dir='ltr' id='par_1_1' title="bbox 156 357 264 422">
     <span class='ocr_line' id='line_1_1' title="bbox 156 357 264 422; baseline 0 0"><span class='ocrx_word' id='word_1_1' title='bbox 156 357 264 422; x_wconf 58' lang='grc'><strong>849</strong></span> 
     </span>
    </p>
   </div>
   <div class='ocr_carea' id='block_1_2' title="bbox 1083 366 2514 430">
    <p class='ocr_par' dir='ltr' id='par_1_2' title="bbox 1083 366 2514 430">
     <span class='ocr_line' id='line_1_2' title="bbox 1083 366 2514 430; baseline -0.001 -3"><span class='ocrx_word' id='word_1_2' title='bbox 1083 367 1313 428; x_wconf 81' lang='lat' dir='ltr'><strong>LIBER</strong></span> <span class='ocrx_word' id='word_1_3' title='bbox 1354 368 1452 429; x_wconf 90' lang='lat' dir='ltr'><strong>DE</strong></span> <span class='ocrx_word' id='word_1_4' title='bbox 1493 367 2016 430; x_wconf 85' lang='lat' dir='ltr'><strong>PERFECTIONE</strong></span> <span class='ocrx_word' id='word_1_5' title='bbox 2055 368 2137 430; x_wconf 86' lang='lat' dir='ltr'><strong>IN</strong></span> <span class='ocrx_word' id='word_1_6' title='bbox 2180 366 2514 428; x_wconf 76' lang='lat' dir='ltr'><strong>SPIBITU.</strong></span> 
     </span>
    </p>
   </div>
   <div class='ocr_carea' id='block_1_3' title="bbox 3311 359 3418 423">
    <p class='ocr_par' dir='ltr' id='par_1_3' title="bbox 3311 359 3418 423">
     <span class='ocr_line' id='line_1_3' title="bbox 3311 359 3418 423; baseline 0 -1"><span class='ocrx_word' id='word_1_7' title='bbox 3311 359 3418 423; x_wconf 79' lang='lat'><strong>850</strong></span> 
     </span>
    </p>
   </div>
   <div class='ocr_carea' id='block_1_4' title="bbox 156 468 1729 551">
    <p class='ocr_par' dir='ltr' id='par_1_4' title="bbox 156 468 1729 551">
     <span class='ocr_line' id='line_1_4' title="bbox 156 468 1729 551; baseline 0.008 -29"><span class='ocrx_word' id='word_1_8' title='bbox 156 468 302 538; x_wconf 80' lang='grc' dir='ltr'>φημὶ</span> <span class='ocrx_word' id='word_1_9' title='bbox 330 470 570 542; x_wconf 76' lang='grc' dir='ltr'>ἐντολὴν,</span> <span class='ocrx_word' id='word_1_10' title='bbox 603 472 700 544; x_wconf 82' lang='grc' dir='ltr'><strong>τὴν</strong></span> <span class='ocrx_word' id='word_1_11' title='bbox 731 474 867 546; x_wconf 88' lang='grc' dir='ltr'>πρὸς</span> <span class='ocrx_word' id='word_1_12' title='bbox 894 476 986 531; x_wconf 90' lang='grc' dir='ltr'><strong>τὸν</strong></span> <span class='ocrx_word' id='word_1_13' title='bbox 1014 477 1244 549; x_wconf 89' lang='grc' dir='ltr'>πλησίον</span> <span class='ocrx_word' id='word_1_14' title='bbox 1268 477 1513 548; x_wconf 79' lang='grc' dir='ltr'><strong>ἀγάπην,</strong></span> <span class='ocrx_word' id='word_1_15' title='bbox 1542 479 1729 551; x_wconf 72' lang='grc' dir='ltr'>ῥαδίως</span> 
     </span>
    </p>
   </div>
   <div class='ocr_carea' id='block_1_5' title="bbox 1834 468 3418 551">
    <p class='ocr_par' dir='ltr' id='par_1_5' title="bbox 1843 469 3418 547">
     <span class='ocr_line' id='line_1_5' title="bbox 1843 469 3418 547; baseline -0.006 -14"><span class='ocrx_word' id='word_1_16' title='bbox 1843 478 2022 534; x_wconf 83' lang='lat' dir='ltr'><strong>facilis</strong></span> <span class='ocrx_word' id='word_1_17' title='bbox 2065 477 2259 534; x_wconf 88' lang='lat' dir='ltr'><strong>eadem</strong></span> <span class='ocrx_word' id='word_1_18' title='bbox 2290 493 2393 547; x_wconf 87' lang='lat' dir='ltr'><strong>ope</strong></span> <span class='ocrx_word' id='word_1_19' title='bbox 2427 473 2588 530; x_wconf 90' lang='lat' dir='ltr'><strong>nobis</strong></span> <span class='ocrx_word' id='word_1_20' title='bbox 2613 471 2897 542; x_wconf 92' lang='lat' dir='ltr'><strong>continget</strong></span> <span class='ocrx_word' id='word_1_21' title='bbox 2926 471 3213 537; x_wconf 88' lang='lat' dir='ltr'><strong>transitus,</strong></span> <span class='ocrx_word' id='word_1_22' title='bbox 3241 470 3308 525; x_wconf 88' lang='lat' dir='ltr'><strong>ad</strong></span> <span class='ocrx_word' id='word_1_23' title='bbox 3330 469 3418 524; x_wconf 85' lang='lat' dir='ltr'><strong>di-</strong></span> 
     </span>
    </p>
   </div>
   <div class='ocr_carea' id='block_1_6' title="bbox 154 560 1732 643">
    <p class='ocr_par' dir='ltr' id='par_1_6' title="bbox 154 560 1732 643">
     <span class='ocr_line' id='line_1_6' title="bbox 154 560 1732 643; baseline 0.008 -30"><span class='ocrx_word' id='word_1_24' title='bbox 154 560 505 633; x_wconf 85' lang='grc' dir='ltr'>κατορθῶσαι</span> <span class='ocrx_word' id='word_1_25' title='bbox 545 563 771 631; x_wconf 83' lang='grc' dir='ltr'>γίνεται.</span> <span class='ocrx_word' id='word_1_26' title='bbox 830 568 910 622; x_wconf 87' lang='grc' dir='ltr'><strong>Τά</strong></span> <span class='ocrx_word' id='word_1_27' title='bbox 940 568 1049 640; x_wconf 84' lang='grc' dir='ltr'>γὰρ</span> <span class='ocrx_word' id='word_1_28' title='bbox 1089 570 1278 643; x_wconf 89' lang='grc' dir='ltr'>πρῶτα</span> <span class='ocrx_word' id='word_1_29' title='bbox 1311 572 1405 624; x_wconf 73' lang='grc' dir='ltr'><strong>καὶ</strong></span> <span class='ocrx_word' id='word_1_30' title='bbox 1435 573 1732 641; x_wconf 84' lang='grc' dir='ltr'>προταττέ-</span> 
     </span>
    </p>
   </div>
   <div class='ocr_carea' id='block_1_7' title="bbox 156 650 1732 722">
    <p class='ocr_par' dir='ltr' id='par_1_7' title="bbox 156 650 1732 722">
     <span class='ocr_line' id='line_1_7' title="bbox 156 650 1732 722; baseline 0.007 -19"><span class='ocrx_word' id='word_1_31' title='bbox 156 650 270 704; x_wconf 88' lang='grc' dir='ltr'><strong>σθω</strong></span> <span class='ocrx_word' id='word_1_32' title='bbox 301 652 410 705; x_wconf 90' lang='grc' dir='ltr'><strong>τῶν</strong></span> <span class='ocrx_word' id='word_1_33' title='bbox 437 653 630 722; x_wconf 78' lang='grc' dir='ltr'>ἄλλων,</span> <span class='ocrx_word' id='word_1_34' title='bbox 667 657 763 711; x_wconf 80' lang='grc' dir='ltr'>καὶ</span> <span class='ocrx_word' id='word_1_35' title='bbox 793 658 954 714; x_wconf 85' lang='grc' dir='ltr'><strong>πλέον</strong></span> <span class='ocrx_word' id='word_1_36' title='bbox 987 661 1169 715; x_wconf 81' lang='grc' dir='ltr'>αὐτῶν</span> <span class='ocrx_word' id='word_1_37' title='bbox 1197 661 1602 714; x_wconf 76' lang='grc' dir='ltr'>σπουδευέσθωο</span> <span class='ocrx_word' id='word_1_38' title='bbox 1637 663 1732 716; x_wconf 77' lang='grc' dir='ltr'><strong>καὶ</strong></span> 
     </span>
    </p>
   </div>
   <div class='ocr_carea' id='block_1_8' title="bbox 155 746 1730 828">
    <p class='ocr_par' dir='ltr' id='par_1_8' title="bbox 155 746 1730 828">
     <span class='ocr_line' id='line_1_8' title="bbox 155 746 1730 828; baseline 0.006 -27"><span class='ocrx_word' id='word_1_39' title='bbox 155 746 299 802; x_wconf 77' lang='grc' dir='ltr'>οὕτω</span> <span class='ocrx_word' id='word_1_40' title='bbox 341 749 411 803; x_wconf 85' lang='grc' dir='ltr'><strong>τά</strong></span> <span class='ocrx_word' id='word_1_41' title='bbox 445 749 672 824; x_wconf 87' lang='grc' dir='ltr'>δεύτερα</span> <span class='ocrx_word' id='word_1_42' title='bbox 703 758 813 819; x_wconf 81' lang='grc' dir='ltr'>τοῖς</span> <span class='ocrx_word' id='word_1_43' title='bbox 841 755 1078 828; x_wconf 84' lang='grc' dir='ltr'><strong>πρώτοις</strong></span> <span class='ocrx_word' id='word_1_44' title='bbox 1109 758 1348 827; x_wconf 81' lang='grc' dir='ltr'>ἑπόμενα</span> <span class='ocrx_word' id='word_1_45' title='bbox 1372 757 1523 810; x_wconf 81' lang='grc' dir='ltr'>ἔσται</span> <span class='ocrx_word' id='word_1_46' title='bbox 1547 773 1562 790; x_wconf 75' lang='grc' dir='ltr'><strong>ο</strong></span> <span class='ocrx_word' id='word_1_47' title='bbox 1598 759 1645 810; x_wconf 87' lang='grc' dir='ltr'>εἰ</span> <span class='ocrx_word' id='word_1_48' title='bbox 1674 757 1730 810; x_wconf 81' lang='grc' dir='ltr'>δέ</span> 
     </span>
    </p>
   </div>
   <div class='ocr_carea' id='block_1_9' title="bbox 153 845 1733 921">
    <p class='ocr_par' dir='ltr' id='par_1_9' title="bbox 153 845 1733 921">
     <span class='ocr_line' id='line_1_9' title="bbox 153 845 1733 921; baseline 0.006 -26"><span class='ocrx_word' id='word_1_49' title='bbox 153 859 241 908; x_wconf 85' lang='grc' dir='ltr'><strong>τις</strong></span> <span class='ocrx_word' id='word_1_50' title='bbox 285 845 388 914; x_wconf 85' lang='grc' dir='ltr'><strong>τῆς</strong></span> <span class='ocrx_word' id='word_1_51' title='bbox 438 846 684 918; x_wconf 82' lang='grc' dir='ltr'><strong>μεγάλης</strong></span> <span class='ocrx_word' id='word_1_52' title='bbox 719 847 925 920; x_wconf 78' lang='grc' dir='ltr'><strong>ταύτης</strong></span> <span class='ocrx_word' id='word_1_53' title='bbox 969 850 1065 902; x_wconf 77' lang='grc' dir='ltr'><strong>καὶ</strong></span> <span class='ocrx_word' id='word_1_54' title='bbox 1099 849 1322 921; x_wconf 82' lang='grc' dir='ltr'><strong>πρώτης</strong></span> <span class='ocrx_word' id='word_1_55' title='bbox 1353 849 1596 920; x_wconf 77' lang='grc' dir='ltr'><strong>ἐντολῆς,</strong></span> <span class='ocrx_word' id='word_1_56' title='bbox 1633 852 1733 920; x_wconf 87' lang='grc' dir='ltr'>τῆς</span> 
     </span>
    </p>
   </div>
   <div class='ocr_carea' id='block_1_10' title="bbox 155 937 1732 1014">
    <p class='ocr_par' dir='ltr' id='par_1_10' title="bbox 155 937 1732 1014">
     <span class='ocr_line' id='line_1_10' title="bbox 155 937 1732 1014; baseline 0.003 -24"><span class='ocrx_word' id='word_1_57' title='bbox 155 937 293 1007; x_wconf 88' lang='grc' dir='ltr'>πρὸς</span> <span class='ocrx_word' id='word_1_58' title='bbox 321 937 452 991; x_wconf 91' lang='grc' dir='ltr'>Θεὸν</span> <span class='ocrx_word' id='word_1_59' title='bbox 482 939 705 1012; x_wconf 81' lang='grc' dir='ltr'><strong>ἀγάπης</strong></span> <span class='ocrx_word' id='word_1_60' title='bbox 735 943 901 1012; x_wconf 77' lang='grc' dir='ltr'>φημὶ,</span> <span class='ocrx_word' id='word_1_61' title='bbox 935 943 1386 1014; x_wconf 87' lang='grc' dir='ltr'>κατολιγωρήσας</span> <span class='ocrx_word' id='word_1_62' title='bbox 1405 984 1420 1010; x_wconf 92' lang='grc'><strong>,</strong></span> <span class='ocrx_word' id='word_1_63' title='bbox 1473 944 1594 1010; x_wconf 76' lang='grc' dir='ltr'>ἥτις</span> <span class='ocrx_word' id='word_1_64' title='bbox 1625 942 1732 995; x_wconf 86' lang='grc' dir='ltr'><strong>ἀπὸ</strong></span> 
     </span>
    </p>
   </div>
   <div class='ocr_carea' id='block_1_11' title="bbox 154 1029 1730 1106">
    <p class='ocr_par' dir='ltr' id='par_1_11' title="bbox 154 1029 1730 1106">
     <span class='ocr_line' id='line_1_11' title="bbox 154 1029 1730 1106; baseline 0.005 -26"><span class='ocrx_word' id='word_1_65' title='bbox 154 1029 255 1098; x_wconf 78' lang='grc' dir='ltr'>τῆς</span> <span class='ocrx_word' id='word_1_66' title='bbox 301 1029 449 1083; x_wconf 76' lang='grc' dir='ltr'>ἔνδον</span> <span class='ocrx_word' id='word_1_67' title='bbox 481 1031 639 1102; x_wconf 75' lang='grc' dir='ltr'>ἡμῶν</span> <span class='ocrx_word' id='word_1_68' title='bbox 686 1033 980 1098; x_wconf 80' lang='grc' dir='ltr'><strong>διαθέσεως</strong></span> <span class='ocrx_word' id='word_1_69' title='bbox 1021 1033 1378 1106; x_wconf 81' lang='grc' dir='ltr'>συνειδήσεώς</span> <span class='ocrx_word' id='word_1_70' title='bbox 1407 1052 1464 1090; x_wconf 86' lang='grc' dir='ltr'><strong>τε</strong></span> <span class='ocrx_word' id='word_1_71' title='bbox 1495 1033 1730 1104; x_wconf 78' lang='grc' dir='ltr'><strong>ἀγαθῆς,</strong></span> 
     </span>
    </p>
   </div>
   <div class='ocr_carea' id='block_1_12' title="bbox 154 1117 1734 1194">
    <p class='ocr_par' dir='ltr' id='par_1_12' title="bbox 154 1117 1734 1194">
     <span class='ocr_line' id='line_1_12' title="bbox 154 1117 1734 1194; baseline 0.006 -27"><span class='ocrx_word' id='word_1_72' title='bbox 154 1118 253 1168; x_wconf 80' lang='grc' dir='ltr'><strong>καὶ</strong></span> <span class='ocrx_word' id='word_1_73' title='bbox 281 1117 477 1184; x_wconf 84' lang='grc' dir='ltr'>ὑγειῶν</span> <span class='ocrx_word' id='word_1_74' title='bbox 508 1119 619 1172; x_wconf 91' lang='grc' dir='ltr'><strong>τῶν</strong></span> <span class='ocrx_word' id='word_1_75' title='bbox 650 1121 787 1190; x_wconf 88' lang='grc' dir='ltr'>πρὸς</span> <span class='ocrx_word' id='word_1_76' title='bbox 812 1122 944 1175; x_wconf 82' lang='grc' dir='ltr'>Θεὸν</span> <span class='ocrx_word' id='word_1_77' title='bbox 968 1123 1210 1189; x_wconf 77' lang='grc' dir='ltr'>ἐννοιῶν,</span> <span class='ocrx_word' id='word_1_78' title='bbox 1249 1125 1461 1194; x_wconf 81' lang='grc' dir='ltr'>συνάμα</span> <span class='ocrx_word' id='word_1_79' title='bbox 1488 1125 1581 1177; x_wconf 77' lang='grc' dir='ltr'><strong>καὶ</strong></span> <span class='ocrx_word' id='word_1_80' title='bbox 1608 1123 1734 1194; x_wconf 83' lang='grc' dir='ltr'>βοη-</span> 
     </span>
    </p>
   </div>
   <div class='ocr_carea' id='block_1_13' title="bbox 154 1210 1732 1290">
    <p class='ocr_par' dir='ltr' id='par_1_13' title="bbox 154 1210 1732 1290">
     <span class='ocr_line' id='line_1_13' title="bbox 154 1210 1732 1290; baseline 0.006 -28"><span class='ocrx_word' id='word_1_81' title='bbox 154 1210 309 1276; x_wconf 81' lang='grc' dir='ltr'>θείας</span> <span class='ocrx_word' id='word_1_82' title='bbox 345 1219 832 1287; x_wconf 78' lang='grc' dir='ltr'>συνεφαπτομένης</span> <span class='ocrx_word' id='word_1_83' title='bbox 861 1218 1170 1272; x_wconf 76' lang='grc' dir='ltr'>συνίσταται</span> <span class='ocrx_word' id='word_1_84' title='bbox 1197 1235 1212 1250; x_wconf 79' lang='grc' dir='ltr'><strong>ο</strong></span> <span class='ocrx_word' id='word_1_85' title='bbox 1257 1219 1356 1290; x_wconf 85' lang='grc' dir='ltr'><strong>τῆς</strong></span> <span class='ocrx_word' id='word_1_86' title='bbox 1390 1218 1447 1271; x_wconf 80' lang='grc' dir='ltr'>δὲ</span> <span class='ocrx_word' id='word_1_87' title='bbox 1474 1219 1732 1288; x_wconf 79' lang='grc' dir='ltr'>δευτέρας</span> 
     </span>
    </p>
   </div>
   <div class='ocr_carea' id='block_1_14' title="bbox 151 1304 1731 1382">
    <p class='ocr_par' dir='ltr' id='par_1_14' title="bbox 151 1304 1731 1382">
     <span class='ocr_line' id='line_1_14' title="bbox 151 1304 1731 1382; baseline 0.005 -28"><span class='ocrx_word' id='word_1_88' title='bbox 151 1305 254 1373; x_wconf 83' lang='grc' dir='ltr'><strong>τῆς</strong></span> <span class='ocrx_word' id='word_1_89' title='bbox 284 1304 481 1368; x_wconf 80' lang='grc' dir='ltr'>ἔξωθεν</span> <span class='ocrx_word' id='word_1_90' title='bbox 514 1307 676 1376; x_wconf 88' lang='grc' dir='ltr'>μόνον</span> <span class='ocrx_word' id='word_1_91' title='bbox 702 1309 1024 1378; x_wconf 78' lang='grc' dir='ltr'>ἐπιμέλειαν</span> <span class='ocrx_word' id='word_1_92' title='bbox 1049 1311 1147 1382; x_wconf 80' lang='grc' dir='ltr'><strong>τῆς</strong></span> <span class='ocrx_word' id='word_1_93' title='bbox 1171 1311 1447 1372; x_wconf 80' lang='grc' dir='ltr'>διακονίας</span> <span class='ocrx_word' id='word_1_94' title='bbox 1471 1310 1731 1378; x_wconf 76' lang='grc' dir='ltr'>ἀφοσιοῦν</span> 
     </span>
    </p>
   </div>
   <div class='ocr_carea' id='block_1_15' title="bbox 152 1396 1732 1475">
    <p class='ocr_par' dir='ltr' id='par_1_15' title="bbox 152 1396 1732 1475">
     <span class='ocr_line' id='line_1_15' title="bbox 152 1396 1732 1475; baseline 0.004 -26"><span class='ocrx_word' id='word_1_95' title='bbox 152 1396 426 1467; x_wconf 77' lang='grc' dir='ltr'>βούλεται,</span> <span class='ocrx_word' id='word_1_96' title='bbox 445 1399 707 1454; x_wconf 88' lang='grc' dir='ltr'>ἀδύνατον</span> <span class='ocrx_word' id='word_1_97' title='bbox 725 1403 872 1472; x_wconf 81' lang='grc' dir='ltr'>αύτῷ</span> <span class='ocrx_word' id='word_1_98' title='bbox 889 1404 1092 1475; x_wconf 86' lang='grc' dir='ltr'>ταύτην</span> <span class='ocrx_word' id='word_1_99' title='bbox 1111 1403 1277 1472; x_wconf 83' lang='grc' dir='ltr'>ὑγιῶς</span> <span class='ocrx_word' id='word_1_100' title='bbox 1290 1422 1348 1457; x_wconf 86' lang='grc' dir='ltr'><strong>τε</strong></span> <span class='ocrx_word' id='word_1_101' title='bbox 1369 1404 1460 1458; x_wconf 77' lang='grc' dir='ltr'>καὶ</span> <span class='ocrx_word' id='word_1_102' title='bbox 1474 1402 1732 1474; x_wconf 78' lang='grc' dir='ltr'>καθαρῶς</span> 
     </span>
    </p>
   </div>
   <div class='ocr_carea' id='block_1_16' title="bbox 152 1490 1731 1566">
    <p class='ocr_par' dir='ltr' id='par_1_16' title="bbox 152 1490 1731 1566">
     <span class='ocr_line' id='line_1_16' title="bbox 152 1490 1731 1566; baseline 0.003 -25"><span class='ocrx_word' id='word_1_103' title='bbox 152 1490 456 1558; x_wconf 83' lang='grc' dir='ltr'>μετελθεῖν.</span> <span class='ocrx_word' id='word_1_104' title='bbox 477 1491 543 1544; x_wconf 82' lang='grc' dir='ltr'><strong><em>Ἦ</em></strong></span> <span class='ocrx_word' id='word_1_105' title='bbox 565 1491 673 1564; x_wconf 75' lang='grc' dir='ltr'>γὰρ</span> <span class='ocrx_word' id='word_1_106' title='bbox 698 1493 796 1562; x_wconf 88' lang='grc' dir='ltr'>τῆς</span> <span class='ocrx_word' id='word_1_107' title='bbox 819 1494 1014 1557; x_wconf 78' lang='grc' dir='ltr'>κακίας</span> <span class='ocrx_word' id='word_1_108' title='bbox 1040 1495 1260 1565; x_wconf 82' lang='grc' dir='ltr'>μέθοδος</span> <span class='ocrx_word' id='word_1_109' title='bbox 1284 1495 1504 1566; x_wconf 80' lang='grc' dir='ltr'>μνήμης</span> <span class='ocrx_word' id='word_1_110' title='bbox 1527 1494 1731 1564; x_wconf 76' lang='grc' dir='ltr'>ἔρημον</span> 
     </span>
    </p>
   </div>
   <div class='ocr_carea' id='block_1_17' title="bbox 145 1583 1731 1657">
    <p class='ocr_par' dir='ltr' id='par_1_17' title="bbox 145 1583 1731 1657">
     <span class='ocr_line' id='line_1_17' title="bbox 145 1583 1731 1657; baseline 0.003 -23"><span class='ocrx_word' id='word_1_111' title='bbox 145 1584 250 1634; x_wconf 80' lang='grc' dir='ltr'>καὶ</span> <span class='ocrx_word' id='word_1_112' title='bbox 300 1583 520 1653; x_wconf 81' lang='grc' dir='ltr'>ἀγάπης</span> <span class='ocrx_word' id='word_1_113' title='bbox 573 1585 669 1638; x_wconf 78' lang='grc' dir='ltr'><strong>καὶ</strong></span> <span class='ocrx_word' id='word_1_114' title='bbox 718 1585 853 1638; x_wconf 82' lang='grc' dir='ltr'>Θεοῦ</span> <span class='ocrx_word' id='word_1_115' title='bbox 897 1585 1176 1656; x_wconf 78' lang='grc' dir='ltr'>ζητήσεως</span> <span class='ocrx_word' id='word_1_116' title='bbox 1219 1587 1309 1639; x_wconf 81' lang='grc' dir='ltr'><strong>τὸν</strong></span> <span class='ocrx_word' id='word_1_117' title='bbox 1349 1586 1472 1639; x_wconf 90' lang='grc' dir='ltr'>νοῦν</span> <span class='ocrx_word' id='word_1_118' title='bbox 1511 1586 1731 1657; x_wconf 81' lang='grc' dir='ltr'>ἀνευρί-</span> 
     </span>
    </p>
   </div>
   <div class='ocr_carea' id='block_1_18' title="bbox 147 1676 1730 1749">
    <p class='ocr_par' dir='ltr' id='par_1_18' title="bbox 147 1676 1730 1749">
     <span class='ocr_line' id='line_1_18' title="bbox 147 1676 1730 1749; baseline 0.003 -22"><span class='ocrx_word' id='word_1_119' title='bbox 147 1691 380 1740; x_wconf 87' lang='grc' dir='ltr'>σκουσα,</span> <span class='ocrx_word' id='word_1_120' title='bbox 416 1676 448 1747; x_wconf 70' lang='grc' dir='ltr'>ἢ</span> <span class='ocrx_word' id='word_1_121' title='bbox 481 1677 717 1749; x_wconf 84' lang='grc' dir='ltr'>δυσχερῆ</span> <span class='ocrx_word' id='word_1_122' title='bbox 751 1678 844 1732; x_wconf 68' lang='grc' dir='ltr'><strong>καὶ</strong></span> <span class='ocrx_word' id='word_1_123' title='bbox 875 1679 1110 1732; x_wconf 79' lang='grc' dir='ltr'>ἐπίπονα</span> <span class='ocrx_word' id='word_1_124' title='bbox 1138 1679 1207 1732; x_wconf 78' lang='grc' dir='ltr'>τὰ</span> <span class='ocrx_word' id='word_1_125' title='bbox 1235 1679 1353 1733; x_wconf 83' lang='grc' dir='ltr'>θεῖα</span> <span class='ocrx_word' id='word_1_126' title='bbox 1380 1680 1730 1749; x_wconf 83' lang='grc' dir='ltr'>ἐπιτάγματα</span> 
     </span>
    </p>
   </div>
   <div class='ocr_carea' id='block_1_19' title="bbox 145 1767 1731 1843">
    <p class='ocr_par' dir='ltr' id='par_1_19' title="bbox 145 1767 1731 1843">
     <span class='ocr_line' id='line_1_19' title="bbox 145 1767 1731 1843; baseline 0.003 -23"><span class='ocrx_word' id='word_1_127' title='bbox 145 1767 442 1836; x_wconf 76' lang='grc' dir='ltr'>φαίνεσθαι</span> <span class='ocrx_word' id='word_1_128' title='bbox 473 1773 638 1838; x_wconf 82' lang='grc' dir='ltr'>ποιεῖ,</span> <span class='ocrx_word' id='word_1_129' title='bbox 673 1772 1027 1842; x_wconf 81' lang='grc' dir='ltr'>γογγυσμοὺς</span> <span class='ocrx_word' id='word_1_130' title='bbox 1054 1773 1149 1825; x_wconf 74' lang='grc' dir='ltr'><strong>καὶ</strong></span> <span class='ocrx_word' id='word_1_131' title='bbox 1173 1771 1351 1836; x_wconf 83' lang='grc' dir='ltr'>λύπας</span> <span class='ocrx_word' id='word_1_132' title='bbox 1377 1773 1471 1824; x_wconf 77' lang='grc' dir='ltr'>καὶ</span> <span class='ocrx_word' id='word_1_133' title='bbox 1495 1771 1731 1843; x_wconf 71' lang='grc' dir='ltr'>μέμψεις</span> 
     </span>
    </p>
   </div>
   <div class='ocr_carea' id='block_1_20' title="bbox 1839 563 3418 638">
    <p class='ocr_par' dir='ltr' id='par_1_20' title="bbox 1839 563 3418 638">
     <span class='ocr_line' id='line_1_20' title="bbox 1839 563 3418 638; baseline -0.006 -14"><span class='ocrx_word' id='word_1_134' title='bbox 1839 569 2159 635; x_wconf 84' lang='lat' dir='ltr'><strong>lectionem,</strong></span> <span class='ocrx_word' id='word_1_135' title='bbox 2221 570 2466 638; x_wconf 90' lang='lat' dir='ltr'><strong>inquam,</strong></span> <span class='ocrx_word' id='word_1_136' title='bbox 2527 566 2784 636; x_wconf 76' lang='lat' dir='ltr'><strong>proximi.</strong></span> <span class='ocrx_word' id='word_1_137' title='bbox 2817 565 2952 620; x_wconf 87' lang='lat' dir='ltr'><strong>Nam</strong></span> <span class='ocrx_word' id='word_1_138' title='bbox 2976 563 3152 634; x_wconf 91' lang='lat' dir='ltr'><strong>prima</strong></span> <span class='ocrx_word' id='word_1_139' title='bbox 3206 577 3418 632; x_wconf 74' lang='lat' dir='ltr'><strong>praepo-</strong></span> 
     </span>
    </p>
   </div>
   <div class='ocr_carea' id='block_1_21' title="bbox 1838 657 3417 731">
    <p class='ocr_par' dir='ltr' id='par_1_21' title="bbox 1838 657 3417 731">
     <span class='ocr_line' id='line_1_21' title="bbox 1838 657 3417 731; baseline -0.006 -15"><span class='ocrx_word' id='word_1_140' title='bbox 1838 669 2044 716; x_wconf 88' lang='lat' dir='ltr'><strong>nantur</strong></span> <span class='ocrx_word' id='word_1_141' title='bbox 2075 661 2220 724; x_wconf 90' lang='lat' dir='ltr'><strong>aliis,</strong></span> <span class='ocrx_word' id='word_1_142' title='bbox 2258 670 2314 716; x_wconf 90' lang='lat' dir='ltr'><strong>et</strong></span> <span class='ocrx_word' id='word_1_143' title='bbox 2339 661 2464 731; x_wconf 86' lang='lat' dir='ltr'><strong>plus</strong></span> <span class='ocrx_word' id='word_1_144' title='bbox 2501 659 2556 715; x_wconf 91' lang='lat' dir='ltr'><strong>in</strong></span> <span class='ocrx_word' id='word_1_145' title='bbox 2594 658 2661 713; x_wconf 91' lang='lat' dir='ltr'><strong>iis</strong></span> <span class='ocrx_word' id='word_1_146' title='bbox 2696 657 2865 713; x_wconf 92' lang='lat' dir='ltr'><strong>studii</strong></span> <span class='ocrx_word' id='word_1_147' title='bbox 2903 663 3161 728; x_wconf 90' lang='lat' dir='ltr'><strong>ponatur,</strong></span> <span class='ocrx_word' id='word_1_148' title='bbox 3186 670 3251 710; x_wconf 92' lang='lat' dir='ltr'><strong>ac</strong></span> <span class='ocrx_word' id='word_1_149' title='bbox 3301 662 3417 708; x_wconf 92' lang='lat' dir='ltr'><strong>tum</strong></span> 
     </span>
    </p>
   </div>
   <div class='ocr_carea' id='block_1_22' title="bbox 1839 748 3418 818">
    <p class='ocr_par' dir='ltr' id='par_1_22' title="bbox 1839 748 3418 818">
     <span class='ocr_line' id='line_1_22' title="bbox 1839 748 3418 818; baseline -0.004 -11"><span class='ocrx_word' id='word_1_150' title='bbox 1839 753 2060 808; x_wconf 91' lang='lat' dir='ltr'><strong>demum</strong></span> <span class='ocrx_word' id='word_1_151' title='bbox 2101 752 2298 807; x_wconf 86' lang='lat' dir='ltr'><strong>ordine</strong></span> <span class='ocrx_word' id='word_1_152' title='bbox 2322 749 2673 806; x_wconf 90' lang='lat' dir='ltr'><strong>convenienti</strong></span> <span class='ocrx_word' id='word_1_153' title='bbox 2711 748 2950 804; x_wconf 90' lang='lat' dir='ltr'><strong>secunda</strong></span> <span class='ocrx_word' id='word_1_154' title='bbox 2988 748 3181 818; x_wconf 84' lang='lat' dir='ltr'><strong>primis</strong></span> <span class='ocrx_word' id='word_1_155' title='bbox 3223 762 3418 802; x_wconf 81' lang='lat' dir='ltr'><strong>conse-</strong></span> 
     </span>
    </p>
   </div>
   <div class='ocr_carea' id='block_1_23' title="bbox 1839 839 3416 916">
    <p class='ocr_par' dir='ltr' id='par_1_23' title="bbox 1839 839 3416 916">
     <span class='ocr_line' id='line_1_23' title="bbox 1839 839 3416 916; baseline -0.004 -18"><span class='ocrx_word' id='word_1_156' title='bbox 1839 853 2078 916; x_wconf 90' lang='lat' dir='ltr'><strong>quenter</strong></span> <span class='ocrx_word' id='word_1_157' title='bbox 2131 845 2523 916; x_wconf 83' lang='lat' dir='ltr'><strong>adjungentur.</strong></span> <span class='ocrx_word' id='word_1_158' title='bbox 2564 843 2619 899; x_wconf 90' lang='lat' dir='ltr'><strong>Si</strong></span> <span class='ocrx_word' id='word_1_159' title='bbox 2664 843 2790 912; x_wconf 88' lang='lat' dir='ltr'><strong>quis</strong></span> <span class='ocrx_word' id='word_1_160' title='bbox 2841 851 3023 896; x_wconf 90' lang='lat' dir='ltr'><strong>autem</strong></span> <span class='ocrx_word' id='word_1_161' title='bbox 3081 855 3279 910; x_wconf 89' lang='lat' dir='ltr'><strong>magno</strong></span> <span class='ocrx_word' id='word_1_162' title='bbox 3321 839 3416 892; x_wconf 90' lang='lat' dir='ltr'><strong>illo</strong></span> 
     </span>
    </p>
   </div>
   <div class='ocr_carea' id='block_1_24' title="bbox 1837 931 3414 1008">
    <p class='ocr_par' dir='ltr' id='par_1_24' title="bbox 1837 931 3414 1008">
     <span class='ocr_line' id='line_1_24' title="bbox 1837 931 3414 1008; baseline -0.005 -16"><span class='ocrx_word' id='word_1_163' title='bbox 1837 947 1893 993; x_wconf 93' lang='lat' dir='ltr'><strong>et</strong></span> <span class='ocrx_word' id='word_1_164' title='bbox 1921 939 2096 1008; x_wconf 90' lang='lat' dir='ltr'><strong>primo</strong></span> <span class='ocrx_word' id='word_1_165' title='bbox 2129 937 2409 1000; x_wconf 88' lang='lat' dir='ltr'><strong>mandato,</strong></span> <span class='ocrx_word' id='word_1_166' title='bbox 2437 936 2767 998; x_wconf 89' lang='lat' dir='ltr'><strong>dilectionis,</strong></span> <span class='ocrx_word' id='word_1_167' title='bbox 2797 936 3042 1004; x_wconf 91' lang='lat' dir='ltr'><strong>inquam,</strong></span> <span class='ocrx_word' id='word_1_168' title='bbox 3077 932 3194 998; x_wconf 88' lang='lat' dir='ltr'><strong>Dei,</strong></span> <span class='ocrx_word' id='word_1_169' title='bbox 3228 931 3414 1002; x_wconf 79' lang='lat' dir='ltr'><strong>negle-</strong></span> 
     </span>
    </p>
   </div>
   <div class='ocr_carea' id='block_1_25' title="bbox 1838 1025 3413 1101">
    <p class='ocr_par' dir='ltr' id='par_1_25' title="bbox 1838 1025 3413 1101">
     <span class='ocr_line' id='line_1_25' title="bbox 1838 1025 3413 1101; baseline -0.004 -16"><span class='ocrx_word' id='word_1_170' title='bbox 1838 1040 1928 1086; x_wconf 88' lang='lat' dir='ltr'><strong>cto</strong></span> <span class='ocrx_word' id='word_1_171' title='bbox 1969 1030 2114 1101; x_wconf 71' lang='lat' dir='ltr'><strong>(quae</strong></span> <span class='ocrx_word' id='word_1_172' title='bbox 2141 1029 2366 1084; x_wconf 84' lang='lat' dir='ltr'><strong>dilectio</strong></span> <span class='ocrx_word' id='word_1_173' title='bbox 2403 1045 2472 1085; x_wconf 78' lang='lat' dir='ltr'><strong>ex</strong></span> <span class='ocrx_word' id='word_1_174' title='bbox 2500 1028 2751 1084; x_wconf 85' lang='lat' dir='ltr'><strong>interiori</strong></span> <span class='ocrx_word' id='word_1_175' title='bbox 2799 1039 2986 1082; x_wconf 91' lang='lat' dir='ltr'><strong>nostra</strong></span> <span class='ocrx_word' id='word_1_176' title='bbox 3030 1025 3413 1096; x_wconf 82' lang='lat' dir='ltr'><strong>dispositione,</strong></span> 
     </span>
    </p>
   </div>
   <div class='ocr_carea' id='block_1_26' title="bbox 1838 1117 3413 1190">
    <p class='ocr_par' dir='ltr' id='par_1_26' title="bbox 1838 1117 3413 1190">
     <span class='ocr_line' id='line_1_26' title="bbox 1838 1117 3413 1190; baseline -0.003 -15"><span class='ocrx_word' id='word_1_177' title='bbox 1838 1120 2284 1190; x_wconf 87' lang='lat' dir='ltr'><strong>conscientiaque</strong></span> <span class='ocrx_word' id='word_1_178' title='bbox 2306 1120 2471 1186; x_wconf 90' lang='lat' dir='ltr'><strong>bona,</strong></span> <span class='ocrx_word' id='word_1_179' title='bbox 2491 1129 2548 1174; x_wconf 90' lang='lat' dir='ltr'><strong>et</strong></span> <span class='ocrx_word' id='word_1_180' title='bbox 2571 1120 2718 1175; x_wconf 91' lang='lat' dir='ltr'><strong>sanis</strong></span> <span class='ocrx_word' id='word_1_181' title='bbox 2746 1119 2814 1173; x_wconf 92' lang='lat' dir='ltr'><strong>de</strong></span> <span class='ocrx_word' id='word_1_182' title='bbox 2841 1120 2953 1173; x_wconf 90' lang='lat' dir='ltr'><strong>Deo</strong></span> <span class='ocrx_word' id='word_1_183' title='bbox 2970 1117 3413 1188; x_wconf 77' lang='lat' dir='ltr'><strong>cogitationibus,</strong></span> 
     </span>
    </p>
   </div>
   <div class='ocr_carea' id='block_1_27' title="bbox 1838 1209 3413 1283">
    <p class='ocr_par' dir='ltr' id='par_1_27' title="bbox 1838 1209 3413 1283">
     <span class='ocr_line' id='line_1_27' title="bbox 1838 1209 3413 1283; baseline -0.004 -14"><span class='ocrx_word' id='word_1_184' title='bbox 1838 1222 2206 1270; x_wconf 91' lang='lat' dir='ltr'><strong>concurrente</strong></span> <span class='ocrx_word' id='word_1_185' title='bbox 2224 1213 2387 1267; x_wconf 88' lang='lat' dir='ltr'><strong>simul</strong></span> <span class='ocrx_word' id='word_1_186' title='bbox 2433 1213 2637 1268; x_wconf 75' lang='lat' dir='ltr'><strong>auxilio</strong></span> <span class='ocrx_word' id='word_1_187' title='bbox 2665 1211 2850 1283; x_wconf 81' lang='lat' dir='ltr'><strong>gratiae</strong></span> <span class='ocrx_word' id='word_1_188' title='bbox 2874 1209 3264 1279; x_wconf 90' lang='lat' dir='ltr'><strong>cooperatricis</strong></span> <span class='ocrx_word' id='word_1_189' title='bbox 3311 1209 3413 1262; x_wconf 93' lang='lat' dir='ltr'><strong>eli-</strong></span> 
     </span>
    </p>
   </div>
   <div class='ocr_carea' id='block_1_28' title="bbox 1839 1305 3415 1378">
    <p class='ocr_par' dir='ltr' id='par_1_28' title="bbox 1839 1305 3415 1378">
     <span class='ocr_line' id='line_1_28' title="bbox 1839 1305 3415 1378; baseline -0.004 -15"><span class='ocrx_word' id='word_1_190' title='bbox 1839 1308 2005 1378; x_wconf 92' lang='lat' dir='ltr'><strong>citur)</strong></span> <span class='ocrx_word' id='word_1_191' title='bbox 2026 1308 2272 1362; x_wconf 90' lang='lat' dir='ltr'><strong>secundo</strong></span> <span class='ocrx_word' id='word_1_192' title='bbox 2321 1308 2579 1363; x_wconf 86' lang='lat' dir='ltr'><strong>mandato</strong></span> <span class='ocrx_word' id='word_1_193' title='bbox 2601 1306 2914 1361; x_wconf 85' lang='lat' dir='ltr'><strong>dilectionis</strong></span> <span class='ocrx_word' id='word_1_194' title='bbox 2964 1305 3226 1374; x_wconf 80' lang='lat' dir='ltr'><strong>proximi,</strong></span> <span class='ocrx_word' id='word_1_195' title='bbox 3259 1311 3415 1356; x_wconf 79' lang='lat' dir='ltr'><strong>exte-</strong></span> 
     </span>
    </p>
   </div>
   <div class='ocr_carea' id='block_1_29' title="bbox 1839 1394 3411 1465">
    <p class='ocr_par' dir='ltr' id='par_1_29' title="bbox 1839 1394 3411 1465">
     <span class='ocr_line' id='line_1_29' title="bbox 1839 1394 3411 1465; baseline -0.004 -11"><span class='ocrx_word' id='word_1_196' title='bbox 1839 1400 1973 1455; x_wconf 89' lang='lat' dir='ltr'><strong>riori</strong></span> <span class='ocrx_word' id='word_1_197' title='bbox 2009 1408 2220 1454; x_wconf 90' lang='lat' dir='ltr'><strong>tantum</strong></span> <span class='ocrx_word' id='word_1_198' title='bbox 2246 1409 2409 1454; x_wconf 86' lang='lat' dir='ltr'><strong>tenus</strong></span> <span class='ocrx_word' id='word_1_199' title='bbox 2444 1398 2746 1454; x_wconf 90' lang='lat' dir='ltr'><strong>ministerii</strong></span> <span class='ocrx_word' id='word_1_200' title='bbox 2778 1396 3134 1452; x_wconf 88' lang='lat' dir='ltr'><strong>accuratione</strong></span> <span class='ocrx_word' id='word_1_201' title='bbox 3191 1394 3411 1465; x_wconf 81' lang='lat' dir='ltr'><strong>defungi</strong></span> 
     </span>
    </p>
   </div>
   <div class='ocr_carea' id='block_1_30' title="bbox 1836 1490 3416 1562">
    <p class='ocr_par' dir='ltr' id='par_1_30' title="bbox 1836 1490 3416 1562">
     <span class='ocr_line' id='line_1_30' title="bbox 1836 1490 3416 1562; baseline -0.003 -16"><span class='ocrx_word' id='word_1_202' title='bbox 1836 1491 2077 1547; x_wconf 89' lang='lat' dir='ltr'><strong>voluerit</strong></span> <span class='ocrx_word' id='word_1_203' title='bbox 2105 1509 2120 1558; x_wconf 90' lang='lat'><strong>;</strong></span> <span class='ocrx_word' id='word_1_204' title='bbox 2147 1507 2490 1562; x_wconf 81' lang='lat' dir='ltr'><strong>nequaquam</strong></span> <span class='ocrx_word' id='word_1_205' title='bbox 2519 1490 2652 1545; x_wconf 92' lang='lat' dir='ltr'><strong>illud</strong></span> <span class='ocrx_word' id='word_1_206' title='bbox 2684 1490 2886 1561; x_wconf 91' lang='lat' dir='ltr'><strong>poterit</strong></span> <span class='ocrx_word' id='word_1_207' title='bbox 2925 1505 3055 1544; x_wconf 89' lang='lat' dir='ltr'><strong>sane</strong></span> <span class='ocrx_word' id='word_1_208' title='bbox 3073 1504 3136 1543; x_wconf 89' lang='lat' dir='ltr'><strong>ac</strong></span> <span class='ocrx_word' id='word_1_209' title='bbox 3159 1503 3296 1558; x_wconf 87' lang='lat' dir='ltr'><strong>pure</strong></span> <span class='ocrx_word' id='word_1_210' title='bbox 3321 1504 3416 1542; x_wconf 75' lang='lat' dir='ltr'><strong>ex-</strong></span> 
     </span>
    </p>
   </div>
   <div class='ocr_carea' id='block_1_31' title="bbox 1837 1581 3417 1655">
    <p class='ocr_par' dir='ltr' id='par_1_31' title="bbox 1837 1581 3417 1655">
     <span class='ocr_line' id='line_1_31' title="bbox 1837 1581 3417 1655; baseline -0.003 -14"><span class='ocrx_word' id='word_1_211' title='bbox 1837 1585 2014 1655; x_wconf 82' lang='lat' dir='ltr'><strong>sequi.</strong></span> <span class='ocrx_word' id='word_1_212' title='bbox 2069 1585 2205 1639; x_wconf 85' lang='lat' dir='ltr'><strong>Nam</strong></span> <span class='ocrx_word' id='word_1_213' title='bbox 2229 1585 2366 1638; x_wconf 84' lang='lat' dir='ltr'><strong>ratio</strong></span> <span class='ocrx_word' id='word_1_214' title='bbox 2401 1584 2773 1654; x_wconf 87' lang='lat' dir='ltr'><strong>impugnantis</strong></span> <span class='ocrx_word' id='word_1_215' title='bbox 2807 1598 2907 1637; x_wconf 92' lang='lat' dir='ltr'><strong>nos</strong></span> <span class='ocrx_word' id='word_1_216' title='bbox 2931 1581 3175 1646; x_wconf 76' lang='lat' dir='ltr'><strong>malitiae,</strong></span> <span class='ocrx_word' id='word_1_217' title='bbox 3207 1597 3417 1636; x_wconf 87' lang='lat' dir='ltr'><strong>memo-</strong></span> 
     </span>
    </p>
   </div>
   <div class='ocr_carea' id='block_1_32' title="bbox 1837 1673 3414 1745">
    <p class='ocr_par' dir='ltr' id='par_1_32' title="bbox 1837 1673 3414 1745">
     <span class='ocr_line' id='line_1_32' title="bbox 1837 1673 3414 1745; baseline -0.003 -16"><span class='ocrx_word' id='word_1_218' title='bbox 1837 1675 1954 1741; x_wconf 61' lang='lat' dir='ltr'><strong>ria},</strong></span> <span class='ocrx_word' id='word_1_219' title='bbox 1989 1675 2217 1740; x_wconf 91' lang='lat' dir='ltr'><strong>amoris,</strong></span> <span class='ocrx_word' id='word_1_220' title='bbox 2239 1685 2295 1730; x_wconf 90' lang='lat' dir='ltr'><strong>et</strong></span> <span class='ocrx_word' id='word_1_221' title='bbox 2326 1675 2422 1730; x_wconf 88' lang='lat' dir='ltr'><strong>Dei</strong></span> <span class='ocrx_word' id='word_1_222' title='bbox 2495 1673 2874 1745; x_wconf 88' lang='lat' dir='ltr'><strong>inquisitionis</strong></span> <span class='ocrx_word' id='word_1_223' title='bbox 2905 1689 3132 1728; x_wconf 82' lang='lat' dir='ltr'><strong>vacuam</strong></span> <span class='ocrx_word' id='word_1_224' title='bbox 3177 1679 3414 1726; x_wconf 88' lang='lat' dir='ltr'><strong>mentem</strong></span> 
     </span>
    </p>
   </div>
   <div class='ocr_carea' id='block_1_33' title="bbox 1836 1765 3418 1838">
    <p class='ocr_par' dir='ltr' id='par_1_33' title="bbox 1836 1765 3418 1838">
     <span class='ocr_line' id='line_1_33' title="bbox 1836 1765 3418 1838; baseline -0.003 -16"><span class='ocrx_word' id='word_1_225' title='bbox 1836 1768 2141 1838; x_wconf 79' lang='lat' dir='ltr'><strong>reperiens,</strong></span> <span class='ocrx_word' id='word_1_226' title='bbox 2183 1775 2282 1822; x_wconf 87' lang='lat' dir='ltr'><strong>aut</strong></span> <span class='ocrx_word' id='word_1_227' title='bbox 2319 1767 2506 1834; x_wconf 78' lang='lat' dir='ltr'><strong>eﬂicit,</strong></span> <span class='ocrx_word' id='word_1_228' title='bbox 2541 1776 2602 1822; x_wconf 91' lang='lat' dir='ltr'><strong>ut</strong></span> <span class='ocrx_word' id='word_1_229' title='bbox 2646 1767 2874 1822; x_wconf 89' lang='lat' dir='ltr'><strong>molesta</strong></span> <span class='ocrx_word' id='word_1_230' title='bbox 2909 1774 2966 1820; x_wconf 91' lang='lat' dir='ltr'><strong>et</strong></span> <span class='ocrx_word' id='word_1_231' title='bbox 3026 1766 3299 1820; x_wconf 87' lang='lat' dir='ltr'><strong>laboriosa</strong></span> <span class='ocrx_word' id='word_1_232' title='bbox 3330 1765 3418 1818; x_wconf 88' lang='lat' dir='ltr'><strong>ni-</strong></span> 
     </span>
    </p>
   </div>
   <div class='ocr_carea' id='block_1_34' title="bbox 144 1853 1729 1934">
    <p class='ocr_par' dir='ltr' id='par_1_34' title="bbox 144 1860 1729 1934">
     <span class='ocr_line' id='line_1_34' title="bbox 144 1860 1729 1934; baseline 0.003 -22"><span class='ocrx_word' id='word_1_233' title='bbox 144 1860 296 1914; x_wconf 82' lang='grc' dir='ltr'><strong>κατά</strong></span> <span class='ocrx_word' id='word_1_234' title='bbox 325 1862 424 1931; x_wconf 81' lang='grc' dir='ltr'>τῆς</span> <span class='ocrx_word' id='word_1_235' title='bbox 451 1864 532 1926; x_wconf 82' lang='grc' dir='ltr'><strong>είς</strong></span> <span class='ocrx_word' id='word_1_236' title='bbox 559 1863 686 1925; x_wconf 82' lang='grc' dir='ltr'>τοὺς</span> <span class='ocrx_word' id='word_1_237' title='bbox 713 1863 975 1932; x_wconf 72' lang='grc' dir='ltr'>ἀδελφοὺς</span> <span class='ocrx_word' id='word_1_238' title='bbox 1013 1863 1291 1926; x_wconf 85' lang='grc' dir='ltr'>διακονίας</span> <span class='ocrx_word' id='word_1_239' title='bbox 1321 1866 1386 1934; x_wconf 84' lang='grc' dir='ltr'>τῇ</span> <span class='ocrx_word' id='word_1_240' title='bbox 1421 1863 1566 1934; x_wconf 78' lang='grc' dir='ltr'>ψυχῇ</span> <span class='ocrx_word' id='word_1_241' title='bbox 1608 1865 1729 1917; x_wconf 86' lang='grc' dir='ltr'>ἀνα-</span> 
     </span>
    </p>
   </div>
   <div class='ocr_carea' id='block_1_35' title="bbox 1834 1853 3416 1934">
    <p class='ocr_par' dir='ltr' id='par_1_35' title="bbox 1837 1859 3416 1932">
     <span class='ocr_line' id='line_1_35' title="bbox 1837 1859 3416 1932; baseline -0.003 -16"><span class='ocrx_word' id='word_1_242' title='bbox 1837 1863 1944 1916; x_wconf 93' lang='lat' dir='ltr'><strong>mis</strong></span> <span class='ocrx_word' id='word_1_243' title='bbox 1975 1861 2078 1932; x_wconf 88' lang='lat' dir='ltr'><strong>ipsi</strong></span> <span class='ocrx_word' id='word_1_244' title='bbox 2109 1861 2205 1916; x_wconf 90' lang='lat' dir='ltr'><strong>Dei</strong></span> <span class='ocrx_word' id='word_1_245' title='bbox 2235 1869 2505 1931; x_wconf 85' lang='lat' dir='ltr'><strong>praecepta</strong></span> <span class='ocrx_word' id='word_1_246' title='bbox 2532 1860 2864 1925; x_wconf 88' lang='lat' dir='ltr'><strong>videantur;</strong></span> <span class='ocrx_word' id='word_1_247' title='bbox 2897 1859 3042 1914; x_wconf 91' lang='lat' dir='ltr'><strong>unde</strong></span> <span class='ocrx_word' id='word_1_248' title='bbox 3079 1859 3134 1912; x_wconf 93' lang='lat' dir='ltr'><strong>in</strong></span> <span class='ocrx_word' id='word_1_249' title='bbox 3164 1874 3416 1912; x_wconf 91' lang='lat' dir='ltr'><strong>murmu-</strong></span> 
     </span>
    </p>
   </div>
   <div class='ocr_carea' id='block_1_36' title="bbox 143 1951 1731 2026">
    <p class='ocr_par' dir='ltr' id='par_1_36' title="bbox 143 1951 1731 2026">
     <span class='ocr_line' id='line_1_36' title="bbox 143 1951 1731 2026; baseline 0.003 -23"><span class='ocrx_word' id='word_1_250' title='bbox 143 1951 412 2022; x_wconf 73' lang='grc' dir='ltr'>κινοῦσοψ</span> <span class='ocrx_word' id='word_1_251' title='bbox 461 1952 494 2022; x_wconf 77' lang='grc' dir='ltr'><strong>ἢ</strong></span> <span class='ocrx_word' id='word_1_252' title='bbox 530 1954 702 2024; x_wconf 85' lang='grc' dir='ltr'>οίήσει</span> <span class='ocrx_word' id='word_1_253' title='bbox 733 1953 1080 2026; x_wconf 74' lang='grc' dir='ltr'>δικαιοσύνης</span> <span class='ocrx_word' id='word_1_254' title='bbox 1109 1954 1500 2026; x_wconf 78' lang='grc' dir='ltr'>ἐξαπατήσασα</span> <span class='ocrx_word' id='word_1_255' title='bbox 1528 1958 1731 2024; x_wconf 82' lang='grc' dir='ltr'>φυσιοῖ,</span> 
     </span>
    </p>
   </div>
   <div class='ocr_carea' id='block_1_37' title="bbox 143 2043 1732 2118">
    <p class='ocr_par' dir='ltr' id='par_1_37' title="bbox 143 2043 1732 2118">
     <span class='ocr_line' id='line_1_37' title="bbox 143 2043 1732 2118; baseline 0.003 -22"><span class='ocrx_word' id='word_1_256' title='bbox 143 2043 247 2096; x_wconf 80' lang='grc' dir='ltr'>καὶ</span> <span class='ocrx_word' id='word_1_257' title='bbox 279 2043 469 2097; x_wconf 88' lang='grc' dir='ltr'>ἐαυτὸν</span> <span class='ocrx_word' id='word_1_258' title='bbox 495 2045 750 2114; x_wconf 78' lang='grc' dir='ltr'>ἡγεῖσθαι</span> <span class='ocrx_word' id='word_1_259' title='bbox 782 2046 966 2117; x_wconf 89' lang='grc' dir='ltr'>τίμιόν</span> <span class='ocrx_word' id='word_1_260' title='bbox 994 2063 1052 2098; x_wconf 88' lang='grc' dir='ltr'><strong>τε</strong></span> <span class='ocrx_word' id='word_1_261' title='bbox 1085 2047 1178 2100; x_wconf 77' lang='grc' dir='ltr'><strong>καὶ</strong></span> <span class='ocrx_word' id='word_1_262' title='bbox 1211 2047 1406 2118; x_wconf 83' lang='grc' dir='ltr'>μέγαν,</span> <span class='ocrx_word' id='word_1_263' title='bbox 1432 2047 1526 2101; x_wconf 77' lang='grc' dir='ltr'><strong>καὶ</strong></span> <span class='ocrx_word' id='word_1_264' title='bbox 1547 2048 1732 2118; x_wconf 80' lang='grc' dir='ltr'>ἄκρως</span> 
     </span>
    </p>
   </div>
   <div class='ocr_carea' id='block_1_38' title="bbox 141 2132 1232 2203">
    <p class='ocr_par' dir='ltr' id='par_1_38' title="bbox 141 2132 1232 2203">
     <span class='ocr_line' id='line_1_38' title="bbox 141 2132 1232 2203; baseline 0.006 -18"><span class='ocrx_word' id='word_1_265' title='bbox 141 2132 520 2203; x_wconf 78' lang='grc' dir='ltr'>κατορθοῦντα</span> <span class='ocrx_word' id='word_1_266' title='bbox 551 2134 651 2199; x_wconf 81' lang='grc' dir='ltr'>τὰς</span> <span class='ocrx_word' id='word_1_267' title='bbox 677 2136 898 2199; x_wconf 77' lang='grc' dir='ltr'>ἐντολὰς</span> <span class='ocrx_word' id='word_1_268' title='bbox 924 2137 1232 2192; x_wconf 83' lang='grc' dir='ltr'>ἀναπείθει.</span> 
     </span>
    </p>
   </div>
   <div class='ocr_carea' id='block_1_39' title="bbox 1840 1950 3415 2022">
    <p class='ocr_par' dir='ltr' id='par_1_39' title="bbox 1840 1950 3415 2022">
     <span class='ocr_line' id='line_1_39' title="bbox 1840 1950 3415 2022; baseline -0.004 -14"><span class='ocrx_word' id='word_1_269' title='bbox 1840 1955 2106 2019; x_wconf 86' lang='lat' dir='ltr'><strong>rationes,</strong></span> <span class='ocrx_word' id='word_1_270' title='bbox 2147 1953 2386 2018; x_wconf 89' lang='lat' dir='ltr'><strong>dolores,</strong></span> <span class='ocrx_word' id='word_1_271' title='bbox 2436 1962 2492 2008; x_wconf 91' lang='lat' dir='ltr'><strong>et</strong></span> <span class='ocrx_word' id='word_1_272' title='bbox 2521 1953 2775 2022; x_wconf 89' lang='lat' dir='ltr'><strong>querelas</strong></span> <span class='ocrx_word' id='word_1_273' title='bbox 2820 1960 3013 2006; x_wconf 89' lang='lat' dir='ltr'><strong>contra</strong></span> <span class='ocrx_word' id='word_1_274' title='bbox 3043 1950 3415 2006; x_wconf 89' lang='lat' dir='ltr'><strong>ministerium</strong></span> 
     </span>
    </p>
   </div>
   <div class='ocr_carea' id='block_1_40' title="bbox 1837 2041 3416 2116">
    <p class='ocr_par' dir='ltr' id='par_1_40' title="bbox 1837 2041 3416 2116">
     <span class='ocr_line' id='line_1_40' title="bbox 1837 2041 3416 2116; baseline -0.004 -16"><span class='ocrx_word' id='word_1_275' title='bbox 1837 2060 1964 2116; x_wconf 88' lang='lat' dir='ltr'><strong>erga</strong></span> <span class='ocrx_word' id='word_1_276' title='bbox 1995 2045 2194 2099; x_wconf 81' lang='lat' dir='ltr'><strong>fratres</strong></span> <span class='ocrx_word' id='word_1_277' title='bbox 2230 2044 2467 2097; x_wconf 90' lang='lat' dir='ltr'><strong>animam</strong></span> <span class='ocrx_word' id='word_1_278' title='bbox 2494 2043 2727 2107; x_wconf 86' lang='lat' dir='ltr'><strong>incitat;</strong></span> <span class='ocrx_word' id='word_1_279' title='bbox 2762 2050 2857 2096; x_wconf 94' lang='lat' dir='ltr'><strong>aut</strong></span> <span class='ocrx_word' id='word_1_280' title='bbox 2889 2041 3152 2111; x_wconf 85' lang='lat' dir='ltr'><strong>Opinione</strong></span> <span class='ocrx_word' id='word_1_281' title='bbox 3189 2041 3416 2110; x_wconf 74' lang='lat' dir='ltr'><strong>iustitia:</strong></span> 
     </span>
    </p>
   </div>
   <div class='ocr_carea' id='block_1_41' title="bbox 1838 2132 3414 2206">
    <p class='ocr_par' dir='ltr' id='par_1_41' title="bbox 1838 2132 3414 2206">
     <span class='ocr_line' id='line_1_41' title="bbox 1838 2132 3414 2206; baseline -0.004 -14"><span class='ocrx_word' id='word_1_282' title='bbox 1838 2136 2129 2206; x_wconf 87' lang='lat' dir='ltr'><strong>deceptum</strong></span> <span class='ocrx_word' id='word_1_283' title='bbox 2159 2136 2238 2191; x_wconf 90' lang='lat' dir='ltr'><strong>sic</strong></span> <span class='ocrx_word' id='word_1_284' title='bbox 2261 2135 2664 2189; x_wconf 89' lang='lat' dir='ltr'><strong>ministrantem</strong></span> <span class='ocrx_word' id='word_1_285' title='bbox 2697 2132 2881 2200; x_wconf 85' lang='lat' dir='ltr'><strong>inﬂat;</strong></span> <span class='ocrx_word' id='word_1_286' title='bbox 2911 2140 2968 2188; x_wconf 92' lang='lat' dir='ltr'><strong>et</strong></span> <span class='ocrx_word' id='word_1_287' title='bbox 3000 2132 3049 2186; x_wconf 89' lang='lat' dir='ltr'><strong>ei</strong></span> <span class='ocrx_word' id='word_1_288' title='bbox 3078 2133 3373 2202; x_wconf 79' lang='lat' dir='ltr'><strong>persuadet</strong></span> <span class='ocrx_word' id='word_1_289' title='bbox 3400 2176 3414 2197; x_wconf 87' lang='lat'><strong>,</strong></span> 
     </span>
    </p>
   </div>
   <div class='ocr_carea' id='block_1_42' title="bbox 141 2229 3416 2306">
    <p class='ocr_par' dir='ltr' id='par_1_42' title="bbox 141 2229 3416 2306">
     <span class='ocr_line' id='line_1_42' title="bbox 141 2229 3416 2306; baseline -0.001 -22"><span class='ocrx_word' id='word_1_290' title='bbox 141 2239 210 2284; x_wconf 93' lang='lat' dir='ltr'><strong>ut</strong></span> <span class='ocrx_word' id='word_1_291' title='bbox 248 2246 309 2286; x_wconf 79' lang='lat' dir='ltr'><strong>se</strong></span> <span class='ocrx_word' id='word_1_292' title='bbox 335 2229 610 2287; x_wconf 76' lang='lat' dir='ltr'><strong>existimet</strong></span> <span class='ocrx_word' id='word_1_293' title='bbox 659 2233 962 2302; x_wconf 88' lang='lat' dir='ltr'><strong>pretiosum</strong></span> <span class='ocrx_word' id='word_1_294' title='bbox 990 2233 1283 2304; x_wconf 87' lang='lat' dir='ltr'><strong>quemdam</strong></span> <span class='ocrx_word' id='word_1_295' title='bbox 1306 2249 1370 2290; x_wconf 91' lang='lat' dir='ltr'><strong>ac</strong></span> <span class='ocrx_word' id='word_1_296' title='bbox 1410 2249 1668 2306; x_wconf 88' lang='lat' dir='ltr'><strong>magnum</strong></span> <span class='ocrx_word' id='word_1_297' title='bbox 1701 2249 1718 2301; x_wconf 88' lang='lat'><strong>;</strong></span> <span class='ocrx_word' id='word_1_298' title='bbox 1755 2242 1812 2290; x_wconf 91' lang='lat' dir='ltr'><strong>et</strong></span> <span class='ocrx_word' id='word_1_299' title='bbox 1878 2249 2093 2289; x_wconf 89' lang='lat' dir='ltr'><strong>summa</strong></span> <span class='ocrx_word' id='word_1_300' title='bbox 2157 2233 2493 2304; x_wconf 79' lang='lat' dir='ltr'><strong>perfectione</strong></span> <span class='ocrx_word' id='word_1_301' title='bbox 2523 2238 2722 2288; x_wconf 88' lang='lat' dir='ltr'><strong>cuncta</strong></span> <span class='ocrx_word' id='word_1_302' title='bbox 2751 2229 2852 2286; x_wconf 88' lang='lat' dir='ltr'><strong>Dei</strong></span> <span class='ocrx_word' id='word_1_303' title='bbox 2901 2229 3229 2286; x_wconf 83' lang='lat' dir='ltr'><strong>ellicientem</strong></span> <span class='ocrx_word' id='word_1_304' title='bbox 3263 2246 3416 2283; x_wconf 60' lang='lat' dir='ltr'><strong>mark</strong></span> 
     </span>
    </p>
   </div>
   <div class='ocr_carea' id='block_1_43' title="bbox 83 2327 303 2381">
    <p class='ocr_par' dir='ltr' id='par_1_43' title="bbox 83 2327 303 2381">
     <span class='ocr_line' id='line_1_43' title="bbox 83 2327 303 2381; baseline 0 -2"><span class='ocrx_word' id='word_1_305' title='bbox 83 2370 93 2379; x_wconf 95' lang='lat'><strong>.</strong></span> <span class='ocrx_word' id='word_1_306' title='bbox 139 2327 177 2381; x_wconf 74' lang='grc' dir='ltr'><em>δ</em></span> <span class='ocrx_word' id='word_1_307' title='bbox 206 2335 303 2380; x_wconf 73' lang='lat' dir='ltr'><strong>ita.</strong></span> 
     </span>
    </p>
   </div>
   <div class='ocr_carea' id='block_1_44' title="bbox 219 2417 1728 2494">
    <p class='ocr_par' dir='ltr' id='par_1_44' title="bbox 219 2417 1728 2494">
     <span class='ocr_line' id='line_1_44' title="bbox 219 2417 1728 2494; baseline 0.005 -25"><span class='ocrx_word' id='word_1_308' title='bbox 219 2417 322 2471; x_wconf 84' lang='lat' dir='ltr'><strong>IB&#39;.</strong></span> <span class='ocrx_word' id='word_1_309' title='bbox 371 2418 608 2473; x_wconf 85' lang='grc' dir='ltr'>Ὀπόταν</span> <span class='ocrx_word' id='word_1_310' title='bbox 637 2419 828 2475; x_wconf 82' lang='grc' dir='ltr'>ἐαυτὸν</span> <span class='ocrx_word' id='word_1_311' title='bbox 852 2422 1012 2494; x_wconf 83' lang='grc' dir='ltr'>οἰηθῇ</span> <span class='ocrx_word' id='word_1_312' title='bbox 1041 2420 1326 2493; x_wconf 80' lang='grc' dir='ltr'>ἄνθρωπος</span> <span class='ocrx_word' id='word_1_313' title='bbox 1358 2421 1466 2475; x_wconf 87' lang='grc' dir='ltr'><strong>τῶν</strong></span> <span class='ocrx_word' id='word_1_314' title='bbox 1497 2422 1728 2476; x_wconf 77' lang='grc' dir='ltr'>ἐντολῶν</span> 
     </span>
    </p>
   </div>
   <div class='ocr_carea' id='block_1_45' title="bbox 133 2510 1730 2586">
    <p class='ocr_par' dir='ltr' id='par_1_45' title="bbox 133 2510 1730 2586">
     <span class='ocr_line' id='line_1_45' title="bbox 133 2510 1730 2586; baseline 0.004 -24"><span class='ocrx_word' id='word_1_315' title='bbox 133 2510 507 2582; x_wconf 81' lang='grc' dir='ltr'>ἐπιμελητὴν,</span> <span class='ocrx_word' id='word_1_316' title='bbox 535 2512 692 2582; x_wconf 83' lang='grc' dir='ltr'>δῆλός</span> <span class='ocrx_word' id='word_1_317' title='bbox 719 2515 866 2566; x_wconf 86' lang='grc' dir='ltr'>ἐστιν</span> <span class='ocrx_word' id='word_1_318' title='bbox 891 2515 1248 2586; x_wconf 81' lang='grc' dir='ltr'>ἁμαρτάνων,</span> <span class='ocrx_word' id='word_1_319' title='bbox 1273 2515 1368 2569; x_wconf 76' lang='grc' dir='ltr'><strong>καὶ</strong></span> <span class='ocrx_word' id='word_1_320' title='bbox 1390 2515 1488 2585; x_wconf 85' lang='grc' dir='ltr'><strong>τῆς</strong></span> <span class='ocrx_word' id='word_1_321' title='bbox 1510 2515 1730 2585; x_wconf 80' lang='grc' dir='ltr'>ἐντολῆς</span> 
     </span>
    </p>
   </div>
   <div class='ocr_carea' id='block_1_46' title="bbox 135 2603 1730 2677">
    <p class='ocr_par' dir='ltr' id='par_1_46' title="bbox 135 2603 1730 2677">
     <span class='ocr_line' id='line_1_46' title="bbox 135 2603 1730 2677; baseline 0.001 -22"><span class='ocrx_word' id='word_1_322' title='bbox 135 2603 543 2672; x_wconf 67' lang='grc' dir='ltr'>σφαλλόμενοςο</span> <span class='ocrx_word' id='word_1_323' title='bbox 579 2606 667 2659; x_wconf 83' lang='grc' dir='ltr'>ὅτε</span> <span class='ocrx_word' id='word_1_324' title='bbox 697 2606 900 2677; x_wconf 85' lang='grc' dir='ltr'>κρίνων</span> <span class='ocrx_word' id='word_1_325' title='bbox 926 2607 1144 2674; x_wconf 86' lang='grc' dir='ltr'>ἐαυτὸν,</span> <span class='ocrx_word' id='word_1_326' title='bbox 1176 2608 1271 2662; x_wconf 69' lang='grc' dir='ltr'><strong>καλ⁷</strong></span> <span class='ocrx_word' id='word_1_327' title='bbox 1299 2606 1376 2677; x_wconf 82' lang='grc' dir='ltr'>μὴ</span> <span class='ocrx_word' id='word_1_328' title='bbox 1401 2607 1492 2660; x_wconf 91' lang='grc' dir='ltr'><strong>τὸν</strong></span> <span class='ocrx_word' id='word_1_329' title='bbox 1513 2605 1730 2674; x_wconf 85' lang='grc' dir='ltr'>ἀληθῶς</span> 
     </span>
    </p>
   </div>
   <div class='ocr_carea' id='block_1_47' title="bbox 133 2695 1729 2770">
    <p class='ocr_par' dir='ltr' id='par_1_47' title="bbox 133 2695 1729 2770">
     <span class='ocr_line' id='line_1_47' title="bbox 133 2695 1729 2770; baseline 0.001 -21"><span class='ocrx_word' id='word_1_330' title='bbox 133 2695 405 2767; x_wconf 86' lang='grc' dir='ltr'>κρίνοντα</span> <span class='ocrx_word' id='word_1_331' title='bbox 435 2698 890 2768; x_wconf 76' lang='grc' dir='ltr'>προσδεξάμενος·</span> <span class='ocrx_word' id='word_1_332' title='bbox 923 2700 1055 2752; x_wconf 85' lang='grc' dir='ltr'>ὅταν</span> <span class='ocrx_word' id='word_1_333' title='bbox 1078 2699 1187 2770; x_wconf 80' lang='grc' dir='ltr'><strong>γάρ</strong></span> <span class='ocrx_word' id='word_1_334' title='bbox 1219 2696 1618 2768; x_wconf 79' lang='grc' dir='ltr'>συμμαρτυρῇ</span> <span class='ocrx_word' id='word_1_335' title='bbox 1650 2696 1729 2764; x_wconf 84' lang='grc' dir='ltr'>τῷ</span> 
     </span>
    </p>
   </div>
   <div class='ocr_carea' id='block_1_48' title="bbox 131 2787 1729 2860">
    <p class='ocr_par' dir='ltr' id='par_1_48' title="bbox 131 2787 1729 2860">
     <span class='ocr_line' id='line_1_48' title="bbox 131 2787 1729 2860; baseline 0.003 -21"><span class='ocrx_word' id='word_1_336' title='bbox 131 2788 438 2856; x_wconf 75' lang='grc' dir='ltr'>πνεύματι</span> <span class='ocrx_word' id='word_1_337' title='bbox 466 2787 632 2856; x_wconf 59' lang='grc' dir='ltr'>’ἡμῶν</span> <span class='ocrx_word' id='word_1_338' title='bbox 661 2789 725 2842; x_wconf 87' lang='grc' dir='ltr'><strong>τὸ</strong></span> <span class='ocrx_word' id='word_1_339' title='bbox 758 2790 864 2844; x_wconf 79' lang='grc' dir='ltr'><strong>τοῦ</strong></span> <span class='ocrx_word' id='word_1_340' title='bbox 897 2790 1043 2844; x_wconf 85' lang='grc' dir='ltr'>Θεοῦ</span> <span class='ocrx_word' id='word_1_341' title='bbox 1071 2790 1343 2860; x_wconf 81' lang='grc' dir='ltr'>Πνεῦμα,</span> <span class='ocrx_word' id='word_1_342' title='bbox 1385 2790 1525 2845; x_wconf 87' lang='grc' dir='ltr'><strong>κατά</strong></span> <span class='ocrx_word' id='word_1_343' title='bbox 1553 2791 1614 2844; x_wconf 88' lang='grc' dir='ltr'><strong>τὸ</strong></span> <span class='ocrx_word' id='word_1_344' title='bbox 1640 2791 1729 2844; x_wconf 90' lang='grc' dir='ltr'>λό-</span> 
     </span>
    </p>
   </div>
   <div class='ocr_carea' id='block_1_49' title="bbox 130 2877 1726 2952">
    <p class='ocr_par' dir='ltr' id='par_1_49' title="bbox 130 2877 1726 2952">
     <span class='ocr_line' id='line_1_49' title="bbox 130 2877 1726 2952; baseline 0.004 -23"><span class='ocrx_word' id='word_1_345' title='bbox 130 2894 264 2946; x_wconf 90' lang='grc' dir='ltr'>γιον</span> <span class='ocrx_word' id='word_1_346' title='bbox 298 2877 533 2942; x_wconf 87' lang='grc' dir='ltr'>Παύλου,</span> <span class='ocrx_word' id='word_1_347' title='bbox 568 2879 690 2932; x_wconf 89' lang='grc' dir='ltr'>τότε</span> <span class='ocrx_word' id='word_1_348' title='bbox 720 2881 1030 2951; x_wconf 79' lang='grc' dir='ltr'>φιλαλήθως</span> <span class='ocrx_word' id='word_1_349' title='bbox 1060 2881 1298 2952; x_wconf 82' lang='grc' dir='ltr'>Χριστοῦ</span> <span class='ocrx_word' id='word_1_350' title='bbox 1325 2881 1484 2948; x_wconf 78' lang='grc' dir='ltr'>ἄξιοι,</span> <span class='ocrx_word' id='word_1_351' title='bbox 1517 2881 1610 2935; x_wconf 71' lang='grc' dir='ltr'><strong>καὶ</strong></span> <span class='ocrx_word' id='word_1_352' title='bbox 1635 2881 1726 2936; x_wconf 81' lang='grc' dir='ltr'>τέ-</span> 
     </span>
    </p>
   </div>
   <div class='ocr_carea' id='block_1_50' title="bbox 129 2969 1725 3045">
    <p class='ocr_par' dir='ltr' id='par_1_50' title="bbox 129 2969 1725 3045">
     <span class='ocr_line' id='line_1_50' title="bbox 129 2969 1725 3045; baseline 0.002 -22"><span class='ocrx_word' id='word_1_353' title='bbox 129 2987 250 3023; x_wconf 85' lang='grc' dir='ltr'><strong>κνα</strong></span> <span class='ocrx_word' id='word_1_354' title='bbox 302 2969 437 3024; x_wconf 83' lang='grc' dir='ltr'>Θεοῦ</span> <span class='ocrx_word' id='word_1_355' title='bbox 485 2973 830 3043; x_wconf 82' lang='grc' dir='ltr'>τυγχάνομεν</span> <span class='ocrx_word' id='word_1_356' title='bbox 873 2973 1061 3036; x_wconf 78' lang='grc' dir='ltr'>ὄντες,</span> <span class='ocrx_word' id='word_1_357' title='bbox 1114 2974 1212 3043; x_wconf 78' lang='grc' dir='ltr'><strong>οὐχ</strong></span> <span class='ocrx_word' id='word_1_358' title='bbox 1253 2973 1380 3026; x_wconf 84' lang='grc' dir='ltr'>ὅταν</span> <span class='ocrx_word' id='word_1_359' title='bbox 1417 2973 1523 3042; x_wconf 82' lang='grc' dir='ltr'>ἰδίᾳ</span> <span class='ocrx_word' id='word_1_360' title='bbox 1548 2973 1725 3045; x_wconf 85' lang='grc' dir='ltr'>οίήσει</span> 
     </span>
    </p>
   </div>
   <div class='ocr_carea' id='block_1_51' title="bbox 129 3062 1722 3134">
    <p class='ocr_par' dir='ltr' id='par_1_51' title="bbox 129 3062 1722 3134">
     <span class='ocr_line' id='line_1_51' title="bbox 129 3062 1722 3134; baseline 0 -16"><span class='ocrx_word' id='word_1_361' title='bbox 129 3063 374 3126; x_wconf 76' lang='grc' dir='ltr'>ἑαυτοὺς</span> <span class='ocrx_word' id='word_1_362' title='bbox 407 3062 790 3134; x_wconf 82' lang='grc' dir='ltr'>δικαιώσωμεν</span> <span class='ocrx_word' id='word_1_363' title='bbox 813 3080 828 3094; x_wconf 76' lang='grc' dir='ltr'><strong>ο</strong></span> <span class='ocrx_word' id='word_1_364' title='bbox 880 3065 962 3117; x_wconf 84' lang='grc' dir='ltr'><strong>Οὐ</strong></span> <span class='ocrx_word' id='word_1_365' title='bbox 997 3063 1108 3133; x_wconf 79' lang='grc' dir='ltr'>γὰρ</span> <span class='ocrx_word' id='word_1_366' title='bbox 1142 3063 1362 3118; x_wconf 82' lang='grc' dir='ltr'>ἑαυτὸν</span> <span class='ocrx_word' id='word_1_367' title='bbox 1388 3062 1722 3129; x_wconf 86' lang='grc' dir='ltr'>συνιστῶν,</span> 
     </span>
    </p>
   </div>
   <div class='ocr_carea' id='block_1_52' title="bbox 128 3155 1720 3226">
    <p class='ocr_par' dir='ltr' id='par_1_52' title="bbox 128 3155 1720 3226">
     <span class='ocr_line' id='line_1_52' title="bbox 128 3155 1720 3226; baseline 0.001 -16"><span class='ocrx_word' id='word_1_368' title='bbox 128 3157 308 3226; x_wconf 63' lang='grc' dir='ltr'>φησι,</span> <span class='ocrx_word' id='word_1_369' title='bbox 346 3155 587 3224; x_wconf 76' lang='grc' dir='ltr'>δόκιμος</span> <span class='ocrx_word' id='word_1_370' title='bbox 611 3171 625 3184; x_wconf 83' lang='lat'><strong><em>°</em></strong></span> <span class='ocrx_word' id='word_1_371' title='bbox 667 3155 807 3211; x_wconf 73' lang='grc' dir='ltr'><strong>ἀλλ’</strong></span> <span class='ocrx_word' id='word_1_372' title='bbox 855 3155 928 3211; x_wconf 80' lang='grc' dir='ltr'>ὃν</span> <span class='ocrx_word' id='word_1_373' title='bbox 976 3160 1010 3211; x_wconf 82' lang='grc' dir='ltr'><strong>ό</strong></span> <span class='ocrx_word' id='word_1_374' title='bbox 1050 3158 1267 3226; x_wconf 82' lang='grc' dir='ltr'>Κύριος</span> <span class='ocrx_word' id='word_1_375' title='bbox 1306 3157 1720 3226; x_wconf 78' lang='grc' dir='ltr'>συνίστησινο</span> 
     </span>
    </p>
   </div>
   <div class='ocr_carea' id='block_1_53' title="bbox 1890 2419 3418 2498">
    <p class='ocr_par' dir='ltr' id='par_1_53' title="bbox 1890 2419 3418 2498">
     <span class='ocr_line' id='line_1_53' title="bbox 1890 2419 3418 2498; baseline -0.003 -22"><span class='ocrx_word' id='word_1_376' title='bbox 1890 2420 2008 2476; x_wconf 85' lang='lat' dir='ltr'><strong>XII.</strong></span> <span class='ocrx_word' id='word_1_377' title='bbox 2041 2421 2179 2477; x_wconf 89' lang='lat' dir='ltr'><strong>Cum</strong></span> <span class='ocrx_word' id='word_1_378' title='bbox 2207 2421 2372 2498; x_wconf 78' lang='lat' dir='ltr'><strong>homo</strong></span> <span class='ocrx_word' id='word_1_379' title='bbox 2400 2437 2459 2477; x_wconf 91' lang='lat' dir='ltr'><strong>se</strong></span> <span class='ocrx_word' id='word_1_380' title='bbox 2485 2423 2667 2492; x_wconf 89' lang='lat' dir='ltr'><strong>ipsum</strong></span> <span class='ocrx_word' id='word_1_381' title='bbox 2680 2419 2962 2476; x_wconf 78' lang='lat' dir='ltr'><strong>existimat</strong></span> <span class='ocrx_word' id='word_1_382' title='bbox 2987 2426 3240 2474; x_wconf 79' lang='lat' dir='ltr'><strong>accurate</strong></span> <span class='ocrx_word' id='word_1_383' title='bbox 3259 2433 3418 2472; x_wconf 89' lang='lat' dir='ltr'><strong>man-</strong></span> 
     </span>
    </p>
   </div>
   <div class='ocr_carea' id='block_1_54' title="bbox 1835 2509 3418 2584">
    <p class='ocr_par' dir='ltr' id='par_1_54' title="bbox 1835 2509 3418 2584">
     <span class='ocr_line' id='line_1_54' title="bbox 1835 2509 3418 2584; baseline -0.003 -16"><span class='ocrx_word' id='word_1_384' title='bbox 1835 2513 1963 2569; x_wconf 83' lang='lat' dir='ltr'><strong>data</strong></span> <span class='ocrx_word' id='word_1_385' title='bbox 2005 2513 2265 2584; x_wconf 78' lang='lat' dir='ltr'><strong>exsequi,</strong></span> <span class='ocrx_word' id='word_1_386' title='bbox 2323 2513 2429 2569; x_wconf 93' lang='lat' dir='ltr'><strong>hoc</strong></span> <span class='ocrx_word' id='word_1_387' title='bbox 2479 2514 2599 2583; x_wconf 91' lang='lat' dir='ltr'><strong>ipso</strong></span> <span class='ocrx_word' id='word_1_388' title='bbox 2655 2512 2948 2567; x_wconf 89' lang='lat' dir='ltr'><strong>manifesto</strong></span> <span class='ocrx_word' id='word_1_389' title='bbox 2985 2511 3172 2582; x_wconf 86' lang='lat' dir='ltr'><strong>prodit</strong></span> <span class='ocrx_word' id='word_1_390' title='bbox 3215 2509 3418 2564; x_wconf 87' lang='lat' dir='ltr'><strong>indicio</strong></span> 
     </span>
    </p>
   </div>
   <div class='ocr_carea' id='block_1_55' title="bbox 1831 2602 3418 2676">
    <p class='ocr_par' dir='ltr' id='par_1_55' title="bbox 1831 2602 3418 2676">
     <span class='ocr_line' id='line_1_55' title="bbox 1831 2602 3418 2676; baseline -0.003 -16"><span class='ocrx_word' id='word_1_391' title='bbox 1831 2620 2020 2661; x_wconf 88' lang='lat' dir='ltr'><strong>errare</strong></span> <span class='ocrx_word' id='word_1_392' title='bbox 2045 2621 2126 2672; x_wconf 90' lang='lat' dir='ltr'><strong>se,</strong></span> <span class='ocrx_word' id='word_1_393' title='bbox 2149 2620 2213 2661; x_wconf 92' lang='lat' dir='ltr'><strong>ac</strong></span> <span class='ocrx_word' id='word_1_394' title='bbox 2235 2621 2266 2660; x_wconf 90' lang='lat' dir='ltr'><strong>a</strong></span> <span class='ocrx_word' id='word_1_395' title='bbox 2298 2605 2556 2676; x_wconf 58' lang='lat' dir='ltr'><strong>praecepti</strong></span> <span class='ocrx_word' id='word_1_396' title='bbox 2597 2605 2982 2660; x_wconf 82' lang='lat' dir='ltr'><strong>observatione</strong></span> <span class='ocrx_word' id='word_1_397' title='bbox 3010 2603 3276 2658; x_wconf 77' lang='lat' dir='ltr'><strong>deviasse.</strong></span> <span class='ocrx_word' id='word_1_398' title='bbox 3318 2602 3418 2657; x_wconf 87' lang='lat' dir='ltr'><strong>Ut-</strong></span> 
     </span>
    </p>
   </div>
   <div class='ocr_carea' id='block_1_56' title="bbox 1833 2694 3418 2771">
    <p class='ocr_par' dir='ltr' id='par_1_56' title="bbox 1833 2694 3418 2771">
     <span class='ocr_line' id='line_1_56' title="bbox 1833 2694 3418 2771; baseline -0.005 -17"><span class='ocrx_word' id='word_1_399' title='bbox 1833 2711 1963 2771; x_wconf 90' lang='lat' dir='ltr'><strong>pote</strong></span> <span class='ocrx_word' id='word_1_400' title='bbox 1981 2700 2074 2769; x_wconf 90' lang='lat' dir='ltr'><strong>qui</strong></span> <span class='ocrx_word' id='word_1_401' title='bbox 2104 2707 2452 2769; x_wconf 67' lang='lat' dir='ltr'><strong>prmoccupet</strong></span> <span class='ocrx_word' id='word_1_402' title='bbox 2478 2697 2749 2768; x_wconf 88' lang='lat' dir='ltr'><strong>judicium</strong></span> <span class='ocrx_word' id='word_1_403' title='bbox 2783 2696 2851 2750; x_wconf 93' lang='lat' dir='ltr'><strong>de</strong></span> <span class='ocrx_word' id='word_1_404' title='bbox 2869 2711 2926 2751; x_wconf 91' lang='lat' dir='ltr'><strong>se</strong></span> <span class='ocrx_word' id='word_1_405' title='bbox 2956 2695 3076 2764; x_wconf 88' lang='lat' dir='ltr'><strong>ipso</strong></span> <span class='ocrx_word' id='word_1_406' title='bbox 3093 2694 3236 2748; x_wconf 89' lang='lat' dir='ltr'><strong>ferre</strong></span> <span class='ocrx_word' id='word_1_407' title='bbox 3268 2735 3282 2756; x_wconf 92' lang='lat'><strong>,</strong></span> <span class='ocrx_word' id='word_1_408' title='bbox 3307 2709 3418 2747; x_wconf 87' lang='lat' dir='ltr'><strong>non</strong></span> 
     </span>
    </p>
   </div>
   <div class='ocr_carea' id='block_1_57' title="bbox 1834 2787 3420 2864">
    <p class='ocr_par' dir='ltr' id='par_1_57' title="bbox 1834 2787 3420 2864">
     <span class='ocr_line' id='line_1_57' title="bbox 1834 2787 3420 2864; baseline -0.006 -15"><span class='ocrx_word' id='word_1_409' title='bbox 1834 2802 2161 2864; x_wconf 80' lang='lat' dir='ltr'><strong>exspectans</strong></span> <span class='ocrx_word' id='word_1_410' title='bbox 2193 2807 2324 2847; x_wconf 86' lang='lat' dir='ltr'><strong>vere</strong></span> <span class='ocrx_word' id='word_1_411' title='bbox 2343 2791 2707 2862; x_wconf 88' lang='lat' dir='ltr'><strong>judicantem.</strong></span> <span class='ocrx_word' id='word_1_412' title='bbox 2735 2788 2970 2852; x_wconf 86' lang='lat' dir='ltr'><strong>Quando</strong></span> <span class='ocrx_word' id='word_1_413' title='bbox 2998 2790 3146 2842; x_wconf 91' lang='lat' dir='ltr'><strong>enim</strong></span> <span class='ocrx_word' id='word_1_414' title='bbox 3174 2787 3420 2841; x_wconf 88' lang='lat' dir='ltr'><strong>testimo-</strong></span> 
     </span>
    </p>
   </div>
   <div class='ocr_carea' id='block_1_58' title="bbox 1833 2876 3419 2952">
    <p class='ocr_par' dir='ltr' id='par_1_58' title="bbox 1833 2876 3419 2952">
     <span class='ocr_line' id='line_1_58' title="bbox 1833 2876 3419 2952; baseline -0.005 -14"><span class='ocrx_word' id='word_1_415' title='bbox 1833 2883 1987 2938; x_wconf 90' lang='lat' dir='ltr'><strong>nium</strong></span> <span class='ocrx_word' id='word_1_416' title='bbox 2011 2883 2181 2936; x_wconf 84' lang='lat' dir='ltr'><strong>reddit</strong></span> <span class='ocrx_word' id='word_1_417' title='bbox 2222 2881 2435 2952; x_wconf 78' lang='lat' dir='ltr'><strong>spiritui</strong></span> <span class='ocrx_word' id='word_1_418' title='bbox 2459 2888 2634 2933; x_wconf 83' lang='lat' dir='ltr'><strong>nostro</strong></span> <span class='ocrx_word' id='word_1_419' title='bbox 2655 2878 2752 2933; x_wconf 86' lang='lat' dir='ltr'><strong>Dei</strong></span> <span class='ocrx_word' id='word_1_420' title='bbox 2774 2878 3005 2948; x_wconf 76' lang='lat' dir='ltr'><strong>Spiritus</strong></span> <span class='ocrx_word' id='word_1_421' title='bbox 3026 2877 3092 2941; x_wconf 74' lang='lat'><strong>“,</strong></span> <span class='ocrx_word' id='word_1_422' title='bbox 3115 2876 3419 2931; x_wconf 88' lang='lat' dir='ltr'><strong>secundum</strong></span> 
     </span>
    </p>
   </div>
   <div class='ocr_carea' id='block_1_59' title="bbox 1831 2969 3419 3042">
    <p class='ocr_par' dir='ltr' id='par_1_59' title="bbox 1831 2969 3419 3042">
     <span class='ocr_line' id='line_1_59' title="bbox 1831 2969 3419 3042; baseline -0.006 -10"><span class='ocrx_word' id='word_1_423' title='bbox 1831 2976 2008 3041; x_wconf 86' lang='lat' dir='ltr'><strong>Pauli,</strong></span> <span class='ocrx_word' id='word_1_424' title='bbox 2045 2985 2178 3030; x_wconf 89' lang='lat' dir='ltr'><strong>tunc</strong></span> <span class='ocrx_word' id='word_1_425' title='bbox 2210 2974 2388 3029; x_wconf 90' lang='lat' dir='ltr'><strong>solum</strong></span> <span class='ocrx_word' id='word_1_426' title='bbox 2414 2971 2635 3027; x_wconf 83' lang='lat' dir='ltr'><strong>Christo</strong></span> <span class='ocrx_word' id='word_1_427' title='bbox 2674 2973 2860 3042; x_wconf 84' lang='lat' dir='ltr'><strong>digni,</strong></span> <span class='ocrx_word' id='word_1_428' title='bbox 2899 2977 2956 3024; x_wconf 91' lang='lat' dir='ltr'><strong>et</strong></span> <span class='ocrx_word' id='word_1_429' title='bbox 2983 2969 3079 3023; x_wconf 85' lang='lat' dir='ltr'><strong>ﬁlii</strong></span> <span class='ocrx_word' id='word_1_430' title='bbox 3131 2969 3227 3023; x_wconf 91' lang='lat' dir='ltr'><strong>Dei</strong></span> <span class='ocrx_word' id='word_1_431' title='bbox 3287 2983 3419 3023; x_wconf 83' lang='lat' dir='ltr'><strong>vero</strong></span> 
     </span>
    </p>
   </div>
   <div class='ocr_carea' id='block_1_60' title="bbox 1830 3062 3422 3135">
    <p class='ocr_par' dir='ltr' id='par_1_60' title="bbox 1830 3062 3422 3135">
     <span class='ocr_line' id='line_1_60' title="bbox 1830 3062 3422 3135; baseline -0.006 -11"><span class='ocrx_word' id='word_1_432' title='bbox 1830 3084 2054 3134; x_wconf 88' lang='lat' dir='ltr'><strong>sumus;</strong></span> <span class='ocrx_word' id='word_1_433' title='bbox 2075 3083 2188 3123; x_wconf 85' lang='lat' dir='ltr'><strong>non</strong></span> <span class='ocrx_word' id='word_1_434' title='bbox 2215 3075 2401 3122; x_wconf 89' lang='lat' dir='ltr'><strong>autem</strong></span> <span class='ocrx_word' id='word_1_435' title='bbox 2433 3064 2656 3135; x_wconf 83' lang='lat' dir='ltr'><strong>quando</strong></span> <span class='ocrx_word' id='word_1_436' title='bbox 2685 3063 2924 3134; x_wconf 63' lang='lat' dir='ltr'><strong>propriae</strong></span> <span class='ocrx_word' id='word_1_437' title='bbox 2953 3062 3239 3132; x_wconf 91' lang='lat' dir='ltr'><strong>opinionis</strong></span> <span class='ocrx_word' id='word_1_438' title='bbox 3265 3077 3422 3115; x_wconf 85' lang='lat' dir='ltr'><strong>arro-</strong></span> 
     </span>
    </p>
   </div>
   <div class='ocr_carea' id='block_1_61' title="bbox 1829 3136 3421 3234">
    <p class='ocr_par' dir='ltr' id='par_1_61' title="bbox 1829 3136 3421 3234">
     <span class='ocr_line' id='line_1_61' title="bbox 1829 3136 3421 3234; baseline -0.008 -16"><span class='ocrx_word' id='word_1_439' title='bbox 1829 3162 2011 3234; x_wconf 81' lang='lat' dir='ltr'><strong>gantia</strong></span> <span class='ocrx_word' id='word_1_440' title='bbox 2031 3162 2210 3232; x_wconf 84' lang='lat' dir='ltr'><strong>justos</strong></span> <span class='ocrx_word' id='word_1_441' title='bbox 2241 3174 2340 3213; x_wconf 91' lang='lat' dir='ltr'><strong>nos</strong></span> <span class='ocrx_word' id='word_1_442' title='bbox 2369 3158 2472 3228; x_wconf 84' lang='lat' dir='ltr'><strong>ipsi</strong></span> <span class='ocrx_word' id='word_1_443' title='bbox 2495 3156 2986 3212; x_wconf 87' lang='lat' dir='ltr'><strong>declaraverimus.</strong></span> <span class='ocrx_word' id='word_1_444' title='bbox 3019 3153 3138 3208; x_wconf 84' lang='lat' dir='ltr'><strong>Non</strong></span> <span class='ocrx_word' id='word_1_445' title='bbox 3165 3155 3304 3206; x_wconf 87' lang='lat' dir='ltr'><strong>enim</strong></span> <span class='ocrx_word' id='word_1_446' title='bbox 3329 3136 3421 3223; x_wconf 61' lang='lat' dir='ltr'><strong>qu&quot;</strong></span> 
     </span>
    </p>
   </div>
   <div class='ocr_carea' id='block_1_62' title="bbox 125 3245 1729 3326">
    <p class='ocr_par' dir='ltr' id='par_1_62' title="bbox 125 3249 1723 3324">
     <span class='ocr_line' id='line_1_62' title="bbox 125 3249 1723 3324; baseline 0.003 -20"><span class='ocrx_word' id='word_1_447' title='bbox 125 3249 378 3320; x_wconf 86' lang='grc' dir='ltr'>ἐπείπερ</span> <span class='ocrx_word' id='word_1_448' title='bbox 425 3250 554 3303; x_wconf 81' lang='grc' dir='ltr'>ὅταν</span> <span class='ocrx_word' id='word_1_449' title='bbox 591 3250 813 3319; x_wconf 82' lang='grc' dir='ltr'>μνήμης</span> <span class='ocrx_word' id='word_1_450' title='bbox 857 3250 954 3303; x_wconf 75' lang='grc' dir='ltr'><strong>καὶ</strong></span> <span class='ocrx_word' id='word_1_451' title='bbox 999 3251 1164 3319; x_wconf 79' lang='grc' dir='ltr'>φόϐου</span> <span class='ocrx_word' id='word_1_452' title='bbox 1207 3250 1344 3304; x_wconf 85' lang='grc' dir='ltr'>Θεοῦ</span> <span class='ocrx_word' id='word_1_453' title='bbox 1396 3254 1604 3324; x_wconf 85' lang='grc' dir='ltr'>γυμνὸς</span> <span class='ocrx_word' id='word_1_454' title='bbox 1647 3253 1723 3309; x_wconf 82' lang='grc' dir='ltr'><strong>ὢν</strong></span> 
     </span>
    </p>
   </div>
   <div class='ocr_carea' id='block_1_63' title="bbox 1834 3245 3420 3326">
    <p class='ocr_par' dir='ltr' id='par_1_63' title="bbox 1834 3247 3420 3326">
     <span class='ocr_line' id='line_1_63' title="bbox 1834 3247 3420 3326; baseline -0.009 -16"><span class='ocrx_word' id='word_1_455' title='bbox 1834 3273 1878 3310; x_wconf 75' lang='grc' dir='ltr'><strong>ιε</strong></span> <span class='ocrx_word' id='word_1_456' title='bbox 1899 3257 2069 3326; x_wconf 82' lang='lat' dir='ltr'><strong>ipsum</strong></span> <span class='ocrx_word' id='word_1_457' title='bbox 2096 3253 2449 3317; x_wconf 77' lang='lat' dir='ltr'><strong>commendat,</strong></span> <span class='ocrx_word' id='word_1_458' title='bbox 2470 3251 2566 3316; x_wconf 92' lang='lat' dir='ltr'><strong>ait,</strong></span> <span class='ocrx_word' id='word_1_459' title='bbox 2603 3249 2698 3304; x_wconf 84' lang='lat' dir='ltr'><strong>ille</strong></span> <span class='ocrx_word' id='word_1_460' title='bbox 2727 3249 2976 3320; x_wconf 85' lang='lat' dir='ltr'><strong>probatus</strong></span> <span class='ocrx_word' id='word_1_461' title='bbox 3008 3257 3084 3302; x_wconf 90' lang='lat' dir='ltr'><strong>est</strong></span> <span class='ocrx_word' id='word_1_462' title='bbox 3107 3287 3120 3309; x_wconf 88' lang='lat'><strong>,</strong></span> <span class='ocrx_word' id='word_1_463' title='bbox 3146 3247 3235 3300; x_wconf 86' lang='lat' dir='ltr'><strong>sed</strong></span> <span class='ocrx_word' id='word_1_464' title='bbox 3264 3261 3420 3315; x_wconf 83' lang='lat' dir='ltr'><strong>quem</strong></span> 
     </span>
    </p>
   </div>
   <div class='ocr_carea' id='block_1_64' title="bbox 123 3341 1724 3416">
    <p class='ocr_par' dir='ltr' id='par_1_64' title="bbox 123 3341 1724 3416">
     <span class='ocr_line' id='line_1_64' title="bbox 123 3341 1724 3416; baseline -0.003 -20"><span class='ocrx_word' id='word_1_465' title='bbox 123 3341 464 3412; x_wconf 81' lang='grc' dir='ltr'>εὑρίσκηται</span> <span class='ocrx_word' id='word_1_466' title='bbox 517 3341 545 3392; x_wconf 98' lang='lat'><strong>6</strong></span> <span class='ocrx_word' id='word_1_467' title='bbox 587 3341 874 3410; x_wconf 80' lang='grc' dir='ltr'>ἄνθρωπος</span> <span class='ocrx_word' id='word_1_468' title='bbox 899 3381 913 3403; x_wconf 90' lang='grc'><strong>,</strong></span> <span class='ocrx_word' id='word_1_469' title='bbox 962 3341 1132 3412; x_wconf 84' lang='grc' dir='ltr'>πολλὴ</span> <span class='ocrx_word' id='word_1_470' title='bbox 1177 3343 1394 3414; x_wconf 85' lang='grc' dir='ltr'>ἀνάγκη</span> <span class='ocrx_word' id='word_1_471' title='bbox 1438 3346 1531 3398; x_wconf 83' lang='grc' dir='ltr'><strong>καὶ</strong></span> <span class='ocrx_word' id='word_1_472' title='bbox 1566 3345 1724 3416; x_wconf 79' lang='grc' dir='ltr'>δόξης</span> 
     </span>
    </p>
   </div>
   <div class='ocr_carea' id='block_1_65' title="bbox 122 3431 1722 3504">
    <p class='ocr_par' dir='ltr' id='par_1_65' title="bbox 122 3431 1722 3504">
     <span class='ocr_line' id='line_1_65' title="bbox 122 3431 1722 3504; baseline 0.004 -18"><span class='ocrx_word' id='word_1_473' title='bbox 122 3434 272 3504; x_wconf 79' lang='grc' dir='ltr'>ἐρᾷν</span> <span class='ocrx_word' id='word_1_474' title='bbox 307 3432 402 3486; x_wconf 71' lang='grc' dir='ltr'><strong>καὶ</strong></span> <span class='ocrx_word' id='word_1_475' title='bbox 435 3431 689 3502; x_wconf 87' lang='grc' dir='ltr'>θηρεύειν</span> <span class='ocrx_word' id='word_1_476' title='bbox 715 3433 938 3487; x_wconf 77' lang='grc' dir='ltr'>ἔπαινον</span> <span class='ocrx_word' id='word_1_477' title='bbox 973 3435 1123 3504; x_wconf 87' lang='grc' dir='ltr'><strong>παρά</strong></span> <span class='ocrx_word' id='word_1_478' title='bbox 1150 3434 1256 3489; x_wconf 85' lang='grc' dir='ltr'><strong>τῶν</strong></span> <span class='ocrx_word' id='word_1_479' title='bbox 1289 3437 1380 3488; x_wconf 80' lang='grc' dir='ltr'>ὑπ’</span> <span class='ocrx_word' id='word_1_480' title='bbox 1403 3436 1570 3491; x_wconf 84' lang='grc' dir='ltr'>αὑτοῦ</span> <span class='ocrx_word' id='word_1_481' title='bbox 1603 3438 1722 3492; x_wconf 81' lang='grc' dir='ltr'>δια·</span> 
     </span>
    </p>
   </div>
   <div class='ocr_carea' id='block_1_66' title="bbox 121 3523 1724 3600">
    <p class='ocr_par' dir='ltr' id='par_1_66' title="bbox 121 3523 1724 3600">
     <span class='ocr_line' id='line_1_66' title="bbox 121 3523 1724 3600; baseline 0.002 -21"><span class='ocrx_word' id='word_1_482' title='bbox 121 3525 507 3595; x_wconf 84' lang='grc' dir='ltr'>κονουμένων.</span> <span class='ocrx_word' id='word_1_483' title='bbox 564 3523 622 3578; x_wconf 79' lang='grc' dir='ltr'><strong>Ὀ</strong></span> <span class='ocrx_word' id='word_1_484' title='bbox 672 3524 730 3579; x_wconf 81' lang='grc' dir='ltr'>δέ</span> <span class='ocrx_word' id='word_1_485' title='bbox 775 3542 840 3595; x_wconf 85' lang='grc' dir='ltr'><strong>γε</strong></span> <span class='ocrx_word' id='word_1_486' title='bbox 881 3525 1123 3588; x_wconf 89' lang='grc' dir='ltr'>τοιοῦτος</span> <span class='ocrx_word' id='word_1_487' title='bbox 1167 3528 1397 3591; x_wconf 81' lang='grc' dir='ltr'>ἄπιστος</span> <span class='ocrx_word' id='word_1_488' title='bbox 1445 3530 1597 3600; x_wconf 84' lang='grc' dir='ltr'><strong>παρά</strong></span> <span class='ocrx_word' id='word_1_489' title='bbox 1631 3528 1724 3583; x_wconf 91' lang='grc' dir='ltr'><strong>τοῦ</strong></span> 
     </span>
    </p>
   </div>
   <div class='ocr_carea' id='block_1_67' title="bbox 121 3617 1726 3692">
    <p class='ocr_par' dir='ltr' id='par_1_67' title="bbox 121 3617 1726 3692">
     <span class='ocr_line' id='line_1_67' title="bbox 121 3617 1726 3692; baseline 0.002 -19"><span class='ocrx_word' id='word_1_490' title='bbox 121 3619 353 3689; x_wconf 82' lang='grc' dir='ltr'>Κυρίου</span> <span class='ocrx_word' id='word_1_491' title='bbox 389 3617 748 3689; x_wconf 81' lang='grc' dir='ltr'>ἐληλεγκται,</span> <span class='ocrx_word' id='word_1_492' title='bbox 796 3619 1048 3690; x_wconf 84' lang='grc' dir='ltr'>καθάπερ</span> <span class='ocrx_word' id='word_1_493' title='bbox 1082 3619 1182 3692; x_wconf 80' lang='grc' dir='ltr'>ἤδη</span> <span class='ocrx_word' id='word_1_494' title='bbox 1216 3620 1514 3692; x_wconf 80' lang='grc' dir='ltr'>δεδήλωται</span> <span class='ocrx_word' id='word_1_495' title='bbox 1537 3639 1552 3653; x_wconf 86' lang='grc'>⁶</span> <span class='ocrx_word' id='word_1_496' title='bbox 1591 3621 1726 3687; x_wconf 86' lang='grc' dir='ltr'>Πῶς</span> 
     </span>
    </p>
   </div>
   <div class='ocr_carea' id='block_1_68' title="bbox 117 3709 1727 3782">
    <p class='ocr_par' dir='ltr' id='par_1_68' title="bbox 117 3709 1727 3782">
     <span class='ocr_line' id='line_1_68' title="bbox 117 3709 1727 3782; baseline 0.002 -17"><span class='ocrx_word' id='word_1_497' title='bbox 117 3714 269 3782; x_wconf 78' lang='grc' dir='ltr'>γὰρ,</span> <span class='ocrx_word' id='word_1_498' title='bbox 307 3711 462 3781; x_wconf 72' lang='grc' dir='ltr'>φησὶ,</span> <span class='ocrx_word' id='word_1_499' title='bbox 501 3710 766 3764; x_wconf 85' lang='grc' dir='ltr'>δύνασθε</span> <span class='ocrx_word' id='word_1_500' title='bbox 796 3709 966 3780; x_wconf 80' lang='grc' dir='ltr'>ὑμεῖς</span> <span class='ocrx_word' id='word_1_501' title='bbox 995 3713 1320 3776; x_wconf 76' lang='grc' dir='ltr'>πιστεύειν,</span> <span class='ocrx_word' id='word_1_502' title='bbox 1351 3712 1540 3778; x_wconf 79' lang='grc' dir='ltr'>δόξαν</span> <span class='ocrx_word' id='word_1_503' title='bbox 1565 3713 1727 3782; x_wconf 85' lang='grc' dir='ltr'>παρὰ</span> 
     </span>
    </p>
   </div>
   <div class='ocr_carea' id='block_1_69' title="bbox 117 3800 1726 3876">
    <p class='ocr_par' dir='ltr' id='par_1_69' title="bbox 117 3800 1726 3876">
     <span class='ocr_line' id='line_1_69' title="bbox 117 3800 1726 3876; baseline 0.001 -17"><span class='ocrx_word' id='word_1_504' title='bbox 117 3802 435 3869; x_wconf 60' lang='grc' dir='ltr'>ἀλλήλων</span> <span class='ocrx_word' id='word_1_505' title='bbox 460 3800 890 3870; x_wconf 76' lang='grc' dir='ltr'>λαμϐάνοντες,</span> <span class='ocrx_word' id='word_1_506' title='bbox 925 3801 1024 3856; x_wconf 77' lang='grc' dir='ltr'>καὶ</span> <span class='ocrx_word' id='word_1_507' title='bbox 1047 3801 1163 3870; x_wconf 77' lang='grc' dir='ltr'>τὴν</span> <span class='ocrx_word' id='word_1_508' title='bbox 1192 3801 1382 3868; x_wconf 79' lang='grc' dir='ltr'>δόξαν</span> <span class='ocrx_word' id='word_1_509' title='bbox 1405 3805 1510 3859; x_wconf 83' lang='grc' dir='ltr'><strong>τοῦ</strong></span> <span class='ocrx_word' id='word_1_510' title='bbox 1531 3806 1726 3876; x_wconf 81' lang='grc' dir='ltr'>μόνου</span> 
     </span>
    </p>
   </div>
   <div class='ocr_carea' id='block_1_70' title="bbox 119 3892 770 3962">
    <p class='ocr_par' dir='ltr' id='par_1_70' title="bbox 119 3892 770 3962">
     <span class='ocr_line' id='line_1_70' title="bbox 119 3892 770 3962; baseline -0.003 -11"><span class='ocrx_word' id='word_1_511' title='bbox 119 3895 289 3952; x_wconf 82' lang='grc' dir='ltr'>Θεοῦ</span> <span class='ocrx_word' id='word_1_512' title='bbox 325 3896 398 3949; x_wconf 84' lang='grc' dir='ltr'>οὐ</span> <span class='ocrx_word' id='word_1_513' title='bbox 427 3892 738 3962; x_wconf 73' lang='grc' dir='ltr'>ζητοῦντες</span> <span class='ocrx_word' id='word_1_514' title='bbox 750 3911 770 3960; x_wconf 87' lang='grc'><strong><em>;</em></strong></span> 
     </span>
    </p>
   </div>
   <div class='ocr_carea' id='block_1_71' title="bbox 199 4075 1725 4152">
    <p class='ocr_par' dir='ltr' id='par_1_71' title="bbox 199 4075 1725 4152">
     <span class='ocr_line' id='line_1_71' title="bbox 199 4075 1725 4152; baseline 0.002 -21"><span class='ocrx_word' id='word_1_515' title='bbox 199 4079 310 4131; x_wconf 82' lang='lat' dir='ltr'><strong>ll&quot;.</strong></span> <span class='ocrx_word' id='word_1_516' title='bbox 365 4076 562 4145; x_wconf 82' lang='grc' dir='ltr'>Ἀγῶνι</span> <span class='ocrx_word' id='word_1_517' title='bbox 605 4075 786 4148; x_wconf 84' lang='grc' dir='ltr'>πολλῷ</span> <span class='ocrx_word' id='word_1_518' title='bbox 833 4094 928 4132; x_wconf 87' lang='grc' dir='ltr'><strong>και</strong></span> <span class='ocrx_word' id='word_1_519' title='bbox 967 4078 1204 4150; x_wconf 81' lang='grc' dir='ltr'>καμάτῳ</span> <span class='ocrx_word' id='word_1_520' title='bbox 1235 4079 1353 4142; x_wconf 88' lang='grc' dir='ltr'>νοὸς</span> <span class='ocrx_word' id='word_1_521' title='bbox 1386 4078 1474 4132; x_wconf 76' lang='grc' dir='ltr'>διὰ</span> <span class='ocrx_word' id='word_1_522' title='bbox 1509 4081 1725 4152; x_wconf 86' lang='grc' dir='ltr'>σεμνῶν</span> 
     </span>
    </p>
   </div>
   <div class='ocr_carea' id='block_1_72' title="bbox 111 4170 1727 4246">
    <p class='ocr_par' dir='ltr' id='par_1_72' title="bbox 111 4170 1727 4246">
     <span class='ocr_line' id='line_1_72' title="bbox 111 4170 1727 4246; baseline 0.002 -22"><span class='ocrx_word' id='word_1_523' title='bbox 111 4170 366 4224; x_wconf 79' lang='grc' dir='ltr'>ἐννοιῶν</span> <span class='ocrx_word' id='word_1_524' title='bbox 413 4171 506 4223; x_wconf 71' lang='grc' dir='ltr'>καὶ</span> <span class='ocrx_word' id='word_1_525' title='bbox 545 4172 645 4238; x_wconf 82' lang='grc' dir='ltr'><strong>τῆς</strong></span> <span class='ocrx_word' id='word_1_526' title='bbox 679 4170 939 4240; x_wconf 84' lang='grc' dir='ltr'>συνεχοῦς</span> <span class='ocrx_word' id='word_1_527' title='bbox 971 4171 1192 4225; x_wconf 88' lang='grc' dir='ltr'>πάντων</span> <span class='ocrx_word' id='word_1_528' title='bbox 1221 4171 1330 4225; x_wconf 88' lang='grc' dir='ltr'><strong>τῶν</strong></span> <span class='ocrx_word' id='word_1_529' title='bbox 1357 4173 1538 4227; x_wconf 83' lang='grc' dir='ltr'>καλῶν</span> <span class='ocrx_word' id='word_1_530' title='bbox 1571 4174 1727 4246; x_wconf 89' lang='grc' dir='ltr'>μερί-</span> 
     </span>
    </p>
   </div>
   <div class='ocr_carea' id='block_1_73' title="bbox 114 4260 1727 4336">
    <p class='ocr_par' dir='ltr' id='par_1_73' title="bbox 114 4260 1727 4336">
     <span class='ocr_line' id='line_1_73' title="bbox 114 4260 1727 4336; baseline 0.006 -25"><span class='ocrx_word' id='word_1_531' title='bbox 114 4278 284 4332; x_wconf 87' lang='grc' dir='ltr'>μνης</span> <span class='ocrx_word' id='word_1_532' title='bbox 340 4261 375 4328; x_wconf 77' lang='grc' dir='ltr'>ἡ</span> <span class='ocrx_word' id='word_1_533' title='bbox 418 4260 554 4331; x_wconf 75' lang='grc' dir='ltr'>πρὸς</span> <span class='ocrx_word' id='word_1_534' title='bbox 593 4261 728 4314; x_wconf 89' lang='grc' dir='ltr'>Θεὸν</span> <span class='ocrx_word' id='word_1_535' title='bbox 771 4263 997 4333; x_wconf 84' lang='grc' dir='ltr'>ἀγάπη,</span> <span class='ocrx_word' id='word_1_536' title='bbox 1035 4265 1292 4336; x_wconf 86' lang='grc' dir='ltr'>καθάπερ</span> <span class='ocrx_word' id='word_1_537' title='bbox 1325 4266 1561 4336; x_wconf 77' lang='grc' dir='ltr'>εἴρηται,</span> <span class='ocrx_word' id='word_1_538' title='bbox 1596 4285 1727 4320; x_wconf 81' lang='grc' dir='ltr'>κατ-</span> 
     </span>
    </p>
   </div>
   <div class='ocr_carea' id='block_1_74' title="bbox 109 4351 1726 4430">
    <p class='ocr_par' dir='ltr' id='par_1_74' title="bbox 109 4351 1726 4430">
     <span class='ocr_line' id='line_1_74' title="bbox 109 4351 1726 4430; baseline 0.002 -22"><span class='ocrx_word' id='word_1_539' title='bbox 109 4351 439 4424; x_wconf 81' lang='grc' dir='ltr'>ορθοῦσθαι</span> <span class='ocrx_word' id='word_1_540' title='bbox 468 4351 712 4406; x_wconf 89' lang='grc' dir='ltr'>δύναται·</span> <span class='ocrx_word' id='word_1_541' title='bbox 753 4353 848 4407; x_wconf 81' lang='grc' dir='ltr'>ἆτε</span> <span class='ocrx_word' id='word_1_542' title='bbox 879 4353 973 4406; x_wconf 93' lang='grc' dir='ltr'><strong>τοῦ</strong></span> <span class='ocrx_word' id='word_1_543' title='bbox 998 4356 1245 4408; x_wconf 85' lang='grc' dir='ltr'>ἐναντίου</span> <span class='ocrx_word' id='word_1_544' title='bbox 1269 4355 1346 4426; x_wconf 82' lang='grc' dir='ltr'>τῷ</span> <span class='ocrx_word' id='word_1_545' title='bbox 1371 4358 1627 4430; x_wconf 72' lang='grc' dir='ltr'>ἡμετέρῳ</span> <span class='ocrx_word' id='word_1_546' title='bbox 1649 4357 1726 4428; x_wconf 85' lang='grc' dir='ltr'>νῷ</span> 
     </span>
    </p>
   </div>
   <div class='ocr_carea' id='block_1_75' title="bbox 108 4445 1727 4520">
    <p class='ocr_par' dir='ltr' id='par_1_75' title="bbox 108 4445 1727 4520">
     <span class='ocr_line' id='line_1_75' title="bbox 108 4445 1727 4520; baseline 0.004 -20"><span class='ocrx_word' id='word_1_547' title='bbox 108 4446 551 4518; x_wconf 76' lang='grc' dir='ltr'>ἐμποδίζοντος,</span> <span class='ocrx_word' id='word_1_548' title='bbox 576 4447 669 4499; x_wconf 72' lang='grc' dir='ltr'><strong>καὶ</strong></span> <span class='ocrx_word' id='word_1_549' title='bbox 693 4447 752 4498; x_wconf 83' lang='grc' dir='ltr'><strong>οῦ</strong></span> <span class='ocrx_word' id='word_1_550' title='bbox 783 4445 1192 4518; x_wconf 86' lang='grc' dir='ltr'>συγχωροῦντος</span> <span class='ocrx_word' id='word_1_551' title='bbox 1217 4448 1364 4519; x_wconf 87' lang='grc' dir='ltr'>αύτῷ</span> <span class='ocrx_word' id='word_1_552' title='bbox 1387 4450 1476 4504; x_wconf 82' lang='grc' dir='ltr'><strong>διὰ</strong></span> <span class='ocrx_word' id='word_1_553' title='bbox 1496 4452 1595 4520; x_wconf 82' lang='grc' dir='ltr'><strong>τῆς</strong></span> <span class='ocrx_word' id='word_1_554' title='bbox 1617 4452 1727 4506; x_wconf 88' lang='grc' dir='ltr'><strong>τῶν</strong></span> 
     </span>
    </p>
   </div>
   <div class='ocr_carea' id='block_1_76' title="bbox 98 4537 1722 4613">
    <p class='ocr_par' dir='ltr' id='par_1_76' title="bbox 98 4537 1722 4613">
     <span class='ocr_line' id='line_1_76' title="bbox 98 4537 1722 4613; baseline 0.012 -32"><span class='ocrx_word' id='word_1_555' title='bbox 98 4539 328 4592; x_wconf 68' lang='grc' dir='ltr'>,καλῶν</span> <span class='ocrx_word' id='word_1_556' title='bbox 385 4539 605 4609; x_wconf 76' lang='grc' dir='ltr'>μνήμης</span> <span class='ocrx_word' id='word_1_557' title='bbox 655 4537 734 4609; x_wconf 80' lang='grc' dir='ltr'><strong>τῷ</strong></span> <span class='ocrx_word' id='word_1_558' title='bbox 782 4538 910 4607; x_wconf 89' lang='grc' dir='ltr'>θείῳ</span> <span class='ocrx_word' id='word_1_559' title='bbox 951 4540 1114 4610; x_wconf 78' lang='grc' dir='ltr'>ἔρωτι</span> <span class='ocrx_word' id='word_1_560' title='bbox 1159 4546 1543 4613; x_wconf 82' lang='grc' dir='ltr'>προσανέχειν,</span> <span class='ocrx_word' id='word_1_561' title='bbox 1585 4545 1722 4600; x_wconf 83' lang='grc' dir='ltr'><strong>ἀλλά</strong></span> 
     </span>
    </p>
   </div>
   <div class='ocr_carea' id='block_1_77' title="bbox 107 4628 1718 4702">
    <p class='ocr_par' dir='ltr' id='par_1_77' title="bbox 107 4628 1718 4702">
     <span class='ocr_line' id='line_1_77' title="bbox 107 4628 1718 4702; baseline 0.003 -19"><span class='ocrx_word' id='word_1_562' title='bbox 107 4633 254 4693; x_wconf 83' lang='grc' dir='ltr'>ταῖς</span> <span class='ocrx_word' id='word_1_563' title='bbox 285 4629 511 4696; x_wconf 80' lang='grc' dir='ltr'>γηῖναις</span> <span class='ocrx_word' id='word_1_564' title='bbox 539 4628 855 4697; x_wconf 85' lang='grc' dir='ltr'>ἐπιθυμίαις</span> <span class='ocrx_word' id='word_1_565' title='bbox 884 4630 982 4700; x_wconf 81' lang='grc' dir='ltr'><strong>τὴν</strong></span> <span class='ocrx_word' id='word_1_566' title='bbox 1008 4631 1258 4701; x_wconf 75' lang='grc' dir='ltr'>αἴσθησιν</span> <span class='ocrx_word' id='word_1_567' title='bbox 1290 4633 1718 4702; x_wconf 84' lang='grc' dir='ltr'>περισαίνοντος.</span> 
     </span>
    </p>
   </div>
   <div class='ocr_carea' id='block_1_78' title="bbox 124 4719 1724 4791">
    <p class='ocr_par' dir='ltr' id='par_1_78' title="bbox 124 4719 1724 4791">
     <span class='ocr_line' id='line_1_78' title="bbox 124 4719 1724 4791; baseline 0.003 -16"><span class='ocrx_word' id='word_1_568' title='bbox 124 4724 231 4775; x_wconf 82' lang='grc' dir='ltr'>Ἐν</span> <span class='ocrx_word' id='word_1_569' title='bbox 252 4721 439 4790; x_wconf 85' lang='grc' dir='ltr'>τούτῳ</span> <span class='ocrx_word' id='word_1_570' title='bbox 461 4720 569 4791; x_wconf 78' lang='grc' dir='ltr'>γὰρ</span> <span class='ocrx_word' id='word_1_571' title='bbox 587 4721 614 4772; x_wconf 88' lang='lat'><strong>6</strong></span> <span class='ocrx_word' id='word_1_572' title='bbox 631 4720 724 4777; x_wconf 89' lang='grc' dir='ltr'><strong>τοῦ</strong></span> <span class='ocrx_word' id='word_1_573' title='bbox 747 4721 982 4791; x_wconf 79' lang='grc' dir='ltr'>πονηροῦ</span> <span class='ocrx_word' id='word_1_574' title='bbox 1002 4721 1250 4784; x_wconf 73' lang='grc' dir='ltr'>θάνατος,</span> <span class='ocrx_word' id='word_1_575' title='bbox 1276 4725 1370 4776; x_wconf 72' lang='grc' dir='ltr'><strong>καὶ</strong></span> <span class='ocrx_word' id='word_1_576' title='bbox 1395 4719 1506 4777; x_wconf 78' lang='grc' dir='ltr'>οἷον</span> <span class='ocrx_word' id='word_1_577' title='bbox 1528 4729 1724 4791; x_wconf 82' lang='grc' dir='ltr'>εἰπεῖν,</span> 
     </span>
    </p>
   </div>
   <div class='ocr_carea' id='block_1_79' title="bbox 104 4813 1726 4889">
    <p class='ocr_par' dir='ltr' id='par_1_79' title="bbox 104 4813 1726 4889">
     <span class='ocr_line' id='line_1_79' title="bbox 104 4813 1726 4889; baseline 0.002 -21"><span class='ocrx_word' id='word_1_578' title='bbox 104 4813 348 4884; x_wconf 76' lang='grc' dir='ltr'>ἀγχόνη</span> <span class='ocrx_word' id='word_1_579' title='bbox 373 4854 388 4877; x_wconf 95' lang='grc'><strong>,</strong></span> <span class='ocrx_word' id='word_1_580' title='bbox 424 4813 510 4866; x_wconf 83' lang='grc' dir='ltr'><strong>ὅτε</strong></span> <span class='ocrx_word' id='word_1_581' title='bbox 546 4815 612 4884; x_wconf 80' lang='grc' dir='ltr'>τῇ</span> <span class='ocrx_word' id='word_1_582' title='bbox 648 4813 738 4866; x_wconf 86' lang='grc' dir='ltr'><strong>τοῦ</strong></span> <span class='ocrx_word' id='word_1_583' title='bbox 768 4813 902 4865; x_wconf 85' lang='grc' dir='ltr'>Θεοῦ</span> <span class='ocrx_word' id='word_1_584' title='bbox 935 4813 1121 4887; x_wconf 86' lang='grc' dir='ltr'>ἀγάπῃ</span> <span class='ocrx_word' id='word_1_585' title='bbox 1167 4815 1258 4867; x_wconf 75' lang='grc' dir='ltr'>καὶ</span> <span class='ocrx_word' id='word_1_586' title='bbox 1297 4817 1486 4887; x_wconf 82' lang='grc' dir='ltr'>μνήμῃ</span> <span class='ocrx_word' id='word_1_587' title='bbox 1529 4819 1726 4889; x_wconf 81' lang='grc' dir='ltr'>ἀπερι-</span> 
     </span>
    </p>
   </div>
   <div class='ocr_carea' id='block_1_80' title="bbox 107 4905 1728 4980">
    <p class='ocr_par' dir='ltr' id='par_1_80' title="bbox 107 4905 1728 4980">
     <span class='ocr_line' id='line_1_80' title="bbox 107 4905 1728 4980; baseline 0.001 -20"><span class='ocrx_word' id='word_1_588' title='bbox 107 4906 406 4968; x_wconf 82' lang='grc' dir='ltr'>σπάστως</span> <span class='ocrx_word' id='word_1_589' title='bbox 452 4907 481 4958; x_wconf 88' lang='lat'><strong>6</strong></span> <span class='ocrx_word' id='word_1_590' title='bbox 514 4905 638 4968; x_wconf 90' lang='grc' dir='ltr'>νοῦς</span> <span class='ocrx_word' id='word_1_591' title='bbox 679 4905 1029 4974; x_wconf 82' lang='grc' dir='ltr'>εὑρίσκηται.</span> <span class='ocrx_word' id='word_1_592' title='bbox 1067 4905 1350 4959; x_wconf 85' lang='grc' dir='ltr'>Ἐντεῦθεν</span> <span class='ocrx_word' id='word_1_593' title='bbox 1399 4909 1493 4960; x_wconf 77' lang='grc' dir='ltr'><strong>καὶ</strong></span> <span class='ocrx_word' id='word_1_594' title='bbox 1526 4909 1558 4978; x_wconf 84' lang='grc' dir='ltr'>ὴ</span> <span class='ocrx_word' id='word_1_595' title='bbox 1591 4909 1728 4980; x_wconf 88' lang='grc' dir='ltr'>πρὸς</span> 
     </span>
    </p>
   </div>
   <div class='ocr_carea' id='block_1_81' title="bbox 101 4997 1729 5070">
    <p class='ocr_par' dir='ltr' id='par_1_81' title="bbox 101 4997 1729 5070">
     <span class='ocr_line' id='line_1_81' title="bbox 101 4997 1729 5070; baseline 0.001 -17"><span class='ocrx_word' id='word_1_596' title='bbox 101 5002 216 5054; x_wconf 82' lang='grc' dir='ltr'><strong>τὸν</strong></span> <span class='ocrx_word' id='word_1_597' title='bbox 252 4997 493 5065; x_wconf 59' lang='grc' dir='ltr'>ἀδελφὸν</span> <span class='ocrx_word' id='word_1_598' title='bbox 525 4997 824 5069; x_wconf 75' lang='grc' dir='ltr'>εἰλικρινὴς</span> <span class='ocrx_word' id='word_1_599' title='bbox 847 4998 1036 5069; x_wconf 82' lang='grc' dir='ltr'>ἀγάπη</span> <span class='ocrx_word' id='word_1_600' title='bbox 1067 5002 1329 5070; x_wconf 78' lang='grc' dir='ltr'>συστῆναι</span> <span class='ocrx_word' id='word_1_601' title='bbox 1353 5000 1598 5064; x_wconf 85' lang='grc' dir='ltr'>δύναται,</span> <span class='ocrx_word' id='word_1_602' title='bbox 1631 5003 1729 5056; x_wconf 76' lang='grc' dir='ltr'><strong>καὶ</strong></span> 
     </span>
    </p>
   </div>
   <div class='ocr_carea' id='block_1_82' title="bbox 103 5089 1724 5166">
    <p class='ocr_par' dir='ltr' id='par_1_82' title="bbox 103 5089 1724 5166">
     <span class='ocr_line' id='line_1_82' title="bbox 103 5089 1724 5166; baseline 0.004 -25"><span class='ocrx_word' id='word_1_603' title='bbox 103 5095 142 5162; x_wconf 74' lang='grc' dir='ltr'><strong>ἡ</strong></span> <span class='ocrx_word' id='word_1_604' title='bbox 183 5089 417 5160; x_wconf 79' lang='grc' dir='ltr'>ἀληθὴς</span> <span class='ocrx_word' id='word_1_605' title='bbox 445 5089 712 5159; x_wconf 78' lang='grc' dir='ltr'>ἁπλότης,</span> <span class='ocrx_word' id='word_1_606' title='bbox 742 5091 836 5141; x_wconf 76' lang='grc' dir='ltr'><strong>καὶ</strong></span> <span class='ocrx_word' id='word_1_607' title='bbox 865 5091 898 5159; x_wconf 86' lang='grc' dir='ltr'><strong>ἡ</strong></span> <span class='ocrx_word' id='word_1_608' title='bbox 928 5091 1170 5162; x_wconf 83' lang='grc' dir='ltr'>πραότης</span> <span class='ocrx_word' id='word_1_609' title='bbox 1195 5092 1257 5144; x_wconf 83' lang='grc' dir='ltr'><em>τὲ</em></span> <span class='ocrx_word' id='word_1_610' title='bbox 1282 5110 1425 5162; x_wconf 84' lang='grc' dir='ltr'>φημι</span> <span class='ocrx_word' id='word_1_611' title='bbox 1450 5093 1545 5146; x_wconf 77' lang='grc' dir='ltr'>καὶ</span> <span class='ocrx_word' id='word_1_612' title='bbox 1569 5095 1724 5166; x_wconf 83' lang='grc' dir='ltr'>εὐχὴ,</span> 
     </span>
    </p>
   </div>
   <div class='ocr_carea' id='block_1_83' title="bbox 98 5178 1725 5253">
    <p class='ocr_par' dir='ltr' id='par_1_83' title="bbox 98 5178 1725 5253">
     <span class='ocr_line' id='line_1_83' title="bbox 98 5178 1725 5253; baseline -0.001 -15"><span class='ocrx_word' id='word_1_613' title='bbox 98 5184 218 5238; x_wconf 72' lang='grc' dir='ltr'><strong>καὶ</strong></span> <span class='ocrx_word' id='word_1_614' title='bbox 265 5181 389 5243; x_wconf 78' lang='grc' dir='ltr'>πᾶς</span> <span class='ocrx_word' id='word_1_615' title='bbox 417 5181 444 5231; x_wconf 87' lang='lat'><strong>6</strong></span> <span class='ocrx_word' id='word_1_616' title='bbox 469 5178 802 5250; x_wconf 82' lang='grc' dir='ltr'>περικαλλὴς</span> <span class='ocrx_word' id='word_1_617' title='bbox 831 5179 938 5233; x_wconf 87' lang='grc' dir='ltr'><strong>τῶν</strong></span> <span class='ocrx_word' id='word_1_618' title='bbox 964 5182 1175 5252; x_wconf 87' lang='grc' dir='ltr'>ἀρετῶν</span> <span class='ocrx_word' id='word_1_619' title='bbox 1204 5181 1488 5248; x_wconf 81' lang='grc' dir='ltr'>στέφανος,</span> <span class='ocrx_word' id='word_1_620' title='bbox 1515 5183 1604 5236; x_wconf 68' lang='grc' dir='ltr'><strong>διὰ</strong></span> <span class='ocrx_word' id='word_1_621' title='bbox 1628 5185 1725 5253; x_wconf 83' lang='grc' dir='ltr'><strong>τῆς</strong></span> 
     </span>
    </p>
   </div>
   <div class='ocr_carea' id='block_1_84' title="bbox 99 5272 1725 5346">
    <p class='ocr_par' dir='ltr' id='par_1_84' title="bbox 99 5272 1725 5346">
     <span class='ocr_line' id='line_1_84' title="bbox 99 5272 1725 5346; baseline 0.001 -18"><span class='ocrx_word' id='word_1_622' title='bbox 99 5273 287 5346; x_wconf 73' lang='grc' dir='ltr'>μιᾶς,</span> <span class='ocrx_word' id='word_1_623' title='bbox 325 5272 426 5335; x_wconf 78' lang='grc' dir='ltr'><strong>καὶ</strong></span> <span class='ocrx_word' id='word_1_624' title='bbox 454 5272 642 5342; x_wconf 81' lang='grc' dir='ltr'>μόνης,</span> <span class='ocrx_word' id='word_1_625' title='bbox 673 5273 768 5326; x_wconf 77' lang='grc' dir='ltr'><strong>καὶ</strong></span> <span class='ocrx_word' id='word_1_626' title='bbox 795 5273 1020 5346; x_wconf 82' lang='grc' dir='ltr'>πρώτης</span> <span class='ocrx_word' id='word_1_627' title='bbox 1048 5273 1290 5344; x_wconf 85' lang='grc' dir='ltr'>ἐντολῆς,</span> <span class='ocrx_word' id='word_1_628' title='bbox 1316 5275 1414 5346; x_wconf 79' lang='grc' dir='ltr'>τῆς</span> <span class='ocrx_word' id='word_1_629' title='bbox 1436 5276 1574 5346; x_wconf 85' lang='grc' dir='ltr'>πρὸς</span> <span class='ocrx_word' id='word_1_630' title='bbox 1590 5276 1725 5330; x_wconf 88' lang='grc' dir='ltr'>Θεὸν</span> 
     </span>
    </p>
   </div>
   <div class='ocr_carea' id='block_1_85' title="bbox 1827 3337 3424 3412">
    <p class='ocr_par' dir='ltr' id='par_1_85' title="bbox 1827 3337 3424 3412">
     <span class='ocr_line' id='line_1_85' title="bbox 1827 3337 3424 3412; baseline -0.005 -11"><span class='ocrx_word' id='word_1_631' title='bbox 1827 3346 1966 3402; x_wconf 87' lang='lat' dir='ltr'><strong>Deus</strong></span> <span class='ocrx_word' id='word_1_632' title='bbox 1991 3346 2316 3400; x_wconf 85' lang='lat' dir='ltr'><strong>commendat</strong></span> <span class='ocrx_word' id='word_1_633' title='bbox 2340 3345 2404 3398; x_wconf 64' lang='grc'><strong>⁵⁵.</strong></span> <span class='ocrx_word' id='word_1_634' title='bbox 2464 3342 2918 3412; x_wconf 84' lang='lat' dir='ltr'><strong>Quandoquidem</strong></span> <span class='ocrx_word' id='word_1_635' title='bbox 2962 3356 3087 3396; x_wconf 91' lang='lat' dir='ltr'><strong>cum</strong></span> <span class='ocrx_word' id='word_1_636' title='bbox 3145 3337 3424 3394; x_wconf 63' lang='lat' dir='ltr'><strong>memoria:</strong></span> 
     </span>
    </p>
   </div>
   <div class='ocr_carea' id='block_1_86' title="bbox 1827 3432 3421 3509">
    <p class='ocr_par' dir='ltr' id='par_1_86' title="bbox 1827 3432 3421 3509">
     <span class='ocr_line' id='line_1_86' title="bbox 1827 3432 3421 3509; baseline -0.009 -9"><span class='ocrx_word' id='word_1_637' title='bbox 1827 3453 1884 3500; x_wconf 89' lang='lat' dir='ltr'><strong>et</strong></span> <span class='ocrx_word' id='word_1_638' title='bbox 1933 3441 2151 3498; x_wconf 89' lang='lat' dir='ltr'><strong>timoris</strong></span> <span class='ocrx_word' id='word_1_639' title='bbox 2176 3441 2273 3496; x_wconf 90' lang='lat' dir='ltr'><strong>Dei</strong></span> <span class='ocrx_word' id='word_1_640' title='bbox 2313 3453 2509 3509; x_wconf 83' lang='lat' dir='ltr'><strong>expers</strong></span> <span class='ocrx_word' id='word_1_641' title='bbox 2566 3437 2843 3506; x_wconf 90' lang='lat' dir='ltr'><strong>reperitur</strong></span> <span class='ocrx_word' id='word_1_642' title='bbox 2881 3435 3071 3498; x_wconf 89' lang='lat' dir='ltr'><strong>homo,</strong></span> <span class='ocrx_word' id='word_1_643' title='bbox 3108 3432 3226 3488; x_wconf 84' lang='lat' dir='ltr'><strong>ﬁeri</strong></span> <span class='ocrx_word' id='word_1_644' title='bbox 3309 3448 3421 3487; x_wconf 81' lang='lat' dir='ltr'><strong>non</strong></span> 
     </span>
    </p>
   </div>
   <div class='ocr_carea' id='block_1_87' title="bbox 1828 3524 3415 3604">
    <p class='ocr_par' dir='ltr' id='par_1_87' title="bbox 1828 3524 3415 3604">
     <span class='ocr_line' id='line_1_87' title="bbox 1828 3524 3415 3604; baseline -0.008 -15"><span class='ocrx_word' id='word_1_645' title='bbox 1828 3541 2034 3604; x_wconf 88' lang='lat' dir='ltr'><strong>potest,</strong></span> <span class='ocrx_word' id='word_1_646' title='bbox 2081 3532 2216 3603; x_wconf 90' lang='lat' dir='ltr'><strong>quin</strong></span> <span class='ocrx_word' id='word_1_647' title='bbox 2243 3540 2300 3587; x_wconf 88' lang='lat' dir='ltr'><strong>et</strong></span> <span class='ocrx_word' id='word_1_648' title='bbox 2329 3530 2560 3602; x_wconf 83' lang='lat' dir='ltr'><strong>gloriam</strong></span> <span class='ocrx_word' id='word_1_649' title='bbox 2584 3534 2752 3592; x_wconf 88' lang='lat' dir='ltr'><strong>amet,</strong></span> <span class='ocrx_word' id='word_1_650' title='bbox 2804 3534 2862 3581; x_wconf 88' lang='lat' dir='ltr'><strong>et</strong></span> <span class='ocrx_word' id='word_1_651' title='bbox 2910 3535 3147 3580; x_wconf 90' lang='lat' dir='ltr'><strong>venetur</strong></span> <span class='ocrx_word' id='word_1_652' title='bbox 3196 3524 3415 3578; x_wconf 85' lang='lat' dir='ltr'><strong>laudem</strong></span> 
     </span>
    </p>
   </div>
   <div class='ocr_carea' id='block_1_88' title="bbox 1829 3617 3421 3696">
    <p class='ocr_par' dir='ltr' id='par_1_88' title="bbox 1829 3617 3421 3696">
     <span class='ocr_line' id='line_1_88' title="bbox 1829 3617 3421 3696; baseline -0.006 -15"><span class='ocrx_word' id='word_1_653' title='bbox 1829 3627 1900 3681; x_wconf 89' lang='lat' dir='ltr'><strong>ab</strong></span> <span class='ocrx_word' id='word_1_654' title='bbox 1930 3627 2019 3690; x_wconf 90' lang='lat' dir='ltr'><strong>iis,</strong></span> <span class='ocrx_word' id='word_1_655' title='bbox 2058 3640 2198 3696; x_wconf 92' lang='lat' dir='ltr'><strong>quos</strong></span> <span class='ocrx_word' id='word_1_656' title='bbox 2230 3623 2539 3678; x_wconf 87' lang='lat' dir='ltr'><strong>ministerio</strong></span> <span class='ocrx_word' id='word_1_657' title='bbox 2583 3636 2688 3676; x_wconf 90' lang='lat' dir='ltr'><strong>suo</strong></span> <span class='ocrx_word' id='word_1_658' title='bbox 2726 3621 2904 3692; x_wconf 84' lang='lat' dir='ltr'><strong>juvat.</strong></span> <span class='ocrx_word' id='word_1_659' title='bbox 2937 3618 3084 3672; x_wconf 87' lang='lat' dir='ltr'><strong>Talis</strong></span> <span class='ocrx_word' id='word_1_660' title='bbox 3106 3632 3270 3687; x_wconf 90' lang='lat' dir='ltr'><strong>porro</strong></span> <span class='ocrx_word' id='word_1_661' title='bbox 3314 3617 3421 3671; x_wconf 83' lang='lat' dir='ltr'><strong>fide</strong></span> 
     </span>
    </p>
   </div>
   <div class='ocr_carea' id='block_1_89' title="bbox 1828 3708 3422 3780">
    <p class='ocr_par' dir='ltr' id='par_1_89' title="bbox 1828 3708 3422 3780">
     <span class='ocr_line' id='line_1_89' title="bbox 1828 3708 3422 3780; baseline -0.007 -8"><span class='ocrx_word' id='word_1_662' title='bbox 1828 3731 2064 3772; x_wconf 89' lang='lat' dir='ltr'><strong>carerea</strong></span> <span class='ocrx_word' id='word_1_663' title='bbox 2092 3715 2324 3770; x_wconf 91' lang='lat' dir='ltr'><strong>Domino</strong></span> <span class='ocrx_word' id='word_1_664' title='bbox 2357 3713 2645 3768; x_wconf 82' lang='lat' dir='ltr'><strong>convictus</strong></span> <span class='ocrx_word' id='word_1_665' title='bbox 2667 3719 2773 3775; x_wconf 89' lang='lat' dir='ltr'><strong>est,</strong></span> <span class='ocrx_word' id='word_1_666' title='bbox 2805 3710 2886 3766; x_wconf 93' lang='lat' dir='ltr'><strong>uti</strong></span> <span class='ocrx_word' id='word_1_667' title='bbox 2904 3725 3066 3779; x_wconf 90' lang='lat' dir='ltr'><strong>supra</strong></span> <span class='ocrx_word' id='word_1_668' title='bbox 3108 3709 3217 3780; x_wconf 88' lang='lat' dir='ltr'><strong>jam</strong></span> <span class='ocrx_word' id='word_1_669' title='bbox 3255 3708 3422 3778; x_wconf 81' lang='lat' dir='ltr'><strong>signi-</strong></span> 
     </span>
    </p>
   </div>
   <div class='ocr_carea' id='block_1_90' title="bbox 1829 3801 3417 3876">
    <p class='ocr_par' dir='ltr' id='par_1_90' title="bbox 1829 3801 3417 3876">
     <span class='ocr_line' id='line_1_90' title="bbox 1829 3801 3417 3876; baseline -0.008 -11"><span class='ocrx_word' id='word_1_670' title='bbox 1829 3809 2053 3865; x_wconf 79' lang='lat' dir='ltr'><strong>ﬁcatum</strong></span> <span class='ocrx_word' id='word_1_671' title='bbox 2103 3817 2188 3864; x_wconf 88' lang='lat' dir='ltr'><strong>est</strong></span> <span class='ocrx_word' id='word_1_672' title='bbox 2221 3824 2234 3860; x_wconf 90' lang='lat'><strong>:</strong></span> <span class='ocrx_word' id='word_1_673' title='bbox 2269 3805 2540 3872; x_wconf 82' lang='lat' dir='ltr'><strong>Quomodo</strong></span> <span class='ocrx_word' id='word_1_674' title='bbox 2589 3805 2802 3876; x_wconf 75' lang='lat' dir='ltr'><strong>potestis</strong></span> <span class='ocrx_word' id='word_1_675' title='bbox 2855 3803 3066 3856; x_wconf 82' lang='lat' dir='ltr'><strong>credere</strong></span> <span class='ocrx_word' id='word_1_676' title='bbox 3128 3818 3217 3854; x_wconf 80' lang='lat' dir='ltr'><strong>vos</strong></span> <span class='ocrx_word' id='word_1_677' title='bbox 3251 3843 3266 3867; x_wconf 87' lang='lat'><strong>,</strong></span> <span class='ocrx_word' id='word_1_678' title='bbox 3325 3801 3417 3870; x_wconf 87' lang='lat' dir='ltr'><strong>qui</strong></span> 
     </span>
    </p>
   </div>
   <div class='ocr_carea' id='block_1_91' title="bbox 1825 3893 3419 3974">
    <p class='ocr_par' dir='ltr' id='par_1_91' title="bbox 1825 3893 3419 3974">
     <span class='ocr_line' id='line_1_91' title="bbox 1825 3893 3419 3974; baseline -0.008 -16"><span class='ocrx_word' id='word_1_679' title='bbox 1825 3904 2054 3974; x_wconf 85' lang='lat' dir='ltr'><strong>gloriam</strong></span> <span class='ocrx_word' id='word_1_680' title='bbox 2111 3903 2174 3957; x_wconf 85' lang='lat' dir='ltr'><strong>ab</strong></span> <span class='ocrx_word' id='word_1_681' title='bbox 2198 3903 2417 3956; x_wconf 77' lang='lat' dir='ltr'><strong>invicem</strong></span> <span class='ocrx_word' id='word_1_682' title='bbox 2445 3901 2696 3971; x_wconf 75' lang='lat' dir='ltr'><strong>accipitis,</strong></span> <span class='ocrx_word' id='word_1_683' title='bbox 2727 3907 2777 3952; x_wconf 86' lang='lat' dir='ltr'><strong>et</strong></span> <span class='ocrx_word' id='word_1_684' title='bbox 2823 3895 3074 3968; x_wconf 81' lang='lat' dir='ltr'><strong>gloriam,</strong></span> <span class='ocrx_word' id='word_1_685' title='bbox 3114 3910 3232 3964; x_wconf 81' lang='lat' dir='ltr'><strong>qua:</strong></span> <span class='ocrx_word' id='word_1_686' title='bbox 3256 3912 3286 3947; x_wconf 92' lang='lat' dir='ltr'><strong>a</strong></span> <span class='ocrx_word' id='word_1_687' title='bbox 3307 3893 3419 3947; x_wconf 86' lang='lat' dir='ltr'><strong>solo</strong></span> 
     </span>
    </p>
   </div>
   <div class='ocr_carea' id='block_1_92' title="bbox 1827 3993 2548 4066">
    <p class='ocr_par' dir='ltr' id='par_1_92' title="bbox 1827 3993 2548 4066">
     <span class='ocr_line' id='line_1_92' title="bbox 1827 3993 2548 4066; baseline -0.007 -15"><span class='ocrx_word' id='word_1_688' title='bbox 1827 3997 1936 4051; x_wconf 87' lang='lat' dir='ltr'><strong>Deo</strong></span> <span class='ocrx_word' id='word_1_689' title='bbox 1964 4004 2059 4062; x_wconf 90' lang='lat' dir='ltr'><strong>est,</strong></span> <span class='ocrx_word' id='word_1_690' title='bbox 2096 4011 2196 4049; x_wconf 81' lang='lat' dir='ltr'><strong>non</strong></span> <span class='ocrx_word' id='word_1_691' title='bbox 2224 3995 2458 4066; x_wconf 73' lang='lat' dir='ltr'><strong>quaeritis</strong></span> <span class='ocrx_word' id='word_1_692' title='bbox 2481 3993 2548 4046; x_wconf 76' lang='lat'><strong>“.</strong></span> 
     </span>
    </p>
   </div>
   <div class='ocr_carea' id='block_1_93' title="bbox 1896 4081 3418 4152">
    <p class='ocr_par' dir='ltr' id='par_1_93' title="bbox 1896 4081 3418 4152">
     <span class='ocr_line' id='line_1_93' title="bbox 1896 4081 3418 4152; baseline -0.007 -7"><span class='ocrx_word' id='word_1_693' title='bbox 1896 4088 2372 4145; x_wconf 79' lang='lat' dir='ltr'><strong>Xlll.Certamine</strong></span> <span class='ocrx_word' id='word_1_694' title='bbox 2402 4086 2577 4141; x_wconf 92' lang='lat' dir='ltr'><strong>multo</strong></span> <span class='ocrx_word' id='word_1_695' title='bbox 2605 4092 2662 4140; x_wconf 91' lang='lat' dir='ltr'><strong>et</strong></span> <span class='ocrx_word' id='word_1_696' title='bbox 2697 4083 2886 4138; x_wconf 89' lang='lat' dir='ltr'><strong>labore</strong></span> <span class='ocrx_word' id='word_1_697' title='bbox 2907 4081 3130 4146; x_wconf 90' lang='lat' dir='ltr'><strong>mentis,</strong></span> <span class='ocrx_word' id='word_1_698' title='bbox 3166 4097 3267 4152; x_wconf 88' lang='lat' dir='ltr'><strong>per</strong></span> <span class='ocrx_word' id='word_1_699' title='bbox 3289 4095 3418 4135; x_wconf 86' lang='lat' dir='ltr'><strong>san-</strong></span> 
     </span>
    </p>
   </div>
   <div class='ocr_carea' id='block_1_94' title="bbox 1830 4171 3422 4251">
    <p class='ocr_par' dir='ltr' id='par_1_94' title="bbox 1830 4171 3422 4251">
     <span class='ocr_line' id='line_1_94' title="bbox 1830 4171 3422 4251; baseline -0.008 -14"><span class='ocrx_word' id='word_1_700' title='bbox 1830 4191 1948 4238; x_wconf 88' lang='lat' dir='ltr'><strong>ctas</strong></span> <span class='ocrx_word' id='word_1_701' title='bbox 1965 4181 2332 4251; x_wconf 82' lang='lat' dir='ltr'><strong>cogitationes</strong></span> <span class='ocrx_word' id='word_1_702' title='bbox 2357 4187 2414 4234; x_wconf 92' lang='lat' dir='ltr'><strong>et</strong></span> <span class='ocrx_word' id='word_1_703' title='bbox 2446 4178 2767 4233; x_wconf 89' lang='lat' dir='ltr'><strong>continuam</strong></span> <span class='ocrx_word' id='word_1_704' title='bbox 2798 4191 2902 4246; x_wconf 90' lang='lat' dir='ltr'><strong>pro</strong></span> <span class='ocrx_word' id='word_1_705' title='bbox 2959 4173 3220 4229; x_wconf 90' lang='lat' dir='ltr'><strong>omnibus</strong></span> <span class='ocrx_word' id='word_1_706' title='bbox 3263 4171 3422 4226; x_wconf 86' lang='lat' dir='ltr'><strong>bonis</strong></span> 
     </span>
    </p>
   </div>
   <div class='ocr_carea' id='block_1_95' title="bbox 1828 4264 3418 4330">
    <p class='ocr_par' dir='ltr' id='par_1_95' title="bbox 1828 4264 3418 4330">
     <span class='ocr_line' id='line_1_95' title="bbox 1828 4264 3418 4330; baseline -0.006 -4"><span class='ocrx_word' id='word_1_707' title='bbox 1828 4272 1997 4328; x_wconf 87' lang='lat' dir='ltr'><strong>rebus</strong></span> <span class='ocrx_word' id='word_1_708' title='bbox 2029 4269 2454 4326; x_wconf 89' lang='lat' dir='ltr'><strong>sollicitudinem</strong></span> <span class='ocrx_word' id='word_1_709' title='bbox 2487 4268 2728 4324; x_wconf 84' lang='lat' dir='ltr'><strong>charitas</strong></span> <span class='ocrx_word' id='word_1_710' title='bbox 2746 4267 2802 4321; x_wconf 87' lang='lat' dir='ltr'><strong>in</strong></span> <span class='ocrx_word' id='word_1_711' title='bbox 2822 4268 3013 4330; x_wconf 90' lang='lat' dir='ltr'><strong>Deum,</strong></span> <span class='ocrx_word' id='word_1_712' title='bbox 3043 4265 3185 4320; x_wconf 86' lang='lat' dir='ltr'><strong>sicut</strong></span> <span class='ocrx_word' id='word_1_713' title='bbox 3211 4264 3418 4318; x_wconf 90' lang='lat' dir='ltr'><strong>dictum</strong></span> 
     </span>
    </p>
   </div>
   <div class='ocr_carea' id='block_1_96' title="bbox 1828 4355 3418 4432">
    <p class='ocr_par' dir='ltr' id='par_1_96' title="bbox 1828 4355 3418 4432">
     <span class='ocr_line' id='line_1_96' title="bbox 1828 4355 3418 4432; baseline -0.005 -14"><span class='ocrx_word' id='word_1_714' title='bbox 1828 4375 1932 4426; x_wconf 89' lang='lat' dir='ltr'><strong>est,</strong></span> <span class='ocrx_word' id='word_1_715' title='bbox 1961 4363 2030 4418; x_wconf 90' lang='lat' dir='ltr'><strong>ab</strong></span> <span class='ocrx_word' id='word_1_716' title='bbox 2052 4362 2296 4428; x_wconf 85' lang='lat' dir='ltr'><strong>homine,</strong></span> <span class='ocrx_word' id='word_1_717' title='bbox 2318 4368 2486 4432; x_wconf 93' lang='lat' dir='ltr'><strong>prout</strong></span> <span class='ocrx_word' id='word_1_718' title='bbox 2516 4360 2600 4416; x_wconf 91' lang='lat' dir='ltr'><strong>fas</strong></span> <span class='ocrx_word' id='word_1_719' title='bbox 2623 4368 2730 4425; x_wconf 91' lang='lat' dir='ltr'><strong>est,</strong></span> <span class='ocrx_word' id='word_1_720' title='bbox 2751 4366 2933 4430; x_wconf 90' lang='lat' dir='ltr'><strong>potest</strong></span> <span class='ocrx_word' id='word_1_721' title='bbox 2955 4357 3201 4412; x_wconf 77' lang='lat' dir='ltr'><strong>exerceri</strong></span> <span class='ocrx_word' id='word_1_722' title='bbox 3233 4373 3246 4410; x_wconf 91' lang='lat'><strong>:</strong></span> <span class='ocrx_word' id='word_1_723' title='bbox 3271 4355 3418 4425; x_wconf 92' lang='lat' dir='ltr'><strong>quod</strong></span> 
     </span>
    </p>
   </div>
   <div class='ocr_carea' id='block_1_97' title="bbox 1830 4447 3419 4526">
    <p class='ocr_par' dir='ltr' id='par_1_97' title="bbox 1830 4447 3419 4526">
     <span class='ocr_line' id='line_1_97' title="bbox 1830 4447 3419 4526; baseline -0.006 -15"><span class='ocrx_word' id='word_1_724' title='bbox 1830 4457 2194 4512; x_wconf 86' lang='lat' dir='ltr'><strong>adversarius</strong></span> <span class='ocrx_word' id='word_1_725' title='bbox 2229 4455 2754 4526; x_wconf 85' lang='lat' dir='ltr'><strong>impediatmentem</strong></span> <span class='ocrx_word' id='word_1_726' title='bbox 2796 4460 3064 4514; x_wconf 89' lang='lat' dir='ltr'><strong>nostram,</strong></span> <span class='ocrx_word' id='word_1_727' title='bbox 3101 4464 3203 4503; x_wconf 92' lang='lat' dir='ltr'><strong>nec</strong></span> <span class='ocrx_word' id='word_1_728' title='bbox 3238 4447 3419 4503; x_wconf 90' lang='lat' dir='ltr'><strong>eidem</strong></span> 
     </span>
    </p>
   </div>
   <div class='ocr_carea' id='block_1_98' title="bbox 1829 4541 3418 4618">
    <p class='ocr_par' dir='ltr' id='par_1_98' title="bbox 1829 4541 3418 4618">
     <span class='ocr_line' id='line_1_98' title="bbox 1829 4541 3418 4618; baseline -0.005 -15"><span class='ocrx_word' id='word_1_729' title='bbox 1829 4549 2208 4618; x_wconf 90' lang='lat' dir='ltr'><strong>permittat,ut</strong></span> <span class='ocrx_word' id='word_1_730' title='bbox 2235 4563 2336 4618; x_wconf 91' lang='lat' dir='ltr'><strong>per</strong></span> <span class='ocrx_word' id='word_1_731' title='bbox 2368 4547 2688 4602; x_wconf 89' lang='lat' dir='ltr'><strong>memoriam</strong></span> <span class='ocrx_word' id='word_1_732' title='bbox 2710 4545 2978 4599; x_wconf 89' lang='lat' dir='ltr'><strong>bonarum</strong></span> <span class='ocrx_word' id='word_1_733' title='bbox 3007 4555 3190 4595; x_wconf 88' lang='lat' dir='ltr'><strong>rerum</strong></span> <span class='ocrx_word' id='word_1_734' title='bbox 3243 4541 3418 4595; x_wconf 91' lang='lat' dir='ltr'><strong>amori</strong></span> 
     </span>
    </p>
   </div>
   <div class='ocr_carea' id='block_1_99' title="bbox 1828 4629 3425 4703">
    <p class='ocr_par' dir='ltr' id='par_1_99' title="bbox 1828 4629 3425 4703">
     <span class='ocr_line' id='line_1_99' title="bbox 1828 4629 3425 4703; baseline -0.006 -11"><span class='ocrx_word' id='word_1_735' title='bbox 1828 4636 2022 4693; x_wconf 91' lang='lat' dir='ltr'><strong>divino</strong></span> <span class='ocrx_word' id='word_1_736' title='bbox 2045 4645 2230 4703; x_wconf 88' lang='lat' dir='ltr'><strong>vacet;</strong></span> <span class='ocrx_word' id='word_1_737' title='bbox 2254 4635 2350 4691; x_wconf 90' lang='lat' dir='ltr'><strong>sed</strong></span> <span class='ocrx_word' id='word_1_738' title='bbox 2377 4636 2636 4692; x_wconf 88' lang='lat' dir='ltr'><strong>terrentis</strong></span> <span class='ocrx_word' id='word_1_739' title='bbox 2663 4633 2959 4690; x_wconf 88' lang='lat' dir='ltr'><strong>desideriis</strong></span> <span class='ocrx_word' id='word_1_740' title='bbox 2981 4630 3166 4686; x_wconf 91' lang='lat' dir='ltr'><strong>sensui</strong></span> <span class='ocrx_word' id='word_1_741' title='bbox 3199 4629 3425 4684; x_wconf 87' lang='lat' dir='ltr'><strong>abblan-</strong></span> 
     </span>
    </p>
   </div>
   <div class='ocr_carea' id='block_1_100' title="bbox 1823 4717 3419 4787">
    <p class='ocr_par' dir='ltr' id='par_1_100' title="bbox 1823 4717 3419 4787">
     <span class='ocr_line' id='line_1_100' title="bbox 1823 4717 3419 4787; baseline -0.006 -7"><span class='ocrx_word' id='word_1_742' title='bbox 1823 4724 1994 4780; x_wconf 91' lang='lat' dir='ltr'><strong>ditur.</strong></span> <span class='ocrx_word' id='word_1_743' title='bbox 2024 4724 2161 4779; x_wconf 86' lang='lat' dir='ltr'><strong>Nam</strong></span> <span class='ocrx_word' id='word_1_744' title='bbox 2189 4739 2358 4787; x_wconf 89' lang='lat' dir='ltr'><strong>mors,</strong></span> <span class='ocrx_word' id='word_1_745' title='bbox 2395 4733 2453 4780; x_wconf 91' lang='lat' dir='ltr'><strong>et</strong></span> <span class='ocrx_word' id='word_1_746' title='bbox 2515 4732 2575 4778; x_wconf 91' lang='lat' dir='ltr'><strong>ut</strong></span> <span class='ocrx_word' id='word_1_747' title='bbox 2631 4725 2714 4778; x_wconf 90' lang='lat' dir='ltr'><strong>sic</strong></span> <span class='ocrx_word' id='word_1_748' title='bbox 2769 4723 2974 4786; x_wconf 89' lang='lat' dir='ltr'><strong>dicam,</strong></span> <span class='ocrx_word' id='word_1_749' title='bbox 3061 4717 3419 4786; x_wconf 78' lang='lat' dir='ltr'><strong>suspendium</strong></span> 
     </span>
    </p>
   </div>
   <div class='ocr_carea' id='block_1_101' title="bbox 1823 4805 3420 4879">
    <p class='ocr_par' dir='ltr' id='par_1_101' title="bbox 1823 4805 3420 4879">
     <span class='ocr_line' id='line_1_101' title="bbox 1823 4805 3420 4879; baseline -0.007 -15"><span class='ocrx_word' id='word_1_750' title='bbox 1823 4808 2028 4864; x_wconf 89' lang='lat' dir='ltr'><strong>diaboli</strong></span> <span class='ocrx_word' id='word_1_751' title='bbox 2089 4816 2214 4873; x_wconf 90' lang='lat' dir='ltr'><strong>est,</strong></span> <span class='ocrx_word' id='word_1_752' title='bbox 2260 4809 2483 4879; x_wconf 90' lang='lat' dir='ltr'><strong>quando</strong></span> <span class='ocrx_word' id='word_1_753' title='bbox 2542 4808 2599 4862; x_wconf 88' lang='lat' dir='ltr'><strong>in</strong></span> <span class='ocrx_word' id='word_1_754' title='bbox 2647 4807 2746 4862; x_wconf 88' lang='lat' dir='ltr'><strong>Dei</strong></span> <span class='ocrx_word' id='word_1_755' title='bbox 2783 4805 3051 4862; x_wconf 90' lang='lat' dir='ltr'><strong>cbaritate</strong></span> <span class='ocrx_word' id='word_1_756' title='bbox 3103 4811 3160 4858; x_wconf 91' lang='lat' dir='ltr'><strong>et</strong></span> <span class='ocrx_word' id='word_1_757' title='bbox 3209 4817 3420 4856; x_wconf 85' lang='lat' dir='ltr'><strong>memo-</strong></span> 
     </span>
    </p>
   </div>
   <div class='ocr_carea' id='block_1_102' title="bbox 1825 4892 3418 4961">
    <p class='ocr_par' dir='ltr' id='par_1_102' title="bbox 1825 4892 3418 4961">
     <span class='ocr_line' id='line_1_102' title="bbox 1825 4892 3418 4961; baseline -0.008 -8"><span class='ocrx_word' id='word_1_758' title='bbox 1825 4899 1906 4953; x_wconf 89' lang='lat' dir='ltr'><strong>ria</strong></span> <span class='ocrx_word' id='word_1_759' title='bbox 1931 4898 2206 4954; x_wconf 85' lang='lat' dir='ltr'><strong>indivulse</strong></span> <span class='ocrx_word' id='word_1_760' title='bbox 2231 4914 2578 4954; x_wconf 87' lang='lat' dir='ltr'><strong>commorans</strong></span> <span class='ocrx_word' id='word_1_761' title='bbox 2609 4913 2766 4952; x_wconf 90' lang='lat' dir='ltr'><strong>mens</strong></span> <span class='ocrx_word' id='word_1_762' title='bbox 2823 4904 3068 4950; x_wconf 87' lang='lat' dir='ltr'><strong>humana</strong></span> <span class='ocrx_word' id='word_1_763' title='bbox 3123 4892 3418 4961; x_wconf 86' lang='lat' dir='ltr'><strong>reperitur.</strong></span> 
     </span>
    </p>
   </div>
   <div class='ocr_carea' id='block_1_103' title="bbox 1828 4979 3420 5057">
    <p class='ocr_par' dir='ltr' id='par_1_103' title="bbox 1828 4979 3420 5057">
     <span class='ocr_line' id='line_1_103' title="bbox 1828 4979 3420 5057; baseline -0.006 -16"><span class='ocrx_word' id='word_1_764' title='bbox 1828 4986 1967 5041; x_wconf 90' lang='lat' dir='ltr'><strong>llinc</strong></span> <span class='ocrx_word' id='word_1_765' title='bbox 1983 4987 2094 5057; x_wconf 86' lang='lat' dir='ltr'><strong>jam</strong></span> <span class='ocrx_word' id='word_1_766' title='bbox 2128 5003 2319 5057; x_wconf 89' lang='lat' dir='ltr'><strong>prono</strong></span> <span class='ocrx_word' id='word_1_767' title='bbox 2343 4985 2499 5056; x_wconf 88' lang='lat' dir='ltr'><strong>quasi</strong></span> <span class='ocrx_word' id='word_1_768' title='bbox 2533 4985 2676 5040; x_wconf 82' lang='lat' dir='ltr'><strong>ﬂexu</strong></span> <span class='ocrx_word' id='word_1_769' title='bbox 2703 4983 2888 5038; x_wconf 91' lang='lat' dir='ltr'><strong>illimis</strong></span> <span class='ocrx_word' id='word_1_770' title='bbox 2912 4983 2967 5036; x_wconf 87' lang='lat' dir='ltr'><strong>in</strong></span> <span class='ocrx_word' id='word_1_771' title='bbox 2997 4981 3226 5036; x_wconf 86' lang='lat' dir='ltr'><strong>fratrem</strong></span> <span class='ocrx_word' id='word_1_772' title='bbox 3262 4979 3420 5033; x_wconf 83' lang='lat' dir='ltr'><strong>facile</strong></span> 
     </span>
    </p>
   </div>
   <div class='ocr_carea' id='block_1_104' title="bbox 1825 5076 3423 5146">
    <p class='ocr_par' dir='ltr' id='par_1_104' title="bbox 1825 5076 3423 5146">
     <span class='ocr_line' id='line_1_104' title="bbox 1825 5076 3423 5146; baseline -0.004 -15"><span class='ocrx_word' id='word_1_773' title='bbox 1825 5077 2096 5132; x_wconf 90' lang='lat' dir='ltr'><strong>redundat</strong></span> <span class='ocrx_word' id='word_1_774' title='bbox 2135 5079 2395 5142; x_wconf 88' lang='lat' dir='ltr'><strong>charitas,</strong></span> <span class='ocrx_word' id='word_1_775' title='bbox 2417 5088 2473 5133; x_wconf 91' lang='lat' dir='ltr'><strong>et</strong></span> <span class='ocrx_word' id='word_1_776' title='bbox 2497 5094 2624 5132; x_wconf 90' lang='lat' dir='ltr'><strong>vera</strong></span> <span class='ocrx_word' id='word_1_777' title='bbox 2647 5076 2990 5146; x_wconf 71' lang='lat' dir='ltr'><strong>simplicitas,</strong></span> <span class='ocrx_word' id='word_1_778' title='bbox 3021 5084 3078 5129; x_wconf 90' lang='lat' dir='ltr'><strong>et</strong></span> <span class='ocrx_word' id='word_1_779' title='bbox 3101 5081 3423 5127; x_wconf 87' lang='lat' dir='ltr'><strong>mansuetu-</strong></span> 
     </span>
    </p>
   </div>
   <div class='ocr_carea' id='block_1_105' title="bbox 1823 5157 3418 5227">
    <p class='ocr_par' dir='ltr' id='par_1_105' title="bbox 1823 5157 3418 5227">
     <span class='ocr_line' id='line_1_105' title="bbox 1823 5157 3418 5227; baseline -0.004 -13"><span class='ocrx_word' id='word_1_780' title='bbox 1823 5161 1916 5227; x_wconf 91' lang='lat' dir='ltr'><strong>do,</strong></span> <span class='ocrx_word' id='word_1_781' title='bbox 1946 5169 2002 5216; x_wconf 91' lang='lat' dir='ltr'><strong>et</strong></span> <span class='ocrx_word' id='word_1_782' title='bbox 2023 5163 2326 5227; x_wconf 85' lang='lat' dir='ltr'><strong>humilitas,</strong></span> <span class='ocrx_word' id='word_1_783' title='bbox 2351 5161 2656 5216; x_wconf 88' lang='lat' dir='ltr'><strong>sinceritas.</strong></span> <span class='ocrx_word' id='word_1_784' title='bbox 2676 5171 2733 5215; x_wconf 90' lang='lat' dir='ltr'><strong>et</strong></span> <span class='ocrx_word' id='word_1_785' title='bbox 2755 5160 2994 5225; x_wconf 85' lang='lat' dir='ltr'><strong>bonitas,</strong></span> <span class='ocrx_word' id='word_1_786' title='bbox 3015 5159 3210 5227; x_wconf 76' lang='lat' dir='ltr'><strong>ct-ipsa</strong></span> <span class='ocrx_word' id='word_1_787' title='bbox 3241 5157 3418 5211; x_wconf 89' lang='lat' dir='ltr'><strong>oratio</strong></span> 
     </span>
    </p>
   </div>
   <div class='ocr_carea' id='block_1_106' title="bbox 1829 5252 3419 5324">
    <p class='ocr_par' dir='ltr' id='par_1_106' title="bbox 1829 5252 3419 5324">
     <span class='ocr_line' id='line_1_106' title="bbox 1829 5252 3419 5324; baseline -0.005 -15"><span class='ocrx_word' id='word_1_788' title='bbox 1829 5254 1986 5324; x_wconf 79' lang='lat'><strong>173</strong></span> <span class='ocrx_word' id='word_1_789' title='bbox 2023 5265 2466 5324; x_wconf 91' lang='lat' dir='ltr'><strong>cunctarumque</strong></span> <span class='ocrx_word' id='word_1_790' title='bbox 2518 5253 2757 5309; x_wconf 88' lang='lat' dir='ltr'><strong>formose</strong></span> <span class='ocrx_word' id='word_1_791' title='bbox 2806 5252 3165 5322; x_wconf 87' lang='lat' dir='ltr'><strong>resplendens</strong></span> <span class='ocrx_word' id='word_1_792' title='bbox 3216 5264 3419 5304; x_wconf 90' lang='lat' dir='ltr'><strong>corona</strong></span> 
     </span>
    </p>
   </div>
   <div class='ocr_carea' id='block_1_107' title="bbox 92 5345 1729 5442">
    <p class='ocr_par' dir='ltr' id='par_1_107' title="bbox 92 5364 1725 5442">
     <span class='ocr_line' id='line_1_107' title="bbox 92 5364 1725 5442; baseline 0.001 -20"><span class='ocrx_word' id='word_1_793' title='bbox 92 5368 369 5436; x_wconf 78' lang='grc' dir='ltr'>ἀγάπης</span> <span class='ocrx_word' id='word_1_794' title='bbox 399 5364 526 5442; x_wconf 48' lang='grc' dir='ltr'>,τὴν</span> <span class='ocrx_word' id='word_1_795' title='bbox 576 5365 893 5436; x_wconf 84' lang='grc' dir='ltr'>τελειότητα</span> <span class='ocrx_word' id='word_1_796' title='bbox 947 5366 1185 5436; x_wconf 75' lang='grc' dir='ltr'>δέχεται.</span> <span class='ocrx_word' id='word_1_797' title='bbox 1254 5367 1491 5438; x_wconf 79' lang='grc' dir='ltr'>Ἀγῶνος</span> <span class='ocrx_word' id='word_1_798' title='bbox 1541 5370 1725 5423; x_wconf 84' lang='grc' dir='ltr'>τοίνυν</span> 
     </span>
    </p>
   </div>
   <div class='ocr_carea' id='block_1_108' title="bbox 1834 5345 3420 5442">
    <p class='ocr_par' dir='ltr' id='par_1_108' title="bbox 1834 5345 3420 5422">
     <span class='ocr_line' id='line_1_108' title="bbox 1834 5345 3420 5422; baseline -0.003 -18"><span class='ocrx_word' id='word_1_799' title='bbox 1834 5350 2124 5417; x_wconf 81' lang='lat' dir='ltr'><strong>virtutum,</strong></span> <span class='ocrx_word' id='word_1_800' title='bbox 2188 5367 2288 5422; x_wconf 91' lang='lat' dir='ltr'><strong>per</strong></span> <span class='ocrx_word' id='word_1_801' title='bbox 2343 5350 2478 5405; x_wconf 92' lang='lat' dir='ltr'><strong>illud</strong></span> <span class='ocrx_word' id='word_1_802' title='bbox 2512 5366 2684 5406; x_wconf 86' lang='lat' dir='ltr'><strong>unum</strong></span> <span class='ocrx_word' id='word_1_803' title='bbox 2731 5360 2788 5407; x_wconf 90' lang='lat' dir='ltr'><strong>et</strong></span> <span class='ocrx_word' id='word_1_804' title='bbox 2838 5348 3016 5405; x_wconf 91' lang='lat' dir='ltr'><strong>solum</strong></span> <span class='ocrx_word' id='word_1_805' title='bbox 3073 5355 3130 5401; x_wconf 93' lang='lat' dir='ltr'><strong>et</strong></span> <span class='ocrx_word' id='word_1_806' title='bbox 3178 5345 3420 5416; x_wconf 89' lang='lat' dir='ltr'><strong>primum</strong></span> 
     </span>
    </p>
   </div>
   <div class='ocr_carea' id='block_1_109' title="bbox 91 5456 1716 5530">
    <p class='ocr_par' dir='ltr' id='par_1_109' title="bbox 91 5456 1716 5530">
     <span class='ocr_line' id='line_1_109' title="bbox 91 5456 1716 5530; baseline 0 -17"><span class='ocrx_word' id='word_1_807' title='bbox 91 5456 338 5513; x_wconf 79' lang='grc' dir='ltr'>πολλοῦ</span> <span class='ocrx_word' id='word_1_808' title='bbox 399 5457 494 5510; x_wconf 75' lang='grc' dir='ltr'>καὶ</span> <span class='ocrx_word' id='word_1_809' title='bbox 537 5457 700 5510; x_wconf 85' lang='grc' dir='ltr'>πόνου</span> <span class='ocrx_word' id='word_1_810' title='bbox 745 5457 991 5528; x_wconf 90' lang='grc' dir='ltr'>κρυπτοῦ</span> <span class='ocrx_word' id='word_1_811' title='bbox 1041 5459 1138 5511; x_wconf 77' lang='grc' dir='ltr'><strong>καὶ</strong></span> <span class='ocrx_word' id='word_1_812' title='bbox 1182 5457 1382 5528; x_wconf 85' lang='grc' dir='ltr'>ἀδήλου</span> <span class='ocrx_word' id='word_1_813' title='bbox 1413 5460 1594 5530; x_wconf 89' lang='grc' dir='ltr'>χρεία,</span> <span class='ocrx_word' id='word_1_814' title='bbox 1627 5461 1716 5513; x_wconf 86' lang='grc' dir='ltr'>λο-</span> 
     </span>
    </p>
   </div>
   <div class='ocr_carea' id='block_1_110' title="bbox 89 5547 1720 5623">
    <p class='ocr_par' dir='ltr' id='par_1_110' title="bbox 89 5547 1720 5623">
     <span class='ocr_line' id='line_1_110' title="bbox 89 5547 1720 5623; baseline 0 -19"><span class='ocrx_word' id='word_1_815' title='bbox 89 5547 357 5620; x_wconf 79' lang='grc' dir='ltr'>γισμῶν</span> <span class='ocrx_word' id='word_1_816' title='bbox 411 5547 641 5620; x_wconf 85' lang='grc' dir='ltr'>ἐρεύνης</span> <span class='ocrx_word' id='word_1_817' title='bbox 686 5565 746 5602; x_wconf 85' lang='grc' dir='ltr'><strong>τε</strong></span> <span class='ocrx_word' id='word_1_818' title='bbox 795 5549 892 5603; x_wconf 75' lang='grc' dir='ltr'><strong>καὶ</strong></span> <span class='ocrx_word' id='word_1_819' title='bbox 931 5551 1030 5618; x_wconf 82' lang='grc' dir='ltr'>τῆς</span> <span class='ocrx_word' id='word_1_820' title='bbox 1055 5549 1174 5619; x_wconf 55' lang='grc' dir='ltr'>,τῶν</span> <span class='ocrx_word' id='word_1_821' title='bbox 1209 5550 1587 5623; x_wconf 75' lang='grc' dir='ltr'>ἠσθενηκότων</span> <span class='ocrx_word' id='word_1_822' title='bbox 1622 5553 1720 5623; x_wconf 83' lang='grc' dir='ltr'>τῆς</span> 
     </span>
    </p>
   </div>
   <div class='ocr_carea' id='block_1_111' title="bbox 89 5643 1724 5718">
    <p class='ocr_par' dir='ltr' id='par_1_111' title="bbox 89 5643 1724 5718">
     <span class='ocr_line' id='line_1_111' title="bbox 89 5643 1724 5718; baseline -0.001 -19"><span class='ocrx_word' id='word_1_823' title='bbox 89 5646 313 5718; x_wconf 62' lang='grc' dir='ltr'>ψυχῆς</span> <span class='ocrx_word' id='word_1_824' title='bbox 344 5643 506 5714; x_wconf 84' lang='grc' dir='ltr'>ἡμῶν</span> <span class='ocrx_word' id='word_1_825' title='bbox 535 5643 906 5718; x_wconf 77' lang='grc' dir='ltr'>αἰσθητηρίων</span> <span class='ocrx_word' id='word_1_826' title='bbox 935 5645 1263 5715; x_wconf 86' lang='grc' dir='ltr'>γυμνασίας,</span> <span class='ocrx_word' id='word_1_827' title='bbox 1290 5645 1424 5716; x_wconf 82' lang='grc' dir='ltr'>πρὸς</span> <span class='ocrx_word' id='word_1_828' title='bbox 1451 5644 1724 5716; x_wconf 82' lang='grc' dir='ltr'>διάκρισιν</span> 
     </span>
    </p>
   </div>
   <div class='ocr_carea' id='block_1_112' title="bbox 184 5825 1819 5895">
    <p class='ocr_par' dir='ltr' id='par_1_112' title="bbox 184 5825 1819 5895">
     <span class='ocr_line' id='line_1_112' title="bbox 184 5825 1819 5895; baseline 0.001 -13"><span class='ocrx_word' id='word_1_829' title='bbox 184 5828 243 5862; x_wconf 63' lang='grc'><strong>⁸⁸</strong></span> <span class='ocrx_word' id='word_1_830' title='bbox 284 5828 458 5892; x_wconf 66' lang='lat' dir='ltr'><strong>Rom.</strong></span> <span class='ocrx_word' id='word_1_831' title='bbox 501 5842 621 5895; x_wconf 82' lang='lat' dir='ltr'><strong>vm,</strong></span> <span class='ocrx_word' id='word_1_832' title='bbox 665 5827 747 5884; x_wconf 79' lang='lat' dir='ltr'><strong>i0.</strong></span> <span class='ocrx_word' id='word_1_833' title='bbox 825 5828 868 5860; x_wconf 79' lang='grc'><strong>’⁸⁸</strong></span> <span class='ocrx_word' id='word_1_834' title='bbox 895 5825 940 5884; x_wconf 85' lang='lat' dir='ltr'><strong>ll</strong></span> <span class='ocrx_word' id='word_1_835' title='bbox 973 5826 1097 5884; x_wconf 86' lang='lat' dir='ltr'><strong>Cor.</strong></span> <span class='ocrx_word' id='word_1_836' title='bbox 1136 5843 1187 5894; x_wconf 62' lang='grc' dir='ltr'><strong>ε,</strong></span> <span class='ocrx_word' id='word_1_837' title='bbox 1223 5825 1303 5881; x_wconf 81' lang='grc'><strong>18.</strong></span> <span class='ocrx_word' id='word_1_838' title='bbox 1375 5826 1596 5884; x_wconf 77' lang='lat' dir='ltr'><strong>“Joan.</strong></span> <span class='ocrx_word' id='word_1_839' title='bbox 1642 5841 1694 5894; x_wconf 73' lang='grc' dir='ltr'><strong>ν,</strong></span> <span class='ocrx_word' id='word_1_840' title='bbox 1731 5827 1819 5886; x_wconf 69' lang='grc' dir='ltr'><strong>Η.</strong></span> 
     </span>
    </p>
   </div>
   <div class='ocr_carea' id='block_1_113' title="bbox 1825 5433 3419 5511">
    <p class='ocr_par' dir='ltr' id='par_1_113' title="bbox 1825 5433 3419 5511">
     <span class='ocr_line' id='line_1_113' title="bbox 1825 5433 3419 5511; baseline -0.006 -16"><span class='ocrx_word' id='word_1_841' title='bbox 1825 5441 2143 5498; x_wconf 89' lang='lat' dir='ltr'><strong>dilectionis</strong></span> <span class='ocrx_word' id='word_1_842' title='bbox 2216 5443 2313 5497; x_wconf 91' lang='lat' dir='ltr'><strong>Dei</strong></span> <span class='ocrx_word' id='word_1_843' title='bbox 2373 5442 2692 5497; x_wconf 86' lang='lat' dir='ltr'><strong>mandatum</strong></span> <span class='ocrx_word' id='word_1_844' title='bbox 2740 5439 3137 5511; x_wconf 88' lang='lat' dir='ltr'><strong>perfectionem</strong></span> <span class='ocrx_word' id='word_1_845' title='bbox 3191 5433 3419 5504; x_wconf 78' lang='lat' dir='ltr'><strong>accipit-</strong></span> 
     </span>
    </p>
   </div>
   <div class='ocr_carea' id='block_1_114' title="bbox 1824 5527 3418 5604">
    <p class='ocr_par' dir='ltr' id='par_1_114' title="bbox 1824 5527 3418 5604">
     <span class='ocr_line' id='line_1_114' title="bbox 1824 5527 3418 5604; baseline -0.006 -14"><span class='ocrx_word' id='word_1_846' title='bbox 1824 5533 2137 5590; x_wconf 90' lang='lat' dir='ltr'><strong>Ccrtamine</strong></span> <span class='ocrx_word' id='word_1_847' title='bbox 2183 5533 2352 5604; x_wconf 88' lang='lat' dir='ltr'><strong>igitur</strong></span> <span class='ocrx_word' id='word_1_848' title='bbox 2396 5534 2570 5588; x_wconf 92' lang='lat' dir='ltr'><strong>multo</strong></span> <span class='ocrx_word' id='word_1_849' title='bbox 2628 5539 2686 5588; x_wconf 90' lang='lat' dir='ltr'><strong>et</strong></span> <span class='ocrx_word' id='word_1_850' title='bbox 2748 5539 2951 5588; x_wconf 90' lang='lat' dir='ltr'><strong>conatu</strong></span> <span class='ocrx_word' id='word_1_851' title='bbox 3003 5527 3258 5592; x_wconf 90' lang='lat' dir='ltr'><strong>occulto,</strong></span> <span class='ocrx_word' id='word_1_852' title='bbox 3312 5540 3418 5580; x_wconf 89' lang='lat' dir='ltr'><strong>nec</strong></span> 
     </span>
    </p>
   </div>
   <div class='ocr_carea' id='block_1_115' title="bbox 1827 5626 3408 5696">
    <p class='ocr_par' dir='ltr' id='par_1_115' title="bbox 1827 5626 3408 5696">
     <span class='ocr_line' id='line_1_115' title="bbox 1827 5626 3408 5696; baseline -0.006 -11"><span class='ocrx_word' id='word_1_853' title='bbox 1827 5630 1962 5687; x_wconf 89' lang='lat' dir='ltr'><strong>foris</strong></span> <span class='ocrx_word' id='word_1_854' title='bbox 2011 5629 2346 5688; x_wconf 87' lang='lat' dir='ltr'><strong>observabili</strong></span> <span class='ocrx_word' id='word_1_855' title='bbox 2401 5627 2772 5688; x_wconf 83' lang='lat' dir='ltr'><strong>contentionis</strong></span> <span class='ocrx_word' id='word_1_856' title='bbox 2847 5626 3041 5683; x_wconf 86' lang='lat' dir='ltr'><strong>labore</strong></span> <span class='ocrx_word' id='word_1_857' title='bbox 3107 5637 3250 5696; x_wconf 83' lang='lat' dir='ltr'><strong>Opus</strong></span> <span class='ocrx_word' id='word_1_858' title='bbox 3299 5626 3408 5686; x_wconf 82' lang='lat' dir='ltr'><strong>est,</strong></span> 
     </span>
    </p>
   </div>
  </div>
