4044 6528
697 330 794 395 851

1924 335 1990 396 8.
2027 334 2349 398 MACARII
2383 336 2708 401 EGYPTII

2250 335 2349 398 RII
2383 336 2708 401 EGYPTII
3776 357 3847 422 852

699 439 755 493 in
809 437 1248 507 perscrutatione
1291 439 1714 512 cogitationum,
1768 442 1828 498 in
1869 443 2268 498 exercitatione

2250 457 2268 498 ε
2297 451 2346 506 Α
2373 445 2540 499 καλοῦ
2587 464 2646 501 τε
2695 448 2790 502 καὶ
2830 448 3028 516 κακοῦ,
3064 451 3160 506 καὶ
3185 450 3280 506 τοῦ
3307 453 3562 523 ῥωννύειν
3591 459 3673 513 καὶ
3695 461 3847 530 ἀναζω-

699 527 1046 583 inﬁrmorum
1108 529 1305 586 animas
1385 548 1648 589 sensuum
1729 534 1798 590 ad
1876 535 2270 596 discretionem

699 614 828 670 boni
869 623 926 670 et
963 617 1113 684 mali,
1146 618 1204 672 ir:
1249 620 1676 676 corroborandis
1713 630 1771 677 et
1818 623 2126 678 excitandis
2171 639 2270 699 per

699 708 1003 763 studiosam
1047 725 1242 764 versus
1282 711 1454 765 Deum
1493 701 1907 768 inclinationem
1969 714 2272 771 debilitatis

699 800 895 853 animae
942 801 1223 855 membris.
1287 801 1364 856 lta
1413 819 1565 858 mens
1596 815 1781 859 nostra
1835 807 2098 862 continue
2127 819 2130 861 θ
2158 808 2271 863 Deo

700 889 876 953 aﬁixa,
920 892 1190 946 coalescet
1237 893 1293 946 in
1328 908 1496 946 unum
1539 909 1665 948 cum
1716 895 1952 952 Domino
1984 898 2267 968 Spiritum,

697 979 850 1049 juxta
885 981 1170 1034 oraculum
1203 981 1380 1037 Pauli.
2152 984 2154 986 ’

769 1069 904 1125 XIV.
946 1071 1096 1126 Hanc
1124 1083 1309 1128 autem
1352 1074 1672 1131 interiorem
1717 1078 2150 1147 contentionem,
2190 1081 2272 1138 la-

701 1159 893 1214 berem
924 1203 938 1225 ,
1000 1171 1054 1216 et
1104 1165 1564 1232 meditationem,
1619 1167 1959 1224 incessanter
2018 1173 2272 1229 conferre

700 1261 921 1319 oportet
940 1254 1161 1310 virtutis
1178 1266 1453 1314 amatores
1484 1260 1552 1314 ad
1583 1276 1801 1316 omnem
1835 1262 2271 1319 observationem

702 1344 946 1398 mandati
982 1346 1098 1401 sive
1127 1357 1371 1415 orantes,
1405 1350 1521 1405 sive
1547 1351 1947 1420 ministrantes,
1979 1355 2274 1410 comeden-

703 1442 786 1487 tes
810 1435 944 1504 quin
974 1438 1138 1492 etiam
1173 1446 1267 1492 aut
1308 1441 1563 1498 bibentes
1601 1461 1614 1498 :
1659 1453 1716 1498 ut
1757 1445 2124 1516 quodcunque
2171 1446 2270 1502 de-

703 1540 854 1579 mum
883 1527 1085 1582 bonum
1112 1531 1180 1584 ab
1215 1532 1349 1602 ipsis
1380 1533 1493 1599 ﬁet,
1541 1534 1598 1589 in
1652 1537 1876 1604 gloriam
1907 1538 2026 1603 Dei,
2072 1547 2127 1593 et
2159 1555 2270 1594 non

705 1613 763 1668 in
796 1628 1038 1672 nostram
1092 1619 1186 1674 ﬁat
1230 1622 1492 1692 gloriam;
1528 1640 1704 1694 prona
1747 1637 1934 1683 autem
1987 1639 2045 1685 et
2089 1628 2272 1686 facilia

701 1706 864 1760 nobis
896 1718 1114 1776 cuncta,
1149 1727 1272 1782 qum
1306 1715 1373 1769 ad
1406 1719 1730 1786 quarumvis
1757 1719 1857 1775 Dei
1885 1722 2271 1778 mandatorum

2372 539 2566 608 πυρεῖν
2594 538 2683 592 διὰ
2710 539 2808 604 τῆς
2834 539 2929 593 τοῦ
2952 540 3044 594 νοῦ
3079 542 3216 612 πρὸς
3237 544 3370 598 Θεὸν
3393 545 3663 615 δπιμελοῦς
3681 557 3849 623 νεύσεως

2369 624 2440 678 τά
2483 628 2836 697 πεπονηκότα
2877 629 2974 698 τῆς
3004 630 3185 699 ψυχῆς
3217 631 3376 702 μέλη.
3413 631 3470 687 '0
3495 633 3596 706 γὰρ
3619 637 3722 702 νοῦς
3744 643 3849 711 ἡμῶν

2369 714 2513 769 οὕτω
2537 716 2826 782 διαπαντὸς
2855 719 2935 790 τῷ
2957 719 3077 790 Θεῷ
3102 722 3604 794 προασλλώμενος,
3639 734 3847 800 γενήσεται

2374 809 2512 878 μετὰ
2538 809 2633 862 τοῦ
2661 811 2866 881 Κυρίου
2898 812 2978 876 είς
3005 812 3064 866 ἓν
3091 811 3328 884 πνεῦμα,
3349 815 3490 869 κατά
3510 816 3568 869 τὺ
3585 817 3736 886 λόγιον
3754 823 3852 879 ΙΙιὺ-

2371 897 2484 953 λου.
2891 935 2894 942 ν

2446 1079 2542 1135 ιΔκ
2579 1079 2780 1134 Τοῦτον
2808 1081 2867 1135 δέ
2896 1098 3029 1153 φησι
3059 1081 3150 1135 τὸν
3196 1083 3439 1154 κρυπτὸν
3476 1085 3666 1152 ἀγῶνα,
3693 1091 3767 1142 καὶ
3795 1096 3852 1146 τὸν

2371 1169 2555 1236 πόνον,
2613 1171 2707 1222 καὶ
2765 1169 2863 1242 τὴν
2899 1171 3152 1244 μελέτην,
3213 1174 3572 1240 ἀδιαλείπτως
3618 1178 3738 1247 ἔχειν
3771 1185 3864 1241 τώς-

2373 1259 2697 1331 φιλαρέτους
2751 1262 2857 1331 χρὴ
2915 1263 3052 1333 πρὸς
3109 1267 3287 1324 πᾶσαν
3319 1267 3655 1336 ἐπιτήδευσιν
3684 1273 3853 1343 ἐντολῆς,

2371 1352 2492 1423 ἦτοι
2523 1350 2931 1424 εὖχομένους,ἢ
2963 1353 3366 1420 διακονοῦντας,
3400 1357 3856 1429 ὲσθίονταςῆπίνον-

2370 1447 2470 1506 τας
2496 1459 2510 1472 ·
2546 1443 2613 1496 ἵν’
2645 1443 2782 1515 ὅπερ
2815 1444 2880 1498 ἃν
2917 1443 3143 1516 γένηται
3173 1447 3398 1516 ἀγαθὸν,
3452 1451 3533 1512 είς
3577 1450 3718 1516 δόξαν
3751 1454 3856 1516 Θεοῦ,

2371 1535 2466 1588 καὶ
2537 1533 2613 1606 μὴ
2667 1536 2749 1598 είς
2797 1536 3076 1608 ἡμετέραν
3123 1539 3353 1609 γένηται
3402 1539 3599 1604 δόξανο
3632 1544 3856 1614 εὐπετῆίέ

2370 1628 2502 1698 ἡμῖν
2539 1627 2633 1681 καὶ
2673 1628 2832 1698 ῥᾴδια
2869 1627 3049 1682 πάντα
3079 1630 3149 1683 τὰ
3199 1631 3307 1684 τῶν
3350 1632 3578 1684 ἐντολῶν
3620 1632 3766 1699 ἔσται,
3792 1637 3859 1705 τῆς

2369 1716 2463 1770 τοῦ
2495 1717 2632 1771 Θεοῦ
2661 1720 2883 1789 ἀγάπης
2915 1721 3053 1776 αὐτὰ
3078 1721 3565 1798 διευμαριζού-σης,
3589 1725 3676 1778 καὶ
3700 1725 3750 1779 τὸ
3775 1728 3856 1780 ιπξ.

669 1795 918 1864 ,.plenam
969 1805 1377 1860 exsecutionem
1432 1808 1703 1877 attinent;
1751 1827 1938 1868 amore
1986 1813 2121 1882 Dei,
2166 1815 2266 1870 ista

1689 1828 1703 1877 ;
1751 1827 1938 1868 amore
1986 1813 2121 1882 Dei,
2166 1815 2270 1870 ista
2303 1800 2346 1857 Β
2374 1824 2536 1863 πονον
2561 1808 2740 1864 αὐτῶν
2779 1809 3078 1883 ὲκλυούσης
3107 1810 3277 1868 ἅπαν.

701 1884 1014 1954 allcviante,
1049 1898 1105 1946 et
1134 1894 1281 1962 quod
1315 1895 1654 1954 laboriosum
1714 1911 1801 1957 est
1861 1903 1920 1958 in
1967 1904 2122 1974 ipsis,
2159 1907 2272 1962 dis-

699 1978 971 2034 solvente.

772 2066 886 2124 XV.
927 2068 1118 2127 Omnis
1147 2077 1429 2132 contentio
1467 2087 1524 2134 et
1571 2081 1814 2136 studium
1850 2082 2173 2152 adversarii,
2212 2087 2270 2144 in

699 2153 828 2220 hoc,
879 2164 939 2211 ut
966 2159 1176 2215 dictum
1217 2173 1322 2229 est,
1357 2167 1566 2237 vigilat,
1599 2179 1660 2224 ut
1707 2172 1990 2227 annitatur
2027 2187 2269 2230 mentem

697 2259 944 2302 nostram
969 2265 999 2304 a
1020 2251 1116 2306 Dei
1138 2256 1427 2320 memoria,
1446 2257 1663 2323 timore,
1687 2276 1980 2332 amoreque
2000 2264 2266 2333 avellere;

703 2341 946 2394 terrenis
1005 2342 1178 2412 ipsam
1233 2349 1650 2406 avocationibus
1701 2360 1758 2406 et
1814 2353 2269 2424 delinimentis,a

696 2445 830 2485 vero
867 2431 1013 2488 bono
1066 2435 1136 2490 ad
1186 2441 1503 2508 apparentia
1536 2441 1882 2500 divertendo.

769 2609 908 2665 XVI.
946 2613 1189 2669 Invicem
1234 2617 1470 2674 virtutes
1507 2629 1916 2676 connectuntur
1966 2630 2022 2677 et
2077 2631 2270 2680 mutuo

696 2701 986 2768 inhaerent,
1020 2713 1080 2761 ut
1105 2706 1159 2759 in
1191 2717 1384 2762 catena
1411 2711 1690 2766 commissi
1723 2715 1913 2768 annuli
1942 2731 2051 2770 uno
2078 2731 2145 2771 ex
2162 2717 2272 2774 alio

694 2794 991 2862 pendente.
1033 2797 1092 2850 In
1121 2798 1269 2853 hunc
1299 2801 1445 2854 enim
1472 2803 1696 2857 modum
1737 2805 1916 2860 oratio
1971 2823 2039 2862 ex
2090 2808 2274 2863 citari»

698 2893 841 2951 tate;
884 2887 1124 2944 charitas
1155 2906 1185 2946 e
1211 2892 1438 2960 gaudio;
1477 2895 1735 2964 gaudium
1763 2913 1794 2951 e
1821 2900 2267 2968 mansuetudine;

694 2976 1062 3030 mansuetudo
1089 2993 1157 3032 ex
1187 2979 1526 3046 humilitate;
1554 2982 1839 3038 humilitas
1861 2999 1892 3039 e
1929 2987 2269 3056 ministerio;

697 3063 1068 3120 ministerium
1103 3083 1137 3121 e
1168 3083 1297 3138 spe;
1325 3085 1451 3140 spes
1480 3087 1547 3126 ex
1583 3072 1721 3140 ﬁde;
1761 3074 1896 3129 ﬁdes
1921 3091 1988 3131 ex
2013 3077 2274 3132 obedien-

2440 2075 2543 2128 IE'.
2576 2074 2738 2140 Ὀλος
2773 2077 2803 2130 ὁ
2849 2075 3000 2145 ἀγὼν
3033 2076 3127 2132 καὶ
3158 2079 3360 2150 σπουδὴ
3391 2077 3514 2134 ῗτοῦ
3553 2077 3856 2152 ἀντικειμένων

2369 2165 2528 2220 τοῦτό
2559 2169 2727 2233 ἐστιν,
2779 2167 2856 2232 ὡς
2893 2169 3206 2242 δεδήλωται,
3253 2170 3315 2224 τὸ
3357 2170 3649 2242 δυνηθῆναι
3681 2174 3758 2226 τὸν
3779 2176 3861 2229 wiv

2371 2259 2480 2312 ἀπὸ
2512 2259 2611 2329 τῆς
2644 2259 2780 2330 πρὸς
2808 2260 2940 2313 Θεὸν
2969 2262 3211 2332 μνήμης,
3259 2262 3356 2316 καὶ
3393 2261 3492 2315 τοῦ
3525 2264 3679 2330 φόϐου
3703 2266 3861 2332 καὶτῆς

2369 2349 2591 2419 ἀγάπης
2621 2353 2980 2423 περισπᾶσαι,
3012 2353 3229 2420 γηϊναις
3255 2355 3420 2407 αὐτὴν
3455 2358 3781 2426 παραγωγαῖς
3803 2363 3864 2414 καὶ

2375 2442 2757 2514 δελεάσμασιν,
2785 2444 2892 2498 ἀπὸ
2910 2443 3005 2499 τοῦ
3031 2445 3202 2511 ὅντως
3232 2444 3441 2515 ἀγαθοῦ
3468 2446 3605 2516 πρὸς
3624 2447 3686 2501 τά
3708 2447 3866 2519 omissi

2370 2533 2512 2588 καλά
2548 2534 3014 2606 παρατρέποντος.

2441 2625 2562 2692 ιςῖο.
2607 2624 2878 2696 Ἀλλήλων
2910 2627 2968 2679 αί
3000 2627 3193 2698 ἀρεταὶ
3235 2626 3500 2691 δέδενται,
3555 2627 3645 2682 καὶ
3689 2627 3865 2695 ἀλλήλω

2372 2713 2605 2784 ἔχονται,
2633 2716 2886 2786 καθάπερ
2909 2717 3028 2787 ίερά
3051 2734 3136 2782 τις
3169 2717 3325 2790 σειρά
3349 2718 3453 2788 μία
3478 2719 3578 2788 τῆς
3609 2720 3723 2788 μιᾶς
3747 2721 3865 2790 idm;-

2375 2806 2510 2876 μένη
2539 2821 2554 2836 °
2596 2800 2712 2860 οἷον
2750 2809 2783 2878 ή
2831 2807 2928 2877 μὲν
2971 2807 3130 2878 εὐχὴ,
3167 2808 3269 2877 τῆς
3325 2809 3572 2880 ἀγάπης,
3605 2811 3638 2878 ἡ
3667 2810 3867 2880 arma

2370 2898 2470 2964 τῆς
2499 2898 2694 2967 χαρᾶς.
2726 2899 2761 2968 ὴ
2799 2897 2960 2968 χαρὰν
2985 2898 3084 2967 τῆς
3109 2900 3440 2969 πραότητος.
3476 2899 3510 2969 ἡ
3535 2899 3768 2969 πραότης.

2372 2985 2896 3056 ταπεινοφροσύνης,
2953 2989 2985 3057 ἡ
3022 2987 3499 3058 ταπεινοφροσύνη
3533 2986 3591 3040 δὲ
3618 2989 3707 3057 τῆς
3741 2989 3868 3042 διαιν-

2381 3075 2522 3141 νίας,
2557 3077 2591 3146 ἡ
2641 3077 2887 3129 διακονία
2931 3076 3008 3142 δὲ,
3052 3077 3152 3148 τῆς
3201 3077 3437 3142 ἐλπίδος,
3488 3080 3522 3150 ἡ
3570 3079 3624 3132 δὲ
3655 3079 3782 3142 ἐλπὶς
3804 3083 3869 3147 τῆς

698 3153 809 3219 tia;
846 3154 1162 3210 obedientia
1203 3172 1234 3211 e
1268 3158 1657 3228 simplicitate;
1698 3163 1863 3219 sicuti
1909 3181 1941 3220 e
1990 3169 2270 3224 contrario

2297 3151 2344 3214 C
2374 3165 2648 3228 πίστεως·
2695 3167 2858 3238 καὶὴ
2905 3167 3004 3236 μὲν
3047 3167 3253 3232 πίστις,
3309 3169 3412 3239 τῆς
3461 3170 3718 3240 ὑπακοῆς,
3767 3172 3792 3240 ἠ
3834 3172 3869 3223 δὲ

696 3243 958 3298 vitiorum
984 3261 1203 3316 quoque
1236 3264 1409 3303 unum
1438 3267 1506 3305 ex
1538 3253 1713 3308 altero
1745 3255 2042 3325 dependet.
2077 3259 2156 3313 Ex
2193 3261 2272 3316 ira

701 3335 906 3403 quippe
952 3337 1158 3404 pendet
1200 3339 1423 3407 odium;
1478 3358 1546 3396 ex
1578 3343 1684 3399 hoc
1723 3347 2017 3415 superbia;
2065 3365 2132 3404 ex
2170 3351 2274 3407 hac

699 3439 854 3478 vana:
898 3426 1086 3496 glorias
1129 3427 1438 3496 affectatio;
1487 3431 1604 3487 haec
1649 3433 2030 3492 inﬁdelitatem
2081 3440 2269 3507 trahit,

701 3531 824 3584 quae
854 3516 1081 3574 duritiei
1125 3521 1308 3576 cordis
1335 3531 1512 3578 mater
1543 3533 1647 3590 est,
1682 3527 1864 3595 proles
1898 3539 2083 3584 autem
2113 3531 2272 3586 incu-

699 3606 816 3670 riae,
865 3623 1028 3676 quam
1057 3610 1232 3680 gignit
1263 3613 1498 3683 languor
1541 3617 1788 3685 spiritus,
1828 3635 1896 3673 ex
1942 3620 2141 3690 supino
2173 3638 2273 3676 ne-

698 3698 878 3768 glectu
915 3699 1124 3755 ducens
1172 3703 1472 3773 originem;
1529 3706 1675 3761 hunc
1734 3709 1991 3777 producit
2045 3712 2268 3780 acedia;

699 3787 811 3842 ﬁlia
840 3789 955 3844 haec
983 3791 1364 3862 impatientiae.
1426 3797 1584 3867 cujus
1640 3813 1796 3852 amor
1848 3801 2146 3870 voluptatis
2186 3811 2273 3858 est

697 3888 873 3948 pater.
902 3881 981 3935 Ita
1011 3891 1205 3938 caetera
1231 3902 1450 3956 quoque
1484 3890 1730 3944 membra
1772 3893 1994 3947 malitia:
2032 3894 2270 3950 invicem

698 3979 824 4039 apta
849 3988 1096 4042 nexaque
1131 3987 1279 4031 sunt.

771 4079 1144 4139 XVll.‘Omne
1170 4085 1400 4151 bonum,
1445 4090 1590 4158 quod
1648 4091 1815 4146 homo
1872 4092 2021 4160 facit,
2084 4094 2268 4166 inqui-

695 4185 832 4225 nare
874 4187 937 4226 ac
979 4177 1359 4231 contaminare
1414 4181 1611 4254 nititur
1639 4181 1893 4240 diabolus
1933 4186 2268 4243 immistione

696 4276 924 4316 suorum
949 4265 1242 4332 seminum,
1290 4284 1441 4324 vanae
1496 4273 1756 4327 nimirum
1811 4276 2020 4346 gloriae,
2076 4279 2267 4348 prreﬁ~

696 4351 918 4418 denti-.9,
949 4355 1026 4408 uti
1059 4365 1116 4410 et
1148 4361 1623 4428 murmurationis,
1662 4374 1758 4418 aut
1795 4368 2099 4437 cujuspiam
2127 4371 2267 4426 alte—

2376 3258 2588 3328 ὐπακοὴ
2649 3257 2746 3326 τῆς
2779 3258 3101 3328 ἁπλότητος,
3141 3258 3333 3326 ὥσπερ
3378 3260 3643 3314 τάναντία
3686 3261 3872 3313 πάλινέν

2375 3349 2466 3418 ὑφ’
2493 3350 2612 3412 ἐνὸς
2646 3349 2856 3403 δέδεται
2879 3367 2894 3382 ·
2924 3345 3035 3403 οἷον
3072 3350 3167 3403 τοῦ
3197 3350 3298 3419 μὲν
3348 3350 3553 3420 Θυμοῦ,
3588 3353 3646 3404 τὸ
3688 3353 3871 3420 μῖσος-6

2375 3442 2456 3507 δὲ,
2491 3442 2590 3512 τῆς
2621 3442 3002 3513 ὑπερηφανίας
3029 3457 3044 3473 ο
3070 3441 3172 3510 τῆς
3199 3443 3510 3508 κενοδοξίας
3529 3442 3661 3512 αὕτη
3684 3459 3700 3474 ο
3724 3443 3870 3508 ἐκεί-ινιτ,

2373 3534 2472 3603 τῆς
2499 3533 2756 3594 ἀπιστίας
2781 3548 2794 3562 ’
2836 3535 2869 3602 ἡ
2927 3532 2986 3586 δὲ
3033 3532 3132 3603 τῆς
3166 3533 3638 3605 σκληροκαρδίας·
3671 3536 3750 3586 καὶ
3776 3534 3870 3601 αὕτη

2377 3627 2476 3694 μὲν
2511 3627 2575 3678 ὲκ
2595 3625 2696 3694 τῆς
2730 3623 2991 3695 ἀμελείας
3019 3640 3032 3654 ·
3070 3623 3256 3693 ἐκείνη
3281 3625 3338 3678 δὲ
3366 3625 3473 3693 τῆς
3508 3624 3810 3694 χαυνὼσεως,
3833 3627 3872 3674 ἐκ

2372 3718 2427 3770 δὲ
2472 3719 2570 3789 τῆς
2602 3717 2896 3790 ὀλιγωρίας
2937 3715 3100 3787 αὕτη·
3155 3717 3383 3788 κάκείνη
3439 3718 3542 3788 μὲν
3571 3720 3633 3771 ὲκ
3670 3718 3753 3787 τῆς

2371 3808 2491 3871 δίας
2515 3824 2529 3837 ·
2567 3806 2640 3870 ὡς
2667 3808 2732 3860 ὲκ
2763 3805 2858 3859 τοῦ
2883 3805 3307 3877 Ιάνυπομονήτου
3357 3806 3528 3860 πάλιν
3579 3807 3707 3876 αὕτη
3731 3821 3745 3835 ·
3774 3805 3869 3857 τὸδὲ

2370 3898 2472 3968 τῆς
2503 3898 2813 3969 φιληδονίας
2835 3914 2849 3929 ·
2870 3896 2966 3950 καὶ
2987 3896 3131 3951 οὕτω
3159 3899 3228 3952 τά
3254 3895 3419 3952 λοιπὰ
3455 3899 3595 3970 μέλη
3628 3898 3716 3968 τῆς
3730 3896 3871 3958 κακίας

2371 3990 2616 4059 ἀλλήλων
2650 3990 2883 4060 ἐχόμενά
2909 3992 3066 4045 εἰσιν.

2443 4093 2538 4146 ΙΖ’.
2575 4094 2690 4146 Πᾶν
2731 4094 2865 4163 ὅπερ
2904 4093 2970 4147 ἂν
3004 4097 3131 4166 ποιῇ
3178 4096 3344 4150 καλὸν
3388 4097 3419 4150 ό
3481 4097 3763 4168 ἄνθρωπος,

2370 4183 2496 4237 λοῦν
2526 4184 2659 4238 αὐτὸ
2686 4184 2780 4236 καὶ
2810 4185 3189 4253 καταμιαίνειν
3237 4189 3266 4239 ὁ
3313 4188 3560 4258 πονηρὸς
3594 4191 3654 4258 τῇ
3687 4186 3869 4254 ἐπιμιξῖἕ

2369 4275 2476 4328 τῶν
2518 4275 2710 4328 ἑαυτοῦ
2749 4277 3082 4347 σπερμάτων
3129 4277 3394 4346 βούλεται’
3422 4273 3542 4333 οἷον
3587 4280 3679 4349 τῆς
3722 4276 3873 4332 κενιὼ-

2376 4368 2518 4434 ξίας,
2545 4369 2647 4438 τῆς
2677 4368 2928 4438 οἰήσεως,
2965 4367 3076 4421 εἴτε
3115 4369 3222 4439 μὴν
3278 4371 3371 4423 καὶ
3395 4370 3497 4423 τοῦ
3533 4368 3820 4438 γογγυσμώ1
3849 4368 3868 4433 ἦ

695 4442 817 4496 rius
844 4444 1054 4510 talium,
1080 4456 1140 4500 ut
1173 4464 1283 4503 non
1313 4461 1538 4520 propter
1565 4454 1735 4508 Deum
1764 4457 1965 4522 solum,
2005 4475 2108 4514 nec
2144 4471 2267 4515 tan-

2299 4487 2343 4543 D
2371 4461 2559 4530 ἐτέρου
2589 4460 2733 4523 τινὸς
2764 4459 2874 4512 τῶν
2901 4461 3196 4514 τοιούτων·
3224 4461 3291 4514 ἵν’
3316 4463 3349 4532 ἦ
3384 4463 3462 4534 μὴ
3489 4464 3581 4516 διὰ
3601 4463 3718 4515 Θεὸν
3746 4461 3869 4531 μόνω,

700 4543 815 4586 tum
843 4550 911 4588 ex
945 4538 1162 4592 sincero
1194 4542 1394 4596 mentis
1417 4545 1706 4612 proposito
1749 4547 1964 4605 bonum.
1984 4567 2124 4620 opus
2151 4552 2264 4606 ﬁat.

695 4623 974 4695 Scriptum
1015 4641 1100 4684 est
1141 4633 1288 4685 enim
1316 4651 1331 4687 :
1363 4635 1589 4690 Abelem
1627 4639 1892 4695 obtulisse
1935 4643 2265 4698 sacriﬁcium

696 4718 809 4773 Deo
829 4719 893 4772 de
917 4721 1156 4792 adipibus
1181 4732 1231 4776 et
1259 4725 1323 4778 de
1346 4729 1704 4798 primogenita
1731 4725 1903 4786 ovium
1918 4733 1964 4764 δ’
1993 4752 2007 4787 :
2032 4734 2264 4790 Cainum

690 4823 913 4878 quoque
937 4812 1192 4867 similiter
1222 4815 1365 4870 dona
1397 4817 1665 4873 obtulisse
1707 4819 1775 4875 de
1819 4822 2089 4879 fructibus
2138 4826 2264 4896 qui-

693 4900 819 4954 dem
850 4912 1028 4966 terrae,
1058 4904 1154 4956 sed
1188 4920 1297 4959 non
1328 4923 1359 4960 e
1397 4909 1593 4977 primis
1635 4920 1726 4964 aut
1753 4913 1996 4981 optimis.
2033 4915 2101 4969 Et
2135 4932 2264 4986 pro-

690 5001 882 5062 pterea
929 4995 1099 5048 Deum
1144 4999 1451 5067 respexisse
1496 5003 1563 5056 ad
1620 5005 1890 5059 sacriﬁcia
1935 5007 2157 5071 Abelis,
2195 5008 2262 5062 ad

689 5085 849 5141 Caini
883 5099 1066 5143 autem
1103 5106 1332 5146 munera
1366 5109 1473 5149 non
1515 5098 1835 5154 attendisse.
1869 5100 2000 5154 lnde
2046 5100 2262 5157 discere

691 5177 959 5234 debemus
989 5173 1342 5254 contingere'
1355 5203 1534 5256 posse,
1563 5205 1619 5244 ut
1644 5191 1863 5261 aliquod
1917 5193 2121 5248 bonum
2152 5210 2264 5250 non

691 5270 833 5326 bene
869 5273 1001 5328 ﬁat:
1029 5283 1158 5357 puta
1182 5277 1228 5332 si
1251 5278 1343 5333 ﬁat
1381 5282 1720 5352 negligenter
1761 5295 1856 5340 aut
1878 5289 2261 5358 contemptim,

690 5362 867 5418 aliove
892 5354 1033 5420 vitio
1056 5368 1345 5436 submisto,
1388 5381 1443 5426 et
1473 5390 1582 5428 non
1613 5391 1760 5431 mere
1786 5386 2010 5449 propter
2039 5379 2209 5434 Deum
2245 5399 2258 5435 :

691 5468 759 5508 ex
800 5471 914 5525 quo
949 5459 1137 5516 evenit
1207 5472 1269 5520 ut
1323 5473 1540 5535 gratum
1597 5467 1653 5523 id
1700 5480 1758 5525 et
1810 5483 2096 5542 acceptum
2150 5474 2260 5529 Deo

691 5561 804 5603 non
832 5549 928 5604 sit.

765 5721 812 5756 ⁸⁷
833 5721 968 5781 Gen.
998 5743 1070 5796 ιν,
1098 5728 1151 5784 ι.

2369 4552 2402 4622 ἢ
2441 4550 2514 4622 μὴ
2539 4554 2602 4604 ἐκ
2627 4550 2936 4623 προθυμίας
2987 4551 3049 4604 τὸ
3102 4552 3388 4622 γινόμενον
3450 4554 3658 4618 ἀγαθὸν
3693 4554 3868 4620 γένηται.

2366 4644 2682 4714 Γέγραπται
2731 4645 2840 4715 γὰρ
2895 4645 2989 4698 τὸν
3022 4644 3189 4697 ’Λϐελ
3228 4640 3623 4715 προσενεγκεῖν
3659 4640 3870 4710 Θυσίσντῷ

2367 4736 2486 4807 Θεῷ
2506 4735 2624 4789 ἀπὸ
2653 4735 2772 4788 τῶν
2799 4735 3089 4802 στεᾲτων,
3119 4737 3220 4791 καί
3271 4738 3390 4790 ἀπὸ
3419 4737 3543 4791 τῶν
3558 4737 3871 4808 πρωτοτόκων

2363 4827 2483 4881 τῶν
2547 4827 2884 4894 προϐάτων
2950 4827 3044 4881 καὶ
3094 4829 3184 4883 τὸν
3245 4831 3384 4882 Κάῖν
3433 4830 3494 4883 δὲ
3547 4831 3733 4902 ὁμοίως
3774 4826 3871 4895 ὂὼρα

2363 4925 2749 4992 προσενεγκεῖν
2783 4921 2891 4975 ἀπὸ
2941 4920 3050 4974 τῶν
3081 4922 3310 4992 καρπῶν
3345 4923 3446 4992 μὲν
3505 4923 3608 4992 τῆς
3656 4925 3770 4991 γῆς,
3795 4915 3871 4971 ἀλλ’

2363 5013 2462 5065 οὐκ
2501 5013 2608 5066 ἀπὸ
2659 5013 2768 5065 τῶν
2813 5012 3072 5084 πρώτωνο
3100 5014 3195 5067 καὶ
3241 5012 3330 5066 διὰ
3381 5013 3542 5067 τοῦτο
3575 5016 3663 5066 ἐπὶ
3691 5013 3771 5084 μὲν
3796 5011 3873 5067 ui;

2365 5104 2579 5167 θυσίαις
2617 5104 2713 5157 τοῦ
2771 5105 2940 5158 ’Ἅϐελ
2977 5105 3182 5159 ἐπιδεῖν
3245 5105 3338 5160 τὸν
3383 5106 3522 5160 Θεόν
3549 5123 3565 5139 ο
3598 5108 3684 5160 ἐπὶ
3729 5106 3776 5158 δὲ
3800 5104 3876 5161 mi;

2363 5197 2560 5269 δώροις
2590 5199 2685 5250 τοῦ
2723 5198 2862 5251 Κάῖν
2895 5197 2972 5269 μὴ
3008 5203 3288 5271 προσχεῖν.
3353 5200 3449 5253 Ἐκ
3512 5201 3697 5254 τούτου
3729 5193 3874 5268 μανθά-

2366 5308 2477 5345 νειν
2507 5290 2722 5360 ἔχομεν,
2751 5291 2831 5344 ὃτι
2860 5291 2976 5344 ἐστι
3027 5309 3079 5344 τι
3113 5291 3279 5346 καλὸν
3332 5293 3407 5362 μὴ
3442 5294 3667 5362 ποιῆσαι
3710 5287 3873 5346 καὶ-ὦς·

2367 5375 2479 5434 οἷον
2507 5381 2728 5452 ἀμελῶς
2780 5381 2812 5451 ἢ
2842 5381 3330 5453 καταφρονητικῶς
3357 5382 3390 5452 ἢ
3426 5381 3498 5435 δι’
3527 5379 3714 5451 ἕτερόν.
3730 5393 3788 5437 τι,
3811 5370 3875 5425 καὶ

2365 5473 2426 5526 οὐ
2461 5472 2548 5526 διὰ
2581 5473 2712 5526 Θεόν
2742 5488 2757 5502 ·
2814 5473 2912 5526 καὶ
2951 5475 3102 5544 παρά
3153 5471 3313 5528 τοῦτο
3373 5473 3663 5545 συμϐαίνει
3693 5464 3876 5540 γίνεσθαι

2369 5561 2444 5636 μὴ
2467 5563 2797 5636 πρόσδεκτον
2827 5563 2908 5636 τῷ
2937 5563 3080 5636 Θεῷ.
