4044 6506
136 341 234 406 853

1342 347 1575 409 LIBER
1613 347 1714 409 DE
1749 347 2159 413 ORATIONE.

3268 352 3379 419 854

274 763 1462 943 ΜΑΚΑΡΙΟΥ
1588 772 2029 944 ΤΟΥ
2154 770 3259 949 ΜΕΓΑΛΟΥ

1262 1066 1521 1152 ΠΕΡΙ
1591 1060 2263 1155 ΠΡΟΣΕΥΧΗΣ

1610 1250 1917 1308 ΛΟΓΟΣ.

875 1576 1036 1651 ³⁷η
1104 1577 1892 1735 MACARII
2038 1573 2650 1734 MAGNI

1308 1866 1469 1968 DE
1568 1867 2223 1973 ORATIONE

1598 2081 1909 2144 LIBER.

206 2403 288 2459 A'.
317 2398 632 2471 Κεφάλαιον
668 2399 848 2470 πάσης
884 2398 1096 2471 ἀγαθῆς
1134 2399 1391 2471 σπουδῆς,
1430 2400 1525 2454 καὶ
1546 2417 1711 2469 κορυ-

1879 2404 1920 2460 I.
1964 2400 2141 2473 Caput
2186 2402 2367 2456 omnis
2404 2400 2535 2457 boni
2595 2399 2765 2456 studii
2814 2408 2871 2456 et
2922 2410 3112 2457 vertex
3155 2420 3386 2474 operum

141 2496 213 2565 φὴ
247 2494 359 2547 τῶν
404 2490 844 2561 κατορθωμάτων
914 2491 947 2558 ἡ
1000 2490 1305 2561 προσευχῆς
1358 2492 1476 2543 ἔστι
1540 2507 1713 2561 προσ-

140 2586 324 2656 εδρεία
349 2628 364 2652 ,
396 2586 463 2639 δι’
486 2580 553 2657 ἦς
606 2584 700 2637 καὶ
728 2582 836 2636 τῶν
864 2582 1037 2637 ἄλλων
1086 2584 1142 2637 ἐν
1186 2584 1377 2654 κτήσει
1414 2582 1711 2653 γινόμεθα,

138 2678 231 2731 τοῦ
288 2675 625 2746 καλουμένου
681 2677 838 2745 χεῖρα
886 2673 1148 2745 συνεργὸν
1182 2675 1569 2744 ὲπορέγοντοςο
1620 2674 1715 2728 καὶ

143 2766 249 2838 γὰρ
283 2767 541 2821 κοινωνία.
590 2766 690 2835 τῆς
750 2768 1015 2836 μυστικῆς
1057 2767 1358 2837 ἐνεργείας,
1408 2768 1506 2821 καὶ
1587 2785 1717 2822 συν-

143 2859 311 2928 άφεια
340 2857 634 2920 διαθέσεως
666 2857 763 2926 τῆς
788 2856 924 2926 πρὸς
954 2856 1085 2908 Θεὸν
1115 2856 1519 2927 ἁγιότητος,καὶ
1550 2858 1714 2911 αὐτοῦ

140 2950 233 3003 τοῦ
254 2949 349 3003 νοῦ
386 2949 455 3001 δι’
495 2949 717 3019 ἀγάπης
746 2949 987 3019 ἀρρήτου
1018 2949 1155 3019 πρὸς
1187 2949 1408 3020 Κύριον,
1437 2952 1494 3003 ὲν
1526 2952 1591 3020 τῇ
1624 2950 1717 3001 εύ-

145 3045 213 3114 χῇ
262 3044 379 3106 τοίς
458 3042 901 3111 καταξιουμένοις
956 3043 1203 3110 γίνεται’
1264 3042 1537 3109 Ἐδωκας
1574 3045 1714 3115 γὰρ,

150 3134 334 3202 φησὶν,
358 3134 750 3202 εὐφροσύνην
769 3136 857 3201 εὶς
876 3135 991 3197 τὴν
1011 3135 1266 3202 καρδίαν
1280 3152 1419 3203 μου·
1442 3137 1539 3188 καὶ
1554 3134 1717 3198 αὐτὸς

142 3222 199 3275 δὲ
228 3224 255 3275 ὁ
290 3222 500 3293 Κύριος
527 3239 540 3253 ·
606 3222 668 3277 Ἠ
706 3223 996 3287 ,βασιλεία
1027 3220 1300 3290 οὐρανῶν
1329 3223 1502 3289 ἐντὸς
1548 3221 1716 3293 ὑμῶν

140 3312 295 3365 ἐστι.
358 3313 435 3364 Τὸ
477 3312 533 3364 δὲ
580 3312 730 3376 ἐντὸς
762 3308 900 3365 εἶναι
929 3311 1027 3381 τὴν
1053 3310 1353 3381 βασιλείαν,
1400 3310 1454 3363 τί
1497 3310 1564 3363 ἂν
1590 3309 1716 3363 ἄλλο

137 3404 337 3473 δηλοῦν
368 3403 479 3474 εἴη,
510 3404 543 3473 ἦ
577 3403 674 3473 τὴν
715 3403 809 3456 τοῦ
865 3402 1178 3472 [Ινεύματος
1224 3402 1475 3472 οὐράνιον
1516 3402 1716 3472 εὐφρο-

139 3493 315 3563 σύνην
343 3496 469 3557 ταῖς
497 3494 674 3559 ἀξίαις
712 3493 911 3563 ψυχαῖς
957 3492 1202 3563 ἐναργῶς
1256 3493 1715 3563 ὲνσημαίνεσθαις

131 3587 234 3656 τῆς
268 3583 633 3647 ἀπολαύσεως
662 3583 770 3653 γάρ
803 3600 861 3636 τε
899 3584 993 3636 καὶ
1022 3586 1195 3654 χαρᾶς
1217 3584 1309 3636 καὶ
1341 3585 1439 3653 τῆς
1470 3585 1527 3636 ἐν
1557 3584 1720 3638 πνεύ-

136 3693 272 3745 ματι
308 3673 677 3744 εὐφροσύνης,
704 3669 771 3744 ἦς
808 3674 866 3725 ὲν
901 3672 1042 3741 φωτὶ
1076 3673 1278 3741 αἰωνίῳ
1300 3674 1349 3726 oi
1390 3673 1537 3741 ἆγιοι
1560 3676 1619 3727 ἐν
1648 3675 1716 3744 τῇ

1818 2493 2088 2549 bonorum
2140 2494 2431 2548 assiduitas
2474 2494 2745 2548 orationis
2791 2502 2907 2557 est,
2960 2508 3059 2563 per
3111 2511 3274 2565 quam
3335 2496 3391 2551 in

1819 2583 2052 2637 aliorum
2084 2582 2488 2652 possessionem
2520 2581 2793 2635 bonorum
2822 2582 3160 2647 inducimur,
3196 2600 3264 2639 eo
3296 2586 3393 2655 qui

1820 2691 1922 2729 nos
1947 2675 2015 2729 ad
2044 2691 2107 2729 ea
2146 2686 2328 2739 vocat,
2354 2690 2575 2730 manum
2605 2675 3035 2743 cooperatricem
3060 2676 3393 2747 porrigente.

1822 2764 2038 2819 Etenim
2072 2764 2497 2819 communicatio
2519 2779 2729 2820 arcana:
2752 2763 3011 2819 eﬂicaciae
3038 2775 3093 2820 et
3124 2768 3398 2823 connexio

1822 2855 2147 2910 intentionis
2174 2857 2228 2909 in
2258 2857 2550 2911 sanctitate
2594 2857 2863 2913 adversus
2887 2859 3082 2923 Deum,
3112 2859 3397 2930 ipsiusque

1823 2947 2022 3000 mentis
2051 2963 2148 3017 per
2182 2947 2542 3012 ineffabilem,
2569 2964 2679 3017 quo
2715 2948 2894 3004 fertur
2922 2965 3051 3020 erga
3080 2951 3396 3017 Dominum,

1822 3052 2089 3101 amorem,
2123 3037 2179 3090 in
2218 3038 2467 3093 oratione
2495 3039 2584 3102 iis,
2619 3039 2712 3108 qui
2738 3040 2889 3109 digni
2916 3041 3263 3109 judicantur,
3296 3044 3400 3097 ob-

1822 3129 2055 3183 veniunt
2078 3147 2090 3183 :
2118 3129 2319 3185 Dedisti
2345 3130 2514 3196 enim,
2543 3131 2641 3196 ait,
2675 3131 2917 3186 laetitiam
2944 3135 2999 3187 in
3019 3136 3179 3198 corde
3203 3152 3314 3190 meo
3329 3137 3398 3203 ι’,

1822 3227 1880 3274 et
1908 3219 2024 3289 ipse
2051 3219 2188 3275 dicit
2216 3220 2483 3275 Dominus
2516 3238 2530 3273 :
2566 3220 2807 3292 Regnum
2850 3223 3100 3278 caelorum
3134 3227 3281 3281 intra
3311 3244 3400 3283 vos

1825 3320 1899 3366 est
1920 3314 1985 3367 ⁸ο.
2014 3313 2150 3368 Nam
2185 3313 2332 3367 intra
2362 3328 2463 3367 nos
2494 3327 2615 3368 esse
2654 3328 2906 3384 regnum,
2938 3316 3072 3385 quid
3121 3317 3270 3373 aliud
3299 3334 3404 3388 pu-

1825 3414 2005 3460 temus
2026 3405 2356 3476 signiﬁcare,
2382 3421 2545 3476 quam
2583 3406 2863 3462 caelestem
2896 3408 3139 3475 laetitiam
3164 3407 3404 3479 Spiritus

1826 3495 2002 3550 sancti
2035 3496 2325 3552 animabus
2352 3496 2532 3567 dignis
2556 3497 2899 3552 sensibiliter
2923 3497 3224 3551 immissam
3244 3497 3404 3552 esse?

1826 3586 2131 3641 Fruitionis
2192 3586 2465 3657 siquidem
2525 3596 2582 3642 et
2647 3587 2832 3657 gaudii
2891 3588 3204 3657 laetitiaeque
3254 3589 3403 3643 illius

1828 3678 2152 3747 spiritualis,
2186 3693 2351 3748 quam
2382 3677 2437 3731 in
2468 3677 2592 3733 luce
2624 3687 2829 3733 aeterna
2870 3678 3045 3734 sancti
3090 3679 3146 3733 in
3196 3678 3401 3735 Christi

128 3766 227 3819 τοῦ
265 3765 519 3835 Χριστοῦ
555 3764 840 3835 μεθέξουσι
890 3763 1157 3833 βασιλείᾳ,
1191 3764 1395 3831 ταύτης
1428 3764 1519 3818 τὸν
1547 3766 1716 3837 appa-

1826 3783 1995 3839 regno
2028 3768 2383 3838 participant,
2410 3768 2630 3822 arrham
2660 3768 2812 3823 velut
2841 3769 3134 3838 quamdam
3173 3779 3229 3824 et
3256 3784 3400 3841 pra:-

131 3856 310 3921 ϐῶνα,
360 3857 459 3909 καὶ
493 3856 562 3908 τὰ
600 3854 862 3926 προοίμια
912 3854 1162 3907 ἐντεῦθεν
1203 3856 1303 3926 ἤδη
1357 3857 1411 3908 αἱ
1456 3854 1603 3921 ἄξιαι
1630 3855 1717 3907 διὰ

126 3950 228 4018 τῆς
260 3948 363 4001 τοῦ
398 3949 537 4001 Πνεύ
548 3962 713 4017 ματος
738 3946 991 4017 ἐνεργοῦς
1011 3950 1292 4010 κοινωνίας
1314 3946 1483 4016 ψυχαὶ
1508 3946 1719 4015 λαμϐά-

126 4058 321 4095 νουσιν
349 4057 364 4069 ’
409 4039 480 4093 ἸΙ
504 4038 715 4107 καρδιά
734 4057 853 4107 μου
878 4038 1007 4107 γὰρ,
1032 4038 1192 4107 φησὶ,
1231 4038 1325 4090 καὶ
1354 4038 1392 4105 ἠ
1420 4036 1576 4104 σάρξ
1598 4053 1718 4105 μου

124 4134 601 4203 ἡγαλλιάσαντο
640 4133 737 4187 ἐπὶ
789 4134 936 4188 Θεὸν
983 4133 1198 4194 ζῶντιν
1234 4134 1327 4187 καὶ
1356 4131 1417 4185 τό
1453 4149 1468 4162 ο
1512 4134 1608 4198 Ὡς
1649 4131 1719 4185 ἐκ

124 4227 401 4292 στέατος
430 4227 527 4279 καὶ
566 4228 845 4293 πιότητος
877 4224 1251 4294 ἐμπλησθείη
1299 4224 1337 4291 ή
1372 4224 1539 4293 ψυχή
1570 4240 1712 4291 μουο

123 4320 222 4371 καὶ
258 4321 332 4371 τὰ
368 4318 584 4389 συνῳδὰ
615 4318 844 4380 τούτοις,
878 4319 957 4381 εἰς
990 4317 1185 4369 ταυτὸν
1218 4316 1461 4385 φέρουσι,
1491 4316 1585 4367 καὶ
1617 4316 1717 4385 τὴν

122 4412 222 4463 τοῦ
260 4410 595 4480 Πνεύματος
625 4409 847 4482 ἐνεργὸν
873 4407 1214 4477 εὐφροσύνην
1244 4407 1335 4460 καὶ
1373 4405 1719 4477 παράκλησιν

125 4502 581 4557 ὐπαινίττονται.

192 4597 276 4651 Β’.
315 4596 545 4662 Ὠσπερ
571 4594 754 4664 μεῖζον
780 4593 887 4646 τῶν
924 4592 1097 4646 ἄλλων
1118 4591 1179 4644 τὸ
1220 4589 1319 4660 τῆς
1344 4588 1510 4659 εύχῆς
1536 4586 1718 4656 ἔργον,

116 4691 268 4743 οὕτω
332 4687 591 4750 πλείονος
638 4687 720 4740 δεῖ
770 4686 865 4738 κα)⁹
913 4683 1181 4755 μερίμνης
1242 4681 1321 4751 τῷ
1370 4680 1507 4751 πρὸς
1552 4678 1721 4748 αὐτὴν

115 4784 306 4852 ἔχοντι
334 4799 350 4811 ο
402 4780 590 4849 μήπου
630 4777 838 4848 κλοπήν
880 4793 1000 4829 τινα
1028 4774 1180 4844 παρὰ
1208 4774 1308 4842 τῆς
1352 4771 1551 4835 κακίας
1582 4771 1720 4824 ύπο-

117 4875 327 4945 μείνας
360 4871 533 4942 λάϐῃ.
569 4864 662 4932 Οἷς
708 4868 818 4939 γὰρ
866 4866 1110 4938 μείζονος
1155 4862 1360 4933 ἀγαθοῦ
1405 4862 1719 4933 ἐπιμέλεια,

118 4969 345 5037 μείζονι
392 4964 496 5016 καὶ
529 4963 557 5013 ὁ
584 4962 818 5032 πονηρὸς
862 4963 927 5031 τῇ
977 4959 1143 5030 πείρᾳ
1174 4956 1500 5027 προσϐάλλει
1527 4974 1541 4989 ο
1577 4955 1721 5009 ὥστε

1822 3856 2143 3911 libationem
2193 3857 2308 3926 jam
2342 3855 2494 3911 ,hinc
2544 3855 2722 3926 dignae
2774 3856 2841 3910 ad
2890 3857 2994 3911 hoc
3038 3857 3251 3913 eﬂ‘ectte
3302 3873 3405 3928 per

1822 3947 2058 4015 gratiose
2092 3947 2555 4001 communicatam
2584 3947 2718 4017 ipsis
2748 3949 3129 4018 operationem
3164 3948 3403 4018 Spiritus

1823 4041 2018 4094 anima:
2066 4038 2364 4109 accipiunt.
2397 4038 2501 4095 Cor
2538 4041 2717 4103 enim,
2753 4040 2954 4110 inquit,
2986 4058 3159 4095 meum
3196 4049 3244 4094 et
3274 4059 3400 4095 caro

1822 4146 1939 4183 mea
1970 4130 2366 4184 exsultaverunt
2402 4132 2457 4183 in
2484 4130 2647 4183 Deum
2673 4133 2845 4185 vivum
2862 4114 3028 4187 ⁸⁸³.Ἐι
3052 4132 3189 4187 illud
3216 4150 3230 4186 :
3256 4131 3401 4188 Sicut

1823 4222 1979 4290 adipe
2014 4229 2064 4274 et
2092 4222 2407 4291 pinguedine
2447 4220 2716 4290 repleatur
2753 4222 2935 4276 anima
2995 4240 3111 4276 mea
3133 4223 3200 4277 ⁸⁸.
3231 4223 3300 4278 Et
3332 4224 3401 4278 iis

1822 4326 2084 4375 consona,
2134 4311 2188 4364 in
2236 4310 2382 4365 idem
2425 4310 2681 4375 tendunt,
2728 4320 2784 4366 et
2834 4310 3112 4368 elIicaccm
3162 4313 3400 4385 Spiritus

1821 4402 2019 4456 animae
2065 4400 2310 4456 laetitiam
2345 4410 2402 4457 et
2443 4402 2877 4458 consolationem
2917 4404 3186 4462 indicant.

1893 4594 1959 4648 ll.
2002 4594 2073 4650 Ut
2109 4596 2463 4665 praestantius
2498 4596 2712 4651 caeteris
2760 4606 2845 4653 est
2901 4614 3045 4669 opus
3095 4601 3398 4668 orationis;

1824 4682 1899 4737 ita
1934 4685 2128 4755 majori
2162 4700 2303 4755 opus
2330 4686 2495 4742 habet
2538 4687 2937 4753 sollicitudine,
2978 4691 3074 4759 qui
3108 4691 3162 4745 in
3210 4692 3265 4746 id
3312 4693 3402 4748 in-

1823 4776 2070 4833 cumbit:
2101 4792 2171 4831 ne
2195 4793 2300 4846 qua
2338 4777 2416 4831 illi
2465 4778 2729 4847 subrepat
2779 4795 2811 4833 a
2863 4780 3071 4835 malitia
3123 4782 3399 4851 deceptio.

1823 4868 1958 4923 Nam
1990 4882 2099 4937 quo
2128 4869 2363 4937 quisque
2401 4869 2628 4939 majoris
2658 4869 3003 4938 adipiscendi
3043 4871 3177 4926 boni
3209 4887 3400 4930 curam

1824 4961 2104 5030 concipit,
2156 4976 2223 5015 eo
2278 4960 2471 5031 majori
2522 4961 2773 5016 diabolus
2824 4970 3025 5017 conatu
3074 4966 3125 5017 ei
3182 4965 3402 5022 obstare

115 5059 338 5128 πολλῆς
398 5055 554 5124 αύτῷ
593 5053 775 5123 δεήσει
821 5053 920 5121 τῆς
964 5052 1197 5120 νήψεως,
1238 5049 1324 5102 ἵνα
1368 5052 1463 5102 καί⁸
1520 5049 1716 5120 μᾶλλον

1826 5051 2129 5107 contendit.
2181 5050 2361 5116 Quare
2413 5052 2644 5106 multam
2690 5068 2817 5107 eum
2856 5054 3122 5110 adhibere
3172 5071 3401 5113 necesse

112 5152 338 5220 καρποὶ
377 5149 627 5216 ἀγάπης,
654 5150 745 5199 καὶ
774 5142 1298 5213 ταπεινοφροσύνης,
1324 5142 1626 5211 ἁπλότητός
1660 5158 1716 5193 τε

1822 5142 1930 5196 erit
1972 5142 2334 5211 vigilantiam,
2368 5152 2427 5197 ut
2461 5143 2674 5198 fructus
2702 5144 3010 5211 charitatis,
3049 5146 3397 5213 humilitatis,

112 5243 214 5295 καὶ
270 5238 666 5308 ἁγαθότητος,
734 5235 824 5288 καὶ
893 5234 1251 5304 διακρίσεως,
1308 5232 1575 5302 ὁσημέραι
1647 5229 1716 5299 τῷ

1827 5234 2213 5304 simplicitatis,
2244 5234 2527 5301 bonitatis,
2570 5235 2923 5293 discretionis
2948 5252 2978 5292 e
3012 5238 3243 5307 patienti
3273 5254 3403 5293 ora-

110 5334 457 5404 παραμὸνῳ
494 5332 591 5399 τῆς
632 5330 797 5401 εὐχῆς
842 5328 1211 5396 ἀναιρύωνται,
1257 5324 1351 5376 καὶ
1406 5323 1571 5376 αὑτοῦ
1625 5323 1716 5395 μὲν

1828 5326 1995 5381 tionis
2025 5325 2239 5380 cultura
2269 5325 2372 5394 ipsi
2414 5325 2563 5395 pleni
2599 5327 2907 5397 uberesque
2940 5329 3349 5398 progerminent
3381 5346 3398 5384 :

113 5425 384 5499 φανερὰν
444 5423 542 5493 τὴν
577 5422 671 5475 ἐπὶ
724 5422 792 5474 τὰ
854 5419 973 5473 θεῖα
1019 5418 1303 5490 προκοπὴν
1358 5417 1450 5469 καὶ
1484 5416 1716 5469 ἐπίδοσιν

1824 5418 2109 5488 ipsiusque
2129 5416 2483 5487 perspicuum
2521 5417 2577 5471 in
2625 5417 2814 5473 divina
2867 5433 3215 5490 progressum
3267 5436 3426 5490 pro-v

110 5518 477 5585 καθιστῶσι,
512 5516 637 5581 τοὺς
664 5515 854 5579 ἄλλους
886 5513 942 5569 δὲ
971 5516 1049 5578 εἰς
1085 5514 1177 5567 τὸν
1220 5513 1332 5565 ἴσον
1360 5510 1516 5583 ζῆλον
1540 5526 1721 5581 παρα-

113 5612 409 5665 καλῶσιν.

1823 5512 2141 5580 ἱοοιιιιηίιυο
2188 5508 2620 5565 demonstrent:
2660 5509 2852 5581 sicque
2910 5511 3048 5569 alios
3110 5512 3180 5568 ad
3250 5509 3400 5583 paris

1823 5601 2230 5656 aemulationem
2254 5601 2423 5657 studii
2442 5611 2759 5674 provocent.

188 5766 239 5799 ⁸³
256 5762 428 5822 Psal.
467 5777 539 5829 tv,
575 5762 629 5817 ἴ.
704 5762 747 5795 δ’
768 5761 903 5819 Luc.
940 5777 1070 5827 xvn,
1099 5759 1189 5815 9.1.
1266 5762 1307 5794 ⁸ο
1335 5760 1475 5816 Psal.
1514 5775 1710 5830 LXXXII,

1875 5760 1917 5794 “
1942 5759 2084 5817 Psal.
2128 5775 2258 5825 Lm,
2291 5759 2344 5816 6.
