4044 6562
679 395 787 459 855

1924 385 1986 447 S.
2027 382 2345 445 MACARII
2384 380 2704 442 IEGYPTII
3776 385 3844 449 δῖε

754 506 848 562 lll.
889 504 1022 561 Sine
1040 504 1451 562 intermissione
1474 502 1743 560 orandum
1760 510 1818 557 et
1840 506 2266 571 perseveranter

2340 560 2347 569 .
2440 494 2515 551 Γ.
2579 492 2972 556 Ἀδιαλείπτως
3023 489 3303 563 εὖχεσθαι,
3358 492 3454 547 καὶ
3504 508 3847 572 προσκαρτερεῖν

687 596 1055 653 insistendum
1134 596 1371 651 orationi
1435 610 1596 660 esse,
1641 602 1699 649 et
1749 592 1971 648 divinus
2028 591 2264 661 Apostoo

689 690 779 744 lus
800 690 867 754 ⁸¹,
900 696 955 743 et
989 688 1165 757 ipsius
1191 686 1409 741 Domini
1447 685 1730 740 oraculum
1769 682 2039 754 praecipit,
2074 682 2265 736 dicen-

693 781 767 834 tis
798 797 812 833 :
846 778 1058 844 Quanto
1085 779 1251 849 magis
1278 777 1414 830 Deus
1435 777 1590 847 faciet
1612 776 1893 829 vindictam
1916 773 2267 828 clamantium

694 868 765 921 ad
792 884 848 921 se
873 868 957 919 die
986 884 1048 919 ac
1084 873 1232 919 nocte
1252 865 1324 918 “l
1359 865 1427 918 Et
1466 863 1598 917 illud
1633 880 1645 915 :
1684 862 1904 933 Vigilate
1943 871 1990 915 et
2023 870 2171 915 orate
2196 861 2264 914 ⁸⁵.

693 955 923 1025 Oportet
950 955 1119 1023 igitur
1146 953 1349 1023 ubique
1375 967 1535 1006 orare
1562 969 1574 1005 :
1600 966 1703 1006 nec
1741 966 1982 1021 unquam
2009 960 2269 1004 conatum

695 1046 1003 1102 remittere.
1033 1044 1249 1111 Quanto
1289 1055 1473 1099 autem
1502 1043 1811 1113 capitalius,
1863 1042 1960 1112 qui
2007 1056 2269 1112 perseve-

697 1158 820 1198 rare
851 1144 906 1199 in
936 1140 1187 1195 oratione
1211 1138 1479 1205 decrevit,
1508 1154 1649 1209 opus
1672 1152 1963 1209 aggressus
1992 1143 2094 1202 est,
2118 1144 2270 1191 tanto

696 1239 876 1306 ipsum
902 1236 1026 1306 plus
1067 1232 1386 1289 certaminis
1414 1233 1718 1303 suscipere,
1773 1239 2038 1300 tantoque
2099 1230 2272 1301 magis

697 1328 753 1383 id
787 1344 913 1383 eum
962 1327 1029 1382 ad
1073 1336 1381 1381 extremum
1412 1324 1721 1394 perducere
1754 1330 1992 1393 oportet,
2023 1337 2090 1377 eo
2123 1319 2271 1391 quod

695 1418 1125 1489 perseverantia:
1150 1416 1420 1472 orationis
1446 1415 1617 1469 multa
1654 1413 1847 1485 objicit
1880 1412 2275 1483 impedimenta

697 1510 962 1580 pravitas,
996 1524 1270 1572 somnum,
1301 1506 1571 1571 acediam,
1594 1505 1813 1575 pondus
1834 1505 2105 1574 corporis,
2128 1504 2275 1575 cogi-

698 1604 973 1657 tationum
1017 1601 1387 1660 aversionem.
1430 1598 1634 1653 mentis
1667 1597 2115 1662 instabilitatem,
2160 1598 2278 1652 lan-

698 1708 928 1765 guorem
966 1702 1021 1747 et
1054 1692 1265 1761 reliqua
1297 1690 1519 1745 malitim
1571 1690 1775 1745 studia.
1804 1690 2079 1745 Praeterea
2136 1688 2276 1743 allli-

697 1786 911 1840 ctiones
967 1792 1023 1839 et
1064 1784 1311 1854 ipsorum
1358 1783 1631 1836 malorum
1680 1780 1991 1836 daemonum
2040 1780 2279 1835 insultus

698 1875 1060 1929 vehementer
1086 1873 1528 1944 impugnantium
1567 1886 1690 1935 nos,
1727 1878 1784 1925 et
1825 1871 1982 1941 175
2036 1871 2186 1925 omni
2223 1870 2277 1924 vi

2340 1872 2354 1925 ι
2381 1884 2823 1954 καθισταμένων,
2848 1884 2945 1936 καὶ
2987 1881 3376 1954 προσεγγίζειν
3421 1884 3500 1954 τῷ
3539 1885 3777 1955 Χριστῷδ

696 1966 1060 2032 obstantium,
1094 1981 1164 2020 ne
1197 1965 1640 2035 apprOpinquare
1661 1963 1886 2019 Christo
1907 1964 2274 2019 valeatDeum

694 2068 820 2131 post
862 2059 1155 2114 veritatem
1188 2058 1531 2113 incessanter
1556 2072 1809 2127 quaerens
1853 2057 2056 2113 anima.

766 2167 857 2222 IV.
918 2164 1080 2220 Omni
1134 2164 1319 2219 studio
1379 2174 1544 2233 atque
1600 2164 1924 2235 vigilantia,
1972 2142 2274 2235 longanimi

695 2257 964 2327 patientia
995 2256 1415 2325 certamineque
1456 2256 1653 2310 animm
1708 2272 1773 2311 ac
1816 2256 2005 2312 labore
2028 2256 2277 2327 corporis

697 2356 917 2420 oportet
948 2364 1096 2413 eum,
1140 2348 1237 2418 qui
1285 2349 1524 2403 orationi
1558 2348 1853 2419 diligenter
1899 2364 2096 2404 vacare
2145 2364 2279 2405 con-

696 2438 897 2504 tendit,
925 2439 1162 2493 viriliter
1190 2453 1375 2508 agere,
1413 2438 1551 2493 nihil
1609 2453 1854 2509 unquam
1899 2439 2277 2495 remittentem

697 2530 767 2586 de
812 2529 1033 2596 ardore,
1077 2545 1183 2585 nec
1230 2530 1517 2584 cedentem
1568 2529 2029 2585 distractionibus
2065 2531 2276 2603 cogita-

698 2625 935 2688 tionum,
966 2632 1063 2677 aut
1093 2637 1288 2677 somno
1315 2621 1508 2686 multo,
1542 2630 1640 2676 aut
1681 2622 1862 2677 desidi
1894 2623 2123 2694 torpori,
2182 2631 2279 2679 aut

694 2710 1026 2766 inordinata:
1064 2709 1376 2766 confusioni
1425 2710 1706 2765 actionum
1734 2720 1946 2766 temere
1986 2711 2281 2781 permista-

696 2818 853 2869 rum;
896 2817 1006 2857 non
1036 2810 1283 2857 utentem
1310 2801 1649 2856 turbulentis
1672 2809 1729 2855 et
1754 2801 2145 2857 indecentibus
2168 2803 2280 2857 cla—

697 2891 980 2959 moribus;
1017 2900 1114 2947 aut
1144 2891 1367 2946 ellluere
1393 2891 1639 2945 animum
1661 2891 1937 2947 sinentem
1968 2892 2027 2947 in
2059 2893 2280 2963 quidvis

697 2983 1005 3055 ejusmodi;
1055 2983 1152 3039 sed
1189 2990 1342 3038 certo
1361 2992 1418 3037 et
1440 2982 1772 3037 immutabili
1803 2984 2091 3053 proposito
2125 3000 2281 3040 men-

701 3075 804 3142 tis;
848 3074 1138 3146 deﬁgendo
1168 3089 1229 3129 se
1259 3075 1363 3129 soli
1402 3075 1634 3145 patienti
1674 3074 1923 3139 stationi,
1970 3085 2027 3131 et
2055 3076 2281 3132 ﬂexioni

698 3181 977 3237 genuum;
1029 3178 1085 3222 et
1120 3166 1388 3222 cohibitis
1435 3166 1851 3237 evagationibus
1902 3167 2064 3238 longe
2113 3168 2279 3223 aber-

2365 590 2434 659 τῇ
2470 586 2605 657 εὑχῇ
2647 586 2811 648 αὑτός
2860 601 2919 638 τε
2960 585 2989 637 ὀ
3033 584 3178 648 θεῖος
3229 583 3569 651 Ἀπόστολος,
3605 589 3753 645 καὶτὸ
3779 594 3844 650 'an

2365 678 2461 732 τοῦ
2498 676 2705 749 Κυρίου
2738 676 3027 747 εἰρημένον
3064 675 3328 744 διδάσκει,
3358 679 3535 745 Πόσῳ
3574 678 3847 749 μᾶλλονδὲ.

2370 771 2585 836 πόντος,
2627 768 2869 838 ποιήσει
2927 768 3243 835 ἐκδίκησιν
3269 770 3303 823 ό
3335 770 3478 833 Θεὸς
3522 769 3630 823 τῶν
3645 772 3848 835 ,ϐοώντων

2369 865 2514 933 πρὸς
2545 864 2733 919 αὐτὸν
2759 862 2987 928 νύκτας
3017 861 3118 915 καί
3148 861 3412 932 ήμέρας;
3460 863 3556 917 καὶ
3588 865 3665 918 τό·
3700 869 3850 936 Γρηγο-

2362 960 2545 1027 ρεῖτε,
2576 958 2677 1011 καὶ
2700 956 3138 1025 προσεύχεσθε.
3187 958 3280 1009 Δεῖ
3312 952 3406 1011 οὖν
3444 957 3660 1010 πάντοτε
3688 966 3849 1030 7:an-

2372 1050 2584 1122 χεσθαι,
2641 1050 2739 1103 καλ⁵
2772 1050 2847 1122 μὴ
2898 1049 3176 1103 ἐκκακεῖν.
3222 1049 3433 1120 Ὥσπερ
3471 1049 3528 1102 δὲ
3574 1051 3850 1118 κεφαλαιωδξ.

2375 1164 2563 1219 στερον
2596 1146 2624 1198 ό
2649 1148 2716 1217 τῇ
2748 1145 2880 1216 εὐχῇ
2907 1145 3333 1217 προσκαρτερῶν
3355 1145 3532 1197 εἵλετο
3560 1145 3716 1215 ἔργον,
3740 1149 3849 1213 οὕτως

2374 1239 2536 1293 αὐτὸν
2567 1238 2756 1307 ἀγῶνα
2790 1238 2975 1300 πολὺν,
3006 1236 3102 1290 καὶ
3142 1238 3294 1290 τόνον
3337 1236 3611 1292 ἁνένδοτον
3652 1238 3852 1311 ἀνέχεσθαι

2374 1330 2501 1402 χρὴ,
2538 1330 2626 1385 διὰ
2654 1330 2715 1383 τὸ
2737 1329 2908 1383 πολλὰ
2942 1332 3008 1400 τῇ
3040 1328 3365 1401 προσεδρείᾳ
3394 1329 3497 1400 τῆς
3528 1330 3680 1400 εὐχῆς
3710 1332 3854 1387 ὑπεῖναι

2374 1424 2444 1476 τὰ
2471 1423 2572 1493 τῆς
2595 1422 2796 1485 κακίας
2830 1422 3093 1491 ἐμπόδια*
3131 1419 3319 1487 ὕπνον,
3352 1421 3605 1493 ἁκηδίαν,
3648 1422 3855 1494 βάριςςὼ-

2380 1531 2572 1585 ματος,
2637 1513 2915 1583 λογισμῶν
2973 1513 3297 1584 ἐπιτροπὴν,
3357 1514 3477 1575 νοὸς
3522 1515 3855 1580 ἀκαταστασία,

2378 1606 2619 1672 ἔκλυσιν,
2651 1606 2746 1660 καὶ
2775 1606 2844 1659 τὰ
2875 1604 3038 1658 λοιπὰ
3096 1605 3196 1675 τῆς
3250 1604 3449 1668 κακίας
3498 1604 3855 1677 ἐπιτηδεύματα*

2379 1695 2499 1753 εἶτα
2537 1699 2747 1769 θλίψεις
2800 1700 2896 1753 καὶ
2948 1698 3133 1751 αὐτῶν
3180 1697 3288 1751 τῶν
3332 1698 3586 1768 πονηρῶν
3624 1702 3857 1770 πνευμάτια

2380 1791 2779 1853 ἐπαναστάσεις
2807 1790 3063 1860 ἐκθύμως
3090 1788 3474 1860 πολεμούντων
3504 1792 3627 1861 ἡμῖν
3655 1793 3731 1844 καὶ
3762 1795 3856 1846 ἀντι-

3780 1907 3858 1958 :52;-

2380 1977 2591 2048 γόντων
2645 1977 2748 2047 τὴν
2774 1977 2912 2047 μετὰ
2938 1975 3035 2047 τὴν
3064 1976 3323 2048 ἀλήθειαν
3367 1975 3463 2029 τὸν
3494 1976 3620 2030 Θεὸν
3653 1978 3859 2042 ἀπαύστως

2383 2066 2749 2141 ἐπιζητοῦσαν
2772 2067 2976 2139 ψυχήν.

2451 2162 2525 2218 A'.
2568 2162 2725 2233 Πάσῃ
2775 2160 2979 2231 σπουδῇ
3028 2160 3127 2215 καὶ
3181 2159 3362 2232 νήφει,
3440 2160 3674 2229 ὑπομονῇ
3730 2177 3773 2211 τε
3805 2166 3859 2213 ut

2382 2256 2554 2325 ἀγῶνι
2585 2254 2764 2327 ψυχῆς
2813 2255 2909 2308 καὶ
2958 2253 3105 2324 πόνῳ
3163 2253 3439 2324 σώματος,
3502 2253 3591 2305 τὸν
3643 2256 3726 2324 τῆς
3758 2256 3860 2322 εὖῄ

2383 2347 2815 2420 ἐπιμελούμενον
2869 2344 3216 2417 ἀνδρίζεσθαι
3270 2343 3398 2415 χρὴ,
3448 2343 3522 2415 μὴ
3551 2342 3860 2412 ἐκκακούμεηι

2387 2439 2791 2495 συνεπιδιδόντα
2818 2440 2939 2501 ταῖς
2966 2438 3075 2491 τῶν
3098 2435 3375 2507 λογισμῶν
3403 2436 3703 2505 ἐκτροπαῖς,
3732 2434 3758 2503 ἦ

2383 2534 2462 2606 λῷ
2489 2532 2664 2603 ὕπνῳ,
2691 2532 2726 2604 ἢ
2772 2529 2992 2601 ἀκηδίᾳ,
3041 2528 3259 2582 ἐκλύσει
3309 2544 3368 2580 τε
3406 2527 3503 2579 καὶ
3549 2525 3785 2595 συγχύσει,
3806 2529 3860 2576 zz".

2383 2624 2728 2696 ταραχώδεσι
2760 2622 2856 2677 καὶ
2904 2621 3180 2693 ἁπρεπέσι
3210 2620 3419 2689 φωναῖς
3455 2616 3734 2689 χρώμενον,
3756 2618 3861 2686 ἥτις.

2385 2716 2651 2779 τοιούτοις
2723 2713 3093 2787 ἐπιτρέποντα
3155 2713 3256 2783 τὴν
3327 2710 3592 2773 διάνοιαν,
3646 2710 3757 2780 μόνῃ
3805 2711 3863 2779 μὲ)

2386 2805 2967 2878 ἐκπληροφορούμενον
3005 2806 3070 2875 τῇ
3109 2802 3417 2875 παραμόνῳ
3448 2800 3651 2866 στάσει,
3682 2800 3860 2852 κλίσεις.

2384 2899 2494 2951 τῶν
2517 2897 2780 2966 γονάτων,
2815 2896 2906 2949 τὸν
2924 2895 2980 2948 δέ
3008 2893 3133 2948 νοῦν
3164 2895 3381 2963 μακράν
3406 2909 3511 2945 που
3536 2890 3639 2943 τῶν
3654 2890 3863 2959 γινομέιωι

2387 2987 2873 3059 ἁποπλανώμενον,
2911 2985 3123 3056 ἔχοντα.
3150 2982 3317 3037 Οὐδὲν
3340 2981 3455 3054 γὰρ
3483 2981 3543 3035 τὸ
3565 2978 3797 3047 κωλῦον.ῆ
3821 2977 3865 3046 μὴ

2386 3079 2634 3152 ἀκριϐῶς
2691 3080 2881 3150 νήφων
2948 3074 3482 3147 παρασκευάζηται,
3554 3070 3864 3139 ἐναντιούμενος

2394 3168 2492 3241 μὲν
2512 3170 2578 3239 τῇ
2607 3166 2708 3241 ὕλῃ
2746 3166 2855 3219 τῶν
2905 3164 3180 3237 περιττῶν
3228 3162 3540 3232 λογισμῶν,
3569 3158 3866 3221 διαθασανὲζυν

704 3257 878 3311 rantis
910 3256 1133 3311 interim
1187 3256 1411 3311 mentis.
1458 3256 1607 3312 Nihil
1644 3256 1792 3311 enim
1830 3272 1963 3312 sane
2002 3257 2279 3327 prohibet,

2340 3240 2356 3297 ἶ
2397 3239 2455 3315 δὲ
2481 3239 2692 3323 πάντας
2726 3256 2922 3321 αὐτοὺς
2956 3256 3052 3313 καὶ
3079 3254 3431 3325 φιλοκρινῶν,
3463 3252 3716 3307 ἐπιποθῶν
3737 3267 3781 3303 τε
3816 3250 3866 3302 ἀεὶ

704 3346 864 3415 quin,
890 3345 994 3400 nisi
1029 3345 1321 3417 diligenter
1342 3354 1401 3401 et
1424 3354 1632 3403 attente
1670 3346 1738 3400 ad
1766 3346 2033 3401 orandum
2057 3358 2285 3418 paratus

705 3439 833 3509 quis
882 3438 1129 3514 accedat,
1184 3439 1291 3493 nisi
1349 3439 1526 3494 turba:
1574 3455 1839 3495 vanarum
1886 3442 2282 3512 cogitationum

705 3530 927 3585 fortiter
959 3530 1213 3596 obsistat,
1258 3531 1547 3587 excutiens
1578 3532 1826 3603 singulas
1866 3543 1924 3589 et
1953 3535 2287 3607 dijudicans,

706 3623 955 3695 ﬂagranti
979 3640 1200 3695 semper
1240 3626 1521 3681 desiderio
1553 3623 1615 3682 se
1653 3627 1848 3682 intime
1879 3627 1948 3682 ad
1984 3629 2156 3694 Deum
2191 3631 2291 3687 ad-

707 3718 995 3783 movendi,
1018 3718 1193 3785 nihil,
1248 3718 1493 3788 inquam,
1537 3718 1740 3787 obstat,
1782 3720 1827 3775 si
1868 3721 1987 3777 haec
2025 3722 2286 3795 negliget,

702 3809 839 3879 quin
880 3810 1123 3864 versutis
1184 3808 1549 3863 inhabitantis
1603 3809 1660 3863 in
1708 3809 1829 3880 ipso
1891 3812 2115 3868 malitia:
2146 3814 2288 3871 clam

2392 3354 2482 3408 τὸν
2522 3350 2749 3422 Κύριον,
2780 3347 3043 3411 ποικίλως
3060 3347 3164 3401 ὑπὸ
3183 3347 3281 3415 τῆς
3315 3345 3522 3409 κακίας
3542 3343 3673 3399 κατὰ
3709 3341 3757 3395 τὸ
3776 3342 3865 3409 ἆραι

2389 3448 2478 3511 νές
2503 3442 2854 3508 δελεάζεσθαι
2876 3458 2892 3476 ο
2922 3441 2956 3513 ἢ
2986 3441 3081 3495 καὶ
3117 3438 3227 3493 τῶν
3270 3440 3443 3510 μήπω
3474 3441 3543 3510 τῇ
3574 3438 3689 3508 εὐχῇ
3710 3434 3869 3501 δυναμέ-

2389 3554 2497 3592 νων
2553 3534 2986 3607 προσκαρτερεῖν
3040 3529 3501 3601 κατεπαίρεσθαι,
3557 3530 3643 3583 καὶ
3688 3527 3757 3580 διὰ
3804 3524 3867 3576 τέ.

2340 3668 2343 3671 ‹
2388 3628 2646 3685 τοιούτων
2663 3628 2761 3696 τῆς
2782 3624 2981 3688 κακίας
3000 3621 3413 3696 μηχανημάτων
3427 3623 3528 3693 τὴν
3548 3620 3703 3691 καλὴν
3712 3618 3869 3685 διαςθεῖ-

2392 3740 2504 3794 ρειν
2543 3719 2829 3793 ἐργασίαν,
2874 3716 2971 3770 καὶ
3019 3716 3305 3786 προπίνειν
3364 3714 3574 3786 ταύτην
3614 3713 3682 3783 τῷ
3724 3708 3868 3778 πονηρᾷ·

2388 3816 2627 3887 δαίμονι.

702 3902 968 3957 illiciatur
996 3900 1209 3956 artibus
1238 3917 1252 3955 :
1287 3908 1384 3955 aut
1411 3899 1595 3954 ell'erri
1647 3916 1706 3957 se
1745 3902 1979 3958 sinendo
2022 3903 2081 3959 in
2115 3914 2493 3977 contemptum
2532 3906 2792 3969 aliorum,
2836 3900 3252 3972 comparatione
3286 3900 3371 3956 sui
3409 3915 3538 3955 cum
3566 3898 3626 3952 iis
3652 3896 3729 3967 qni
3752 3908 3869 3964 perse-

700 4013 896 4053 verare
927 3996 1021 4052 diu
1044 3997 1099 4053 in
1126 3998 1377 4052 oratione
1411 4006 1722 4068 nequeunt;
1763 3998 1871 4054 alio
1900 4001 2159 4071 quopiam
2180 4017 2371 4058 errore
2405 4002 2461 4055 in
2490 4017 2655 4072 quem
2689 4000 2806 4056 suis
2836 4016 2965 4056 eum
2991 4007 3173 4059 astuta
3212 3998 3427 4054 malitia
3479 3991 3871 4052 machinationibus

701 4092 1029 4156 induxerit,
1100 4091 1509 4171 corrumpendo
1561 4091 1880 4162 praeclaram
1928 4092 2327 4162 operationem,
2360 4110 2596 4164 eamque
2646 4095 2726 4151 sic
2765 4093 3106 4150 irridendam
3137 4092 3490 4164 propinando
3528 4091 3659 4144 malo
3698 4084 3868 4142 damnat.

769 4183 835 4239 V.
876 4183 993 4237 Nisi
1018 4183 1321 4246 humilitas,
1350 4183 1958 4255 charitas,simplicitas
1982 4195 2038 4241 et
2064 4186 2286 4243 bonitas

700 4282 854 4329 arcte
901 4274 1283 4345 eonglutinent
1328 4275 1489 4331 nobis
1531 4278 1865 4343 orationem,
1924 4278 2041 4349 ipsa
2083 4279 2284 4344 oratio,

700 4371 799 4418 aut
848 4365 1037 4435 potius
1093 4365 1259 4420 inane
1299 4365 1657 4422 simulacrum
1712 4369 2001 4437 orationis,
2054 4369 2284 4425 minime

700 4469 835 4508 sane
873 4455 1069 4525 juvare
1106 4470 1209 4511 nos
1239 4457 1467 4526 poterit.
1490 4458 1679 4528 Neque
1711 4459 1765 4513 id
1789 4460 1856 4514 de
1878 4460 2129 4516 oratione
2162 4460 2279 4515 sola

702 4544 959 4611 dicimus,
996 4546 1091 4601 sed
1120 4547 1189 4602 de
1221 4548 1371 4603 omni
1403 4564 1604 4620 genere
1633 4550 1933 4605 arduorum
1979 4560 2283 4621 quantum—

700 4634 788 4692 vis
826 4643 885 4690 et
920 4635 1324 4693 laboriosorum
1366 4654 1628 4709 operum,
1660 4648 1795 4711 puta
1835 4641 1906 4697 de
1942 4643 2281 4713 virginitate,

2465 4186 2543 4240 E’.
2574 4186 2641 4240 Et
2674 4185 2750 4257 μὴ
2780 4186 2813 4257 ἡ
2842 4182 3312 4256 ταπεινοφροσύνη
3361 4182 3464 4237 καὶ
3497 4182 3691 4250 ἀγάπη,
3715 4181 3741 4249 ἡ
3764 4176 3868 4231 άτλὸ-

2393 4292 2493 4345 της
2531 4292 2592 4328 τε
2620 4275 2715 4330 καὶ
2744 4274 3023 4345 ἁγαθότης
3055 4273 3474 4327 κατακολ).ῶσιν
3508 4274 3637 4343 ἡμῖν
3660 4266 3867 4340 τὴνεὺιὴν.

2392 4369 2427 4439 ἡ
2463 4368 2599 4440 εὐχὴ
2646 4368 2809 4439 αὕτη,
2869 4367 3073 4440 μᾶλλον
3115 4368 3173 4420 δὲ
3220 4366 3281 4420 τὺ
3313 4366 3612 4437 πρόσχημα
3633 4363 3717 4431 τῆς
3752 4358 3868 4427 sirit.

2391 4461 2597 4533 ἥκιστά
2624 4477 2687 4530 γε
2721 4461 2871 4531 ἡμᾶς
2906 4459 3140 4530 ὠφελεῖν
3174 4457 3423 4512 δύναται.
3468 4456 3577 4509 Καὶ
3610 4454 3697 4507 οὐκ
3723 4446 3865 4509 ἑπὶτῆς

2391 4552 2559 4625 εύχῆς
2586 4551 2747 4607 τοῦτο
2780 4551 2950 4623 μόνης
2982 4551 3187 4621 φαμὲν,
3216 4549 3354 4604 ἀλλὰ
3396 4548 3497 4603 καὶ
3522 4548 3613 4601 ἐπὶ
3642 4542 3795 4605 παντὸς
3809 4556 3867 4590 1:-

2395 4643 2566 4714 μάτου
2585 4642 2682 4697 καλ⁸
2704 4641 2889 4707 πόνου,
2911 4639 3263 4712 παρθενείας,
3291 4639 3325 4710 ἢ
3343 4637 3601 4710 νηστείας
3615 4637 3644 4706 ἦ
3659 4629 3868 4705 ἀγρυπνεῖς

696 4728 928 4802 jejunio,
954 4728 1516 4800 vigiliis,psalmodia,
1539 4732 1869 4801 ministerio,
1889 4734 2277 4806 similibusque

2340 4756 2357 4810 ι
2388 4735 2421 4807 ἢ
2446 4734 2789 4806 ψαλμῳδίας,
2821 4733 2855 4806 ἢ
2886 4732 3183 4797 διακονίας,
3218 4732 3254 4804 ἢ
3286 4727 3671 4800 οἱασδηποτοῦν
3695 4721 3868 4813 tmesis;

699 4819 897 4876 oﬂiciis
952 4820 1327 4889 speciosarum
1357 4822 1847 4895 plausibiliumque
1890 4826 2181 4882 virtutum.
2218 4826 2278 4881 in

699 4928 935 4985 quarum
974 4913 1242 4969 exercitio
1303 4915 1410 4969 nisi
1462 4915 1677 4973 fruetus
1733 4918 2053 4985 charitatis,
2102 4919 2279 4991 pacis,

698 5006 908 5079 gaudii,
938 5007 1412 5073 mansuetudinis,
1438 5009 1792 5078 humilitatis,
1819 5014 1955 5084 quin
2002 5015 2167 5070 etiam
2225 5022 2282 5070 et

698 5097 1071 5168 simplicitatis
1110 5098 1557 5169 sinceritatisque
1619 5119 1685 5158 ac
1734 5103 1861 5159 fidei
1908 5114 1972 5161 ut
2032 5117 2275 5176 oportet,

698 5188 1135 5259 longanimitatis
1168 5205 1391 5260 quoque
1431 5207 1496 5247 ac
1542 5193 1944 5251 benevolentiae
1986 5198 2043 5252 in
2091 5198 2282 5253 nobis-

700 5278 953 5350 metipsis
981 5280 1320 5350 experiendo
1349 5281 1668 5348 videamus,
1694 5285 1969 5342 inutiliter
1994 5288 2287 5342 laborave-

700 5372 895 5426 rimus.
942 5370 1188 5426 Labores
1250 5371 1525 5441 siquidem
1591 5374 1728 5429 istos
1784 5392 1881 5446 spe
1930 5380 2289 5449 assequendze

701 5461 983 5517 fructuum
1012 5460 1274 5517 utilitatis
1302 5464 1656 5533 suscipimus.
1695 5465 1755 5520 Si
1783 5482 1915 5539 ergo
1938 5479 2065 5539 post-
2099 5486 2196 5526 eos
2230 5472 2297 5527 in

705 5553 865 5609 nobis
902 5566 1014 5607 non
1048 5553 1397 5623 reperiantur
1420 5555 1634 5612 fructus
1668 5558 1988 5627 charitatis,
2027 5578 2288 5632 superva-

707 5660 876 5701 canea
901 5644 1153 5717 profecto
1203 5645 1299 5702 illa
1345 5647 1528 5705 omnis
1564 5663 1733 5721 opera
1788 5651 1973 5709 fuerit.
2022 5655 2101 5711 Ac
2150 5656 2285 5711 mihi

780 5828 868 5885 ’Ἰ
902 5827 1096 5887 Thess.
1130 5842 1185 5898 ν,
1234 5831 1320 5886 17.
1399 5831 1601 5890 “Luc.
1631 5849 1784 5903 xvm,
1812 5833 1860 5889 'l.

2381 4824 2585 4897 ἀρετῆς
2624 4825 2812 4880 ἕνεκεν
2850 4823 3303 4892 ἐπιτελουμένης.
3347 4822 3411 4874 Εἰ
3456 4820 3533 4891 μὴ
3568 4819 3681 4880 τοὺς
3708 4812 3867 4881 κίρκος

2379 4918 2479 4989 τῆς
2506 4917 2748 4987 ἀγάπης,
2772 4915 2997 4987 εἰρήνης
3027 4931 3087 4967 τε
3127 4912 3225 4967 καὶ
3270 4913 3470 4982 χαρᾶς,
3514 4909 3605 4964 καὶ
3636 4904 3866 4977 πραότηττά

2372 5007 2873 5080 ταπεινοφροσύνης
2910 5024 2992 5074 τε,
3017 5006 3184 5077 φημὶ,
3212 5005 3309 5058 καὶ
3349 5003 3667 5072 ἁπλότητος,
3694 4996 3769 5050 καὶ
3792 4994 3869 5058 tta-:-

2378 5100 2528 5166 λείας
2546 5102 2639 5155 καὶ
2650 5100 2885 5163 πίστεως
2898 5099 2972 5164 ὠς
2990 5098 3130 5164 δέον,
3151 5114 3259 5168 μακ
3269 5095 3395 5167 ροθυ
3404 5096 3531 5167 μίας
3546 5111 3601 5147 τε
3614 5092 3694 5145 καὶ
3708 5086 3868 5158 φιλοξρ)

2386 5193 2576 5263 σύνης,
2610 5194 2669 5247 ἐν
2697 5193 2911 5256 ἑαυτοῖς
2942 5192 3075 5263 όρᾷν
3109 5189 3351 5260 ἔχοιμεν,
3380 5188 3471 5241 ἐπ’
3508 5185 3673 5240 οὐδενὶ
3697 5176 3869 5251 χρηείὶιυτ)

2388 5285 2459 5339 τὰ
2480 5285 2590 5340 τῶν
2620 5284 2799 5339 πόνων
2828 5283 3165 5355 ὑπέστημεν.
3202 5282 3342 5347 Τοὺς
3378 5280 3490 5352 γὰρ
3525 5278 3701 5338 πόνους
3727 5271 3791 5325 δά
3812 5268 3871 5334 τῖ’

2390 5382 2502 5436 τῶν
2569 5380 2799 5453 καρπῶν
2851 5379 3121 5450 ὠφέλειαν
3166 5376 3465 5447 ὑπομένειν
3514 5361 3871 5453 καταδεχόμεθαξ

2389 5474 2500 5529 τῶν
2532 5473 2589 5528 δῖ
2622 5448 2852 5546 δέαρπῶν
2874 5448 2974 5542 τῆς
3000 5469 3224 5539 ἀγάπης
3259 5470 3317 5521 ἐν
3358 5467 3491 5537 ἡμῖν
3528 5469 3600 5534 μὴ
3639 5448 3869 5546 εὑρισκῦμέζ

2390 5583 2519 5631 Vw”
2568 5537 2798 5637 περίῖττὴ
2851 5537 3070 5625 πάλιτωξ
3109 5561 3143 5630 ὴ
3181 5537 3456 5631 ἐργασία.
3507 5556 3657 5609 Ὥστε
3697 5545 3808 5637 σῦὄέν
3842 5537 3871 5587 ct

2389 5656 2621 5712 τοιοῦτοι
2656 5656 2767 5712 τῶν
2817 5654 2981 5710 πέντε
3042 5651 3241 5725 μωρῶν
3286 5647 3617 5721 διενηνόχασι
3647 5635 3871 5711 παρθέναῖδι

1940 5836 1978 5871 ν
2009 5835 2196 5893 Matth.
2237 5854 2381 5906 xxvr,
2407 5837 2493 5893 41.
