4044 6532
148 275 249 339 857

1376 260 1610 323 LIBER
1649 259 1747 319 DE
1784 258 2203 321 ORATIONE.

3310 262 3417 328 858

145 386 348 446 αἳτινες
378 378 467 433 διὰ
496 377 558 431 τὸ
593 374 668 447 μὴ
698 372 948 428 ἐντεῦθεν
989 370 1135 443 ἔχειν
1158 369 1217 422 ἐν
1250 368 1369 430 ταῖς
1397 366 1649 439 καρδίαις
1670 364 1732 418 τὸ

1838 366 2102 421 videntur
2134 365 2394 420 homines
2439 363 2712 434 ejusmodi
2758 378 2787 418 a
2833 365 3079 436 quinque
3136 368 3300 426 fatuis
3358 376 3415 428 in

147 470 519 543 πνευματικὸν
586 468 788 528 ἔλαιον,
857 466 995 535 ὅπερ
1048 462 1155 516 τῶν
1225 458 1529 531 εἰρημένων
1578 457 1724 510 ἐστὶν

146 565 359 638 ἀρετῶν
401 560 554 633 ήδιά
593 558 688 612 τοῦ
739 556 1058 626 Πνεύματος
1102 553 1373 623 ἐνέργεια,
1428 549 1610 619 μωραί
1663 566 1724 638 τε

143 636 567 727 ὠνομάσθησαν,
598 650 694 703 καὶ
725 646 817 701 τοῦ
848 641 1130 716 βασιλικοῦ
1164 640 1455 712 νυμφῶνος
1477 636 1726 700 ἐλεεινῶς

143 744 622 812 ἀπεκλείσθησαν,
675 738 839 810 μηδὲν
886 734 980 789 τοῦ
1029 730 1327 804 παρθενίας
1382 727 1725 795 ἀπονάμεναι

145 838 416 909 καμάτου.
447 834 662 903 Ὠσπερ
694 829 802 898 γὰρ
842 828 900 881 ἐν
941 828 1007 897 τῇ
1032 824 1131 895 τῆς
1178 820 1426 893 ἀμπέλου
1456 816 1722 888 γεωργίᾳ,

144 935 297 988 πᾶσα
360 926 648 999 ἐπιμέλεια
694 924 788 977 καὶ
838 921 1000 984 πόνος
1047 917 1136 971 διὰ
1179 916 1279 988 τὴν
1332 912 1443 967 τῶν
1492 909 1724 979 καρπῶν

142 1026 335 1081 ἐλπίδα
364 1017 907 1094 προκατασάλλεται·
965 1009 1196 1083 καρπῶν
1231 1008 1289 1061 δὲ
1350 1006 1426 1076 μὴ
1466 1018 1723 1099 γεωργηῖ

144 1121 369 1184 θέντων,
406 1112 588 1170 είκαία
619 1110 892 1179 πάντωνὴ
925 1103 1158 1178 ἐργασία
1179 1101 1449 1155 δείκνυται
1481 1113 1495 1128 ·
1527 1094 1721 1184 οὕτως,

143 1212 198 1263 εί
228 1210 301 1280 μὴ
333 1207 423 1261 διά
472 1205 571 1275 τῆς
624 1200 906 1273 ἐνεργείας
956 1194 1052 1248 τοῦ
1107 1190 1427 1261 Πνεύματος
1474 1183 1724 1280 καῄρποῦς

143 1267 389 1371 ἀγάπης,
420 1267 769 1367 καὶυείρήνης
802 1290 899 1344 καὶ
928 1288 1104 1359 χαρᾶς
1133 1284 1229 1338 καὶ
1256 1281 1363 1335 τῶν
1396 1277 1621 1371 λοιπῶν,
1649 1267 1724 1371 ὧν

142 1396 173 1446 ὁ
196 1365 539 1450 ’Ἂπδστολος
584 1365 995 1455 ἀπηρίθμησεν,
1022 1380 1080 1431 ἐν
1119 1375 1335 1437 ἐαυτοῖς
1368 1370 1591 1441 ἴδοιμεν,
1628 1365 1724 1420 καὶ

141 1483 304 1536 τοῦτο
356 1479 496 1534 κατά
530 1472 908 1546 πληροφορίαν
961 1471 1141 1522 πᾶσαν
1188 1464 1283 1518 καλ⁸
1339 1456 1723 1530 πνευματικὴν

141 1575 405 1644 αἴσθησιν
436 1568 769 1641 διομολογεῖν
799 1563 1040 1635 ἔχοιμεν,
1066 1576 1134 1612 πε
1146 1556 1366 1630 ριττὸςὸ
1392 1553 1493 1623 τῆς
1516 1548 1725 1619 παρθε-

141 1667 290 1731 νίας,
315 1664 479 1734 εὐχῆς
506 1678 566 1716 τε
597 1660 694 1713 καὶ
739 1653 1080 1728 ψαλμῳδίας,
1127 1649 1382 1721 νηστείας
1427 1645 1522 1700 καὶ
1549 1645 1723 1734 ἀγρυ-

142 1727 311 1820 πνίας
342 1727 589 1824 κάματος
622 1727 1027 1804 ἀποδείκνυται.
1051 1744 1114 1797 Οἱ
1142 1742 1240 1813 μὲν
1267 1739 1375 1809 γὰρ
1405 1737 1559 1790 πόνοι
1579 1727 1724 1788 οῦτοι

140 1852 243 1904 καὶ
266 1823 507 1917 κάματοι
532 1842 627 1912 τῆς
669 1839 845 1910 ψυχῆς
897 1832 1111 1891 καὶτοῦ
1146 1832 1398 1903 σώματος
1424 1827 1511 1881 ἐπ’
1547 1823 1724 1879 ἐλπίδι

141 1941 537 2015 πνευματικῶν
571 1936 825 2010 καρπῶν,
854 1934 1043 2003 ὥσπερ
1087 1931 1324 2001 ἔφημεν,
1356 1921 1725 1979 ἐπιτελεῖσθαι

142 2039 459 2109 ὀφείλουσιν
482 2049 497 2064 θ
544 2034 579 2104 ἡ
610 2032 655 2086 δ’
687 2032 745 2084 ἐν
782 2031 902 2092 ταῖς
937 2026 1160 2098 ἀρεταῖς
1197 2018 1568 2092 καρποφορία,
1592 2015 1729 2070 ἀπό-

140 2131 339 2192 λαυσίς
388 2130 505 2182 ἐστι
558 2120 907 2193 πνευματικὴ
958 2118 1077 2190 μεθ’
1126 2114 1318 2186 ἡδονῆς
1360 2111 1639 2183 ἀφθάρτου
1669 2109 1727 2161 ἐν

144 2223 401 2293 καρδίαις
447 2219 666 2281 πισταῖς
697 2232 757 2269 τε
798 2214 896 2268 καὶ
935 2209 1243 2272 ταπειναῖς,
1291 2204 1396 2259 ὑπὸ
1424 2202 1518 2257 τοῦ
1549 2199 1725 2255 Ilvati-

347 2310 677 2385 ἀπορῤήτως
706 2303 1076 2378 ἐνεργουμένη
1102 2317 1118 2330 °
1144 2299 1285 2354 ὥστε
1314 2298 1364 2351 οἱ
1385 2296 1535 2351 πόνοι
1560 2296 1656 2387 καὶ
1674 2292 1725 2346 oi

142 2407 407 2477 κάματοι,
441 2400 625 2464 καθώς
659 2400 766 2454 είσι
796 2397 968 2462 πόνοι,
998 2393 1165 2465 φημὶ,
1196 2392 1291 2446 καὶ
1321 2391 1557 2460 κάματοι
1581 2386 1729 2477 λογιέ

142 2476 451 2564 ζέσθωσαν,
510 2494 608 2549 καὶ
662 2492 713 2545 οἱ
764 2490 991 2561 καρποὶ,
1030 2483 1255 2556 καρποί.
1289 2483 1353 2536 Εἰ
1406 2480 1462 2533 δέ
1505 2495 1588 2541 τις
1639 2476 1727 2530 διὰ

142 2590 407 2661 γνώσεως
440 2585 648 2649 ἐνδείας
676 2583 774 2655 τὴν
799 2578 1061 2653 ἐργασίαν
1094 2575 1259 2631 αὐτοῦ
1294 2575 1389 2628 καὶ
1416 2571 1509 2626 τὸν
1541 2569 1726 2661 κάμα-

140 2658 241 2737 τον
270 2680 519 2754 καρποὺς
534 2676 629 2731 τοῦ
655 2675 973 2745 Πνεύματος
994 2666 1133 2724 εἶναι
1157 2666 1396 2738 νομίσει,
1424 2663 1499 2734 μὴ
1516 2658 1727 2754 ἀγνοῶν

142 2750 406 2845 φαίνεται
457 2768 809 2842 ψυχαγωγεῖν
860 2764 1052 2820 ἑαυτὸν
1082 2752 1609 2845 παρακρουόμενοςλῗ
1634 2750 1730 2805 καὶ

144 2844 411 2938 μεγάλων
436 2864 603 2927 ὅντως
632 2857 863 2932 καρπῶν
882 2856 976 2912 τοῦ
1000 2852 1140 2909 Πνεύ
1150 2867 1340 2923 ματος,
1357 2848 1447 2902 διὰ
1474 2846 1536 2899 τὸ
1556 2844 1730 2906 οὕτως

141 2956 321 3029 ἔχειν,
351 2951 692 3023 ἀποστερῶν.

1835 459 1991 512 nullo
2022 456 2246 512 differre
2275 455 2606 526 virginibus,
2644 472 2765 526 qum
2806 456 3037 523 idcirco,
3067 461 3212 529 quod
3251 463 3418 519 domo

1831 549 2059 603 allatum
2098 548 2153 602 in
2187 548 2304 602 suis
2338 546 2604 601 cordibus
2635 562 2745 600 non
2782 546 3099 603 habuerunt
3128 550 3418 620 spirituale

1832 638 2037 705 oleum,
2078 637 2225 709 quod
2287 646 2372 693 est
2415 636 2579 691 modo
2627 644 3082 704 memoratarum,
3144 654 3267 708 quae
3321 658 3420 712 per

1836 728 2104 800 Spiritum
2149 738 2479 795 exercetur,
2516 730 2769 799 Operatio
2802 731 3091 797 virtutum,
3135 742 3191 787 et
3243 733 3422 789 fatua-
3464 776 3471 781 .

1831 837 1955 876 rum
2003 822 2451 878 nomenclatione
2484 821 2751 876 traducta:
2801 831 2951 888 sunt,
2993 833 3048 878 et
3071 825 3419 895 regiothala-

1830 928 1923 968 mo
1982 913 2379 969 miserabiliter
2426 913 2685 978 exclusae,
2753 913 2964 968 nullum
3014 924 3188 971 nactae
3238 932 3419 987 operae

1830 1006 2071 1075 pretium
2132 1004 2425 1059 custodita:
2501 1003 2778 1059 laboriose
2843 1004 3196 1075 virginitatis.
3261 1006 3421 1061 Sicut

1830 1095 1981 1150 enim
2022 1094 2078 1148 in
2122 1095 2260 1150 viete
2311 1096 2531 1149 cultura
2562 1094 2746 1149 omnis
2799 1094 3083 1165 diligentia
3131 1107 3186 1151 et
3240 1098 3416 1165 labor,

1832 1181 2111 1239 fructuum
2169 1186 2333 1240 unice
2393 1193 2738 1253 speratorum
2810 1200 2975 1239 causa
3046 1187 3415 1257 impenditur;

1831 1275 1979 1330 unde
2018 1274 2088 1329 iis
2133 1291 2245 1330 non
2280 1275 2766 1345 provenientibus,
2816 1273 3128 1330 frustranea
3168 1286 3279 1332 tota
3313 1279 3418 1334 ista

1830 1369 2000 1424 fuisse
2031 1370 2315 1424 contentio
2347 1376 2721 1435 monstratur;
2768 1366 2843 1422 ita
2888 1368 2995 1423 nisi
3041 1386 3140 1439 per
3179 1385 3419 1440 Operan-

1831 1468 1944 1517 tem
2000 1462 2056 1516 in
2097 1461 2260 1517 nobis
2290 1461 2558 1531 Spiritum
2614 1460 2832 1515 fructus
2883 1461 3191 1529 cbaritatis,
3236 1465 3411 1534 pacis,

1830 1556 2042 1629 gaudii,
2088 1564 2145 1612 et
2177 1557 2301 1612 illos
2336 1556 2581 1626 reliquos
2633 1564 2993 1610 enumeratos
3037 1556 3106 1610 ab
3156 1557 3418 1626 Apostolo

1831 1648 1889 1703 in
1925 1649 2088 1703 nobis
2128 1649 2266 1719 ipsis
2290 1649 2582 1703 videamus
2604 1648 2692 1715 5”;
2753 1655 2809 1705 et
2860 1648 2970 1702 hoc
3021 1648 3171 1703 omni
3201 1650 3421 1719 experi-

1757 1741 2057 1837 Bmentali
2110 1742 2433 1808 evidentia,
2487 1757 2797 1811 sensusque
2844 1741 3196 1796 convictione
3258 1741 3421 1811 spiri-

1831 1834 1999 1888 tualis
2054 1832 2219 1903 plane
2252 1847 2577 1904 persuasum
2612 1831 2772 1886 fateri
2823 1847 2888 1887 ac
2935 1830 3185 1901 profiteri
3233 1831 3418 1884 valea-

1834 1940 1979 1988 mus,
2013 1924 2207 1979 irritus
2242 1932 2299 1979 et
2335 1924 2575 1979 utilitate
2616 1938 2806 1978 cassus
2832 1923 3013 1977 omnis
3054 1922 3416 1992 virginitatis,

1832 2018 2102 2073 orationis
2128 2026 2184 2072 et
2208 2017 2550 2087 psalmodim,
2588 2015 2785 2086 jejunii
2835 2021 2892 2068 et
2959 2013 3271 2081 vigiliarum
3320 2010 3420 2068 de-

1831 2108 2197 2179 prehenditur
2228 2107 2406 2162 labor.
2462 2106 2549 2160 Illi
2603 2107 2751 2162 enim
2801 2105 3000 2160 animae
3057 2114 3114 2159 et
3169 2106 3420 2175 corporis

1828 2201 2049 2257 labores
2080 2215 2177 2271 spe
2221 2199 2596 2270 spiritualium
2625 2198 2909 2253 fructuum
2945 2197 3137 2268 perlici
3184 2198 3416 2263 debent,

1833 2294 1913 2349 uti
1953 2294 2212 2349 diximus.
2264 2293 2321 2347 In
2351 2292 2656 2347 virtutibus
2700 2298 2886 2345 autem
2918 2306 3041 2361 quae
3065 2289 3272 2344 dicitur
3301 2288 3417 2343 fru-

1835 2385 2117 2449 ctiﬁcatio,
2149 2383 2341 2439 fruitio
2370 2392 2455 2440 est
2483 2382 2789 2453 spiritualis
2826 2397 2954 2437 cum
3001 2382 3287 2451 voluptate
3334 2380 3421 2434 in—

1833 2475 2201 2545 corruptibili,
2236 2475 2294 2529 in
2331 2474 2594 2530 cordibus
2624 2473 2731 2527 ﬁde
2782 2488 2847 2529 ac
2900 2473 3215 2527 humilitate
3265 2487 3409 2541 prm-

1835 2568 1966 2623 ditis
2012 2584 2045 2621 a
2088 2566 2300 2637 Spiritu
2331 2567 2470 2621 clam
2500 2564 2857 2619 inell‘abiliter
2903 2563 3123 2618 effecta.
3179 2560 3422 2616 Seorsim

1835 2658 2023 2726 itaque
2053 2665 2385 2725 reputentur
2410 2664 2465 2710 et
2506 2656 2724 2710 labores
2770 2662 2827 2708 et
2872 2650 3108 2715 fructus,
3144 2659 3311 2721 prout
3365 2651 3423 2705 in

1836 2762 1896 2801 se
1931 2744 2150 2800 divisim
2173 2754 2324 2799 sunt.
2352 2744 2408 2799 Si
2427 2745 2552 2815 quis
2576 2759 2709 2799 vero
2738 2758 2835 2814 per
2908 2740 3238 2812 cognitionis
3268 2739 3424 2796 defe-

1847 2848 2025 2905 ctum,
2068 2838 2347 2907 prepriam
2375 2839 2754 2908 operationem
2799 2844 2856 2890 et
2900 2836 3169 2899 laborem,
3212 2834 3426 2889 fructus

1842 2929 2087 3001 Spiritus
2139 2942 2263 2983 esse
2304 2928 2626 2991 crediderit,
2658 2927 2704 2981 is
2745 2942 2844 2997 per
2870 2925 3237 2997 ignorantiam
3264 2924 3425 2977 vide-

140 3018 245 3105 tur
403 3018 583 3117 ipsum
616 3045 819 3099 lactare
854 3048 911 3095 et
957 3037 1119 3108 176
1171 3033 1448 3105 decipere,
1516 3045 1604 3096 ac,
1634 3027 1766 3083 dum
1808 3024 1885 3080 ita
1923 3037 1982 3078 se
2012 3020 2327 3075 adulatione
2362 3020 2526 3074 noxia
2562 3020 2752 3085 habet,
2796 3033 2929 3075 vere
2962 3018 3174 3089 magnis
3223 3024 3426 3071 semet-

141 3145 338 3217 ipsum
370 3140 611 3211 Spiritus
635 3135 909 3192 fructibus
943 3131 1183 3201 privare.

223 3236 321 3304 (Γ.
360 3234 570 3305 Ὠσπερ
605 3231 635 3283 ό
676 3231 741 3298 τῇ
795 3224 1043 3296 ἁμαρτίᾳ
1095 3220 1215 3275 ὅλον
1265 3218 1457 3272 ἑαυτὸν
1512 3215 1731 3269 ἔκδοτον

144 3325 601 3400 παρασχόμενος,
657 3321 726 3374 τὰ
769 3316 920 3389 παρά
954 3314 1116 3385 φύσιν
1158 3311 1308 3381 πάθη
1332 3310 1431 3379 τῆς
1481 3305 1728 3400 ἀτιμίας,

1911 3207 2001 3263 VI.
2043 3207 2117 3264 Ut
2164 3205 2259 3276 qui
2308 3212 2537 3276 peccato
2596 3212 2776 3259 totum
2825 3218 2884 3259 se
2937 3203 3119 3273 ipsum
3177 3203 3427 3259 deditum

1839 3300 2105 3365 exhibet,
2173 3307 2433 3353 naturam
2485 3297 2890 3352 inhonorantes
2935 3295 3252 3367 ignominia:
3303 3312 3428 3366 pas-

152 3377 476 3400 ""r"'n'u"
561 3377 600 3387 --
854 3377 866 3389 υ
966 3377 978 3385 υ
1296 3377 1307 3381 -
1388 3377 1397 3379 ε
1583 3377 1586 3378 ,

140 3421 441 3475 τουτέστιν
483 3413 793 3481 ἀσέλγειαν,
842 3404 1119 3477 πορνείαν,
1160 3400 1499 3466 πλεονεξίαν,
1552 3398 1728 3467 μῖσος,

1838 3395 2043 3461 siones,
2071 3394 2179 3449 hoc
2214 3401 2301 3448 est
2352 3389 2780 3461 impudicitiam,
2812 3389 3262 3455 fornicationem,
3297 3405 3429 3444 ava-

141 3514 249 3568 καὶ
280 3510 456 3573 δόλον,
499 3504 596 3560 καὶ
623 3503 692 3560 τά
717 3498 881 3554 λοιπά
937 3498 1033 3567 τῆς
1077 3493 1275 3557 κακίας
1322 3489 1733 3559 ἐπιτηδεύματα

143 3611 214 3661 ὲν
250 3600 555 3659 ἀπολαύσει
584 3596 679 3651 καὶ
699 3595 860 3665 ἡδονῇ
888 3592 962 3654 ὠς
998 3587 1205 3658 φυσικά
1254 3581 1721 3654 καταπράττεται·

137 3695 387 3758 οὕτωςὸ
413 3694 469 3745 ἐν
517 3686 746 3760 ἀληθείᾳ
793 3685 887 3739 καὶ
936 3680 1237 3749 τελειότητι
1279 3673 1605 3748 Χριστιανὸς
1632 3671 1733 3736 ῶν,

137 3792 253 3855 τὰς
287 3787 490 3862 ἀρετάς
513 3783 718 3846 πάσας,
747 3781 842 3833 καὶ
862 3776 989 3840 τοὺς
1011 3772 1258 3845 καρποὺς
1289 3769 1384 3823 τοῦ
1416 3765 1735 3862 Πνεύματος

139 3854 408 3941 ἅπαντας
441 3876 567 3938 τοὺς
596 3872 735 3941 ὑπὲρ
768 3868 866 3939 τὴν
899 3865 1080 3935 φύσιν,
1115 3862 1216 3933 τὴν
1244 3858 1465 3929 ἀγάπην
1493 3854 1736 3926 δηλονότι

139 3975 250 4028 καὶ
279 3971 382 4040 τὴν
408 3969 650 4039 εἰρήνην,
684 3962 782 4035 τὴν
815 3958 1115 4030 ὑπομονὴν,
1143 3955 1243 4026 τὴν
1285 3953 1492 4015 πίστιν,
1523 3950 1617 4003 καὶ
1638 3946 1736 4018 τὴν

136 4063 510 4125 ταπείνωσιν,
539 4058 635 4112 καὶ
653 4056 761 4111 πᾶν
787 4053 848 4107 τδ
864 4048 1099 4124 χρυσοῦν
1124 4046 1292 4109 ὅντως
1316 4044 1470 4113 γένος
1489 4041 1587 4110 τῆς
1606 4040 1737 4110 ἀρε-

139 4159 280 4228 τῆς,
301 4158 360 4209 ἐν
380 4150 677 4206 ἀπολαύσει
707 4144 875 4216 πολλῇ
901 4142 995 4197 καὶ
1023 4140 1182 4212 ἡδονῇ
1208 4134 1553 4228 πνευματικῇ
1564 4171 1586 4228 ,⁸
1601 4130 1739 4228 ἀπο-

139 4218 282 4317 νητί
313 4242 499 4307 λοιπὸν
531 4239 626 4293 καὶ
652 4237 845 4309 ῥᾳδίως
872 4233 947 4297 ὡς
987 4228 1195 4301 φυσικά
1226 4225 1468 4298 μέτεισιν
1494 4238 1509 4252 ο
1535 4220 1635 4274 οὑκ
1658 4218 1738 4271 ἔτι

140 4314 299 4407 πβδς
322 4334 391 4387 τά
415 4330 565 4400 πάθη
589 4329 690 4399 τῆς
716 4325 917 4388 κακίας
943 4322 1367 4394 διαμαχόμενος·
1391 4317 1487 4372 ἀτε
1518 4314 1740 4407 τελείως

139 4405 269 4483 ἀπὸ
330 4423 538 4496 Κυρίου
591 4416 1022 4490 λελυτρωμένος,
1082 4414 1177 4468 καὶ
1222 4412 1331 4467 ἀπὸ
1382 4408 1478 4464 τοῦ
1535 4405 1739 4480 ἀγαθοῦ

140 4518 481 4589 Πνεύματος
540 4515 640 4586 τὴν
695 4510 884 4579 ἐντελῆ
938 4507 1033 4561 τοῦ
1088 4504 1328 4578 Χριστοῦ
1377 4503 1597 4575 εἰρήνην
1647 4499 1743 4555 καὶ

140 4610 490 4680 ἀγαλλίασιν
525 4606 584 4658 ἐν
628 4607 696 4675 τῇ
724 4600 921 4673 καρδίᾳ
954 4598 1268 4668 δεξάμενος.
1308 4590 1478 4660 Οὗτός
1516 4596 1663 4647 ἐστιν
1714 4594 1744 4646 ό

1835 3486 2041 3551 ritiam,
2097 3484 2310 3550 odium,
2363 3482 2576 3545 dolum,
2608 3489 2665 3537 et
2706 3482 2920 3551 reliqua
2974 3482 3197 3536 malitiae
3243 3481 3430 3537 studia

1835 3593 1963 3633 cum
2015 3575 2282 3633 fruitione
2357 3589 2423 3629 ac
2492 3574 2777 3643 voluptate
2840 3580 3101 3642 tanquam
3152 3573 3428 3629 naturalia

1836 3680 2092 3735 exercet;
2128 3668 2212 3723 sic
2254 3667 2351 3738 qui
2393 3680 2527 3722 vere
2568 3680 2634 3720 ae
2671 3664 2916 3735 perfecte
2946 3662 3300 3719 Christianus
3322 3673 3429 3729 est,

1835 3764 2074 3819 virtutes
2103 3777 2296 3817 omnes
2323 3768 2380 3815 et
2421 3759 2637 3815 fructus
2666 3756 2931 3828 Spiritus,
2956 3757 3052 3826 qui
3107 3772 3274 3826 supra
3328 3772 3431 3811 ua-

1838 3862 2018 3909 turam
2059 3859 2211 3917 sunt,
2238 3849 2536 3917 videlicet,
2568 3847 2919 3913 charitatem,
2962 3860 3176 3915 pacem,
3210 3845 3430 3914 patien-

1840 3945 1995 4009 tiam,
2028 3942 2215 4007 lidem,
2252 3940 2645 4004 humilitatem,
2684 3945 2742 3993 et
2785 3952 2948 3993 omne
2980 3952 3155 4008 genus
3171 3952 3304 3992 vere
3335 3952 3434 3991 au-

1840 4052 1999 4093 reum
2024 4036 2269 4099 virtutis,
2293 4031 2645 4105 jucunditate
2691 4030 2863 4085 multa
2907 4038 2964 4084 et
2992 4030 3277 4099 voluptate
3316 4029 3434 4098 spi-

1841 4130 2051 4195 rituali,
2082 4128 2150 4183 de
2179 4136 2381 4183 caatero
2410 4125 2531 4181 sine
2555 4125 2746 4179 labore
2772 4139 2836 4179 ac
2864 4123 3046 4189 facile,
3074 4132 3136 4177 ut
3158 4110 3434 4177 naturalia

1842 4222 2201 4292 exsequitur;
2248 4235 2359 4274 non
2420 4219 2533 4290 jam
2592 4224 2787 4271 contra
2840 4215 3125 4286 passiones
3172 4214 3436 4284 nequitiae

1840 4315 2197 4385 depugnans;
2230 4317 2425 4380 utpote
2449 4307 2544 4378 qui
2563 4306 2811 4378 perfecte
2832 4321 2861 4360 a
2883 4306 3119 4360 Domiho
3139 4304 3434 4370 liberatus,

1843 4414 1900 4463 et
1943 4422 1975 4461 a
2019 4405 2166 4460 bono
2214 4401 2425 4473 Spiritu
2475 4401 2694 4473 plenam
2759 4398 3179 4468 absolutamque
3228 4396 3436 4453 Christi

1843 4514 2033 4570 pacem
2065 4506 2122 4552 et
2154 4494 2580 4552 exsultationem
2622 4493 2678 4546 in
2702 4491 2872 4547 corde
2909 4491 3147 4560 adeptus
3169 4490 3261 4544 sit.
3288 4490 3436 4545 Talis

1845 4598 1931 4647 est
1974 4590 2169 4645 intime
2193 4594 2363 4656 atque
2417 4584 2704 4640 individue
2740 4583 2975 4639 Domino
3022 4581 3331 4647 adhaerens,
3381 4591 3440 4638 et

138 4677 450 4769 κολληθεὶς
479 4695 556 4767 τῷ
588 4695 799 4766 Κυρίῳ,
834 4692 929 4745 καὶ
961 4690 1251 4760 γενόμενος
1281 4689 1362 4751 είς
1407 4687 1465 4740 ἓν
1499 4685 1732 4756 πνεῦμα.

1847 4683 1905 4738 in
1940 4697 2110 4736 unum
2145 4696 2271 4735 eum
2299 4695 2367 4734 eo
2410 4679 2648 4735 coalitus
2674 4677 2957 4748 spiritum.

227 4793 310 4846 Z'.
348 4789 487 4852 Τοὺς
520 4788 689 4859 μήπω
719 4783 1053 4855 δυναμένους
1098 4782 1284 4852 ἄκρως
1307 4778 1386 4850 τῷ
1428 4778 1530 4849 τῆς
1564 4778 1742 4848 ψυχῆς

137 4885 335 4955 ἔρωτι
377 4879 466 4932 διὰ
514 4877 818 4947 νηπιότητα
855 4874 1082 4936 ἑαυτοὺς
1122 4872 1436 4944 ἐπιτρέπειν
1460 4887 1474 4901 ³
1521 4869 1744 4931 τούτους

134 4975 259 5045 τὴν
300 4969 611 5041 ὑπηρεσίαν
669 4967 779 5021 τῶν
838 4962 1083 5034 ἀδελφῶν
1136 4963 1252 5031 μετ’
1322 4959 1606 5023 εὐλαϐείας
1651 4958 1746 5011 καὶ

135 5069 432 5130 πίστεως,
471 5062 636 5133 φόϐου
692 5077 754 5114 τε
806 5058 973 5124 θείου,
1022 5054 1422 5121 καταδέξασθαι
1473 5051 1601 5123 χρὴ,
1672 5050 1747 5113 ὡς

135 5158 301 5215 Θεοῦ
339 5154 550 5226 ἐντολῇ,
583 5153 677 5207 καὶ
722 5152 798 5217 ὼς
832 5148 1193 5221 πνευματικῷ
1234 5146 1523 5218 πράγματι
1566 5143 1747 5197 διακο-

134 5249 500 5321 νουμένους’
547 5246 662 5300 ἀλλ’
690 5245 790 5315 οὐχ
836 5242 911 5306 ὼς
951 5240 1081 5310 παρ’
1110 5238 1415 5309 ἀνθρώπων
1464 5236 1678 5308 μισθὸν,
1712 5234 1746 5305 ἢ

136 5340 359 5413 τιμὴν,
396 5338 491 5391 καί¹
514 5334 866 5407 εὐχαριστίαν
895 5331 1377 5405 προσδοκωμένους
1398 5344 1410 5358 ·
1452 5328 1585 5399 μηδὲ
1627 5327 1746 5380 δόν-
1775 5371 1779 5375 .

132 5450 260 5496 τας
319 5429 508 5501 χώραν
553 5428 691 5491 ὅλως
749 5423 1072 5496 γογγυσμῷο
1139 5421 1173 5491 ἢ
1225 5419 1661 5491 ὑψηλοφροσύνην
1712 5418 1745 5487 ἢ

134 5524 407 5598 ἀμελείᾳ
445 5523 539 5575 καὶ
587 5519 921 5591 χαυνότητιο
974 5516 1049 5580 ὡς
1108 5513 1183 5587 μὴ
1233 5515 1296 5567 τὸ
1345 5512 1550 5583 ἀγαθὸν
1592 5512 1751 5565 τοῦτο

138 5617 335 5687 ἔργον
391 5610 714 5664 σπιλοῦσθαι
758 5608 853 5663 καὶ
884 5601 1396 5676 παραφθεφεσθαι,
1440 5601 1529 5656 διὰ
1568 5601 1624 5656 δὲ
1649 5600 1749 5672 τῆς

235 5730 287 5761 ⁸⁸
321 5726 448 5784 Gal.
485 5742 541 5793 v,
572 5725 663 5780 22.

1918 4774 2031 4829 VII.
2072 4773 2207 4837 Illis,
2240 4772 2334 4843 qui
2364 4771 2615 4827 nondum
2637 4770 2829 4825 valent
2854 4768 2926 4822 ob
2961 4766 3263 4822 ruditatem
3286 4764 3442 4820 velut

1847 4864 2143 4935 quamdam
2168 4863 2438 4929 infantiae,
2464 4877 2524 4918 se
2552 4870 2699 4916 totos
2737 4859 2999 4914 addicere
3023 4858 3198 4912 amori
3222 4871 3442 4912 summo

1848 4957 2045 5011 anima:
2082 4956 2209 5010 nisu
2237 4954 2573 5021 exercendo,
2601 4953 2884 5016 convenit,
2912 4967 2971 5007 se
3018 4951 3167 5021 ipsos
3219 4951 3438 5019 impen-

1851 5051 1984 5106 dere
2016 5049 2329 5104 ministerio
2377 5048 2637 5114 fratrum,
2667 5045 2863 5101 sedulo
2894 5044 3031 5098 illud
3064 5059 3128 5098 ac
3161 5059 3288 5098 cum
3333 5041 3442 5096 ﬁde

1855 5142 2164 5211 timoreque
2196 5140 2385 5195 divino
2414 5136 2830 5208 amplectendo,
2863 5143 3125 5204 tanquam
3166 5134 3264 5188 Dei
3293 5148 3444 5187 man-

1856 5232 1984 5288 dato
2010 5233 2066 5286 in
2103 5231 2324 5302 negotio
2362 5229 2642 5300 spirituali
2666 5228 3077 5298 obsequentes;
3110 5242 3221 5281 non
3257 5234 3443 5279 autem

1856 5323 1926 5378 ab
1966 5321 2287 5376 hominibus
2319 5320 2658 5385 mercedem,
2698 5326 2795 5373 aut
2843 5318 3136 5380 honorem,
3179 5325 3274 5371 aut
3316 5331 3443 5386 gra-

1856 5414 2060 5469 tiarum
2102 5412 2380 5467 actionem
2427 5417 2844 5480 exspectantes;
2890 5425 2993 5464 nec
3024 5409 3221 5463 dantes
3262 5409 3443 5462 locum

1856 5505 2083 5563 omnino
2107 5505 2281 5560 ullum
2312 5502 2763 5569 murmurationi,
2790 5502 3447 5573 superbizemegligentiae

1858 5599 2208 5673 etxtorpori;
2261 5612 2331 5654 ne
2380 5597 2588 5654 bonum
2635 5595 2782 5653 istud
2831 5609 2973 5666 opus
3028 5593 3297 5651 maculari
3351 5600 3448 5648 aut
