4044 6538
711 281 818 346 859
1953 281 2016 344 S.
2054 278 2376 342 MACARII
2413 277 2736 344 EGYPTII
3783 308 3847 369 ξω

714 389 1001 463 corrumpi
1031 385 1314 464 contingat
1344 409 1360 447 :
1396 392 1493 449 sed
1519 407 1619 466 per
1639 394 1900 494 pietatem
1928 393 2115 494 potius
2137 391 2300 461 impi-

2255 391 2300 445 i-
2326 392 2374 452 Α
2401 389 2692 457 εὐλαϐείας
2739 393 2961 464 μᾶλλον,
3006 396 3102 450 καὶ
3129 397 3238 494 χτοῦ
3269 399 3462 468 φόόου,
3515 405 3598 458 καὶ
3640 408 3716 476 τῆς
3735 418 3848 484 Α(ιὲίὶ

712 498 864 554 gram
889 498 1015 538 cum
1056 481 1152 537 Dei
1184 483 1384 540 timore
1412 490 1469 538 et
1503 483 1671 539 alacri
1701 482 1888 538 laetitia
1917 484 2290 553 coniunctam,

1736 482 1888 538 etitia
1917 484 2290 553 conjunctam,
2393 483 2790 554 εὐπρόσδεκτον
2816 484 2896 558 τῷ
2927 484 3050 558 Θεῷ
3069 481 3333 556 γίνεσθαι.

710 583 933 645 gratum
973 573 1117 630 idem
1152 584 1557 645 acceptumque
1580 575 1694 630 Deo
1717 574 1830 628 flat.

781 664 921 719 Vlll.
958 663 1135 720 Tanta
1190 664 1534 719 humanitate
1597 673 1653 718 ct
1693 663 1940 718 bonitate
1987 663 2044 731 (0
2091 661 2292 718 divina:

2254 678 2292 718 me
2467 661 2552 720 Il'.
2583 664 2835 737 Τοσαύτη
2864 666 3248 740 φιλανθρωπίᾳ
3294 669 3392 723 καὶ
3439 672 3851 752 ἀγαθότητιμῖιτεη

711 755 766 810 in
817 771 916 810 nos
942 756 1335 813 misericordia:
1364 755 1638 824 viscera!)
1664 756 1889 810 demisit
1934 771 1993 811 se
2045 754 2113 810 ad
2156 770 2292 810 con-

2253 775 2292 810 ι-
2397 755 2561 812 θείων
2600 757 2926 827 σπλάγχνων
2973 760 3103 829 περὶ
3152 761 3358 831 ήμᾶςῐ)
3392 770 3673 840 συγκατέδη
3695 781 3850 840 rami.

711 848 1001 904 sulendum
1023 849 1342 904 hominibus
1368 847 1661 912 Dominus,
1689 857 1750 903 ut
1779 849 1973 905 sedulo
2007 849 2114 903 hoc
2143 855 2290 918 agat,

2256 855 2290 914 ῐ,
2397 846 2634 916 θρώποις
2656 850 2684 900 ό
2716 848 2944 918 Κύριος,
2988 851 3150 904 τοῦτο
3175 859 3688 928 πραγματευόμενος,
3719 869 3763 921 τδ
3787 891 3853 944 μη,

709 955 779 994 ne
814 943 1105 1011 quisquam
1140 941 1271 996 boni
1307 942 1492 1012 operis
1527 942 1786 998 mercede
1819 958 1920 1013 per
1953 957 2106 997 suam
2131 942 2292 995 ineu-

2256 960 2292 994 ι-
2394 937 2522 992 δένα
2561 939 2725 1009 ἔργου
2759 940 2969 1008 ἀγαθοῦ
3013 943 3205 1011 μισθὸν
3230 947 3474 1016 παριδεῖν
3497 965 3511 978 ⁸
3550 952 3651 1006 ἀλλ’
3683 958 3762 1011 ἀπὸ

708 1029 845 1082 riam
885 1029 1212 1096 fraudetur;
1255 1031 1351 1085 sed
1388 1048 1419 1086 a
1447 1033 1632 1102 parvis
1678 1032 1745 1086 ad
1799 1033 2036 1103 majores
2062 1031 2294 1087 virtutes

2256 1047 2294 1087 rs
2397 1029 2610 1101 μικρῶν
2628 1031 2720 1083 ἐπὶ
2745 1031 2844 1095 τὰς
2869 1031 3093 1102 μείζους
3123 1035 3229 1089 τῶν
3260 1039 3491 1108 ἀρετῶν,
3521 1044 3700 1109 πάντας
3721 1052 3853 1118 ἀναγι-

709 1125 942 1172 cunctos
966 1117 1122 1187 quasi
1156 1119 1491 1188 quibusdam
1517 1121 1778 1192 gradibus
1801 1121 2099 1191 provehat,
2135 1120 2209 1175 ita
2233 1129 2294 1176 ut

2256 1129 2294 1174 ιι
2394 1123 2510 1188 γεῖν
2539 1136 2551 1151 ·
2583 1122 2644 1174 τὸ
2677 1123 2810 1192 μηδὲ
2848 1126 3109 1198 ποτήριον
3151 1127 3360 1197 ψυχροῦ
3409 1130 3588 1196 ὕδατος
3627 1117 3853 1211 ἀποστερεῖν

711 1223 782 1262 ne
810 1211 1090 1279 porrectio
1124 1211 1349 1282 quidem
1394 1214 1580 1268 calicis
1614 1230 1767 1284 aqua:
1800 1213 2011 1285 frigidae
2037 1214 2293 1270 mercede

2261 1229 2293 1269 e
2393 1213 2734 1276 ἀντιδόσεως.
2764 1216 2963 1287 Εἴρηκε
2995 1219 3105 1288 γάρ
3130 1235 3144 1249 ·
3175 1221 3281 1285 Ὃς
3311 1221 3388 1274 ἂν
3425 1226 3632 1294 ποτίσῃ
3661 1234 3857 1300 ποτήριον

705 1297 948 1353 caritura
980 1301 1074 1356 sit.
1108 1300 1256 1355 Dixit
1294 1302 1485 1356 enim:
1519 1303 1620 1368 Qui
1650 1305 1849 1357 dederit
1890 1303 2105 1358 calicem
2139 1320 2292 1374 aqua:

2259 1320 2292 1358 ε
2393 1304 2635 1372 ψυχροῦ
2667 1313 2863 1374 μόνον
2915 1311 3001 1373 εις
3029 1309 3222 1380 ὄνομα
3264 1315 3553 1381 μαθητοῦ,
3593 1318 3728 1385 ἀμὴν

712 1390 922 1461 frigidm
948 1401 1157 1449 tantum
1199 1395 1254 1449 in
1285 1398 1494 1450 nomine
1518 1398 1783 1468 discipuli,
1810 1414 1962 1452 amen
1992 1399 2105 1452 dico
2129 1400 2291 1464 vobis,

2260 1417 2291 1464 ς,
2393 1394 2554 1464 ὑμῖν,
2614 1398 2685 1450 οὐ
2737 1397 2822 1467 μὴ
2863 1399 3153 1454 ἀπολέσει
3201 1403 3309 1456 τὸν
3359 1400 3579 1472 μισθὸν
3609 1412 3773 1465 αὐτοῦ·
3801 1421 3857 1471 nl.

705 1498 810 1536 non
839 1486 1020 1554 perdet
1059 1488 1349 1542 mercedem
1378 1505 1533 1542 suam
1557 1489 1626 1542 ³³.
1662 1489 1729 1542 Et
1759 1505 1956 1544 rursus
1982 1505 1997 1542 :
2024 1489 2086 1574 In
2123 1506 2294 1559 quan-

2259 1508 2294 1541 ι,
2392 1482 2547 1550 αὖθις
2579 1503 2594 1518 ο
2670 1489 2795 1557 Ἐφ’
2855 1490 3009 1544 ὅσον
3055 1492 3146 1544 ἐνί
3211 1493 3389 1547 τοῦτο
3438 1497 3744 1565 ἐποιήσατε,
3778 1508 3856 1574 ἐμοὶ

708 1579 820 1624 tum
855 1575 951 1628 uni
978 1576 1073 1628 hoc
1114 1576 1333 1646 fecistis,
1374 1579 1500 1631 mihi
1536 1578 1726 1646 fecistis
1745 1578 1808 1632 "’.
1841 1567 2148 1633 Dummodo
2191 1594 2293 1634 se—

2259 1607 2293 1619 ..
2390 1571 2741 1642 ἐποιήσατε.
2771 1577 2946 1630 Μόνον
2971 1580 3116 1632 κατὰ
3167 1580 3299 1633 Θεὸν
3327 1583 3388 1636 τὸ
3433 1588 3705 1656 γινόμενον,
3730 1567 3856 1667 καὶτμὴ

703 1664 948 1716 cundum
974 1664 1146 1718 Deum
1180 1665 1297 1730 fiat,
1331 1667 1481 1737 quod
1513 1668 1609 1733 fit;
1657 1677 1712 1723 et
1753 1683 1874 1722 non-
1902 1678 2129 1738 propter
2161 1669 2282 1723 lau—

2262 1699 2282 1709 -
2318 1730 2357 1751 n
2392 1663 2531 1718 κατά
2579 1665 2735 1730 δόξαν
2783 1668 3036 1734 γινέσθω.
3075 1672 3382 1743 προσέθηκε
3431 1677 3539 1745 γάρ
3572 1693 3585 1705 ·
3624 1684 3775 1746 μόνον

702 1751 828 1808 dem
884 1755 1181 1810 humanam
1237 1757 1366 1824 fiat;
1415 1759 1666 1830 adiunxit
1708 1759 1902 1814 enim:
1948 1760 2173 1814 Tantum
2227 1762 2282 1814 in

2258 1777 2282 1814 ιι
2317 1730 2358 1786 Β
2388 1757 2573 1823 ὄνομα
2595 1730 2866 1826 μαθητοῦ
2889 1775 2904 1790 ·
2923 1730 3169 1815 τουτέστι
3195 1730 3343 1836 φόϐίρ
3371 1730 3466 1820 καλ
3490 1730 3855 1843 ἀγάπῖηνῖίριστοῦἶ

703 1847 911 1899 nomine
953 1849 1226 1919 discipuli,
1271 1850 1378 1906 hoc
1408 1860 1516 1917 est,
1548 1867 1614 1908 ex
1648 1852 1961 1907 reverentia
1990 1861 2046 1907 et
2092 1869 2279 1908 amore

2260 1869 2279 1908 Ξ
2380 1856 2493 1918 τοῖς
2535 1856 2643 1927 γὰρ
2705 1857 3088 1923 ἐπιδεικτικῶς
3150 1862 3211 1914 τὸ
3280 1863 3488 1929 ἀγαθὸν
3567 1869 3770 1936 parmis:
3801 1873 3857 1924 καὶ

699 1933 926 1991 Christi.
960 1937 1096 1992 Nam
1131 1939 1220 2000 iis.
1259 1941 1354 2010 qui
1385 1943 1774 1997 ostentationis
1814 1943 1986 2013 gratia
2037 1959 2150 1998 rem
2176 1943 2280 1997 bo-

2257 1972 2280 1983 -
2385 1947 2740 2016 μεμφόμενος
2779 1952 2806 2002 ό
2843 1950 3068 2020 Κύριος,
3106 1953 3378 2022 ἀποφάσει
3441 1933 3628 2030 βεϐαίᾳ
3662 1960 3736 2013 τὸν
3754 1962 3854 2029 λέγων

698 2041 824 2080 nam
856 2038 1258 2098 exsequuntur,
1290 2033 1709 2102 reprehendens
1738 2034 2022 2096 Dominus,
2047 2043 2103 2088 et
2132 2049 2280 2088 assc-

2258 2064 2280 2078 -
2378 2039 2811 2110 ἀσςραλιςόμενος
2855 2044 3073 2111 ἐπάγει,
3110 2044 3282 2113 λέγων
3308 2066 3322 2082 α
3369 2049 3557 2117 Ἀμὴν
3583 2051 3716 2119 λέγω
3738 2055 3855 2122 ὑμῖν·

697 2121 981 2175 veratione
996 2131 1147 2176 certa
1166 2125 1495 2179 sententiam
1520 2130 1872 2191 conﬁrmans,
1890 2127 2172 2197 subjungit
2189 2127 2276 2180 di-

1717 2127 2276 2197 nans,subjungitdi-
2375 2131 2678 2201 ἀπέχουσι
2713 2134 2822 2188 τὸν
2840 2137 3072 2205 μισθὸν
3094 2139 3314 2194 αὐτῶν.

697 2221 829 2262 cens
849 2225 862 2261 :
890 2210 1053 2264 Amen
1071 2213 1184 2265 dico
1201 2213 1340 2267 vobis
1365 2231 1382 2268 :
1410 2225 1712 2286 receperunt
1730 2207 2015 2270 mercedem
2031 2233 2183 2270 suam
2205 2217 2272 2270 ⁸⁸.

770 2298 862 2353 ΙΧ.
908 2301 1244 2372 Simplicitas
1283 2313 1411 2360 ante
1471 2306 1597 2372 alia,
1657 2315 1714 2362 et
1766 2316 1954 2361 mutua
2007 2307 2270 2374 Charitas,

2255 2348 2270 2374 ,
2441 2302 2519 2361 ϐ’.
2593 2305 2661 2359 Ἦ
2690 2308 2933 2378 ἁπλότης
2982 2311 3090 2380 πρὸ
3138 2313 3248 2366 τῶν
3287 2314 3466 2368 ἄλλων
3507 2317 3655 2388 καὶὴ
3695 2322 3850 2388 ἀφέλεια

694 2397 752 2444 et
785 2393 1068 2460 gaudium,
1112 2404 1167 2449 et
1199 2396 1483 2452 humilitas
1517 2399 1742 2452 omnino
1780 2398 2272 2468 tanquam'funda-

2258 2429 2272 2440 -
2371 2398 2466 2452 uel.
2501 2401 2533 2469 ή
2572 2399 2710 2469 πρὸς
2732 2401 2998 2472 ἀλλήλους
3021 2405 3236 2474 ἀγάπη,
3267 2409 3363 2460 καὶ
3406 2410 3570 2480 χαρὰ,
3619 2413 3704 2464 καὶ
3724 2419 3855 2468 smi-

694 2494 942 2539 mentum
993 2487 1418 2544 substernantur
1462 2491 1518 2544 in
1560 2491 1928 2557 fraternitate,
1979 2508 2048 2548 ne
2102 2508 2271 2562 super

2257 2510 2271 2548 ξ
2369 2507 2555 2554 νωσις,
2585 2492 2648 2544 ὲκ
2681 2493 2883 2556 παντὸς
2922 2495 3147 2565 τρόπου,
3181 2497 3371 2569 ῶσπερ
3409 2517 3496 2564 τις
3530 2501 3746 2572 θεμέλιος
3767 2507 3854 2558 ὑπι-

693 2589 795 2630 nos
831 2576 1064 2631 invicem
1089 2579 1240 2644 elati,
1271 2587 1328 2634 et
1379 2597 1524 2636 unus
1567 2582 1635 2637 de
1669 2583 1777 2637 alio
1840 2590 2265 2649 murmurantes,

2257 2626 2265 2649 ,
2369 2583 2758 2652 ϐεϐλήσθωσαν
2797 2587 2854 2639 ὲν
2907 2591 2973 2658 τῇ
3019 2585 3365 2662 ἀδελφότητι,
3421 2593 3508 2646 ῖνα
3565 2594 3635 2665 μὴ

695 2664 944 2719 inutilem
997 2669 1158 2723 nobis
1201 2669 1449 2726 laborem
1489 2671 1810 2729 efﬁciamus.
1861 2675 2003 2739 Ergo
2040 2693 2136 2732 nec
2171 2679 2266 2746 qui

2257 2679 2266 2733 ί
2367 2675 2852 2744 κατεπαιρόμενοι,
2876 2680 2970 2730 καὶ
3004 2680 3539 2749 καταγογγύζοντες,
3571 2687 3785 2755 ἀνόνητον
3799 2690 3854 2738 τὲι

693 2755 812 2810 sine
866 2755 1276 2816 intermissione
1315 2761 1579 2830 perdurat
1629 2763 1685 2817 in
1733 2765 2099 2831 orationibus,
2141 2769 2265 2825 ideo

2255 2787 2265 2822 ι
2365 2765 2614 2835 κάματον
2633 2767 3028 2840 ἀποδείξωμεν.
3056 2774 3166 2826 Καὶ
3186 2778 3323 2844 μήτε
3348 2777 3725 2843 ὁὰδιαλείπτως
3742 2798 3852 2850 πρισ-

690 2861 750 2902 se
787 2863 888 2919 per
933 2853 1300 2920 arrogantiam
1348 2854 1574 2908 extollat
1610 2871 1776 2926 supra
1818 2873 1968 2924 eum,
2005 2861 2101 2929 qui
2160 2862 2264 2918 hoc

2256 2879 2264 2918 ε
2364 2860 2650 2932 καρτερῶν
2675 2863 2795 2924 ταῖς
2828 2863 3034 2931 εὐχαῖς,
3068 2867 3162 2917 τοῦ
3211 2867 3285 2937 μὴ
3322 2867 3471 2927 οὕτω
3502 2875 3663 2923 ποιεῖν
3690 2873 3853 2940 δυναμέ-

689 2939 874 2995 facere
898 2957 1009 2996 non
1036 2952 1250 3012 potest;
1286 2960 1466 3015 neque
1487 2947 1582 3016 qui
1610 2949 1920 3006 ministerio
1940 2967 1998 3006 se
2027 2953 2260 3019 addixit,

2256 2998 2260 3015 ,
2363 2967 2454 3004 νου
2503 2954 2958 3022 κατεπαιρέσθω·
3011 2957 3150 3027 μήτε
3206 2960 3235 3011 ό
3303 2964 3370 3031 τῇ
3422 2962 3658 3034 διακονίᾳ
3724 2939 3853 3016 ἑαντῶ

686 3029 757 3085 de
785 3032 898 3097 illo,
947 3035 1042 3104 qui
1074 3036 1312 3090 orationi
1353 3047 1531 3103 vacat,
1567 3053 1896 3099 murmuret.
1935 3045 2155 3101 Etenim
2213 3049 2258 3103 si

2252 3049 2258 3103 ἱ
2285 3067 2334 3129 c
2366 3043 2630 3109 ἐκδιδοὺς,
2662 3045 2755 3099 τοῦ
2783 3049 2850 3118 τῇ
2886 3052 3162 3120 προσευχῇ
3195 3029 3555 3121 σχολάζοντος
3584 3029 3849 3123 natarum-

685 3124 955 3194 ejusmodi
1003 3127 1330 3197 simpliciter
1383 3132 1636 3188 ac'bona
1687 3135 2045 3206 dispositione
2091 3140 2260 3197 animi

2256 3146 2260 3197 ί
2295 3124 2332 3129 “
2364 3134 2505 3198 ζέτω
2529 3150 2542 3163 ·
2573 3134 2648 3198 ὡς
2697 3136 2751 3187 εί
2786 3153 2850 3204 γε
2897 3137 3034 3207 μετὰ
3076 3141 3335 3212 τοιαύτης
3385 3144 3678 3214 ἁπλότητος
3712 3163 3759 3198 τε
3794 3150 3853 3200 vi

685 3229 816 3285 erga
850 3231 909 3270 se
941 3215 1179 3273 invicem
1225 3219 1410 3275 affecti
1447 3221 1672 3289 fuerint,
1700 3227 1849 3295 quod
1903 3227 2146 3284 abundat
2203 3231 2259 3287 in

2255 3257 2259 3287 γ
2361 3223 2654 3289 διαθέσεως
2693 3225 2945 3297 ἀλλήλοις
2967 3232 3382 3303 προσφέροιντο,
3417 3236 3630 3306 γίνηται
3647 3238 3700 3290 τὸ
3722 3239 3852 3308 περίε-

692 3314 1114 3374 perseveranter
1175 3310 1486 3375 orantibus,
1543 3314 1874 3373 redundabit
1927 3319 1982 3373 in
2040 3321 2259 3390 supple-

2254 3352 2259 3362 .
2360 3333 2538 3388 τευμα
2574 3317 2683 3372 τῶν
2730 3323 2850 3384 ταῖς
2901 3323 3089 3392 εὐχαῖς
3146 3326 3664 3398 ἑμπαραμενόντων,
3705 3334 3776 3384 ἐπὶ
3813 3332 3851 3383 τί

685 3402 930 3448 mentum
986 3397 1128 3466 ejus,
1189 3399 1336 3467 quod
1384 3401 1827 3462 ministrantibus
1871 3407 2258 3466 deest:vicis-

2254 3445 2258 3454 -
2361 3409 2648 3481 ὑστέρημα
2700 3412 2807 3467 τῶν
2855 3413 3286 3471 διακονούντων·
3341 3421 3442 3475 καὶ
3499 3419 3649 3487 αὖθις
3690 3424 3740 3477 τὸ
3781 3425 3851 3477 τῶν

684 3483 899 3553 simque
929 3485 974 3538 si
1011 3486 1144 3555 quid
1174 3488 1542 3547 lucrabantur
1571 3495 1969 3566 ministrantes,
2015 3501 2258 3572 explebit

2255 3546 2258 3557 ,
2356 3504 2750 3560 διακονούντων
2772 3510 3115 3581 περίσσευμα
3141 3514 3234 3567 ἐπὶ
3261 3515 3322 3568 τὸ
3354 3518 3638 3589 ὑστέρημα
3666 3521 3752 3573 τῶν
3774 3523 3852 3582 ταῖς

683 3573 739 3630 in
777 3592 888 3646 quo
918 3576 1181 3635 deficient
1209 3584 1406 3640 attenti
1437 3587 1801 3644 orationibus.
1835 3591 1915 3645 Ex
1954 3607 2063 3660 qua
2101 3609 2255 3648 com-

2253 3625 2255 3634 ν
2357 3598 2545 3667 εὐχαῖς
2599 3573 2967 3668 σχολαζόντων
2995 3617 3010 3632 ο
3039 3573 3160 3656 οιαὶ
3201 3604 3344 3660 οὕτω
3402 3573 3604 3678 μᾶλλδν
3639 3613 3668 3681 ἡ
3710 3573 3850 3681 isti-frit;

677 3667 1003 3735 pensatione
1067 3673 1352 3741 aequalitas
1430 3677 1602 3748 magis
1658 3679 1880 3735 videtur
1934 3685 2252 3740 conservari

2355 3689 2498 3744 κατὰ
2551 3691 2613 3743 τὸ
2655 3667 2976 3762 εἰρημένον,
3027 3696 3288 3767 φαίνηται
3333 3667 3668 3772 conferti-Evn"
3707 3703 3780 3766 ὡς,

677 3773 862 3828 posse,
892 3776 1131 3832 congrue
1162 3765 1231 3819 ad
1269 3767 1401 3823 illud
1441 3787 1454 3823 :
1480 3769 1659 3842 Neque
1684 3774 2025 3844 qui'multum
2047 3776 2248 3843 habuit,

2352 3785 2513 3837 πολὺ
2539 3785 2651 3838 οὐκ
2693 3785 3030 3840 ἐπλεόνασε
3055 3803 3070 3818 ·
3100 3765 3194 3843 καί
3229 3790 3303 3854 ὡς
3332 3790 3392 3844 τὸ
3411 3765 3436 3856 ,ν
3464 3765 3530 3847 τὸ
3574 3765 3755 3864 diligor
3779 3796 3850 3847 aiis

677 3851 983 3918 abundavit,
1015 3871 1181 3927 neque
1206 3861 1297 3930 qui
1319 3878 1535 3931 parum.
1570 3864 1824 3934 defectum
1854 3869 2014 3920 sensit
2038 3868 2105 3922 ⁸⁸.

1206 3861 1297 3930 qui
1319 3878 1535 3931 parum.
1570 3864 1824 3934 defectum
1854 3869 2014 3920 sensit
2038 3868 2105 3922 ⁸⁸.
2351 3870 2790 3940 ἠλαττόνησεν.

749 3944 906 4014 177
946 3945 1012 4002 Χ.
1050 3947 1207 4005 Τιιιιο
1233 3951 1292 4006 fit
1322 3953 1415 4008 Dei
1439 3954 1693 4011 voluntas
1723 3957 1854 4011 sicut
1887 3960 1942 4011 in
1966 3958 2092 4013 cmla
2116 3967 2165 4013 et
2189 3962 2247 4015 in

2421 3959 2476 4014 Ρ.
2509 3961 2640 4014 Τότε
2677 3963 2885 4030 γίνεται
2922 3966 2984 4020 τὸ
3015 3967 3112 4021 τοῦ
3139 3969 3275 4023 Θεοῦ
3303 3971 3525 4044 θέλημα
3549 3975 3627 4041 ὡς
3651 3976 3712 4028 ἐν
3732 3977 3852 4042 οὐρα·

675 4040 823 4089 terra
852 4037 918 4103 '°,
947 4039 1189 4108 quando,
1225 4052 1287 4097 ut
1309 4041 1515 4099 dictum
1546 4056 1648 4113 est,
1687 4063 1789 4103 nos
1820 4049 1977 4104 nobis
2009 4051 2245 4106 invicem

2347 4048 2433 4116 νῷ
2471 4053 2570 4107 καὶ
2599 4055 2697 4108 ἐπί
2731 4056 2842 4126 τῆς
2880 4058 3014 4128 γῆς,
3043 4061 3170 4115 ὅταν
3211 4064 3308 4134 μὴ,
3341 4037 3539 4138 ὥσπερ
3569 4037 3849 4138 εῖρηται,

672 4141 782 4180 non
811 4131 1253 4200 prattulerimus;
1306 4137 1526 4204 quando
1569 4153 1679 4193 non
1713 4140 1889 4194 solum
1920 4141 2038 4196 sine
2070 4158 2243 4197 aemu-

2346 4139 2524 4212 λήλων
2552 4147 3034 4218 κατεπαιρὼμεθα,
3070 4131 3304 4225 ὃταν
3355 4131 3522 4226 μόνον
3550 4131 3698 4229 ζήλου
3733 4159 3850 4227 χωρξ

670 4216 896 4284 latione,
931 4221 1026 4275 sed
1049 4229 1106 4277 et
1129 4239 1254 4278 cum
1291 4235 1479 4281 mutua
1504 4230 1844 4287 exhibitione
1874 4233 2241 4303 simplicitatis

2345 4232 2481 4288 ἀλλά
2508 4239 2602 4289 καὶ
2630 4216 2934 4311 ἁπλότητος
2970 4244 3029 4296 ἐν
3058 4216 3257 4317 μετοχῇ
3291 4216 3394 4302 ὶωὶι
3425 4216 3662 4317 ἀγάπης,
3686 4216 3847 4317 cit-iiii;

668 4316 726 4362 et
768 4309 1074 4375 charitatis,
1113 4314 1521 4388 alacritatisque
1554 4320 1687 4376 lzrtm
1724 4325 1955 4377 connexi
2003 4324 2238 4381 invicem

2267 4409 2290 4411 _
2341 4343 2400 4378 τε
2448 4328 2542 4381 καὶ
2572 4332 2744 4400 χαρᾶς
2777 4309 3111 4404 συνημμένοι
3167 4309 3356 4407 (iniu,
3403 4309 3658 4411 ἀλλήλοις
3685 4309 3846 4410 τιξίςέι

558 4450 559 4453 η
668 4398 959 4463 fuerimus,
1002 4419 1334 4476 unoquoque
1377 4409 1462 4462 sui
1507 4411 1749 4466 vicissim
1783 4415 2015 4484 proximi
2050 4433 2155 4486 pro

2262 4409 2317 4469 D
2344 4398 2582 4491 πλησίον.
2603 4424 2884 4495 προκοπὴν
2900 4398 3072 4490 -ίδίαν,
3108 4428 3184 4492 ὡς
3219 4398 3370 4496 δέον,
3428 4398 3544 4486 καὶ.
3569 4398 3663 4503 τὴν
3697 4398 3843 4484 ἐκείνω

667 4499 817 4547 etum
851 4494 1002 4550 velut
1032 4499 1336 4568 proprium,
1370 4504 1834 4572 quemadmodum
1869 4523 1966 4577 par
1998 4519 2115 4576 est;
2155 4511 2234 4564 si-

2339 4514 2631 4584 ὑστέρησιν
2679 4494 2879 4584 ζημίαν
2913 4519 3122 4571 ἑαυτῶν
3151 4494 3518 4593 λογιζόμενοι,
3551 4494 3638 4578 καῖ
3679 4527 3733 4594 τῇ
3756 4524 3845 4592 εὐχῇ

667 4584 985 4656 militerque
1020 4590 1253 4646 alterius
1300 4592 1594 4659 defectum,
1630 4598 1901 4667 jacturam
1953 4601 2233 4670 propriam

2339 4607 2588 4677 ὀκνηρὸς,
2623 4608 2715 4660 καὶ
2742 4612 2807 4680 τῇ
2847 4610 3090 4683 διακονίᾳ
3120 4584 3235 4666 τῶν
3267 4584 3517 4686 ἀδελφῶν
3546 4619 3634 4671 καὶ

666 4687 957 4746 reputante
991 4698 1004 4735 :
1051 4691 1308 4737 caeterum
1349 4684 1403 4738 in
1447 4687 1696 4742 oratione
1735 4689 1908 4759 piger,
1939 4690 2142 4759 quique
2174 4691 2230 4746 in

2336 4694 2400 4764 δή
2432 4713 2559 4759 τινι,
2602 4695 2747 4768 ἔργῳ
2785 4699 2861 4768 τῷ
2880 4702 3041 4766 ἱκατά
3091 4704 3225 4758 Θεὸν
3265 4684 3542 4780 γινομένῳ
3581 4710 3766 4780 χαύνως
3784 4709 3845 4760 ni

665 4768 974 4824 ministerio
1013 4771 1246 4828 fratrum
1273 4784 1368 4830 aut
1394 4791 1560 4846 opere
1587 4779 1716 4842 alio,
1748 4781 1893 4850 quod
1926 4783 2228 4839 secundum

2333 4782 2552 4852 ἀμελῶς
2579 4783 2936 4855 διακείμενος,
2963 4785 3117 4854 οὗτος
3133 4793 3241 4846 ἀπὸ
3269 4768 3362 4848 τοῦ
3392 4768 3709 4852 "AT-’8“:le
3727 4768 3843 4867 ἀργὸς

662 4858 834 4917 Deum
879 4862 958 4930 fit,
994 4864 1252 4937 languide
1291 4878 1348 4924 et
1391 4871 1731 4941 negligenter
1763 4883 2030 4935 versatus.
2063 4891 2126 4932 ac
2155 4877 2224 4933 ab

2333 4874 2630 4946 διαρρήδην
2651 4877 3004 4950 καλούμενος,
3028 4885 3194 4938 αὐτοῦ
3221 4887 3313 4940 τοῦ
3336 4887 3507 4959 ἄρτου
3533 4892 3730 4958 ἀνάξιος
3748 4885 3843 4944 εἶναι

659 4953 920 5025 Apostolo
953 4957 1106 5030 piger
1135 4959 1340 5015 diserte
1377 4972 1626 5029 vocatus,
1672 4963 1792 5033 ipso
1832 4981 2051 5035 quoque
2089 4983 2228 5036 pane

2334 4969 2774 5039 καταψηφίζεται
2798 4987 2815 5004 ·
2859 4972 3048 5044 εἴρηκε
3090 4978 3200 5045 γάρ
3228 4995 3242 5009 ·
3296 4953 3385 5034 ’0-
3413 4982 3486 5036 δὲ
3525 4953 3845 5055 ἀργός-ήμηᾶ

660 5047 917 5118 indignus
945 5052 1354 5121 pronuntiatur.
1397 5055 1545 5110 Dixit
1578 5056 1730 5110 enim
1763 5075 1775 5111 :
1818 5057 1918 5123 Qui
1946 5077 2051 5115 non
2085 5060 2229 5115 labo-

2330 5057 2594 5112 ἐσθιέτω·
2629 5060 2724 5113 καὶ
2759 5060 3015 5132 ἀλλαχοῖν
3057 5064 3208 5134 Τοὺς
3227 5067 3296 5122 δὲ
3321 5047 3715 5142 ἀργιοὺςνκοίο
3738 5047 3843 5135 Θεέ(

657 5139 764 5203 nit,
795 5155 887 5193 nec
910 5142 1189 5196 manducet
1221 5143 1264 5175 “
1293 5160 1308 5198 :
1353 5144 1420 5199 Et
1451 5145 1581 5200 alibi
1615 5163 1628 5200 :
1668 5146 1854 5218 Pigros
1885 5161 2059 5206 autem
2093 5153 2228 5207 Deus

2324 5149 2512 5220 μισεῖ.
2557 5151 2675 5216 καὶ,
2709 5153 2764 5204 '0
2791 5153 2974 5222 ἀργὸς
3002 5156 3146 5212 οὐδὲ
3184 5139 3595 5228 πιστός-εἴναι
3634 5167 3841 5220 δύναται.

653 5230 782 5284 odit.
815 5231 881 5285 Et
904 5247 920 5285 :
943 5233 1100 5303 Piger
1124 5251 1221 5289 nec
1250 5234 1423 5302 ﬁdelis
1450 5252 1560 5290 esse
1584 5245 1771 5308 potest.
1804 5240 1871 5294 Et
1897 5239 2174 5312 Sapientia
2209 5263 2223 5299 :

2329 5241 2441 5295 Καὶ
2483 5243 2653 5310 Σοφία
2675 5261 2688 5276 ⁸
2723 5247 2974 5316 Πολλὴν
3037 5253 3290 5321 κακίαν,
3348 5257 3454 5327 ἔφη
3477 5297 3493 5322 ,
3549 5255 3840 5321 ἐδίδαξενή

654 5321 878 5378 Multam
911 5325 1174 5381 malitiam
1203 5329 1376 5382 docuit
1406 5331 1642 5386 otiositas
1665 5331 1732 5388 “.
1760 5331 2031 5390 Convenit
2059 5335 2223 5408 igitur

2334 5333 2532 5403 ἀργία.
2566 5337 2842 5408 Ιῐροσήκει
2869 5344 3162 5414 τοιγαροῦν
3200 5321 3454 5404 ἕκαστον-
3481 5321 3664 5406 όποῖον
3696 5350 3840 5419 δήτπε

654 5429 1120 5490 unumquemque,
1139 5421 1516 5492 qualecunque
1545 5436 1686 5494 Opus
1712 5467 1727 5494 ,
1759 5424 1906 5496 quod
1929 5426 2025 5483 Dei
2056 5443 2220 5485 causa

2326 5429 2486 5500 ἔργον
2515 5429 2656 5484 κατὰ
2695 5429 2830 5486 Θεὸν
2859 5434 3143 5503 γινόμενον
3173 5445 3571 5514 καρποφορεῖν,
3601 5443 3687 5496 καὶ
3716 5454 3839 5493 στω-

718 5619 765 5651 "
784 5619 1189 5715 ἔξειμι)...χέ
1233 5713 1246 5715 ξ
1267 5628 1311 5715 ξ’
1333 5629 1531 5715 Μιιιιξλἱ
1552 5650 1674 5705 xxv,
1716 5635 1806 5692 ιο.
1882 5637 1929 5670 ⁸⁸
1954 5637 2146 5694 Matth.
2172 5654 2247 5706 Vl,
2279 5638 2310 5695 5

2240 5638 2330 5703 ,5.
2407 5639 2452 5674 ⁸⁸
2474 5637 2646 5697 Exod.
2679 5656 2789 5712 xw,
2831 5643 2916 5699 18.
2995 5645 3039 5679 ⁶⁰
3077 5645 3366 5715 Matta.vr,
3430 5655 3484 5705 δ.
3567 5650 3605 5683 ’³
3646 5647 3837 5704 [Thess

648 5703 726 5753 ιιι,
784 5689 868 5744 10.
949 5695 993 5726 ⁸⁸
1032 5694 1200 5752 Eccli.
1232 5713 1416 5769 xxxm,
1463 5701 1553 5760 29.
