4044 6524
169 283 276 350 861

163 490 230 544 τὸ
268 486 533 558 παράπαν
584 482 837 553 ἄκαρπος
894 479 1304 549 εὑρισκόμενος,
1363 478 1630 549 ἀμέτοχος
1681 476 1767 529 είς

164 580 317 634 ἅπαν
346 576 440 630 καί⁵
471 574 581 628 τῶν
611 571 847 628 αίωνίων
882 568 1105 638 ἀγαθῶν
1136 568 1385 639 γένηται.

237 751 343 805 IA'.
376 748 524 820 Πρὸς
568 748 704 808 τοὺς
730 744 993 815 λέγοντας
1046 742 1306 797 ἀδύνατον
1352 737 1492 797 εἶναι
1526 733 1640 814 τῆς
1666 761 1760 798 τε-

162 840 448 910 λειότητος
492 836 808 907 ἐφικέσθαι,
847 832 941 886 καὶ
993 831 1093 902 τῆς
1142 829 1375 896 εἰσάπαξ
1437 830 1762 901 ἀπαλλαγῆς

164 933 281 988 τῶν
329 930 542 994 παθῶν,
573 928 622 980 εί
677 927 774 981 κα)⁸
816 926 915 995 τῆς
957 923 1247 994 μετουσίας
1296 924 1391 975 καὶ
1427 922 1759 991 πληρώσεως

164 1026 265 1079 τοῦ
307 1020 511 1091 ἀγαθοῦ
549 1020 733 1089 τυχεῖν
777 1015 1116 1086 Πνεύματος,
1149 1016 1449 1082 ἀναγκαῖον
1500 1013 1598 1084 τὴν
1649 1014 1759 1067 ἀπὸ

162 1116 278 1168 τῶν
309 1113 471 1167 θείων
509 1110 746 1182 Γραφῶν
768 1106 1075 1179 μαρτυρίαν
1099 1106 1433 1174 ἐπενεγκεῖν,
1465 1105 1559 1159 καὶ
1587 1104 1757 1168 δεῖξαι

164 1208 356 1270 κακῶς
372 1205 579 1266 εἰδότας
601 1202 819 1264 αὐτοὺς,
849 1198 1058 1269 ψευδῶς
1086 1215 1146 1251 τε
1175 1196 1292 1268 ἅμα
1319 1200 1412 1251 καὶ
1442 1196 1756 1267 ἐπισφαλῶς

162 1299 427 1365 λέγοντας
453 1311 467 1324 ο
497 1294 752 1347 Γίνεσθε
785 1291 915 1362 γὰρ,
944 1291 1108 1361 φησὶν
1160 1292 1189 1344 ὁ
1219 1289 1440 1361 Κύριος,
1465 1288 1562 1343 καὶ
1587 1288 1756 1357 ὑμεῖς

165 1387 408 1452 τέλειοι,
435 1385 515 1452 ὡς
539 1388 571 1439 ό
586 1383 798 1457 ,Πατὴρ
816 1380 1015 1451 ὐμῶνό
1042 1381 1322 1449 οὐράνιος
1348 1380 1576 1445 τέλειός
1597 1382 1750 1434 ἐστι·

165 1483 268 1535 καὶ
293 1478 530 1547 παντελῆ
571 1474 920 1545 καθαρότητα
939 1473 1026 1526 διὰ
1055 1473 1259 1527 τούτων
1294 1473 1597 1542 σημαίνωνο
1626 1472 1747 1532 καὶ,

166 1571 339 1625 Θέλω
375 1570 476 1623 ἵνα
506 1566 659 1619 ὅπου
692 1564 807 1634 ειμι
826 1561 939 1631 ἐγὼ
968 1562 1065 1617 καὶ
1098 1558 1263 1618 οὗτοι
1286 1557 1398 1616 ὦσι
1432 1564 1557 1631 μετ’
1582 1562 1748 1631 ἐμοῦ,

164 1663 276 1716 ἵνα
318 1659 580 1729 θεωρῶσι
614 1656 730 1724 τὴν
785 1653 976 1719 δόξαν
1031 1653 1148 1722 τὴν
1205 1654 1381 1724 ἐμήν.
1426 1654 1610 1708 Τάῦτα
1659 1652 1749 1707 τοῦ

165 1725 465 1825 εἰρηκότος
525 1749 664 1803 είσίν
695 1764 710 1778 ·
780 1746 846 1799 '0
901 1746 1158 1815 οὐρανός
1212 1746 1312 1799 καί
1367 1746 1405 1813 ἡ
1464 1744 1540 1814 γῆ
1604 1725 1825 1813 παρ-Β

162 1846 507 1905 ελεύσεται,
550 1842 605 1893 οἱ
646 1837 715 1891 δὲ
751 1838 922 1907 λόγον
979 1853 1101 1906 μου
1144 1836 1216 1890 οὑ
1253 1834 1338 1904 μὴ
1372 1835 1748 1905 παρέλθωσι·

162 1938 270 1991 καὶ
304 1936 364 1989 τὺ
392 1933 483 1988 τοῦ
529 1931 877 1986 Ἀποστόλουο
922 1930 1054 1984 ἰνα
1091 1927 1573 1997 παραστήσωμεν
1601 1927 1754 1980 πάν-

163 2044 246 2082 τα
278 2028 592 2095 ἄνθρωπον
628 2025 861 2078 τέλειον
907 2023 976 2075 ἐν
1021 2021 1271 2091 Χριστῷ.
1316 2021 1426 2075 Καὶ
1457 2020 1536 2073 τό·
1570 2020 1752 2089 Μέχρι

163 2118 243 2173 δὲ
272 2116 741 2185 καταντήσωμεν
772 2118 824 2169 οἱ
848 2114 1071 2179 πάντες
1098 2114 1185 2178 είς
1214 2110 1329 2179 τὴν
1362 2110 1618 2176 ἑνότητα
1643 2108 1755 2177 τῆς

164 2212 453 2274 πίστεως,
475 2208 574 2261 καὶ
606 2205 715 2275 τῆς
743 2205 1119 2274 ἐπιγνώσεως
1140 2203 1246 2257 τοῦ
1284 2201 1418 2255 Υἱοῦ
1452 2202 1558 2255 τοῦ
1583 2202 1753 2268 Θεοῦ,

162 2301 260 2364 εις
287 2297 475 2365 ἄνδρα
511 2294 762 2360 τέλειον,
794 2297 882 2360 εις
904 2292 1124 2363 μέτρον
1153 2291 1392 2360 ἡλικίας
1448 2288 1554 2344 τοῦ
1599 2293 1753 2358 πλη-

158 2390 444 2459 ρώματος
480 2387 587 2441 τοῦ
619 2386 902 2455 Χριστοῦ,
934 2386 1015 2449 είς
1053 2387 1248 2437 ταυτὸν
1282 2385 1462 2454 φέρει.
1510 2382 1667 2435 Οῦτω
1699 2380 1756 2435 δὲ

167 2479 317 2549 πρὸς
354 2477 451 2548 τὴν
508 2476 825 2547 τελειότητα
872 2472 1195 2544 ἀφορῶντας
1226 2472 1512 2542 συμϐαίνει
1550 2472 1643 2524 δύο
1687 2470 1759 2523 τὰ

168 2568 445 2623 κάλλιστα
478 2568 745 2636 γίνεσθαι,
778 2564 1029 2619 σύντονον
1058 2582 1117 2618 τε
1147 2566 1240 2617 καὶ
1262 2566 1632 2618 ἀδιάπαυστον
1667 2562 1759 2615 τὸν

167 2656 369 2727 ἀγῶνα
400 2656 618 2725 ἔχοντας
652 2658 731 2719 εἰς
766 2654 828 2707 τὸ
862 2654 1034 2724 πέρας
1062 2654 1299 2719 διώκειν,
1321 2653 1410 2706 διὰ
1432 2654 1531 2723 τὴν
1566 2651 1758 2706 ἐλπίδα

169 2749 338 2803 τοῦδε
367 2747 461 2800 τοῦ
509 2747 732 2817 μέτρου,
770 2746 934 2815 φημὶ,
983 2744 1076 2797 καὶ
1114 2745 1213 2813 τῆς
1239 2745 1571 2809 ἀναϐάσεως·
1602 2745 1760 2819 τύφῳ

170 2855 239 2893 τε
273 2836 353 2908 μὴ
379 2836 719 2900 ἁλίσκεσθαι,
762 2834 898 2889 ἀλλά
940 2837 1370 2905 μετριοφρονεῖν,
1404 2835 1498 2888 καὶ
1528 2838 1760 2906 μικροὺς

174 2929 415 2992 ἑαυτοὺς
440 2927 687 2999 ἡγεῖσθαι
741 2926 831 2981 διὰ
884 2927 983 2999 τὴν
1016 2926 1182 2998 μήπω
1212 2924 1307 2980 τοῦ
1339 2925 1548 2979 τελείου
1583 2927 1759 2983 κατά-

172 3021 371 3093 ληψιν.

1397 272 1636 336 LIBER
1676 271 1776 332 DE
1812 270 2224 336 ORATIONE.

166 399 337 461 δαίως
380 389 487 450 κᾶν
536 389 629 460 ὑφ’
655 389 739 445 ἐνὶ
780 389 889 444 τῶν
922 386 1146 458 ἀγαθῶν
1176 384 1532 451 διατίθεσθαι,
1569 384 1658 437 ῐνα
1688 382 1761 452 μὴ

1869 382 2020 448 facit,
2066 384 2350 443 fructuosa
2408 400 2570 457 agere
2613 403 2627 440 :

3330 268 3437 332 862

2683 400 2749 440 ac
2809 384 3152 455 diligentiam
3208 386 3439 444 cuilibet

1868 476 2070 531 actioni
2100 478 2258 533 bonae
2295 477 2635 549 impendere,
2670 492 2741 534 ne
2773 485 3031 547 tanquam
3063 477 3437 534 infructuosus

1866 568 2093 622 omnino
2127 577 2401 638 repertus,
2437 569 2585 624 omni
2635 584 2861 639 prorsus
2885 568 3308 639 participatione
3340 570 3439 625 bo-

1864 669 2061 709 norum
2089 665 2419 711 aeternorum
2442 656 2782 712 excludatur.

1932 745 2025 800 Xl.
2058 748 2381 803 Dicentibus
2408 748 2528 803 fieri
2554 765 2663 803 non
2691 764 2873 818 posse,
2901 755 2963 801 ut
2995 747 3161 802 homo
3206 747 3273 803 ad
3314 764 3439 818 per-

1860 835 2156 892 fectionem
2184 838 2481 908 pertingat,
2511 847 2567 891 ct
2593 838 2661 891 ad
2690 838 2907 907 plenam
2954 838 3341 893 liberationem
3368 837 3437 891 ah

1859 924 2179 991 affectibus;
2208 925 2450 994 itemque
2475 924 2956 994 participationem
2982 935 3039 980 et
3062 925 3437 995 impletionem

1859 1000 2271 1088 boni/Spiritus,
2294 1034 2523 1075 necesse
2546 1034 2631 1074 εει
2658 1036 2937 1089 opponere
2963 1020 3276 1075 testimonia
3297 1020 3439 1075 divi-

1857 1124 2051 1163 narum
2081 1110 2513 1180 Scripturarum,
2532 1112 2932 1180 ostendereque
2956 1120 3011 1165 et
3028 1127 3213 1166 errore
3238 1113 3438 1166 mentis

1856 1201 2108 1256 laborare
2131 1202 2300 1273 ipsos,
2330 1212 2386 1257 et
2404 1204 2542 1258 falso
2566 1218 2631 1257 ac
2644 1204 2951 1273 periculose
2970 1204 3143 1273 loqui.
3170 1203 3260 1258 Ait
3290 1205 3437 1258 enim

1854 1291 2121 1347 Dominus
2170 1309 2183 1345 :
2219 1291 2405 1346 Estote
2444 1301 2491 1345 et
2516 1309 2604 1347 vos
2638 1293 2872 1362 perfecti,
2913 1294 3045 1347 sicut
3075 1294 3242 1347 Pater
3272 1304 3439 1349 vester

1857 1382 2105 1437 caelestis.
2123 1384 2383 1455 perfectus
2409 1394 2485 1438 est
2527 1386 2593 1438 ⁸³.
2630 1385 2851 1439 Plenam
2895 1384 3309 1453 absolutamque
3338 1402 3440 1455 pu-

1857 1476 2080 1531 ritatem
2135 1492 2235 1547 per
2291 1476 2407 1531 haec
2469 1475 2741 1532 indicans.
2813 1475 2882 1529 Et
2949 1492 2961 1527 :
3017 1474 3175 1539 Volo,
3236 1485 3290 1528 ut
3352 1477 3440 1531 ubi

1852 1585 1969 1622 sum
2006 1584 2119 1638 ego,
2169 1576 2219 1622 et
2262 1570 2315 1622 hi
2371 1570 2475 1622 sint
2516 1584 2741 1630 mecum,
2792 1574 2851 1619 ut
2877 1566 3087 1620 videant
3137 1566 3439 1623 claritatem

1854 1675 2027 1712 meam
2051 1660 2115 1713 “.
2154 1659 2279 1713 llzec
2311 1658 2542 1713 afﬁrmat
2576 1659 2643 1722 is,
2674 1658 2770 1729 qui
2802 1658 2936 1713 alias
2969 1658 3210 1713 dixerit:
3237 1658 3441 1713 Cretum

1856 1756 1904 1802 et
1954 1758 2096 1802 terra
2124 1749 2419 1803 transibunt
2450 1751 2517 1815 ⁸⁸,
2560 1759 2667 1804 etc.
2716 1748 2923 1803 Eodem
2951 1757 3162 1817 Spectat
3211 1756 3266 1803 et
3305 1748 3441 1803 illud

1855 1840 2102 1910 Apostoli
2158 1858 2171 1894 :
2214 1840 2278 1895 Ut
2325 1840 2658 1895 cxhibeamus
2704 1857 2912 1894 omnem
2955 1842 3218 1894 hominem
3269 1841 3442 1910 perfe-

1856 1942 1996 1986 ctum
2027 1934 2082 1985 in
2107 1931 2310 1987 Christo
2329 1932 2391 1984 “.
2427 1931 2563 1985 [llud
2596 1947 2813 2001 quoque
2844 1948 2857 1983 :
2896 1930 3074 1984 Donec
3105 1947 3441 1985 occurramus

1855 2040 2033 2076 omnes
2079 2024 2135 2076 in
2191 2024 2449 2075 unitatem
2510 2020 2653 2089 ﬁdei.
2697 2029 2745 2074 et
2800 2023 3085 2091 agnitionis
3140 2021 3263 2075 Filii
3316 2023 3436 2087 Dei,

1854 2114 1910 2165 in
1942 2112 2111 2164 virum
2157 2111 2465 2181 perfectum,
2492 2112 2546 2163 in
2576 2126 2877 2162 mensuram
2896 2111 3068 2164 (etatis
3102 2110 3442 2179 plenitudinis

1857 2206 2051 2261 Christi
2073 2206 2137 2268 ⁸⁷,
2170 2204 2315 2259 idem
2344 2203 2561 2259 suadet.
2591 2204 2763 2259 Porro
2784 2204 2878 2272 qui
2908 2202 3304 2272 perfectionem
3331 2218 3443 2272 prre

1856 2299 2034 2354 oculis
2097 2298 2321 2362 habent,
2372 2297 2477 2351 illis
2534 2296 2645 2350 duo
2689 2295 2939 2365 qumdam
2987 2293 3444 2364 praestantissima

1857 2387 2084 2443 evenire
2132 2386 2419 2457 contingit.
2453 2385 2713 2440 Summus
2756 2399 2821 2438 ac
2868 2384 3187 2438 irremissus
3217 2390 3444 2437 conten-

1860 2476 2030 2531 tionis
2062 2476 2230 2529 ardor
2258 2476 2311 2531 in
2350 2475 2531 2544 ipsum
2560 2474 2798 2543 apicem,
2834 2488 2929 2542 spe
2960 2473 3127 2543 hujus
3148 2488 3442 2536 mensurae,

1859 2580 2081 2620 cursum
2108 2566 2161 2619 in
2187 2564 2536 2619 ascendendo
2566 2563 2935 2632 persequendi
2963 2580 2978 2627 ;
3015 2573 3071 2617 et
3095 2573 3154 2617 ut
3185 2563 3446 2633 superbia

1860 2671 1931 2710 ne
1962 2656 2278 2725 capiantur;
2323 2654 2419 2709 sed
2463 2652 2679 2707 modice
2711 2652 2780 2707 de
2812 2668 2870 2707 se
2915 2654 3176 2717 sentiant,
3227 2663 3283 2707 et
3322 2652 3442 2706 exi-

1859 2762 1997 2818 guos
2028 2761 2086 2800 se
2112 2745 2448 2810 existiment,
2476 2743 2740 2815 quoniam
2763 2743 3163 2813 perfectionem
3197 2742 3445 2798 nondum

1860 2836 2144 2894 consecuti
2174 2843 2323 2892 sunt.

252 3088 359 3168 l—B'.
388 3113 451 3166 υί
484 3111 659 3166 ταῦτα
691 3111 963 3179 λέγοντες,
997 3110 1182 3181 φησὶν,
1219 3111 1284 3163 ὲκ
1321 3110 1489 3182 τριῶν
1538 3109 1757 3180 τρόπων

1931 3098 2048 3155 XII.
2084 3098 2188 3167 Qui
2236 3114 2301 3155 ea
2332 3097 2658 3169 'proferunt,
2707 3095 2888 3151 tribus
2932 3093 3113 3149 modis
3146 3092 3447 3149 maximum

169 3205 283 3275 τὴν
346 3204 611 3275 μεγίστην
671 3205 814 3274 ψυχῇ
863 3204 1219 3273 περιάπτουσι
1271 3202 1513 3273 βλάϐηνο
1541 3202 1757 3273 πρῶτον
1808 3246 1811 3249 .

174 3299 307 3367 μὲν,
349 3296 429 3349 ὃτι
461 3298 581 3359 ταῖς
612 3295 990 3358 θεοπνεύστοις
1029 3293 1308 3363 φαίνονται
1348 3292 1760 3357 διαπιστοῦντες

174 3390 453 3460 Γραφαῐς·
496 3386 597 3442 εἶθ’
630 3390 710 3443 ὅτι
764 3391 854 3441 τὸν
892 3388 1116 3458 μείζονά
1166 3405 1225 3439 τε
1286 3388 1381 3439 καὶ
1424 3386 1628 3439 τέλειον
1682 3386 1758 3455 μὴ

124 3510 131 3515 ο
173 3481 632 3552 προστησάμενοι
696 3478 790 3531 τοῦ
842 3475 1274 3549 Χριστιανισμοῦ
1341 3476 1578 3539 σκοπὸν,
1624 3474 1760 3545 μηδὲ

170 3571 325 3641 πρὸς
386 3573 589 3624 ἐκεῖνον
641 3569 843 3639 φθάσαι
903 3567 1375 3636 κατατεινόμενοι,
1435 3565 1596 3618 πόνον
1664 3565 1760 3617 καὶ

172 3664 447 3733 σπουδὴν,
483 3663 675 3715 πεῖνάν
704 3679 763 3713 τε
801 3662 892 3714 καὶ
924 3660 1083 3730 δίψαν
1108 3661 1201 3730 τῆς
1237 3658 1580 3728 δικαιοσύνης
1615 3657 1761 3728 ἔχειν

169 3755 244 3809 οὐ
272 3756 573 3819 δύνανται·,
610 3752 749 3806 ἀλλά
811 3755 923 3815 τοῖς
964 3752 1249 3822 ὲξωτέροις
1278 3750 1521 3821 σχήμασί
1564 3766 1624 3801 τε
1666 3749 1761 3801 καὶ

168 3847 365 3918 ἤθεσι,
406 3847 499 3899 καὶ
535 3844 737 3913 ὀλίγοις
786 3844 900 3898 τισὶ
947 3842 1365 3914 κατορθώμασιν
1411 3840 1763 3912 ὲμπληροφο-

173 3940 465 4011 ρούμενοι,
498 3940 597 4009 τῆς
649 3938 925 4008 μακαρίας
975 3936 1213 4003 ἐλπίδος,
1263 3934 1358 3989 καὶ
1404 3932 1761 4003 τελειότητος,

170 4036 281 4086 καὶ
312 4034 409 4103 τῆς
443 4029 735 4094 παντελοῦς
764 4030 873 4083 τῶν
907 4028 1187 4083 παντελῶν
1220 4027 1410 4082 παθῶν
1442 4026 1765 4097 καθάρσεως

168 4121 593 4174 ἀπολείπονται.
632 4119 705 4172 Τὸ
732 4119 913 4191 τρίτον
946 4119 1020 4181 ώς
1047 4118 1281 4188 οἰόμενοι
1323 4119 1421 4187 τῆς
1464 4116 1765 4186 ἀκρότητος

171 4206 475 4281 ἐφικέσθαι
512 4214 580 4282 τῇ
614 4211 951 4282 κατορθώσει
991 4210 1099 4263 τῶν
1146 4208 1342 4276 ὀλίγων
1366 4249 1382 4274 ,
1417 4206 1492 4272 ὼς
1530 4208 1762 4279 ἔφημεν,

168 4303 425 4373 ἀρετῶν,
446 4304 538 4355 καί
568 4301 644 4371 μὴ
677 4302 815 4372 πρὸς
854 4300 915 4353 τὸ
936 4301 1141 4353 τέλειον
1171 4299 1543 4368 ἐπειγόμενοι,
1576 4300 1638 4350 οὑ
1667 4297 1763 4374 μό-

1860 3190 2058 3246 animze
2084 3189 2346 3243 damnum
2381 3188 2698 3258 important,
2734 3187 2977 3256 primum
3008 3185 3254 3256 quidem,
3295 3184 3444 3255 quod

1859 3281 2123 3336 divinitus
2138 3279 2419 3350 inspiratis
2436 3294 2634 3348 negare
2652 3277 2911 3332 videntur
2934 3275 3237 3346 Scripturis
3257 3276 3445 3339 fidem;

1859 3378 2058 3435 deinde
2081 3376 2226 3447 quod
2258 3375 2521 3445 majorem
2548 3381 2603 3427 et
2624 3372 2928 3442 perfectum
2951 3388 3061 3425 non
3089 3371 3447 3441 prmstituunt

1858 3466 2562 3534 cbristianismo'sc0pum,
2617 3478 2796 3532 neque
2846 3461 2914 3516 ad
2962 3462 3118 3517 illum
3150 3462 3444 3532 pervenire

1858 3558 2281 3622 contendentes,
2309 3555 2556 3610 laborem
2588 3560 2644 3607 et
2675 3551 2943 3615 studium,
2975 3550 3176 3605 famem
3204 3561 3261 3605 et
3295 3551 3446 3606 sitim

1856 3650 2083 3722 iustitia:
2109 3649 2314 3703 habere
2337 3652 2589 3717 possunt;
2616 3642 2711 3698 sed
2733 3642 2985 3697 externis
3009 3641 3449 3722 et_supcrﬁciali-

1861 3715 1966 3798 bus
1984 3742 2263 3796 habilibus
2284 3715 2626 3802 et—moribus,
2655 3734 2960 3805 paucisque
2980 3715 3312 3803 quibusdam
3339 3740 3450 3786 tra-

1861 3835 2053 3889 latitia:
2080 3833 2302 3887 virtutis
2323 3830 2516 3885 olliciis
2545 3827 2763 3883 abunde
2801 3826 3067 3891 contenti,
3102 3841 3132 3879 a
3155 3840 3251 3894 spe
3286 3824 3449 3881 beata

1860 3938 1919 3985 et
1958 3927 2335 4000 perfectionis,
2385 3926 2758 3992 absolutaeque
2799 3935 3095 3991 pravorum
3125 3919 3309 3972 omnis
3346 3934 3447 3989 ge-

1864 4022 2014 4077 neris
2064 4019 2364 4075 allectuum
2411 4013 2753 4087 purgationis
2803 4010 3083 4066 excidunt.
3137 4009 3444 4076 Postremo,

1863 4108 2011 4179 quod
2074 4105 2409 4162 exhibitione
2458 4116 2758 4173 paucarum
2810 4098 3117 4169 vulgarium
3154 4097 3446 4165 virtutum,

1864 4209 1929 4255 ut
1959 4199 2220 4262 diximus,
2262 4194 2524 4249 inflantur
2557 4192 2613 4245 in
2661 4188 2977 4260 opinionem
3012 4187 3118 4254 sui,
3150 4188 3304 4258 quasi
3333 4188 3448 4259 jam

1865 4290 2075 4361 apicem
2109 4294 2348 4349 teneant,
2386 4284 2441 4338 in
2469 4297 2631 4353 quem
2662 4295 2938 4335 summum
2968 4278 3103 4333 eniti
3137 4279 3221 4332 vis
3248 4278 3449 4332 huma-
3514 4324 3517 4325 ν

171 4370 278 4447 νον
319 4370 646 4446 ταπείνωσιν
672 4370 766 4444 καὶ
791 4390 1065 4461 πτωχείαν
1094 4389 1188 4441 καὶ
1222 4387 1513 4459 συντριϐὴν
1538 4370 1761 4457 καρδίας

1866 4398 1937 4436 na
1972 4388 2143 4451 quet;
2196 4377 2429 4445 ideoque
2463 4374 2698 4428 ulterius
2733 4372 2977 4441 aspirare
3010 4370 3307 4436 desinunt;
3345 4386 3448 4427 nec

1910 4471 2039 4487 ,|,,,,-
2086 4467 2346 4487 I,___-:I-....
2392 4463 2811 4487 ..-ιζ-...ιεηηηω
2841 4460 2923 4487 -..ε
2984 4471 3034 4487 Α.
3067 4468 3444 4487 annona-Galam

170 4488 395 4553 ἥκιστα
429 4484 571 4554 ἔχειν
598 4482 871 4537 δύνανται’
905 4481 1043 4536 ἀλλά
1071 4479 1405 4543 δικαιοῦντες
1439 4481 1661 4543 ἑαυτοὺς
1690 4479 1761 4543 ὡς

1870 4471 2047 4527 solum
2086 4467 2350 4520 humilem
2391 4463 2815 4518 aestimationem
2841 4460 2949 4522 sui,
2982 4471 3039 4515 et
3067 4468 3446 4531 paupertatem

170 4578 293 4647 ἤδη
340 4574 754 4645 κατειληφότας,
784 4574 846 4627 οὐ
872 4573 1156 4645 προκοπὴν
1180 4572 1281 4626 οῦκ
1308 4572 1547 4625 ἐπίδοσιν
1568 4570 1768 4643 ὁσημέ-

176 4685 278 4741 ραι
308 4668 574 4738 δέχονται.

260 4930 367 4983 II".
403 4929 544 4991 Τοὺς
587 4926 847 4980 ἀδύνατόν
889 4941 1055 4994 φησιν
1082 4924 1418 4995 ἡγουμένους
1442 4925 1539 4995 τὴν
1575 4925 1772 4997 κατόρ-

171 5024 363 5077 θωσιν
386 5020 611 5090 ταύτην,
652 5020 752 5089 τὴν
789 5017 877 5071 διά
912 5016 1008 5069 τοῦ
1053 5017 1372 5087 Πνεύματος
1408 5021 1520 5080 τοῖς
1553 5018 1766 5089 ἀνθρώ-

169 5131 321 5176 ποις
351 5112 725 5181 ὲγγινομένην,
762 5110 885 5179 ἥτις
907 5111 941 5178 ὴ
988 5106 1149 5180 καινὴ
1180 5110 1355 5171 κτίσις
1393 5110 1510 5161 ἐστὶ
1538 5110 1636 5178 τῆς
1664 5127 1768 5163 κα-

171 5205 371 5275 Θαρᾶς
412 5203 655 5274 καρδίας,
707 5203 736 5255 ὁ
802 5199 1125 5263 Ἀπόστολος
1176 5200 1471 5271 διαρρήδην
1521 5200 1767 5266 ἐοικότας

170 5293 393 5355 αὐτοὺς
422 5293 659 5346 δείκνυσι
690 5293 805 5355 τοῖς
830 5291 897 5343 δι’
925 5291 1183 5343 ἀπιστίαν
1210 5291 1310 5360 τὴν
1332 5292 1433 5361 γῆν
1464 5291 1562 5361 τῆς
1596 5294 1769 5360 ἐπαγ-

170 5387 385 5457 γελίας
440 5385 701 5438 εἰσελθεῖν
764 5383 841 5455 μὴ
897 5382 1259 5453 ἠξιωμένοις,
1303 5385 1397 5436 καὶ
1442 5384 1540 5437 διὰ
1590 5386 1766 5439 τοῦτο

173 5477 595 5534 πεπτωκότων
621 5476 824 5541 αὐτοῖς
864 5474 984 5555 τῶν
1012 5473 1221 5528 κώλων
1263 5475 1334 5529 ἐν
1376 5473 1452 5546 τῇ
1480 5477 1693 5547 ἐρήμῳ·
1735 5477 1764 5529 ὃ

267 5608 315 5640 ⁸³
355 5606 548 5663 Matth.
584 5621 637 5669 ν,
681 5608 768 5662 48.

177 5694 274 5747 IV,
324 5677 417 5735 15.
508 5678 553 5711 ⁸⁸
595 5677 764 5733 llehr.
812 5694 889 5745 ut,
916 5677 1004 5732 17.

1865 4572 1922 4618 et
1952 4561 2340 4617 contritionem
2370 4558 2555 4613 cordis
2576 4557 2803 4611 minime
2824 4555 3027 4609 habere
3052 4562 3319 4624 possunt:
3349 4554 3445 4609 sed

1866 4654 2033 4708 etiam
2059 4650 2425 4723 justifieantes
2458 4662 2517 4701 se
2544 4640 2709 4716 ipsos,
2734 4653 2795 4698 ut
2822 4645 2914 4714 qui
2936 4644 3047 4714 jam
3080 4644 3446 4713 comprehen-

1868 4744 2071 4806 derint,
2117 4755 2368 4796 crescere
2413 4736 2660 4809 quotidie
2706 4733 3129 4805 promoverique
3163 4733 3219 4787 in
3249 4733 3447 4789 melius

1868 4842 2107 4889 cessant.

1936 4924 2078 4979 XIII.
2109 4923 2211 4989 Qui
2242 4921 2561 4979 existimant
2594 4918 2989 4987 impossibilem
3021 4934 3140 4973 eam
3175 4918 3445 4973 reforma¢

1866 5018 2094 5079 tionem,
2123 5031 2244 5085 quae
2292 5028 2389 5084 per
2419 5010 2757 5065 habitantem
2807 5009 2862 5062 in
2906 5009 3225 5063 hominibus
3270 5008 3445 5079 Spiri-

1869 5107 2030 5176 178
2054 5114 2167 5159 tum
2195 5104 2275 5167 fit,
2315 5116 2438 5172 qua:
2456 5114 2595 5154 nova
2624 5107 2709 5152 est
2733 5099 2939 5153 creatio
2961 5100 3085 5168 puri
3108 5099 3323 5163 cordis;
3347 5116 3447 5155 eos

1864 5203 2157 5274 Apostolus
2172 5202 2377 5257 diserte
2396 5199 2719 5270 pronuntiat
2737 5198 2945 5253 similes
2960 5198 3087 5263 illis,
3106 5198 3197 5268 qui
3219 5205 3445 5267 propter

1867 5294 2244 5348 inﬁdelitatem
2275 5290 2483 5362 indigni
2502 5289 2735 5360 judicati
2760 5297 2904 5343 terra
2927 5287 3309 5359 promissionis
3335 5304 3347 5340 :
3373 5284 3444 5339 Et

1865 5403 2088 5456 quorum
2129 5392 2406 5455 prapterea
2454 5382 2727 5451 cadavera
2775 5390 3044 5451 prostrata
3092 5388 3213 5433 sunt
3260 5380 3315 5433 in
3350 5377 3445 5429 de-

1860 5478 2087 5532 serto“.
2129 5478 2259 5542 Qua:
2296 5474 2442 5549 enim
2490 5456 2601 5528 illic
2641 5471 3025 5543 promissionis
3075 5482 3220 5527 terra
3276 5481 3444 5523 sensu

868 5607 1108 5683 “loan.
1157 5625 1285 5679 xvu,
1337 5607 1429 5665 Ἠ.
1470 5609 1552 5683 ’⁸⁸
1591 5608 1757 5665 Mauh

1860 5626 1960 5676 xiv,
1993 5608 2091 5676 55;
2125 5606 2261 5662 Luc.
2301 5622 2411 5673 xxi,
2444 5605 2532 5661 53.
2609 5603 2653 5635 ⁶⁶
2691 5602 2882 5659 Coloss
2924 5600 3073 5669 1,28.
3151 5599 3193 5631 ⁵⁷
3235 5597 3443 5663 Ειιιιοε.
