4044 6562
631 317 743 382 863

2913 293 2971 306 φο

1879 306 1942 368 S.
1985 305 2304 367 MACARII
2343 304 2665 366 IEGYPTII
2913 297 2971 306 ”
3748 320 3834 385 3“

628 438 820 502 aperto
841 425 1069 492 dicitur,
1095 422 1328 496 mystico
1346 435 1512 477 sensu
1534 433 1598 474 ac
1619 416 1913 473 aﬁ‘ectibus
1933 417 2212 472 liberatio-

2319 417 2427 487 γὰρ
2461 418 2579 471 ἐκεῖ
2605 416 2938 487 ἐπαγγελίας
2981 420 3051 489 γῆ
3081 417 3222 473 κατὰ
3254 419 3316 473 τὸ
3346 422 3590 493 φανεῴν,
3617 426 3754 482 τοῦτο
3773 434 3838 485 ἐν.

627 535 754 577 nem
803 517 1047 583 indicat;
1099 531 1263 587 quam
1306 525 1365 570 et
1399 513 1544 567 idem
1573 509 1868 581 Apostolus
1894 508 2056 563 ﬁnem
2088 523 2209 564 esse

629 613 811 668 omnis
856 609 1099 665 mandati
1133 605 1454 663 declaravit.
1502 603 1626 658 Hmc
1659 603 1806 656 enim
1827 615 1957 655 vera
1986 600 2207 654 demum

629 713 712 760 est
740 701 1126 774 promissionis
1151 708 1317 761 terra,
1334 698 1388 751 in
1411 697 1568 765 cujus
1594 693 2047 764 signiﬁcationem
2073 706 2209 745 cun-

632 802 718 849 cta
745 793 838 847 illa
860 791 1039 863 typiCe
1063 787 1374 842 traduntur.
1402 785 1630 852 Propter
1651 783 1798 851 quod
1823 781 2045 836 divinus
2065 781 2211 851 Apo-

631 887 825 949 stolus,
856 880 1140 938 securitati
1169 876 1513 948 prospiciens
1544 874 1964 943 discipulorum,
2004 888 2073 928 ne
2119 872 2210 927 cui

631 975 929 1046 contigerit
957 974 1078 1041 capi
1104 967 1415 1024 contumaci
1456 965 1857 1020 incredulitatis
1879 965 2206 1035 supercilio:

639 1065 830 1128 Videte,
861 1061 1063 1131 inquit,
1105 1060 1317 1129 fratres,
1345 1073 1409 1110 ne
1439 1057 1573 1126 forte
1593 1057 1658 1110 sit
1687 1058 1740 1110 in
1770 1057 1948 1126 aliqua
1974 1064 2204 1110 vestrum

629 1173 719 1213 cor
751 1154 952 1211 malum
989 1151 1400 1214 incredulitatis,
1446 1149 1740 1204 discedendi
1767 1167 1799 1202 a
1839 1149 1946 1202 Deo
1980 1151 2094 1202 viva
2139 1149 2207 1201 θ’.

630 1247 789 1313 Quod
863 1243 1185 1302 discedendi
1232 1243 1460 1297 verbum
1516 1257 1627 1295 non
1677 1241 1745 1295 ad
1807 1239 2207 1310 abnegalionis,

630 1338 727 1392 sed
753 1337 821 1391 ad
849 1333 1166 1391 diﬁidentiae
1188 1331 1611 1402 promissionum
1637 1328 2089 1399 signiﬁcationem
2116 1343 2213 1396 po-

629 1429 742 1484 suit
773 1445 786 1480 :
822 1426 1081 1482 videlicet
1111 1423 1290 1496 typica
1316 1421 1628 1477 Judaeorum
1656 1435 1723 1474 ex
1750 1418 2031 1488 allegoriis
2056 1416 2212 1472 evol-

629 1534 784 1584 vens,
820 1528 877 1574 et
911 1517 1114 1588 ﬁguras
1144 1529 1270 1570 cum
1315 1515 1546 1568 veritate
1581 1524 1906 1580 comparans
1939 1508 2212 1563 subinl‘ert

634 1608 826 1662 dicens
857 1625 870 1659 :
904 1605 1132 1670 Quidam
1162 1604 1301 1656 enim
1326 1601 1597 1655 audientes
1619 1599 2059 1653 exacerbaverunt
2079 1615 2096 1651 :
2120 1598 2212 1651 sed

633 1716 737 1752 non
767 1697 1015 1760 uniuersi,
1043 1696 1133 1766 qui
1163 1694 1380 1764 profecti
1409 1699 1530 1744 sunt
1557 1706 1620 1744 ea:
1659 1689 1889 1760 Egypto
1928 1705 2021 1759 per
2058 1689 2208 1760 Moy-

2315 509 2490 562 ταῦθα
2515 509 2707 561 παθῶν
2741 509 3120 580 ἀπολύτρωσις
3167 511 3312 564 κατὰ
3342 512 3405 565 τὸ
3452 517 3700 584 κρυπτὸνο
3733 523 3837 595 ὅπερ

2313 600 2377 669 δὴ
2410 602 2504 652 καὶ
2532 602 2561 653 ὁ
2587 599 2910 663 Ἀπόστολος
2939 599 3090 663 τέλος
3131 601 3312 670 πάσης
3340 601 3554 673 ἐντολῆς
3604 602 3728 660 εἶναι
3762 612 3841 667 ἀπ.

2319 685 2488 753 ἔδειξε
2509 704 2524 720 ⁶
2557 688 2651 741 καὶ
2691 687 2850 741 τοῦτό
2883 691 3030 741 ἐστιν
3055 691 3107 760 li]
3146 690 3374 762 ἀληθινὴ
3413 695 3509 761 τῆς
3561 695 3840 768 ἐπαγγελίις

2314 777 2414 849 γῆ,
2443 778 2538 831 καὶ
2579 778 2648 830 δι’
2682 779 2853 848 αὐτὴν
2892 778 3070 832 πάντα
3105 782 3290 834 ἐκεῖνα
3323 784 3572 846 τυπικῶς
3603 792 3842 858 παραδίὸο.

2314 887 2428 925 ται.
2478 870 2616 940 Παρ⁹
2645 869 2674 922 ὃ
2717 872 2810 923 καὶ
2843 871 2872 923 ὁ
2905 870 3190 935 θεσπέσιος
3246 874 3455 938 Παῦλος
3498 876 3564 929 δι’
3594 881 3841 950 depulsis;

2311 962 2382 1016 τὰ
2409 961 2519 1015 τῶν
2557 961 2812 1033 μαθητῶν
2859 961 3200 1033 ποιούμενος,
3232 966 3308 1028 ὡς
3339 967 3412 1036 μή
3449 984 3571 1021 τινα
3615 975 3841 1043 συμϐῆναι

2311 1053 2568 1116 ἀπιστίας
2588 1053 2794 1117 ἁλῶνας
2826 1055 2993 1125 φρονή
3004 1071 3154 1125 ματι·
3185 1055 3464 1122 Βλέπετε,
3486 1061 3725 1132 ἀδελφοί
3736 1087 3840 1136 μου,

2313 1145 2470 1212 φησι,
2516 1144 2752 1213 μήποτε
2798 1146 2892 1213 εἴη
2938 1146 3008 1200 ἐν
3049 1163 3170 1200 τινι
3204 1147 3372 1217 ὑμῶν
3404 1151 3618 1219 καρδία
3658 1163 3842 1226 πονηρὰ

2312 1236 2617 1302 ἀπιστίας,
2654 1237 2725 1290 ἐν
2762 1235 2840 1303 τῷ
2874 1238 3218 1308 ἀποστῆναι
3265 1242 3385 1296 ἀπὸ
3424 1244 3532 1298 τοῦ
3564 1248 3702 1302 Θεοῦ
3741 1249 3842 1309 ὧν·

2312 1343 2433 1392 τος’
2472 1327 2530 1380 τὺ
2557 1328 2613 1380 δὲ
2643 1329 2948 1398 ἀποστῆναι
2978 1332 3079 1386 οὐκ
3129 1334 3220 1386 ἐπὶ
3253 1335 3346 1387 τοῦ
3377 1336 3729 1408 ἀρνήσασθαι,
3757 1343 3840 1395 ἀλλ’

2313 1418 2409 1470 ἐπὶ
2429 1417 2523 1470 τοῦ
2551 1422 2671 1483 ταῖς
2694 1421 3047 1490 ἐπαγγελίαις
3073 1423 3236 1477 αὐτοῦ
3273 1426 3595 1497 ἀπιστῆσαι,
3618 1431 3840 1487 τέθεικεν

2314 1507 2506 1578 ἀμέλει
2557 1509 2655 1562 καὶ
2706 1509 2774 1564 τὰ
2834 1513 3041 1564 τυπικά
3088 1513 3197 1566 τῶν
3265 1515 3533 1570 Ἰουδαίων
3584 1520 3847 1593 anum}:

2313 1601 2405 1654 καὶ
2431 1601 2794 1671 παραϐάλλων
2823 1602 3000 1657 ταῦτα
3032 1605 3168 1675 πρὸς
3193 1605 3291 1676 τὴν
3319 1607 3846 1684 ἀλήθειαν,ἐπιφέρει,

2315 1691 2511 1760 λέγων·
2543 1693 2709 1760 Τινὲς
2760 1694 2872 1763 γὰρ
2909 1696 3284 1764 ἀκούσαντες
3324 1701 3512 1755 αὑτοῦ
3537 1707 3848 1774 παρεπίκρσρ

629 1805 741 1843 sen.
773 1788 969 1854 Quibus
1012 1795 1190 1840 autem
1233 1785 1469 1854 infensus
1513 1792 1587 1837 est
1625 1783 1986 1853 quadraginta
2016 1782 2212 1835 annis?

2316 1801 2455 1850 ναν,
2503 1785 2642 1838 ἀλλ’
2674 1785 2746 1838 οὐ
2791 1784 3012 1853 πάντες
3054 1791 3108 1841 οἰ
3136 1787 3488 1858 ἐξελθόντες
3508 1791 3577 1856 ἐξ
3600 1797 3847 1862 Alfi-mw

631 1897 805 1934 nonne
845 1879 953 1935 illis
1000 1880 1091 1950 qui
1123 1883 1491 1950 peccaverunt,
1525 1891 1747 1946 quorum
1795 1875 2051 1928 cadavera
2091 1890 2212 1944 pro-

628 1980 802 2025 strata
849 1979 972 2024 sunt
1022 1972 1079 2024 in
1120 1968 1366 2023 deserto?
1417 1967 1612 2033 Quibus
1662 1975 1838 2020 autem
1867 1967 2072 2036 juravit
2106 1983 2210 2020 non

632 2065 856 2118 introire
886 2066 942 2117 in
986 2064 1221 2132 requiem
1255 2063 1442 2132 ipsius,
1474 2057 1575 2113 nisi
1602 2057 1932 2112 incredulis?
1965 2057 2033 2111 Et
2071 2057 2213 2111 vide-

632 2170 748 2207 mus
777 2155 900 2223 quia
931 2170 1033 2206 non
1067 2159 1349 2223 potuerunt
1381 2150 1600 2203 introire
1628 2155 1844 2218 propter
1867 2145 2213 2201 incredulita-

632 2254 736 2298 tem
763 2248 830 2300 7°.
858 2245 1156 2298 Timeamus
1185 2251 1305 2313 ergo
1336 2258 1401 2296 ne
1443 2241 1598 2311 forte,
1626 2240 1807 2294 relicta
1836 2239 2213 2310 pollicitatione

630 2336 933 2389 introeundi
962 2336 1017 2388 in
1061 2334 1292 2404 requiem
1334 2332 1516 2402 ipsius,
1547 2331 1870 2384 existimetur
1911 2329 2104 2400 aliquis
2149 2343 2212 2382 ea:

631 2428 772 2482 vobis
795 2428 990 2480 deesse.
1026 2426 1237 2480 Etenim
1279 2434 1328 2478 et
1367 2425 1512 2479 nobis
1562 2423 1866 2478 nuntiatum
1900 2430 1996 2486 est,
2034 2437 2215 2491 quem-

633 2517 914 2571 admodum
937 2525 985 2569 et
1006 2516 1134 2581 illis,
1154 2532 1272 2586 qua:
1289 2515 1592 2568 audierunt.
1617 2512 1957 2584 Ingredimur
1983 2513 2122 2565 enim
2157 2514 2213 2566 in

634 2609 865 2678 requiem
892 2609 981 2678 qui
1004 2608 1316 2660 credidimus
1349 2606 1414 2660 ".
1445 2606 1511 2660 Et
1543 2614 1667 2676 post
1699 2621 1872 2674 pauca
1901 2620 2094 2660 rursus
2125 2604 2214 2659 in-

633 2698 739 2753 fert
770 2715 784 2751 :
821 2697 1148 2751 Festinemus
1193 2713 1313 2767 ergo
1360 2696 1564 2767 ingredi
1592 2697 1647 2749 in
1685 2694 1839 2749 illam
1868 2697 2121 2765 requiem,
2153 2704 2214 2749 ut

634 2806 699 2842 ne
728 2792 783 2844 in
825 2792 994 2861 ipsum
1023 2792 1140 2860 quis
1166 2791 1366 2844 incidat
1393 2789 1779 2842 incredulitatis
1819 2787 2118 2858 exemplum
2140 2789 2211 2844 ⁷⁸.

632 2885 764 2951 Quae
795 2896 978 2940 autem
1011 2885 1117 2940 alia
1145 2893 1230 2939 est
1253 2882 1695 2939 Christianorum
1734 2883 1976 2952 requies,
2012 2898 2043 2937 a
2075 2898 2208 2953 per-

635 2977 773 3032 recta
799 2978 1277 3048 perturbationum
1295 2975 1364 3030 ad
1392 2985 1677 3045 peceatum
1707 2975 2044 3030 trahentium
2072 2975 2215 3031 lihe-

634 3069 869 3132 ratione,
896 3076 1059 3138 atque
1089 3084 1121 3123 a
1150 3066 1464 3138 plenissima
1487 3075 1545 3121 et
1575 3065 1780 3121 elﬁcaci
1810 3065 1940 3120 boui
1969 3065 2209 3134 Spiritus

2294 1870 2416 1924 ’διὰ
2460 1871 2740 1939 Μωσέως·
2780 1873 2903 1928 τίσι
2935 1874 3003 1928 δὲ
3042 1877 3425 1948 προσώχθισε
3446 1885 3847 1950 τεσσαράκοντα

2316 1962 2611 2032 ἓτη;οὺχί
2662 1963 2787 2031 τοῖς
2828 1966 3268 2037 ἁμαρτήσασιν,
3320 1966 3408 2025 ὧν
3449 1974 3524 2028 τὰ
3571 1972 3724 2029 κῶλα
3748 1979 3846 2032 ἐπε·

2317 2069 2429 2107 σεν
2468 2055 2539 2108 ἐν
2574 2054 2648 2124 τῇ
2693 2055 2931 2126 ἐρήμῳ;
2979 2062 3104 2114 τίσι
3147 2061 3217 2115 δὲ
3260 2062 3458 2133 ὤμοσε
3506 2065 3596 2134 μὴ
3632 2069 3847 2123 εἰσελεὺ-

2318 2149 2535 2200 σεσθαι
2581 2149 2668 2212 εἰς
2703 2148 2820 2216 τὴν
2865 2150 3249 2206 κατάπαυσιν
3285 2155 3472 2210 αὑτοῦ
3501 2195 3516 2218 ,
3563 2159 3616 2210 εἰ
3647 2158 3722 2226 μὴ
3758 2160 3848 2226 τοῖς

2318 2238 2723 2305 ἀπειθήσιισι;
2767 2240 2863 2294 καί
2890 2242 3224 2313 βλέπομεν,
3260 2245 3350 2300 ὅτι
3379 2247 3467 2316 μὴ
3507 2247 3847 2316 ἐδυνήθησαν

2319 2330 2618 2384 εἰσελθεῖν
2667 2330 2741 2384 δι’
2776 2333 3094 2388 ἀπιστίαν·
3134 2336 3232 2389 καί
3286 2337 3520 2408 ἐπάγει·
3555 2343 3850 2410 Φοϐηθῶμεγ

2320 2419 2433 2478 οὖν
2456 2423 2690 2492 μήποτε
2715 2428 3203 2495 καταλιπομένης
3226 2429 3593 2499 ἐπαγγελίας
3611 2436 3852 2487 εἰσελθεῖν

2319 2515 2407 2579 εἰς
2452 2513 2568 2581 τὴν
2621 2514 3009 2571 κατάπαυσιν
3053 2519 3261 2586 αὑτοῦ,
3294 2520 3464 2575 δοκεῖ
3513 2541 3609 2590 τις
3637 2525 3702 2588 ἐξ
3728 2525 3849 2594 ὑμῶν

2319 2605 2740 2673 ὑστερηκέναι’
2775 2608 2874 2662 καί
2909 2609 3016 2678 γάρ
3051 2610 3237 2678 ἐσμεν
3262 2614 3746 2684 εὐηγγελισμένοι
3779 2635 3852 2670 κα-

2322 2695 2508 2765 θάπερ
2536 2697 2820 2752 κάκεῖνοι·
2870 2701 3007 2754 ἀλλ’
3031 2704 3143 2756 οὐκ
3162 2703 3484 2773 ὠφέλησεν
3506 2709 3542 2760 ό
3582 2709 3748 2776 λόγος
3772 2708 3850 2775 τῆς

2321 2787 2512 2856 ἀκοῆς
2527 2789 2798 2857 ἐκείνους
2814 2791 2899 2862 μὴ
2923 2797 3410 2866 συγκεκραμένος
3435 2797 3510 2867 τῇ
3545 2801 3730 2853 πίστει
3762 2802 3850 2867 τοῖς

2321 2881 2684 2935 ἀκούσασιν·
2709 2885 3094 2954 εἰσερχόμεθα
3122 2891 3228 2956 γὰρ
3258 2892 3347 2954 εἰς
3379 2889 3496 2958 τὴν
3524 2893 3851 2946 κατάπαυσιν

2323 2975 2379 3025 οι
2433 2975 2898 3042 πιστεύσαντες’
2947 2978 3041 3030 καί⁵
3089 2981 3208 3048 μετ’
3237 2979 3390 3047 ὀλίγα
3431 2982 3598 3036 πάλιν
3629 2985 3848 3054 ἐπιφέρει·

2326 3067 2776 3135 Σπουδάσωμεν
2803 3066 2918 3122 οὖν
2947 3070 3245 3124 εἰσελθεῖν
3269 3076 3356 3139 εἰς
3385 3074 3634 3142 ἐκείνην
3669 3077 3852 3140 τήνω.

639 3161 693 3214 in
720 3176 858 3231 puro
894 3159 1058 3215 corde
1103 3158 1484 3213 habitatione?
1535 3157 1832 3226 Propterea
1858 3164 1914 3210 et
1947 3157 2212 3211 inducens

2316 3155 2637 3224 τὰπαυσιν,
2681 3159 2782 3212 ἵνα
2811 3159 2897 3229 μὴ
2937 3161 3005 3214 ἐν
3051 3162 3130 3227 τῷ
3176 3164 3336 3230 αὐτῷ
3385 3183 3478 3229 τις
3511 3168 3850 3238 ὑποδείγματι

638 3264 829 3301 rursus
880 3263 975 3302 eos
1025 3247 1092 3300 ad
1151 3247 1335 3310 ﬁdem,
1388 3245 1465 3300 ait
1513 3261 1529 3297 :
1576 3244 1895 3297 Accedamus
1936 3260 2055 3297 cum
2092 3260 2212 3297 vero

636 3337 789 3391 corde
812 3338 867 3390 in
896 3336 1219 3406 plenitudine
1241 3336 1365 3404 ﬁdei
1381 3377 1396 3401 ,
1431 3335 1631 3405 aspersi
1668 3333 1826 3386 corda
1849 3351 1881 3388 a
1901 3335 2214 3388 conscientia

637 3427 784 3482 mala
825 3428 889 3481 ⁷³.
923 3429 991 3482 Et
1024 3429 1224 3482 iterum
1260 3445 1272 3480 :
1307 3425 1518 3492 Quanto
1559 3427 1727 3497 magis
1772 3426 1990 3496 sanguis
2021 3424 2214 3480 Christi

637 3519 940 3574 emundabit
981 3519 1354 3572 conscientiam
1401 3526 1636 3572 nostram
1690 3517 1754 3571 ab
1796 3516 2034 3587 aper-ibus
2069 3532 2213 3570 mor-

639 3614 740 3666 tuis
786 3612 854 3666 ad
903 3611 1234 3666 serviendum
1287 3610 1395 3664 Deo
1429 3611 1541 3665 viso
1593 3619 1642 3664 et
1673 3626 1796 3664 vero
1824 3609 1903 3662 "‘l
1946 3607 2216 3663 Convenit

639 3706 807 3775 igitur
833 3703 1209 3758 annuntiatam
1239 3719 1338 3773 per
1376 3703 1494 3758 haec
1538 3703 1709 3757 verba
1748 3703 2072 3756 immensam
2117 3699 2213 3753 Dei

637 3812 763 3870 erga
793 3796 1043 3850 homines
1082 3795 1474 3867 benignitatem
1502 3795 1752 3850 conﬁteri
1782 3809 1903 3860 nos,
1933 3803 1993 3848 ut
2028 3807 2215 3848 servos

640 3885 860 3952 ﬁdeles;
907 3895 963 3940 et
1013 3902 1143 3941 vera
1173 3885 1438 3956 ﬁrmaque
1488 3896 1750 3956 reputare
1780 3903 1901 3956 qua:
1946 3885 2215 3954 promissa

639 3987 789 4042 sunt,
852 3986 912 4032 ut
961 3977 1313 4046 quantumvis
1361 3986 1584 4047 propter
1630 3975 1895 4046 propositi
1939 3974 2214 4046 pigritiam

637 4077 694 4122 et
746 4067 1123 4123 inﬁrmitatem
1165 4083 1276 4122 non
1314 4083 1540 4137 prorsus
1592 4083 1694 4122 nos
1743 4069 1913 4122 semel
1962 4067 2017 4122 in
2051 4081 2216 4122 omne

640 4173 854 4233 tempus
905 4161 1153 4216 Creatori
1205 4160 1560 4231 przebuimus,
1623 4175 1803 4231 neque
1854 4158 1924 4214 ad
1992 4174 2216 4230 magnas

637 4261 694 4307 et
744 4253 1016 4323 perfectas
1089 4251 1312 4306 virtutis
1366 4249 1729 4320 aspiravimns
1789 4259 2128 4303 mensurast:
2160 4256 2217 4303 at

639 4347 876 4416 aliquam
934 4345 1126 4399 saltem
1197 4342 1634 4398 misericordiam
1689 4341 1760 4396 ob
1825 4340 2214 4395 rectitudinem

642 4437 948 4490 irrellexam
992 4432 1337 4496 intentionis,
1386 4442 1444 4489 ct
1495 4447 1684 4488 sanam
1717 4431 1902 4497 ﬁdem,
1951 4431 2214 4500 consequi

641 4543 935 4597 possumus.

2319 3247 2614 3318 περιπέσῃ
2664 3249 2774 3319 τῆς
2810 3252 3130 3319 ἀπειθείας.
3171 3255 3268 3318 Τίς
3315 3257 3371 3310 δὲ
3424 3259 3753 3329 Χριστιανῶν
3779 3279 3850 3313 u-

2319 3339 2584 3404 τάπαυσις
2611 3341 2792 3412 ἑτέρα,
2826 3342 2857 3412 ἢ
2889 3344 2997 3396 τῶν
3028 3346 3126 3415 τῆς
3161 3348 3438 3418 ἁμαρτίας
3471 3351 3715 3419 παθῶνὴ
3754 3353 3853 3404 ἁπο-

2319 3429 2606 3499 )ύτρωσις,
2656 3431 2751 3487 καὶ
2799 3434 2832 3502 ἡ
2881 3434 3228 3508 πληρεστάτη
3265 3439 3359 3492 καὶ
3388 3441 3620 3512 ἐνεργὴς
3650 3442 3733 3496 τοῦ
3755 3444 3853 3511 ἀγει-

2321 3519 2413 3573 θοῦ
2463 3521 2776 3592 Πνεύματος
2834 3526 2892 3578 ὲν
2942 3530 3007 3598 τῇ
3049 3529 3264 3600 καθαρᾷ
3327 3533 3528 3604 καρδίᾳ
3586 3537 3848 3604 ἐνοίκηπς;

2318 3612 2488 3684 ταύτῃ
2519 3631 2601 3666 τοι
2634 3615 2727 3667 καὶ
2767 3617 2977 3685 ὲνάγων
3011 3621 3207 3684 αὐτοὺς
3232 3623 3394 3677 πάλιν
3428 3627 3570 3698 πρὸς
3593 3629 3686 3696 τὴν
3714 3628 3851 3680 πίστιν

2322 3704 2472 3774 φησί·
2514 3709 2976 3777 Προσερχώμεθα
3014 3713 3140 3781 μετ’
3181 3716 3486 3785 ἀληθινῆς
3538 3719 3767 3788 καρδίας
3802 3719 3852 3772 ἐν

2321 3798 2688 3865 πληροφορίᾳ
2714 3801 2994 3867 πίστεως,
3032 3803 3488 3876 ἐῤῥαντισμένοι
3520 3810 3630 3874 τὰς
3656 3811 3852 3879 καρδίας

2321 3885 2438 3938 ἀπὸ
2488 3887 2899 3956 συνειδήσεως
2928 3892 3314 3961 πονηρᾶς-,καὶ
3335 3897 3516 3960 αὖθις
3553 3902 3716 3962 Πόσῳ
3735 3898 3851 3968 util-

2320 3979 2434 4031 ,ιον
2462 3978 2529 4031 τὸ
2565 3977 2707 4048 αἷμα
2740 3981 2848 4035 τοῦ
2881 3982 3092 4050 Ἰησοῦ
3120 3989 3391 4056 καθαριεῖ
3405 3991 3525 4056 τὴν
3547 3993 3853 4056 συνείδησιν

2320 4064 2487 4134 ὑμῶν
2539 4067 2658 4121 ἀπὸ
2689 4069 2923 4138 νεκρῶν
2956 4072 3164 4143 ἔργων,
3200 4079 3286 4143 εἰς
3329 4078 3397 4131 τὸ
3429 4082 3737 4148 λατρεύειν
3763 4079 3852 4143 Θεῷ

2321 4155 2488 4217 ζῶντι
2518 4159 2617 4213 καὶ
2660 4161 2967 4230 ἀληθινῷ]
2998 4167 3270 4239 Προσήκει
3309 4171 3512 4236 τοίνυν,
3551 4173 3646 4243 τὴν
3680 4175 3754 4226 διὰ
3776 4174 3853 4226 τῷν

2322 4251 2584 4320 ῥημάτων
2631 4253 2836 4307 τούτων
2871 4255 3286 4332 ἐπηγγελμένην
3327 4263 3419 4316 τοῦ
3470 4265 3613 4318 Θεοῦ
3650 4265 3853 4336 πρδςάν-

2324 4341 2573 4413 θρώπους
2627 4345 2865 4419 ἄμετρον
2918 4348 3229 4422 ἀγαθότητα
3281 4354 3674 4426 καθομολογεῖν
3709 4359 3852 4428 ἡμᾶς,

2323 4431 2411 4488 οἷα
2438 4435 2657 4498 δούλους
2689 4438 3060 4510 εὐγνώμονας,
3091 4445 3186 4497 καὶ
3215 4445 3390 4518 ἀληθῆ
3416 4451 3516 4503 καὶ
3545 4451 3725 4520 βέϐαια
3744 4448 3852 4514 λογί-

2247 4516 2291 4571 D
2321 4524 2510 4588 ξεσθαι
2531 4527 2599 4580 τὰ
2633 4528 3044 4602 ἐπηγγελμέναυ
3071 4535 3158 4588 ἵνα
3181 4539 3286 4591 κᾶν
3419 4516 3658 4595 νωθείαν
3680 4543 3708 4611 ἦ
3730 4538 3854 4594 aelii-

642 4640 799 4680 νειαν
837 4621 1213 4694 προαιρέσεως
1269 4620 1345 4691 μὴ
1400 4619 1656 4686 καθάπαξ
1715 4619 1940 4682 ἑαυτοὺς
1993 4618 2073 4688 τῷ
2134 4621 2460 4690 πεποιηκότι
2507 4623 2876 4694 παρέσχομεν,
2913 4629 3046 4698 μηδὲ
3075 4630 3184 4682 τῶν
3241 4633 3493 4700 μεγάλων
3553 4635 3646 4687 καὶ
3688 4630 3854 4684 nisi“

641 4715 740 4785 τῆς
801 4715 1000 4784 ἀρετῆς
1069 4711 1542 4782 ἀντεποιησάμεθα
1624 4711 1869 4781 μέτρωνο
1947 4709 2060 4761 ἀλλ’
2115 4705 2208 4763 οὖν
2267 4712 2331 4777 γέ
2387 4729 2530 4777 τινος
2596 4714 2777 4779 ἐλέους
2818 4717 2907 4772 διὰ
2954 4719 3016 4772 τὸ
3065 4721 3224 4792 ὀρθὸν
3275 4723 3370 4776 καὶ
3421 4724 3763 4796 άδιάστροφον
3787 4724 3854 4779 τεῦ

645 4807 1012 4878 φρονήματος,
1055 4803 1150 4856 καὶ
1199 4801 1298 4873 τὴν
1346 4802 1474 4871 ὑγιῆ
1519 4801 1702 4854 πίστιν
1755 4797 2144 4865 ἐπιτεύξασθαι
2174 4799 2509 4871 δυνηθῶμεν.

713 4900 850 4956 XIV.
875 4898 1149 4954 Orationis
1171 4907 1228 4952 et
1249 4896 1404 4951 verbi
1432 4910 1570 4966 opus
1595 4895 1700 4950 rite
1720 4909 1784 4950 ac
1813 4893 2204 4949 convenienter

644 4993 968 5056 exercitum,
997 5005 1161 5060 supra
1202 5004 1420 5043 omnem
1462 4987 1724 5042 virtutem
1754 4994 1812 5040 et
1854 4999 2017 5039 omne
2061 5001 2216 5039 man-

646 5086 832 5141 datum
878 5081 1116 5138 excellit.
1149 5079 1324 5151 Hujus
1355 5079 1436 5134 rei
1480 5078 1634 5132 testis
1677 5077 1792 5146 ipse
1815 5083 1898 5129 est
1928 5075 2212 5130 Dominus.

644 5180 782 5234 Cum
831 5177 978 5232 enim
1029 5174 1087 5229 in
1140 5173 1361 5229 Martha
1429 5188 1492 5228 ac
1544 5171 1726 5226 Mariae
1775 5169 2090 5224 divertisset
2120 5167 2220 5224 d0-

647 5287 796 5325 mum
815 5270 880 5333 ⁷⁵,
911 5276 966 5323 et
994 5266 1206 5320 Martha
1241 5265 1390 5320 circa
1421 5261 1793 5317 ministerium
1818 5268 2102 5329 occupata,
2128 5258 2216 5312 in-

647 5363 806 5419 terim
837 5362 966 5415 dum
996 5359 1161 5412 Maria
1190 5357 1256 5412 ad
1298 5356 1464 5427 pedes
1493 5355 1712 5409 Domini
1752 5353 1970 5417 sedens,
2002 5353 2219 5406 ambro-

647 5453 726 5510 sia
757 5451 956 5506 divina:
990 5450 1135 5503 illius
1157 5450 1354 5520 lingua:
1377 5447 1531 5517 quasi
1552 5447 1794 5502 suaviter
1823 5444 2052 5514 epulaus
2070 5443 2218 5498 frue-

650 5545 832 5609 batur,
865 5551 1187 5612 qucrcretur
1217 5540 1282 5596 de
1313 5555 1521 5605 sorore,
1547 5537 1695 5608 quod
1720 5539 1892 5607 ipsam
1923 5551 2033 5589 non
2061 5535 2217 5605 adju-

719 5660 761 5690 ⁶⁹
802 5657 970 5712 Hebr.
999 5671 1078 5716 in,
1107 5654 1192 5710 η.

652 5727 694 5759 ⁷⁸
736 5727 868 5782 Luc.
919 5743 972 5795 Σ,
1022 5727 1110 5780 58.

1290 5655 1336 5687 7°
1376 5653 1515 5709 ibid.
1546 5653 1630 5721 16,
1678 5653 1763 5707 i9.
1843 5652 1885 5684 '“
1927 5649 2094 5706 Hebr.
2156 5665 2228 5716 tv,
2265 5651 2377 5707 l-G.
2444 5654 2488 5685 "
2529 5651 2662 5709 ibid.
2717 5653 2800 5710 11.

2392 4896 2486 4948 ΙΔν.
2523 4896 2596 4949 Τὸ
2631 4898 2730 4968 τῆς
2759 4899 2926 4970 εὐχῆς
2967 4902 3064 4955 καὶ
3094 4903 3188 4956 τοῦ
3242 4905 3402 4971 λόγου
3447 4906 3611 4978 ἔργον
3646 4907 3853 4978 ἁρμοζῶ-

2320 5003 2428 5052 τως
2479 4990 2917 5062 ὲπιτελούμενον,
2958 4995 3138 5064 πάσης
3185 4997 3388 5066 ἀρετῆς
3430 5017 3489 5053 τε
3543 5004 3638 5054 καὶ
3686 5000 3856 5067 ἐντολῆς

2323 5078 2580 5150 ὑπεράνω
2648 5083 2810 5137 τελεῖ.
2868 5085 2978 5137 Kal.
3022 5087 3210 5140 τούτου
3261 5091 3472 5160 μάρτυς
3504 5093 3683 5157 αὐτός’
3715 5091 3855 5158 Ennii;

2322 5169 2430 5240 γὰρ
2451 5173 2530 5234 εἰς
2551 5171 2647 5243 τὴν
2677 5175 2852 5228 οἰκίαν
2878 5177 3112 5247 Μάρθας
3139 5181 3492 5250 τε,φημὶ,καὶ
3523 5186 3730 5255 Μαρίας
3752 5200 3856 5250 τειρ-

2325 5260 2510 5327 έϐαλε,
2538 5263 2638 5332 τῆς
2667 5264 2765 5333 μὲν
2797 5266 3026 5337 Μάρθας
3061 5274 3190 5341 περὶ
3221 5272 3318 5340 τὴν
3345 5273 3620 5328 διακονίαν
3651 5273 3856 5342 ἀσχολου-

2325 5351 2512 5421 μένης,
2548 5353 2764 5421 Μαρίας
2786 5355 2842 5407 δὲ
2879 5358 3006 5427 περὶ
3032 5361 3156 5422 τοὺς
3191 5361 3355 5415 αὑτοῦ
3387 5365 3556 5428 πόδας
3603 5364 3854 5430 καθεζςμέ-

2323 5461 2438 5512 νης,
2475 5445 2568 5497 καὶ
2614 5449 2681 5516 τῇ
2719 5447 2994 5522 ἀμϐροσίᾳ
3051 5452 3150 5521 τῆς
3210 5453 3358 5518 θείας
3417 5459 3635 5526 ἐκείνης
3660 5457 3854 5525 γλώττης

2326 5537 2741 5609 εὑωγορμὲνης,
2770 5544 3127 5613 μεμφομένης
3177 5546 3349 5616 αὐτῆς
3394 5549 3498 5619 τῆς
3529 5551 3764 5618 aeger";
3797 5545 3855 5612 ὅτι

2880 5655 2923 5688 ⁷³
2958 5655 3128 5712 Hebr.
3180 5675 3233 5725 ι,
3263 5660 3354 5716 22.
3434 5664 3478 5694 ⁷³
3519 5662 3678 5718 Hebr.
3702 5657 3852 5725 3.1L
