4044 6508
193 290 290 354 865

1050 286 1287 347 LIBER
1326 285 1423 346 DE
1462 283 1870 346 PATIENTIA
1910 282 2005 345 ET
2044 281 2570 344 DISCRETIONE.

3328 285 3436 350 866

194 398 261 471 μὴ
295 398 617 471 συμπράττῃ
644 396 836 463 ταῦτα,
869 398 962 451 καλ⁵
995 396 1083 451 διὰ
1123 396 1281 450 τοῦτο
1332 394 1552 466 Χριστῷ
1579 410 1751 464 προσ·
1785 444 1788 453 .

1858 405 2033 460 varet,
2092 410 2158 451 ac
2206 406 2433 466 propter
2466 397 2520 451 id
2547 396 2615 451 ad
2654 395 2934 455 Christum
2965 402 3311 469 accessisset,
3345 405 3435 461 ille

190 488 457 560 ελθούσης,
489 491 650 554 αὐτὸς
696 492 757 543 τὸ
810 489 1145 562 κυριώτερον
1188 488 1283 542 τοῦ
1332 488 1588 557 δευτέρου
1621 503 1760 557 προ·

192 583 314 648 θεὶς,
330 582 556 649 Μάρθα,
580 582 705 652 ἔφη.
740 581 1030 652 μεριμνᾷς
1058 581 1156 635 καὶ
1181 578 1433 648 τυρϐάζῃ
1458 580 1762 646 περιπολ-

188 673 286 729 λά·
342 674 480 740 ἐνὸς
526 674 594 728 δέ
643 675 775 729 ἐστι
817 676 1006 745 χρεία·
1042 674 1242 742 Μαρία
1285 671 1354 725 δὲ
1383 671 1498 738 τὴν
1527 668 1760 737 ἀγαθὴν

184 765 389 836 μερίδα
419 765 762 831 ἐξελέξατο,
804 767 937 834 ἣτις
990 768 1101 819 οὐκ
1148 763 1614 833 ἀφαιρεθήσεται
1656 757 1761 815 ἀπ’

186 856 387 925 αὐτῆς.
418 856 591 910 Τοῦτο
615 856 674 910 δὲ
698 858 938 926 εἴρηκεν,
970 856 1045 919 ὡς
1083 854 1312 926 ἔφημεν,
1339 854 1437 923 οὐχ
1466 852 1542 915 ὡς
1571 851 1632 904 τὸ
1656 854 1755 922 τῆς

187 947 450 1010 διακονίας
494 946 655 1018 ἔργον
694 948 1147 1018 ἀποποιούμενος,
1194 945 1311 999 ἀλλ’
1341 944 1415 1008 ὼς
1458 945 1518 996 τὺ
1566 940 1756 1011 μεῖζον

188 1033 399 1096 πάντως
449 1034 543 1087 τοῦ
589 1034 871 1098 ἐλάττονος
922 1034 1217 1105 προτιθείς
1257 1033 1379 1087 ἐπεὶ
1431 1033 1548 1094 πῶς
1594 1031 1758 1094 αὐτὸς

186 1125 423 1195 ἠνείχετο
447 1125 545 1195 τῆς
569 1126 877 1191 διακονίας;
908 1126 1025 1188 πῶς
1052 1126 1144 1179 καὶ
1177 1124 1478 1195 αὐτουργὸς
1505 1122 1757 1193 φαίνεται

184 1219 367 1270 τούτου
405 1217 717 1287 γενόμενος,
749 1220 842 1272 καὶ
881 1219 1008 1281 τοὺς
1048 1218 1215 1279 πόδας
1246 1217 1405 1285 νίψας
1433 1216 1540 1268 τῶν
1575 1214 1753 1283 μαθη-

184 1309 283 1362 τῶν
310 1326 325 1375 ;
360 1309 613 1362 τοσοῦτον
642 1309 697 1362 δὲ
721 1310 1097 1379 ἀποσχόμενος
1132 1309 1225 1361 τοῦ
1256 1307 1523 1371 κωλῦσαι,
1547 1307 1629 1359 ὃτι
1662 1306 1756 1358 καὶ

182 1402 267 1453 τὸν
314 1402 427 1454 ῐσον
456 1401 657 1471 τρόπον
685 1401 823 1471 πρὸς
849 1400 1113 1471 ἀλλήλους
1145 1401 1323 1452 ποιεῖν
1349 1401 1462 1460 τοῖς
1493 1397 1757 1468 μαθηταῖς

183 1492 544 1561 ὲγκελεύεται·
580 1492 640 1545 οὐ
673 1492 781 1563 μὴν
813 1492 948 1546 ἀλλὰ
994 1493 1089 1545 καὶ
1117 1491 1313 1553 αὐτοὺς
1345 1489 1598 1561 εὑρήσεις
1628 1489 1748 1550 τοὺς

184 1579 528 1645 ἀποστόλους,
560 1580 723 1649 ηνίκα
756 1581 1020 1651 πρότερον
1052 1579 1182 1648 ’περὶ⁹
1211 1578 1309 1649 τὴν
1332 1576 1439 1631 τῶν
1467 1575 1756 1647 τραπεζῶν

1867 484 2170 555 principale
2215 486 2525 541 accessorio
2570 487 2889 557 praeferens,
2941 492 3179 556 Martha,
3234 494 3433 562 inquit,

1863 576 2091 631 sollicita
2117 594 2191 644 es,
2218 589 2262 631 et
2291 580 2520 633 turbaris
2547 596 2672 651 erga
2701 581 2929 651 plurima
2956 598 2975 636 :
2996 601 3154 654 porro
3176 602 3341 641 unum
3362 596 3438 642 est

1865 671 2239 724 necessarium.
2270 669 2439 724 Maria
2467 673 2720 741 optimam
2747 683 2953 741 partem
2977 673 3151 744 elegit,
3186 692 3304 745 qut:
3332 693 3438 731 non

1864 761 2135 829 auferetur
2163 761 2227 815 ab
2254 777 2317 815 ea
2342 761 2405 816 ⁷⁸.
2443 761 2557 817 lloc
2588 772 2769 817 autem
2799 763 2957 824 dixit,
2996 775 3059 818 ut
3091 767 3299 835 praefati
3342 783 3437 823 suo

1860 867 2003 916 mus,
2039 869 2148 907 non
2170 862 2231 907 ut
2256 854 2548 909 ministerii
2575 871 2713 925 Opus
2737 857 3085 925 reprobaret;
3113 858 3209 913 sed
3241 869 3301 914 ut
3324 876 3438 916 ma-

1860 944 1953 1014 jus
1982 944 2142 1013 179
2168 943 2368 998 minori
2393 955 2758 1015 prteponeret.
2781 947 3078 1002 Enimvero
3101 949 3189 1003 cui
3214 950 3435 1006 tandem

1859 1034 2039 1088 videri
2093 1035 2268 1103 possit
2316 1037 2457 1090 male
2511 1037 2661 1091 illum
2693 1039 2933 1093 sensisse
2991 1040 3059 1095 de
3100 1042 3433 1109 ministerio,

1866 1124 2027 1194 cujus
2049 1124 2240 1193 utique
2275 1134 2555 1179 auctorem
2584 1135 2641 1180 et
2672 1130 2951 1196 exemplar
2976 1144 3035 1184 se
3069 1130 3245 1199 ipsum
3276 1131 3435 1185 exhi-

1862 1214 2005 1278 buit,
2039 1214 2208 1284 pedes
2236 1214 2405 1269 etiam
2435 1216 2835 1286 discipulorum
2859 1219 3049 1273 lavans
3083 1221 3164 1272 '7?
3196 1221 3431 1274 Tantum

1858 1305 2105 1375 profecto
2135 1305 2311 1360 abfuit
2352 1310 2413 1362 int
2442 1307 2583 1361 illud
2627 1317 2860 1375 vetaret,
2888 1319 2950 1363 ut
2980 1310 3267 1380 discipulis
3296 1328 3435 1381 prte-

1857 1397 2090 1465 cepcrit,
2121 1396 2265 1451 idem
2299 1397 2555 1452 similiter
2591 1413 2719 1468 erga
2765 1414 2886 1454 sese
2922 1409 3115 1455 mutuo
3151 1416 3430 1458 exercere.

1859 1486 2001 1553 Quin
2031 1496 2089 1541 et
2130 1489 2278 1557 ipsos
2325 1489 2574 1544 invenies
2608 1489 2908 1558 apostolos,
2947 1492 3166 1560 quando
3193 1494 3433 1562 primum

1858 1578 2005 1632 circa
2057 1594 2368 1633 mensarum
2412 1580 2782 1637 ministerium
2827 1583 3172 1650 laborabant,
3208 1585 3434 1654 prazlato

182 1669 467 1723 ἐπονοῦντο
512 1671 810 1736 διακονίαν,
846 1671 941 1725 τοῦ
992 1671 1237 1742 μείζονος
1272 1656 1432 1740 ἔργου
1464 1668 1753 1739 πρόκρισιν

1860 1668 1990 1723 huic
2017 1670 2217 1737 potiori
2281 1685 2468 1740 opere,
2527 1674 2799 1729 orationis
2859 1675 3074 1731 scilicet
3119 1692 3185 1731 ac
3235 1677 3433 1744 verbi,

186 1763 463 1832 θεμένους,
493 1764 595 1833 τῆς
623 1733 809 1835 εὐχῆς,
851 1733 1017 1834 φημὶ,
1055 1733 1148 1816 καὶ
1182 1762 1277 1815 τοῦ
1302 1733 1473 1829 ’λόγου
1550 1733 1631 1814 Οὐ
1669 1758 1754 1813 δι·
1786 1779 1788 1783 τ

1857 1760 2056 1817 dixisse
2093 1780 2107 1816 :
2159 1762 2278 1816 Non
2318 1772 2393 1817 est
2423 1781 2632 1835 tequum
2685 1784 2778 1821 nos
2813 1767 3174 1839 derelinquere
3220 1771 3437 1824 verbum

180 1872 353 1908 καιον
373 1855 501 1925 γὰρ,
529 1856 724 1925 φησὶν,
754 1854 915 1925 ἡμᾶς
942 1854 1389 1919 καταλιπόντας
1423 1852 1532 1907 τὸν
1575 1854 1759 1921 λόγον

180 1945 283 1999 τοῦ
322 1944 471 1999 Θεοῦ
509 1945 818 1999 διακονεῖν
866 1942 1180 2012 τραπέζαις
1203 1958 1218 1974 ο
1272 1941 1388 1996 ἀλλ’
1442 1942 1757 2010 εὐξάμενοι,

177 2034 403 2100 ἄνδρας
448 2035 701 2103 πλήρεις
736 2036 1083 2104 Πνεύματος
1141 2033 1315 2103 ἁγίου
1364 2030 1757 2098 καταστήσω-

176 2142 291 2194 μεν
320 2125 419 2177 ἐπὶ
454 2122 564 2192 τῆς
592 2124 900 2189 διακονίας
927 2123 1149 2189 ταύτης
1176 2136 1189 2150 ·
1225 2120 1395 2190 ἡμεῖς
1423 2119 1491 2173 δὲ
1528 2119 1602 2187 τῇ
1635 2120 1759 2172 δια-

179 2216 355 2282 κονίᾳ
393 2215 502 2268 τοῦ
539 2216 727 2286 λόγου
776 2214 874 2268 καὶ
913 2213 987 2282 τῇ
1026 2211 1339 2281 προσευχῇ
1387 2226 1757 2281 προσκαρτε-

174 2308 392 2377 ρῶμεν.
423 2309 608 2379 Ὁρᾷς,
637 2309 786 2372 ὅπως
813 2309 882 2361 τά
927 2307 1120 2380 πρῶτα
1164 2305 1271 2359 τῶν
1309 2305 1575 2375 δευτέρων
1619 2322 1754 2376 προ-

181 2400 427 2471 έκριναν,
470 2399 673 2471 καίπερ
725 2400 1011 2469 ἀμφότερα
1049 2399 1178 2470 μιᾶς
1232 2396 1443 2468 ἀγαθῆς
1476 2396 1630 2469 ῥίζης
1658 2397 1777 2458 οὐκ,

179 2489 501 2560 ἀγνοοῦντες
523 2486 663 2546 εἶναι
689 2491 1065 2562 βλαστήματα.

184 2664 231 2695 ⁷⁸
266 2664 404 2726 Luc.
453 2682 506 2728 ιι.
537 2668 626 2725 Μ.

183 2865 971 2902 πει-ἠ

325 2941 1521 3234 ΜΑΚΑΡΙΟΥ

720 2667 763 2699 ⁷⁷
817 2666 974 2723 Joan.
1035 2679 1148 2731 xm,
1175 2666 1232 2720 5.
1301 2663 1347 2696 ⁷⁸
1407 2663 1526 2717 Act.
1579 2678 1650 2725 vr,
1708 2662 1828 2716 2-4.

1856 1855 1954 1910 Dei
2001 1867 2051 1910 et
2100 1860 2404 1913 ministrare
2445 1862 2656 1923 mensis,
2697 1861 2793 1916 sed
2840 1863 3119 1931 praemissa
3160 1863 3434 1931 oratione,

1855 1950 1994 2002 viros
2024 1948 2205 2018 plenos
2262 1948 2468 2020 Spiritu
2507 1961 2692 2006 sancto
2736 1956 3114 2009 constituamus
3161 1971 3319 2026 super
3342 1956 3437 2009 hoc

1858 2054 2023 2107 opus;
2057 2056 2148 2092 nos
2180 2055 2301 2093 vero
2328 2042 2560 2095 orationi
2586 2052 2633 2095 et
2661 2045 2951 2097 ministerio
2995 2045 3138 2099 verbi
3176 2047 3434 2100 instantes
3544 2084 3548 2091 ι

1861 2131 2052 2184 erimus
2089 2132 2154 2184 ⁷⁸.
2201 2131 2386 2197 Vides,
2429 2140 2491 2185 ut
2537 2133 2716 2209 prima
2750 2135 3006 2190 secundis
3049 2136 3433 2205 praetulerint:

1862 2230 2145 2292 utcunque
2174 2239 2283 2277 non
2314 2224 2657 2295 ignorarent,
2700 2227 2866 2281 unius
2890 2235 3123 2298 utraque
3151 2228 3437 2283 bonaa'ra-

1862 2310 2003 2365 dicis
2026 2326 2147 2367 esse
2179 2313 2446 2384 germina.

1537 2857 3436 2897 mm

1635 3055 2073 3227 ΤΟΥ
2202 3050 3303 3230 ΜΕΓΑΛοΥ

836 3334 1097 3422 ΠΕΡΙ
1170 3332 1808 3425 ΥΠΟΜΟΝΗΣ
1880 3339 2075 3422 ΚΑΙ
2154 3333 2798 3422 ΔΙΑΚΡΙΣΕΩΣ

1692 3518 1912 3571 ΛΟΓΟΣ

864 3802 1868 4040 MACARII
2032 3881 2784 4040 MAGNI

695 4180 858 4284 DE
975 4175 1681 4284 ΡΑΤΙΕΝΤΙΛ

1854 4178 1975 4279 ΞΤ
2108 4172 2959 4285 DISCRETIONE

1695 4385 1920 4441 LIBER.

237 4734 328 4790 A'.
367 4733 498 4797 Τοῖς
534 4730 849 4803 πειθαρχεῖν
887 4728 964 4803 τῷ
996 4732 1139 4804 λόγῳ
1173 4730 1265 4787 τοῦ
1306 4728 1443 4786 Θεοῦ
1497 4730 1756 4802 βουλομέ-

1938 4733 1982 4788 l.
2009 4733 2114 4788 Eos
2163 4731 2258 4804 qui
2292 4731 2484 4787 volunt
2513 4730 2741 4787 obedire
2782 4731 2878 4786 Dei
2918 4731 3106 4795 v‘erbo,
3152 4736 3208 4784 et
3235 4726 3441 4785 bonum

156 4846 304 4892 νοις,
336 4825 443 4880 καὶ
474 4824 677 4893 ἀγαθὸν
706 4824 914 4895 καρπὸν
951 4823 1362 4895 ἐργαζομένοις,
1393 4824 1593 4895 σημεῖα
1622 4841 1762 4895 παρ-

154 4916 473 4974 ακολουθεῖ
497 4915 672 4970 ταῦτα
697 4930 713 4947 ο
763 4916 1087 4986 στεναγμὸς,
1122 4914 1419 4991 κλαυθμὸς,
1469 4914 1765 4984 κατήφεια,

155 5008 417 5080 ἡσυχία,
446 5006 695 5076 κεφαλῆς
729 5004 964 5074 κίνησις,
998 5005 1295 5077 προσευχὴ,
1333 5004 1533 5075 σιωπὴ,
1570 5005 1766 5075 ἐπιμο-

152 5104 247 5174 νὴ,
284 5100 564 5170 ὀδυνηρὸν
594 5097 809 5162 πένθος,
853 5098 1014 5160 πόνος
1040 5098 1270 5169 καρδίας
1312 5098 1450 5170 ὑπὲρ
1483 5097 1765 5162 εὐσεϐείας

149 5195 497 5263 γενόμενος.
543 5190 625 5244 Τὰ
667 5189 726 5243 δὲ
765 5190 924 5260 ἔργα*
954 5188 1255 5261 ἀγρυπνία,
1286 5189 1529 5259 νηστεία,
1560 5188 1762 5258 ἐγκρά-

148 5303 308 5349 τεια,
350 5282 629 5351 πραότης,
669 5280 1044 5350 μακροθυμία,
1081 5277 1421 5341 ἀδιάλειπτος
1456 5278 1758 5350 προσευχὴ,

151 5358 383 5449 μελέτη
430 5373 538 5426 τῶν
570 5372 731 5426 θείων
764 5370 1018 5442 Γραφῶν,
1050 5370 1250 5435 πίστις,
1282 5371 1629 5435 ταπείνωσις,
1671 5387 1762 5439 φι-

1868 4820 2108 4877 fructum
2157 4821 2387 4887 faciunt,
2450 4818 2566 4875 hac
2614 4831 2924 4892 sequuntur
2975 4820 3128 4891 signa
3184 4835 3203 4875 :
3256 4820 3441 4890 suspi-

1870 4914 2038 4979 rium,
2095 4913 2369 4983 planctus,
2430 4910 2713 4976 maestitia,
2768 4910 2948 4981 quies,
3000 4909 3196 4980 capitis
3244 4909 3437 4975 motio,

1871 5006 2068 5071 oratio,
2102 5005 2406 5069 silentium,
2442 5005 2749 5059 constantia
2782 5003 2836 5057 in
2867 5003 3009 5069 loca,
3046 5003 3336 5060 dolorosus
3358 5005 3444 5060 lu-

1871 5103 2015 5161 ctus,
2049 5095 2207 5149 labor
2237 5094 2422 5149 cordis
2448 5109 2545 5163 pro
2576 5094 2778 5163 pietate
2809 5102 3118 5162 susceptus.
3162 5092 3286 5149 Haec
3307 5111 3442 5150 vero

1869 5201 2035 5255 opera
2064 5202 2076 5237 :
2104 5185 2324 5255 vigiliae,
2347 5184 2640 5254 jejunium,
2667 5182 3029 5248 continentia,
3052 5187 3439 5250 mansuetudo,

1868 5277 2277 5348 longanimitas,
2312 5276 2489 5331 oratio
2515 5291 2625 5329 non
2668 5275 3003 5339 intermissa,
3038 5276 3323 5334 meditatio
3354 5281 3443 5335 di-

1867 5370 2119 5423 vinarum
2173 5368 2603 5438 Scripturarum,
2654 5366 2809 5431 ﬁdes,
2864 5367 3167 5433 humilitas,
3205 5369 3447 5430 Charitas

144 5466 468 5538 λαδελφία,
500 5465 768 5536 ὐποταγὴ,
802 5465 982 5527 πόνος,
1005 5463 1365 5527 κακοπάθεια,
1398 5462 1607 5533 ἀγάπη,
1633 5464 1767 5530 ἀγα-

1871 5460 2135 5524 fraterna,
2180 5458 2465 5530 subjectio,
2523 5458 2701 5524 labor,
2775 5472 3068 5528 aperorum
3134 5462 3441 5530 perpessio,

146 5562 427 5629 θωσύνη,
464 5557 783 5627 κοσμιότης,
819 5556 915 5611 καὶ
949 5556 1010 5609 τὸ
1044 5555 1163 5609 ὅλον
1195 5555 1332 5625 φῶς,
1363 5556 1391 5609 ὅ
1420 5556 1569 5608 ἐστιν
1598 5556 1625 5607 ὁ
1653 5553 1765 5607 Κύ-

1874 5551 2134 5617 cbaritas,
2187 5549 2426 5615 bonitas,
2470 5549 2748 5616 honestas,
2780 5559 2838 5605 et
2871 5565 3033 5604 omne
3065 5550 3271 5616 lumen,
3300 5555 3447 5623 quod

150 5671 304 5729 ριος.
345 5650 480 5706 Τῶν
507 5651 563 5704 δέ
594 5666 658 5719 γε
716 5650 791 5720 μὴ
827 5647 1124 5702 ποιούντων
1153 5648 1364 5719 καρπὸν
1392 5647 1536 5718 ζωῆς
1568 5646 1768 5717 σημεῖά

1874 5651 1960 5699 est
2012 5643 2297 5699 Dominus.
2332 5642 2537 5698 Eorum
2578 5651 2760 5697 autem
2801 5641 2897 5713 qui
2941 5656 3051 5696 non
3087 5640 3298 5698 faciunt
3334 5644 3451 5701 fru-

146 5753 280 5801 ἔστι
310 5743 526 5801 ταῦτα·
558 5741 780 5813 ἀκηδία,
812 5740 1166 5812 μεθορισμδς,
1196 5740 1535 5811 περίϐλεψις,
1560 5740 1771 5811 ἀπροσ-

1877 5746 2025 5792 ctum
2056 5734 2198 5803 vitae,
2232 5735 2385 5805 signa
2415 5734 2534 5790 haec
2580 5743 2709 5791 sunt
2753 5753 2766 5791 :
2823 5732 3057 5793 incuria.
3087 5737 3451 5807 transgressio

514 5834 785 5896 Parnm.
829 5835 946 5899 Gtt.
993 5832 1259 5901 XXXIV.
2970 5822 3046 5889 28
