4044 6524
600 358 703 422 867

1850 361 1909 421 S.
1948 360 2269 422 MACARII
2309 360 2631 420 IEGYPTII
3777 354 3863 413 863

617 474 765 529 ultra
812 475 1111 539 terminos,
1158 473 1360 531 eﬂ‘uslo
1388 482 1643 546 aspectus
1683 474 1739 530 in
1767 487 1959 530 omnes
1978 483 2180 545 partes,

2288 472 2428 536 εξία,
2461 472 2797 542 γογγυσμὸς,
2842 470 3147 538 κέπφωσις.
3182 470 3263 524 Τά
3290 469 3347 523 δὲ
3375 469 3536 541 ἔργα·
3568 467 3866 536 ἀδδηφαγια

601 567 957 638 negligentia,
996 566 1383 631 murmuratio,
1416 566 1555 622 levis
1585 566 1962 622 circumactio.
2000 566 2178 636 Opera

602 674 735 713 vero
768 677 781 713 :
817 661 1124 727 'voracitas,
1155 661 1257 725 ira,
1290 659 1659 723 vehementia,
1698 659 2052 723 obtrectatio,
2088 667 2178 713 tu-

604 765 745 814 mor,
781 751 1091 821 importuna
1122 752 1444 821 loquacitas,
1476 750 1858 816 incredulitas,
1904 751 2180 806 instabili-

606 850 710 907 tas,
764 844 992 906 oblivio.
1039 844 1303 908 turbatio,
1356 844 1494 899 lucri
1533 843 1742 899 sordidi
1784 843 2042 914 captatio,
2081 858 2181 915 pe-

603 935 779 990 cunia:
807 935 1100 1004 cupiditas,
1130 936 1425 999 aemulatio,
1463 936 1767 1001 contentio,
1795 933 2179 1006 despicientia,

605 1027 907 1097 nugacitas,
949 1027 1370 1097 intempestivus
1414 1030 1583 1095 risus,
1633 1029 1937 1100 pertinacia
1984 1042 2185 1085 sensus

602 1117 841 1186 pmprii;
872 1126 928 1171 et
954 1133 1146 1173 omnes
1182 1119 1443 1184 tenebrae,
1478 1136 1600 1190 quae
1633 1130 1763 1175 sunt
1789 1120 2040 1177 Satanas.

671 1204 737 1258 ll.
769 1205 876 1260 Per
905 1220 1137 1271 arcanae,
1166 1208 1261 1263 sed
1286 1209 1397 1263 Deo
1430 1208 1630 1279 dignae,
1657 1209 2021 1280 providentiae
2049 1224 2185 1266 con-

602 1298 810 1363 silium,
842 1314 952 1353 non
987 1300 1172 1354 statim
1210 1300 1264 1354 in
1292 1301 1575 1356 decretam
1608 1302 1710 1372 ipsi
1737 1301 2046 1372 gehennam
2083 1302 2186 1356 im-

604 1391 727 1459 pius
758 1390 1030 1458 mittitur,
1079 1394 1175 1447 sed
1226 1393 1450 1448 interim
1479 1394 1700 1453 {sinitur
1729 1395 1820 1448 hic
1865 1394 2076 1457 vivere,
2126 1402 2186 1448 ut

603 1492 782 1547 vexet,
819 1498 884 1538 ac
922 1486 1174 1539 vexando
1206 1486 1404 1555 probet
1436 1486 1730 1552 homines;
1778 1495 1942 1555 atque
1971 1488 2067 1549 ita,
2098 1494 2187 1538 nt-

605 1586 827 1642 cunque
864 1588 976 1628 non
1016 1576 1225 1640 volens,
1265 1576 1484 1641 eﬂiciat,
1540 1586 1602 1631 ut
1638 1577 1810 1631 sancti
1856 1587 2105 1631 crescant
2132 1577 2183 1630 in

601 1664 815 1734 justitia
855 1681 954 1736 per
1002 1667 1355 1736 patientiam;
1395 1683 1461 1723 ac
1505 1683 1603 1738 per
1641 1668 1746 1722 hoc
1786 1668 2009 1738 majoris
2054 1668 2189 1736 ipsis

604 1754 792 1824 gloriae
816 1772 977 1812 causa
1008 1760 1115 1824 sit;
1151 1759 1369 1830 sibique
1401 1760 1644 1815 vicissim
1672 1776 1773 1831 per
1801 1776 1955 1815 suam
1984 1760 2182 1814 volun-

606 1848 801 1903 tariam
835 1851 1263 1907 obstinationem
1287 1854 1343 1907 in
1372 1855 1634 1924 peccatis,
1667 1862 1723 1908 et
1747 1852 2047 1907 malitiosas
2071 1867 2186 1906 ma-

604 1939 949 1997 chinationes
1011 1944 1065 1997 in
1121 1952 1360 2011 sanctos,
1410 1955 1562 2001 tanto
1600 1946 1803 2017 justius
1838 1943 2187 2014 inﬂigendam

605 2035 822 2104 probet,
853 2052 975 2105 qua:
1011 2036 1114 2106 ipsi
1142 2046 1417 2102 servatur,
1452 2052 1695 2107 poenam.
1716 2036 2008 2104 Nimirum,
2039 2036 2186 2107 quod

619 2127 843 2180 divinus
872 2128 949 2181 ait
973 2128 1269 2197 Apostolus
1315 2127 1445 2200 :.Ut
1484 2128 1583 2197 ﬁat
1616 2146 1779 2200 supra
1818 2129 2031 2183 modum
2072 2145 2188 2199 peo-

603 2227 732 2265 cans
760 2223 1028 2282 peccatum
1058 2216 1124 2269 τ’.

680 2304 839 2374 180
878 2305 963 2359 Ill.
1003 2304 1139 2360 Cum
1176 2306 1484 2378 decepisset
1519 2307 1789 2362 Adamum
1822 2308 2100 2373 inimicus,
2132 2317 2188 2363 et

606 2395 687 2449 sic
712 2411 838 2450 eum
869 2397 1115 2451 dominio
1145 2413 1246 2452 suo
1285 2399 1656 2469 subjugasset,
1686 2399 1890 2468 eripuit
1917 2402 1990 2462 ei,
2023 2417 2185 2469 quam

606 2487 763 2555 prius
798 2486 1053 2553 habebat,
1097 2496 1425 2557 potestatem
1453 2506 1468 2556 ;
1503 2489 1574 2543 ita
1600 2489 1858 2559 princeps
1888 2490 2051 2559 hujus
2086 2506 2188 2545 sae-

606 2580 716 2634 culi
746 2580 1054 2634 declaratus
1076 2588 1179 2634 est.
1212 2582 1476 2651 Princeps
1500 2582 1770 2651 siquidem
1796 2582 1959 2652 hujus
1980 2583 2185 2648 saeculi,

605 2682 662 2725 et
680 2672 935 2726 dominus
963 2672 1209 2726 omnium
1236 2672 1530 2726 visibilium
1552 2673 1716 2727 homo
1738 2673 1806 2727 ab
1826 2673 1985 2728 initio
2010 2674 2189 2728 fuerat

2280 563 2441 633 ὀργὴ,
2478 563 2688 633 θυμὸς,
2724 562 3032 617 καταλαλιά
3061 604 3079 629 ,
3131 562 3399 633 φυσίωσις
3423 603 3439 629 ,
3486 562 3863 632 ἀκαιρολογία,

2282 655 2528 720 ἀπιστία,
2555 655 2955 721 ἀκαταστασία,
2983 654 3143 726 λήθη,
3167 654 3403 725 ταραχὴ.
3426 653 3867 724 αἰσχροκέρδεια,

2282 747 2633 818 φιλαργυρία,
2684 747 2868 815 ζῆλος,
2926 748 3135 817 ὲρίθεια
3167 787 3183 813 ,
3230 747 3551 819 ὑπεροψία,
3611 746 3865 816 φλυαρία,

2282 841 2513 910 ἄκαιρος
2541 840 2737 907 γέλως,
2771 839 3099 908 ἐθελοδοξία,
3130 840 3226 896 καὶ
3253 840 3315 894 τὸ
3339 842 3449 895 πᾶν
3485 840 3710 905 σκότος,
3742 840 3868 912 ὅπερ

2283 930 2429 986 ἐστὶν
2455 932 2484 984 6
2516 932 2777 995 Σατανᾶς.

2356 1203 2433 1259 Β’.
2463 1204 2603 1257 Κατ’
2651 1203 2973 1274 οἰκονομίαν
3003 1203 3283 1277 θειοτέραν
3317 1206 3474 1277 φησί,
3513 1207 3622 1260 οὑκ
3675 1206 3871 1271 εὐθέως

2286 1297 2367 1359 είς
2392 1295 2494 1365 τὴν
2536 1295 2914 1365 κληρωθεὴαν
2953 1296 3104 1368 αὑτῷ
3147 1298 3375 1367 γέενναν
3402 1300 3432 1351 6
3466 1300 3718 1370 πονηρὸς
3747 1318 3873 1369 παρ-

2288 1386 2565 1457 επέμφθη·
2613 1387 2751 1442 ἀλλά
2802 1389 3039 1458 βασάνου
3078 1390 3173 1445 καὶ
3208 1390 3536 1461 δοκιμασίας
3579 1392 3751 1463 χάριν
3786 1392 3872 1444 τοῦ

2286 1494 2347 1532 τε
2378 1477 2690 1549 ἀνθρώπου,
2716 1482 2878 1551 φημὶ,
2908 1480 3163 1553 παρείθη·
3197 1483 3285 1537 ἵνα
3308 1484 3400 1536 καὶ
3430 1485 3584 1537 ἄκων
3602 1484 3873 1537 δικαιοτέο

2291 1586 2416 1640 ρους
2450 1570 2548 1640 μὲν
2574 1571 2702 1634 τοὺς
2731 1571 2918 1638 ἁγίους
2964 1572 3055 1626 διὰ
3102 1572 3203 1639 τῆς
3237 1573 3517 1644 ὑπομονῆς
3543 1574 3874 1643 ἀπεργάση-

2287 1678 2397 1723 ται,
2423 1662 2519 1715 καὶ
2552 1662 2796 1731 μείζονος
2822 1662 3007 1726 αὐτοῖς
3046 1664 3203 1734 δόξης
3231 1668 3403 1724 αἴτιος
3433 1669 3715 1735 καταστῇ·
3756 1667 3877 1718 Eata-

2289 1750 2367 1820 τῷ
2405 1751 2464 1804 δὲ
2512 1751 2674 1807 πάλιν
2731 1752 2821 1806 διὰ
2868 1753 2965 1822 τῆς
3028 1754 3162 1816 ίδίας
3209 1754 3595 1819 ἐθελοκακίας,
3638 1756 3740 1807 καὶ
3775 1754 3875 1806 τῶν

2292 1842 2433 1896 κατὰ
2476 1845 2587 1897 τῶν
2621 1844 2790 1913 ἁγίων
2834 1845 3089 1899 ἐπινοιῶν
3116 1846 3459 1917 δικαιοτέραν
3486 1848 3877 1916 κατασκευάσῃ

2290 1936 2387 2005 τὴν
2418 1936 2673 1989 κόλασιν·
2721 1935 2830 1992 Καὶ
2868 1938 3003 2000 ἵνα,
3037 1940 3204 2009 φησὶν
3257 1940 3286 1991 6
3325 1938 3471 2001 θεῖος
3515 1937 3877 2003 Ἀπόᾶτολος,

2291 2025 2420 2081 καθ’
2465 2026 2813 2095 ὑπερϐολὴν
2856 2027 3100 2097 γένηται
3130 2030 3487 2097 ἁμαρτωλὸς
3526 2030 3569 2099 ἡ
3599 2030 3875 2098 ἁμαρτία.

2360 2296 2399 2348 Γ
2400 2304 2432 2350 ’.
2458 2296 2759 2366 Απατήσας
2778 2299 2872 2352 τὸν
2897 2298 3110 2369 Ἀδάμό
3129 2300 3339 2369 ὲχθρος,
3374 2302 3473 2354 καὶ
3500 2301 3687 2363 οὕτως
3719 2303 3874 2355 αὑτοῦ

2289 2388 2583 2460 κυριεύσας
2625 2389 2822 2458 ἀφεῖλέ
2858 2407 2918 2444 τε
2950 2391 3113 2445 αὑτὸν
3135 2392 3234 2462 τὴν
3273 2394 3550 2459 ἐξουσίαν,
3575 2396 3671 2447 καὶ
3699 2397 3873 2463 ἄρχων

2288 2481 2496 2543 ἐκεῖνος
2552 2480 2647 2534 τοῦ
2700 2483 2896 2546 αἰῶνος
2953 2483 3108 2537 τοῦδε
3158 2484 3608 2556 προσηγορεύθη.
3663 2487 3875 2556 Ἄρχων

2287 2574 2345 2627 δὲ
2383 2573 2477 2626 τοῦ
2513 2574 2707 2636 αἰῶνος
2738 2574 2928 2628 τούτου
2966 2577 3061 2628 καὶ
3105 2577 3373 2647 δεσπότης
3419 2577 3533 2629 τῶν
3582 2578 3874 2648 ὁρωμένων

2287 2668 2316 2719 6
2350 2666 2633 2736 ἄνθρωπος
2660 2662 2729 2737 ἦν
2768 2668 2827 2733 ἐξ
2856 2669 3029 2739 ἀρχῆς
3066 2670 3170 2722 ὑπὸ
3188 2670 3282 2723 τοῦ
3318 2672 3533 2741 Κυρίου
3572 2674 3871 2732 καταστάς.

606 2782 635 2817 a
666 2764 779 2818 Deo
804 2764 1159 2819 constitutus.
1180 2764 1298 2819 Non
1318 2765 1464 2819 enim
1490 2765 1907 2835 ipsijpraevalere
1932 2765 2071 2835 ignis
2088 2780 2180 2834 po-

2289 2758 2427 2813 Οῠτε
2459 2760 2569 2830 γὰρ
2610 2759 2723 2831 πῦρ
2760 2759 2927 2814 αὐτοῦ
2969 2762 3279 2832 κατίσχυεν,
3326 2764 3424 2833 οὐχ
3466 2764 3619 2834 ὕδωρ
3671 2766 3874 2818 ἐπόπι-

605 2863 772 2922 terat,
800 2870 911 2909 non
937 2871 1062 2910 eum
1103 2871 1243 2925 aqua
1283 2855 1624 2927 demergere,
1673 2872 1782 2911 non
1824 2857 1904 2911 illi
1937 2857 2052 2911 fera
2087 2873 2180 2911 no-

2289 2855 2402 2917 ςεν,
2451 2853 2512 2906 οὐ
2560 2852 2750 2923 θηρίον
2793 2854 3083 2917 ἔϐλαπτεν,
3115 2854 3215 2906 οὐκ
3252 2853 3460 2907 ἰοϐόλον
3493 2854 3587 2907 ἃττ’
3634 2854 3790 2925 αὐτῷ
3820 2858 3873 2908 τὺ

604 2960 752 3009 cere,
783 2960 896 3000 non
938 2960 1098 3001 suum
1128 2947 1183 3000 in
1217 2949 1337 3017 ejus
1366 2948 1612 3002 membra
1646 2964 1920 3003 venenum
1960 2949 2180 3004 noxium

2287 2945 2485 2997 οἰκεῖον
2525 2946 2781 3014 ἐνήργει·
2824 2944 2915 3012 ἀφ’
2942 2938 3003 2998 οὗ
3052 2945 3107 2998 δὲ
3148 2948 3212 3015 τῇ
3266 2947 3455 3018 ἀπάτη
3488 2944 3630 3010 εἶξε,
3688 2950 3872 3018 προδέο

605 3033 839 3101 quodvis
856 3034 1056 3089 animal
1074 3035 1177 3090 diil‘
1179 3035 1407 3090 undere.
1436 3036 1512 3091 Ex
1535 3052 1645 3107 quo
1666 3049 1849 3093 autem
1868 3039 2180 3110 deceptioni

2287 3035 2427 3087 δωκε
2452 3033 2531 3105 τῷ
2570 3036 2915 3103 ἀπατήσαντι
2953 3035 3055 3107 τὴν
3084 3037 3277 3107 ἀρχήν·
3305 3038 3375 3091 δι’
3410 3042 3476 3110 ἦν
3507 3040 3705 3093 αἰτίαν
3746 3058 3875 3108 ςαρ-

607 3125 934 3192 succubuit,
971 3126 1215 3197 prodidit
1255 3127 1538 3197 deceptori
1581 3130 1946 3199 principatum
2001 3148 2179 3187 suum.

2291 3126 2454 3193 μακοί
2494 3142 2554 3177 τε
2584 3126 2680 3179 καὶ
2709 3126 2906 3196 γόητες
2957 3130 3079 3183 κατ’
3111 3128 3364 3183 ἐναντίαν
3390 3130 3591 3200 ἐνέργε
3604 3149 3717 3195 ιαν,
3748 3131 3869 3184 Θεοῦ

609 3217 841 3286 Propter
882 3232 1047 3287 quam
1092 3233 1311 3273 causam
1363 3220 1507 3290 magi
1537 3230 1612 3290 ,ει
1652 3222 2093 3292 pnestigiatorcs,
2129 3236 2180 3279 et

2287 3216 2344 3270 δὲ
2383 3217 2754 3289 συγχώρησιν,
2794 3219 3215 3290 παραδοξοποιοὶ
3264 3221 3617 3275 δείκνυνται·
3658 3223 3871 3276 ἰοὸόλων

607 3323 705 3377 per
721 3307 1087 3363 adversariam
1102 3309 1394 3365 eﬂicaciam
1410 3311 1567 3377 mira,
1586 3312 1698 3367 Deo
1714 3313 1794 3368 sic
1808 3316 2180 3386 permittente,

2286 3329 2346 3365 τε
2385 3312 2495 3382 γὰρ
2533 3314 2870 3381 κυριεύουσι,
2908 3316 3005 3368 καὶ
3040 3315 3212 3387 πυρὸς
3247 3316 3343 3369 καὶ
3373 3316 3593 3369 ὑδάτων
3618 3318 3872 3369 κατατολ·

607 3408 929 3468 operantur,
959 3400 1246 3455 venenatis
1269 3401 1617 3458 dominantes
1644 3403 1858 3469 bestiis,
1890 3404 2180 3477 ignemque

2289 3404 2482 3472 μῶσιν,
2528 3403 2603 3466 ὡς
2651 3406 2703 3457 oi
2742 3406 2872 3475 περὶ
2909 3406 3104 3477 ’1αννῆ,
3133 3408 3296 3477 φημὶ,
3344 3408 3441 3460 καὶ
3480 3409 3777 3480 Μαμϐρῆν
3804 3409 3873 3478 τῷ

605 3501 661 3539 et
690 3502 861 3555 aquas
890 3488 1008 3543 sine
1040 3504 1178 3543 noxa
1210 3490 1532 3555 subeuntes,
1568 3501 1629 3546 ut
1679 3494 1884 3550 Jannes
1912 3504 1968 3551 et
2016 3497 2180 3552 Mam-

2286 3496 2457 3565 Μωσῇ
2503 3496 2909 3567 ἀντικείμενοι,
2969 3498 3065 3552 καὶ
3108 3499 3185 3563 ὡς
3230 3500 3420 3570 Σίμων
3460 3499 3545 3570 τῷ
3594 3504 3871 3573 κορυφαίῳ

608 3579 733 3632 bres
762 3578 1069 3634 adversarii
1101 3582 1267 3637 Mosis
1316 3600 1330 3637 :
1386 3592 1446 3638 ut
1484 3585 1674 3641 Simon
1699 3587 1935 3658 principi
1961 3600 2180 3660 aposto-

2286 3587 2477 3658 Πέτρῳ
2506 3588 2692 3658 άντιφε
2700 3589 2943 3661 ρόμενος.

602 3669 780 3722 lorum
813 3670 976 3724 Petro
997 3685 1117 3726 sese
1145 3688 1311 3728 ausus
1340 3685 1425 3729 est
1452 3689 1751 3747 opponere.

675 3758 759 3812 ιν.
789 3760 1055 3815 Existimo
1085 3761 1386 3829 diabolum,
1414 3766 1636 3834 quando
1669 3766 2059 3823 animadvertit
2080 3770 2180 3824 ite-

2354 3758 2623 3834 Δ¹.Οἷμαι,
2652 3766 2836 3836 φησὶν,
2856 3766 2937 3819 ὅτι
2964 3766 3059 3819 καὶ
3087 3766 3184 3837 τὴν
3213 3768 3495 3839 προτέραν
3518 3769 3869 3839 αὑτοῦἊδὰμ

603 3868 724 3906 rum
758 3854 1109 3925 ellulgentem
1163 3855 1215 3909 in
1260 3855 1399 3912 facie
1430 3858 1595 3912 Mosis
1632 3860 1881 3915 eamdem
1927 3862 2180 3931 gloriam,

2286 3858 2442 3925 δόξαν
2466 3857 2669 3927 ὁμοίως
2696 3860 2777 3929 τῷ
2809 3859 3086 3931 προσώπῳ
3133 3862 3380 3925 Μωσέως
3421 3863 3865 3933 ἐπιλάμπουσιν,

602 3962 766 4014 quam
810 3947 863 4000 in
913 3948 1067 4001 vultu
1114 3948 1306 4003 Adami
1359 3950 1596 4017 viderat,
1641 3968 1753 4006 non
1788 3969 1979 4023 parum
2011 3954 2180 4011 fuisse

2286 3951 2374 4003 τὶν
2407 3949 2599 4021 ἐχθρὸν
2632 3949 2967 4020 θεασάμενον
3009 3950 3205 4014 ἱκανῶς
3232 3952 3537 4022 τρωθῆναι·
3567 3955 3867 4023 καθαπερεὶ

603 4038 920 4104 perculsum
949 4057 963 4104 ;
1001 4051 1191 4109 utpote
1230 4042 1357 4097 inde
1392 4045 1681 4114 augurium
1717 4045 2007 4102 ducentem
2034 4048 2180 4119 deje-

2286 4044 2704 4113 τεκμηράμενον
2746 4043 2845 4114 τὴν
2884 4043 2984 4106 τῆς
3038 4044 3233 4097 ἑαυτοῦ
3281 4045 3574 4115 βασιλείας
3616 4047 3867 4116 καθαίρε-

602 4128 803 4182 ctionis
831 4146 894 4183 ex
932 4147 1032 4184 suo
1083 4149 1274 4199 regno.
1330 4135 1475 4189 Nihil
1518 4144 1702 4191 autem
1752 4137 2003 4207 impedit,
2044 4141 2180 4210 quin

2286 4152 2389 4189 σιν.
2450 4135 2615 4189 Οὐδὲν
2658 4135 2716 4189 δὲ
2748 4136 2807 4190 τδ
2850 4136 3060 4191 κωλῦον
3099 4138 3191 4189 καὶ
3238 4138 3299 4190 τὸ
3338 4138 3679 4193 Ἀποστόλου
3711 4142 3865 4209 mea»

601 4224 845 4291 Apostoli
882 4223 1088 4278 dictum
1132 4226 1200 4279 ad
1236 4226 1286 4280 id
1324 4227 1624 4283 referamus
1675 4246 1689 4283 :
1736 4230 1993 4302 Regnavit
2040 4251 2179 4287 mors

2286 4226 2417 4296 πρὸς
2446 4225 2605 4280 τοῦὀ
2642 4227 2927 4297 φέρεσθαι,
2958 4230 3039 4295 τὸ,
3084 4231 3529 4285 Ἐϐασίλευσεν
3550 4234 3585 4285 ὁ
3620 4233 3863 4297 θάνατος

602 4316 666 4368 ab
691 4316 864 4370 Adam
899 4333 1061 4387 usque
1098 4319 1167 4401 ad
1204 4319 1455 4390 Moysem,
1499 4324 1658 4376 etiam
1704 4325 1759 4377 in
1808 4341 1893 4378 eos
1939 4329 2029 4396 qui
2074 4345 2176 4381 non

2286 4326 2398 4377 ἀπὸ
2446 4324 2618 4392 Ἀδὰμ
2646 4325 2822 4394 μέχρι
2845 4326 3124 4391 Μωσέως,
3148 4328 3243 4380 καὶ
3268 4327 3367 4380 ἐπὶ
3401 4328 3552 4394 τοὺς
3565 4328 3655 4397 μὴ
3688 4331 3861 4398 (mor

600 4419 944 4475 peccaterunt
968 4410 1032 4465 ⁸⁰.
1068 4410 1267 4480 Opinio
1293 4412 1441 4466 cnim
1480 4414 1597 4469 hazc
1630 4431 1748 4470 mea
1775 4427 1880 4481 est,
1908 4418 2180 4488 gloriﬁca-

2286 4416 2606 4483 τήσαντας.
2661 4416 2813 4469 Δοκῶ
2862 4417 2968 4485 γάρ
3002 4434 3091 4486 μοι
3118 4458 3132 4481 ,
3168 4416 3230 4469 τὸ
3261 4417 3665 4487 δεδοξασμένον
3710 4422 3863 4489 προσ-

602 4510 711 4553 tam
746 4500 892 4553 illam
940 4501 1133 4556 faciem
1181 4503 1404 4575 Moysis,
1449 4516 1763 4576 expressam
1795 4510 1945 4563 velut
1978 4526 2044 4564 ex
2078 4526 2176 4565 an—

2286 4524 2430 4560 ωπον
2453 4505 2695 4568 Μωσέως
2720 4505 2890 4559 τύπον
2920 4508 3013 4559 καὶ
3043 4506 3349 4575 ὑπόδειγμα
3374 4508 3578 4571 σώζειν
3601 4509 3698 4561 τοῦ
3730 4510 3864 4577 πρώ-

601 4594 755 4663 tiquo
793 4597 1091 4665 exemplari
1126 4597 1362 4651 formam
1419 4611 1839 4669 repraasentasse
1871 4603 2180 4672 conspicuae

2286 4617 2374 4652 του
2427 4597 2515 4651 διὰ
2571 4597 2773 4669 χειρῶν
2822 4596 2957 4651 Θεοῦ
3006 4597 3512 4668 δημιουργηθέντος
3554 4602 3858 4671 ἀνθρώπου·

599 4687 891 4748 claritatis.
928 4705 1034 4759 qua
1070 4691 1216 4744 Deus
1245 4692 1409 4760 primi
1455 4692 1571 4746 suis
1596 4693 1851 4747 manibus
1874 4693 2035 4747 ellicti
2078 4695 2177 4749 ho-

598 4780 764 4836 minis
792 4782 1006 4836 vultum
1030 4782 1407 4853 insigniverat.
1433 4784 1588 4851 Quod
1615 4800 1740 4839 cum
1772 4784 1984 4839 videret
2008 4802 2174 4850 mors,

595 4873 701 4928 hoc
730 4880 836 4941 est,
867 4874 1061 4927 mortis
1084 4884 1275 4927 auctor
1304 4874 1573 4939 diabolus,
1601 4883 1715 4929 tum
1749 4876 2013 4946 suspicari
2048 4892 2174 4931 eum

593 4966 851 5035 (rmpisse,
870 4965 1125 5019 excidere
1152 4979 1210 5019 se
1234 4981 1423 5035 regno,
1447 4974 1502 5020 ct
1528 4983 1557 5020 a
1578 4967 1812 5022 Domino
1833 4984 1964 5021 vero
1992 4969 2095 5023 hoc
2117 4986 2175 5023 se

593 5074 905 5129 passurum.
964 5058 1225 5113 Eamdetn
1277 5075 1444 5129 porro
1493 5059 1724 5130 gloriam
1776 5067 1832 5113 et
1876 5077 2025 5115 nunc
2058 5062 2172 5115 veri

591 5151 893 5205 Christiani
909 5151 1145 5205 induunt
1168 5151 1317 5205 intus
1343 5151 1394 5204 in
1421 5160 1637 5217 mente;
1666 5152 1755 5205 ubi
1776 5152 1953 5207 deleta
1974 5164 2171 5217 morte,

592 5244 699 5298 hoc
730 5254 839 5309 est,
880 5243 1232 5313 passionihus
1258 5244 1593 5315 ignominize,
1623 5244 1737 5298 sive
1779 5246 2171 5315 concupiscen-

589 5337 680 5390 tiis
711 5336 785 5391 ita
816 5336 1134 5398 debilitatis,
1165 5346 1224 5391 ut
1253 5338 1469 5407 Operari
1504 5346 1803 5406 nequeant,
1836 5337 2007 5406 gloria
2047 5336 2167 5405 Spi-

590 5426 731 5481 ritus
757 5426 983 5497 eﬂ'ulget
1008 5426 1063 5480 in
1092 5441 1281 5489 sensu,
1316 5435 1373 5481 ct
1405 5428 1747 5497 plenitudine
1772 5426 1921 5480 onmi
1956 5427 2169 5481 liduciae

590 5518 802 5571 animas
833 5516 1055 5572 illorum
1086 5515 1377 5572 irradians.

656 5608 720 5663 Υ.
755 5610 858 5663 Per
889 5610 1198 5673 mulierem,
1218 5620 1400 5681 aptum
1429 5611 1499 5663 ob
1522 5610 1940 5665 similitudinem
1964 5608 2165 5666 instru-

592 5812 636 5843 τυ
678 5808 838 5863 liotn.
873 5825 962 5871 vn,
990 5810 1074 5863 15.
1149 5810 1193 5840 ⁸⁰
1234 5805 1390 5861 Rom.
1444 5823 1497 5872 γ,
1549 5809 1599 5862 1.

2279 4690 2415 4758 ὅπερ
2462 4687 2640 4741 ἰδόντα
2692 4688 2784 4741 τὸν
2844 4686 3093 4752 θάνατον,
3128 4691 3375 4742 τουτέστι
3424 4691 3661 4744 θανάτου
3698 4695 3861 4746 αἴτιον

2276 4778 2541 4846 διάϐολον,
2574 4781 2691 4834 ἐκεῖ
2746 4781 2844 4852 μὲν
2896 4779 3239 4834 ὑποπτεῦσαι
3288 4782 3391 4850 τῆς
3426 4783 3719 4852 βασιλείας
3752 4786 3862 4837 δια-

2278 4876 2484 4927 πεσεῖν·
2517 4875 2608 4927 ὲπὶ
2638 4873 2694 4926 δὲ
2724 4872 2817 4926 τοῦ
2857 4873 3063 4941 Κυρίου
3096 4875 3233 4943 πρὸς
3268 4874 3535 4945 ἀλήθειαν
3574 4876 3734 4929 τοῦτο
3764 4895 3861 4927 ’.τα-

2280 4969 2411 5022 θεῖν.
2451 4968 2670 5039 Ταύτην
2717 4967 3006 5039 τοιγαροῦν
3037 4970 3133 5032 τὴν
3166 4967 3325 5032 δόξαν
3371 4969 3483 5022 ἀπό
3533 4987 3597 5038 γε
3648 4972 3743 5022 τοῦ
3778 4970 3863 5021 νῖν

2276 5062 2326 5113 οἱ
2370 5061 2622 5131 ἀψευδεῖς
2651 5060 2969 5132 Χριστιανοὶ
3014 5059 3454 5131 περιϐάλλονται·
3511 5064 3610 5114 καὶ
3654 5062 3861 5114 ἕνδώεί

2278 5151 2369 5204 ὑπ’
2400 5151 2580 5203 αὐτῶν
2608 5152 2636 5202 6
2665 5150 2917 5216 θάνατος,
2948 5151 3126 5205 είτουν
3156 5152 3227 5206 τὰ
3259 5151 3356 5221 τῆς
3397 5152 3633 5221 ἀτιμίας
3661 5171 3868 5223 καταρ-

2276 5246 2450 5309 γεῖται
2485 5241 2656 5312 πάθη,
2701 5242 2943 5314 ἐνεργεῖν
2972 5243 3047 5313 μὴ
3075 5243 3372 5314 δυνάμενα·
3407 5242 3504 5297 ἆτε
3550 5244 3615 5313 δὴ
3645 5246 3747 5313 τῆς
3778 5244 3861 5295 τοῦ

2277 5337 2589 5407 Πνεύματος
2617 5336 2776 5407 δόξης
2819 5338 2877 5390 ἐν
2918 5336 3167 5407 αἰσθήσει
3200 5338 3294 5390 καὶ
3332 5336 3684 5410 πληρορορῖᾳ
3722 5340 3865 5406 πασς

2275 5431 2394 5491 ταῖς
2430 5428 2627 5499 ψυχαῖς
2668 5428 2848 5482 αὐτῶν
2895 5428 3302 5501 ὲλλαμπούσης.

2347 5608 2417 5660 ε’.
2451 5605 2546 5659 Διὰ
2580 5604 2681 5675 τῆς
2724 5605 2981 5673 γυναικὸς
3010 5608 3085 5673 ὡς
3116 5608 3181 5663 δι’
3215 5610 3404 5680 όμοίου
3438 5610 3582 5675 τινὸς
3611 5612 3637 5664 6
3667 5610 3865 5683 ὲχθρδις
