4044 6512
201 371 295 433 869
810 442 819 455 ι
1057 370 1285 429 LIBER
1323 367 1420 428 DE
1459 362 1762 425 PATIEN']

1863 407 1870 419 .
1908 360 2003 421 ET
2046 361 2571 422 DISCRETIONE.
3316 357 3423 421 870

199 486 499 556 ἀπατήσας,
524 482 887 555 ἀφαιρεθῆναι
921 481 1019 551 τὴν
1048 478 1435 551 περικειμένην
1462 476 1554 529 τὸν
1586 473 1759 543 Ἀδὰμ

1863 480 2106 525 mentum
2146 469 2395 533 fallendi,
2443 470 2671 538 decepto
2712 468 2969 522 inimicus
2989 467 3197 523 Adamo
3217 470 3423 536 effecit,

198 576 345 642 δόξαν
382 576 671 647 πεποίηκε.
716 576 823 629 Καὶ
871 573 1043 637 οὕτως
1073 572 1278 643 γυμνός
1314 587 1373 623 τε
1403 567 1623 638 εὑρέθη,
1664 568 1759 622 καὶ

1863 570 1922 616 ut
1955 562 2265 617 auferretur
2292 561 2395 631 ipsi
2434 560 2627 631 gloria.
2658 560 2788 614 Inde
2819 558 2911 614 ille
2944 558 3125 613 nudus
3151 568 3425 629 repertus,

198 668 290 739 τὴν
337 665 726 737 ἀσχημοσύνην
777 660 882 717 εἶδε
915 665 1012 735 τὴν
1051 662 1264 727 ἑαυτοῦ,
1293 660 1360 730 ἢν
1388 659 1453 729 δὴ
1492 656 1761 727 πρότερον

1863 667 2017 707 suam
2054 652 2193 707 vidit
2240 652 2656 723 turpitudinem,
2693 652 2761 706 ad
2790 666 2955 721 quam
2998 659 3155 705 antea
3191 667 3300 706 non
3332 651 3429 707 ad-

198 761 291 831 οὐχ
327 760 494 829 ἑώρα,
532 759 627 812 ἆτε
658 756 753 811 τοῦ
784 756 1123 828 φρονήματος
1154 751 1320 806 αὐτοῦ
1346 754 1457 815 τοῖς
1486 749 1762 820 οὐρανίοις

200 848 443 905 κάλλεσιν
483 848 876 918 ὲντρυφῶντος.
929 848 1040 900 Kal.
1068 847 1175 915 γὰρ
1209 844 1347 916 μετὰ
1372 844 1470 915 τὴν
1506 840 1759 912 παράϐα-

203 964 280 997 σιν
310 943 575 1014 πρόσγεια
610 943 831 1009 γέγονεν
879 939 1027 1008 αύτῷ
1066 939 1162 991 καὶ
1190 936 1503 1007 χαμαιπετῆ
1543 935 1613 987 τὰ
1645 933 1762 1004 νοή⁸

205 1053 378 1110 ματα·
432 1037 526 1090 καὶ
580 1038 643 1089 τδ
696 1036 901 1090 ἁπλοῦν
952 1034 1104 1105 αὐτῷ
1142 1035 1235 1086 καὶ
1276 1030 1478 1099 ἀγαθὸν
1506 1028 1760 1098 φρόνημα

204 1127 505 1197 φρονήματι
544 1126 741 1189 κακίας
783 1124 1034 1195 σαρκικῷ
1082 1122 1417 1190 συνεπλάκηο
1455 1118 1761 1173 τδδὲκλει-

204 1214 391 1282 σθῆναι
442 1214 535 1267 τὸν
599 1215 926 1285 παράδεισον
968 1214 1056 1267 καὶ
1120 1216 1185 1283 τῇ
1228 1210 1455 1280 φλογίνῃ
1495 1208 1758 1281 ῥομφαίᾳ,

201 1307 290 1358 καὶ
309 1304 387 1373 τῷ
416 1306 697 1376 Χερουϐὶμ
736 1306 1103 1375 ἐπιτραπῆναι
1128 1302 1448 1357 διακωλύειν
1485 1298 1633 1369 αύτῷ
1663 1300 1761 1370 τὴν

204 1397 423 1462 εἴσοδον,
474 1397 629 1451 τοῦτο
675 1397 817 1450 κατὰ
851 1397 949 1467 μὲν
975 1397 1034 1449 τὸ
1076 1396 1271 1467 ὁρατὸν
1318 1395 1412 1448 καὶ
1447 1392 1762 1446 πιστεύεται

202 1488 543 1559 γεγενῆσθαι,
574 1488 648 1551 ὡς
678 1488 912 1558 εἴρηταιο
937 1488 1247 1559 εὑρίσκεται
1276 1486 1332 1539 δὲ
1355 1486 1449 1538 καὶ
1471 1484 1598 1552 παρ’
1631 1483 1764 1536 ἑκά-

203 1595 297 1652 στῃ
330 1578 474 1649 ψυχῇ
520 1581 658 1632 κατά
702 1581 761 1633 τὸ
809 1579 1089 1634 λανθάνον.
1138 1578 1341 1649 Κύκλῳ
1372 1580 1481 1647 γὰρ
1503 1577 1598 1645 τῆς
1632 1592 1765 1644 γαρ-

198 1671 311 1731 δίας
344 1670 403 1722 τὸ
433 1670 694 1740 κάλυμμα
729 1669 822 1723 τοῦ
856 1670 1080 1732 σκότους
1108 1671 1423 1738 περιχωρεῖ,
1451 1667 1544 1721 τοῦ
1572 1668 1763 1737 πυρὸς,

1858 751 2116 807 verterat,
2149 749 2334 798 mente
2357 742 2560 812 quippe
2585 741 3020 811 contemplandis
3045 740 3238 796 formis
3261 740 3428 796 coele-

1861 834 2040 891 stibus
2067 849 2193 890 cum
2230 835 2594 890 delectatione
2632 834 2810 888 aﬂixa.
2845 833 3060 888 Etenim
3092 839 3215 901 post
3244 840 3425 887 trans-

1862 926 2201 996 gressionem
2256 926 2313 981 in
2371 935 2572 981 terram
2622 932 2911 996 vergentes
2954 931 3009 978 et
3052 923 3220 977 humo
3244 936 3430 992 prona:

1862 1018 2087 1073 fuerunt
2121 1018 2242 1087 ejus
2281 1018 2672 1088 cogitationes;
2716 1024 2773 1071 et
2806 1018 2959 1087 prior
3003 1016 3092 1073 illa
3118 1016 3349 1084 simplex
3373 1023 3430 1070 et

1860 1109 2001 1165 bona
2051 1109 2409 1179 intelligentia
2438 1109 2757 1163 notionibus
2786 1108 3007 1162 malitia:
3048 1110 3266 1162 carneis
3290 1124 3425 1162 con-

1862 1210 2010 1256 creta
2034 1200 2157 1255 fuit.
2180 1199 2411 1255 Clausus
2433 1211 2613 1255 autem
2630 1200 2779 1269 quod
2798 1199 2999 1256 dicitur
3016 1199 3227 1255 homini
3262 1200 3430 1255 fuisse.

1863 1290 2148 1362 paradisus
2171 1292 2241 1355 ⁸¹,
2292 1298 2349 1344 et
2373 1291 2622 1344 flammeo
2656 1289 2859 1357 gladio,
2899 1306 2965 1346 ac
3004 1290 3303 1347 Cherubim
3350 1290 3432 1347 in-

1858 1383 2133 1452 junctum,
2166 1389 2223 1436 ut
2253 1380 2462 1451 ingredi
2495 1381 2814 1449 prohiberet
2854 1381 3051 1451 ipsum,
3096 1381 3431 1436 credendum

1863 1474 2083 1543 quidem
2108 1482 2350 1529 cst‘vere
2377 1472 2452 1526 ita
2476 1482 2531 1527 et
2560 1472 2896 1528 sensibiliter
2926 1482 3053 1528 tunc
3080 1472 3316 1537 factum;
3348 1489 3432 1537 rc:-

1864 1564 2075 1633 peritur
2103 1572 2285 1619 autem
2320 1563 2461 1617 idem
2486 1578 2683 1617 arcana
2706 1563 2920 1617 ratione
2956 1562 3009 1617 in
3038 1562 3285 1632 qualibet
3313 1562 3432 1616 ani.

1866 1670 1953 1708 ma
1999 1651 2140 1709 ﬁeri.
2183 1651 2434 1721 Undique
2477 1652 2623 1706 enim
2663 1651 2870 1705 circum
2909 1665 3005 1704 cor
3052 1651 3233 1704 velum
3258 1650 3433 1719 quod-

206 1762 365 1829 φημὶ,
398 1759 492 1814 τοῦ
525 1762 792 1831 κοσμικοῦ
829 1762 1154 1832 πνεύματος,
1175 1762 1314 1831 ὅπερ
1347 1760 1471 1814 οὔτε
1512 1761 1604 1815 τὸν
1637 1760 1761 1815 νοῦν

1868 1749 1992 1802 dam
2019 1748 2369 1803 tenebrarum
2399 1758 2701 1816 oppansum
2726 1752 2831 1807 est,
2860 1741 3065 1807 fumus,
3086 1742 3332 1813 inquam,
3363 1755 3428 1799 ex

200 1821 440 1923 ἐντυχεῖν
496 1855 572 1924 τῷ
625 1821 764 1925 ὸεῷ,
796 1854 917 1908 οὔτε
1097 1821 1493 1925 ᾠῦχὴνάφίησι
1536 1854 1675 1908 κατὰ
1699 1853 1761 1907 τὸ

1863 1842 1987 1911 igne
2018 1838 2278 1894 mundani
2311 1838 2558 1907 spiritus,
2588 1837 2683 1907 qui
2715 1850 2896 1905 neque
2926 1845 3162 1889 mentem
3195 1847 3430 1889 conver-

200 1949 370 2017 αὐτῆς
410 1947 621 2018 θέλημα
649 1949 681 2019 ἢ
722 1947 1036 2017 εὔξασθαιῆ
1070 1947 1378 2013 πιστεῦσαι,
1417 1947 1450 2016 ἢ
1480 1948 1760 2017 ἀγαπῆσαι

195 2039 286 2091 τὸν
332 2040 559 2108 Κύριον*
598 2039 802 2092 τούτων
846 2038 903 2091 δὲ
937 2038 1156 2093 πάντων
1184 2040 1216 2110 ή
1251 2042 1417 2110 πεῖρα
1444 2039 1760 2103 διδάσκαλος

195 2133 303 2193 τοῖς
335 2132 566 2200 γνησίως
597 2133 823 2195 ἑαυτοὺς
864 2130 941 2201 τῷ
978 2130 1170 2201 Κυρίῳ
1210 2132 1554 2196 πιστεύσασι,
1596 2134 1662 2202 τῇ
1702 2150 1760 2186 τε

204 2222 438 2290 ἐπιμονῇ
472 2220 569 2291 τῆς
599 2221 783 2291 εὐχῆς.
816 2221 910 2274 καὶ
940 2221 1008 2291 τῇ
1051 2219 1255 2290 εὐτόνῳ
1283 2218 1424 2274 κατὰ
1459 2219 1553 2274 τοῦ
1606 2219 1762 2273 πολε-

199 2312 422 2383 μοῦντος
447 2314 611 2383 ὁρμῇ.

265 2572 355 2641 ς’.
399 2572 619 2636 Ῥάδδος
672 2572 788 2625 ἐστὶ
837 2571 1086 2635 παιδείας
1116 2571 1210 2626 καὶ
1250 2570 1423 2642 λῶρος
1458 2572 1756 2641 μαστίγων,

191 2668 221 2719 ὁ
250 2666 407 2719 τοῦδε
460 2663 555 2717 τοῦ
605 2665 799 2726 αἰῶνος
833 2664 1016 2733 ἄρχων
1057 2663 1171 2725 τοίς
1211 2663 1355 2716 κατὰ
1402 2661 1627 2731 Πνεῦμα
1662 2679 1758 2732 νη-

192 2753 358 2814 πίοις”
391 2753 572 2814 αὐτοῖς
600 2752 715 2817 μὲν,
743 2751 932 2822 ὥσπερ
962 2751 1091 2819 γοῦν
1118 2752 1213 2805 καὶ
1229 2752 1491 2822 πρότερον
1522 2753 1756 2821 εἴρηται,

196 2843 457 2913 μεγάλην
476 2843 633 2907 δόξαν
673 2844 767 2897 καὶ
805 2843 1028 2896 πλείονα
1057 2843 1157 2911 τὴν
1188 2845 1355 2911 τιμὴν
1395 2843 1485 2895 διὰ
1510 2842 1619 2895 τῶν
1646 2842 1758 2896 θλί-

189 2933 338 3000 ψεών
372 2950 430 2986 τε
486 2936 581 2987 καὶ
612 2934 958 3005 πειρασμῶνο
990 2934 1053 2986 ὲκ
1082 2934 1286 2987 τούτων
1314 2934 1422 3001 γὰρ
1460 2934 1552 2986 καὶ
1584 2934 1644 2987 τδ
1675 2951 1761 2987 τι-

188 3024 369 3088 λείους
393 3023 588 3089 αὐτοὺς
619 3025 863 3093 γίνεσθαι
890 3025 1248 3096 περιγίνεται·
1284 3026 1461 3097 ἑαυτῷ
1488 3026 1545 3078 δὲ
1578 3026 1761 3080 πλείο-

1862 1934 1973 1990 sari
2029 1948 2155 1988 cum
2206 1933 2319 1986 Deo
2367 1930 2530 1995 sinit,
2587 1945 2767 2001 neque
2827 1929 3065 1985 animam
3123 1925 3416 1995 permittit,

1860 2032 2027 2096 prout
2082 2025 2199 2094 ipsa
2263 2023 2459 2086 vellet,
2515 2035 2614 2077 aut
2670 2036 2851 2083 orare,
2905 2028 2999 2074 aut
3046 2017 3294 2081 credere,
3337 2023 3432 2070 aut

1860 2132 2043 2171 amare
2099 2114 2409 2169 Dominum.
2468 2113 2673 2167 Horum
2740 2119 2921 2166 autem
2970 2108 3216 2163 omnium
3267 2119 3432 2175 expc-

1862 2207 2054 2263 rientia
2081 2206 2339 2277 magistra
2378 2211 2460 2260 est
2497 2203 2584 2269 iis,
2625 2203 2722 2273 qui
2766 2203 2980 2257 sincere
3030 2215 3087 2255 se
3127 2199 3279 2267 ipsos
3322 2199 3432 2251 Do-

1860 2300 2011 2354 mino
2067 2297 2461 2358 crediderunt,
2514 2305 2629 2350 tum
2675 2293 3084 2364 perseverantia
3131 2291 3422 2349 orationis.

1861 2396 1975 2442 tum
2006 2385 2278 2442 constanti
2310 2385 2576 2441 adversus
2630 2384 2845 2439 hostem
2889 2390 3294 2453 oppugnantem
3334 2382 3433 2435 im-

1861 2487 2013 2548 petu.
2376 2532 2382 2538 ,

1929 2569 2014 2623 Vl.
2046 2569 2208 2639 Virga
2238 2576 2322 2624 est
2340 2569 2646 2639 disciplinae
2666 2574 2719 2622 et
2744 2567 2919 2620 lorum
2944 2564 3428 2636 plagas-infligas,

1860 2660 2116 2729 princeps
2142 2660 2305 2729 hujus
2324 2660 2507 2715 saeculi
2536 2658 2780 2728 parvulis
2808 2657 2864 2711 in
2888 2657 3083 2726 spiritu
3111 2673 3126 2721 ;
3157 2656 3291 2725 ipsis
3311 2658 3432 2725 qui-

1861 2753 2007 2817 dem,
2039 2762 2099 2807 ut
2144 2755 2298 2823 prius
2329 2755 2493 2809 etiam
2523 2754 2732 2808 dictum
2781 2761 2886 2817 est,
2929 2766 3176 2821 magnam
3204 2751 3432 2821 gloriam

1859 2855 1915 2901 et
1940 2845 2397 2902 abundantiorem
2445 2846 2711 2902 honorem
2754 2861 2853 2915 per
2881 2844 3203 2899 afﬂictiones
3224 2853 3279 2898 et
3314 2854 3435 2899 ten-

1860 2938 2096 2993 tationes
2121 2954 2424 3008 procurans
2448 2955 2463 3001 ;
2499 2952 2565 2991 ex
2587 2937 2675 2993 his
2695 2937 2867 2997 enim,
2894 2944 2957 2989 ut
2986 2944 3041 2990 ct
3068 2934 3168 3004 ipsi
3201 2934 3431 3003 perfecti

1860 3030 2112 3093 evadant,
2155 3031 2370 3097 oritur;
2411 3030 2516 3085 sibi
2560 3037 2745 3084 autem
2795 3027 2962 3082 miser
3012 3027 3116 3096 ipsi
3162 3027 3428 3097 majorem

189 3117 257 3172 νά
293 3134 355 3172 τε
412 3118 503 3171 καὶ
554 3117 854 3189 βαρυτέραν
897 3118 1321 3183 κατασκευάζων
1367 3118 1465 3187 τὴν
1515 3118 1753 3173 κόλασιν.

1864 3121 2280 3191 gravioremque
2338 3135 2650 3190 praeparans
2706 3133 2942 3189 pinnam.
2993 3117 3230 3173 Omnino
3279 3118 3429 3173 enim

190 3208 373 3271 Ὅλως
405 3210 512 3280 γὰρ
548 3208 779 3279 μεγίστη
809 3226 890 3273 τις
936 3209 1001 3261 δι’
1042 3209 1208 3262 αὑτοῦ
1235 3211 1598 3280 οἰκονομεῖται
1623 3213 1759 3264 οἰκο-

188 3302 356 3372 νομία
379 3342 396 3367 ,
445 3302 627 3366 καθὼς
672 3302 885 3373 εἴρηταί
916 3319 1038 3355 που·
1079 3302 1361 3372 Συνεργεῖ
1386 3302 1454 3356 τὸ
1493 3304 1761 3371 πονηρὸν

188 3393 269 3459 τῷ
300 3392 503 3463 ἀγαθῷ
532 3395 866 3461 προαιρέσει
909 3395 980 3447 οὐ
1006 3392 1184 3461 καλῇ.
1231 3395 1361 3457 Ταῖς
1390 3395 1497 3465 γὰρ
1530 3395 1760 3461 ἀγαθαῖς

188 3489 282 3540 καὶ
332 3486 509 3557 καλὴν
556 3486 657 3555 τὴν
696 3486 1017 3556 προαίρεσιν
1049 3486 1300 3556 ἐχούσαις
1325 3487 1543 3557 ψυχαῖς,
1576 3489 1670 3540 καὶ
1692 3487 1762 3541 τὰ

184 3579 455 3633 δοκοῦντα
490 3579 709 3649 λυπηρὰ
742 3582 821 3641 είς
863 3580 1068 3647 ἀγαθὸν
1106 3580 1353 3650 τελευτᾷσ
1390 3581 1531 3634 καθὰ
1558 3580 1623 3652 δὴ
1669 3580 1761 3634 καὶ

185 3674 248 3725 τὸ
276 3672 361 3741 τῷ
406 3671 711 3741 Ἀποστόλῳ
743 3672 1032 3741 εἰρημένον
1080 3672 1247 3726 ἐστίν’
1298 3673 1515 3742 Ἦνουν
1550 3674 1616 3726 τὸ
1640 3672 1763 3739 τοῖς

181 3763 471 3832 ἀγαπῶσι
505 3763 610 3817 τὸν
655 3763 803 3817 Θεὸν
840 3763 1033 3817 πάντα
1057 3764 1339 3834 συνεργεῖ
1371 3767 1457 3831 είς
1508 3765 1573 3819 τὸ
1617 3766 1763 3834 ἀτα-

185 3859 318 3911 θόν.

256 3946 473 4001 Τούτου
503 3945 690 4000 ἕνεκεν
716 3946 750 4016 ἡ
801 3944 903 4015 τῆς
931 3944 1178 4009 παιδείας
1208 3943 1344 4016 αῦτη
1380 3945 1572 4017 ῥάϐδος
1605 3946 1764 4015 ἀφεί-

183 4040 279 4109 θη,
336 4040 524 4110 φησὶν,
580 4039 665 4092 ἴνα
692 4038 759 4091 δι’
811 4038 981 4107 αὐτῆς
1023 4038 1099 4100 ὡς
1146 4040 1204 4091 ἐν
1253 4038 1465 4108 καμίνῳ
1496 4039 1666 4109 πυρὸς
1696 4041 1765 4093 τὰ

184 4131 363 4199 σκεύη
400 4132 738 4202 πυρούμενα,
768 4130 838 4185 τὰ
864 4131 964 4201 μὲν
989 4131 1191 4199 δόκιμα
1228 4131 1568 4200 στερεώτεροι
1598 4135 1760 4203 φανῇο

180 4223 251 4274 τὰ
304 4222 364 4276 δὲ
392 4223 625 4293 ἀδόκιμα
662 4222 969 4294 εὔθραυστα
1008 4223 1139 4277 ὄντα
1172 4222 1421 4293 ἐλεγχθῇ,
1452 4224 1546 4277 τοῦ
1595 4226 1765 4295 πυρὸς

178 4314 285 4385 τὴν
314 4314 518 4368 καῦσιν
548 4316 647 4385 οὐχ
670 4314 1061 4384 ὑπομείνανταο
1090 4314 1273 4378 δοῦλος
1301 4315 1359 4368 δὲ
1384 4314 1461 4368 ὣν
1490 4308 1641 4378 οὗτος
1670 4315 1766 4368 καὶ

181 4405 405 4471 κτίσμα
430 4406 769 4469 δεσποτικὸν,
798 4406 897 4475 οὐχ
929 4405 1052 4458 ὅσον
1078 4404 1229 4475 αύτῷ
1252 4406 1399 4459 δοκεῖ
1427 4405 1762 4475 ὲκπειράζει,

1861 3213 2095 3267 maxima
2134 3222 2191 3268 et
2234 3214 2372 3268 mira
2417 3212 2665 3283 quaedam
2714 3227 2812 3281 per
2852 3227 2978 3267 eum
3017 3209 3434 3265 administratur

1858 3302 2213 3372 dispensatio,
2262 3303 2413 3372 181
2472 3311 2635 3370 prout
2676 3300 2884 3356 dictum
2912 3300 3119 3354 alicubi
3162 3308 3247 3355 est
3280 3318 3294 3354 :
3331 3299 3431 3355 Co-

1859 3402 2106 3465 operatur
2135 3394 2339 3449 malum
2376 3395 2507 3449 bono
2536 3394 2823 3447 intentione
2858 3408 2961 3446 non
3007 3391 3143 3445 bona
3170 3390 3238 3445 3'.
3269 3391 3434 3445 Bonis

1860 3488 2132 3558 siquidem
2172 3497 2226 3543 et
2254 3486 2517 3542 laudabili
2563 3485 2876 3555 vigentibus
2912 3483 3192 3554 proposito
3220 3483 3432 3537 anima-

1862 3582 1988 3645 bus,
2044 3594 2166 3650 quaa
2211 3579 2439 3633 molesta
2495 3575 2754 3629 videntur
2781 3577 2835 3629 in
2878 3575 3083 3629 bonum
3122 3573 3383 3629 desinunt
3418 3593 3429 3629 :

1861 3675 2007 3744 quod
2058 3676 2178 3744 ipse
2224 3685 2443 3741 quoque
2512 3668 2801 3723 afﬁrmavit
2844 3667 3142 3736 Apostolus
3178 3664 3259 3719 sic
3296 3666 3431 3719 scri-

1863 3769 1999 3824 bens
2054 3786 2069 3821 :
2128 3766 2474 3837 Diligentibns
2535 3766 2704 3821 Deum
2753 3762 2933 3817 omnia
2987 3766 3337 3829 coaperantur
3379 3760 3435 3815 in

1863 3859 2055 3913 bonum
2079 3858 2171 3912 "‘.

1938 3950 2050 4005 VII.
2098 3948 2273 4020 llujus
2318 3948 2398 4003 rei
2444 3947 2617 4017 gratia
2664 3946 2788 4012 ista,
2828 3944 2897 4000 de
2943 3960 3053 4016 qua
3096 3943 3230 4010 dixi,
3282 3942 3432 4011 virga

1864 4041 2169 4111 disciplinae
2208 4039 2400 4096 saevire
2448 4038 2803 4110 permittitur,
2836 4046 2899 4091 ut
2931 4052 3029 4107 per
3054 4051 3174 4091 eam
3200 4034 3345 4089 velut
3377 4033 3434 4087 in

1863 4131 2086 4185 fornace
2141 4131 2282 4201 ignis
2324 4139 2553 4187 excocta
2600 4143 2758 4192 vasa,
2814 4143 2936 4197 qua:
2988 4126 3210 4196 quidem
3266 4124 3433 4195 proba

1864 4231 2010 4285 sunt,
2041 4222 2376 4277 soliditatem
2399 4222 2802 4280 demonstrent;
2832 4233 2952 4287 qua:
2973 4232 3104 4270 vero
3129 4216 3302 4286 proba
3323 4231 3435 4274 non

1865 4320 2013 4375 sunt,
2055 4310 2371 4382 fragilitatis
2411 4318 2800 4381 coarguantur,
2846 4307 2989 4378 ignis
3029 4306 3279 4362 ardorem
3323 4323 3433 4362 non

1867 4401 2121 4455 ferentia.
2146 4402 2283 4456 Cum
2310 4401 2381 4457 sit
2404 4409 2586 4456 autem
2610 4398 2860 4453 diabolus
2885 4412 3077 4453 servus
3100 4405 3154 4451 et
3182 4404 3434 4452 creatura

178 4498 309 4551 οὐδὲ
341 4496 580 4552 καθόσον
612 4497 776 4570 βούλῃ
796 4498 893 4560 τὰς
917 4496 1124 4567 θλίψεις
1152 4497 1369 4565 ἐπάγει·
1404 4496 1519 4550 ἀλλ’
1545 4498 1667 4551 ὅσον
1697 4497 1762 4568 δὴ

1865 4492 1993 4557 Dei,
2052 4492 2342 4561 imperium
2398 4491 2517 4560 ejus
2568 4489 2878 4545 absolutum
2933 4502 3265 4556 agnoscens,
3323 4502 3433 4541 non

176 4589 241 4639 τὸ
268 4587 613 4641 Δεσποτικόν
660 4587 942 4659 ἐπιτρέψει
974 4586 1153 4657 νεῦμα
1178 4588 1269 4641 διὰ
1296 4586 1399 4657 τῆς
1429 4588 1764 4657 παραχωρήε

179 4687 351 4741 σεως·
397 4680 561 4743 αὐτὸς
608 4679 718 4750 γὰρ
774 4681 872 4733 σὺν
924 4679 1178 4751 άκριόεία
1224 4681 1295 4733 τὰ
1342 4680 1561 4734 πάντων
1587 4680 1763 4745 είδὼς,

172 4772 391 4824 ὁπόσον
432 4772 547 4824 ἐστὶ
570 4770 800 4840 δύναμις
840 4772 1076 4842 ἑκάστῳ,
1117 4770 1368 4825 τοσοῦτον
1398 4770 1544 4841 αὐτῷ
1572 4772 1666 4824 καὶ
1703 4770 1767 4823 τὸ

173 4859 441 4929 δοκίμιον
492 4860 795 4930 ὑποστῆναι
849 4863 1190 4933 παραχωρεῖ,
1238 4861 1381 4916 καθά
1429 4862 1494 4932 δὴ
1547 4863 1645 4915 καὶ
1688 4862 1767 4935 τῷ

188 4951 520 5021 Ἀποστόλῳ
549 4952 729 5005 δοκεῖ’
776 4953 995 5018 Πιστὸς
1030 4954 1139 5025 γάρ
1182 4956 1217 5007 ό
1255 4955 1419 5020 Θεὸς,
1464 4955 1655 5025 φησὶν,
1698 4954 1767 5020 ὃς

175 5046 297 5096 οὐκ
342 5042 519 5097 ἐάσει
570 5042 727 5112 ὑμᾶς
772 5045 1169 5114 πειρασθῆναι
1217 5046 1371 5113 ὑπὲρ
1414 5046 1445 5099 ὃ
1477 5046 1762 5103 δύνασθεο

172 5134 354 5188 ἀλλὰ
380 5134 621 5200 ποιήσει
648 5135 770 5189 σὺν
798 5136 879 5200 τῷ
907 5135 1213 5205 πειρασμῷ
1232 5138 1327 5191 καὶ
1355 5136 1467 5205 τὴν
1495 5139 1762 5204 ἔκϐασιν,

173 5226 291 5279 τοῦ
333 5224 641 5283 δύνασθαι
667 5228 1040 5296 ὑπενεγκεῖν.

249 5490 345 5543 H'.
397 5490 586 5559 Ζητῶν
606 5492 700 5543 καὶ
733 5478 962 5561 ’κρούων
1011 5507 1153 5544 κατα
1176 5508 1274 5561 την
1296 5508 1389 5544 του
1424 5508 1627 5562 Λυριου
1659 5472 1768 5559 qui:

171 5585 304 5657 γῆν,
340 5582 447 5634 καὶ
476 5582 641 5653 μέχρι
669 5582 859 5646 τέλους
892 5581 1059 5660 aitva
1105 5583 1361 5651 τυγχάνει
1396 5582 1504 5635 τῶν
1538 5584 1773 5653 αἰτημά-

247 5760 296 5793 ⁸¹
344 5758 493 5814 Gen.
540 5772 619 5830 In,
660 5759 753 5817 2i.
810 5758 874 5837 .“
914 5763 1071 5816 dom.
1108 5759 1347 5831 vm,28.'
1409 5758 1476 5794 θ’·
1518 5757 1650 5814 ibid.
1692 5756 1780 5813 28.

1870 4589 2137 4651 quantum
2180 4580 2284 4650 ipsi
2328 4580 2461 4635 libet
2501 4587 2695 4639 tentat.
2770 4592 2871 4631 nec
2918 4591 3081 4647 quam
3133 4577 3332 4631 multas
3370 4592 3437 4631 ac

1870 4686 2065 4743 graves
2127 4671 2244 4726 vult
2308 4669 2631 4726 aﬂlictiones
2690 4666 2964 4732 immittit;
3018 4666 3113 4720 sed
3169 4676 3431 4736 quantum

1872 4764 2063 4820 herilis
2094 4772 2264 4818 nutus
2288 4762 2573 4832 permittit,
2603 4760 2963 4831 permissione
3009 4759 3255 4813 limitata.
3297 4759 3437 4813 Sane

1870 4852 2017 4908 Deus
2061 4852 2405 4908 exactissime
2451 4861 2719 4921 quantum
2758 4850 2811 4906 in
2848 4865 3174 4919 unoquoque
3197 4857 3282 4903 est
3310 4865 3435 4918 per-

1871 4943 2085 5008 videns,
2125 4943 2464 5012 exploratum
2515 4941 2700 5007 habet,
2750 4950 3013 5011 quantum
3061 4940 3259 5009 cuique
3306 4939 3438 4995 insit

1870 5033 2068 5088 virium
2088 5051 2103 5097 ;
2126 5042 2182 5087 et
2200 5032 2266 5088 ad
2283 5037 2410 5088 eu‘m
2433 5032 2654 5086 modum
2677 5032 3053 5102 probationem
3079 5029 3129 5083 ei
3156 5029 3436 5085 admoveri

1870 5126 2170 5198 permittit;
2218 5125 2361 5185 sicut
2393 5124 2556 5179 etiam
2600 5125 2818 5177 videtur
2840 5124 3118 5193 Apostolo,
3153 5124 3281 5176 dum
3321 5124 3435 5178 ait:

1866 5215 2061 5271 Fidelis
2092 5215 2253 5280 Deus,
2284 5216 2372 5286 qui
2411 5232 2513 5267 non
2558 5216 2809 5284 permittit
2843 5232 2929 5267 vos
2971 5216 3163 5268 tentari
3193 5231 3353 5284 supra
3383 5216 3437 5268 id

1866 5308 2003 5378 quod
2027 5309 2281 5377 potestis:
2312 5306 2402 5359 sed
2439 5306 2591 5374 faciet
2626 5307 2784 5357 etiam
2829 5321 2945 5358 cum
2985 5306 3267 5357 tentationc
3306 5321 3435 5372 pro-

1867 5408 2096 5463 ventum,
2129 5410 2183 5450 ut
2209 5399 2412 5469 possitis
2435 5398 2691 5450 sustinere
2707 5396 2771 5446 ⁸³.

1939 5491 2069 5545 \‘Ill.
2123 5491 2382 5556 Qumrens
2427 5500 2483 5544 ct
2522 5488 2747 5557 pulsans
2770 5488 2925 5558 juxta
2958 5485 3174 5541 Domini
3218 5500 3431 5551 vocem,

1881 5592 1937 5638 et
1965 5598 2137 5652 usque
2179 5582 2246 5635 ad
2296 5581 2459 5636 ﬁnem
2487 5589 2699 5650 petens,
2735 5580 3091 5649 consequitur
3122 5593 3242 5648 qua:
3271 5577 3434 5648 petit.

1884 5756 1977 5833 ⁸³]
2013 5754 2139 5813 Cor.
2168 5770 2222 5823 ι,
2264 5752 2351 5808 15.
