4044 6526
569 368 668 431 8η

1804 356 1865 417 S.
1904 349 2223 414 MACARII
2264 343 2586 407 AEGYPTII

3732 322 3825 383 87?.

570 484 805 539 Tantum
848 480 995 536 circa
1035 479 1141 535 hoc
1189 492 1301 534 suae
1346 473 1695 532 conscientia:
1743 470 2058 528 satisfacere
2097 467 2145 520 is

2278 479 2378 517 λωψ
2424 463 2582 532 μόνον
2613 455 2784 526 ἐχέτω
2832 449 3146 523 παρρησίαν
3190 439 3370 510 οὗτος,
3402 443 3500 498 τοῦ
3527 440 3612 511 τῷ
3639 438 3715 510 νῷ
3741 441 3825 492 καὶ

569 583 747 638 curet,
781 583 843 629 ut
870 582 1053 629 mente
1080 582 1137 627 et
1161 572 1349 642 lingua
1397 569 1772 623 indesmenter
1812 572 2046 635 quaerat,
2090 569 2146 613 et

568 683 838 738 corporeo
876 665 1187 723 ministerio
1214 663 1417 718 enixim
1448 659 1759 725 incumbat;
1792 672 1893 712 nec
1917 656 2145 711 saecula-

570 762 728 815 ribus
751 758 985 829 negotiis
1011 757 1343 825 implicetur,
1372 768 1510 808 neve
1528 751 1815 821 pravitatis
1841 749 2148 804 delectetur

570 850 880 906 affectibus.
930 848 1105 903 Verax
1153 846 1424 916 siquidem
1477 855 1560 900 est
1609 844 1705 913 qui
1755 844 1928 897 dixit:
1983 840 2149 896 Omne

571 946 911 1017 quodcunque
963 941 1216 1011 petieritis
1267 955 1347 993 me
1402 941 1456 992 in
1508 940 1778 1001 oratione,
1846 934 2169 997 credentes,

572 1035 916 1108 accipietis“.
974 1032 1079 1099 Qui
1132 1039 1315 1085 autem
1370 1030 1595 1085 dicunt:
1655 1029 1925 1099 Utcunque
1971 1026 2150 1079 onmia

572 1131 686 1199 quis
726 1125 944 1196 effecerit
978 1138 1093 1194 qum
1125 1122 1557 1192 prwscribuntur,
1588 1126 1946 1189 exspectatam
1975 1121 2152 1168 autem

572 1219 803 1288 gratiam
827 1222 1129 1268 consecutus
1148 1230 1249 1267 non
1270 1213 1446 1282 fuerit,
1473 1210 1608 1282 quod
1631 1209 1698 1263 ad
1717 1224 1943 1279 praesens
1968 1206 2154 1258 attinet

572 1305 843 1369 sazculum,
873 1303 1005 1357 nihil
1030 1303 1283 1375 profecit;
1316 1300 1459 1356 male
1484 1308 1540 1354 et
1567 1299 1814 1353 sentiunt
1841 1304 1896 1350 et
1920 1296 2157 1363 loquun-

578 1409 689 1463 tur,
724 1397 1035 1465 divinisque
1075 1393 1221 1449 haud
1252 1407 1490 1463 congrue
1514 1389 1834 1460 Scripturis.
1857 1387 1975 1441 Non
2008 1382 2157 1437 enim

576 1488 849 1559 injustitia
879 1494 963 1541 est
993 1486 1139 1556 apud
1167 1487 1360 1549 Deum,
1415 1493 1474 1537 ut
1517 1482 1606 1546 iis,
1657 1495 1778 1550 qua:
1821 1476 1997 1532 nostri
2031 1479 2159 1529 sunt

581 1579 745 1635 cilicii
790 1596 821 1633 a
873 1577 1034 1644 nobis
1089 1576 1367 1647 perfectis,
1421 1576 1537 1643 ipse
1582 1587 1706 1641 qum
1751 1584 1973 1624 suarum
2033 1574 2161 1621 sunt

580 1670 845 1741 partium,
879 1668 1139 1738 negligat.
1185 1666 1419 1720 Tantum
1461 1678 1609 1717 curae
1639 1660 1739 1715 tibi
1784 1660 1876 1723 sit,
1916 1666 1977 1712 ut
2005 1671 2163 1727 repe-

582 1759 726 1812 riare
782 1766 947 1814 tunc.
1006 1754 1228 1829 quando
1277 1753 1457 1807 anima
1510 1760 1604 1805 tua
1653 1765 1721 1804 ex
1770 1747 1876 1803 hoc
1929 1746 2161 1800 solvitur

585 1863 856 1917 corpore,
915 1847 1132 1901 fortiter
1194 1846 1519 1909 decertans,
1574 1843 1819 1898 studiose
1880 1850 2163 1911 satagens,

583 1944 907 2007 exspectans
933 1936 1376 2005 promissionem,
1410 1947 1791 2004 perseverans,
1826 1928 2078 1992 credens,
2113 1928 2169 1981 in

585 2028 920 2084 discretione
950 2042 1239 2097 quaerens;
1273 2033 1334 2080 et
1361 2040 1462 2095 ego
1494 2023 1593 2078 tibi
1628 2024 1772 2087 dico,
1808 2036 1913 2075 nec
1942 2018 2170 2075 credere

586 2120 828 2181 dubites,
876 2134 1001 2173 eum
1038 2117 1238 2188 gaudio
1283 2116 1482 2181 abibis,
1526 2123 1582 2170 et
1615 2113 1868 2167 ﬁduciam
1920 2108 2169 2174 habebis,

586 2224 644 2269 et
677 2229 844 2284 regno
869 2213 1145 2267 videberis
1162 2213 1381 2282 dignus.
1408 2211 1625 2272 Etenim
1654 2209 1779 2262 talis
1802 2208 1881 2277 (in
1906 2205 2171 2261 tenuitate

586 2320 707 2359 mea
756 2319 853 2373 per
913 2303 1072 2357 ﬁdem
1114 2310 1170 2357 et
1212 2302 1358 2372 piam
1405 2299 1812 2362 confidentiam,
1852 2295 1996 2363 aio),
2029 2294 2170 2356 talis,

590 2397 835 2465 inquam,
858 2395 969 2463 jam
995 2395 1106 2448 Deo
1128 2392 1517 2447 communicat.
1540 2391 1609 2446 Ut
1638 2390 1784 2444 enim
1808 2424 1825 2453 ,
1860 2385 1962 2451 Qui
1986 2384 2172 2439 viderit

591 2488 860 2542 mulierem
908 2487 977 2538 ad
1023 2484 1493 2555 concupiscendum
1543 2498 1682 2545 eam,
1718 2481 1838 2549 jam
1891 2478 2173 2531 urcechatus

591 2588 665 2635 est
697 2596 814 2633 eam
840 2582 893 2633 in
927 2578 1080 2631 corde
1108 2593 1204 2631 suo
1220 2577 1287 2639 ⁸⁸,
1322 2576 1426 2631 etsi
1454 2574 1680 2628 minime
1712 2572 1804 2626 hic
1844 2570 2012 2625 fuerit
2052 2582 2174 2621 cor-

591 2689 724 2744 pore
752 2673 1023 2742 pollutus,
1057 2680 1237 2725 tamen
1260 2671 1371 2740 jam
1396 2667 1656 2724 adulterii
1684 2674 1972 2738 reputatur
2009 2678 2173 2717 reus:

590 2767 669 2819 sic
706 2765 800 2834 qui
834 2778 931 2818 cor
971 2763 1194 2833 quidem
1222 2777 1381 2817 suum
1418 2778 1447 2816 a
1474 2760 1632 2815 malis
1672 2760 1891 2823 avertit,
1924 2758 2037 2812 Deo
2076 2772 2177 2811 au-

593 2869 703 2913 tem
754 2857 1042 2911 adhaerens
1086 2856 1363 2911 desiderio
1404 2864 1459 2910 et
1499 2854 1876 2925 inquisitione,
1926 2864 2180 2922 perseve-

594 2946 770 3001 rantia
820 2944 968 3015 apud
1022 2944 1219 3009 Deum,
1262 2959 1325 2998 ac
1374 2943 1641 3013 ﬂagrante
1687 2943 1743 2997 in
1794 2940 1891 2996 Dei
1935 2952 2177 2995 amorem

488 3026 499 3035 ’
593 3036 878 3107 proposito
930 3035 1123 3098 animi,
1177 3035 1397 3105 jamjam
1433 3033 1590 3102 quasi
1630 3032 1905 3102 particeps
1934 3030 2031 3084 Dei
2061 3036 2175 3093 est;

2246 554 2463 625 γλώττῃ
2493 546 2919 620 ἆπαραλείπτως
2949 542 3247 613 ἐπιζητεῖν,
3275 539 3369 593 καὶ
3394 535 3491 591 τοῦ
3523 536 3599 604 τῇ
3647 548 3827 625 σωμαο

2246 624 2373 719 τικῇ
2423 624 2737 715 λειτουργία
2767 637 3062 699 ἁνενδότως
3112 630 3573 704 προσκαρτερεῖν·
3617 626 3694 695 μὴ
3726 624 3831 719 τοῖς

2249 715 2532 812 κοσ-μικοτς
2560 737 2883 807 πράγμασιν
2934 728 3364 801 ὲμπλεκόμενος,
3406 721 3547 793 μηδὲ
3591 719 3716 812 τοῖς
3742 715 3836 812 fis

2252 804 2452 892 κακίας
2488 804 2686 882 πάθεσι
2727 822 3107 892 συνηδόμενος.
3147 814 3406 886 Ἀψευδὴς
3428 813 3539 882 γὰρ
3574 811 3607 862 ό
3637 804 3831 860 εἰπών’

2251 925 2335 978 ὅτι
2392 920 2527 977 Πᾶν
2568 918 2599 971 ὃ
2647 917 2755 971 ἐὰν
2814 909 3101 979 αὶτήσητέ
3144 925 3218 979 με
3248 907 3318 960 ἐν
3348 899 3671 973 προσευχῇ
3701 940 3717 964 ,
3755 913 3841 949 κι-

2252 1018 2593 1081 στεύοντες,
2621 1011 2921 1080 λήψεσθε.
2967 1007 3031 1059 Οἱ
3084 1005 3141 1057 δὲ
3170 1004 3442 1071 λέγοντες,
3471 996 3605 1053 Κᾶν
3648 993 3843 1047 πάντα

2254 1107 2527 1177 ποιήσειέ
2555 1124 2644 1171 τις
2674 1105 2746 1157 τὰ
2772 1096 3243 1168 ὑποτεταγμένα,
3275 1093 3655 1162 παραμείνας
3675 1086 3750 1141 δὲ
3762 1085 3843 1154 μὴ

2256 1205 2407 1273 τύχῃ
2436 1198 2543 1267 τῆς
2567 1196 2830 1268 χάριτος,
2863 1193 3013 1246 κατὰ
3033 1190 3139 1243 τὸν
3159 1186 3344 1241 αἰῶνα
3372 1183 3615 1243 τοῦτον,
3665 1177 3848 1233 οὐδὲν

2257 1272 2478 1363 ὥκησε·
2519 1289 2706 1351 κακῶς
2742 1286 2918 1340 οίδασί
2943 1301 3000 1337 τε
3038 1282 3132 1336 καὶ
3149 1280 3388 1349 λέγουσι,
3409 1280 3502 1329 καὶ
3532 1278 3654 1336 ταῖς
3675 1272 3849 1333 θείαις

2258 1361 2613 1454 ἀσυμφώνως
2636 1378 2905 1449 Γραφαῖς.
2943 1373 3016 1427 Ού
3048 1371 3157 1442 γάρ
3196 1373 3345 1424 ἐστιν
3370 1366 3551 1420 ἀδικία
3585 1366 3749 1434 παρὰ
3779 1361 3852 1430 τῷ

2259 1475 2399 1546 Θεῷ,
2429 1475 2515 1527 ἵνα
2543 1471 2651 1525 τῶν
2682 1471 2813 1540 ἡμῖν
2846 1466 3202 1535 καθηκόντων
3245 1460 3735 1530 κατορθωθέντων,
3760 1456 3853 1507 αὒ-

2260 1568 2352 1631 τδς
2372 1564 2480 1618 τῶν
2505 1562 2637 1633 παρ’
2669 1558 2847 1628 ἑαυτῷ
2869 1556 3191 1627 ἀμελήσειε.
3226 1554 3399 1607 Μόνον
3424 1549 3690 1619 ἐπιμελὲς
3715 1547 3855 1599 ἐστιν

2265 1678 2347 1712 σοι
2375 1655 2666 1729 εὑρεθῆναι
2694 1652 2842 1714 τότε,
2879 1650 2966 1703 ὅτε
2998 1665 3091 1701 σου
3122 1649 3155 1716 ἡ
3183 1645 3329 1716 ψυχὴ
3355 1642 3451 1698 τοῦ
3478 1642 3670 1696 ἀθλίου
3699 1638 3856 1692 τοῖνδε

2264 1751 2449 1805 λύεται
2493 1747 2765 1817 σώματος,
2810 1740 3234 1811 ἀγωνιζόμενον,
3267 1734 3587 1799 σπεύδοντα,
3621 1730 3859 1803 προσδεο

2268 1847 2496 1916 χόμενον
2554 1840 2654 1910 τὴν
2712 1833 3041 1904 ἐπαγγελίαν
3074 1872 3090 1895 ,
3155 1828 3675 1902 προσκαρτεροῦντα
3705 1864 3724 1889 ,
3777 1840 3859 1876 πι-

2272 1936 2549 1997 στεύοντα,
2588 1932 2645 1985 ὲν
2676 1929 2945 1999 διακρίσει
2974 1923 3261 1998 ζητοῦντα’
3292 1920 3446 1990 κάγώ
3478 1937 3563 1975 σοι
3586 1918 3747 1985 λέγω
3769 1918 3860 1968 καὶ

2274 2027 2347 2096 μὴ
2381 2023 2623 2087 ἀπίστει,
2676 2020 2816 2091 μετὰ
2856 2020 3029 2088 χαρᾶς
3062 2012 3361 2084 ἀπελεύσῃ,
3409 2009 3501 2065 καὶ
3538 2007 3861 2080 παρρησίαν

2269 2117 2431 2183 ἕξεις,
2466 2115 2605 2169 κατὰ
2629 2114 2729 2183 τῆς
2776 2108 3053 2181 βασιλείας
3083 2104 3301 2177 ὀφθήσῃ
3330 2103 3497 2168 ἄξιος.
3536 2102 3652 2155 Καὶ
3694 2098 3810 2168 γὰρ
3837 2100 3861 2149 ό

2269 2207 2528 2269 τοιοῦτος,
2587 2206 2643 2258 ὲν
2683 2203 2973 2271 λεπτότητι
3012 2199 3099 2252 διὰ
3128 2201 3229 2269 τῆς
3274 2197 3528 2257 πίστεως,
3568 2193 3745 2263 φημὶ,
3774 2194 3862 2243 καὶ

2271 2298 2368 2367 τῆς
2403 2294 2743 2367 προθυμίας,
2776 2290 2876 2361 ἤδη
2916 2291 3164 2343 κοινωνεῖ
3194 2286 3273 2357 τῷ
3299 2285 3439 2356 Θεῷ.
3481 2284 3571 2342 '0;
3614 2284 3759 2353 γὰρ,
3806 2280 3863 2333 '0

2267 2389 2523 2455 βλέπων
2558 2383 2813 2455 γυναῖκα
2842 2382 2992 2451 πρὸς
3016 2380 3081 2434 τὸ
3108 2377 3475 2447 ἐπιθυμῆσαι
3504 2376 3768 2440 ταύτης,
3801 2372 3865 2426 ἐν

2274 2482 2349 2551 τῇ
2370 2479 2587 2549 καρδίᾳ
2608 2477 2996 2548 μεμοίχευκε,
3029 2473 3209 2528 καίτοι
3239 2472 3380 2526 κατὰ
3406 2471 3569 2540 σῶμα
3594 2469 3678 2539 μὴ
3715 2485 3867 2536 μιαν-

2276 2572 2391 2635 θεὶς
2417 2563 2594 2632 οὗτος,
2629 2568 2777 2638 ὅμως
2810 2567 2886 2629 ὼς
2919 2563 3215 2635 μοιχεύσας
3262 2562 3363 2633 ἥδη
3402 2560 3747 2629 λελόγιπαιο
3784 2556 3869 2610 ού-

2276 2680 2383 2725 τως
2414 2663 2442 2714 ό
2467 2660 2536 2713 τὰ
2564 2659 2779 2730 πονηρὰ
2814 2658 2914 2727 μὲν
2950 2656 3009 2710 ὲν
3035 2659 3101 2728 τῇ
3132 2654 3330 2726 καρδίᾳ
3358 2652 3774 2721 ἀποστραφεὶς,
3799 2650 3871 2711 τῷ

2277 2754 2333 2806 δὲ
2392 2752 2587 2823 Κυρίῳ
2636 2748 2981 2819 κολλώμενος
3013 2747 3167 2819 πόθῳ
3214 2746 3313 2800 καὶ
3339 2746 3665 2815 ὲκζητήσει,
3700 2759 3873 2813 προσ-

2279 2843 2464 2916 εδρείᾳ
2488 2860 2572 2909 τε,
2608 2842 2774 2911 φημὶ,
2805 2841 2898 2893 καὶ
2923 2839 3159 2908 θεοφιλεῖ
3187 2837 3446 2903 διαθέσει,
3479 2836 3750 2906 καθάπερ
3778 2835 3876 2904 ἠδη

2280 2935 2529 2988 κοινωνεῖ
2580 2932 2658 3003 τῷ
2701 2930 2841 3002 Θεῷ,
2897 2931 2993 2983 καὶ
3041 2930 3185 3000 μέγα
3238 2929 3409 3001 δῶρον
3466 2926 3674 2981 αὐτίκα
3728 2928 3878 2997 παρὰ

2281 3026 2414 3081 Θεοῦ
2442 3026 2555 3097 ἔχει
2611 3025 2745 3078 αύτὸ
2794 3022 2976 3087 τοῦτο,
3005 3022 3067 3075 τὸ
3106 3024 3174 3093 τῇ
3219 3022 3351 3092 εὐχῇ
3384 3018 3795 3091 προσεδρεύειν
3818 3020 3876 3087 τῇ

594 3137 746 3182 certe
789 3142 1045 3197 magnum
1088 3126 1295 3181 donum
1334 3125 1724 3191 statimaDeo
1774 3123 1962 3201 habet,
2016 3122 2174 3176 istam

2284 3119 2463 3190 ἀγαθῇ
2504 3136 2565 3172 τε
2599 3116 2803 3189 σπουδῇ
2844 3116 2939 3170 καὶ
2967 3114 3212 3186 πολιτείᾳ
3240 3117 3305 3185 τῇ
3342 3113 3641 3184 φιλαρὴφ.
3674 3113 3746 3165 Ei
3776 3114 3881 3180 γὰρ

596 3220 771 3291 ipsam
812 3219 1145 3291 persistendi
1177 3219 1233 3272 in
1266 3218 1514 3273 oratione
1553 3215 1809 3286 gratiam,
1857 3212 2020 3267 simul
2053 3228 2174 3266 cum

2287 3211 2379 3266 καὶ
2408 3210 2668 3281 ποτηρίου
2706 3207 2916 3279 ψυχροῦ
2949 3207 3096 3271 δόσις
3128 3208 3227 3259 ούκ
3250 3205 3503 3276 ἄμισθος,
3557 3206 3722 3274 πόσῳ
3753 3206 3883 3273 μει-

597 3317 743 3371 bono
786 3313 992 3377 studio,
1044 3320 1101 3367 et
1143 3310 1561 3367 conversatione
1590 3307 1810 3363 virtutis
1851 3313 2091 3360 amante.
2122 3304 2180 3358 Si

597 3406 747 3462 enim
796 3421 864 3460 ne
911 3403 1101 3458 calicis
1141 3402 1365 3473 quidem
1410 3399 1621 3470 frigidae
1662 3398 1885 3454 donatio
1926 3396 2183 3452 mercede

2289 3307 2381 3360 λον
2413 3308 2525 3367 τοῖς
2547 3303 2698 3374 αύτῷ
2736 3302 3167 3373 προσανέχουσιν
3194 3300 3408 3370 ἡμέρας
3441 3315 3499 3353 τε
3531 3300 3631 3352 καί
3660 3300 3880 3361 νυκτὸς,

2292 3394 2567 3464 δεομένοις
2587 3393 2648 3445 τὸ
2678 3390 3013 3459 ὲπαγγελθὲν
3044 3390 3177 3452 θεὸς
3195 3388 3455 3458 mpiger!

600 3508 752 3556 caret
794 3516 925 3565 sua,
956 3508 1166 3570 quanto
1218 3496 1391 3568 magis
1421 3495 1509 3562 iis,
1558 3495 1653 3565 qui
1708 3494 1803 3549 diu
1856 3502 2135 3563 noctuque
2177 3492 2404 3549 intentis
2432 3491 2488 3545 in
2534 3490 2715 3560 ipsum
2744 3487 2920 3543 oculis
2948 3484 3017 3540 ab
3079 3499 3146 3540 eo
3187 3485 3489 3556 postulant,
3539 3485 3885 3556 promissum

599 3596 746 3650 Deus
776 3593 1046 3664 praebebit
1070 3594 1081 3645 l

671 3686 764 3741 IX.
806 3684 939 3750 illis,
974 3684 1067 3754 qui
1100 3682 1261 3737 anxio
1286 3683 1469 3737 animo
1500 3688 1798 3737 aestuantes
1833 3680 2053 3736 dicunt:
2102 3678 2188 3733 En

599 3777 698 3831 erit
749 3775 844 3829 illa
890 3790 1127 3844 unquam
1157 3774 1286 3836 dies,
1315 3789 1421 3843 qua
1455 3788 1559 3825 non
1588 3772 1817 3825 sentiam
1862 3771 2189 3825 aversionem

602 3870 770 3924 animi
804 3886 835 3921 a
877 3866 1066 3935 fratre,
1107 3876 1200 3919 aut
1244 3864 1381 3918 alias
1407 3864 1628 3930 similes,
1664 3881 1893 3935 quarum
1920 3865 2047 3917 mihi
2071 3877 2188 3916 sum

602 3959 874 4023 conscius,
931 3973 1123 4028 pravas
1176 3956 1505 4026 affectiones,
1557 3973 1689 4026 quas
1738 3956 1949 4027 quidem
1994 3955 2189 4008 invitus

602 4052 813 4120 patior,-
872 4049 989 4102 haec
1040 4045 1355 4117 reponenda
1407 4053 1583 4099 sunt:
1644 4042 1864 4098 Homini
1910 4050 2188 4097 certamen

603 4139 962 4206 studiumque
1016 4151 1181 4189 omne
1234 4135 1289 4188 in
1346 4135 1452 4189 hoc
1507 4149 1630 4189 esse
1681 4133 2074 4195 constitutum,
2128 4141 2189 4186 ut

604 4229 824 4283 diabolo
850 4237 907 4282 et
931 4226 1115 4296 pravis
1143 4225 1570 4296 cogitationibus
1611 4240 1827 4294 semper
1849 4223 2183 4278 obluctetur.

604 4322 777 4375 Vitari
812 4319 972 4389 182
1005 4327 1188 4373 autem
1221 4332 1331 4371 non
1362 4332 1543 4386 posse,
1578 4317 1711 4387 quin
1744 4316 1919 4386 caligo
1963 4323 2188 4384 pertur-

2360 3674 2436 3726 8’.
2494 3669 2637 3742 Πρὸς
2685 3670 2812 3732 τοὺς
2864 3665 3258 3736 διαποῳύντάς
3303 3683 3475 3737 φησι,
3538 3672 3604 3725 Τί
3651 3672 3753 3726 ὅτι
3802 3676 3883 3743 μή

2291 3765 2519 3835 γίνεται
2550 3781 2638 3830 τις
2671 3762 2879 3832 ἡμέρα,
2909 3764 2979 3817 ἐν
3104 3764 3202 3818 καὶ
3244 3764 3331 3835 μὴ
3366 3765 3467 3820 διὰ
3502 3770 3747 3836 μίσους
3775 3769 3887 3837 ἔχω

2290 3858 2399 3911 τὸν
2455 3855 2746 3924 ἀδελφὸν,
2773 3855 2811 3923 ἢ
2854 3855 2951 3908 καὶ
2987 3856 3149 3910 ἄλλα
3189 3857 3324 3911 τινὰ
3365 3862 3608 3926 πονηρὰ
3644 3858 3887 3929 ἐμαυτῷ

2290 3945 2763 4013 συνεπίσταμαι,
2810 3942 2871 4011 ἃ]
2892 3942 2994 3996 καὶ
3027 3943 3239 3999 ἄκοντι
3277 3948 3597 4015 συμϐαίνει
3629 3966 3744 4017 μοι
3779 3950 3884 4001 aui-

2290 4052 2504 4107 σχειν;
2547 4035 2722 4089 ταῦτα
2771 4036 3016 4090 λακτέον·
3046 4037 3121 4099 ὡς
3170 4040 3198 4089 ό
3229 4037 3329 4107 μὲν
3372 4041 3523 4107 ἁγὼν
3554 4040 3710 4104 ἄπας
3737 4044 3883 4109 καἰῄ

2290 4128 2493 4199 σπουδὴ
2534 4126 2612 4198 τῷ
2658 4126 2951 4198 ἀνθρώπῳ,
2978 4127 3120 4181 ὥστε
3151 4130 3247 4181 καὶ
3276 4129 3357 4197 τῷ
3385 4130 3613 4200 πονηρῷ
3644 4132 3753 4183 καὶ
3778 4136 3886 4193 τοῖς

2294 4222 2552 4290 πονηροῖς
2594 4220 2958 4273 ἁντιτίθεσθαι
3010 4220 3290 4291 λογισμοῖς
3333 4222 3423 4275 διὰ
3465 4224 3675 4285 παντὸς
3724 4224 3881 4277 ἐστι.

2307 4312 2612 4382 Ἀμήχανον
2658 4311 2734 4375 δὲ,
2784 4311 2872 4363 ἵνα
2905 4310 2966 4364 τὸ
3000 4312 3191 4375 σκότος
3225 4312 3336 4364 τῶν
3366 4311 3581 4376 παθῶν,
3612 4314 3717 4366 καὶ
3743 4318 3775 4367 ὁ
3803 4315 3883 4367 Oi-

605 4412 915 4473 bationum,
963 4418 1021 4462 et
1067 4422 1214 4462 mors
1252 4407 1501 4462 insidens
1539 4407 1823 4477 sapientia:
1851 4405 2035 4461 carnis
2075 4420 2174 4458 non

2295 4420 2453 4465 νατος
2486 4400 2581 4455 τοῦ
2606 4402 2976 4472 φρονήματος,
3006 4403 3171 4472 φημὶ,
3200 4402 3301 4473 τῆς
3333 4403 3537 4474 σαρκὸς
3566 4405 3643 4476 μὴ
3680 4407 3886 4459 ἐπιδεξ-

604 4502 915 4575 producant
948 4502 1191 4556 fructum
1220 4501 1458 4570 aliquem
1483 4499 1703 4553 malitiae
1732 4499 1817 4552 vel
1845 4498 2061 4553 occulte
2099 4496 2187 4551 vel

605 4597 806 4667 palam.
836 4594 907 4650 Ut
940 4593 1087 4647 enim
1109 4592 1311 4645 vulnus
1336 4590 1391 4643 in
1419 4604 1651 4660 corpore
1675 4589 1854 4659 quoad
1882 4604 1992 4643 non
2026 4589 2189 4659 plane

605 4686 910 4741 obductum
952 4691 1055 4749 est,
1098 4681 1282 4736 caveri
1321 4681 1532 4750 nequit,
1582 4680 1716 4749 quin
1762 4680 1959 4750 exiguo
1996 4681 2188 4735 saltem

605 4779 792 4847 aliquo
833 4776 976 4831 tabis
1011 4774 1213 4829 eﬂluxu
1263 4772 1495 4826 madens
1541 4770 1795 4837 sordeat;
1847 4772 2189 4839 quantalibet

605 4867 891 4939 diligentia
931 4877 1179 4932 curetur,
1212 4865 1464 4935 nihilque
1505 4864 1791 4919 omittatur
1821 4863 2104 4919 industriae
2132 4864 2190 4919 in

602 4964 686 5018 eis
729 4959 1062 5015 adhibendis
1102 4957 1361 5013 remediis
1404 4955 1847 5027 adjumentisque
1877 4956 2059 5010 omnis
2092 4971 2187 5026 ge-

605 5054 787 5117 neris;
821 5051 966 5106 idem
994 5065 1126 5105 vero
1169 5050 1215 5104 si
1247 5062 1476 5119 prorsus
1504 5047 1832 5118 negligatur,
1880 5049 2192 5117 corruptio-

603 5164 731 5203 nem
785 5145 1064 5201 interdum
1112 5144 1526 5214 perniciemque
1575 5140 1673 5195 toti
1720 5140 1888 5195 infert
1929 5140 2186 5210 corpori:

604 5240 769 5297 simili
798 5248 929 5310 puta
955 5238 1119 5293 modo
1151 5238 1474 5292 affectiones
1497 5249 1720 5304 quoque
1746 5234 1961 5295 animae,
1993 5243 2191 5288 utcun-

605 5348 713 5402 que
744 5332 914 5385 multa
943 5330 1108 5387 fuerit
1153 5328 1399 5383 adhibita
1429 5342 1585 5391 cura,
1618 5326 1771 5380 intus
1795 5335 1975 5380 tamen
2008 5325 2190 5380 adhuc

607 5424 736 5479 tabo
763 5439 863 5479 suo
892 5430 1342 5491 corrumpuntur,
1385 5419 1605 5474 tandem
1638 5428 1822 5473 tamen
1869 5418 2190 5474 assiduitate

607 5513 1042 5584 diligentissime
1101 5511 1437 5573 curationis,
1506 5524 1606 5579 per
1660 5508 1867 5564 Christi
1930 5508 2188 5579 gratiam,

608 5607 852 5678 perfecte
898 5612 1182 5661 sanantur.
1230 5604 1325 5657 Est
1365 5617 1514 5657 ennn
1545 5600 1761 5656 occulta
1793 5598 2041 5670 quadam
2067 5600 2189 5665 faex,

682 5810 727 5845 ι’»
761 5810 949 5866 Matth.
988 5826 1097 5879 XXI,
1134 5812 1222 5867 se.
1300 5812 1345 5843 δε
1378 5809 1570 5865 Matth.
1611 5824 1664 5876 ν,
1700 5807 1790 5863 es.

2295 4493 2524 4547 κνυσθαί
2549 4511 2667 4547 τινα
2697 4492 2915 4569 καρπδν
2958 4493 3089 4547 ἴδιον
3113 4493 3212 4565 τὴν
3251 4495 3454 4548 κακίαν
3477 4496 3599 4565 ἢτοι
3628 4513 3884 4566 κεκρυμο

2299 4584 2542 4656 μένωςῆ
2594 4586 2872 4657 φανερῶς.
2920 4586 3131 4657 Ὠσπερ
3171 4587 3281 4658 γάρ
3324 4603 3381 4640 τι
3424 4586 3655 4658 τραῦμα
3685 4590 3755 4641 ἐν
3788 4590 3884 4641 σὺ·

2297 4693 2428 4746 ματι
2460 4676 2541 4742 ὃν,
2573 4677 2834 4731 ἀδύνατον
2883 4678 2988 4741 ἕως
3018 4677 3170 4732 οὔπω
3193 4678 3397 4732 τέλειον
3451 4680 3602 4749 ἰαθῇ,
3648 4680 3738 4743 ὡς
3768 4681 3882 4750 μηδ’

2295 4765 2461 4838 ὀλίγῳ
2488 4767 2596 4820 τινὶ
2625 4766 2703 4837 τῷ
2734 4767 2891 4839 ἰχῶρι
2933 4768 3126 4839 μυδᾷψ
3163 4772 3257 4822 καὶ
3292 4769 3469 4823 ταῦτα
3496 4771 3881 4842 θεραπευδρε-

2295 4860 2385 4915 νόν
2426 4878 2509 4922 τε,
2543 4861 2638 4914 καὶ
2673 4860 2901 4930 μηδενὸς
2950 4861 3060 4914 τῶν
3098 4863 3177 4925 είς
3206 4864 3527 4932 ἐπιμελείας
3564 4864 3769 4918 τούτου
3798 4864 3881 4917 25-

2293 4970 2406 5022 γων
2440 4954 2686 5023 ἡκόντων
2728 4952 3149 5024 ἀπαξιούμενον·
3183 4954 3459 5027 ἀμεληθὲν
3488 4957 3548 5010 δὲ
3578 4956 3753 5025 σῆψιν
3773 4957 3879 5009 εστι

2292 5045 2339 5099 δ’
2368 5047 2457 5099 ὅτε
2487 5048 2584 5101 καὶ
2612 5045 2790 5116 λύμην
2818 5045 2898 5117 τῷ
2928 5046 3035 5118 ὅλῳ
3067 5048 3360 5117 ὲργᾴζεται
3395 5049 3635 5120 σώματιο
3664 5052 3765 5105 τὸν
3796 5052 3887 5104 αὖα

2292 5138 2384 5191 τὸν
2436 5137 2550 5191 οῐου
2597 5155 2688 5208 μοι
2739 5139 2940 5208 τρόπον
2977 5140 3073 5193 καὶ
3118 5140 3188 5195 τὰ
3226 5144 3327 5212 τῆς
3359 5141 3544 5213 ψυχῆς
3579 5142 3761 5214 πάθη,
3795 5145 3887 5196 ω

2293 5230 2496 5300 πολλῆς
2513 5231 2857 5285 ἀπολαύοντα
2870 5232 2969 5302 τῆς
2985 5232 3241 5302 σπουδῆς,
3264 5235 3416 5305 ὅμως
3433 5235 3585 5289 ἔνδον
3606 5237 3891 5307 attritum

2296 5324 2593 5393 ἐπιμένειν·
2630 5324 2769 5396 πλὴν
2807 5325 2942 5378 ἀλλὰ
2968 5324 3045 5396 τῷ
3078 5326 3383 5397 παραμόνῳ
3430 5327 3531 5397 τῆς
3567 5328 3895 5398 ἐπιμελείας

2296 5415 2386 5469 διὰ
2407 5415 2499 5468 τοῦ
2520 5414 2761 5485 Χριστοῦ
2778 5416 2996 5487 χάριτός
3013 5434 3072 5470 τε
3084 5418 3179 5470 καὶ
3199 5420 3521 5489 συνεργείας
3538 5418 3740 5489 ἐντελῆ
3756 5420 3893 5487 λαμ-

2298 5508 2451 5561 6άνει
2491 5508 2591 5579 τὴν
2626 5508 2792 5563 ἴασιν.
2831 5510 2994 5562 Ἔστι
3019 5512 3128 5580 γάρ
3161 5527 3245 5573 τις
3296 5511 3545 5581 κρυπτὸς
3577 5512 3775 5579 ῥύπος,
3806 5512 3895 5562 23".

2300 5600 2555 5670 περιττόν
2580 5617 2639 5653 τε
2673 5600 2862 5665 σκότος
2890 5601 3101 5667 παθῶν,
3146 5600 3174 5654 ὃ
3217 5603 3368 5674 παρὰ
3397 5603 3502 5673 τὴν
3518 5602 3777 5672 καθαρὰν
3799 5597 3889 5652 τοῦ
