4044 6514
198 314 308 382 873

1080 318 1311 379 LIBER
1346 320 1444 380 DE
1478 317 1886 381 PATIENTIA
1924 316 2019 376 ET
2054 315 2576 381 DISCRETIONE.

3345 312 3448 401 8:14

199 428 492 501 ἀνθρώπου
547 426 707 498 φύσιν
758 429 846 484 διὰ
902 429 1001 500 τῆς
1043 428 1139 483 τοῦ
1182 428 1352 501 ’Δδὰμ
1400 429 1765 501 παραϐάσεως

1889 433 1921 481 :t
1944 429 2294 484 tenebrarum
2328 430 2643 505 redundans
2665 428 2862 486 oti‘usio
2886 443 2955 484 ex
2982 425 3295 492 affectibus,
3324 441 3449 497 quae

199 519 499 594 παρεισέδυ
552 520 704 589 πάσῃ
753 524 820 593 τῇ
864 520 1277 593 ἀνθρωπότητι·
1323 523 1602 578 καὶτοῦτο
1636 522 1779 577 θολοῐ

202 614 301 668 καὶ
340 612 691 683 καταμιαίνει
743 614 839 667 καὶ
884 613 1041 685 σῶμα
1094 616 1265 687 δήπου
1302 617 1394 670 καὶ
1430 615 1528 689 τὴν
1573 616 1773 686 ψυχήν.

216 704 362 760 Ἀλλ’
384 704 574 774 ὥσπερ
617 704 837 776 σίδηρος
866 704 1208 776 πυρούμενός
1237 724 1296 760 τε
1329 708 1421 761 καὶ
1449 707 1779 777 τυπτόμενος

204 797 549 869 καθαίρεται·
593 799 626 869 ἢ
659 797 858 870 χρυσὸς
892 798 1078 871 χαλκῷ
1108 799 1142 871 ἢ
1175 802 1271 854 καὶ
1305 800 1508 873 σιδήρῳ
1535 817 1779 871 συγκρα-

203 888 325 952 θεὶς
349 888 486 960 πυρὶ
514 888 803 960 διαιρεῖται
835 889 999 961 μόνῳ·
1028 889 1170 945 οὕτω
1196 893 1291 946 καὶ
1318 893 1350 963 ή
1381 892 1527 964 ψυχὴ
1559 893 1647 947 διά
1670 893 1780 948 τῶν

203 979 492 1052 ἁχράντων
520 979 615 1033 τοῦ
646 981 896 1051 Σωτῆρος
931 980 1121 1035 παθῶν
1147 981 1226 1053 τῷ
1262 982 1450 1054 ἀγαθῷ
1499 984 1779 1055 Πνεῦματι

205 1071 527 1141 πυρουμένη
569 1072 666 1126 καὶ⁵
697 1071 1031 1143 τυπτομένη,
1061 1074 1264 1138 παντὸς
1300 1074 1504 1140 πάθους
1548 1078 1642 1130 καὶ
1678 1077 1781 1131 πά-

209 1179 315 1233 σης
346 1162 733 1236 ἐκκαθαίρεται
757 1163 1049 1237 ἁμαρτίας.

284 1339 341 1399 l'.
375 1342 585 1415 Ὠσπερ
629 1343 774 1408 τινὲς
824 1343 1108 1415 λαμπάδες
1139 1343 1331 1398 πολλαὶ
1379 1344 1459 1399 ἑνὶ
1498 1344 1661 1416 ἐλαίῳ
1690 1346 1782 1399 καὶ

208 1435 295 1489 ἐνὶ
326 1433 651 1504 ἀναφθεῖσαι
696 1434 851 1505 πυρὶ,
893 1435 993 1489 οὐκ
1042 1436 1143 1505 ῐσῳ
1172 1435 1251 1507 τῷ
1304 1436 1482 1507 μέτρῳ
1527 1436 1784 1501 πολλάκις

207 1526 314 1595 τὴν
340 1523 435 1579 τοῦ
478 1525 653 1596 πυρὸς
705 1524 883 1596 αὐγὴν
929 1527 1176 1595 ἀφιᾶσιν·
1224 1526 1367 1580 οῦτω
1410 1529 1504 1581 καὶ
1528 1528 1598 1581 τὰ
1622 1528 1782 1599 χαρί-

210 1635 401 1689 σματα
448 1617 515 1673 τὰ
565 1620 630 1671 ὲκ
682 1617 951 1688 διαφόρων
1013 1618 1479 1690 κατορθωμάτων,
1530 1620 1785 1692 διάφορον

205 1710 328 1782 ἔχει
360 1710 455 1764 καὶ
479 1709 576 1781 τὴν
610 1709 784 1783 αὐγὴν
808 1710 902 1764 τοῦ
931 1710 1137 1780 ἀγαθοῦ
1165 1711 1500 1783 Πνεῦματος·
1533 1714 1566 1784 ἢ
1597 1712 1784 1784 ῶσπερ

204 1804 273 1855 ὲν
319 1802 470 1856 πόλει
522 1802 736 1855 πολλῶν
775 1801 964 1867 ὅντων,
1002 1804 1097 1858 καὶ
1124 1804 1227 1875 τὴν
1267 1804 1440 1875 αὐτὴν
1467 1806 1777 1870 οίκούντων,

204 1892 294 1947 ἑνί
321 1911 381 1948 τε
413 1894 561 1965 ἄρτῳ
588 1895 680 1949 καὶ
706 1895 785 1950 ἑνὶ
803 1896 1104 1967 χρωμένων
1142 1895 1318 1963 ὕδατι,
1368 1898 1420 1951 οἱ
1473 1898 1572 1970 μὲν
1599 1899 1781 1953 αὐτῶν

202 1984 423 2057 ἄνδρες,
449 1986 496 2040 οἱ
538 1986 595 2040 δὲ
640 1987 845 2057 νήπιοι,
880 1988 930 2040 οἱ
985 1988 1042 2043 δὲ
1094 1989 1284 2054 παῖδές
1335 1991 1493 2053 εἰσιν,
1523 1991 1573 2044 οἱ
1603 1990 1659 2044 δὲ
1687 1991 1781 2059 γέ-

203 2094 427 2146 ροντες,
466 2078 559 2132 καὶ
613 2079 747 2132 πολὺ
800 2078 861 2132 τὸ
910 2078 1290 2152 παραλλάττον
1344 2082 1403 2135 ὲν
1446 2083 1633 2147 αὐτοῖς
1686 2083 1782 2137 καὶ

200 2170 483 2240 διάφορον·
510 2171 543 2241 ἢ
575 2169 766 2242 ῶσπερ
801 2173 946 2235 σῖτος
988 2174 1046 2226 έν
1082 2174 1181 2244 μιᾷ
1215 2174 1307 2227 καὶ
1347 2176 1412 2245 τῇ
1461 2176 1598 2245 αὒτῇ
1624 2174 1780 2247 Χώρᾳ

202 2265 679 2337 κατεσπαρμένος,
724 2254 1015 2335 διαφόροιῗς
1033 2266 1206 2336 δήπου
1250 2267 1348 2320 καὶ
1375 2268 1503 2330 τοὺς
1540 2266 1781 2338 στάχυας

200 2356 553 2410 ἀναδίδωσιν·
587 2357 645 2409 ὲν
674 2356 858 2427 μέντοι
888 2359 952 2427 τῇ
1006 2358 1142 2429 αὑτῇ
1174 2358 1286 2429 ἂλῳ
1331 2360 1646 2429 συνάγεται,
1688 2359 1781 2413 καὶ

197 2451 273 2519 τῇ
310 2450 443 2519 αὐτῇ
481 2446 734 2521 άποθήκῃ
764 2448 1163 2502 ἐναποτίθεται·
1197 2448 1369 2513 οὕτως
1411 2449 1526 2503 οἴου
1560 2468 1649 2521 μοι
1677 2450 1781 2506 κάν

197 2544 275 2613 τῇ
310 2540 416 2594 τῶν
442 2540 648 2611 νεκρῶν
693 2540 988 2593 ἀναστάσει
1031 2540 1292 2612 διαφορὰν
1343 2541 1500 2613 δόξης
1545 2542 1652 2596 τῶν
1689 2543 1783 2596 άν-

204 2634 519 2707 ισταμένων
566 2632 907 2699 δοξάζεσθαι,
955 2634 1051 2689 καὶ
1084 2635 1445 2706 γνωρίζεσθαι
1499 2638 1639 2691 κατὰ
1680 2638 1780 2709 τὴν

199 2729 367 2797 ἀξίαν
411 2730 520 2783 τῶν
572 2726 1031 2798 κατορθωμάτων,
1068 2726 1209 2781 κατὰ
1240 2728 1338 2799 τὴν
1366 2729 1652 2799 μετουσίαν
1684 2728 1778 2784 τοῦ

199 2820 459 2876 ἐντεῦθεν
507 2819 608 2891 ήδη
640 2818 980 2889 ἐνῳκηκότος
1031 2820 1213 2883 αὐτοῖς
1259 2818 1403 2873 θείου
1440 2819 1778 2890 Πνεύματος·

201 2914 306 2968 καὶ
351 2911 508 2966 τοῦτο
549 2904 688 2965 εἶναι
734 2910 815 2977 τὸ,
876 2910 1097 2981 Ἀστὴρ
1140 2911 1390 2979 ἀστέρος
1419 2911 1679 2981 διαφέρει
1712 2912 1783 2966 ἐν

201 3003 385 3088 δόξῃ.

283 3176 385 3233 iA'.
448 3178 618 3231 Τοῦτο
671 3177 829 3247 μόνον
873 3175 1013 3231 κατά
1066 3176 1301 3249 σπουδὴν
1351 3177 1520 3243 ἔστω,
1570 3179 1660 3233 ἵνα
1701 3196 1787 3244 τις

202 3270 499 3340 γεννηθεὶς
526 3270 604 3341 τῷ
630 3270 909 3340 Πνεύματι
946 3268 1022 3340 τῷ
1062 3270 1205 3342 ἁγίῳ
1238 3270 1339 3341 τήν
1366 3270 1571 3326 ένοικον
1601 3273 1791 3327 ἀπονί-

202 3365 386 3431 ψηται
420 3363 714 3435 ἁμαρτίαν.
763 3363 873 3416 Καὶ
907 3361 1015 3432 γὰρ
1042 3362 1099 3415 ἕν
1136 3379 1242 3416 τινι
1289 3363 1443 3435 μέρει
1474 3364 1569 3417 καὶ
1605 3365 1813 3436 ἐκείνη⁹

206 3461 245 3530 ἠ
277 3456 370 3511 διὰ
396 3456 489 3510 τοῦ
522 3455 836 3529 Πνεῦματος
864 3457 958 3509 τοῦ
1009 3456 1163 3525 ἁγίου
1198 3457 1469 3528 γέννησις,
1499 3459 1682 3513 είκόνα
1704 3476 1792 3511 τε-

206 3549 490 3619 λειότητος
536 3547 649 3618 έχει
688 3546 745 3601 ἐν
786 3563 846 3600 τε
892 3548 958 3618 τῇ
1014 3549 1195 3618 μορφῇ
1234 3549 1327 3601 καὶ
1383 3551 1496 3612 τοῖς
1551 3550 1788 3618 μέλεσιν·

204 3642 276 3696 οὐ
324 3642 505 3712 μέντοι
551 3640 863 3712 δυνάμει,ἢ
900 3640 996 3709 νῷ,
1045 3640 1077 3711 ή
1130 3640 1370 3712 ἀνδρείᾳ·
1412 3642 1441 3693 ό
1492 3641 1600 3712 γὰρ
1654 3644 1794 3714 πρὸς

206 3731 387 3800 ἄνδρα
432 3729 637 3783 τέλειον
675 3730 768 3783 καὶ
816 3729 1015 3801 μέτρον
1071 3730 1401 3801 ἀφικόμενος
1442 3731 1680 3801 ήλικίας,
1726 3733 1795 3786 τὰ

206 3821 314 3874 τοῦ
341 3821 531 3892 νηπίου
563 3819 772 3888 πέφυκε
798 3822 1117 3888 καταργεῖν·
1149 3822 1241 3874 καὶ
1265 3821 1420 3875 τοῦτό
1453 3824 1622 3891 ἐστιν,
1660 3824 1794 3894 ὅπερ

205 3913 242 3965 ὀ
287 3910 611 3973 ’Δπόστολος
650 3908 867 3978 ἔλεγεν·
918 3910 1054 3963 Εἴτε
1109 3908 1380 3980 γλῶσσαι
1427 3914 1797 3983 καταργηθή-

205 4019 453 4067 σονται,
496 4002 615 4056 εἴτε
646 4000 1013 4070 προφητεῖαι.
1043 4001 1257 4072 Ὠσπερ
1300 4004 1409 4073 γὰρ
1450 4005 1480 4057 ό
1514 4003 1676 4075 eum:
1692 4005 1793 4077 ’ήδη

205 4095 532 4166 γενόμενος,
557 4091 677 4146 οὔτε
700 4094 908 4163 τροφὰς
928 4093 1054 4147 οῦτε
1085 4094 1274 4163 λόγους
1300 4096 1427 4158 τοὺς
1454 4080 1606 4150 παιδὶ
1629 4113 1797 4167 προσ-

205 4190 454 4258 ήκοντας
498 4186 873 4257 καταδέχεται,
905 4186 1020 4239 ἀλλ’
1054 4186 1408 4251 άναξιοπαθεῖ
1452 4187 1585 4257 πρὸς
1626 4188 1788 4254 αὐτὰ,

205 4280 294 4341 ὡς
346 4279 536 4348 ἑτέρας
567 4277 668 4348 ήδη
710 4276 989 4348 διαγωγῆς
1019 4277 1234 4341 ἐπιϐάς·
1269 4276 1441 4340 οὕτως
1473 4280 1501 4331 ὁ
1543 4279 1678 4351 πρὸς
1706 4296 1795 4332 τε-

206 4372 440 4424 λείωσιν
471 4370 578 4425 τῶν
624 4370 995 4439 εὐαγγελικῶν
1041 4371 1286 4435 αὐξάνων
1331 4371 1792 4442 κατορθωμάτων,

1879 516 1933 571 in
1972 534 2163 587 puram
2192 537 2225 577 a
2259 522 2531 592 principio
2577 519 2818 576 hominis
2863 525 3117 589 naturam
3159 515 3353 571 Adami
3389 530 3450 570 se

1878 613 2311 680 transgressione
2372 610 2674 667 insinuavit
2717 608 2786 677 zin
2850 606 3282 670 humanitatem;
3333 604 3453 659 haec

1876 701 2093 771 polluit,
2132 702 2249 757 haec
2285 704 2624 758 contaminat
2653 711 2761 757 tam
2790 715 2989 769 corpus
3007 696 3264 752 videlicet
3286 710 3452 765 quam

1879 793 2137 848 animam.
2165 795 2365 850 Verum
2396 803 2458 848 ut
2487 794 2692 850 ferrum
2722 792 2854 847 dum
2893 789 3123 862 ignitum
3159 783 3454 842 contundi-

1880 890 1990 949 tur,
2054 894 2427 956 expurgatur;
2497 894 2665 955 utque
2734 898 2927 939 aurum
2992 880 3118 936 aeris
3169 887 3265 933 aut
3321 876 3451 931 ferri

1880 973 2139 1028 mistione
2188 972 2473 1036 infectum,
2521 973 2630 1044 igni
2679 972 3021 1037 secernitur;
3075 968 3195 1039 pari
3237 967 3452 1024 ratione

1881 1067 2063 1122 anima
2115 1081 2215 1135 per
2256 1065 2635 1121 immaculatas
2684 1065 3067 1135 perpessiones
3122 1061 3451 1126 Salvatoris,

1882 1159 2031 1213 bono
2078 1156 2287 1228 Spiritu
2340 1157 2532 1228 ignita,
2568 1166 2624 1212 et
2653 1171 2937 1226 percussa,
2979 1155 3048 1210 ab
3091 1155 3241 1210 omni
3285 1170 3453 1225 pravo

1882 1248 2081 1305 affectu
2107 1258 2162 1306 et
2186 1259 2411 1321 peccato
2430 1257 2783 1319 expurgatur.

1954 1338 2021 1394 X.
2074 1339 2143 1395 Ut
2176 1338 2424 1409 quaedam
2458 1338 2738 1407 lampades
2770 1352 2880 1393 uno
2922 1338 3110 1408 plures
3156 1336 3301 1400 oleo,
3344 1352 3454 1389 uno

1884 1445 2129 1486 accensae
2174 1429 2306 1500 igni,
2360 1428 2507 1483 haud
2549 1443 2736 1497 parem
2779 1437 2961 1482 tamen
3006 1442 3149 1496 saepe
3198 1428 3456 1480 emittunt

1883 1521 2189 1591 fulgorem;
2236 1520 2315 1575 sic
2362 1528 2420 1575 et
2466 1519 2792 1574 charismata
2842 1519 2898 1572 in
2942 1518 3177 1572 diversis
3223 1517 3293 1571 ad
3334 1520 3456 1585 qua:

1888 1611 2183 1666 habilitant
2243 1609 2402 1664 bonis
2452 1608 2743 1678 operibus,
2805 1607 3150 1662 diﬂ‘erentem
3203 1605 3458 1661 evibrant

1888 1704 2135 1776 ejusdem
2177 1702 2309 1757 boni
2362 1700 2597 1771 Spiritus
2622 1700 2990 1770 splendorem.
3023 1698 3131 1753 Aut
3155 1706 3213 1751 ut
3240 1697 3296 1750 in
3326 1695 3461 1751 civi-

1810 1772 1858 1831 B
1889 1804 1997 1852 tate
2042 1795 2246 1849 multos
2286 1793 2651 1863 amplectente
2711 1791 2892 1854 cives,
2941 1790 3066 1843 licet
3112 1788 3295 1843 cuncti
3348 1802 3459 1840 uno

1881 1903 2045 1960 pane,
2082 1902 2301 1957 unoque
2331 1894 2495 1956 potus
2522 1898 2721 1955 genere
2754 1888 3016 1946 utantur;
3050 1887 3232 1934 tamen
3259 1879 3456 1932 horum

1882 1981 1974 2037 alii
2027 1980 2249 2054 quidem
2296 1978 2433 2042 viri,
2480 1976 2572 2031 alii
2622 1974 2869 2045 parvuli,
2914 1972 3073 2026 multi
3128 1970 3309 2040 pueri,
3363 1963 3455 2024 alii

1881 2095 2071 2145 senes;
2120 2078 2467 2145 multumque
2526 2069 2861 2126 discriminis
2917 2076 2975 2121 et
3025 2062 3350 2119 diﬂ‘erentiae
3406 2062 3461 2116 in

1884 2171 2018 2241 ipsis
2059 2178 2182 2224 est:
2230 2167 2316 2222 vel
2365 2158 2826 2235 quemadmodum
2863 2157 3201 2211 frumentum
3250 2153 3304 2206 in
3351 2166 3461 2207 uno

1881 2272 1936 2319 et
1964 2259 2158 2315 eodem
2191 2257 2521 2312 seminatum
2550 2266 2703 2322 agro,
2735 2248 2981 2303 diversas
3010 2245 3188 2314 spicas
3221 2241 3457 2314 profert;

1884 2364 2062 2409 tamen
2104 2350 2424 2404 universum
2449 2345 2506 2398 in
2530 2340 2780 2398 eamdem
2808 2352 2915 2392 una
2938 2334 3225 2391 confertur
3254 2346 3460 2393 aream,

1883 2446 1939 2499 in
1992 2456 2163 2498 unum
2210 2438 2419 2510 pariter
2471 2430 2793 2489 reconditur
2836 2428 3135 2482 horreum:
3189 2423 3269 2476 sic
3313 2429 3370 2474 et
3405 2430 3463 2473 tu

1882 2532 2152 2595 existima,
2189 2543 2275 2582 me
2304 2533 2550 2585 auctore,
2584 2521 2640 2575 in
2669 2526 3013 2573 mortuorum
3033 2528 3251 2585 quoque
3280 2524 3465 2564 resur-

1883 2626 2127 2682 rectione
2150 2618 2514 2677 differentiam
2543 2614 2726 2685 gloriae
2755 2611 2891 2675 fore,
2920 2610 3006 2671 iis,
3028 2609 3123 2678 qui
3145 2611 3459 2675 resurgunt,

1884 2714 2203 2790 gloriﬁcatis
2269 2720 2325 2766 et
2381 2706 2686 2763 illustribus
2743 2718 2845 2774 pro
2897 2701 3164 2771 dignitate
3230 2713 3463 2767 operum

1883 2788 2189 2869 bonorum,
2241 2811 2299 2857 et
2349 2815 2449 2871 pro
2500 2794 2887 2852 communione
2940 2791 3302 2845 inhabitantis
3343 2788 3455 2857 jam

1885 2898 2089 2955 ibidem
2121 2896 2268 2965 ipsos
2299 2890 2470 2946 divini
2511 2887 2787 2958 Spiritus;
2818 2892 2874 2940 et
2900 2884 3043 2937 hanc
3080 2896 3201 2936 esse
3238 2888 3461 2933 sentcn-

1884 2992 2015 3048 tiam
2058 2989 2206 3043 illius
2244 2984 2376 3040 dicti
2420 2979 2708 3053 apostolici
2748 2996 2761 3031 :
2796 2976 2963 3032 Stella
3015 2976 3188 3045 differt
3230 2992 3263 3027 a
3306 2970 3464 3026 stella

1814 3108 1861 3170 ρ
1888 3086 1943 3139 in
1980 3083 2227 3136 claritate
2245 3079 2311 3169 ’ξ

1943 3175 2055 3234 .Xl.
2106 3146 2306 3228 Solum.
2340 3165 2601 3239 peculiari
2650 3164 2882 3235 quisque
2940 3160 3122 3217 studio
3179 3169 3356 3223 curet,
3406 3163 3468 3212 ut

1892 3272 2251 3337 regeneratus
2310 3260 2521 3330 Spiritu
2584 3263 2805 3321 sancto,
2875 3253 3193 3307 inhabitans
3238 3250 3292 3304 in
3345 3264 3469 3303 sese

1892 3364 2178 3429 peccatum
2242 3353 2543 3419 abstergat.
2609 3346 2827 3402 Etenim
2886 3344 2942 3399 in
3000 3351 3153 3412 parte
3211 3340 3467 3409 quadam,

1892 3449 2056 3523 etiam
2106 3445 2199 3500 illa
2242 3444 2361 3513 ipsa
2414 3457 2513 3511 per
2562 3448 2813 3495 sanctum
2862 3436 3127 3507 Spiritum
3187 3431 3472 3502 generatio

1894 3521 2186 3609 imaginem
2241 3530 2598 3605 perfectionis
2646 3529 2833 3592 habet,
2886 3535 2943 3581 et
2987 3526 3045 3579 in
3097 3523 3275 3577 forma
3317 3530 3373 3575 et
3418 3521 3474 3574 in

1894 3628 2185 3695 membris;
2233 3642 2343 3681 non
2376 3637 2557 3680 tamen
2590 3622 2817 3685 virtute,
2848 3626 2942 3672 aut
2982 3624 3185 3677 mente,
3211 3623 3307 3668 aut
3352 3612 3469 3666 for-

1897 3723 2151 3779 titudine.
2190 3720 2327 3774 Nam
2358 3716 2455 3785 qui
2502 3716 2553 3768 in
2598 3714 2777 3767 virum
2826 3709 3129 3779 perfectum
3165 3713 3222 3760 et
3250 3719 3472 3758 mensu-

1896 3829 2010 3868 ram
2058 3809 2311 3883 pcrvenit
2365 3806 2572 3870 aetatis,
2633 3819 2754 3874 quae
2798 3811 2955 3856 erant
3021 3798 3267 3868 parvuli,
3332 3795 3471 3849 solet

1895 3918 2185 3962 evacuare.
2230 3902 2299 3956 Et
2336 3899 2444 3953 hoc
2482 3907 2565 3953 est
2598 3895 2747 3967 quod
2789 3892 3086 3963 Apostolus
3134 3889 3310 3943 dixit:
3357 3886 3475 3941 Sive

1898 3998 2090 4067 lingua:
2120 3992 2413 4055 cessabunt,
2454 3990 2560 4043 sive
2590 3988 2879 4059 prophetia:
2899 3986 2965 4037 ⁸⁷.
3010 3984 3163 4039 Sicut
3198 3980 3344 4036 enim
3389 3979 3473 4032 vir

1891 4089 2003 4159 jam
2054 4085 2267 4148 factus,
2321 4096 2501 4151 neque
2551 4094 2705 4133 escas
2755 4092 2931 4146 neque
2978 4088 3260 4129 sermones
3304 4084 3475 4139 puero
3536 4080 3539 4081 '

1896 4178 2290 4235 convenientes
2338 4172 2596 4236 admittit,
2634 4171 2731 4226 sed
2762 4168 2828 4224 ‘ea
2862 4177 2921 4221 ut
2950 4167 3055 4221 sibi
3081 4166 3337 4218 indecora
3374 4162 3476 4214 de-

1897 4274 2177 4344 dignatur,
2215 4280 2472 4339 tanquam
2513 4266 2607 4337 qui
2642 4266 2697 4319 in
2727 4264 2957 4317 alterum
2981 4261 3093 4331 jam
3120 4258 3244 4311 vita?
3274 4263 3476 4309 statum

1896 4364 2231 4438 profecerit;
2265 4363 2345 4417 sic
2380 4360 2472 4431 qui
2508 4358 2573 4425 ad
2600 4355 2994 4428 perfectionem
3033 4349 3476 4418 evangelicorum

200 4464 317 4532 τὴν
352 4461 653 4533 νηπιότητα
686 4462 782 4533 τὴν
810 4460 1004 4516 ἑαυτοῦ
1038 4462 1172 4533 πρὸς
1214 4462 1313 4530 τὴν
1348 4462 1657 4532 τελειότητα
1692 4481 1787 4516 κα-

1900 4460 2099 4516 crescit
2147 4456 2481 4519 olliciorum,
2533 4450 2819 4507 infantiam
2888 4445 3167 4516 propriam
3223 4442 3290 4496 ad
3346 4455 3475 4510 per-

197 4558 507 4612 τασπάσει.
540 4558 672 4613 Ὅτε
729 4559 860 4628 γὰρ,
900 4559 1063 4628 φησιν
1092 4600 1106 4621 ,
1154 4560 1183 4611 ό
1232 4557 1372 4621 θεῖος
1432 4557 1790 4623 Ἀπόστολος,

196 4650 436 4723 γέγονα
467 4650 641 4719 ἀνὴρ,
664 4650 1016 4719 κατήργησα
1056 4649 1129 4704 τὰ
1163 4649 1271 4703 τοῦ
1299 4651 1541 4717 νηπίου.

285 4742 392 4796 lB’.
421 4741 494 4794 Τὸ
527 4741 625 4811 μὲν
655 4741 795 4795 κατὰ
824 4740 1047 4811 Πνεῦμα
1075 4740 1434 4810 γεννώμενον,
1456 4741 1641 4811 τρόπῳ
1662 4738 1791 4804 τινὶ,

196 4832 402 4895 καθὼς
436 4831 771 4901 ἐδείκνυμεν,
811 4831 1016 4886 τέλειόν
1055 4832 1222 4885 ἐστιν.
1256 4831 1469 4901 Ὥσπερ
1511 4831 1605 4884 καὶ
1641 4830 1793 4884 τουτὶ

193 4926 272 4978 τὸ
330 4925 524 4995 νήπιον
574 4923 777 4977 τέλειον
830 4919 970 4976 εἶναι
1014 4923 1281 4992 λέγομεν,
1322 4923 1380 4975 ἐν
1428 4922 1505 4992 τῷ
1540 4921 1610 4974 τὰ
1649 4921 1790 4992 μέρη

195 5019 401 5073 πάντα
428 5016 525 5085 τῆς
557 5014 808 5086 ὁλότητος
833 5012 1159 5077 ἀποσώζειν.
1194 5013 1358 5067 Πάλιν
1396 5015 1424 5067 ό
1465 5012 1564 5081 μὲν
1592 5011 1793 5082 Κύριος

193 5110 340 5181 οὐχὶ
387 5107 610 5178 Πνεῦμα
665 5108 761 5161 καὶ
811 5108 972 5179 χάριν
1008 5107 1241 5171 δίδωσιν,
1275 5107 1361 5160 ἴνα
1406 5122 1488 5169 τις
1522 5104 1795 5175 περιπέσῃ

194 5203 342 5266 ταῖς
374 5201 688 5272 ἁμαρτίαις·
735 5200 887 5253 αὐτοὶ
924 5199 982 5253 δὲ
1021 5199 1232 5263 ἑαυτοῖς
1269 5200 1432 5252 αίτιοι
1467 5198 1574 5252 τῶν
1611 5195 1794 5252 κακῶν

197 5298 262 5353 οἱ
313 5293 631 5361 ἄνθρωποι,
680 5294 747 5363 τῇ
799 5292 984 5363 χάριτι
1036 5291 1110 5362 μὴ
1155 5291 1514 5363 στοιχοῦντες,
1560 5291 1654 5345 καὶ
1706 5291 1794 5345 διὰ

196 5388 381 5446 τοῦτο
422 5389 537 5450 τοῖς
579 5387 770 5449 κακοῖς
804 5384 1184 5453 ἁλισκόμενοι·
1217 5385 1436 5438 δύναται
1490 5384 1546 5438 δὲ
1589 5385 1687 5437 καὶ
1736 5384 1795 5450 ἐξ

202 5479 375 5534 ἰδίων
421 5475 746 5530 ὀλισθαίνειν
797 5475 891 5528 καὶ
945 5472 1190 5542 φυσικῶν
1241 5474 1270 5527 ό
1321 5474 1602 5545 ἅνθρωπος
1647 5474 1795 5542 λογι-

200 5569 398 5642 σμῶν,
448 5567 687 5638 ἀμελῶν,
724 5566 758 5637 ἦ
794 5566 1151 5637 καταφρονῶν
1176 5608 1188 5630 ,
1228 5565 1259 5636 ἢ
1308 5566 1400 5619 καὶ
1442 5568 1615 5636 οἰήσει
1653 5566 1796 5637 χρώ-

283 5772 332 5801 “
368 5767 544 5825 lCor.
578 5783 665 5833 xv,
696 5768 784 5823 41.
862 5768 902 5798 ⁸⁷
936 5767 953 5820 1
992 5766 1117 5823 Cor.
1154 5782 1264 5832 xm,
1302 5766 1354 5819 8.
1452 5765 1494 5795 ⁸⁸
1524 5762 1656 5817 ibid.
1698 5762 1785 5815 25.

1898 4553 2193 4609 fectionem
2242 4549 2443 4603 trahet.
2494 4543 2719 4609 Quando
2757 4540 2925 4603 enim,
2976 4537 3055 4591 ait
3086 4536 3306 4589 divinus
3335 4534 3477 4601 Apo-

1898 4646 2093 4707 stolus,
2118 4643 2288 4713 [actus
2311 4656 2427 4694 sum
2452 4640 2549 4702 vir,
2584 4635 2830 4689 evacuavi
2862 4646 2978 4703 qua:
2999 4635 3152 4683 erant
3181 4625 3471 4698 parvuli“.

1968 4736 2084 4790 XII.
2121 4732 2279 4801 Quod
2322 4730 2544 4801 quidem
2582 4743 2680 4797 per
2713 4724 2980 4795 Spiritum
3015 4720 3277 4791 gignitur,
3312 4718 3475 4771 modo

1896 4828 2156 4899 quodam,
2197 4833 2257 4879 ut
2290 4821 2653 4884 ostendimus,
2685 4817 2989 4888 perfectum
3030 4822 3136 4868 est.
3189 4811 3343 4865 Sicut
3374 4812 3475 4865 ali-

1897 4935 2060 4990 quem
2109 4915 2438 4971 infantulum
2489 4925 2681 4966 recens
2729 4918 2945 4972 natum,
2992 4921 3093 4961 suo
3144 4904 3307 4958 modo
3355 4917 3477 4957 esse

1900 5008 2203 5081 perfectum
2251 5005 2503 5083 dicimus.
2545 5016 2612 5055 eo
2646 4999 2793 5070 quod
2837 5006 3020 5068 partes
3055 4995 3254 5049 habeat
3284 5006 3477 5047 omnes

1902 5101 2127 5155 humani
2160 5098 2426 5168 corporis.
2471 5095 2691 5149 Rursus
2720 5092 2986 5146 Dominus
3030 5089 3252 5159 quidem
3298 5086 3478 5141 haud-

1900 5208 2175 5264 quaquam
2204 5184 2467 5259 Spiritum
2495 5196 2550 5242 et
2577 5184 2809 5256 gratiam
2832 5182 2945 5247 dat,
2987 5191 3048 5237 ut
3083 5182 3207 5251 quis
3234 5180 3391 5234 cadat
3423 5179 3476 5231 in

1906 5286 2063 5357 183
2113 5291 2365 5355 peccata;
2400 5280 2501 5350 ipsi
2528 5287 2711 5333 autem
2752 5277 3005 5330 homines
3037 5274 3137 5329 sibi
3168 5289 3330 5327 causa
3365 5288 3481 5325 tua-

1904 5380 2080 5445 lorum
2138 5383 2269 5431 sunt
2330 5374 2555 5427 ductum
2609 5370 2914 5425 abnuentes
2970 5367 3190 5439 gratim,
3247 5365 3479 5434 ideoque

1905 5467 2181 5541 illaqueati
2207 5466 2383 5521 malis.
2414 5466 2599 5521 Potest
2625 5471 2804 5517 autem
2832 5477 2897 5515 cx
2924 5459 3161 5530 propriis
3185 5457 3292 5511 labi
3315 5458 3480 5511 etiam

1908 5562 2250 5619 naturalibus
2302 5560 2466 5614 homo
2514 5554 2970 5629 cogitationibus,
3038 5551 3347 5622 negligens,
3394 5549 3479 5605 vel
