4044 6554
240 306 350 372 877

1108 302 1337 364 LIBER
1375 302 1473 363 DE
1510 291 1895 360 PATIEN‘TA
1936 290 2031 351 ET
2070 289 2599 353 DISCRETIONE.

3383 292 3490 356 878

320 425 425 479 lA'.
457 422 578 494 Χρὴ
625 425 847 477 σκοπεῖν
882 417 979 477 κάὶ
1012 421 1342 493 προὸλέπειν
1367 423 1564 492 ἄριστα
1592 419 1690 488 τὴν
1719 416 1819 486 ψυ-

1997 409 2135 466 XIV.
2169 408 2466 466 Attendere
2491 425 2555 466 ac
2578 410 2893 480 prospicere
2915 409 3332 481 diligentissime
3365 413 3489 469 ani-

240 520 374 591 χὴν,
430 518 645 591 μήποτε
685 518 752 589 δὴ
802 517 905 571 κᾶν
970 516 1049 586 τῷ
1099 515 1422 586 βραχυτάτῳ
1463 514 1566 567 ὑπὸ
1598 513 1697 582 τῆς
1723 510 1818 565 τοῦ

242 606 633 676 ἀντικειμένου
686 605 800 676 ἁλῷ
857 605 1161 675 δυνάμεως.
1199 604 1411 675 Ὥσπερ
1435 604 1543 673 γὰρ
1566 602 1683 666 svo;
1718 602 1817 672 μέ-

244 716 381 769 ρους
406 698 545 764 ζώου
582 698 769 767 παγίδι
829 697 1147 769 ληφθέντος,
1178 696 1297 750 ὅλον
1324 698 1534 764 ἀνάγκη
1565 694 1816 764 κάμπτε-

246 792 401 856 σθαι,
455 792 548 846 καὶ
594 792 697 844 ὑπὸ
758 794 877 853 ταῖς
913 790 1021 843 τῶν
1062 789 1407 862 θηρευόντων
1455 787 1640 859 χερσὶν
1669 786 1811 855 γίνε-

243 882 413 937 σθαι·
444 881 587 938 οὕτω
614 881 678 953 δὴ
712 882 805 934 καὶ
846 881 992 951 ψυχῇ
1021 883 1088 934 τὰ
1115 881 1275 950 ὃμοια
1330 878 1648 948 συμϐαίνειν
1674 875 1821 944 παρὰ

240 975 360 1028 τῶν
404 974 613 1045 ἐχθρῶν
667 973 845 1027 εἴωθε.
904 974 1014 1027 Καὶ
1062 972 1219 1026 τοῦτο
1258 972 1415 1040 δῆλον
1454 969 1821 1038 καθίστησινό

246 1065 535 1133 προφήτης
560 1078 574 1092 °
608 1062 838 1132 Παγίδα
877 1062 1006 1133 γὰρ,
1071 1061 1256 1130 φησὶν,
1303 1061 1642 1128 ἡτοίμασαν
1698 1057 1821 1124 τοῖς

247 1154 402 1207 ποσί
427 1171 567 1223 μου,
600 1154 697 1208 καὶ
730 1154 1123 1224 κατέκσμψαν
1150 1152 1264 1220 τὴν
1295 1152 1507 1222 ψυχήν
1526 1168 1667 1220 μου.

327 1243 423 1298 IE’.
458 1245 552 1297 Δεῖ
578 1242 668 1299 τὸν
702 1243 1025 1314 βουλόμενον
1074 1245 1163 1297 διὰ
1208 1243 1310 1314 τῆς
1345 1242 1535 1313 στενῆς
1586 1244 1666 1305 εἰς
1723 1240 1820 1309 τὴν

248 1333 429 1385 οἰκίαν
458 1334 808 1405 τοῦνίσχυροῦ
860 1334 1140 1398 εἰσελθεῖν,
1170 1335 1266 1386 καὶ
1316 1333 1383 1387 τὰ
1429 1331 1598 1401 σκεύη
1654 1329 1818 1384 αὐτοῦ

248 1420 573 1493 διαρπάσαι,
612 1423 687 1495 μὴ
739 1424 978 1477 είδοκεῖν
1033 1422 1299 1492 εὐπαθείᾳ
1352 1422 1638 1493 σώματος’
1701 1420 1818 1474 ἀλλ’

250 1510 683 1583 ἐνδυναμοῦσθαι
730 1513 809 1583 τῷ
854 1512 1046 1583 ἁγαθῷ
1108 1506 1409 1583 Πνεῦματι,
1475 1513 1670 1582 ἔχοντα
1730 1511 1819 1564 διὰ

253 1607 480 1677 μνήμης
526 1607 615 1660 τὸν
664 1608 917 1673 εἰπόντα,
957 1608 1038 1662 ὅτι
1098 1607 1258 1677 Σὰρξ
1297 1608 1394 1661 καί
1449 1601 1592 1676 αἷμα
1631 1605 1818 1671 ,βασι-

247 1695 430 1747 λείαν
457 1696 606 1750 Θεοῦ
639 1698 710 1750 οὐ
743 1697 1293 1767 κληρονομήσουσι.
1339 1697 1463 1760 Πῶς
1507 1697 1564 1750 δὲ
1619 1697 1700 1750 δεῖ
1727 1698 1814 1751 ὲν-

249 1784 640 1855 δυναμωθῆναι
695 1785 1000 1856 πνεύματι;
1051 1787 1130 1857 τῷ
1203 1786 1512 1857 Ἀποστόλῳ
1569 1788 1813 1857 λέγοντι,

244 1874 352 1945 τὴν
410 1876 599 1945 σοφίαν
646 1875 739 1931 τοῦ
793 1877 926 1932 Θεοῦ
975 1879 1187 1949 μωρίαν
1225 1881 1336 1941 τοῖς
1378 1879 1685 1949 ἀνθρώποις
1729 1882 1817 1935 λο-

246 1966 522 2035 γίζεσθαι,
563 1969 924 2039 προσεκτέον’
974 1971 1067 2024 καὶ
1100 1971 1130 2023 ὁ
1164 1973 1439 2042 προφήτες
1471 1974 1525 2025 δέ
1548 1990 1561 2003 ⁸
1613 1969 1815 2035 Εἶδον,

246 2059 404 2125 φησὶ,
433 2059 540 2113 τόν
578 2060 715 2115 Υίὸν
739 2062 845 2116 τοῦ
868 2061 1201 2129 ἀνθρώπου,
1232 2064 1328 2117 καί
1352 2064 1415 2119 τὸ
1444 2060 1601 2130 εἶδος
1631 2063 1817 2118 αὑτοῦ

243 2146 477 2217 ἄτιμον,
509 2151 796 2206 ἐκλεῖπον
821 2153 979 2221 παρὰ
1028 2152 1260 2219 πάντας
1290 2153 1432 2219 τοὺς
1483 2154 1650 2219 υίοὺς
1701 2153 1818 2207 τῶν

242 2237 596 2306 ἀνθρώπων.
629 2243 722 2296 Δεῖ
751 2242 1040 2315 τοιγαροῦν
1079 2246 1171 2298 τὸν
1196 2245 1518 2315 βουλόμενον
1544 2246 1657 2298 υἱὸν
1679 2243 1815 2299 Θεοῦ

241 2329 503 2396 γενέσθαι
553 2332 693 2387 κατὰ
731 2333 792 2386 τὸ
840 2334 1025 2405 ὅμοιον
1074 2336 1475 2404 ταπεινωθῆναι
1522 2336 1812 2406 πρότερον,

242 2420 344 2472 καὶ
374 2420 554 2491 μωρὸν
582 2423 677 2475 καὶ
705 2422 898 2493 ἄτιμον
926 2423 1273 2496 λογισθῆναι·
1307 2426 1381 2495 μὴ
1403 2426 1815 2499 ἀποστρέφοντα

239 2508 310 2560 τὸ
335 2511 624 2579 πρόσωπον
652 2514 759 2567 ἀπὸ
792 2515 1222 2587 ὲμπτυσμάτων,
1255 2516 1330 2588 μὴ
1356 2516 1534 2583 δόξαν,
1573 2520 1649 2588 μὴ
1681 2518 1813 2572 κάλ-

239 2598 338 2663 λος
360 2600 453 2655 τοῦ
486 2603 676 2668 αἰῶνος
708 2606 918 2669 τούτου,
949 2607 1085 2678 μηδὲ
1116 2606 1352 2661 τοιοῦτον
1393 2608 1811 2678 μεταδιώκοντα,

243 2695 328 2764 μὴ
356 2692 546 2765 ἔχοντα
585 2695 689 2749 ποῦ
727 2697 829 2769 τὴν
870 2698 1111 2769 κεφαλὴν
1155 2698 1457 2766 ἀνακλῖναι,
1489 2700 1815 2773 ὀνειδιζόμε-

240 2801 340 2839 νον
378 2787 475 2840 καὶ
520 2786 983 2860 ἑξουθενούμενον,
1015 2791 1112 2845 καὶ
1157 2791 1375 2846 πάντων
1419 2793 1718 2864 παρόραμα
1753 2812 1813 2848 τε

243 2876 342 2929 καὶ
383 2878 759 2951 καταπάτημα
805 2879 1175 2953 λογιζόμενον,
1222 2883 1629 2954 πολεμούμενον
1672 2885 1815 2955 ἀφα-

239 2967 355 3030 νῶς
374 2984 432 3021 τε
457 2970 552 3022 καὶ
584 2972 853 3043 φανερῶς,
887 2974 981 3027 καλ⁵
1008 2977 1074 3045 τῇ
1101 2975 1311 3048 διανοίᾳ
1350 2978 1809 3048 ἁντιμαχόμενον·

1910 518 2065 557 mam
2105 510 2342 573 oportet,
2375 519 2445 558 ne
2478 500 2697 572 quando
2723 502 2810 556 vel
2838 501 3060 556 minima
3106 502 3191 558 sui
3224 512 3378 574 parte
3419 507 3489 562 ab

1920 596 2230 650 adversaria
2254 604 2519 666 potestate
2541 594 2807 667 capiatur.
2833 593 2988 649 Sicut
3019 595 3168 650 enim
3197 595 3491 665 illaqueato

1921 687 2168 757 quolibet
2203 688 2454 744 animalis
2496 687 2765 752 membro,
2811 693 2985 741 totum
3030 686 3231 742 inﬂecti
3264 703 3492 742 necesse

1920 789 2025 844 est,
2068 788 2123 835 et
2157 778 2213 832 in
2249 778 2569 834 venantium
2615 795 2811 834 manus
2848 779 3024 855 cadit;
3075 780 3154 834 sic
3198 789 3254 833 et
3298 780 3493 833 animae

1922 870 2121 925 similia
2158 868 2228 923 ab
2271 870 2524 924 hostibus
2555 870 2875 942 contingere
2907 870 3104 924 solent.
3137 870 3204 925 Et
3230 870 3333 923 hoc
3372 885 3491 922 ma-

1922 961 2119 1017 nifeste
2176 961 2458 1016 denuntiat
2500 960 2805 1030 propheta:
2859 959 3161 1031 Laqueum,
3214 959 3489 1030 inquiens,

1926 1054 2085 1127 184
2134 1062 2456 1127 paraverunt
2508 1053 2723 1125 pedibus
2772 1056 2930 1121 meis,
2984 1064 3033 1110 et
3083 1056 3491 1109 incurvaverunt

1923 1154 2161 1205 animam
2193 1168 2362 1205 meam
2378 1151 2445 1206 θ’.

1991 1243 2107 1299 XV.
2144 1242 2371 1314 Oportet
2408 1244 2681 1301 volentem
2719 1260 2818 1316 per
2851 1252 3142 1315 angustum
3182 1244 3389 1299 aditum
3434 1241 3490 1296 in

1922 1334 2146 1389 domum
2190 1332 2349 1389 fortis
2395 1333 2608 1405 ingredi
2641 1343 2697 1389 et
2740 1349 2867 1388 vasa
2916 1334 3036 1403 ejus
3078 1333 3340 1401 diripere,
3379 1347 3491 1386 non

1924 1427 2206 1498 indulgere
2252 1425 2465 1481 deliciis
2509 1425 2780 1496 corporis,
2826 1424 2920 1479 sed
2955 1423 3305 1479 corroborari
3346 1423 3490 1476 bono

1922 1519 2143 1588 spiritu,
2188 1532 2487 1573 memorem
2516 1518 2655 1589 ejus,
2690 1516 2783 1586 qui
2815 1516 2992 1570 dixit:
3032 1514 3169 1570 Caro
3200 1522 3248 1568 et
3273 1516 3489 1584 sanguis

1922 1626 2139 1680 regnum
2195 1608 2291 1664 Dei
2340 1626 2444 1664 non
2478 1610 2804 1685 possidebunt
2830 1609 2896 1662 °’.
2946 1607 3064 1673 Quo
3104 1617 3287 1661 autem
3326 1606 3490 1660 modo

1925 1702 2075 1757 illum
2116 1708 2334 1771 oportet
2363 1700 2709 1756 corroborari
2736 1700 2977 1770 spiritu?
3005 1698 3061 1755 Si
3088 1699 3334 1753 attendat
3354 1699 3470 1768 Apo

1919 1794 2059 1849 stolo
2081 1790 2324 1847 dicenti:
2359 1790 2451 1846 Dei
2478 1792 2794 1859 sapientiam
2819 1792 3055 1861 reputari
3093 1790 3159 1844 ab
3184 1790 3489 1843 hominibus

1918 1886 2287 1943 stultitiam“.
2346 1883 2448 1939 Cui
2510 1883 2775 1954 prOpheta
2827 1882 3154 1947 concinens,
3203 1882 3329 1935 ait:
3376 1879 3489 1935 Vidi

1915 1976 2109 2031 Filium
2132 1976 2355 2030 hominis
2374 1983 2420 2027 et
2446 1975 2638 2044 species
2655 1974 2767 2043 ejus
2789 1975 3105 2026 inhonorata
3136 1970 3277 2040 infra
3310 1986 3487 2023 omnes

1918 2070 2055 2140 ﬁlios
2108 2068 2461 2123 hominum”.
2511 2064 2743 2135 Oportet
2801 2065 2966 2133 igitur
3015 2078 3164 2129 eum,
3221 2063 3317 2132 qui
3370 2062 3489 2115 vult

1920 2161 2065 2215 [ilius
2095 2159 2193 2213 Dei
2237 2158 2377 2223 ﬁeri,
2408 2157 2565 2227 prius
2586 2155 2838 2210 similiter
2860 2154 3159 2219 humiliari,
3185 2162 3240 2208 et
3258 2154 3487 2209 stultum

1919 2251 2321 2322 ignobilemque
2361 2249 2639 2319 reputari;
2685 2262 2794 2301 non
2832 2253 3175 2300 avertentem
3223 2246 3416 2300 faciem
3456 2261 3485 2299 a

1917 2345 2113 2415 sputis,
2146 2360 2249 2399 nec
2280 2344 2508 2414 gloriam
2531 2356 2634 2397 nec
2661 2340 2915 2397 decorem
2944 2336 3137 2392 mundi
3174 2337 3357 2407 hujus,
3391 2346 3488 2390 aut

1917 2436 2124 2507 aliquid
2173 2436 2349 2490 simile
2398 2441 2860 2505 prosequentem;
2906 2446 3017 2485 non
3068 2430 3361 2486 habentem
3392 2429 3487 2482 ubi

1915 2536 2081 2599 caput
2127 2528 2385 2593 reclinet;
2440 2525 2752 2596 opprobriis
2799 2524 3079 2588 obrutum,
3134 2522 3295 2577 nihili
3327 2521 3486 2575 babi-

1918 2628 2061 2686 tum,
2117 2633 2217 2689 pro
2264 2617 2581 2689 despicabili
2629 2623 2686 2671 et
2742 2614 2905 2685 digno
2953 2614 3047 2683 qui
3101 2613 3171 2669 ab
3230 2613 3489 2668 omnibus

1913 2701 2318 2771 conculcetur,~
2351 2713 3114 2776 reputalum;.oppugnatum
3162 2705 3379 2761 occulte
3424 2718 3489 2758 ac

1913 2803 2111 2872 palam,
2146 2810 2203 2856 et
2229 2808 2411 2855 mente
2440 2800 2835 2866 reluctantem;
2872 2808 2927 2853 et
2955 2806 3087 2853 tunc
3118 2797 3233 2867 ipse
3266 2797 3362 2853 Dei
3394 2798 3487 2851 Fi-

1913 2892 2046 2960 lius;
2088 2893 2223 2964 ipse,
2267 2891 2507 2963 inquam,
2543 2889 2636 2961 qui
2676 2889 2851 2945 dixit:
2886 2889 3194 2943 Inhabitabo
3225 2897 3273 2941 et
3300 2889 3488 2942 ambu-

1915 2985 2033 3040 ίαῡο
2062 2987 2117 3040 in
2143 2985 2282 3039 vobis
2300 2985 2367 3050 “,
2400 2983 2747 3038 manifestum
2781 2996 2839 3037 se
2867 2979 3133 3050 praebebit
3163 2981 3282 3050 ejus
3310 2979 3486 3044 cordi,

240 3061 344 3114 καὶ
386 3062 507 3115 τότε
537 3064 696 3127 αὐτὸς
744 3067 773 3120 6
813 3066 906 3120 τοῦ
952 3067 1089 3121 Θεοῦ
1128 3070 1274 3136 Υίὸς,
1304 3072 1465 3135 αὑτός
1497 3090 1561 3142 γε
1602 3075 1835 3128 είπών·‹

1917 3084 1963 3131 et
1996 3075 2113 3147 ipse
2150 3075 2380 3146 accipiet
2431 3074 2691 3130 virtutem
2732 3080 2788 3127 et
2820 3072 2991 3126 robur
3018 3071 3085 3125 ad
3119 3070 3476 3126 vinciendum

255 3152 584 3220 Ἐνοικήσω
621 3155 719 3209 καὶ
757 3157 1217 3229 ἐμπεριπατήσω
1258 3162 1329 3215 ἐν
1364 3164 1529 3235 ὑμῖν,
1568 3167 1817 3239 ἐμφανὴς

241 3242 403 3297 ἔσται
449 3248 513 3316 τῇ
566 3247 731 3301 αὑτοῦ
783 3250 1001 3322 καρδίᾳ,
1034 3252 1127 3305 καὶ
1174 3252 1407 3322 λήψεται
1456 3255 1694 3327 δύναμιν
1723 3260 1816 3311 καὶ

244 3335 428 3404 ἰσχὺν,
456 3339 596 3392 ὥστε
645 3338 922 3409 δεσμῶσαι
967 3342 1064 3397 τὸν
1120 3344 1361 3415 ίσχυρὸν,
1394 3348 1488 3401 καὶ
1524 3349 1592 3402 τὰ
1642 3349 1813 3419 σκεύη

243 3426 416 3481 αὐτοῦ
455 3427 789 3499 διαρπάσαι·
824 3432 916 3485 ἐπὶ
960 3434 1161 3487 ἀσπίδα
1209 3453 1271 3489 τε
1330 3438 1425 3491 καὶ
1481 3436 1812 3507 βασιλίσκον,

241 3518 344 3571 καὶ
362 3518 545 3572 ἐπάνω
570 3521 845 3592 σκορπίων
873 3523 968 3577 καὶ
999 3525 1173 3595 ὄφεων
1193 3526 1470 3598 ἐπιϐῆναι.

321 3611 439 3677 1G".
474 3610 548 3664 Οὐ
600 3613 793 3683 μικρὸς
829 3616 960 3685 ἡμῖν
993 3616 1142 3684 ἀγὼν
1184 3618 1493 3691 πρόκειται,
1525 3621 1814 3694 διαρρῆξαι

237 3701 339 3756 τὸν
387 3702 634 3759 θάνατον.
664 3706 801 3776 Φησὶ
829 3707 959 3778 γὰρ,
1003 3708 1077 3762 Ἠ
1095 3710 1383 3773 ,βασιλεία
1410 3712 1518 3767 τοῦ
1548 3715 1694 3769 Θεοῦ
1710 3718 1816 3789 ,εν-

239 3790 353 3857 τὸς
399 3791 569 3860 ὑμῶν
619 3795 811 3850 ἐστιν.
850 3796 1176 3867 Εὑρίσκεται
1207 3800 1264 3853 δὲ
1314 3801 1517 3872 τρόπον
1564 3804 1687 3858 τινὰ
1719 3806 1814 3861 καὶ

238 3879 408 3943 αὐτὸς
439 3881 513 3935 ὢν
554 3884 705 3947 ὲντὺς
731 3887 761 3939 ό
793 3884 1045 3957 πολεμῶν
1080 3889 1227 3959 ἡμᾶς
1252 3892 1345 3944 καὶ.
1375 3893 1813 3964 αίχμαλωτίζων.

239 3974 339 4042 Μὴ
377 3969 472 4027 οὖν
515 3975 765 4031 ἑνδιδότω
807 3979 1074 4049 μηδαμῶς
1102 3983 1136 4052 ἡ
1170 3966 1337 4053 ψυχὴ,
1370 3984 1476 4049 ἕως
1519 3985 1585 4041 ἂν
1619 3989 1813 4060 νεκρὸν

238 4065 365 4138 θείη
412 4066 504 4120 τὸν
544 4067 751 4137 ταύτην
794 4070 1264 4141 αίχμαλωτίζοντα
1286 4091 1301 4107 ·
1328 4076 1423 4130 καὶ
1443 4078 1563 4131 τότε
1590 4078 1813 4148 διαφεύ-

238 4157 395 4227 {cat
441 4158 600 4230 ὀδύνη
647 4162 798 4215 πᾶσα
850 4163 945 4217 καὶ
981 4162 1124 4235 λύπη
1156 4166 1251 4221 καὶ
1279 4168 1602 4239 στεναγμὸς,
1634 4170 1723 4223 διὰ
1749 4170 1811 4225 τὸ

237 4252 478 4320 ῥαγῆναι
505 4251 647 4323 ὕδωρ
684 4255 743 4306 ἐν
774 4256 843 4325 τῇ
877 4254 1107 4328 διψώσῃ,
1134 4259 1229 4311 καὶ
1253 4258 1506 4327 γενέσθαι
1552 4262 1651 4333 τὴν
1677 4261 1807 4334 ἐρη-

239 4359 347 4412 μον
368 4343 451 4406 είς
472 4344 672 4415 πλῆθος
703 4347 929 4403 ὑδάτων.

1919 3168 2117 3224 fortem
2163 3178 2219 3223 et
2254 3182 2382 3222 vasa
2409 3168 2529 3238 ejus
2553 3162 2903 3236 diripienda;
2933 3163 3066 3234 quin
3098 3170 3152 3219 et
3187 3163 3253 3220 ad
3292 3163 3486 3219 ambu-

1920 3260 2141 3314 landum
2188 3274 2354 3330 super
2395 3257 2640 3327 aspidem
2662 3266 2719 3311 et
2751 3256 3150 3320 basiliscum",
3189 3263 3247 3312 et
3277 3255 3343 3310 ad
3382 3252 3493 3310 cal-

1920 3350 2155 3407 candum
2185 3365 2352 3423 supra
2386 3351 2703 3420 scorpiones
2722 3355 2779 3403 et
2806 3354 3091 3417 serpentes
3107 3346 3173 3400 ".

1990 3624 2127 3681 XVI.
2176 3624 2294 3679 Non
2341 3638 2567 3694 parvum
2612 3621 2772 3677 nobis
2820 3629 3097 3676 certamen
3144 3620 3486 3690 propositum

1918 3726 2021 3778 est,
2056 3718 2186 3771 dum
2217 3715 2600 3787 perfringenda
2620 3724 2705 3769 est
2732 3728 2900 3766 mors.
2925 3710 3013 3765 Ait
3032 3711 3177 3766 enim
3204 3727 3218 3763 :
3250 3710 3488 3780 Regnum

1920 3806 2016 3862 Dei
2042 3809 2183 3863 intra
2217 3824 2304 3861 vos
2349 3816 2422 3861 est
2445 3807 2523 3871 ";
2554 3805 2628 3859 ita
2658 3803 2930 3872 reperitur
2964 3817 3183 3872 quoque
3214 3801 3357 3855 intra
3387 3814 3490 3855 nos

1920 3896 2083 3951 modo
2115 3896 2373 3966 quodam,
2404 3893 2497 3964 qui
2522 3907 2622 3947 nos
2650 3893 2935 3962 impugnat
2959 3900 3014 3946 et
3045 3891 3289 3963 captivos
3311 3890 3483 3945 ducit.

1916 3986 1996 4040 Ne
2041 3986 2209 4058 igitur
2237 3986 2477 4040 remittat
2512 3992 2769 4040 conatum
2795 3982 2998 4047 anima,
3027 3981 3207 4052 quoad
3239 3982 3484 4036 occisum

1916 4088 2043 4132 ante
2087 4092 2147 4132 se
2175 4077 2429 4132 straverit
2457 4077 2821 4146 captivantem
2856 4089 2936 4129 se.
2973 4074 3042 4129 Et
3082 4084 3213 4129 tunc
3243 4073 3488 4146 aufugiet

1915 4167 2071 4223 dolor
2104 4167 2285 4222 omnis
2320 4175 2378 4222 et
2404 4181 2609 4222 mmror
2638 4173 2696 4221 et
2726 4166 2984 4236 gemitus,
3018 4181 3085 4222 eo
3112 4165 3259 4235 quod
3284 4180 3485 4235 erupe—

1915 4260 1988 4315 rit
2013 4275 2153 4330 aqua
2182 4260 2237 4314 in
2265 4267 2410 4314 terra
2439 4257 2667 4321 sitienti,
2718 4267 2775 4313 et
2820 4258 3100 4314 desertum
3136 4258 3343 4329 stagnis
3371 4258 3484 4329 jam

1911 4368 2177 4423 aquarum
2209 4352 2506 4408 inundetur
2522 4352 2562 4405 '.

311 4437 411 4491 lZ'.
445 4437 607 4509 Ψυχὴ
666 4436 935 4509 ἁλώσιμος
980 4441 1181 4513 ἀκηδίᾳ
1229 4442 1389 4514 δῆλός
1451 4443 1567 4498 ἐστι
1644 4447 1811 4501 κατά-

1985 4444 2145 4500 XVII.
2171 4444 2301 4511 Quae
2324 4442 2482 4497 facile
2507 4441 2716 4495 incuria
2736 4441 2949 4510 capitur
2971 4441 3174 4505 anima,
3201 4439 3488 4494 manifeste

237 4547 432 4601 σχετος
472 4526 607 4584 οὖσα
648 4533 743 4584 καὶ
780 4533 1040 4604 ἀπιστίᾳ’
1078 4536 1172 4589 καὶ
1195 4535 1284 4589 διὰ
1314 4537 1471 4591 τοῦτο
1504 4538 1719 4610 ἡμέραν
1751 4539 1809 4606 ἐξ

233 4622 455 4694 ἡμέρας
497 4622 877 4693 ὑπερϐιϐάξει,
907 4624 998 4678 τὸν
1032 4625 1190 4694 λόγον
1245 4627 1306 4679 οὐ
1342 4628 1604 4700 δεχομένη
1633 4646 1646 4661 ο
1678 4632 1809 4684 ἀνα-

234 4716 435 4783 πτεροῖ
480 4714 535 4768 δὲ
577 4715 776 4786 ἑαυτὴν
812 4717 905 4771 καὶ
937 4716 1169 4789 ὀνείροις
1214 4718 1496 4787 πολλάκις,
1526 4720 1619 4774 τὸν
1660 4721 1810 4786 ἐντὸς

236 4808 318 4876 μὴ
354 4807 690 4861 κατανοοῦσα
717 4809 972 4880 πόλεμον,
1003 4811 1099 4864 ἅτε
1133 4812 1310 4882 οίήσει
1361 4813 1773 4884 κατειλημμένη
1792 4831 1806 4845 ·

230 4899 267 4967 ἠ
300 4896 360 4949 δὲ
385 4897 560 4968 οἴησις
605 4898 853 4970 πύρωσις
886 4901 1002 4953 ἐστι
1048 4901 1148 4970 τῆς
1174 4900 1373 4972 ψυχῆς,
1418 4902 1654 4972 οὐδαμοῦ
1702 4903 1811 4973 ἀφ-

231 4990 386 5043 ιεῖσα
408 4989 507 5059 τὴν
530 4990 729 5062 ἑαυτῆς
758 4990 1041 5046 ἀσθένειαν
1073 4993 1390 5062 ἐπιγνῶναι.

309 5179 417 5232 IH'.
455 5179 665 5250 Ὠσπερ
712 5180 913 5252 βρέφος
958 5182 1204 5249 νεογενὲς
1235 5181 1421 5236 εἰκόνα
1459 5199 1555 5235 του
1597 5183 1807 5237 τελείου

227 5270 493 5335 διασώζει
530 5271 743 5342 ἀνδρὸς,
777 5272 922 5325 οὕτω
949 5272 1013 5341 δὴ
1064 5273 1330 5343 καὶψυχὴ
1376 5274 1538 5327 εἰκών
1577 5275 1662 5338 τίς
1693 5277 1808 5329 ἐστι

220 5362 328 5416 τοῦ
362 5363 725 5431 πεποιηκότος
748 5363 922 5431 αὐτὴν
975 5362 1136 5418 Θεοῦ.
1177 5365 1267 5427 Ὠς
1313 5362 1407 5419 οὖν
1450 5368 1545 5419 καὶ
1597 5366 1808 5420 παιδίον

225 5454 381 5509 κατὰ
415 5454 578 5524 μέρος
609 5455 708 5522 μὲν
732 5454 1099 5525 αὐξανόμενον
1126 5457 1190 5508 ὲκ
1221 5455 1422 5527 μέρους
1453 5457 1808 5525 ἐπιγινώσκει

300 5636 353 5665 ’⁸
392 5634 593 5689 Jorem.
644 5652 793 5699 xvm,
832 5635 921 5690 Ἠ.
1026 5638 1072 5667 ’³
1107 5638 1125 5691 l
1165 5637 1291 5691 Cor.
1337 5654 1423 5702 xv,
1468 5640 1553 5694 50.

220 5721 381 5769 xxvi,
428 5706 509 5761 l2.
583 5707 627 5737 ³⁷
670 5706 808 5760 Psal.
854 5722 936 5771 xc,
981 5709 1064 5760 l5.

1656 5640 1703 5673 9‘
1736 5640 1754 5695 1
1787 5639 1915 5695 Cor.
1949 5656 1987 5699 ι.
2019 5639 2108 5692 25.

1141 5706 1187 5739 ’⁸
1229 5709 1361 5763 Luc.
1400 5726 1450 5773 κ,
1500 5712 1580 5765 19.
1658 5713 1702 5743 θ’
1738 5711 1870 5766 Luc.
1916 5727 2041 5776 xw,
2072 5709 2159 5762 '21.
2243 5708 2256 5738 ¹
2305 5706 2405 5760 lsa.
2458 5721 2613 5769 xxxv,
2660 5705 2716 5767 6,
2757 5705 2807 5758 7.

1910 4543 2200 4600 monstrat,
2245 4533 2635 4589 incredulitate
2666 4532 2922 4587 seruisse
2952 4540 3202 4600 captam:
3248 4546 3313 4585 ac
3356 4546 3487 4600 pro-

1910 4638 2099 4697 pterea
2128 4627 2276 4681 diem
2314 4642 2380 4681 ex
2419 4624 2509 4682 die
2550 4624 2746 4694 ignave
2785 4622 3052 4677 morando
3080 4622 3333 4685 traxisse,
3360 4637 3487 4676 ver-

1909 4718 2041 4773 bum
2091 4716 2282 4772 salutis
2333 4730 2443 4771 non
2502 4714 2883 4784 accipientem.
2941 4713 3092 4768 Alias
3138 4722 3321 4767 autem
3377 4711 3482 4766 sibi

1910 4810 2066 4880 lingit
2098 4808 2355 4864 inanibus
2379 4821 2521 4877 saepe
2553 4805 2781 4861 somniis
2805 4812 2860 4859 et
2896 4819 3007 4858 non
3038 4803 3485 4857 animadvertens

1911 4904 2233 4959 intestinum
2270 4903 2509 4968 bellum;
2567 4909 2778 4971 utpote,
2804 4915 2944 4955 vana
2964 4900 3049 4955 sui
3074 4910 3230 4968 capta
3262 4898 3482 4962 ﬁducia,

1909 5014 2031 5070 qua:
2067 4998 2284 5053 caecitas
2327 4997 2524 5052 animas
2560 5004 2664 5059 est,
2705 5010 2815 5051 non
2856 4995 3044 5050 sinens
3074 4994 3219 5047 illam
3249 4991 3485 5063 pr0pria:

1915 5094 2193 5150 consciam
2225 5090 2560 5145 infirmitatis
2595 5103 2735 5143 esse.

1986 5185 2170 5244 XVIII.
2200 5182 2357 5239 Sicut
2383 5181 2562 5236 infans
2588 5193 2779 5235 recens
2800 5186 2962 5232 natus
2990 5176 3218 5231 formam
3249 5173 3480 5245 perfecti

1915 5286 2099 5334 servat
2128 5276 2255 5341 viri,
2290 5274 2363 5329 ita
2399 5281 2456 5327 et
2493 5270 2674 5325 anima
2721 5270 2899 5339 imago
2945 5268 3193 5338 quaedam
3240 5274 3325 5321 est
3359 5266 3479 5332 Dei,

1914 5370 2009 5439 qui
2032 5366 2162 5422 fecit
2184 5364 2376 5435 ipsam.
2408 5362 2478 5418 Ut
2508 5360 2672 5432 igitur
2695 5358 2898 5413 sensim
2929 5374 3069 5429 puer
3098 5364 3153 5411 et
3173 5371 3270 5426 per
3298 5364 3483 5426 partes

1915 5474 2198 5522 crescens,
2232 5455 2425 5524 incipit
2460 5469 2527 5508 ex
2569 5460 2722 5523 parte
2765 5462 2975 5520 patrem
3017 5462 3347 5521 agnoscere;
3384 5444 3480 5501 ubi

2220 5638 2264 5669 ³⁸
2307 5635 2407 5689 lsa.
2451 5650 2560 5697 un,
2597 5632 2651 5687 Ξ.
2751 5633 2798 5664 ’⁸
2841 5631 2887 5687 ll
2932 5630 3058 5687 Cor.
3098 5646 3170 5692 vr,
3212 5627 3311 5695 l2;
3342 5624 3473 5685 Lev.
