4044 6526
588 335 696 401 879

1866 332 1926 390 S.
1971 331 2209 391 MACAF

2338 330 2624 390 ᾹΞΟΥΡΊῚ
2640 331 2663 389 I
3730 335 3804 396 880

590 465 727 506 vero
758 448 976 521 plenius
1007 449 1330 515 adoleverit,
1372 460 1503 506 tunc
1534 464 1644 503 non
1678 447 1792 502 fere
1825 447 2008 501 minus
2032 446 2181 500 clare
2208 502 2209 505 η

2312 446 2379 499 ιαὶ
2413 446 2505 499 τὸν
2538 449 2783 516 πατέρα·
2820 444 3043 499 ἐπειδὰν
3089 445 3146 499 δὲ
3192 447 3274 511 είς
3318 445 3533 518 ἠλικίαν
3578 446 3805 519 ἀφίκηται.

594 540 713 610 ipse
751 547 986 609 patrem,
1020 555 1186 611 quam
1234 551 1391 611 pater
1430 541 1609 611 ipsum
1654 538 1833 592 noscit
1863 551 1927 591 ac
1960 535 2177 606 diligit;

594 648 661 689 ac
692 633 787 689 tali
828 634 941 705 jam
970 634 1281 690 ostenditur
1315 634 1487 705 patris
1518 633 1811 687 thesaurus
1839 646 1851 683 ε
1893 631 1973 685 sic
2002 631 2183 685 anima

597 739 823 794 quoque
860 734 988 779 ante
1022 725 1451 780 inobedientiam
1483 722 1799 793 profectura
1834 719 2013 775 fuerat
2042 731 2099 776 et
2128 722 2183 776 in

598 815 782 873 virum
833 815 1143 886 perfectum
1192 822 1525 879 oceursura;
1564 813 1661 869 sed
1714 828 1815 883 per
1865 811 2187 867 inobedien-

599 905 732 959 tiam
772 905 827 959 in
867 906 1093 976 pelagus
1134 905 1428 960 oblivionis
1474 914 1531 960 et
1580 906 1635 959 in
1681 904 1939 975 abyssum
1978 903 2187 958 erroris

601 996 864 1066 depressa
894 1004 1006 1061 est;
1038 1004 1205 1067 atque
1239 996 1293 1051 in
1324 997 1501 1068 portis
1528 995 1691 1051 inferi
1715 993 2067 1059 inhabitavit,
2092 994 2186 1048 ubi

601 1088 716 1143 lato
756 1088 907 1143 velut
938 1087 1229 1143 intervallo
1257 1087 1472 1143 distans
1504 1102 1534 1141 a
1566 1086 1679 1141 Deo
1709 1086 1893 1141 anima
1923 1084 2189 1140 accedere

605 1179 673 1234 ad
727 1179 882 1233 illum
928 1179 1158 1250 nequit,
1196 1189 1275 1235 et
1328 1180 1476 1236 clare
1528 1194 1831 1250 agnoscere
1882 1185 2188 1233 creatorem

605 1286 785 1325 suum.
836 1270 908 1327 At
965 1272 1113 1327 Deus
1188 1271 1433 1342 primum
1473 1271 1697 1341 quidem
1746 1286 1846 1341 per
1883 1270 2181 1340 prophetas

605 1371 930 1417 convertere
988 1350 1246 1418 studebat
1285 1363 1350 1418 ad
1408 1380 1466 1419 se
1520 1364 1692 1427 illam,
1730 1372 1785 1417 et
1822 1362 2189 1435 provocabat,

605 1460 774 1523 atque
802 1453 856 1507 in
890 1454 1143 1510 notitiam
1169 1455 1422 1509 trahebat
1443 1454 1547 1510 sui.
1584 1456 1870 1509 Postremo
1891 1454 2193 1509 adveniens

606 1552 665 1599 et
716 1559 899 1601 coram
956 1546 1072 1616 ipse
1123 1559 1413 1614 apparens,
1472 1544 1806 1599 oblivionem
1860 1544 2086 1615 quidem
2141 1547 2193 1600 ei

608 1636 855 1699 abstulit.
886 1653 1138 1693 errorem
1175 1653 1393 1708 quoque
1418 1638 1675 1693 detraxit.
1707 1638 1937 1706 Deinde,
1966 1647 2021 1694 et
2049 1639 2196 1709 ipsas

608 1727 811 1783 inferni
838 1745 1205 1799 perrumpens
1227 1742 1434 1800 portas,
1468 1730 1521 1784 in
1546 1745 1739 1802 vagam
1771 1730 1918 1784 illam
1946 1732 2197 1800 pervenit

2282 535 2403 588 τότε
2443 536 2865 607 σιρνδιατίθεται,
2903 535 3006 607 υίῶ
3036 553 3095 590 τε
3152 536 3336 609 πατὴρ
3366 536 3604 608 ἀκριϐῶς
3625 540 3703 592 καὶ
3727 542 3808 606 υίὸς

2284 629 2473 699 πατρὶ,
2529 628 2976 682 ἀποκαλύπτεται
3025 627 3081 682 δὲ
3136 628 3287 700 αὑτῷ
3344 629 3493 682 καὶὸ
3522 628 3608 683 τοῦ
3656 633 3811 705 πατρὸς

2286 721 2559 792 θησαυρός
2579 737 2593 752 ·
2625 719 2769 775 οὕτω
2791 722 2942 791 καὶὴ
2972 720 3121 791 ψυχὴ
3152 723 3259 792 πρὸ
3294 721 3396 791 τῆς
3433 721 3697 792 παρακοῆς
3722 741 3814 793 πρ)-

2288 813 2511 867 κόπτειν
2556 811 2773 884 ἐμελλε,
2830 814 2925 866 καὶ
2978 815 3058 876 είς
3096 812 3264 880 ἄνδρα
3311 814 3519 867 τέλειον
3566 817 3812 886 καταντᾷν·

2286 906 2373 959 διὰ
2406 906 2587 977 μέντοι
2626 907 2722 959 καὶ
2752 904 3040 975 παρακοὴν
3074 906 3153 969 είς
3182 905 3419 973 πέλαγος
3456 905 3622 975 λήθης
3662 908 3740 961 καὶ
3760 911 3817 972 εἰς

2291 994 2451 1066 βυθὸν
2480 996 2688 1064 πλάνης
2721 994 3116 1063 κατεὸιϐάσθη,
3151 995 3243 1049 καὶ
3272 996 3330 1047 ἐν
3360 995 3559 1059 πύλαις
3581 996 3694 1066 ᾅδου
3720 1016 3817 1051 κατ-

2289 1086 2524 1158 ῴκησεν.
2579 1086 2710 1139 Ἀπὸ
2733 1085 2863 1155 γοῦν
2898 1085 3100 1139 πολλοῦ
3145 1086 3455 1157 καθαπερεὶ
3517 1088 3821 1159 διαστήματος

2296 1178 2669 1249 μακρυνθεῖσα
2690 1176 2783 1231 τοῦ
2824 1178 2962 1233 Θεοῦ
2992 1180 3025 1250 ἡ
3055 1176 3222 1249 ψυχὴ,
3252 1177 3517 1241 ἀδύνατος
3539 1179 3673 1249 αὑτῷ
3698 1198 3819 1250 προσ.

2293 1267 2471 1321 ελθείν
2522 1262 2612 1339 ἦν,
2692 1267 2789 1321 καὶ
2848 1268 3147 1337 ἐπιγνῶναι
3204 1268 3383 1331 καλῶς
3439 1270 3534 1321 τὸν
3582 1270 3823 1328 πλάσαντι.

2308 1361 2447 1414 Ἀλλ’
2479 1361 2507 1413 ὁ
2548 1360 2681 1425 Θεὸς
2710 1360 2905 1432 πρῶτα
2935 1361 3034 1431 μὲν
3079 1360 3167 1415 διὰ
3199 1361 3499 1433 προφητῶν
3554 1363 3827 1433 ἐπέστρεφεν

2296 1452 2469 1522 αὐτὴν
2521 1454 2616 1505 καὶ
2674 1453 3085 1522 προσεκαλεῖτο,
3127 1454 3223 1505 καὶ
3278 1455 3357 1516 εἰς
3406 1454 3691 1521 ἐπίγνωσιν
3721 1450 3828 1511 εἷλκε

2296 1544 2395 1615 τὴν
2427 1542 2644 1597 ἑαυτοῦ.
2684 1545 2953 1614 Ἕσχατον
2998 1544 3056 1598 δέ
3097 1544 3192 1597 καὶ
3222 1544 3387 1607 αὑτὸς
3427 1544 3704 1613 παρελθὼν
3731 1548 3833 1599 ἐκεῖ·

2298 1653 2408 1702 νος,
2454 1636 2708 1707 ἀφείλετο
2747 1637 2844 1707 μὲν
2884 1638 2985 1707 τὴν
3030 1637 3222 1709 λήθην,
3262 1640 3522 1708 ἀφείλετο
3546 1639 3601 1693 δὲ
3630 1638 3715 1708 τὴν
3738 1642 3834 1694 πλά.

2301 1746 2399 1800 νην
2424 1745 2437 1758 '
2468 1724 2588 1783 εἶτα
2623 1730 2717 1783 καὶ
2758 1729 2856 1793 τὰς
2918 1728 3047 1800 ᾅδου
3081 1730 3381 1803 διαρρήξας
3415 1730 3593 1795 πύλας
3645 1732 3725 1782 ἐπὶ
3763 1733 3833 1799 τὴν

607 1820 868 1884 animam,
927 1835 987 1876 se
1044 1821 1225 1892 ipsum
1282 1821 1563 1891 exemplar
1614 1821 1664 1876 ei
1718 1837 2055 1893 proponens,
2105 1836 2203 1891 per

2312 1821 2733 1891 πεπλανημένην
2780 1819 3001 1890 εἰσῆλθε
3061 1820 3262 1892 ψυχὴν,
3330 1821 3529 1874 ἑαυτὸν
3582 1820 3837 1889 ὑπόδειγμα

610 1911 760 1979 quod
788 1911 948 1967 facile
972 1915 1081 1982 jam
1112 1912 1319 1983 poterit
1344 1912 1410 1966 ad
1442 1928 1756 1967 mensuram
1784 1912 1978 1978 artatis,
2002 1928 2200 1982 nempe

618 2004 777 2075 185
816 2004 880 2079 ad
923 2004 1319 2074 perfectionem
1370 2005 1631 2076 Spiritus,
1673 2005 1986 2075 pervenire.
2028 2006 2202 2060 Porro

608 2095 849 2151 Verbum
886 2096 984 2151 Dei
1016 2096 1216 2151 tentari
1248 2112 1278 2152 a
1304 2097 1542 2169 maligno
1575 2098 1761 2152 divina
1791 2097 2200 2167 dispensatione

610 2188 971 2258 permittitur,
984 2188 1182 2245 deinde
1197 2189 1512 2260 opprobria,
1532 2190 1994 2260 contemptiones,
2008 2198 2204 2245 contu-

612 2282 826 2348 melias,
862 2282 1046 2353 alapas
1070 2298 1334 2336 manuum
1365 2281 1656 2336 audacium
1684 2282 1921 2347 illarum,
1952 2290 2007 2337 et
2030 2282 2201 2352 ipsam

612 2382 913 2431 extremam
940 2388 1038 2444 per
1065 2389 1284 2429 crucem
1312 2384 1547 2429 mortem
1592 2375 1847 2440 sustinet,
1880 2374 2201 2439 ostendens,

616 2476 682 2522 ut
737 2466 1011 2531 diximus,
1070 2481 1235 2536 quam
1297 2466 1465 2520 animi
1518 2466 1833 2536 mquitatem
1887 2482 1998 2539 pra:
2041 2466 2205 2521 nobis

618 2558 763 2615 ferre
810 2558 1114 2614 debeamus
1148 2574 1278 2630 erga
1316 2559 1634 2629 opprobriis
1686 2574 1788 2614 nos
1838 2559 2200 2622 incessentes,

614 2659 672 2707 et
727 2650 1129 2721 vilipendentcs
1164 2666 1290 2717 nos,
1321 2658 1417 2706 aut
1446 2658 1679 2705 mortem
1713 2650 1880 2706 etiam
1905 2650 2207 2706 inferentes

617 2742 814 2809 nobis;
863 2751 926 2798 ut
974 2752 1030 2798 et
1082 2742 1186 2814 ipsi
1236 2759 1341 2800 nos
1391 2744 1460 2800 iis
1514 2745 1607 2815 qui
1657 2744 1811 2799 surdi
1865 2753 2014 2811 sunt,
2067 2745 2205 2799 muti

619 2839 817 2897 fiamus
853 2856 966 2895 non
1012 2841 1325 2912 aperientes
1366 2857 1449 2908 os,
1492 2851 1552 2897 ut
1583 2841 1693 2897 vim
1741 2851 1797 2897 et
1843 2843 2207 2899 subtilitatem

619 2934 1019 3003 perspicientes
1076 2934 1329 3001 malitize,
1384 2950 1451 2989 ex
1490 2950 1656 2990 cruce
1693 2935 1783 2990 cui
1823 2934 2000 2989 sufﬁxi
2037 2937 2209 2993 clavis

620 3038 847 3089 sumus;
894 3040 1013 3078 cum
1048 3023 1279 3077 clamore
1316 3022 1530 3078 valido'
1574 3022 1898 3080 invocemus
1935 3040 2085 3091 eum,
2120 3026 2209 3097 qui

2302 1912 2475 1985 ταύτῃ
2509 1912 2765 1982 θέμενος,
2793 1912 2860 1965 δι’
2895 1906 2955 1967 οὗ
2986 1912 3211 1966 δυνατὸν
3264 1913 3403 1984 αὑτῇ
3441 1913 3597 1965 ἔσται
3624 1914 3741 1981 πρὸς
3767 1916 3837 1981 μὲ-

2303 2024 2429 2077 τρον
2466 2005 2681 2076 ἡλικίας
2726 2006 2864 2077 πρὸς
2904 2005 3001 2077 τὴν
3055 2006 3375 2076 τελειότητα
3409 2006 3507 2060 τοῦ
3565 2006 3837 2075 [hminum

2304 2101 2662 2169 καταντῆσαι.
2698 2098 3025 2168 Πειράζεται
3054 2096 3345 2167 τοιγαροῦν
3374 2101 3402 2152 6
3434 2097 3531 2151 τοῦ
3558 2098 3686 2150 Θεοῦ
3711 2100 3839 2165 Λόγος

2306 2191 2445 2261 πρὸς
2480 2190 2576 2243 τοῦ
2627 2191 2867 2261 πονηροῦ
2898 2191 3017 2243 κατ’
3048 2191 3362 2262 οἰκονομίαν
3395 2208 3409 2221 ·
3466 2190 3658 2243 ἔπειτα
3696 2191 3840 2243 ὀνειδι-

2308 2286 2481 2356 σμοὺς
2516 2287 2612 2339 κα)⁵
2638 2283 3041 2351 ἐξουδενώσεις,
3059 2282 3245 2355 ὕϐρεις
3260 2300 3319 2337 τε
3350 2283 3672 2354 ῥαπίσματα
3692 2282 3843 2351 χειρῶν

2305 2380 2531 2433 ἐκείνων
2568 2378 2677 2432 τῶν
2726 2377 3040 2448 τολμηρῶν,
3082 2377 3179 2431 καὶ
3224 2377 3385 2430 αὑτὸν
3430 2375 3659 2446 ἔσχατον
3687 2376 3762 2428 τὸν
3783 2376 3845 2428 δή

2307 2472 2544 2545 σταυροῦ
2581 2472 2813 2527 θάνατον
2862 2469 3147 2541 ὑπομένει,
3195 2470 3543 2533 ὑποδεικνὺς,
3569 2467 3847 2539 1361:2933,-

2310 2586 2431 2639 μεν,
2462 2567 2584 2620 τίνα
2637 2567 2737 2638 τὴν
2776 2565 3016 2620 διάθεσιν
3074 2564 3414 2617 ἐπιδεικτέον
3460 2563 3602 2633 πρός
3655 2578 3712 2628 γε
3757 2562 3845 2621 τοὶς

2305 2659 2684 2722 ὀνειδίζοντας,
2737 2656 3177 2724 ἐξουθενοῦντας,
3230 2656 3264 2725 ἦ
3321 2657 3416 2713 καὶ⁵
3476 2657 3701 2709 θάνατον
3746 2656 3843 2721 tu?!

2308 2755 2649 2823 ἐπάγοντας·
2708 2753 2796 2806 ἵνα
2840 2753 2935 2806 καὶ
2990 2751 3154 2814 αὑτὸς
3216 2751 3330 2813 τοῖς
3373 2748 3500 2802 οὖσι
3557 2749 3745 2815 κωφοῖς
3777 2747 3846 2796 καὶ

2309 2846 2505 2909 ἄλαλος
2529 2846 2758 2915 γένηται
2792 2844 2868 2915 μὴ
2898 2844 3133 2910 ἀνοίγων
3159 2843 3220 2896 τὸ
3259 2841 3458 2912 στόμα,
3505 2841 3592 2893 ἵνα
3613 2839 3703 2909 τὴν
3731 2838 3848 2907 ἐνέρ-

2309 2954 2465 3008 γειαν
2492 2939 2589 2992 καὶ
2643 2937 2950 3005 λεπτότητα
2992 2935 3303 2990 διαϐλέπων
3344 2934 3445 3003 τῆς
3491 2928 3852 3001 πονηρίας,ιιὶ

2310 3035 2385 3097 ὡς
2417 3036 2476 3087 ἐν
2509 3031 2730 3102 σταυρῷ
2762 3032 2875 3094 τοῖς
2910 3029 3063 3099 ἦλοις
3087 3026 3525 3098 ἐμπεπαρμένος
3550 3024 3695 3094 μετὰ
3719 3039 3855 3090 κραυο

622 3124 788 3187 potest
828 3132 921 3171 nos
963 3115 1138 3171 salvos
1185 3116 1359 3185 facere
1393 3133 1424 3170 a
1457 3124 1658 3179 morte;
1696 3116 2088 3187 dicamusque:
2132 3118 2209 3172 Ab

2312 3127 2426 3197 τῆς
2457 3124 2714 3194 ἰσχυρᾶς
2740 3124 3002 3192 βοήσειε,
3023 3122 3175 3190 πρὸς
3202 3121 3311 3175 τὸν
3337 3118 3681 3188 δυνάμενον
3714 3114 3855 3168 αὑτὸν

624 3206 841 3265 occultis
887 3208 1014 3263 meis
1064 3206 1263 3261 munda
1312 3221 1433 3260 me:
1481 3216 1569 3271 et,
1622 3204 1679 3260 Si
1724 3208 1822 3260 mei
1864 3223 1968 3259 non
2014 3206 2209 3276 fuerint

2312 3222 2617 3290 ῥύσασθαι
2663 3217 2770 3272 τοῦ
2824 3214 3107 3279 θανάτου,
3140 3214 3256 3276 καὶ,
3294 3212 3440 3267 Ἀπὸ
3474 3209 3597 3264 τῶν
3644 3208 3859 3278 κρυφίων

625 3302 916 3367 dominati,
977 3312 1101 3357 tunc
1164 3302 1542 3357 immaculatus
1599 3318 1688 3356 ero
1731 3303 1773 3356 ³.
1835 3303 1993 3357 Tunc
2048 3301 2209 3373 igitur

2312 3332 2450 3385 μου,
2487 3311 2643 3382 φαίη,
2684 3307 3018 3377 καθάρισόν
3040 3323 3142 3375 με·
3177 3306 3293 3371 καὶ,
3363 3304 3512 3359 Ἐὰν
3536 3303 3621 3373 μή
3666 3318 3770 3370 μου
3787 3316 3860 3351 m-

628 3392 1017 3448 immaculatus
1059 3391 1268 3459 factus,
1304 3392 1517 3447 invenit
1552 3409 1690 3458 eum,
1724 3394 1812 3463 qui
1851 3394 2070 3464 subjecit
2114 3395 2209 3463 ipsi

2316 3406 2780 3475 τακυριεύσωσι,
2839 3402 2973 3454 τότε
3015 3398 3255 3469 ἄμωμος
3300 3398 3548 3466 ἔσομαι.
3600 3396 3726 3448 Τότε
3766 3391 3861 3461 γοῦν

630 3489 811 3541 omnia
836 3486 876 3552 ⁸,
908 3494 964 3540 et
993 3497 1293 3557 conregnat
1325 3495 1381 3541 et
1423 3486 1835 3556 conrcquiescit
1883 3502 2007 3541 cum
2053 3486 2209 3542 Chri-

2317 3500 2548 3567 ἄμωμος
2582 3493 2825 3564 γεγονὼς
2852 3492 3098 3562 εὑρίσκει
3147 3489 3238 3543 τὸν
3289 3487 3639 3552 ὑποτάξαντα
3663 3484 3791 3555 αὑτῷ
3814 3484 3861 3535 τὰ

629 3588 737 3637 sto.
782 3581 1002 3635 Etenim
1054 3594 1157 3650 per
1196 3580 1631 3635 inobedientiam
1667 3595 1697 3634 a
1738 3580 2120 3634 materialibus
2162 3588 2259 3655 et,

629 3672 872 3729 sordidis
897 3673 1159 3744 absorpta
1189 3672 1642 3745 cogitationibus,
1682 3674 1833 3727 velut
1881 3671 2219 3727 irrationalis

630 3767 776 3823 facta
819 3766 1002 3823 fuerat
1040 3768 1246 3832 anima,
1297 3766 1437 3821 adeo
1472 3775 1533 3822 ut
1567 3781 1673 3823 non
1722 3766 1877 3836 parvi
1928 3765 2133 3819 laboris
2167 3763 2219 3819 ei

631 3856 700 3917 sit
737 3872 805 3913 ex
838 3866 989 3911 tanto
1022 3858 1139 3911 luto
1167 3856 1381 3911 vultum
1415 3871 1636 3911 sursum
1680 3855 1916 3925 erigere,
1952 3871 2016 3909 ac
2042 3855 2219 3911 subti-

632 3950 843 4005 litatem
879 3950 1103 4007 malitiae
1145 3949 1444 4005 observare
1486 3956 1545 4004 et
1585 3947 1949 4020 perfringere,
1991 3956 2051 4002 ut
2094 3964 2221 4002 cum

634 4050 819 4099 mente
845 4050 1047 4097 acterna
1076 4042 1520 4098 commisceatur.

706 4225 849 4281 XIX.
885 4226 941 4281 Si
977 4229 1058 4283 vis
1090 4228 1272 4283 redire
1300 4228 1368 4283 ad
1399 4238 1451 4283 te
1480 4229 1683 4299 ipsum,
1719 4230 1907 4294 homo,
1951 4238 2008 4285 et
2058 4245 2223 4299 quam

638 4317 795 4385 prius
821 4318 1062 4373 habebas
1098 4320 1327 4388 gloriam
1358 4336 1661 4387 resumere,
1691 4339 1813 4392 quae
1853 4323 1953 4377 tibi
2003 4323 2074 4377 ob
2102 4323 2227 4378 ino-

571 4478 578 4485 ,
640 4409 975 4465 bedientiam
1009 4412 1202 4481 periit;
1225 4413 1370 4467 sicut
1390 4414 1658 4484 neglectis
1683 4416 1838 4485 prius
1871 4415 1967 4470 Dei
1994 4416 2224 4470 manda-

2318 3591 2520 3654 πάντα,
2580 3588 2677 3641 καὶ
2733 3582 3126 3656 ωμόασιλεύει
3180 3583 3275 3637 καὶ
3327 3579 3769 3636 συναναπαύεται
3805 3576 3859 3644 τῷ

2317 3680 2560 3753 Χριστῷ.
2594 3678 2705 3733 Καὶ
2738 3677 2848 3747 γὰρ
2877 3676 2967 3729 διὰ
2995 3676 3093 3745 τὴν
3128 3673 3417 3744 παρακοήν
3463 3672 3576 3725 ὑπὸ
3630 3668 3862 3723 ὑλικῶντε

2321 3773 2416 3829 καὶ
2446 3771 2710 3844 ῥυπαρῶν
2753 3768 3133 3824 καταποθεϊσα
3177 3766 3456 3836 λογισμῶν
3504 3763 3670 3817 οἱονεὶ
3716 3762 3865 3827 ἄλογος

2321 3867 2546 3936 γέγονεν
2568 3867 2601 3936 ἠ
2632 3864 2778 3934 ψυχή
2805 3879 2819 3894 °
2854 3862 2997 3916 ὥστε
3022 3861 3083 3914 ού
3108 3858 3306 3930 μικροῦ
3332 3859 3501 3912 πόνου
3535 3857 3635 3925 τῆς
3660 3856 3864 3918 τοιαύτης

2322 3957 2599 4027 ἀνακύψαι
2633 3955 2789 4025 ῦλης,
2823 3952 2927 4007 κατ
2947 3953 3047 4023 τὴν
3100 3951 3408 4020 λεπτότητα
3446 3947 3774 4015 κατανοῆσαι
3798 3944 3866 4009 τῆς

2324 4050 2618 4122 πονηρίας,
2650 4048 2749 4102 καὶ
2800 4045 3052 4111 διελθεῖν,
3094 4044 3180 4097 ἵνα
3233 4042 3331 4096 καὶ
3374 4042 3610 4112 ἀνάρχῳ
3661 4039 3735 4094 νοῒ
3774 4053 3866 4101 συῒ·

2325 4144 2525 4217 κραθῆ-

2400 4238 2501 4293 ιθο.
2526 4236 2587 4290 Εἰ
2618 4235 2796 4307 βούλει
2824 4231 3142 4286 ἐπανελθεῖν
3162 4231 3243 4293 είς
3267 4228 3458 4283 ἐαυτὸν
3483 4227 3785 4298 ἄνθρωπον,
3801 4222 3865 4275 καὶ

2327 4334 2394 4405 ἢν
2426 4329 2616 4400 πρώην
2644 4325 2788 4398 εἶχες
2818 4325 2977 4391 δόξαν
3013 4323 3330 4384 ἀναλαϐεῖν,
3383 4323 3512 4391 ἦτις
3550 4321 3659 4391 ἄρα
3712 4316 3867 4371 cons:

2330 4428 2393 4480 ἐκ
2420 4422 2710 4494 παρακοῆς
2762 4416 3158 4490 παραπώλετο“
3189 4416 3267 4479 ὡς
3306 4412 3613 4485 ἠμεληκὼς
3656 4412 3868 4481 πρότερον

647 4501 739 4565 tis,
768 4500 946 4557 hostis
974 4511 1032 4557 et
1062 4503 1352 4573 praeceptis
1380 4513 1437 4559 et
1491 4506 1741 4561 consiliis
1794 4508 2110 4575 attendisti;
2148 4508 2209 4563 sit

2333 4516 2423 4571 τοῦ
2455 4515 2591 4570 Θεοῦ
2646 4511 2899 4574 ἐντολῶν,
2934 4514 3049 4574 τοῖς
3086 4506 3182 4561 τοῦ
3234 4505 3431 4577 ἐχθροῦ
3453 4505 3782 4573 διατάγμασι
3803 4502 3869 4551 tu".

643 4610 795 4650 nunc
821 4596 889 4650 ab
923 4596 1029 4650 hoc
1060 4596 1345 4662 deficiens,
1367 4598 1456 4651 cui
1484 4598 1957 4669 obtemperavisti,
1991 4617 2224 4656 conver-

645 4698 764 4744 tere
792 4688 861 4743 ad
892 4689 1206 4745 Dominum.
1242 4689 1515 4746 Caeterum
1552 4691 1713 4757 scito,
1744 4691 1800 4746 in
1833 4692 2007 4747 multo
2036 4694 2227 4750 labore

642 4789 701 4835 et
729 4778 929 4835 sudore
947 4781 1132 4835 vultus
1150 4781 1227 4835 tui
1260 4793 1617 4851 recepturum
1644 4793 1698 4837 te
1720 4782 2043 4838 thesaurum
2064 4785 2229 4841 amis-

644 4889 767 4927 sum
808 4880 986 4927 tuum.
1004 4873 1125 4927 Non
1147 4874 1295 4927 enim
1323 4874 1387 4927 ad
1420 4874 1662 4929 rationes
1683 4875 2090 4930 accommodata
2108 4886 2228 4931 tuas

646 4975 731 5020 est
752 4966 872 5020 sine
904 4965 1093 5021 labore
1125 4965 1254 5021 boni
1290 4966 1619 5035 acquisitio;
1651 4966 1923 5037 siquidem
1949 4983 2072 5036 qua:
2109 4970 2228 5024 sine

647 5056 837 5112 labore
860 5056 1143 5127 accepisti,
1192 5057 1505 5127 perdidisti,
1548 5057 1804 5128 hostique
1848 5059 2228 5115 hazreditatcm

649 5162 801 5207 tuam
836 5153 1151 5223 prodidisti.
1184 5153 1661 5225 Recognoscamus
1696 5171 1827 5224 ergo
1852 5171 1950 5224 pro
1989 5171 2049 5209 se
2078 5156 2230 5225 quis-

648 5262 760 5316 que
788 5246 920 5315 quid
950 5245 1167 5300 tandem
1204 5246 1258 5300 id
1310 5262 1375 5302 ac
1424 5258 1691 5317 quantum
1722 5249 1795 5303 sit
1850 5248 1997 5318 quod
2043 5249 2232 5305 amisi-

655 5354 816 5394 mus:
858 5339 1148 5394 etinctum
1179 5355 1521 5396 assumamus
1551 5342 1830 5412 prophetae
1864 5358 1877 5394 :
1912 5342 2046 5396 Vere
2067 5342 2233 5410 ;enim

653 5429 951 5485 Hereditas
980 5442 1160 5485 nostra
1191 5448 1339 5486 versa
1367 5440 1443 5487 est
1469 5434 1539 5487 ad
1570 5433 1804 5499 alienos;
1840 5433 2025 5489 domus
2058 5443 2235 5488 nostra

655 5520 726 5573 ad
756 5529 1032 5575 extraneos
1059 5523 1101 5575 ⁸.
1122 5521 1199 5576 Eo
1224 5521 1370 5591 quod
1395 5537 1504 5576 non
1524 5521 1867 5576 audierimus
1892 5521 2236 5589 mandatum;

657 5618 713 5665 et
753 5611 994 5681 propriis
1026 5612 1403 5668 voluntatibus
1432 5615 1722 5679 obsecuti;
1765 5614 2026 5686 quodque
2059 5623 2235 5670 terre-

2336 4613 2399 4680 τῇ
2429 4608 2708 4680 συμὸουλῇ
2740 4605 3067 4677 προσέσχες,
3089 4602 3262 4664 οὑτως
3291 4600 3385 4653 νῦν
3428 4599 3682 4661 ἀποστὰς
3714 4592 3767 4649 οὗ
3803 4597 3869 4645 ἐπα

2335 4705 2597 4773 ήκουσας,
2621 4698 2953 4771 ὲπιτράφηθι
2982 4696 3118 4768 πρὸς
3147 4695 3239 4748 τὸν
3272 4694 3477 4764 Κύριον
3495 4706 3511 4720 ·
3536 4692 3677 4759 πλὴν
3704 4688 3794 4742 ἴσθι
3817 4686 3872 4737 ὃτι

2334 4796 2391 4846 ἐν
2421 4788 2600 4858 πολλῷ
2630 4790 2786 4859 κόπῳ
2811 4788 2908 4841 καὶ
2938 4785 3144 4857 ἱδρῶτι,
3180 4785 3336 4855 φησὶ,
3362 4781 3459 4835 τοῦ
3501 4782 3783 4852 προσώπου
3810 4792 3872 4825 σω

2333 4883 2587 4954 ἀπολήψῃ
2625 4882 2715 4935 τὸν
2748 4879 2978 4933 πλοῦτόν
3009 4893 3137 4931 σου·
3179 4876 3241 4929 οὑ
3298 4876 3409 4945 γάρ
3453 4891 3541 4926 σοι
3588 4869 3872 4931 λυσιτελῆςῄ

2333 4979 2427 5033 τοῦ
2449 4976 2655 5045 ἀγαθοῦ
2686 4976 2884 5035 ἄπονος
2911 4972 3105 5041 κτῆσις
3134 4986 3147 5000 ⁸
3181 4969 3415 5038 ἐπείπερ
3464 4967 3704 5033 ἀπονητὶ
3741 4961 3871 5014 me.

2333 5069 2623 5131 ἀπώλεσας
2659 5066 2801 5134 ἆπερ
2832 5062 3083 5132 εἴληφας,
3131 5061 3226 5113 καὶ
3254 5058 3333 5128 τῷ
3380 5057 3569 5127 ἐχθρῷ
3610 5053 3875 5125 προὺδωυς

2334 5164 2431 5234 τὴν
2466 5159 2833 5231 κληρονομίαν
2863 5175 2958 5210 σου
2975 5174 2989 5188 ο
3019 5154 3334 5223 ἐπιγνῶμεν
3359 5150 3451 5203 οὖν
3472 5151 3712 5209 ἕκαστος
3734 5148 3876 5197 tim:

2335 5256 2398 5326 δὴ
2415 5254 2801 5321 ἀπωλέσαμεν,
2833 5249 2924 5302 καὶ⁸
2950 5246 3041 5300 τὸν
3071 5246 3266 5317 θρῆνον
3287 5243 3652 5312 ἁναλάὗωμεν
3678 5238 3761 5291 τοῦ
3783 5251 3879 5302 προσ

2337 5343 2538 5413 φήτου·
2575 5339 2652 5409 τῷ
2674 5338 2788 5392 ὄντι
2818 5336 2927 5408 γὰρ
2948 5334 3330 5403 Κληρονομία
3352 5331 3526 5400 ἡμῶν
3548 5327 3877 5395 χατεστμὲγη

2336 5433 2683 5502 ἀλλοτρίοις
2701 5470 2714 5494 ,
2740 5430 2838 5484 καὶ
2879 5431 2911 5483 ό
2938 5425 3101 5494 οἶκος
3135 5426 3303 5495 ἡμῶν
3329 5420 3535 5490 ξένοις
3558 5441 3574 5455 ·
3626 5423 3701 5492 τῷ
3739 5434 3877 5487 παραυ

2342 5523 2522 5577 κούειν
2554 5523 2649 5593 τῆς
2668 5521 2887 5589 ἐντολῆς
2908 5519 3001 5572 καὶ
3030 5520 3141 5580 τοῖς
3171 5516 3381 5570 ἑαυτῶν
3401 5515 3710 5584 θελήματιν
3731 5512 3878 5564 εἴκειν.

2340 5618 2435 5671 καὶ
2464 5619 2576 5681 τοῖς
2627 5616 2895 5685 ῥυπαροῖς
2938 5610 3033 5666 καὶ
3061 5610 3270 5682 γηῖνοις
3296 5606 3589 5679 ἐνήδεσθαι
3614 5602 3879 5676 λογισμάϊ

730 5791 751 5824 ⁸
782 5787 949 5846 Hebr.
991 5809 1043 5858 v,
1089 5794 1139 5848 7.
1216 5795 1234 5825 ³
1278 5795 1420 5850 Psal.
1457 5812 1607 5863 mn,
1659 5796 1737 5850 l3.
1820 5796 1835 5828 ³
1876 5797 1894 5851 I
1931 5797 2057 5853 Cur.
2102 5813 2193 5864 xv,
2235 5798 2323 5852 ‘27.
2400 5799 2419 5829 ⁸
2463 5796 2667 5851 Tbrcn.
2708 5812 2755 5863 v,
2787 5794 2841 5849 ἓ.
