4044 6568
328 341 432 407 881

1175 354 1407 415 LIBER
1446 355 1544 416 DE
1581 317 1990 417 ΡᾹΤΙΕΝΤΙΑ
2028 355 2124 416 ET
2163 355 2692 421 DISCRETIONE.

3470 355 3574 421 882

326 462 468 517 ὥστε
489 463 585 517 καὶ
609 462 790 534 πολλῷ
814 463 1142 537 διαστήματι
1170 470 1292 524 τότε
1322 473 1517 544 ἀπέχει
1553 475 1709 546 ἡμῶν
1737 474 1891 546 ἡψυ-

2003 473 2080 527 nis
2113 481 2170 528 et
2200 472 2440 528 sordidis
2481 472 2908 547 cogitationibus
2950 473 3209 530 delectati
3263 471 3568 540 fuerimus;

326 556 398 626 χὴ
429 555 536 608 ἀπὸ
561 555 652 609 τοῦ
679 556 814 610 Θεοῦ
831 573 845 588 ⁸
868 557 942 620 ὡς
963 561 1056 612 καὶ
1077 561 1326 632 ὀρφανοῖς
1349 566 1606 636 ἐοίκαμεν
1629 569 1703 639 μὴ
1715 568 1896 638 ἔχουσι

331 647 574 717 πατέρα’
607 640 759 714 ᾧτινι
809 644 901 703 οῦν
948 649 1098 719 μέλει
1143 653 1273 719 περὶ
1315 653 1512 725 ψυχῆς,
1568 658 1896 725 ἀγωνιστέον

325 736 498 806 ὁπόση
533 735 763 808 δύναμις
823 739 1105 811 καθαίρειν
1139 741 1434 814 λογισμοὺς
1482 751 1772 819 πονηροὺς,
1803 751 1897 806 καὶ

328 825 453 882 πᾶν
473 827 689 896 ὕψωμα
721 830 1115 901 ἐπαιρόμενον
1133 835 1284 889 κατὰ
1325 836 1438 906 τῆς
1483 840 1758 908 γνώσεως
1789 844 1896 900 τοῦ

331 918 482 972 Θεοῦ
500 937 516 952 ο
553 920 647 972 καὶ
676 920 820 975 οὕτω
847 922 1180 992 βιαζομένων
1219 926 1310 980 τὸν
1339 928 1465 980 ναὸν
1485 928 1580 982 τοῦ
1614 929 1749 984 Θεοῦ
1793 951 1896 1004 τη-

329 1012 440 1080 ρεῖν
479 1010 726 1079 ἄσπιλον,
783 1013 906 1066 τότε
950 1012 1167 1086 ἔρχεται
1204 1019 1233 1070 ό
1258 1017 1724 1091 ἐπαγγειλάμενος
1758 1025 1895 1077 ἐνοι-

326 1103 492 1173 κῆσαι
532 1103 627 1157 καὶ
687 1103 1138 1176 ἐμπεριπατῆσαι
1167 1109 1225 1161 ἐν
1272 1109 1405 1179 ἡμῖν
1427 1127 1441 1140 ·
1477 1113 1571 1164 καὶ
1597 1111 1718 1165 τότε
1756 1115 1893 1168 ἁπο-

326 1192 591 1262 λαμϐάνει
623 1193 718 1246 καὶ
737 1193 836 1263 τὴν
862 1193 1064 1264 ἑαυτῆς
1097 1195 1460 1268 κληρονομίαν
1511 1201 1544 1270 ἡ
1605 1199 1773 1272 ψυχὴ,
1807 1205 1899 1258 καὶ

325 1283 453 1345 ναὸς
486 1281 620 1336 Θεοῦ
671 1283 926 1352 γενέσθαι
966 1287 1340 1354 καταξιοῦται.
1377 1289 1548 1354 Αὐτὸς
1604 1291 1712 1362 γὰρ
1742 1285 1897 1360 οὗτος

325 1371 474 1443 αὐτῷ
498 1373 868 1445 στρατεύματι
907 1377 998 1430 τὸν
1038 1378 1271 1450 πονηρὸν
1309 1380 1592 1448 ἐκδιώξας,
1623 1384 1683 1437 τὸ
1711 1385 1895 1440 λοιπὸν

249 1482 261 1492 ί
326 1466 386 1518 ἐν
417 1464 547 1531 ἡμῖν
582 1461 908 1532 βασιλεύσει.

2002 574 2065 619 ut
2097 563 2236 618 adeo
2275 564 2435 636 longa
2468 581 2598 620 sane
2650 574 2781 621 tunc
2833 565 3093 620 distantia
3123 565 3343 620 abesset
3384 581 3414 620 a
3460 564 3575 619 Deo

2002 655 2183 710 anima
2207 666 2426 723 nostra;
2459 668 2514 711 et
2549 656 2833 711 assimilati
2864 657 3129 726 orphanis
3161 656 3334 710 simus
3363 667 3577 724 patrem

2001 761 2115 802 non
2148 746 2497 803 habentibus.
2525 747 2628 804 Cui
2659 764 2788 820 ergo
2810 763 2956 803 curae
2981 757 3062 803 est
3103 749 3307 812 anima,
3337 747 3466 800 huic
3490 755 3578 801 to-

2006 839 2075 896 tis
2098 839 2540 895 contendendum
2574 841 2784 896 viribus
2837 851 2922 896 est
2968 841 3037 894 ad
3082 839 3333 894 funditus
3379 838 3579 893 exstir‘
3683 908 3695 916 ‘

2003 930 2454 1000 pandasemente
2476 948 2571 986 sua
2601 948 2798 1002 pravas
2835 933 3225 1003 cogitationes;
3270 939 3326 985 et
3370 944 3577 983 omnem

2003 1021 2343 1076 altitudinem
2382 1021 2716 1078 extollentem
2745 1041 2800 1078 se
2844 1025 3092 1078 adversus
3117 1023 3393 1078 scientiam
3421 1021 3517 1076 Dei
3531 1021 3573 1075 ⁸.

2001 1112 2232 1180 Quando
2261 1115 2409 1169 enim
2442 1117 2516 1171 ita
2544 1116 2704 1172 nobis
2737 1117 2840 1186 ipsi
2857 1117 2970 1171 vim
3003 1116 3324 1182 inferemus,
3347 1114 3413 1169 ad
3443 1123 3580 1168 tem-

1997 1204 2149 1274 plum
2191 1206 2286 1260 Dei
2345 1208 2796 1262 custodiendum'
2828 1223 3027 1278 expers
3087 1206 3268 1262 omnis
3317 1206 3574 1268 maculae,
3665 1204 3670 1210 ’

1999 1303 2132 1351 tunc
2162 1298 2349 1353 veniet
2381 1299 2450 1353 ad
2477 1314 2578 1354 nos
2614 1299 2708 1369 qui
2738 1300 2994 1370 promisit
3021 1314 3082 1356 se
3120 1300 3502 1354 habitaturum
3520 1303 3578 1349 et

1996 1387 2404 1444 ambulaturum
2434 1389 2489 1443 in
2523 1390 2706 1445 nobis.
2746 1390 2812 1444 Et
2853 1397 2984 1444 tunc
3032 1398 3276 1445 resumet
3317 1388 3576 1442 amissam

1995 1478 2372 1534 hiereditatem
2431 1497 2582 1535 suam
2639 1482 2844 1547 anima,
2874 1492 2930 1536 et
2982 1482 3247 1550 templum
3305 1479 3404 1534 Dei
3459 1476 3574 1532 ﬁeri

327 1552 493 1622 digna
521 1553 835 1608 habebitur.
870 1554 990 1624 Ipse
1025 1556 1170 1611 enim
1198 1558 1251 1614 in
1281 1557 1462 1630 fugam
1494 1562 1720 1633 ejiciens
1752 1581 1876 1621 cum
1896 1569 2139 1624 exercitu
2177 1569 2496 1640 malignum,
2519 1571 2587 1626 de
2614 1581 2819 1626 caetero
2844 1571 2899 1624 in
2932 1571 3093 1625 nobis
3119 1568 3390 1640 regnabit.

399 1647 485 1699 K'.
526 1644 586 1697 '0
606 1646 682 1715 τῷ
712 1646 850 1701 Καῒν
904 1648 1090 1718 ῥηθεὶς
1120 1651 1224 1703 ὑπὸ
1254 1653 1347 1706 τοῦ
1382 1657 1728 1727 Δημιουργοῦ
1758 1662 1896 1713 κατά

326 1736 388 1791 τὸ
425 1739 655 1809 φανερὸν
680 1738 855 1808 λόγος.
885 1741 1118 1796 Στένων
1151 1744 1248 1798 καὶ
1275 1746 1502 1815 τρέμων
1535 1750 1632 1802 καί
1661 1752 1896 1805 παλλό-

319 1846 507 1898 μενος
534 1829 630 1884 ἐπὶ
651 1829 760 1898 τῆς
782 1831 895 1901 γῆς
909 1833 1044 1902 ἔσῃ,
1076 1833 1246 1899 τύπος
1263 1854 1348 1900 τις
1376 1838 1471 1892 καὶ
1490 1839 1651 1894 εἰκὼν
1683 1843 1898 1896 πάντων

327 1921 668 1991 ἁμαρτωλῶν
709 1924 850 1977 κατὰ
884 1923 944 1977 τὸ
981 1926 1291 1998 ἀπόρρητον
1338 1924 1425 1999 ἦν.
1468 1930 1625 1985 Οὕτω
1679 1932 1788 2003 γὰρ
1839 1934 1898 1986 τὸ

325 2013 424 2066 τοῦ
466 2013 632 2084 Ἀδὰμ
662 2014 817 2082 γένος
840 2017 940 2085 τῆς
964 2018 1183 2087 ἐντολῆς
1202 2021 1453 2086 ἐκπεσὸν,
1478 2023 1573 2074 καὶ
1601 2025 1899 2092 ἁμαρτίαις

326 2103 513 2174 ἔνοχον
536 2106 759 2172 γεγονὸς
793 2106 1080 2161 σαλεύεται
1107 2108 1388 2180 λογισμοῖς
1425 2114 1700 2176 ἀστάτοις,
1733 2117 1898 2185 φόϐου

325 2211 388 2247 τε
424 2195 518 2249 καὶ
551 2195 751 2259 δειλίας
780 2199 875 2251 καὶ
906 2201 1152 2270 ταραχῆς
1176 2201 1550 2272 πληρούμενον
1573 2219 1586 2233 ·
1639 2206 1803 2258 αὐτοῦ
1837 2225 1896 2261 τε

325 2287 422 2341 τοῦ
479 2288 674 2360 ἐχθροῦ
705 2289 1022 2360 ἐπιθυμίαις
1043 2293 1137 2344 καὶ
1165 2293 1377 2363 ἡδοναῖς
1405 2296 1676 2360 ποικίλαις
1716 2300 1897 2351 πᾶσαν

323 2377 528 2449 ψυχὴν,
563 2380 662 2448 τὴν
687 2379 762 2450 μὴ
791 2381 1194 2452 γεγεννημένην
1229 2386 1294 2436 ἐκ
1339 2384 1433 2438 τοῦ
1463 2386 1618 2453 Θεοῦ,
1640 2388 1896 2442 κλυδωνί·

325 2470 533 2534 ζοντος,
573 2472 668 2526 καὶ
701 2474 776 2536 ὡς
834 2476 978 2528 σῖτον
1008 2475 1115 2528 τινὶ
1162 2475 1314 2546 σινίῳ
1368 2480 1786 2550 ἐνστρέφοντος·
1835 2484 1895 2536 ού

326 2561 437 2633 μὴν
463 2561 596 2616 ἀλλὰ
647 2563 739 2617 καὶ¹
787 2565 949 2630 αὐτὸς
996 2568 1023 2620 ὁ
1058 2566 1258 2639 Κύριος
1285 2571 1410 2634 τοὺς
1444 2575 1555 2635 τοῖς
1599 2574 1897 2645 θελήμασιν

325 2655 626 2724 ἑπομένους
648 2656 743 2711 τοῦ
783 2658 1040 2728 πονηροῦ,
1069 2660 1330 2718 δεικνύων
1359 2666 1440 2717 ὅτι
1464 2665 1561 2736 τὴν
1585 2667 1767 2719 είκόνα
1799 2669 1897 2732 τῆς

322 2743 420 2796 τοῦ
480 2744 614 2798 Καῒν
663 2747 988 2810 διασώζουσι
1040 2753 1328 2823 πονηρίας,
1374 2752 1611 2823 ἐλέγχων
1659 2754 1894 2820 αὐτοὺς,

333 2832 542 2903 Ὑμεῖς,
587 2835 762 2906 ἔλεγε,
811 2837 917 2905 τὰς
958 2835 1274 2911 ἐπιθυμίας
1327 2845 1434 2897 τοῦ
1464 2845 1685 2913 πατρὸς
1732 2845 1898 2915 ὑμῶν

323 2929 531 2983 θέλετε
573 2931 766 2984 ποιεῖν
794 2931 901 2986 τοῦ
945 2932 1448 3002 ἀνθρωποκτόνου
1472 2954 1486 2969 ο
1510 2937 1742 3013 ἐκεῖνος
1787 2939 1895 3006 γὰρ

319 3022 816 3090 ἀνθρωποκτόνος
840 3024 1013 3080 ἐστὶν
1050 3025 1337 3098 ἀρχῆθεν,
1378 3027 1477 3082 καί
1510 3029 1580 3081 ἐν
1640 3027 1716 3096 τῇ
1743 3029 1892 3098 ἀλη-

323 3111 456 3178 θείᾳ
474 3113 584 3181 οὐχ
623 3112 900 3181 ἔστηκεν.

2071 1659 2190 1715 XX.
2223 1662 2379 1727 Quod
2400 1661 2570 1716 Caino
2595 1663 2899 1717 secundum
2927 1663 3243 1717 sensibilem
3275 1661 3469 1714 littera:
3485 1673 3574 1712 so—

2003 1768 2136 1806 num
2164 1753 2377 1808 dictum
2409 1770 2439 1808 a
2474 1756 2737 1810 Creatore
2770 1755 3002 1809 verbum
3039 1763 3160 1808 est:
3197 1753 3437 1814 Gemens,
3464 1761 3573 1805 tre-

2005 1853 2165 1902 mens,
2195 1848 2244 1891 et
2277 1839 2504 1892 titubans
2540 1856 2698 1909 super
2726 1848 2923 1893 terram
2958 1839 3060 1892 eris
3091 1839 3143 1901 ⁷,
3175 1839 3327 1908 juxta
3354 1851 3577 1890 sensum

2005 1929 2355 2000 allegoricum
2403 1928 2578 2000 ﬁgura
2610 1938 2665 1984 et
2719 1931 2897 2000 imago
2941 1929 3186 1983 omnium
3229 1935 3578 1996 peccatorum

2004 2031 2144 2076 erat.
2173 2021 2262 2076 Sic
2303 2020 2452 2075 enim
2491 2019 2684 2074 Adami
2727 2018 3018 2090 progenies
3058 2028 3392 2086 transgressa
3422 2030 3578 2068 man-

2005 2109 2214 2172 datum,
2263 2119 2321 2164 et
2361 2117 2712 2179 peccatorum
2762 2124 2853 2162 rea
2883 2108 3110 2162 fluctuat
3152 2105 3581 2176 cogitationibus

2003 2201 2289 2272 inquietis,
2341 2210 2513 2266 metu,
2539 2216 2765 2271 pavore,
2798 2199 3212 2269 perturbatione
3249 2199 3429 2268 plena.
3455 2198 3580 2266 Ipso

2003 2302 2267 2362 praaterea
2325 2291 2550 2347 inimico
2606 2291 3075 2360 concupiscentiis
3119 2300 3174 2344 et
3207 2289 3580 2358 voluptatibus

2003 2383 2173 2438 variis
2200 2398 2417 2438 omnem
2442 2399 2565 2453 qum
2599 2393 2922 2453 regenerata
2955 2400 3021 2438 ex
3047 2383 3157 2436 Deo
3184 2397 3293 2434 non
3333 2382 3423 2444 sit,
3461 2379 3580 2450 agi-

2004 2482 2151 2530 tante
2190 2474 2460 2538 animam,
2509 2481 2565 2528 et
2613 2484 2675 2528 ut
2717 2474 2962 2527 triticum
2996 2474 3052 2527 in
3101 2473 3306 2537 cribro,
3361 2486 3579 2526 sursum

2003 2564 2259 2618 deorsum
2314 2563 2576 2633 jactante.
2601 2563 2747 2640 Quid
2787 2563 2934 2633 quod
2964 2573 3020 2618 et
3068 2565 3213 2618 Deus
3249 2563 3367 2633 ipse
3414 2563 3579 2616 obse-

2002 2662 2234 2721 quentes
2285 2641 2666 2706 voluntatibus
2699 2652 2916 2721 [diaboli
2973 2668 3071 2722 per
3128 2668 3250 2707 sese
3310 2652 3577 2718 concutit,

2002 2745 2390 2798 demonstrans
2425 2743 2575 2813 ipsos
2620 2744 2913 2815 imaginem
2941 2744 3229 2813 pravitatis
3257 2742 3412 2798 Caini
3442 2759 3578 2797 con-

2002 2851 2260 2890 servare:
2300 2835 2418 2900 Vos,
2455 2835 2654 2905 inquit,
2701 2836 2962 2890 desideria
2991 2838 3164 2906 patris
3214 2837 3374 2890 vestri
3420 2835 3578 2889 vultis

2001 2927 2171 2997 facere
2197 2928 2501 2992 Itomicidce;
2546 2926 2637 2980 ille
2690 2929 2830 2981 enim
2859 2929 3117 2982 homicida
3152 2937 3268 2982 erat
3307 2927 3372 2981 ab
3403 2928 3576 2994 initio,

2001 3028 2051 3074 et
2083 3022 2136 3076 in
2157 3022 2377 3076 veritate
2412 3038 2518 3076 non
2547 3021 2694 3075 stetit
2725 3021 2768 3074 ⁸.

398 3201 528 3256 KA'.
549 3205 847 3260 Κατανοεῖν
868 3209 1154 3280 προσήκει,
1180 3211 1334 3279 φησὶ,
1348 3211 1465 3274 πῶς
1481 3214 1514 3282 ἡ
1527 3211 1620 3265 τοῦ
1638 3212 1781 3266 κατὰ
1791 3213 1894 3283 γῆν

2075 3207 2237 3278 183
2315 3206 2458 3262 XXI.
2520 3205 2880 3263 Consitlerare
2942 3207 3251 3273 convenit,
3314 3214 3580 3277 quantum

321 3293 589 3363 βασιλέως
620 3297 716 3350 θέα
771 3299 1101 3371 ἐπιπόθητός
1139 3303 1254 3355 ἐστι
1287 3303 1382 3356 καὶ
1439 3305 1898 3375 περισπούδαστος

318 3388 440 3450 τοῖς
493 3388 836 3458 ἀνθρὼποις’
870 3393 966 3447 καὶ
1027 3395 1135 3458 πᾶς
1161 3397 1308 3460 ὅστις
1339 3396 1492 3450 πόλιν
1523 3397 1807 3468 ἐπιδημῶν
1841 3399 1898 3450 ἐν

321 3471 472 3550 ᾗπερ
515 3482 542 3533 ό
572 3479 845 3550 βασιλεὺς,
904 3485 1242 3558 ἐπιθυμητὸν
1297 3486 1448 3557 αύτῷ
1480 3490 1574 3541 καὶ
1616 3490 1775 3558 μόνον
1797 3491 1900 3560 τῆς

323 3569 620 3640 περιϐολῆς
653 3573 780 3626 ίδεῖν
803 3575 865 3628 τὸ
896 3576 1182 3640 πολυτελὲς
1213 3579 1306 3632 καὶ
1331 3578 1615 3648 φιλότιμον
1637 3596 1650 3610 ·
1673 3581 1830 3643 ἐκτὸς
1850 3584 1898 3634 εί

324 3659 534 3730 manu
555 3661 662 3714 τῶν
685 3666 1071 3735 πνευματικῶν
1091 3668 1372 3736 ἀμελεῖται
1394 3669 1566 3723 ταῦτα
1587 3672 1680 3724 καὶ
1701 3671 1898 3742 ἀτιμά·

323 3751 482 3816 ζεται
505 3770 518 3785 ο
539 3752 616 3824 τῷ
644 3755 814 3826 ἐτέρῳ
831 3757 1015 3810 κάλλει
1042 3758 1368 3830 τετρῶσθαι,
1399 3761 1491 3813 καὶ
1515 3761 1679 3830 ἄλλης
1704 3762 1900 3826 αὐτοὺς

317 3842 483 3912 δόξης
512 3845 817 3915 ἐπιθυμεῖν.
848 3847 910 3902 Ei
949 3842 1043 3901 οῦν
1096 3848 1241 3902 οὕτω
1269 3853 1382 3913 τοῖς
1419 3854 1700 3921 σαρκικοῖς
1736 3853 1769 3922 ἡ
1801 3839 1894 3906 τοῦ

321 3933 523 4005 θνητοῦ
555 3935 817 4005 βασιλέως
847 3939 1222 3998 ἐσπούδασταιί
1247 3942 1343 3994 θέα
1363 3956 1377 3970 ·
1411 3942 1525 4005 πώς
1552 3943 1672 4012 οὐχὶ
1701 3943 1900 4011 μᾶλλον

315 4024 420 4080 τοῦ
441 4025 708 4080 ἀθανάτου
727 4027 1095 4100 πολυέραστος
1117 4031 1340 4094 ἐκείνοις
1365 4031 1532 4097 ἐστὶν,
1547 4024 1627 4093 οἷς
1647 4030 1733 4084 ἐνέ
1743 4030 1900 4095 σταξέ

316 4137 412 4183 τις
447 4121 598 4191 ῥανὶς
643 4121 736 4175 τοῦ
791 4122 996 4191 ἀγαθοῦ
1028 4123 1366 4194 Πνεύματος,
1404 4124 1498 4177 καὶ
1534 4123 1632 4195 τὴν
1674 4123 1900 4195 καρδίαν

319 4213 470 4276 θεῖος
499 4214 729 4283 ἐπληξεν
752 4214 921 4284 ἐρωςς
951 4216 1038 4270 διὰ
1062 4216 1220 4269 τοῦτο
1249 4217 1339 4269 καὶ
1371 4218 1550 4287 πάσης
1576 4215 1668 4270 τοῦ
1692 4216 1898 4286 κόσμου

317 4307 758 4380 φιλίαςιέαυτοὺς
780 4307 1017 4372 λύουσιν,
1050 4309 1134 4361 ἵνα
1157 4307 1431 4380 δυνηθεῖεν
1461 4309 1667 4362 ἐκεῖνον
1690 4308 1782 4362 τὸν
1800 4307 1899 4360 πό-

317 4398 421 4452 θον
471 4377 616 4468 ἕίειν
655 4398 941 4468 ἐγκάρδιον
1005 4377 1291 4469 διηνεκῶς,
1349 4399 1441 4450 καὶ
1472 4397 1677 4468 μηδένα
1713 4397 1899 4467 ἕτερον

316 4491 434 4562 πρδ
461 4491 690 4544 ἐκείνου.
731 4490 930 4558 Ὀλίγοι
967 4491 1022 4542 δὲ
1057 4490 1250 4561 κομιδῇ
1276 4483 1444 4555 οῦτοι,
1472 4490 1584 4558 οἵγε
1613 4491 1679 4559 τῇ
1722 4487 1896 4558 ἀγαθῇ

315 4586 470 4656 ἀρχῇ
505 4585 598 4637 καὶ
621 4584 796 4654 πέρας
847 4584 960 4637 ἴσον
991 4584 1342 4647 ἐπιτιθέντες,
1388 4583 1483 4635 καὶ
1515 4581 1674 4652 μέχρι
1709 4580 1896 4646 τέλους

315 4678 668 4749 ἀπρόσκοποι
698 4676 1066 4744 διαμένοντες.
1101 4675 1289 4728 [Ιολλοὶ
1317 4675 1414 4744 μὲν
1444 4673 1895 4740 κατανύσσονται,

315 4767 424 4823 καὶ
477 4767 661 4819 πολλοὶ
709 4766 928 4836 χάριτος
960 4765 1212 4843 ούρανίου
1251 4765 1464 4834 μέτοχοι
1510 4763 1771 4831 γίνονται,
1804 4764 1898 4816 καὶ

315 4861 490 4932 ἔρωτι
517 4860 912 4929 τιτρώσκονται
952 4857 1080 4927 θείῳ
1101 4872 1115 4887 ο
1142 4856 1276 4908 ἀλλά
1306 4858 1430 4918 τοὺς
1457 4853 1660 4924 μεταξὺ
1681 4855 1895 4920 πόνους,

317 4953 422 5008 καὶ
447 4953 544 5014 τὰς
574 4952 666 5006 τοῦ
692 4950 930 5021 πονηροῦ
967 4950 1162 5019 πείρας
1184 4946 1402 5018 ποικίλῃ
1428 4948 1590 5021 τέχνῃ
1615 4950 1708 5001 καὶ
1735 4948 1899 5002 πολυ-

315 5047 514 5119 τρόπῳ
568 5046 966 5117 προόἀλλοντος
994 5043 1054 5095 ού
1089 5040 1476 5110 διενεγκόντες,
1512 5042 1811 5112 ὑπέμεινάν
1841 5059 1900 5093 τε

319 5140 408 5210 τῷ
435 5141 643 5209 κόσμῳ,
676 5141 770 5192 καὶ
792 5137 1154 5206 ἐδυθίσθησαν
1179 5138 1234 5190 ἐν
1265 5135 1342 5206 τῷ
1371 5136 1579 5188 ἐκείνου
1612 5134 1778 5205 βυθῷ,
1814 5135 1902 5187 διὰ

319 5230 554 5301 γνώμης
579 5231 884 5300 χαυνότητα
915 5229 1010 5282 καὶ⁹
1041 5227 1345 5291 ἀσθένειαν,
1378 5227 1410 5298 ἢ
1443 5227 1533 5279 καὶ⁹
1565 5226 1624 5278 τὸ
1655 5243 1902 5297 προσπα-

325 5325 454 5396 θείᾳ
479 5323 583 5376 τῶν
631 5325 836 5394 γηΐνων
866 5322 1084 5376 ἁλῶναι.
1121 5321 1280 5374 Ὅσοι
1307 5321 1414 5390 γὰρ
1440 5318 1575 5388 πρὸς
1606 5319 1904 5384 ἀσφάλειαν

327 5414 498 5486 μέχρι
527 5414 712 5475 τέλους
739 5412 1056 5484 διαδραμεῖν
1098 5409 1396 5480 βούλονται,
1422 5409 1579 5463 ἄλλον
1603 5409 1778 5478 ἔρωτα
1811 5409 1906 5460 καὶ

322 5507 502 5579 ἄλλην
537 5508 754 5578 ἀγάπην
801 5509 868 5578 τῇ
915 5504 1224 5576 ἐπουρανίῳ
1277 5501 1459 5574 ἐκείνῃ
1489 5499 1905 5573 συμπαραμίξαι

322 5599 431 5670 οὐχ
461 5599 839 5671 ὑπομένουσιν.

405 5759 430 5790 ⁸
467 5758 513 5815 lI
546 5759 669 5817 Cor.
703 5777 756 5826 ι,
785 5759 836 5815 5.
915 5765 933 5796 τ
974 5761 1110 5816 Gen.
1147 5777 1219 5828 tv,
1256 5760 1336 5814 l2.
1415 5758 1434 5792 ⁸
1472 5758 1628 5815 Joan.
1665 5771 1778 5822 vin,
1816 5754 1902 5810 44.

2001 3308 2261 3370 aspectus
2299 3299 2505 3354 terreni
2541 3299 2686 3370 regis
2722 3299 3051 3367 desiderari,
3083 3310 3138 3355 et
3159 3316 3322 3370 quam
3363 3299 3580 3354 ardenti

2003 3391 2290 3460 procurari
2320 3391 2506 3446 studio
2538 3392 2608 3446 ab
2639 3391 2960 3447 hominibus
3001 3393 3174 3447 soleat
3202 3410 3215 3446 :
3241 3401 3296 3446 et
3331 3393 3582 3462 quisquis

2000 3483 2057 3537 in
2089 3482 2282 3536 urbem
2337 3481 2580 3548 advenit,
2615 3483 2712 3537 ubi
2765 3499 2859 3538 rex
2909 3485 3080 3554 degit,
3124 3484 3178 3538 in
3222 3500 3290 3538 eo
3331 3483 3579 3554 ﬂagranti

1997 3580 2250 3627 versatur
2277 3581 2430 3636 voto,
2451 3583 2512 3626 ut
2539 3573 2625 3628 vel
2653 3575 2829 3628 solum
2855 3577 3156 3644 pretiosum
3198 3576 3580 3646 splendidum-

1999 3669 2106 3734 que
2139 3663 2327 3733 palatii
2352 3664 2617 3718 ambitum
2643 3665 2860 3732 videat;
2903 3668 3007 3721 nisi
3037 3667 3176 3722 forte
3211 3668 3478 3737 quispiam
3513 3684 3582 3724 ex

2000 3754 2069 3807 iis
2093 3755 2185 3816 sit,
2216 3754 2308 3822 qui
2339 3762 2529 3808 sancto
2562 3770 2621 3810 se
2647 3755 2925 3809 dediderit
2952 3757 3207 3825 Spiritui,
3228 3760 3322 3826 qui
3348 3759 3460 3812 hmo
3494 3759 3580 3812 in-

2000 3860 2167 3914 super
2200 3845 2419 3911 habeat,
2485 3861 2551 3900 ac
2599 3853 2968 3914 aspernetur;
3019 3847 3126 3901 alia
3167 3849 3581 3916 pulchritudine

2000 3937 2240 4001 saucius,
2274 3936 2524 4006 aliusque
2545 3937 2730 4007 gloriae
2765 3937 3018 4006 cupidus.
3050 3937 3105 3993 Si
3141 3955 3270 4009 ergo
3293 3941 3443 3994 carni
3484 3941 3582 3996 dc-

2000 4028 2131 4083 ditis
2154 4028 2476 4083 hominibus
2513 4029 2652 4083 adeo
2693 4030 3009 4099 expetibilis
3046 4040 3324 4096 censetur,
3363 4026 3582 4102 tamque

2000 4118 2158 4172 avide
2185 4126 2436 4186 captatur
2470 4117 2724 4172 intuendi
2769 4119 2913 4190 regis
2944 4107 3194 4176 mortalis
3225 4124 3414 4192 copia;
3448 4139 3585 4192 quo-

2000 4209 2164 4264 modo
2187 4225 2294 4263 non
2322 4209 2825 4277 incomparabiliter
2847 4213 3087 4282 Optanda
3110 4216 3281 4281 magis
3299 4215 3434 4269 visio
3460 4215 3582 4270 fue-

2002 4301 2074 4355 rit
2102 4300 2424 4356 immortalis
2448 4299 2631 4372 Regis,
2674 4303 2739 4356 iis
2769 4318 2898 4357 sane
2929 4303 3131 4372 quibus
3150 4305 3362 4374 guttula
3388 4306 3580 4359 saltem

2003 4391 2250 4462 inspersa
2283 4393 2530 4462 quadam
2572 4393 2813 4464 Spiritus
2855 4395 3008 4459 boni,
3038 4395 3228 4450 divino
3268 4411 3455 4450 amore
3486 4413 3584 4451 cor

2001 4488 2407 4542 vulneraverit?
2432 4487 2777 4558 Quapropter
2805 4489 2897 4543 isti
2927 4489 3077 4542 omni
3110 4489 3301 4543 mundi
3337 4488 3580 4544 amicitia

2002 4594 2061 4633 se
2117 4579 2264 4648 ipsos
2317 4580 2631 4644 exsolvunt,
2677 4588 2739 4634 ut
2786 4581 3003 4650 possint
3052 4597 3385 4651 propensum
3435 4582 3584 4636 hunc

2003 4686 2222 4740 semper
2251 4671 2307 4725 in
2340 4671 2509 4726 corde
2538 4671 2743 4726 habere
2775 4688 3046 4737 amorem,
3087 4681 3143 4728 et
3187 4689 3288 4743 pro
3322 4673 3416 4728 illo
3460 4674 3584 4727 nul-

2004 4763 2116 4817 lum
2143 4764 2335 4821 alium.
2363 4763 2572 4820 Sed-hi
2597 4765 2756 4820 valde
2804 4765 2966 4835 pauci
3012 4774 3141 4820 sunt
3169 4783 3182 4819 :
3235 4765 3330 4835 qui
3361 4766 3581 4834 quidem

2006 4855 2152 4910 bono
2186 4856 2459 4926 principio
2502 4872 2688 4926 parem
2734 4856 2898 4910 ﬁnem
2948 4855 3264 4926 adjungant,
3321 4864 3377 4910 et
3409 4870 3583 4924 usque

2007 4948 2075 5002 ad
2104 4955 2408 5002 extremum
2438 4949 2706 5003 inoffense
2736 4957 3111 5018 perseverent.
3151 4946 3301 5000 Multi
3323 4961 3585 5015 compun-

2007 5046 2247 5108 guntur;
2281 5039 2438 5092 multi
2465 5040 2653 5110 gratiae.
2688 5039 2933 5094 caelestis
2979 5038 3119 5094 ﬁunt
3163 5037 3489 5107 participes;
3530 5045 3586 5090 et

2009 5144 2196 5184 amore
2223 5129 2411 5183 divino
2455 5129 2771 5196 feriuntur;
2819 5130 2914 5185 sed
2945 5130 3040 5199 qui
3071 5129 3221 5184 varie
3267 5144 3367 5198 per
3415 5128 3582 5180 vitam

2013 5222 2556 5286 incurruntlabores,
2579 5239 2682 5278 nec
2705 5222 2912 5278 diaboli
2944 5222 3277 5276 tentationes
3309 5228 3426 5274 arte
3454 5234 3581 5272 ver-

2011 5314 2262 5383 sutiaque
2298 5314 2477 5368 illatas
2533 5315 2824 5384 multiplici
2846 5315 3140 5380 sustinent,
3170 5321 3227 5367 et
3269 5312 3322 5367 in
3375 5309 3582 5364 mundo

2012 5415 2362 5476 permanent,
2390 5415 2446 5461 et
2475 5406 2874 5478 demerguntur
2903 5407 2960 5461 in
2977 5407 3099 5476 ejus
3118 5403 3387 5475 profunda
3417 5417 3584 5455 vora-

2012 5495 2159 5567 gine,
2195 5496 2266 5551 ob
2301 5497 2566 5566 propositi
2605 5498 2921 5568 languorem
2957 5505 3014 5553 et
3047 5495 3459 5558 inﬁrmitatem;
3498 5491 3583 5546 vel

2016 5587 2183 5644 ctiam
2235 5587 2382 5659 quod
2429 5587 2630 5646 aﬁ‘cctu
2682 5600 3031 5647 terrenarum
3077 5587 3391 5659 capiantur.
3449 5582 3582 5649 Qui-
