4044 6540
574 280 679 347 883

1804 280 1865 339 S.
1904 279 2223 339 MACARII
2259 278 2549 340 [EGYPTI
2558 280 2582 338 Ι

3690 291 3769 355 885

573 404 790 459 cunque
838 402 1006 459 porro
1053 387 1350 443 securitate
1383 385 1533 441 omni
1568 386 1867 458 perducere
1919 385 1987 440 ad
2026 396 2327 442 extremam
2386 396 2590 443 metam
2643 403 2867 444 cursum
2912 388 3062 446 hunc
3105 391 3322 460 volunt,
3354 392 3516 449 alium
3550 409 3770 463 amorem,

573 482 732 535 aliam
768 480 1091 535 charitatem
1122 480 1332 534 caelesti
1362 480 1664 535 admiscere
1697 480 1771 533 illi
1794 495 2140 549 nequaquam
2166 480 2478 535 sustinentJ
3004 476 3012 480 ’

639 567 811 625 XXII.
856 572 923 627 Ut
953 587 1147 641 magna
1189 586 1414 641 prorsus
1469 582 1524 625 et
1567 571 1956 624 inenarrabilia
2003 571 2145 625 bona

2318 570 2446 627 KB’.
2481 572 2691 646 Ὠσπερ
2725 572 2936 644 μεγάλα
2986 574 3186 647 δηλαδὴ
3232 576 3326 631 καὶ
3353 579 3692 649 ἀνεκδιήγητα
3718 588 3769 639 τὰ

577 673 707 717 sunt
730 679 849 733 quae
872 664 1018 717 Deus
1046 663 1327 732 promisit;
1359 664 1433 716 ita
1466 661 1654 717 multis
1682 662 1748 715 ad
1784 676 1975 715 eorum
2004 677 2150 716 asse-

579 755 857 807 cutionem
896 770 1034 823 opus
1072 753 1352 807 laboribus
1376 762 1430 807 et
1480 753 1878 807 certaminibus
1908 762 2024 817 est;
2059 752 2151 806 iis—

580 861 685 913 qne
712 862 836 899 eum
890 860 985 914 spe
1029 860 1091 898 ac
1115 844 1220 897 ﬁde
1254 844 1497 898 toleratis
1525 853 1580 898 et
1618 844 1906 912 susceptis.
1944 843 2058 897 Iloc
2083 859 2150 897 ex

580 935 668 989 his
711 934 913 989 Christi
947 934 1131 989 verbis
1172 943 1320 1004 patet
1353 952 1365 987 :
1406 933 1507 999 Qui
1546 934 1655 988 vult
1693 943 1807 1004 post
1830 950 1910 987 me
1951 936 2146 998 venire,

578 1026 795 1094 abneget
816 1026 1145 1094 semetipsum
1167 1035 1215 1077 et
1238 1024 1391 1079 tollat
1437 1044 1639 1079 crucem
1661 1043 1814 1080 suam
1836 1034 1883 1079 et
1901 1034 2151 1095 sequatur

576 1132 659 1168 me
691 1119 731 1167 ’.
766 1116 832 1168 Et
862 1130 1054 1169 rursus
1081 1132 1094 1167 :
1125 1115 1240 1168 Nisi
1269 1117 1383 1185 quis
1412 1116 1579 1169 oderit
1603 1127 1808 1185 patrem
1839 1126 1885 1169 et
1902 1125 2147 1181 matrem,

577 1216 627 1260 et
651 1208 842 1276 fratres
862 1218 907 1261 et
930 1224 1135 1262 sorores
1161 1215 1210 1260 et
1232 1207 1399 1276 ﬁlios;
1434 1209 1602 1262 adhuc
1627 1218 1801 1262 autem
1829 1217 1876 1261 et
1914 1210 2149 1262 animam

574 1317 768 1366 suam;
810 1317 911 1353 non
947 1308 1114 1371 potest
1160 1316 1307 1353 meus
1341 1315 1448 1352 esse
1482 1299 1767 1371 discipulus
1801 1299 1863 1352 “.
1895 1299 2149 1369 Plerique

574 1401 757 1445 autem
789 1390 1073 1444 hominum
1107 1389 1186 1442 sic
1219 1388 1369 1441 stulti
1394 1397 1540 1453 sunt,
1571 1401 1632 1443 ut
1670 1404 1898 1458 regnum
1926 1387 2148 1458 quidem

574 1484 841 1553 consequi
887 1483 1082 1549 velint,
1122 1494 1181 1540 et
1220 1494 1439 1539 aeterna:
1484 1482 1864 1537 hereditatem
1906 1483 2051 1543 vitm,
2084 1497 2149 1541 ac

573 1573 795 1629 Christo
846 1574 902 1628 in
948 1590 1122 1629 mvum
1179 1591 1339 1630 omne
1367 1590 1728 1644 conregnare;
1758 1574 1811 1627 id
1851 1574 1996 1643 quod
2027 1590 2145 1629 ma-

574 1682 740 1737 gnum
770 1674 875 1730 est,
918 1674 973 1720 et
1007 1682 1225 1721 omnem
1285 1666 1671 1738 cogitationem
1726 1675 1978 1734 superat;
2015 1681 2145 1736 pro-

575 1757 713 1824 priis
748 1767 927 1809 tamen
980 1756 1335 1826 obsequendo
1383 1756 1790 1822 voluntatibus;
1832 1757 1877 1811 si
1912 1772 2019 1810 non
2045 1773 2147 1827 po-

580 1848 688 1900 tius
722 1847 822 1913 illi,
859 1848 953 1916 qui
1004 1864 1145 1902 vana
1194 1849 1297 1903 ista
1341 1857 1399 1902 et
1453 1848 1740 1904 manifeste
1793 1850 1955 1903 noxia
2013 1851 2146 1920 ipsis

574 1938 828 2007 inspirat.

644 2028 833 2083 XXIII.
864 2029 1048 2099 Usque
1085 2030 1153 2085 ad
1196 2030 1358 2085 finem
1392 2046 1616 2086 cursum
1667 2030 1935 2087 inoﬂense
1962 2032 2145 2103 perfe-

574 2130 779 2185 rentes,
808 2119 863 2173 hi
900 2132 1049 2184 sunt,
1083 2122 1175 2190 qui
1207 2123 1400 2176 mundi
1432 2139 1623 2178 omnes
1655 2123 1982 2194 cupiditates
2008 2132 2064 2179 et
2090 2141 2149 2181 se

574 2213 742 2281 ipsos,
792 2213 1363 2285 transgressionesque
1419 2217 1539 2286 ejus
1587 2232 1652 2271 ac
1710 2216 2037 2286 voluptates,
2093 2224 2148 2272 et

574 2305 723 2359 circa
762 2306 915 2359 illum
943 2307 1335 2376 occupationes
1362 2309 1587 2362 omnino
1614 2307 1740 2361 odio
1776 2308 1999 2363 habent.
2032 2308 2149 2364 Hoc

573 2398 721 2451 enim
744 2408 825 2453 est
862 2399 1135 2470 abnegare
1166 2416 1223 2455 se
1252 2401 1449 2469 ipsum.
1496 2400 1673 2466 Quare
1694 2402 1914 2471 propria
1953 2402 2150 2457 volun-

576 2482 688 2545 tate
715 2492 1093 2562 unusquisque
1124 2509 1292 2563 regno
1322 2493 1563 2563 ejicitur,
1592 2509 1657 2548 eo
1683 2495 1830 2564 quod
1860 2495 2149 2565 haudqua-

573 2597 738 2651 quam
772 2597 838 2635 ex
869 2583 1101 2636 veritate
1128 2582 1343 2636 labores
1375 2582 1561 2652 eligat,
1593 2591 1648 2636 et
1686 2598 1745 2636 se
1772 2582 1951 2651 ipsum
1980 2582 2150 2636 abne-

572 2676 663 2739 get
695 2687 708 2722 :
740 2670 1003 2723 nimirum
1036 2671 1227 2725 volens
1282 2670 1355 2725 ita
1409 2671 1506 2725 Dei
1549 2671 1719 2726 amori
1758 2687 1821 2725 ac
1874 2671 2149 2727 desiderio

573 2760 807 2835 servire,
857 2770 919 2816 ut
974 2761 1137 2815 simul
1189 2762 1452 2817 delectari
1483 2777 1700 2832 quoque
1724 2763 1896 2832 possit
1924 2764 2151 2832 quibus-

572 2854 696 2906 dam
734 2852 899 2923 hujus
931 2853 1120 2908 mundi
1158 2854 1345 2921 rebus,
1373 2870 1475 2910 nec
1503 2863 1677 2909 totum
1700 2870 1924 2910 necesse
1952 2856 2022 2910 sit
2048 2856 2150 2909 im-

571 2952 759 3012 petum
784 2945 1021 3014 propriae
1073 2946 1373 3001 voluntatis
1401 2947 1513 3001 Deo
1545 2945 1781 3000 tradere.
1808 2947 1928 3002 Uno
1965 2954 2149 3000 autem

572 3035 824 3105 exemplo
853 3036 1225 3091 declarabitur
1252 3036 1306 3090 id
1323 3036 1469 3106 quod
1493 3037 1548 3091 in
1576 3038 1830 3091 manibus
1860 3038 2146 3093 habemus.

573 3123 905 3181 Discernens
938 3142 1137 3196 nempe
1163 3126 1429 3182 discernit
1464 3129 1863 3198 unusquisque,
1891 3145 1993 3184 nec
2016 3129 2150 3185 latet

576 3214 778 3284 ipsum,
831 3218 1033 3270 malum
1077 3233 1198 3273 esse
1256 3218 1360 3272 hoc
1392 3218 1459 3272 ad
1489 3220 1637 3288 quod
1692 3218 1834 3275 forte
1874 3220 2145 3291 agendum
2173 3255 2218 3315 α

574 3306 906 3376 propendet.
934 3308 1177 3363 Primum
1211 3309 1433 3379 quidem
1474 3310 1623 3379 intus
1652 3310 1708 3364 in
1747 3310 1913 3366 corde
1955 3311 2143 3367 obser-

577 3410 737 3453 vatur
767 3400 1128 3471 ambiguitas;
1161 3400 1346 3455 bilanx
1374 3416 1508 3456 vero
1558 3418 1682 3456 cum
1717 3403 1848 3475 jugo
1884 3420 2147 3474 suspensa

576 3491 633 3544 in
670 3490 859 3545 intima
896 3491 979 3546 sui
1012 3491 1188 3562 ipsius
1225 3493 1585 3558 conscientia,
1616 3494 1793 3563 palam
1843 3512 2046 3566 anceps
2090 3497 2147 3551 in

576 3581 868 3645 utrumvis,
898 3582 993 3636 Dei
1019 3582 1230 3637 scilicet
1264 3591 1359 3638 aut
1390 3583 1578 3638 mundi
1606 3599 1849 3640 amorem
1884 3586 2147 3656 impetum

576 3671 726 3727 intus
765 3671 895 3727 facit
932 3689 945 3725 :
986 3683 1042 3728 et
1080 3682 1210 3729 tunc
1238 3675 1383 3730 circa
1404 3675 1674 3730 exteriora
1697 3677 1899 3745 prodit.
1931 3678 2148 3732 Discer-

577 3780 716 3818 nens
774 3766 922 3819 enim
982 3770 1077 3833 (ut
1132 3766 1341 3821 dictum
1397 3768 1511 3837 est)
1572 3768 1840 3824 discernit
1889 3770 2145 3839 quisque.

578 3855 828 3925 Exempli
863 3871 1047 3922 causa,
1081 3859 1353 3929 quispiam
1387 3860 1529 3914 forte
1558 3876 1683 3916 cum
1715 3861 1882 3917 fratre
1914 3872 2147 3917 conten-

578 3946 734 4011 dens,
761 3947 992 4003 dissidet
1016 3964 1045 4001 a
1076 3964 1132 4004 se
1160 3950 1300 4020 ipso.
1336 3950 1411 4006 Ac
1430 3951 1611 4022 primo
1637 3953 1868 4022 opponit
1894 3974 1905 4007 :
1932 3953 2149 4008 Dicam-

576 4038 688 4091 ne?
722 4054 789 4091 an
824 4054 933 4093 non
965 4040 1176 4095 dicam?
1199 4058 1528 4113 reponamne
1550 4061 1671 4114 quae
1710 4045 2048 4100 ulciscantur
2078 4046 2147 4099 il-

575 4125 686 4181 lata
721 4128 877 4198 187
908 4130 1041 4183 mihi
1066 4131 1299 4200 probra?
1320 4132 1413 4188 sed
1450 4134 1632 4203 potius
1653 4134 1850 4189 silebo.
1872 4134 2149 4189 Tenemus

575 4216 671 4271 Dei
700 4220 983 4285 mandata;
1014 4232 1273 4277 easterum
1308 4224 1384 4278 ita
1412 4234 1469 4279 ut
1496 4225 1730 4294 propriae
1767 4241 1987 4296 quoque
2013 4241 2149 4281 cura

574 4307 818 4377 gloriola:
862 4324 969 4362 non
998 4312 1333 4383 negligatur;
1366 4313 1504 4368 adeo
1535 4315 1623 4368 vix
1666 4314 1939 4384 quispiam
1980 4315 2141 4384 plene

575 4412 639 4451 ac
663 4398 903 4467 perfecte
952 4401 1193 4455 animum
1225 4403 1460 4467 induxit,
1501 4420 1727 4474 prorsus
1774 4406 1827 4458 in
1889 4406 2148 4460 omnibus

574 4487 850 4556 abnegarc
872 4502 951 4544 se.
980 4488 1036 4543 Si
1057 4504 1185 4558 ergo
1208 4491 1291 4543 vel
1311 4491 1537 4544 minimo
1559 4504 1838 4546 momento
1860 4493 1985 4546 lanx
2006 4494 2144 4547 ami-

2257 663 2408 731 παρά
2425 662 2518 715 τοῦ
2550 664 2683 717 Θεοῦ
2705 666 3093 737 ἐπηγγελμένα
3124 667 3431 737 πεφύκασιν
3459 672 3647 738 ἀγαθὰ,
3664 674 3774 728 οὕτω

2256 755 2349 806 καλ⁸
2378 754 2585 806 πολλῶν
2618 755 2788 810 δεῖται
2811 757 2986 810 πόνων
3016 775 3075 811 τε
3128 760 3223 813 καὶ
3271 761 3497 828 ἀγώνων
3542 764 3639 814 τῶν
3683 768 3773 832 μετ’

2257 842 2464 906 ἐλπίδος
2486 847 2577 898 καὶ
2599 846 2835 908 πίστεως
2854 864 2869 879 ·
2893 849 2986 900 καὶ
3010 847 3166 918 δῆλον
3184 849 3451 903 ἐντεῦθενο
3470 852 3538 903 El
3559 869 3637 920 τις
3652 856 3776 911 θέλει

2257 936 2447 990 ὀπίσω
2494 954 2616 1005 μου
2667 936 2885 1001 ἐλθεῖν.
2937 941 3387 1009 ἀπαρνησάσθω
3432 941 3655 1010 ἑαυτὸν,
3700 948 3774 1002 καί

2255 1025 2448 1093 ἀράτω
2486 1028 2592 1080 τὸν
2627 1030 2893 1096 σταυρόν
2910 1030 3118 1097 αὐτοῦ,
3150 1031 3247 1084 καί
3288 1032 3669 1088 ἀκολουθείτω
3682 1054 3774 1105 uti.

2254 1116 2366 1169 Καὶ
2397 1117 2587 1170 πάλινο
2635 1120 2760 1172 Eur
2790 1110 2874 1187 μῆ
2905 1137 2996 1188 τις
3042 1121 3279 1192 μισήσῃ
3320 1123 3545 1193 πατέρα
3589 1127 3674 1179 καί
3695 1148 3778 1197 μη.

2254 1206 2413 1274 τέρα,
2446 1207 2542 1261 καὶ
2564 1207 2884 1278 ἀδελφοὺς,
2948 1212 3045 1266 καὶ
3074 1212 3344 1282 γυναῖκα,
3374 1216 3471 1268 καὶ
3506 1216 3688 1281 τέκνα,
3711 1220 3776 1275 ἐτι

2254 1296 2322 1350 δὲ
2355 1298 2455 1352 καὶ
2475 1299 2588 1368 τὴν
2611 1300 2828 1355 ἑαυτοῦ
2856 1303 3087 1373 ψυχὴν,
3115 1305 3186 1358 οὐ
3229 1305 3481 1359 δύναταί
3502 1326 3617 1375 μου
3660 1307 3777 1365 εἶναι

2248 1390 2540 1458 μαθητής.
2581 1392 2641 1445 Οἱ
2664 1392 2905 1445 πλεῖστοι
2927 1393 2983 1446 δὲ
3012 1392 3435 1465 τῶνάνθρώπων
3463 1396 3628 1460 οὕτως
3661 1401 3777 1469 ἔχαδε

2256 1496 2338 1533 σιν
2369 1480 2630 1552 ἀνοήτως,
2666 1482 2742 1546 ὡς
2770 1483 2870 1552 τῆς
2909 1483 3185 1554 βασιλείας
3208 1486 3485 1556 ἐπιτυχεῖν
3517 1486 3777 1553 βούλεσθαι,

2253 1570 2349 1623 καὶ
2376 1571 2474 1641 τῆς
2514 1573 2729 1625 αίωνίου
2752 1573 3157 1645 κληρονομῆσαι
3188 1574 3354 1641 ζωῆς,
3378 1576 3471 1630 καὶ
3500 1578 3697 1648 Χριστῷ
3711 1580 3779 1639 διὰ

2252 1660 2439 1723 τέλους
2473 1662 2921 1729 συμϐασιλεῦσαι,
2961 1665 3021 1717 τὸ
3058 1666 3198 1735 μέγα
3231 1665 3388 1719 τοῦτο
3440 1671 3538 1721 καὶ
3564 1671 3687 1739 ὑπὲρ
3714 1672 3781 1724 ἓν·

2253 1762 2434 1803 νοιαν’
2464 1752 2578 1813 τοῖς
2629 1750 2779 1816 ἰδίοις
2812 1752 2869 1805 δὲ
2922 1752 3123 1817 ζῶντες
3149 1754 3440 1825 θελήμασι.
3494 1759 3586 1810 καὶ
3612 1759 3781 1825 τούτοις

2252 1835 2669 1901 ἀκολουθοῦντες
2688 1853 2703 1867 ·
2746 1839 2943 1909 μᾶλλον
2969 1841 3025 1894 δὲ
3054 1842 3133 1913 τῷ
3160 1843 3499 1916 ἐνσπείροντι
3520 1846 3588 1900 τὰ
3613 1849 3783 1918 μάταια

2180 1923 2223 1979 Β
2247 1927 2443 1994 ταῦτα,
2469 1931 2564 1982 καὶ
2593 1931 2839 2002 φανερῶς
2873 1931 3133 2004 βλαϐερά.

2324 2022 2452 2078 Kl".
2486 2016 2647 2075 Οὗτοί
2689 2024 2827 2076 εἰσιν
2854 2025 2902 2077 οἱ
2938 2026 3099 2096 μέχρι
3133 2027 3324 2091 τέλους
3346 2029 3585 2084 ἄπτωτοι
3611 2031 3783 2102 διερχό-

2253 2127 2423 2180 μενοι,
2452 2113 2500 2165 οἱ
2528 2113 2627 2176 τὰς
2647 2112 2741 2166 τοῦ
2774 2113 2979 2183 κόσμου
3023 2117 3203 2179 πάσας
3232 2118 3546 2188 ἐπιθυμίας,
3572 2123 3655 2174 καὶ
3684 2124 3783 2175 ἑαυ-

2248 2204 2395 2267 τοὺς,
2420 2202 2782 2274 μεθορισμούς
2802 2222 2862 2258 τε
2886 2206 3076 2259 τούτου
3099 2209 3192 2261 καὶ
3215 2208 3430 2280 ἡδονὰς,
3454 2213 3547 2265 καὶ
3573 2212 3661 2275 τὰς
3680 2216 3786 2284 πρὸς

2250 2293 2411 2348 αὑτὸν
2466 2294 2723 2364 ἀσχολίας
2752 2296 2812 2349 τὸ
2846 2298 3104 2368 παράπαν
3139 2303 3470 2370 μισήσαντες
3492 2319 3505 2333 ’
3540 2303 3687 2357 τοῦτο
3703 2308 3785 2374 γάρ

2249 2385 2457 2438 ἔστιτὸ
2494 2386 2908 2457 ἀπαρνήσασθαι
2948 2389 3162 2445 ἑαυτόν.
3191 2390 3352 2443 Ὥστε
3405 2391 3520 2460 ἰδίῳ
3560 2392 3787 2464 θελήματι

2248 2474 2479 2538 ἕκαστος
2507 2477 2605 2546 τῆς
2642 2475 2913 2546 βασιλείας
2948 2478 3271 2534 ὲκδάλλεται
3295 2496 3309 2512 ο
3343 2480 3423 2549 τῷ
3485 2483 3559 2552 μὴ
3590 2483 3644 2547 ἑξ
3688 2485 3789 2553 ἀλη-

2250 2565 2401 2629 θείας
2422 2566 2636 2621 ἑλέσθαι
2652 2569 2778 2632 τοὺς
2809 2569 3024 2633 πόνους,
3048 2571 3141 2622 καὶ
3160 2571 3353 2625 ἑαυτὸν
3377 2573 3785 2643 ἀπαρνήσασθαι,

2248 2658 2385 2713 ἀλλὰ
2413 2660 2616 2714 ἐθέλειν
2638 2660 2717 2715 ἔτι
2741 2663 2880 2733 πρὸς
2903 2662 3096 2733 ἐκείνῳ
3124 2662 3202 2734 τῷ
3214 2663 3384 2737 θεῖκῷ
3399 2666 3569 2735 πόθῳ,
3602 2668 3683 2720 καί
3703 2685 3786 2719 τιτι

2248 2750 2343 2806 τοῦ
2377 2752 2570 2817 αἰῶνος
2603 2752 2793 2807 τούτου
2851 2755 3207 2826 συνήδεσθαιο
3267 2759 3361 2810 καὶ
3397 2759 3472 2829 μὴ
3522 2759 3617 2828 τὴν
3648 2760 3789 2831 ῥοπὴν

2248 2846 2376 2915 ὃλην
2402 2845 2495 2900 τοῦ
2531 2840 2660 2901 ἰδίου
2711 2846 3015 2917 θελήματος
3047 2847 3125 2919 τῷ
3158 2848 3279 2920 Θεῷ
3344 2850 3569 2905 διδόναι.
3601 2854 3672 2904 Δι’
3696 2853 3790 2916 ἑνὸς

2247 2937 2304 2990 δὲ
2336 2938 2730 3011 ὑποδείγματπ
2763 2938 3054 3009 γνώρισμα
3101 2939 3257 2994 ἔσται
3307 2940 3386 3013 τῷ
3438 2944 3578 3013 μετά
3614 2947 3785 3015 χεῖρας.

2248 3026 2547 3097 Διακρίνων
2573 3027 2671 3097 μὲν
2696 3026 2805 3098 γὰρ
2826 3027 3094 3099 διακρίνει
3114 3031 3367 3097 ἕκαστος,
3398 3032 3497 3085 καὶ
3515 3033 3575 3084 οῦ
3606 3032 3791 3103 λέληθεν

2248 3119 2431 3183 αὐτὸν,
2464 3120 2544 3173 ὅτι
2586 3118 2787 3173 ἄτοπον
2809 3120 2929 3175 τόδε
2950 3120 3114 3192 τυχὸν
3137 3121 3275 3194 ὅπερ
3301 3120 3560 3193 ὥρμηται
3582 3124 3787 3192 ποιῆσαι.

2249 3211 2473 3284 Πρῶτον
2516 3212 2614 3282 μὲν
2642 3211 2751 3282 γὰρ
2783 3212 2913 3266 εἴσω
2966 3212 3107 3267 κατά
3140 3212 3239 3284 τὴν
3267 3213 3499 3285 καρδίαν
3529 3215 3789 3281 tramae!-

2249 3321 2400 3358 νεται
2452 3307 2485 3374 ἡ
2513 3303 2837 3375 ἀμφιϐολία·
2872 3306 2905 3375 ἡ
2946 3304 3159 3377 στάθμη
3208 3305 3266 3359 δὲ
3319 3308 3418 3360 καὶ
3462 3308 3490 3360 δ
3542 3306 3692 3374 ζυγὸς
3729 3306 3791 3375 τῷ

2248 3392 2443 3448 ἑαυτοῦ
2472 3394 2755 3461 συνειδότι,
2778 3394 3019 3465 φανερὰν
3046 3395 3311 3468 πρότερον
3339 3397 3444 3467 τῆς
3467 3415 3529 3450 τε
3556 3397 3645 3451 τοῦ
3659 3398 3787 3460 Θεοῦ,

2247 3487 2343 3541 καὶ
2368 3487 2464 3555 τῆς
2491 3486 2586 3540 τοῦ
2648 3487 2857 3558 κόσμου
2888 3487 3108 3559 ἀγάπης
3135 3484 3233 3559 τὴν
3275 3490 3453 3560 ῥοπὴν
3484 3490 3627 3543 ἔνδον
3654 3493 3787 3552 ποιεί,

2246 3574 2341 3628 καὶ
2372 3575 2493 3628 τότε
2532 3576 2661 3646 περὶ
2700 3576 2769 3629 τὰ
2822 3576 2927 3643 ἔξω
2955 3578 3191 3647 πρόεισι.
3233 3578 3543 3651 Διακρίνων
3589 3580 3705 3648 γὰρ.
3733 3580 3791 3642 ὡς

2250 3664 2487 3736 εἴρηται,
2518 3665 2781 3737 διακρίνει
2804 3666 3038 3730 ἕκαστος
3058 3683 3073 3699 ο
3102 3663 3215 3721 οἷον
3254 3669 3484 3738 εἰτύχοι
3518 3667 3593 3738 τῷ
3616 3666 3791 3735 ἀδελεῴ

2248 3756 2770 3828 διαπληκτιζόμενος
2797 3759 3077 3824 στασιάζει
3101 3759 3238 3830 πρὸς
3262 3760 3478 3823 ἑαυτὸν,
3503 3760 3705 3832 πρῶτον
3721 3761 3793 3812 καὶ

2246 3848 2612 3921 ἀντιτίθησιν⁶
2645 3850 2827 3917 Etuta;
2883 3849 3021 3905 ἀλλά
3058 3851 3135 3921 μὴ
3182 3851 3359 3904 εἴπω·
3398 3850 3791 3922 ἀντιφθέγξομαι

2248 3941 2384 4013 πρὸς
2409 3942 2565 3996 ταυτί
2615 3959 2705 4013 μοι
2751 3944 2823 3997 τὰ
2854 3943 3220 4014 ἐπενεχθέντα
3256 3945 3475 4016 όνείδη;
3518 3944 3651 3998 ἀλλά
3695 3961 3792 3997 σιω-

2248 4035 2491 4105 πήσομαι
2525 4033 2724 4104 μᾶλλον
2746 4050 2760 4064 ·
2787 4034 2984 4105 ἔχομεν
3017 4035 3115 4088 καὶ
3140 4036 3247 4088 τῶν
3276 4035 3416 4088 Θεοῦ
3444 4036 3670 4090 ἐντολῶν
3697 4036 3789 4103 (1)·

2248 4122 2387 4194 πλὴν
2433 4123 2570 4177 ἀλλά
2615 4123 2837 4194 καὶτῆς
2877 4123 3015 4189 ιδίας
3046 4124 3204 4196 δόξης
3261 4126 3363 4180 οὐκ
3419 4128 3792 4197 ἀπερχομένης.

2247 4214 2371 4267 οὐδὲ
2388 4214 2738 4268 παντάπασιν
2758 4215 2950 4269 ἑαυτὸν
2988 4216 3243 4287 ἑλόμενος
3288 4219 3723 4290 ἀπαρνήσασθαι.
3747 4219 3793 4269 Et

2248 4301 2342 4359 οῦν
2368 4307 2463 4359 καὶ
2489 4306 2683 4377 μικρὸν
2714 4309 2747 4377 ἡ
2779 4308 2919 4379 ῥοπὴ
2943 4310 3043 4379 τῆς
3064 4309 3158 4363 τοῦ
3181 4310 3389 4381 κόσμου
3443 4311 3629 4381 φιλίας
3656 4311 3729 4362 τδν
3750 4312 3794 4362 ὲν

2246 4399 2314 4468 τῇ
2344 4398 2537 4468 καρδίᾳ
2565 4398 2729 4466 ζυγὸν
2775 4398 3181 4464 καθελκύσειεν,
3228 4401 3389 4464 εὐθὺς
3414 4403 3444 4453 ὀ
3475 4403 3702 4472 πονηρὸς
3720 4402 3791 4452 la"

2248 4502 2342 4555 γος
2364 4488 2609 4557 πρόεισιν
2634 4487 2759 4558 ἄχρι
2780 4489 3005 4543 καὶτῶν
3042 4489 3267 4561 χειλέων
3286 4508 3299 4521 ’
3320 4487 3421 4545 εἷθ’
3450 4484 3628 4557 οὗτος,
3649 4492 3795 4543 (1:37:3-

572 4578 720 4632 citiaa
762 4580 1048 4635 mundanae
1087 4582 1276 4652 jugum
1324 4593 1540 4637 statera:
1583 4584 1639 4639 in
1681 4585 1849 4639 corde
1896 4587 2143 4651 traxerit,

2252 4579 2335 4648 ρεὶ
2364 4578 2514 4641 τόξον
2548 4580 2920 4650 ὲντεινόμενος
2968 4583 2997 4634 ὁ
3051 4580 3176 4644 νοῦς
3235 4581 3469 4645 ἔνδοθεν,
3532 4583 3703 4653 βάλλει
3727 4585 3795 4633 τὶν

572 4669 759 4722 statim
780 4672 981 4743 malum
1013 4674 1240 4727 verbum
1263 4675 1376 4730 exit
1405 4691 1577 4745 usque
1626 4676 1693 4730 ad
1721 4676 1909 4742 labra;
1940 4677 2139 4733 deinde

2249 4671 2460 4742 πλησίον
2485 4672 2572 4726 διὰ
2612 4673 2709 4743 τῆς
2734 4672 2998 4741 γλώττης,
3027 4674 3122 4726 καὶ
3153 4673 3313 4745 μέχρι
3340 4674 3564 4745 χειρῶν,
3625 4675 3725 4727 ἔστι
3759 4673 3792 4725 δ

574 4774 752 4825 mens,
789 4770 1046 4832 tanquam
1082 4781 1271 4819 arcum
1316 4766 1464 4821 intus
1498 4766 1749 4833 tendens,
1780 4769 2054 4838 jaculatur
2085 4770 2142 4823 in

574 4852 885 4923 proximum
920 4871 1015 4925 per
1042 4856 1305 4927 linguam.
1328 4858 1574 4929 Iurgium
1626 4859 1754 4915 inde
1797 4860 2145 4930 progreditur

574 4958 750 5013 usque
772 4944 840 4997 ad
866 4961 1080 5011 manus,
1110 4947 1383 5002 interdum
1410 4958 1465 5003 et
1486 4950 1746 5016 vulnera;
1783 4951 1915 5021 quin
1946 4951 2013 5005 ad
2035 4966 2144 5005 cae-

573 5036 700 5091 dem
731 5053 1122 5109 nonnunquam
1156 5041 1328 5110 ipsam
1378 5043 1492 5095 rixa
1535 5043 1806 5111 pervenit.
1836 5043 1915 5097 Ex
1940 5058 2050 5112 quo
2078 5043 2146 5096 li-

571 5132 662 5177 cet
692 5126 1022 5194 perspicere,
1052 5128 1197 5182 unde
1244 5129 1409 5183 ducto
1458 5131 1733 5199 principio
1764 5130 1821 5184 in
1876 5138 2144 5198 quantum

574 5215 801 5268 sceleris
849 5218 1180 5285 processerit
1224 5218 1411 5273 brevis
1461 5220 1549 5275 ille
1591 5229 1772 5273 motus
1816 5220 2032 5273 animm.
2078 5220 2147 5274 Et

576 5320 645 5360 ex
684 5306 788 5361 hoc
834 5311 1087 5380 exemplo
1133 5320 1349 5380 reputa,
1385 5312 1465 5365 sic
1517 5311 1585 5366 ad
1643 5311 1889 5382 singulos
1920 5310 2148 5367 evenire

649 5448 671 5479 '
710 5449 902 5506 Matth;
938 5466 1048 5517 xvu,
1078 5452 1169 5507 24.
1249 5454 1289 5486 '°
1315 5453 1451 5508 Luc.
1477 5469 1588 5518 xxv,
1618 5452 1708 5508 26.

2238 4765 2328 4818 ὅτε
2363 4764 2460 4817 καλ⁴
2478 4765 2844 4835 τραυμάτων,
2880 4765 3014 4819 ἀλλὰ
3035 4764 3133 4817 καὶ
3161 4766 3326 4817 αὑτοῦ
3359 4766 3549 4834 φόνου,
3576 4765 3633 4817 τδ
3658 4766 3792 4817 κακὸν

2239 4855 2505 4925 πρόεισιν.
2548 4854 2764 4921 Ἔξεστι
2787 4856 2966 4911 τοίνυν
2986 4858 3079 4910 καὶ
3110 4856 3515 4928 παραθεωρεῖν,
3546 4859 3666 4910 ὅθεν
3713 4857 3794 4925 ἀρ-

2240 4948 2472 5017 ξάμενον
2492 4942 2606 5003 οἷον
2635 4948 2845 5019 προέΰη
2875 4948 3050 5002 δεινοῦ
3075 4949 3137 5002 τὸ
3183 4948 3359 5018 βραχὺ
3405 4949 3567 5001 τοῦτο
3617 4948 3791 5015 κίνημα

2239 5039 2338 5110 τῆς
2365 5040 2563 5110 ψυχῆς.
2588 5040 2745 5094 Οῦτω
2774 5041 2882 5093 νόει
2930 5057 3043 5109 μοι,
3099 5040 3194 5092 καὶ
3231 5041 3309 5103 είς
3343 5039 3403 5092 ἓν
3434 5040 3660 5094 ἕκαστον
3684 5055 3795 5105 cvp-

2251 5130 2456 5183 6αίνειν
2502 5130 2809 5201 ἁμάρτημά
2865 5146 2927 5182 τε
2959 5131 3054 5183 καὶ
3102 5130 3462 5200 ἐπιτήδευμα,
3491 5132 3594 5201 τῆς
3627 5128 3793 5187 κακίας

2252 5221 2650 5291 κολακευούσης
2698 5237 2757 5273 τε
2790 5220 2884 5274 καὶ
2939 5222 3364 5291 περισαινούσης
3392 5222 3454 5274 τὸ
3486 5221 3693 5287 θέλημα
3713 5218 3793 5282 τῆς

2252 5312 2429 5384 ψυχῆς
2470 5312 2789 5383 ἐπιθυμίαις
2840 5315 3129 5384 κοσμικαῖς
3185 5315 3279 5366 καὶ
3311 5312 3516 5383 σαρκός
3564 5312 3790 5383 ἡδονά-Γ

659 5602 746 5679 (Ι)¹
769 5584 1026 5679 Ἕχομεν,
1065 5622 1119 5657 κ.
1151 5621 1201 5657 τ.
1225 5603 1301 5675 λλ
1346 5605 1503 5660 Forte
1547 5604 1651 5677 leg.
1687 5604 1876 5678 ἔχομαι
1908 5608 1997 5662 καὶ
2033 5607 2139 5661 τῶν

2249 5609 2317 5663 ιοῦ
2349 5606 2613 5673 ὲντολῶν;
2678 5607 2834 5679 πλὴν,
2872 5624 2925 5663 κ.
2970 5624 3019 5663 τ.
3053 5608 3104 5663 λ.
3139 5606 3487 5663 Adhwrebane
3520 5608 3673 5660 etiam
3702 5601 3779 5654 Dei

585 5672 893 5728 mandatis?
919 5675 991 5727 sic
1022 5685 1196 5728 tamen
1226 5672 1304 5741 ut,
1333 5685 1438 5729 ctc.
