4044 6548
295 296 405 367 885

1146 306 1378 368 LIBER
1417 309 1515 369 DE
1551 308 1957 373 PATIENTIA
1996 311 2091 371 ET
2132 308 2655 372 DlSCRETIONE.

3460 309 3567 375 886

297 414 473 479 οὕτως
492 414 859 485 ἀπαρτίζεται
890 416 1285 487 μοιχεία,οὖτω
1314 420 1509 493 κλοπὴ,
1542 420 1682 475 οὕτω
1696 421 1882 475 πλεον-

1988 425 2173 494 lapsus
2198 425 2253 479 in
2284 433 2507 494 peccata
2533 424 2617 479 vél
2658 437 2828 494 prava
2867 423 3084 490 studia;
3121 424 3327 480 malitia
3358 424 3564 495 ubique

297 506 439 575 εξία,
484 507 626 562 οὕτω
663 509 755 563 καὶ
782 509 1083 578 κενοδοξία,
1129 513 1274 567 οὕτω
1305 513 1400 569 καὶ
1428 515 1538 567 πᾶν
1577 514 1755 568 ὁτιοῦν
1785 532 1878 568 πο-

297 601 484 675 νηρόν.

1983 515 2395 570 adulationibus
2426 514 2758 585 quibusdam
2794 516 3192 587 blanditiisque
3246 518 3563 587 pelliciente

1984 608 2322 662 voluntatem
2344 606 2541 661 animm
2568 608 2625 661 in
2646 607 2977 679 cupiditates
3003 609 3332 664 mundanas.
3359 620 3413 664 et
3438 582 3566 663 car:-

299 698 389 754 nis
419 701 747 771 voluptates.
790 703 883 760 Sic
906 713 1259 787 perpetratur
1308 706 1670 774 adulterium,
1703 707 1784 762 sic
1805 706 2035 774 furtum,
2066 708 2146 763 sic
2179 690 2432 773 avaritia,
2464 706 2546 763 sic
2592 723 2732 763 vana
2774 705 3058 778 gloriatio;
3111 707 3193 762 sic
3225 722 3388 763 omne
3410 708 3563 763 aliud

297 796 541 867 cujusvis
569 801 787 869 generis
807 803 1032 859 malum.

371 889 499 944 ΚΝ.
531 891 639 944 Καὶ
667 892 811 945 αὐτὰ
867 894 935 945 τὰ
960 893 1102 947 καλά
1148 895 1411 960 πολλάκις
1467 897 1876 967 ἐπιτηδεύματα

298 982 388 1036 διὰ
432 984 597 1054 κενὴν
646 984 804 1051 δόξαν
858 987 1223 1041 ἐπιτελεῖται·
1258 989 1396 1059 ὅπερ
1440 990 1553 1043 τσον
1582 990 1787 1057 κλοπῆς
1816 1007 1877 1043 τε

300 1077 395 1129 καὶ
422 1075 671 1145 άκηδίας,
696 1078 790 1130 καὶ
818 1077 926 1130 τῶν
958 1076 1136 1134 ἄλλων
1164 1081 1417 1150 μεγάλων
1459 1082 1876 1151 ἁμαρτημάτων

296 1167 377 1237 τῷ
408 1167 526 1237 Θεῷ
551 1167 818 1238 κρίνεται.
863 1169 925 1224 '0
954 1171 1099 1237 Θεὸς
1146 1171 1277 1243 γάρ,
1310 1174 1496 1244 φησὶν,
1535 1174 1875 1241 διεσκόρπι-

299 1278 413 1315 σεν
459 1260 610 1317 ὀστᾶ
661 1263 1210 1331 ἀνθρωπαρέσκωνο
1238 1264 1379 1319 ὥστε
1435 1268 1531 1319 καὶ
1581 1265 1649 1319 δι’
1694 1265 1877 1320 αὐτῶν

296 1357 408 1409 τῶν
456 1356 639 1411 καλῶν
684 1357 1073 1428 ὑπηρετεῖσθαι
1120 1360 1215 1414 καὶ
1256 1361 1659 1430 θεραπεύεσθαι
1716 1362 1746 1414 ὁ
1790 1364 1882 1431 ἐχ-

299 1449 429 1519 θρὸς
448 1447 715 1519 βούλεται,
737 1449 1011 1518 ἀπατηλὸς
1031 1451 1107 1505 ὢν
1128 1453 1357 1518 ἐκεῖνος,
1381 1455 1479 1509 καὶ
1496 1453 1760 1520 ποικίλος,
1786 1451 1882 1507 καὶ

300 1542 533 1604 σκολιός.

372 1638 500 1694 KE'.
518 1638 699 1710 ὀπερ
722 1656 807 1703 τις
830 1638 1057 1712 ἐφίλησε
1088 1639 1186 1694 τοῦ
1218 1642 1484 1713 παρόντος
1514 1643 1724 1715 κόσμου
1751 1642 1884 1697 τού-

2052 898 2240 953 XXIV.
2276 899 2395 967 ipsa
2423 913 2646 969 quoque
2684 914 2782 970 per
2827 914 2886 955 se
2919 898 3216 954 laudabilia
3248 899 3320 954 ob
3361 914 3561 954 vanam

1982 1006 2126 1059 saepe
2174 991 2405 1061 gloriam
2451 1007 2621 1063 opera
2651 991 2985 1047 efﬁciuntur.
3021 993 3177 1058 Quod
3211 993 3434 1062 quidem
3463 1008 3563 1062 par

1982 1083 2152 1149 furto,
2184 1085 2418 1148 inertiae,
2469 1085 2790 1153 magnisque
2828 1084 2952 1138 aliis
2980 1086 3221 1153 peccatis
3265 1100 3296 1139 a
3329 1086 3442 1140 Deo
3467 1088 3562 1156 ju-

1983 1177 2239 1232 dicatur:
2276 1176 2418 1231 Deus
2463 1179 2602 1231 enim
2628 1178 2726 1249 (ait
2756 1177 2953 1247 David)
2991 1180 3267 1249 dissipavit
3306 1197 3425 1234 ossa
3471 1197 3562 1233 eo-

1987 1288 2126 1335 rum,
2158 1272 2247 1341 qui
2268 1270 2561 1324 hominibus
2592 1269 2803 1340 placent
2830 1273 2895 1325 “.
2922 1272 3110 1341 Itaque
3143 1273 3437 1343 vectigales
3454 1273 3561 1328 sibi

1981 1364 2163 1419 facere
2205 1364 2462 1427 virtutes,
2515 1363 2784 1418 tributum
2817 1378 2848 1417 e
2891 1363 3059 1419 bonis
3088 1366 3350 1434 operibus
3380 1367 3562 1421 cultus

1981 1455 2345 1526 obsequiique
2380 1464 2605 1525 captans
2630 1455 2841 1525 proprii
2884 1456 3061 1510 hostis
3111 1467 3303 1511 noster
3342 1459 3558 1528 satagit,

1982 1559 2259 1607 veterator
2288 1550 2381 1605 ille
2409 1558 2699 1611 versutus,
2719 1549 2906 1603 varius
2936 1558 2993 1604 et
3020 1565 3242 1619 pravus.

2056 1643 2220 1699 XXV.
2258 1642 2433 1709 Quam
2467 1641 2651 1711 quivis
2678 1656 2745 1695 ex
2772 1641 2965 1695 mundi
2989 1641 3155 1712 hujus
3188 1640 3354 1696 rebus
3388 1649 3554 1706 amat,

296 1749 415 1796 του,
443 1732 541 1786 καὶ
573 1731 796 1802 βαρύνει
823 1731 889 1804 δὴ
913 1732 1011 1803 τὴν
1065 1732 1276 1789 ἐκείνου
1300 1736 1563 1799 διάνοιαν,
1597 1740 1692 1791 καὶ
1714 1737 1877 1792 οἱονεὶ

1988 1753 2044 1793 ea
2066 1742 2258 1807 gravat
2288 1736 2437 1789 illius
2460 1742 2723 1799 mentem,
2746 1743 2803 1788 et
2824 1734 2979 1803 quasi
3019 1734 3278 1789 deorsum
3312 1735 3477 1787 trahit
3498 1749 3561 1789 ac

298 1824 450 1877 tino
480 1821 758 1887 καθέλκει,
779 1822 874 1876 καὶ
902 1824 1133 1878 συνωθεί
1161 1826 1257 1880 καὶ
1280 1827 1557 1897 ἀνακύψαι
1575 1828 1745 1900 αὐτὴν
1782 1830 1883 1883 ούκ

298 1914 504 1983 ἀνίησι.
535 1914 656 1967 Τῶν
676 1914 786 1986 γὰρ
799 1913 1058 1969 τοιούτων
1086 1917 1148 1970 τὸ
1176 1919 1440 1989 στάθμιόν
1461 1938 1522 1974 τε
1539 1922 1635 1975 καὶ
1658 1923 1692 1992 ἡ
1712 1921 1880 1993 ῥοπὴ,

299 2005 397 2058 καὶ
411 2005 471 2057 τὸ
496 2004 680 2074 ζύγιον
696 2005 792 2060 τοῦ
810 2006 1113 2079 θελήματος
1138 2011 1238 2080 τῆς
1256 2012 1484 2082 καρδίας
1505 2012 1694 2086 ὥσπερ
1714 2015 1881 2085 ἑξήρ-

296 2114 482 2167 τηται,
514 2098 609 2152 καὶ
630 2097 861 2168 βάσανος
875 2098 1028 2153 ἔνθεν
1045 2101 1257 2169 γίνεται
1275 2104 1435 2157 παντὶ
1460 2104 1538 2175 τῷ
1558 2106 1882 2177 ἀνθρωπείῳ

297 2189 469 2259 γένει,
509 2191 627 2261 ἦτοι
654 2191 762 2245 τῶν
796 2193 854 2246 ἐν
878 2192 1102 2246 πόλεσιν
1124 2194 1419 2259 οἰκούντων
1443 2197 1812 2267 Χριστιανῶν,
1846 2198 1881 2269 ἦ

295 2284 408 2336 τῶν
447 2285 506 2337 ἐν
533 2283 705 2354 ὄρεσι,
736 2284 844 2339 τῶν
865 2287 924 2339 ὲν
956 2289 1166 2355 μοναϊς,
1206 2287 1240 2356 ἦ
1283 2289 1340 2341 ὲν
1369 2289 1583 2360 ἀγροῖς,
1612 2290 1646 2359 ἢ
1674 2293 1732 2343 ὲν
1756 2292 1884 2361 ἐρη-

301 2376 477 2446 μίαις,
526 2377 606 2430 ὅτι
637 2375 778 2432 ἑκών
810 2395 895 2440 τις
930 2377 1320 2448 δελεαζόμενος
1359 2380 1449 2448 ὑφ’
1493 2373 1665 2452 οὗπερ
1715 2382 1881 2450 φιλεῖ,

293 2466 458 2539 δῆλός
501 2469 649 2522 ἐστιν
675 2466 831 2522 ούπω
856 2468 956 2539 τὴν
989 2470 1214 2542 ἀγάπην
1243 2470 1409 2524 αὐτοῦ
1446 2471 1576 2542 ὅλην
1605 2472 1885 2541 παραδοὺς

295 2558 379 2630 τῷ
399 2559 534 2631 Θεῷ.
564 2556 710 2625 Οίον,
744 2561 1002 2632 ἠγάπησε
1034 2579 1140 2626 τις,
1171 2564 1220 2615 εἰ
1250 2561 1426 2633 τύχοι,
1457 2566 1730 2633 κτήματα,
1752 2581 1884 2634 χρυ-

298 2652 419 2707 σίον
436 2653 614 2719 ἄλλος,
642 2654 825 2723 ἕτερος
866 2657 934 2726 τῇ
965 2656 1165 2726 γαστρὶ⁸
1183 2655 1474 2720 δουλεύειν,
1497 2656 1531 2726 ἢ
1568 2656 1885 2727 ἐπιθυμίαις

294 2742 420 2807 ταῖς
458 2743 557 2814 τῆς
591 2745 798 2815 σαρκὸς
819 2745 1167 2817 χαρίζεσθαι,
1192 2746 1352 2809 ἄλλος
1384 2747 1578 2815 σοφίαν
1598 2746 1773 2815 λόγων
1794 2747 1886 2801 διὰ

293 2834 460 2901 δόξαν
495 2835 759 2907 ἐπίκηρον
777 2852 793 2869 ο
816 2839 844 2890 ὁ
872 2837 972 2907 μὲν
1005 2836 1201 2909 ἀρχὴν,
1240 2838 1269 2890 ὁ
1292 2837 1348 2890 δὲ
1376 2837 1475 2900 τὰς
1507 2837 1566 2901 ἐξ
1588 2836 1887 2907 ἀνθρώπων

293 2930 485 3000 τιμὰς,
520 2928 689 2999 ὀργὴν
724 2928 882 2993 ἄλλος
912 2930 1007 2983 καὶ
1042 2929 1234 3000 μῆνιν
1270 2929 1331 2982 τὸ
1367 2912 1474 2999 γὰρ
1513 2927 1728 2981 ἔκδοτον
1759 2929 1889 2982 ἐαυ·

296 3023 392 3074 τὸν
424 3024 727 3093 παρασχεῖν
749 3021 827 3092 τῷ
853 3022 1027 3091 φίλων
1065 3020 1215 3092 αύτῷ
1238 3023 1519 3091 φαίνεται·
1549 3021 1733 3091 ἕτερος
1765 3022 1889 3091 ὁμι-

296 3112 495 3178 λίαςὲς
513 3112 667 3167 οὐδὲν
695 3114 835 3168 δέον.
864 3114 1057 3178 uno;
1091 3113 1279 3177 άπλῶς
1297 3113 1359 3167 τδ
1381 3114 1770 3185 μεθορίζεσθαι
1794 3155 1810 3180 ,
1845 3114 1877 3185 ἢ
1913 3094 1957 3150 C

297 3204 483 3273 λόγοις
510 3204 797 3276 προσέχειν
830 3206 1096 3275 ἀργοῖς,ἣ
1128 3206 1189 3258 τὸ
1222 3205 1545 3269 διδάσκαλος
1587 3200 1751 3271 εἶναι,
1786 3205 1882 3258 καὶ

296 3298 463 3355 τοῦτο
488 3300 575 3355 διὰ
606 3300 765 3368 δόξαν
794 3299 892 3372 τὴν
916 3299 977 3365 ἐξ
996 3299 1298 3369 ἀνθρώπων
1320 3315 1333 3329 ·
1366 3300 1464 3353 καὶ
1485 3302 1514 3353 ό
1539 3300 1637 3371 μὲν
1666 3300 1879 3370 χαυνὼο

305 3410 394 3446 σει
444 3394 541 3446 καὶ
599 3392 833 3465 ἀμελείᾳ
864 3392 1183 3463 πρόσκειται
1206 3406 1219 3419 °
1250 3393 1279 3445 ὁ
1322 3390 1380 3444 δὲ
1410 3392 1639 3462 ἱματίων
1670 3391 1883 3444 καλλω-

299 3488 527 3555 πισμοίς
557 3485 775 3556 ἥδεται·
825 3480 981 3547 οὗτος
1032 3484 1183 3555 ὕπνῳ
1207 3524 1222 3548 ,
1284 3485 1490 3546 ἐκεῖνος
1524 3483 1881 3554 εὐτραπελίᾳ,

300 3578 405 3630 καὶ
431 3576 587 3639 ἀλλος
621 3575 804 3648 μικρῷ
831 3576 988 3647 τινιῆ
1025 3576 1247 3648 μεγάλῳ
1298 3574 1393 3629 τοῦ
1430 3575 1636 3647 κόσμου
1679 3574 1886 3629 δέδεται

300 3672 404 3724 καὶ
456 3670 767 3741 κατέχεται,
804 3670 900 3724 καὶ
927 3671 1029 3724 οὐκ
1071 3670 1283 3733 ἀνίεται
1317 3669 1597 3738 ἀνακύψαι
1620 3684 1634 3699 ’
1671 3670 1809 3739 πρὸς
1859 3668 1888 3721 δ

301 3761 417 3833 γὰρ
432 3761 599 3826 πάθος
627 3763 687 3815 ού
707 3762 1037 3832 διαμάχεταί
1061 3778 1145 3825 τις
1171 3761 1457 3830 γενναίως,
1475 3762 1596 3815 οὐδὲ
1621 3759 1887 3814 ἀντικαθ-

305 3857 523 3909 ίτταται
582 3854 775 3925 ἐκείνῳ
817 3853 1056 3918 πάντως,
1106 3854 1200 3907 καὶ
1220 3852 1404 3923 ἥδεται
1427 3867 1441 3881 ·
1486 3853 1710 3906 κάκεῖνο
1742 3852 1885 3906 καθ-

304 3951 467 4003 έλκον
506 3948 671 4001 αὐτὸν
708 3946 804 3999 καὶ
825 3945 1053 4015 κατέχον
1076 3945 1244 3998 οἱονεὶ
1282 3943 1480 4015 δεσμός
1530 3960 1638 4007 τις,
1671 3945 1765 3997 καὶ
1794 3943 1893 3996 κύ-

1981 1830 2250 1894 detrudit,
2277 1836 2604 1897 vertereque
2636 1842 2858 1883 sursum
2882 1828 3070 1880 oculos
3085 1842 3196 1880 non
3226 1826 3379 1881 sinit.
3403 1827 3561 1896 Apud

1982 1923 2120 1979 tales
2143 1922 2291 1977 enim
2324 1930 2529 1977 statera
2559 1928 2616 1976 et
2636 1936 2840 1991 anceps
2869 1928 3231 1984 momentum,
3258 1922 3562 1991 jugumque

1982 2013 2199 2069 arbitrii
2235 2011 2420 2066 cordis
2450 2010 2608 2081 quasi
2643 2010 2917 2064 sublatum
2946 2018 3065 2073 est;
3096 2024 3437 2078 examenque
3481 2008 3559 2064 sic

1983 2104 2045 2161 ﬁt
2087 2103 2382 2174 explorans
2429 2102 2656 2157 intimos
2698 2115 2895 2155 sensus
2938 2101 3118 2155 omnis
3137 2100 3355 2170 generis
3385 2099 3562 2153 homi:

1983 2209 2141 2257 num,
2169 2209 2268 2251 seu
2295 2193 2351 2247 in
2374 2191 2609 2247 urbibus
2638 2190 2958 2261 degentium
2977 2190 3437 2255 Christianorum,
3463 2204 3559 2243 seu

1984 2288 2039 2343 in
2080 2288 2383 2352 montibus,
2404 2302 2502 2342 seu
2536 2287 2593 2341 in
2618 2286 3004 2350 monasteriis;
3034 2284 3149 2338 sive
3176 2284 3229 2337 in
3255 2283 3420 2353 agris,
3443 2284 3560 2338 sive

1988 2381 2045 2435 in
2074 2380 2486 2436 solitudinibus.
2517 2378 3072 2450 Deprehenditurque
3108 2392 3175 2430 ex
3201 2390 3269 2429 eo
3298 2374 3445 2444 quod
3472 2390 3567 2427 νου·

1990 2477 2112 2531 lens
2129 2474 2255 2544 quis
2274 2473 2547 2528 alliciatur
2567 2472 2637 2527 ab
2654 2487 2719 2527 ea
2740 2486 2820 2537 re,
2842 2482 3184 2539 quaecunque
3215 2466 3438 2522 tandem
3457 2475 3561 2530 est,

1990 2583 2153 2638 quam
2183 2573 2351 2630 amat,
2381 2563 2627 2620 nondum
2681 2578 2842 2620 suum
2901 2577 3120 2616 omnem
3161 2576 3402 2615 amorem
3449 2562 3567 2616 Deo

1986 2658 2280 2714 addixisse.
2316 2657 2565 2726 Exempli
2592 2656 2794 2728 gratia,
2822 2654 3148 2724 diligitquis
3172 2653 3313 2707 forte
3346 2667 3565 2721 posses-

1986 2750 2193 2814 siones,
2229 2750 2373 2805 alius
2398 2765 2622 2812 aurum,
2666 2749 2810 2803 alius
2848 2754 2995 2801 amat
3020 2745 3198 2800 ventri
3241 2744 3470 2807 servire,
3509 2752 3568 2797 et

1988 2839 2276 2910 indulgere
2324 2837 2792 2908 concupiscentiis
2815 2836 3027 2901 carnis;
3062 2835 3204 2889 alius
3239 2834 3565 2904 sapientiam

1987 2938 2133 2987 amat
2176 2937 2402 3000 propter
2444 2930 2678 3000 gloriam
2719 2928 3007 3000 fragilem;
3048 2942 3158 2981 non
3195 2941 3360 2981 nemo
3394 2924 3569 2980 ambit

1988 3022 2407 3094 praefecturam;
2464 3023 2602 3077 alter
2640 3021 2880 3076 honores
2927 3019 2997 3074 ab
3042 3017 3395 3083 hominibus;
3438 3017 3571 3071 huic

1988 3117 2165 3187 placet
2184 3115 2263 3169 ira
2294 3114 2505 3176 efferri.
2541 3120 2599 3170 et
2628 3114 2915 3179 bile;nam
2946 3111 3270 3181 impendere
3300 3125 3358 3165 se
3386 3110 3568 3179 ipsum

1983 3206 2176 3262 amicis
2208 3204 2578 3269 vindicandis,
2604 3204 2725 3259 laus
2751 3203 2856 3273 ipsi
2885 3202 3103 3258 videtur
3132 3219 3146 3256 :
3191 3201 3284 3256 alii
3308 3198 3571 3271 jucunda:

1983 3307 2116 3357 sunt
2163 3299 2637 3354 confabulationes
2665 3297 2853 3352 facete
2902 3295 2972 3351 de
3008 3294 3170 3366 nugis
3207 3293 3564 3349 scurrilibus.

1985 3392 2288 3460 Quemdam
2318 3392 2495 3447 soluta
2512 3389 2736 3445 licentia
2769 3389 2915 3443 ultra
2935 3388 3121 3443 decori
3144 3386 3415 3441 terminos
3438 3398 3569 3439 eva-

1986 3484 2177 3556 gandi;
2207 3495 2304 3540 aut
2337 3484 2522 3539 verbis
2543 3482 2735 3537 otiosis
2764 3480 3073 3546 attendere,
3103 3489 3200 3533 aut
3243 3479 3568 3548 magistrum

1987 3592 2148 3644 esse;
2178 3586 2236 3633 et
2258 3576 2364 3631 hoe
2390 3574 2725 3645 aucupandae
2742 3588 2905 3627 causa
2925 3572 2994 3625 ab
3011 3570 3331 3624 hominibus
3361 3570 3566 3636 glorim.

1987 3664 2065 3718 Ac
2096 3660 2297 3729 aliquis
2335 3658 2561 3729 quidem
2590 3658 2647 3711 in
2679 3667 2957 3727 torporem
2979 3653 3441 3723 etnegligentiam
3472 3652 3573 3704 in-

1988 3755 2219 3811 cumbit.
2250 3752 2344 3807 Est
2365 3766 2531 3821 quem
2552 3748 2791 3805 delectet
2818 3756 3045 3803 ornatus
3081 3761 3146 3802 ac
3186 3743 3449 3815 splendor
3478 3758 3573 3797 ve-

1990 3847 2178 3901 stium.
2206 3843 2308 3899 Hic
2350 3857 2565 3907 somno,
2598 3841 2691 3895 ille
2731 3839 3013 3896 dicacitati
3050 3838 3397 3902 facetiarum,
3430 3834 3571 3890 alius

1990 3950 2173 4005 parvae
2215 3933 2458 4004 cuipiam
2486 3938 2584 3984 aut
2611 3945 2820 4001 magna:
2847 3928 3250 3983 mundanarum
3275 3939 3460 3980 rerum
3490 3922 3571 3977 af-

306 4060 432 4112 φων
456 4041 554 4112 τῆς
572 4038 813 4101 διανοίας
834 4036 1000 4091 αὐτοῦ
1032 4037 1241 4105 γίνεται
1256 4036 1351 4090 τοῦ
1380 4036 1455 4106 μὴ
1486 4034 1624 4107 πρὸς
1648 4036 1741 4090 τὸν
1759 4033 1887 4088 Θεὸν

1993 4029 2140 4085 fectu
2168 4027 2382 4083 deﬁxus
2426 4024 2630 4089 lueret;
2668 4023 2744 4079 ita
2767 4030 2830 4077 ut
2860 4036 2925 4076 ea
2945 4018 3102 4090 quasi
3137 4017 3359 4073 vinctus
3382 4024 3573 4070 tenea-

304 4106 701 4211 ἀναφέρεσθαι,
736 4133 859 4206 μηδ’
882 4132 1033 4203 αύτῷ
1067 4132 1214 4203 μόνῳ
1244 4106 1550 4201 λατρεύεινι
1585 4129 1748 4199 Ψυχὴ
1782 4128 1887 4199 γὰρ

1995 4132 2105 4183 tur,
2133 4135 2237 4175 nec
2265 4117 2437 4188 possit
2457 4129 2683 4171 sursum
2703 4112 2987 4183 aspicere;
3016 4124 3183 4180 quam
3206 4106 3354 4163 enim
3374 4106 3575 4174 aliquis

308 4234 347 4302 ἡ
367 4196 585 4301 ἀλήθῶς
772 4196 977 4300 ιξύριον
1113 4196 1289 4296 ὁρμὴν
1314 4196 1887 4287 ἀπευθύνασα,ήπᾶσαν

1994 4210 2163 4266 animi
2198 4210 2283 4265 sui
2308 4224 2533 4279 pravam
2572 4204 2920 4260 aﬂ‘ectionem
2959 4217 3072 4256 non
3109 4206 3392 4269 oppugnat
3437 4196 3578 4251 acri-

501 4287 600 4392 τὴν
627 4287 815 4391 ξίφεσιν
841 4287 1158 4389 ἐπιτρέπει,
1184 4287 1324 4387 αύτή
1384 4333 1444 4369 σε
1498 4315 1702 4383 ἑαυτῆς
1729 4312 1887 4381 ἐξαρ-

1998 4316 2100 4369 ter,
2133 4303 2333 4372 cuique
2361 4316 2474 4355 non
2522 4297 2747 4354 obsistit
2774 4307 3064 4367 generose,
3094 4306 3159 4345 ea
3183 4289 3402 4346 tandem
3428 4287 3577 4342 dele-

306 4434 403 4481 νος
429 4383 683 4484 viveras;
706 4414 801 4467 καὶ
838 4412 931 4467 τοῦ
968 4383 1099 4466 ίδίου
1130 4410 1250 4474 νοὸς
1291 4383 1406 4472 τοῖς
1442 4407 1744 4479 θελήμασιν
1794 4404 1887 4457 οὐκ

1998 4406 2200 4463 ctatur,
2232 4406 2288 4452 et
2310 4404 2441 4450 tunc
2467 4394 2559 4447 illa
2583 4390 2753 4447 trahit
2783 4389 2961 4460 ipsum
2986 4401 3051 4440 ac
3071 4383 3304 4447 detinet,
3326 4389 3382 4436 et
3404 4395 3581 4434 uncus

792 4466 795 4467 ν
1230 4466 1247 4474 ⁷
1385 4466 1401 4472 ⁷
1559 4466 1594 4479 Π
1930 4466 1974 4522 D
2000 4491 2150 4546 velut
2172 4487 2397 4559 quidam
2429 4485 2651 4541 collaris
2676 4484 2798 4555 ejus
2814 4479 3014 4536 mentis
3034 4480 3114 4543 fit,
3143 4476 3401 4531 deorsum
3430 4471 3579 4526 illam

308 4603 612 4657 incurvans
663 4606 860 4670 negato
899 4597 979 4653 illi
1024 4602 1286 4667 suspectu
1311 4592 1381 4649 ad
1406 4593 1581 4648 Deum
1629 4588 1841 4655 libero;
1874 4601 1977 4641 nec
2007 4583 2333 4656 permittens
2364 4580 2443 4635 illi
2470 4578 2571 4634 soli
2603 4578 2832 4631 servire.
2859 4573 3054 4628 Anima
3088 4569 3259 4631 enim.
3292 4580 3414 4635 quae
3450 4574 3579 4617 vere

308 4696 381 4751 ad
423 4696 714 4751 Dominum
758 4695 1021 4764 impetum
1051 4707 1210 4747 suum
1242 4688 1452 4759 dirigit,
1485 4700 1651 4742 omne
1679 4683 1759 4737 illi
1792 4696 1952 4737 suum
1984 4676 2320 4734 desiderium
2348 4672 2639 4744 permittit.
2671 4670 2895 4740 ipsaque
2920 4668 2977 4722 in
3017 4664 3273 4721 omnibus
3300 4675 3362 4717 se
3387 4658 3563 4728 ipsam

308 4792 570 4862 abnegat,
601 4788 946 4860 proprizeque
968 4784 1172 4839 mentis
1199 4779 1649 4837 inclinationibus
1670 4775 1819 4831 haud
1846 4772 2195 4842 obsequitur.

387 4888 479 4939 ΚΖ
499 4928 513 4941 .
557 4882 841 4937 Διδακτέον
893 4882 957 4933 ὲκ
981 4878 1448 4949 παραδείγματος,
1479 4873 1597 4934 πῶς
1623 4870 1892 4940 θελήματι

316 4979 438 5048 ἰδίῳ
471 4974 880 5044 παραπόλλυται
911 4971 1219 5043 ἄνθρωπος.
1252 4969 1352 5022 Διὰ
1373 4966 1482 5037 γὰρ
1515 4964 1736 5032 ἀγάπην
1752 4960 1897 5023 τινὸς

310 5070 428 5122 τῶν
462 5068 555 5121 τοῦ
589 5068 793 5137 κόσμου
817 5066 874 5118 ἓν
895 5082 955 5117 τε
990 5064 1124 5134 πυρὶ
1155 5061 1407 5131 βάλλεται
1444 5058 1542 5112 καὶ
1563 5059 1621 5110 ὲν
1645 5055 1893 5126 θαλάσσῃ

314 5157 621 5230 βυθίζεται,
645 5156 741 5210 καὶ
769 5153 1118 5224 αἰχμαλωσίᾳ
1156 5150 1350 5205 ἑαυτὸν
1378 5146 1716 5219 ἐμπαρέχειο
1760 5144 1896 5197 ὑπο-ο

311 5250 521 5306 κείσθω
550 5249 681 5319 γὰρ,
715 5241 863 5300 οἶκόν
892 5261 1037 5308 τινος
1058 5244 1092 5314 ἢ
1124 5243 1313 5312 ἀγρὸν,
1363 5239 1506 5294 οὕτω
1528 5237 1765 5308 συμϐάν,
1797 5251 1899 5289 κα-

310 5338 761 5411 ταπίμπρασθαι.
809 5338 867 5390 '0
915 5338 1095 5390 τοίνυν
1123 5333 1316 5388 ἑαυτὸν
1373 5331 1678 5403 περισῶσαι
1716 5326 1900 5399 βουλό-

318 5448 507 5503 μενος,
532 5431 606 5494 ὡς
628 5429 722 5484 τοῦ
743 5427 1077 5500 ἐμπρησμοῦ
1109 5425 1328 5498 ᾔσθετο,
1361 5423 1567 5495 γυμνὸς
1584 5421 1897 5490 ἐκπέφευγε

317 5527 542 5580 πάντων
570 5524 873 5593 ἀμελήσας,
903 5521 998 5576 καὶ
1025 5521 1126 5592 τῆς
1164 5517 1361 5573 ἑαυτοῦ
1403 5516 1570 5588 μόνης
1595 5513 1771 5585 illuxit;
1803 5526 1899 5579 γε-

394 5758 432 5787 “
466 5752 664 5810 Psalm.
692 5768 778 5819 ut,
802 5748 854 5805 6.

2068 4863 2259 4919 XXVI.
2292 4858 2609 4916 Docendum
2656 4857 2713 4911 in
2765 4852 3037 4922 exemplo,
3064 4845 3340 4920 quomodo
3369 4843 3483 4906 fiat,
3511 4849 3571 4894 ut

2000 4963 2193 5029 pereat
2219 4955 2403 5017 homo,
2433 4966 2504 5006 eo
2535 4948 2683 5020 quod
2706 4946 2940 5017 prOpriae
2961 4935 3454 5013 obsecutuyucrit
3482 4949 3581 4987 vo-

2002 5047 2234 5112 luntati;
2265 5052 2491 5115 propter
2528 5040 2681 5096 enim
2709 5038 2969 5093 affectum
3006 5032 3075 5087 ad
3100 5028 3306 5099 aliquid
3332 5043 3398 5081 ex
3424 5041 3582 5115 murt-

2002 5138 2163 5194 danis
2194 5113 2463 5204 contingit
2484 5147 2611 5187 eum
2642 5136 2737 5184 aut
2765 5128 2820 5182 in
2853 5127 3035 5197 ignem
3068 5120 3288 5192 conjici,
3322 5126 3418 5171 aut
3439 5113 3579 5170 mari.

2005 5230 2272 5300 demergi,
2310 5227 2474 5296 188
2521 5233 2615 5279 aut
2668 5222 2722 5276 in
2754 5218 3134 5289 captivitatem
3162 5228 3221 5268 se
3255 5212 3435 5281 ipsum
3471 5217 3585 5262 tra-

2007 5324 2158 5378 dere.
2192 5322 2457 5384 Ponatur,
2482 5317 2707 5372 domum
2732 5322 2828 5367 aut
2858 5310 3043 5364 villam
3082 5321 3210 5362 casu
3247 5303 3476 5361 fortuito
3505 5300 3587 5353 iu-

2005 5411 2296 5472 ﬂammari.
2326 5410 2429 5477 Qui
2449 5423 2583 5479 ergo
2612 5405 2778 5461 saluti
2817 5401 3107 5458 consulere
3141 5396 3377 5469 propria:
3403 5394 3588 5448 decre-

2005 5509 2107 5575 vit,
2155 5502 2420 5576 neglectis
2467 5499 2651 5558 statim
2697 5495 2955 5553 omnibus
3002 5492 3235 5563 aufugit,
3291 5486 3448 5560 quasi
3485 5480 3585 5556 qui
