4044 6570
528 328 633 397 887
936 285 945 297 ’
1296 320 1297 323 ‘
1800 336 1859 395 s.
1901 334 2221 395 MACARII
2262 334 2587 395 IEGYPTII
3664 332 3747 396 888

530 444 851 502 incendium
888 444 1004 516 jam
1044 442 1267 511 sentiat,
1287 458 1401 499 sua:
1426 441 1589 498 unice
1615 442 1743 498 vita:
1775 457 1963 498 curam
1993 458 2110 499 ser-

2149 449 2187 503 Α
2212 444 2456 515 νόμενος.
2494 444 2721 512 Ἕτερος
2741 440 2823 511 ζδὲ
2849 440 2930 505 εἰς
2962 438 3088 495 νοῦν
3118 440 3270 512 αὑτῷ
3303 439 3521 496 ἐπελθὸν
3542 439 3627 495 καί
3652 459 3746 498 τινα

530 538 724 615 ιμιηάαε
753 538 986 594 habens.
1020 538 1175 593 Alius
1202 545 1386 592 autem
1408 552 1594 591 amore
1621 535 1908 607 cujusdam
1943 535 2108 601 vasis,

2214 535 2324 589 τῶν
2352 534 2560 589 σκευῶν
2586 534 2815 599 ἐξελεῖν,
2834 534 3130 605 ὑπέμεινεν
3160 531 3293 606 ἆραι
3310 551 3325 566 ο
3347 534 3443 588 καὶ
3459 534 3532 597 ῶς
3562 536 3615 587 ἐν
3630 535 3748 605 αὐτῷ

531 636 591 682 ιιι
627 628 680 683 id
716 627 946 683 ﬂammae
972 628 1316 683 subtractum
1357 643 1544 683 secum
1583 626 1797 691 efferat,
1829 637 2109 693 moratur;

2214 626 2514 697 λαμϐάνειν
2547 626 2710 690 αὐτὸς
2737 621 2827 697 ἦν,
2858 628 3289 698 κατακρατῆσαν
3328 626 3430 699 ῆδη
3479 626 3577 695 τῆς
3604 628 3749 692 olida;

530 718 699 790 inque
727 721 828 774 ista
862 736 1015 774 mora
1050 727 1107 775 et
1146 727 1348 775 conatu
1380 719 1793 774 circumventus
1835 735 1864 771 a
1903 735 2114 789 praeva—

2215 716 2276 770 τὸ
2304 715 2418 787 πῦρ
2468 715 2564 770 καὶ
2592 715 2755 770 αὑτὸν
2787 715 3051 770 συνέλαδε
3094 717 3192 770 καὶ
3243 717 3594 771 κατέκαυσεν.
3621 716 3751 787 Ὁρᾷς

532 809 681 865 lente
714 811 960 880 undique
978 812 1102 881 igne
1137 810 1437 880 corripitur
1465 799 1523 863 et
1549 808 1919 863 comburitur.
1950 810 2114 865 Vides

2215 808 2367 870 ὅπως
2406 807 2522 878 ίδίῳ
2548 806 2840 878 θελήματι,
2873 806 3028 878 φιλίᾳ
3073 809 3221 871 τινδς
3252 808 3365 862 τῶν
3391 808 3753 877 προσκαίρωνδ

533 911 597 955 ut
621 907 847 972 propria
882 902 1167 957 voluntate
1198 911 1256 956 et
1281 916 1472 957 amore
1499 900 1806 972 cujuspiam
1844 908 2117 971 tempora-

2215 900 2348 970 παρ’
2379 899 2573 954 ἐαυτὸν
2616 900 2870 969 φαίνεται
2898 900 3221 971 ἀγαπήσας,
3276 898 3359 971 τῷ
3403 900 3537 970 πυρὶ
3570 916 3755 970 παραπ-

533 993 604 1047 lis
629 995 730 1059 rei,
762 1010 926 1064 quam
967 1003 1170 1065 praeter
1201 1009 1280 1059 se,
1332 993 1443 1048 imo
1486 1008 1654 1063 super
1676 1008 1735 1048 se
1780 1006 1847 1049 ac
1881 992 2115 1049 salutem

2216 991 2405 1047 ώλετο.
2447 992 2681 1064 Ἐτέρων
2708 991 2870 1046 πάλιν
2912 992 3155 1062 ναυαγίῳ
3185 992 3604 1064 περιπεσόντων,
3628 995 3653 1045 ὁ
3680 994 3756 1063 μὲν

533 1099 689 1139 suam
708 1086 928 1141 videtur
949 1085 1204 1156 diligere,
1232 1086 1355 1141 talis
1373 1084 1607 1140 flammis
1626 1085 1956 1140 absumitur.
1980 1085 2117 1141 Aliis

2219 1084 2414 1149 σώζειν
2472 1084 2664 1138 ἐαυτὸν
2696 1082 3041 1154 βουλόμενος,
3088 1082 3384 1136 ἀποδύεται
3441 1084 3537 1135 καὶ
3588 1083 3756 1150 γυμῆς

534 1192 728 1233 rursus
756 1178 809 1231 in
834 1178 1181 1249 naufragium
1216 1178 1614 1236 incidentibus.
1648 1177 1694 1232 is
1728 1178 1952 1248 quidem
1996 1179 2118 1233 illo-

2216 1180 2327 1240 τοῖς
2366 1177 2556 1230 ὕδασιν
2587 1175 2909 1248 ἐπαφίεται’
2957 1175 3053 1228 καὶ
3088 1173 3232 1228 οὕτω
3255 1173 3480 1228 δυνατὸν
3509 1172 3648 1244 αύτῷ
3693 1175 3758 1241 τί.

533 1283 656 1322 rum
677 1268 773 1338 qui
808 1284 1030 1324 servare
1052 1285 1110 1324 se
1130 1269 1332 1339 ipsum,
1354 1277 1621 1337 quantum
1659 1278 1861 1337 potest,
1889 1270 2116 1326 omnino

2217 1285 2368 1323 νεται
2424 1267 2524 1339 τὴν
2554 1267 2692 1322 ἰδίαν
2739 1266 3046 1339 περισῶσαι
3100 1266 3305 1337 ψυχήν.
3352 1264 3411 1318 Ὀ
3444 1264 3503 1318 δὲ
3552 1266 3756 1318 καὶτῶν

531 1360 845 1423 constituit,
886 1361 1104 1415 cunctis
1126 1362 1417 1418 confestim
1448 1363 1697 1419 vestibus
1721 1364 1973 1435 abjectis,
2008 1382 2117 1419 nu-

2216 1362 2529 1432 ἐνδυμάτων
2558 1359 2921 1416 συνδιασῶσαί
2944 1376 3072 1435 τινα
3095 1358 3356 1429 θελήσας,
3383 1355 3494 1410 ὑπὸ
3537 1355 3637 1410 τῶν
3658 1357 3760 1410 ὑδά-

533 1450 664 1505 dum
705 1467 764 1505 se
792 1453 847 1505 in
873 1468 1071 1522 aquam
1095 1453 1284 1520 mittit,
1311 1465 1365 1508 et
1386 1454 1492 1510 hac
1523 1457 1734 1509 ratione
1761 1432 1938 1523 potest
1960 1472 2116 1513 suam

2217 1474 2324 1511 των
2355 1454 2788 1525 κατεθαπτίσθη,
2829 1456 2927 1508 καὶ
2952 1432 3058 1506 ίδιά
3089 1451 3264 1523 βραχύ
3296 1469 3350 1507 τι
3376 1451 3589 1523 κέρδος,
3622 1451 3663 1503 ῶ
3685 1452 3760 1519 τῆς

533 1559 862 1600 conservare
900 1547 1093 1601 vitam.
1143 1551 1214 1601 At
1269 1549 1544 1617 quispiam
1592 1565 1659 1604 ex
1704 1550 1845 1613 istis,
1908 1560 2114 1607 vestem

2219 1548 2537 1619 συμφορεῖςί
2585 1546 2681 1600 καὶ
2731 1546 2924 1600 ἐαυτὸν
2986 1542 3393 1599 συναπώλεσεν.
3469 1543 3580 1596 Καὶ
3630 1542 3762 1597 πάλιν

532 1651 864 1691 conservare
918 1638 1170 1708 cupiens,
1201 1639 1533 1693 absorbetur
1577 1639 1857 1705 ﬂuctibus,
1891 1648 2116 1711 pr0pter

2219 1638 2530 1694 ὑποκείσθω
2554 1639 2650 1693 καὶ
2667 1637 2878 1710 ἐχθρῶν
2910 1653 3033 1691 τινα
3061 1636 3249 1707 ἔφοδον
3278 1632 3671 1707 παρηγγέλθαι,
3692 1636 3763 1687 καὶ

532 1727 643 1782 vile
675 1728 911 1794 lucrum,
940 1744 974 1783 o
1004 1728 1313 1783 miseriam!
1344 1745 1402 1785 se
1423 1730 1601 1799 ipsum
1636 1732 1893 1800 perdens.
1922 1732 2117 1803 Finga-

2165 1788 2190 1803 ⁵
2216 1731 2279 1785 τὸ
2321 1731 2418 1802 μὲν
2449 1731 2567 1801 ἅμα
2597 1747 2658 1783 τε
2691 1728 2942 1794 ἀκοῦσαι,
2980 1728 3143 1792 εὐθὺς
3166 1729 3243 1791 ῶς
3270 1723 3383 1798 εἶχε
3410 1726 3590 1779 ποδῶν
3625 1727 3762 1794 hrpa-

536 1828 625 1873 tur
655 1821 881 1880 iterum.
909 1819 1180 1890 judicium
1232 1822 1467 1891 perferri
1514 1824 1840 1893 irruptionis
1879 1826 2115 1891 hostilis,

2168 1789 2192 1847 3
2220 1788 2360 1893 γεῖν,
2397 1821 2470 1893 μὴ
2492 1788 2735 1892 μελῆσαν
2765 1788 3050 1890 αὐτῷ’τῶν
3084 1788 3355 1890 μηδενόςτ
3391 1816 3487 1870 τὸν
3517 1816 3575 1869 δὲ
3616 1788 3765 1870 διαπι-

531 1917 588 1963 et
611 1911 905 1980 quemdam
939 1912 1124 1968 statim
1157 1928 1189 1966 a
1224 1914 1447 1984 cognito
1474 1916 1721 1984 periculo
1745 1916 1914 1987 pedes
1945 1917 2001 1971 in
2030 1917 2120 1972 fu-

2221 1915 2515 1985 στήσαντα,
2549 1915 2599 1967 εί
2641 1912 2738 1967 καὶ
2780 1911 2890 1966 τῶν
2916 1912 3262 1983 πραγμάτων
3304 1910 3429 1963 τινὰ
3470 1907 3765 1978 βουληθέντα

531 2015 654 2069 gam
675 2017 841 2072 quam
873 2013 1054 2073 potest
1084 2005 1488 2061 velocissimam
1522 2006 1678 2071 dare,
1708 2022 1964 2062 securum
1987 2009 2121 2064 reli-

2221 2008 2636 2079 συνεκκομίσαι,
2663 2005 2784 2062 εἶτα
2815 2007 3266 2078 ἐφυστερήσαντα
3298 2000 3666 2071 συλληφθῆναι
3688 2019 3766 2053 κα-

531 2107 793 2161 quorum,
836 2105 1035 2164 praeter
1083 2112 1165 2163 se,
1211 2098 1481 2153 omnium.
1514 2100 1585 2154 At
1621 2101 1788 2155 alium
1818 2117 1928 2156 non
1968 2103 2123 2172 prius

2218 2100 2563 2154 ταλαδόντων
2596 2097 2705 2152 τῶν
2732 2097 3027 2168 πολεμίων.
3067 2095 3233 2167 Ὁρᾷς
3264 2096 3346 2149 ὅτι
3382 2092 3649 2162 θελήματί
3704 2110 3766 2155 τις

531 2185 675 2239 velle
722 2184 934 2256 fugere,
970 2203 1135 2258 quam
1179 2194 1477 2259 pecuniam
1515 2206 1705 2246 secum
1740 2193 1987 2259 auferat;
2024 2194 2121 2248 sed

2222 2193 2337 2262 ίδίῳ
2361 2191 2429 2245 δι’
2451 2189 2732 2259 ἀμέλειαν,
2764 2189 2861 2241 καὶ
2886 2190 2949 2241 τὸ
2992 2183 3378 2258 προσηλῶσθαι
3430 2201 3544 2238 τισι
3574 2183 3674 2237 τῶν
3693 2184 3766 2237 τοῦ

533 2273 684 2328 hune
716 2284 1064 2332 cunctantem
1084 2280 1300 2336 hostilis
1324 2297 1519 2338 manus
1536 2285 1933 2353 superveniens
1959 2301 2113 2340 eom-

2221 2286 2446 2356 κόσμου,
2483 2284 2582 2354 τήν
2603 2299 2665 2336 τε
2707 2278 2802 2336 τοῦ
2829 2280 3085 2352 σώματος
3113 2281 3209 2335 καὶ
3248 2280 3347 2352 τὴν
3375 2281 3480 2349 τῆς
3508 2277 3677 2348 ψυχῆς
3688 2279 3770 2330 ἁπ-

534 2368 849 2436 prehendit.
882 2371 1068 2436 Vides,
1099 2374 1381 2430 voluntate
1419 2376 1581 2430 istius
1618 2377 1867 2445 propria,
1892 2386 1951 2433 et
1977 2393 2111 2448 pro-

1130 2374 1381 2430 oluntate
1419 2376 1581 2430 istius
1618 2377 1867 2445 propria,
1892 2386 1951 2433 et
1977 2393 2111 2448 pro-
2218 2378 2414 2432 ώλειαν
2448 2375 2727 2446 ὑπομένει.

536 2469 660 2529 pter
716 2460 1088 2518 adlwesionem
1136 2464 1300 2519 nimis
1345 2466 1621 2521 addictam
1662 2468 1884 2522 cuidam
1936 2468 2338 2524 mundanarum
2382 2482 2594 2533 rerum,
2656 2466 2861 2523 misere
2899 2463 3059 2520 illum
3115 2470 3173 2518 et
3231 2460 3484 2533 corporis
3522 2469 3580 2515 et
3608 2459 3771 2515 anime

536 2552 951 2621 irreparabilem
984 2555 1173 2611 subire
1201 2557 1493 2626 jacturam.

606 2646 818 2704 XXVII.
853 2650 1019 2706 Pauci
1064 2653 1312 2722 profecto
1355 2664 1506 2720 sunt,
1559 2655 1655 2725 qui
1704 2656 2004 2727 perfectam
2046 2658 2116 2713 ad

2287 2658 2416 2712 KZ'.
2456 2655 2659 2723 Ὀλίγοι
2692 2655 2793 2724 μὲν
2852 2651 3097 2723 ἀτεχνῶς
3142 2654 3189 2706 oi
3244 2651 3464 2704 τελείαν
3514 2653 3614 2707 τὴν
3662 2653 3771 2725 πρὸς

535 2737 711 2793 Deum
752 2740 1077 2797 charitatem
1133 2745 1405 2815 habeant;
1445 2748 1539 2817 qui
1583 2764 1781 2805 omnes
1806 2751 2118 2821 voluptates

2218 2750 2349 2805 Θεὸν
2376 2748 2598 2818 ἀγάπην
2628 2745 2984 2817 κτησάμενοι,
3026 2745 3208 2808 πάσας
3232 2760 3292 2797 τε
3321 2744 3521 2815 ἡδονὰς
3574 2744 3662 2797 τοῦ
3696 2744 3771 2799 κό-

539 2831 731 2887 mundi
752 2842 809 2888 et
830 2849 1025 2892 omnes
1061 2839 1396 2908 cupiditates
1429 2842 1591 2898 nihili
1617 2844 1857 2910 ducant;
1887 2846 1982 2915 qui
2022 2845 2119 2901 de-

2220 2859 2383 2914 σμου,
2411 2839 2509 2895 καὶ
2545 2840 2645 2904 τὰς
2674 2837 2972 2909 ἐπιθυμίας
3003 2836 3064 2890 τὸ
3112 2835 3283 2907 μηθὲν
3319 2835 3675 2906 λογιζόμενοι,
3701 2840 3774 2890 καὶ

537 2922 706 2994 nique
748 2941 941 2982 omnes
989 2930 1213 3000 maligni
1254 2935 1586 2991 tentationes
1615 2936 1847 3006 patienti
1871 2938 2119 3008 longani-

2217 2937 2342 2999 τοὺς
2363 2933 2457 2988 τοῦ
2477 2930 2716 3004 πονηροῦ
2748 2931 3090 3003 πειρασμοῦς
3124 2932 3381 3002 φέροντες
3411 2930 3770 3002 μακροθύμως.

537 3017 730 3073 mitate
751 3019 1059 3088 perferant.
1093 3022 1370 3079 Caaterum
1419 3042 1531 3082 non
1569 3028 1641 3083 ob
1680 3029 1786 3084 hoc
1812 3028 2115 3099 desperan-

2177 3066 2187 3120 ζ
2218 3028 2367 3097 Πλὴν
2392 3027 2454 3079 οὐ
2500 3024 2649 3095 παρά
2678 3024 2836 3077 τοῦτο
2862 3023 3264 3092 άπογνωστέον,
3305 3021 3433 3075 οὐδὲ
3463 3022 3561 3091 τῆς
3595 3021 3774 3090 ἀγαθῆς

537 3107 705 3176 dum;
757 3125 937 3181 neque
983 3113 1126 3169 bona
1158 3131 1285 3185 spes
1306 3118 1631 3188 negligenda
1666 3131 1772 3175 est.
1809 3121 1927 3178 Etsi
1966 3121 2117 3177 enim

2178 3107 2187 3120 '
2222 3122 2437 3184 ἐλπίδος
2458 3118 2783 3191 ἀμελητέον.
2807 3116 2928 3172 Κᾶν
2954 3116 3065 3187 γὰρ
3090 3116 3261 3170 πολλὰ
3295 3117 3405 3171 τῶν
3454 3116 3775 3169 πλοίωνὺπο-

539 3201 728 3255 multa:
779 3218 947 3259 naves
1002 3206 1353 3277 naufragium
1408 3211 1716 3279 patiantur;
1770 3221 1900 3268 sunt
1939 3221 2119 3268 tamen

2227 3216 2362 3287 μένῃ
2388 3213 2679 3282 ναυάγιονο
2710 3210 2824 3265 ἀλλ’
2852 3211 2960 3264 είσὶ
2996 3209 3215 3273 πάντως
3246 3209 3282 3263 ἃ
3312 3209 3409 3263 καὶ
3443 3209 3774 3279 διαπερῶντα,

540 3290 770 3345 omnino
806 3307 916 3346 non
942 3309 1163 3363 pauca},
1185 3312 1308 3365 quae
1339 3296 1488 3352 felici
1522 3300 1749 3369 trajectu
1781 3311 2001 3371 portum
2042 3310 2124 3357 te-

2223 3306 2316 3361 τοῦ
2346 3306 2565 3376 λιμένος
2589 3302 3045 3375 ἐπιλαμϐάνεται.
3079 3302 3179 3356 Διά
3208 3300 3366 3355 τοῦτο
3416 3302 3650 3365 πίστεως
3673 3303 3777 3371 ἡμῖν

542 3391 700 3439 nent.
730 3382 1029 3453 Propterea
1063 3385 1170 3441 fide
1196 3388 1360 3443 nobis
1398 3388 1451 3441 iu
1474 3390 1671 3459 primis
1700 3407 1870 3461 opus;
1904 3394 2121 3463 patien-

2225 3397 2396 3466 πολλὴ
2418 3396 2603 3468 χρεία,
2624 3394 2906 3466 ὑπομονῆς
2922 3409 2982 3447 τε
3009 3394 3103 3447 καὶ
3127 3392 3405 3463 προσοχῆς
3434 3393 3533 3446 καὶ
3554 3392 3776 3460 ἀγώνων·

543 3476 729 3543 tiaque
756 3483 812 3529 et
843 3477 1148 3532 attentione
1174 3495 1188 3544 ;
1215 3493 1482 3549 generoso
1521 3496 1742 3551 quoque
1782 3483 1837 3537 in
1870 3485 2126 3540 certami-

2226 3491 2364 3561 πρὸς
2392 3490 2447 3543 δέ
2470 3489 2662 3559 πείνης
2683 3505 2743 3541 τε
2765 3488 2859 3542 καὶ
2885 3487 3046 3558 δίψης
3072 3485 3167 3540 τοῦ
3199 3485 3435 3556 ἀγαθοῦ,
3501 3486 3638 3539 κατά
3676 3485 3778 3539 πολ-

544 3564 711 3620 nibus
735 3567 956 3632 animo;
999 3584 1065 3623 ac
1100 3578 1367 3640 praeterea
1407 3569 1553 3627 fame
1595 3587 1659 3626 ac
1704 3574 1795 3629 siti
1838 3574 2121 3641 bonitatis,

2226 3584 2324 3655 λὴν
2352 3583 2569 3636 σύνεσιν
2601 3582 2693 3635 καὶ
2720 3581 2992 3652 διάκρισιν
3010 3599 3023 3611 ·
3048 3580 3109 3633 οὑ
3146 3579 3252 3650 μὴν
3278 3578 3414 3633 ἀλλά
3442 3580 3541 3633 καὶ
3559 3579 3780 3647 ὀξύτητός

546 3654 711 3710 simul
760 3673 887 3712 cum
930 3661 1105 3715 multa
1139 3661 1434 3731 prudentia
1466 3672 1523 3718 et
1564 3664 1935 3732 discretione;
1990 3669 2125 3737 quin

2226 3654 2289 3727 τε
2333 3674 2427 3727 καὶ
2461 3672 2736 3736 ἀναιδείας
2789 3674 2920 3743 περὶ
2946 3672 3044 3741 τὴν
3092 3672 3328 3740 αἴτησιν.
3362 3672 3427 3724 Ol
3461 3671 3571 3739 γὰρ
3598 3669 3780 3731 πλείους

545 3760 604 3808 et
645 3753 945 3810 acrimonia
979 3764 1037 3811 et
1080 3755 1422 3828 impudentia
1461 3760 1517 3813 in
1558 3763 1814 3831 petendo.
1844 3763 1979 3818 Nam
2011 3766 2129 3834 ple-

2227 3766 2336 3819 τῶν
2377 3763 2703 3835 ἀνθρώπων,
2749 3762 2940 3833 ῶσπερ
2968 3761 3308 3832 προέφημεν,
3370 3762 3641 3831 καμάτων
3679 3760 3780 3813 ἄνευ

546 3845 708 3916 rique
741 3846 1049 3914 hominum,
1080 3857 1141 3903 ut
1161 3850 1423 3917 diximus,
1450 3852 1571 3908 sine
1594 3855 1783 3909 labore
1815 3871 1878 3911 ac
1924 3857 2128 3913 sudore

2230 3858 2324 3911 καὶ
2352 3854 2592 3927 ἱδρώτων
2626 3855 2725 3925 τῆς
2759 3853 3035 3923 βασιλείας
3057 3853 3334 3923 ἐπιτυχεῖν
3362 3852 3677 3922 βούλονται·
3708 3852 3780 3903 καὶ

547 3940 814 4009 consequi
851 3955 1081 4011 regnum
1113 3942 1381 3998 caelorum
1412 3947 1644 4000 volunt:
1677 3955 1733 4001 et
1755 3957 1971 4005 sanctos
2001 3950 2127 4019 qui-

2230 3952 2355 4014 τοὺς
2383 3948 2480 4021 μὲν
2503 3947 2693 4016 ἁγίους
2726 3945 3121 4017 μακαρίζουσιν
3151 3944 3372 4014 ἄνδρας,
3408 3946 3511 3998 καὶ
3534 3948 3629 4014 τῆς
3648 3943 3784 4011 τιμῆς

548 4030 675 4087 dem
715 4032 865 4088 viros
887 4032 1077 4089 felices
1105 4036 1405 4104 praedicant
1436 4056 1450 4094 :
1478 4038 1857 4110 honoremque
1882 4042 2129 4111 ipsorum

2231 4040 2411 4094 αὐτῶν
2441 4035 2664 4091 καὶτῶν
2692 4036 3049 4106 χαρισμάτων
3086 4031 3442 4103 ἐπιθυμοῦσι,
3479 4032 3588 4085 τῶν
3612 4030 3782 4083 ῐσωνδὲ

547 4139 616 4179 ac
665 4124 1003 4179 charismata
1060 4129 1493 4198 concupiscunt;
1550 4131 1768 4200 parium
1827 4149 1962 4188 vero
2003 4150 2129 4189 eum

2232 4132 2464 4203 θλίψεων
2511 4132 2720 4196 αὐτοῖς,
2742 4129 2852 4181 τῶν
2892 4129 3072 4181 πόνων
3109 4143 3170 4179 τε
3216 4127 3312 4179 καὶ
3346 4126 3460 4179 τῶν
3478 4125 3785 4195 παθημάτων

551 4220 687 4289 ipsis
707 4216 1150 4285 tribulationum,
1174 4223 1427 4276 laborum
1467 4232 1523 4277 et
1557 4225 1872 4293 passionum
1908 4242 2133 4282 consor-

2231 4226 2292 4278 οὑ
2318 4223 2596 4295 βούλονται
2628 4223 2926 4275 κοινωνεῖν.
2955 4219 3157 4274 Τούτου
3187 4220 3242 4272 δὲ
3270 4220 3499 4285 πάντες,
3540 4222 3630 4272 καὶ
3680 4220 3784 4285 πόρ-

550 4320 635 4369 tes
669 4313 787 4370 fieri
808 4326 1067 4370 renuunt.
1099 4315 1205 4371 Sed
1239 4315 1385 4369 istud
1412 4330 1623 4380 omnes,
1641 4324 1697 4371 et
1729 4318 2049 4374 meretrices
2076 4327 2133 4375 et

2234 4313 2663 4369 ναικαὶτελῶναι
2686 4311 2780 4365 καὶ
2800 4312 2907 4373 πᾶς
2922 4327 3006 4372 τις
3024 4309 3123 4362 ἀνθ
3133 4308 3328 4380 ρώπων
3360 4308 3525 4362 ἐπιθυ
3533 4311 3640 4378 μεί.
3658 4306 3785 4361 ’Δλλὰ

550 4406 837 4474 publicani
871 4408 1124 4475 cupiunt.
1162 4407 1325 4475 Atqui
1377 4416 1605 4476 propter
1664 4408 1769 4463 hoc
1802 4411 2131 4467 tentationes

2187 4469 2197 4476 _
2229 4408 2318 4461 διὰ
2359 4405 2518 4460 τοῦτο
2537 4403 2833 4475 πειρασμοὶ
2858 4402 3175 4473 πρόκεινται
3220 4403 3314 4455 καὶ
3356 4402 3689 4472 δοκιμασίαι,
3721 4401 3784 4452 ἵνα

550 4468 849 4566 proposita:
874 4468 1004 4553 sunt
1030 4468 1499 4567 etprobationes;
1526 4507 1588 4552 ut
1617 4514 1714 4569 per
1735 4516 1829 4554 eas
1845 4509 2122 4571 appareat,

2188 4470 2377 4569 ’δῆλοι
2406 4468 2695 4566 γένωνται,
2729 4468 2872 4558 τίνες
2902 4468 2965 4547 ὀἳ
3002 4493 3137 4563 πρὸς
3175 4493 3435 4562 ἀληθειαν
3476 4468 3569 4547 τὸν
3614 4491 3785 4546 ἑαυτῶν

551 4589 777 4658 quinam
809 4604 938 4645 vere
992 4606 1154 4645 suum
1189 4591 1437 4661 ipsorum
1469 4591 1761 4645 Dominum
1785 4592 2038 4663 diligant,
2072 4601 2130 4648 et

2228 4592 2523 4660 ἠγάπησαν
2571 4588 2879 4656 Δεσπότηνο
2926 4584 3023 4638 καὶ¹
3080 4578 3505 4647 δικαίωςὶοὗτοι
3557 4584 3653 4655 τῆς
3702 4583 3785 4636 τῶν

552 4690 616 4738 ut
647 4682 704 4736 hi
722 4683 870 4753 juste
897 4693 1308 4753 consequantur
1342 4684 1567 4739 cwleste
1591 4701 1844 4756 regnum.

1546 4700 1567 4739 ε
1591 4701 1844 4756 regnum.
2226 4679 2495 4750 οὐρανίων
2519 4679 2817 4747 ἐπιτύχωσι
2847 4676 3143 4747 βασιλείας.

623 4776 862 4832 XXVIII.
910 4776 1338 4841 Aﬂlictionibus,
1370 4777 1741 4846 passionibus,
1770 4778 2033 4849 patientia
2074 4786 2131 4833 et

2304 4771 2440 4825 KH'.
2462 4773 2594 4833 Ταῖς
2629 4770 2860 4839 θλίψεσι,
2895 4770 2991 4824 καὶ
3030 4770 3143 4832 τοῖς
3169 4768 3481 4840 παθήμασι,
3518 4772 3583 4839 τῇ
3622 4770 3786 4837 ὑπομο-

553 4867 661 4924 fide
691 4867 1043 4923 absconditas
1077 4883 1198 4922 esse
1229 4868 1625 4938 promissiones
1662 4881 1813 4939 puta,
1847 4870 2132 4940 ipsamque

2232 4868 2297 4937 νῇ
2323 4883 2382 4919 τε
2410 4864 2505 4919 καὶ
2525 4864 2703 4917 πίστει
2729 4861 3100 4933 ἐγκεκρύφθαι
3127 4861 3317 4933 νόμιζε
3336 4862 3436 4926 τὰς
3466 4861 3785 4931 ἐπαγγελίας,

553 4959 802 5029 gloriam,
834 4973 901 5014 ac
923 4956 1198 5011 bonorum
1237 4957 1545 5011 caelestium
1577 4958 1918 5013 fruitionem.
1943 4960 2130 5026 Quan-

2232 4959 2403 5029 αὑτήν
2425 4974 2487 5011 τε
2510 4957 2578 5029 τὴ
2600 4956 2808 5021 νδόξαν.
2827 4956 2924 5028 τὴν
2951 4957 3057 5009 τῶν
3083 4957 3349 5027 οὐρανίων
3375 4957 3598 5025 ἀγαθῶν
3615 4956 3785 5023 ἀπόλη-

553 5049 851 5119 doquidem
870 5057 928 5103 et
948 5050 1156 5119 jactum
1191 5048 1246 5102 in
1275 5056 1476 5103 terram
1513 5050 1775 5105 frumenti
1803 5067 2054 5121 granum,
2075 5059 2133 5107 et

2232 5051 2354 5123 ψιψ
2386 5052 2507 5103 ἐπεὶ
2527 5050 2725 5103 καὶτὸν
2751 5049 3107 5120 ῥιπτούμενον
3138 5054 3203 5121 τῇ
3232 5052 3302 5122 γῇ
3335 5053 3506 5116 σῖτον,
3550 5051 3582 5121 ἢ
3614 5052 3697 5103 καὶ
3740 5047 3786 5099 τὸ

554 5142 782 5197 insitum
824 5141 1040 5195 arboris
1073 5142 1378 5207 surculum,
1419 5156 1643 5197 necesse
1678 5150 1762 5196 est
1790 5151 2130 5211 putrescere,

2232 5143 2448 5213 δένδρον
2477 5142 2620 5213 φημὶ
2646 5141 2708 5194 τὸ
2725 5140 3229 5213 ἐγκεντριζόμενον,
3258 5142 3474 5213 ἀνάγκη
3507 5143 3663 5212 σήψει
3682 5139 3787 5209 πρό-

553 5242 610 5288 et
644 5232 1009 5303 ignominiose
1056 5232 1375 5301 procidere;
1410 5241 1467 5287 et
1494 5233 1575 5287 sic
1605 5232 1829 5287 demum
1870 5233 2137 5303 multipli-

2232 5252 2391 5305 τερον
2418 5235 2514 5289 καὶ
2539 5234 2733 5305 ἀτιμίᾳ
2783 5236 3104 5287 ὑποπεσεῖν·
3145 5238 3239 5287 καὶ
3295 5234 3439 5286 οῦτω
3480 5233 3577 5287 τοῦ
3617 5235 3785 5301 εὐπρε-

553 5340 674 5379 cem
729 5323 1066 5378 ornatissimi
1095 5324 1181 5378 sui
1239 5323 1546 5377 indumenti
1572 5324 1813 5379 fructum
1864 5326 2131 5395 recipere.

2236 5326 2375 5390 ποῦς
2398 5324 2566 5379 αὑτοῦ
2599 5325 2900 5396 ἐνδύματος
2920 5324 3012 5378 τὸν
3032 5325 3431 5379 πολλαπλάσιον
3452 5326 3659 5395 καρπὸν
3677 5324 3786 5375 ἀπο-

553 5415 671 5471 Nisi
715 5416 862 5471 enim
910 5431 1010 5486 per
1050 5414 1200 5468 illam
1248 5414 1623 5484 putredinem,
1668 5431 1768 5484 per
1814 5416 1933 5470 illas
1985 5417 2135 5472 velut

2235 5417 2441 5472 λαϐεῖν.
2472 5417 2536 5469 Εἰ
2559 5415 2636 5486 μὴ
2662 5416 2772 5487 γὰρ
2801 5415 2890 5469 διὰ
2911 5417 3009 5485 τῆς
3049 5415 3265 5486 σήψεως
3296 5415 3525 5486 ταύτης,
3556 5413 3787 5469 κάκείνων

554 5507 885 5579 ignominias
923 5507 1267 5569 transierint,
1290 5522 1569 5575 nunquam
1600 5521 1727 5561 eum
1755 5508 2009 5562 ultimum
2042 5508 2138 5564 de-

2235 5508 2344 5561 τῶν
2366 5507 2555 5579 ὥσπερ
2589 5507 2802 5576 ἀτίμων
2864 5507 3094 5560 διελθεῖν
3129 5508 3311 5571 αὐτοῖς
3339 5508 3585 5576 γέγονεν,
3622 5509 3713 5560 οὐκ
3736 5506 3787 5557 ἂν

554 5615 761 5665 corem,
790 5615 1072 5671 nunquam
1093 5600 1403 5670 speciosam
1430 5599 1577 5652 illam
1602 5614 1858 5669 pompam
1891 5601 1994 5655 sibi
2021 5601 2131 5656 cir-

2237 5599 2337 5670 τὴν
2358 5601 2598 5669 ἐσχάτην
2622 5599 2981 5669 εὐπρέπειαν,
3024 5599 3119 5651 καὶ
3138 5599 3199 5651 τὸ
3216 5600 3316 5669 τῆς
3342 5600 3472 5662 θέας
3496 5600 3786 5661 κάλλος-πει

554 5689 901 5755 cumdarent,
927 5707 1035 5761 qua
1057 5707 1116 5747 se
1150 5696 1451 5746 ostentant.
1494 5690 1555 5744 In
1605 5691 1711 5746 hac
1747 5692 1972 5762 quidem
2011 5709 2140 5748 sen-

2243 5691 2605 5762 ριεδάλ).οντο.
2639 5690 2809 5743 Τοῦτο
2835 5690 2892 5743 δὲ
2924 5692 3016 5743 καὶ
3041 5689 3119 5760 τῷ
3163 5690 3471 5759 Ἀποστόλῳ
3519 5691 3685 5743 δυκεῦ
3707 5686 3788 5740 Διά

552 5782 729 5839 tentia
777 5784 1069 5853 Apostolus
1111 5792 1196 5839 est
1249 5799 1261 5835 :
1308 5781 1414 5836 Per
1466 5781 1661 5838 multas
1715 5785 1885 5851 enim,
1926 5785 2126 5855 inquit,

2239 5780 2485 5836 πολλῶν
2515 5780 2641 5852 γὰρ,
2666 5781 2820 5851 φησὶ,
2850 5782 3116 5850 θλίψεων
3150 5780 3244 5835 δεῖ
3262 5780 3417 5851 ἡμᾶς
3447 5784 3534 5847 εὶς
3560 5780 3669 5849 τὴν
3697 5778 3788 5842 ,ϐα-
