4044 6540
224 344 331 408 889

1217 337 1451 399 LIBER
1490 336 1588 398 DE
1627 336 2112 399 ELEVATIONE
2148 337 2460 400 MENTIS.

3386 329 3496 395 890

226 457 467 508 videtur
492 447 601 503 τοῦ
627 446 774 507 Θεοῦ
806 445 1133 501 εισελθεῖν·
1167 447 1261 500 καὶ
1283 449 1310 499 ὁ
1328 446 1535 517 Κύριος
1556 463 1573 480 ο
1609 446 1713 502 Ἐν
1730 445 1805 515 τῇ
1838 454 1868 508 Α

1938 449 2281 504 ribulationes
2302 456 2504 521 oportet
2525 464 2618 503 nos
2652 449 2860 502 intrare
2878 448 2932 501 in
2966 461 3187 516 regnum
3215 442 3311 497 Dei
3337 444 3397 497 η.
3433 442 3500 497 Εἰ

226 540 508 612 ὑπομονῇ
551 540 719 609 ὑμῶν
758 539 1062 606 κτήσεσθε
1082 538 1189 606 τὰς
1208 538 1414 609 ψυχὰς
1455 538 1659 609 ὑμῶν·
1692 539 1810 605 καὶ,

238 633 343 685 Ἔν
379 628 461 695 τῷ
481 632 689 698 κόσμῳ
715 629 929 698 θλίψιν
950 629 1142 694 ἕξετε.

304 721 435 777 ΚΘ.
473 722 744 784 Ἕκαστος
775 721 931 793 ὑμῶν
970 723 1204 793 ὅσονπερ
1242 721 1309 776 ἂν
1348 721 1714 794 καταξιωθειη
1744 726 1812 795 τῇ

234 831 297 867 τε
324 813 506 867 πίστει
558 812 654 866 καὶ
700 816 766 883 τῇ
821 814 1021 884 σπουδῇ
1070 814 1298 886 μέτοχος
1330 814 1506 883 ’ἁγίου
1562 815 1815 884 γενέσθαι

234 904 577 976 Πνεύματος,
621 902 878 957 τοσοῦτον
918 904 1135 974 ἐκείνης
1163 908 1262 974 τῆς
1299 906 1513 976 ἡμέρας
1555 904 1809 976 δοξασθή-

230 1014 388 1050 σεται
414 994 580 1050 αὐτοῦ
616 996 712 1049 καὶ
748 997 809 1050 τὸ
839 996 1016 1067 σῶμα.
1055 998 1121 1050 Ὃ
1154 998 1261 1068 γὰρ
1300 997 1395 1052 νῦν
1428 998 1575 1051 ἔνδον
1609 998 1818 1067 ἀπεθη-

232 1088 461 1161 σαύρισε
491 1090 557 1159 τῇ
598 1088 769 1159 ψυχῇ,
803 1088 923 1142 τότε
976 1089 1073 1144 καὶ
1119 1090 1275 1152 ἐκτὸς
1319 1090 1411 1143 ἐπὶ
1438 1090 1533 1143 τοῦ
1567 1090 1817 1160 σώματος

230 1182 757 1252 ἀποκαλυφθήσεται
784 1196 797 1210 ⁸
827 1182 923 1236 καὶ
958 1183 1019 1235 τὸ
1048 1183 1394 1253 παράδειγμά
1416 1202 1582 1253 φησιν
1617 1187 1681 1237 ὲκ
1708 1185 1817 1237 τῶν

230 1272 489 1342 δένδρων.
522 1270 807 1341 Χειμῶνος
835 1273 943 1343 γὰρ
977 1272 1360 1343 παρελθόντος,
1395 1274 1488 1327 καὶ
1519 1272 1668 1344 ἡλίου
1692 1291 1820 1341 φαι-

231 1362 492 1434 δρότερόν
518 1380 577 1416 τε
605 1362 701 1415 καὶ
729 1363 1095 1434 ἀκμαιότερον
1118 1363 1547 1433 ἐπιλάμψαντος,
1577 1363 1653 1425 ὡς
1676 1364 1815 1429 δέον,

232 1454 337 1506 καὶ
368 1453 586 1523 ἀνέμων
613 1453 1080 1520 ὲπιπνευσάντων,
1107 1453 1310 1508 ἔσωθεν
1340 1456 1522 1508 ἐκεῖνα
1553 1454 1695 1524 φύει,
1727 1456 1820 1508 καὶ

234 1543 320 1608 ὡς
346 1543 644 1614 ἐνδύματα,
677 1544 849 1614 φύλλα
877 1546 972 1599 καὶ
1010 1546 1079 1600 τὰ
1106 1545 1265 1615 ἄνθη,
1298 1547 1540 1611 καὶτοὺς
1576 1548 1821 1618 καρποὺς

236 1635 651 1709 περιϐάλλεται.
688 1636 1092 1708 Παραπλησίως
1117 1637 1172 1691 δὲ
1203 1637 1410 1691 καὶτοῦ
1434 1638 1629 1709 χόρτου
1661 1638 1822 1704 ἄνθος

232 1729 364 1784 κατ’
394 1731 570 1783 ἐκεῖνο
599 1728 794 1799 καιροῦ
822 1729 929 1781 τῶν
959 1716 1181 1783 κόλπων
1220 1729 1322 1799 τῆς
1355 1729 1459 1800 γῆς
1491 1731 1820 1797 ἀναδίδοται,

1913 542 2181 597 Dominus
2218 561 2233 596 :
2288 543 2355 599 In
2387 543 2648 613 patientia
2696 549 2873 596 vestra
2922 538 3247 611 possidebitis
3292 538 3502 592 animas

1913 640 2135 686 vestras.
2172 632 2275 686 Et:
2308 632 2372 687 In
2401 632 2594 686 mundo
2629 630 3021 685 tribulationem
3054 627 3304 681 habebitis
3343 627 3407 681 “.

1991 722 2571 793 189XXIX.Quanta
2589 722 2969 792 unusquisque
2986 733 3230 774 vesnum
3253 717 3359 772 fide
3377 717 3506 772 dili-

1916 816 2209 887 gentiaque
2234 815 2433 886 dignus
2453 815 2621 869 fuerit
2654 815 2878 870 habitus
2901 812 3077 868 sancti
3110 810 3228 867 ﬁeri
3254 810 3495 880 Spiritus

1917 906 2217 975 particeps,
2256 914 2408 959 tanta
2440 905 2546 975 ipsi
2582 921 2842 960 mensura
2888 904 3075 976 gloriae
3118 902 3401 972 continget
3447 901 3502 955 in

1918 1000 2009 1054 illa
2040 999 2469 1055 resurrectionis
2521 1000 2610 1054 die
2641 1015 2844 1068 corpus
2871 999 2993 1069 ejus
3035 994 3310 1052 coronari.
3346 992 3504 1060 Quod

1918 1090 2065 1146 enim
2092 1105 2241 1144 nunc
2282 1091 2503 1161 collegit
2536 1090 2590 1144 in
2627 1091 2831 1155 anima,
2858 1099 2988 1143 tunc
3018 1086 3265 1143 exterius
3294 1085 3504 1140 revela-

1920 1194 2035 1239 tum
2063 1183 2351 1253 apparebit
2383 1183 2438 1236 in
2469 1198 2729 1251 corpora;
2762 1182 2918 1251 cujus
2961 1179 3116 1249 quasi
3158 1177 3509 1248 experimen-

1920 1284 2036 1330 tum
2071 1284 2166 1330 aut
2188 1275 2499 1343 exemplum
2542 1273 2659 1343 spei
2694 1286 2893 1341 capere
2924 1270 3055 1324 licet
3078 1284 3147 1323 ex
3187 1267 3503 1323 arboribus.

1921 1367 2111 1423 Hieme
2141 1365 2414 1435 siquidem
2444 1366 2551 1435 iam
2584 1370 2881 1424 transacta,
2910 1369 2966 1414 et
3006 1358 3247 1413 laetiores
3275 1356 3505 1411 calidio-

1922 1472 2122 1527 resque
2145 1457 2349 1527 passim
2385 1452 2735 1510 diffundente
2774 1450 2960 1505 radios
2992 1449 3139 1513 sole;
3172 1462 3256 1509 ac,
3282 1460 3380 1515 pro
3408 1444 3511 1498 mi-

1923 1547 2051 1602 tiori
2095 1547 2351 1602 videlicet
2415 1553 2741 1615 tempestate
2786 1541 2940 1606 anni,
2992 1538 3172 1593 ventis
3224 1536 3507 1600 ﬂantibus,

1924 1638 2156 1692 trudunt
2209 1637 2318 1691 illa:
2363 1634 2512 1690 foras
2556 1634 2686 1689 folia
2741 1644 2795 1688 et
2841 1632 3007 1685 ﬂores
3038 1638 3093 1685 et
3156 1628 3370 1682 fructus
3420 1626 3509 1680 in-

1925 1732 2405 1799 duunt;similiter
2419 1740 2477 1786 et
2502 1730 2603 1790 llos
2628 1728 2758 1785 [mni
2782 1744 2881 1798 per
2902 1726 3047 1781 idem
3078 1734 3296 1795 tempus
3326 1739 3357 1777 e
3384 1721 3510 1775 sinu

232 1823 342 1874 καὶ
387 1822 649 1874 σκέπεται
696 1820 907 1884 τούτοις
945 1821 1018 1890 γῆ
1044 1837 1059 1853 ο
1114 1821 1211 1875 καὶ
1250 1821 1326 1885 ὡς
1366 1822 1649 1892 ὲμπρεπὲς
1684 1822 1824 1877 αύτά
1856 1813 1868 1867 Ῐ

1938 1828 2147 1884 telluris
2197 1825 2492 1897 germinat,
2528 1824 2840 1894 tegiturque
2896 1821 3004 1875 illis
3052 1826 3221 1882 terra,
3256 1822 3313 1870 et
3341 1812 3511 1869 veluti

230 1912 590 1983 περιϐόλαιον
631 1912 1014 1983 ἀμφιέννυται.
1062 1913 1171 1966 Καὶ
1198 1914 1306 1983 γὰρ
1344 1913 1822 1984 ὲνδοξασθήσονται

232 2002 311 2056 δι’
336 2002 499 2055 αὑτοῦ
527 2002 620 2056 τοῦ
664 2002 774 2056 ἀπό
810 2018 873 2072 γε
902 2002 996 2056 τοῦ
1032 2001 1127 2056 νῦν
1157 2003 1556 2073 ἐνυπάρχοντος
1581 2003 1823 2074 ἀρρήτου

234 2097 444 2165 φωτὸς,
475 2096 574 2150 εἴτ’
606 2095 697 2150 οὖν
746 2095 823 2167 (2)
868 2098 969 2167 τῆς
1003 2094 1096 2149 τοῦ
1144 2094 1463 2165 Πνεύματος
1505 2096 1823 2166 δυνάμεως*

234 2191 387 2259 ὅπερ
417 2188 511 2243 καὶ
552 2187 677 2242 τότε
706 2186 862 2243 ἔσται
891 2187 1073 2251 αὐτοῖς
1102 2186 1329 2259 ἔνδυμα,
1384 2186 1609 2257 βρῶσις,
1647 2187 1825 2255 πόσις,

234 2280 640 2352 ἀγαλλιασμὸς,
677 2279 842 2353 χαρὰ,
881 2281 1101 2353 εἰρήνη,
1142 2280 1239 2335 καὶ
1293 2279 1352 2334 τὸ
1384 2281 1514 2345 πᾶν,
1542 2278 1656 2351 ζωὴ
1698 2277 1828 2333 αἰώ-

234 2390 383 2438 νιος.

334 2565 375 2593 "
405 2563 523 2617 Act.
552 2580 659 2630 xlv,
695 2564 785 2619 21.
865 2565 908 2596 ¹³
943 2563 1077 2620 Luc.
1111 2580 1221 2630 ιιι,
1249 2526 1302 2621 9..

330 2720 406 2792 (2)
444 2720 553 2775 Εἶτ’
596 2714 735 2795 olm]
791 2721 845 2775 Id
898 2736 1031 2778 vero
1089 2721 1146 2776 in
1185 2719 1388 2775 mendo
1439 2718 1642 2773 c‘ubare
1675 2716 1914 2774 videtur.

1931 1921 2134 1976 decoro
2166 1919 2335 1990 pallio
2369 1916 2629 1972 amicitur
2660 1935 2673 1971 :
2711 1916 2778 1970 ad
2838 1914 2988 1969 hunc
3024 1911 3273 1967 modum
3302 1918 3359 1963 et
3386 1924 3514 1963 cor-

1930 2028 2066 2083 pora
2104 2018 2423 2067 sanctorum
2478 2017 2610 2062 tunc
2658 2005 3051 2076 splendebunt,
3088 2002 3237 2057 foras
3288 2000 3510 2055 demum

1932 2114 2257 2175 erumpente
2305 2105 2428 2159 luce
2461 2104 2575 2167 illa,
2602 2117 2725 2171 quae
2771 2102 2827 2156 in
2872 2100 3008 2170 ipsis
3049 2106 3171 2153 erat
3206 2094 3514 2160 ineﬂabili;

1928 2198 2191 2252 virtutem
2232 2196 2357 2251 dico
2386 2204 2442 2251 et
2482 2194 2711 2265 gratiam
2733 2192 2992 2263 spiritus;
3024 2205 3147 2260 qua:
3199 2196 3331 2243 tunc
3382 2186 3519 2257 ipsis

1932 2290 2040 2345 erit
2087 2289 2293 2355 vestis,
2353 2303 2517 2353 csca,
2579 2295 2779 2356 potus,
2834 2282 3161 2347 exsultatio,
3213 2278 3517 2352 gaudium,

1932 2398 2038 2453 pax
2076 2400 2089 2435 :
2124 2389 2183 2437 et
2240 2389 2303 2436 ut
2356 2380 2529 2436 verbo
2590 2387 2789 2434 cuncta
2837 2391 2949 2432 uno
3000 2374 3357 2446 complectar,
3406 2371 3519 2426 vita

1932 2484 2161 2528 aeterna.

256 2911 3117 2949 Μ

2410 2902 3509 2944 w

758 3098 1645 3243 ΜΑΚΑΡΙΟΥ
1763 3101 2109 3234 ΤΟΥ
2231 3097 3053 3235 ΜΕΓΑΛΟΥ

1128 3348 1390 3437 ΠΕΡΙ
1462 3344 1990 3432 ΥΨΩΣΕΩΣ
2065 3342 2294 3431 ΤΟΥ
2366 3343 2665 3429 ΝΟοΣ

1774 3525 2014 3583 ΛΟΓΟΣ.

922 3847 1935 4011 MACARII
2128 3844 2882 4002 MAGNI

1061 4164 1221 4331 DE
1332 4156 2158 4267 ELEVATIONE
2271 4153 2548 4260 MEN
2561 4152 2766 4257 TIS

1785 4368 1993 4423 LIBER

1868 4534 1937 4547 —

348 4675 431 4728 A'.
471 4670 675 4743 Μωσῆς
717 4670 747 4724 ὀ
786 4668 1059 4741 μακάριος
1107 4663 1354 4731 ὑπέδειξε
1404 4662 1578 4716 τύπον
1626 4661 1717 4715 διά
1761 4662 1859 4732 τῆς

2034 4659 2076 4715 Ι.
2114 4659 2314 4715 Beatus
2368 4658 2547 4715 Moses
2590 4655 2940 4713 subostendit
3008 4654 3263 4718 formam,
3309 4668 3410 4724 per
3458 4669 3550 4709 rc-

267 4766 376 4820 τοῦ
409 4763 703 4836 προσώπου
737 4759 903 4817 αὑτοῦ
936 4757 1353 4830 ὲπιλαμπούσης
1396 4754 1493 4809 τοῦ
1537 4754 1861 4823 Πνεύματος

269 4858 460 4926 δόξης,
553 4854 727 4918 οὐδεὶς
759 4852 1064 4925 ἀνθρώπων
1093 4848 1338 4905 ἀτενίσαι
1367 4846 1612 4911 ἐδύνατο,
1654 4845 1773 4909 πῶς
1806 4846 1865 4898 ὲν

269 4948 349 5017 τῇ
382 4943 490 4997 τῶν
530 4943 753 4997 δικαίων
782 4941 1080 4997 ἀναστάσει
1110 4939 1180 4993 τὰ
1209 4938 1440 5010 σώματα
1469 4934 1865 5007 δοξασθήσεται

269 5037 392 5091 τῶν
436 5036 608 5105 ἀγίων
629 5051 643 5067 ⁸
691 5036 759 5107 ἣν
785 5034 944 5099 δόξαν
971 5034 1079 5088 ἀπὸ
1106 5029 1201 5085 τοῦ
1232 5030 1328 5083 νῦν
1377 5031 1437 5083 ὲν
1470 5029 1547 5099 τῷ
1594 5027 1726 5082 εἴσω
1768 5030 1869 5082 ἀν-

276 5130 489 5203 θρώπῳ
532 5130 589 5183 αἱ
634 5128 824 5182 πισταὶ
850 5126 959 5179 τῶν
994 5125 1163 5194 ἁγίων
1195 5122 1340 5193 ἔχειν
1368 5121 1748 5188 καταξιοῦνται
1772 5119 1869 5190 ψυ-

273 5229 415 5301 χαί·
462 5225 648 5295 Ἡμεῖς
676 5224 808 5297 γὰρ,
859 5222 1045 5293 φησιν,
1088 5215 1635 5286 ἀνακεκαλυμμένῳ
1683 5229 1871 5283 προσ-

270 5323 441 5387 ώπῳ,
484 5318 761 5374 τουτέστιν
794 5318 852 5369 ὲν
895 5317 974 5387 τῷ
1030 5314 1137 5367 ἔσω
1184 5310 1477 5383 ἀνθρώπῳ,
1518 5309 1633 5377 τὴν
1680 5308 1874 5373 δόξαν

270 5412 508 5480 Κυρίου
534 5407 1053 5477 κατοπτριζόμεθα,
1083 5406 1169 5470 εις
1192 5402 1305 5471 τὴν
1330 5402 1525 5470 αὐτὴν
1547 5401 1752 5455 εικόνα
1765 5417 1872 5470 με·

272 5503 757 5573 ταμορφούμενοι
790 5501 909 5557 ἀπὸ
952 5498 1138 5565 δόξης
1172 5498 1259 5562 εις
1281 5494 1488 5559 δόξαν.
1518 5493 1656 5565 Περὶ
1681 5493 1872 5548 τούτου

1963 4750 2344 4823 splendentem
2397 4750 2453 4804 in
2508 4749 2630 4820 ejus
2676 4749 2829 4803 vultu
2888 4747 3130 4818 Spiritus
3186 4746 3439 4817 gloriam,
3492 4748 3549 4802 in

1963 4860 2129 4915 quam
2156 4845 2342 4900 nullus
2359 4844 2646 4898 hominum
2666 4850 2853 4913 posset
2876 4839 3186 4905 intendere,
3212 4842 3333 4912 ejus
3362 4840 3553 4910 gloria:

1966 4953 2077 5008 qua
2137 4937 2194 4991 iu
2263 4938 2542 5009 justorum
2606 4934 3015 4991 resurrectione
3095 4933 3553 5005 gloriﬁcabuntur

1968 5049 2200 5105 corpora
2242 5043 2557 5089 sanctorum
2598 5051 2611 5087 :
2643 5049 2751 5102 qua
2785 5031 2959 5103 gloria
2987 5047 3054 5086 ex
3074 5031 3181 5085 hoc
3220 5037 3467 5099 tempore
3497 5029 3553 5082 in

1974 5125 2225 5180 interiori
2246 5125 2468 5179 homine
2486 5134 2804 5179 sanctorum
2829 5124 3023 5177 anima:
3048 5122 3223 5192 «ligna:
3257 5121 3550 5175 habentur.

1969 5217 2076 5275 Nos
2099 5217 2267 5282 enim,
2297 5218 2373 5272 ait
2394 5216 2702 5285 Apostolus,
2735 5214 2970 5269 revelata
2998 5213 3151 5283 facie,
3180 5212 3283 5267 hoc
3301 5221 3386 5267 est
3411 5211 3556 5266 inte-

1971 5309 2105 5363 riori
2128 5308 2373 5374 homine,
2399 5306 2627 5378 gloriam
2649 5306 2856 5360 Domini
2873 5304 3223 5376 speculantes,
3246 5306 3301 5358 in
3318 5302 3556 5356 eamdem

1972 5400 2259 5471 imaginem
2308 5398 2680 5468 transformati
2719 5415 2751 5451 a
2794 5395 3040 5450 claritate
3070 5396 3126 5449 in
3164 5394 3465 5448 claritatem
3491 5392 3555 5447 “‘.

1974 5491 2135 5547 Circa
2184 5490 2289 5545 hoc
2332 5490 2602 5560 scriptum
2648 5495 2732 5544 est
2800 5504 2992 5543 rursus
3027 5506 3041 5541 :
3074 5486 3279 5541 Mosem
3315 5483 3561 5556 quadra-

275 5596 601 5666 γξγραπται
628 5592 811 5661 πάλιν,
848 5589 1261 5662 τεσσαράκοντα
1294 5586 1493 5649 νύκτας
1534 5584 1629 5639 καὶ
1662 5584 1868 5657 ἡμέρας

1979 5584 2128 5656 ginta
2158 5581 2416 5639 noctibus
2448 5590 2503 5637 et
2535 5580 2763 5637 totidem
2785 5579 2981 5635 diebus
3003 5579 3068 5645 “’,
3092 5594 3194 5635 nec
3220 5578 3331 5635 cibi
3361 5577 3562 5637 memi-

360 5776 445 5829 “l
473 5773 599 5830 Cor.
630 5790 705 5840 Ill,
743 5774 828 5830 18.
909 5773 951 5805 "
974 5768 1146 5827 Exod.
1178 5784 1320 5834 κων,
1356 5767 1436 5832 l8;
1469 5784 1645 5831 .\:\x|v,
1671 5765 1757 5820 1:8.
