4044 6540
603 355 702 420 891
1851 348 1911 406 s.
1953 342 2274 406 MACARII
2312 342 2637 404 somn
3215 315 3218 319 ’
3704 355 3776 419 se

602 468 752 524 nisse
782 482 885 524 nec
907 474 1090 538 potus,
1123 463 1269 536 quod
1307 462 1564 518 humanae
1593 464 1803 512 naturae
1834 453 2058 510 modum
2085 468 2182 507 ex-

2179 483 2182 492 ι
2215 459 2257 514 Λ
2287 451 2387 516 τὰς
2443 454 2564 517 ῖσας
2606 451 2682 526 μὴ
2710 451 2918 525 τροφῆς
2953 449 3278 522 μνησθῆναι,
3335 451 3410 522 μὴ
3454 453 3649 523 πόσεως.
3683 464 3776 535 ὅπερ

601 558 794 616 cedit:
836 558 943 614 nisi
981 556 1281 627 spiritualis
1340 552 1617 624 impertita
1665 547 1768 620 ipsi
1817 560 1944 602 esca
1984 543 2171 599 fuerit.

2284 544 2385 596 οὐκ
2411 543 2764 614 ἀνθρωπίνης
2795 542 3010 612 φύσεως
3038 543 3218 613 ἔργον,
3247 543 3295 595 εί
3333 543 3408 612 μή
3440 560 3488 596 τι
3514 546 3608 616 ἄρα
3630 558 3777 626 τφφῆς

598 651 825 718 Qualem
856 649 1114 704 videlicet
1155 649 1270 719 jam
1304 658 1455 700 nunc
1505 648 1707 698 sancte
1753 639 1952 694 anima:
1992 635 2174 708 perci-

2285 633 2562 689 ἐκοινώνει
2586 634 2962 708 πνευματικῆς
2979 651 2994 666 °
3038 629 3223 706 ἧσπερ
3244 635 3308 706 δὴ
3330 635 3426 688 καὶ
3447 636 3598 708 αὐτῆς
3616 642 3699 696 ἀπὸ
3715 649 3778 702 τώ

599 741 760 809 piunt
785 755 851 796 ex
879 739 1098 810 spiritu.

2284 727 2382 784 νῦν
2406 730 2463 784 αἱ
2497 730 2649 799 ἅγιαι
2679 730 2852 802 ψυχαὶ
2878 727 3383 800 μεταλαμσὰνουσιν
3402 731 3466 783 ὲκ
3496 731 3577 784 τοῦ
3606 738 3781 806 πνεῦμα.

2285 839 2398 885 τος.

664 922 735 976 ll.
775 919 1008 976 Claritas
1045 933 1150 988 qua
1196 917 1306 988 jam
1337 913 1469 969 hinc
1513 918 1829 968 sanctorum
1887 907 2176 964 abundant

2354 911 2432 968 B’.
2468 913 2580 984 Τὴν
2610 913 2768 982 δόξαν
2807 915 2878 986 ἠν
2908 913 3159 968 ἐντεῦθεν
3211 913 3270 968 αί
3323 914 3434 968 τῶν
3480 914 3628 984 ἁγίων
3668 921 3783 977 πλον.

598 1014 810 1074 animm,
845 1010 936 1064 illa
964 1010 1079 1078 ipsa
1111 1016 1261 1077 reget
1306 1014 1362 1060 et
1396 1002 1620 1058 amiciet
1659 1000 1809 1056 nuda
1849 1013 2084 1069 corpora
2118 999 2175 1053 in

2284 1005 2438 1060 τοῦσι
2472 1005 2661 1077 ψυχαὶ,
2702 1006 2887 1078 ἐκείνη
2912 1005 3145 1078 καλύψει
3170 1005 3265 1060 καὶ
3292 1004 3549 1077 ἀμφιάσει
3577 1009 3632 1062 τὰ
3656 1015 3783 1082 γυμνὰ

599 1106 1031 1171 resurrectione,
1067 1121 1131 1160 ac
1169 1112 1327 1174 rapta
1360 1103 1416 1158 in
1456 1103 1627 1159 ctelos
1671 1099 1920 1162 auferet;
1959 1104 2015 1151 et
2047 1104 2179 1149 tunc

2288 1102 2517 1174 σώματα
2551 1104 2610 1157 ὲν
2638 1105 2704 1175 τῇ
2734 1105 3050 1171 ἀναστάσει,
3086 1104 3182 1158 καὶ
3211 1105 3290 1168 είς
3321 1105 3574 1173 οὐρανοὺς
3600 1107 3783 1180 ἀνάρπα.

599 1200 676 1254 illi
733 1213 964 1267 corpore
1000 1197 1207 1266 pariter
1239 1205 1295 1250 et
1343 1195 1524 1250 anima
1565 1194 1620 1248 in
1665 1193 1760 1247 Dei
1809 1203 1978 1260 regno
2013 1183 2174 1242 simul

2289 1213 2385 1248 στα
2424 1196 2672 1267 ποιήσει’
2720 1197 2815 1250 καὶ
2862 1197 2982 1251 τότε
3029 1197 3215 1251 λοιπὸν
3249 1195 3466 1267 σώματι
3509 1197 3593 1250 καὶ
3617 1198 3786 1272 ψυχῇὲν

598 1298 864 1361 perpetuo
893 1288 1262 1359 requiescent.
1290 1286 1560 1342 Adamum
1583 1285 1788 1355 quippe
1818 1294 2014 1337 creans
2035 1278 2178 1331 Deus

2285 1290 2350 1358 τῇ
2384 1287 2630 1360 βασιλείᾳ
2661 1287 2798 1342 Θεοῦ
2831 1289 2946 1358 ἅμα
2995 1290 3259 1360 διηνεκῶς
3305 1291 3694 1348 ἀναπαύσονται.
3719 1297 3788 1350 τὸν

596 1382 710 1435 alas
747 1381 848 1450 ipsi
875 1395 1187 1450 corporeas,
1233 1379 1384 1433 velut
1430 1376 1648 1439 avibus,
1679 1389 1789 1428 non
1823 1370 2054 1433 indidit;
2086 1373 2177 1420 ut-

2287 1380 2395 1450 γὰρ
2439 1380 2611 1451 Ἀδὰμ
2641 1383 2833 1445 κτίσας
2859 1383 2884 1434 ό
2911 1366 3043 1447 Θεὸς
3077 1384 3355 1458 πτέρυγας
3377 1384 3523 1457 αὐτῷ
3549 1392 3788 1457 σωματικὰς

597 1485 723 1545 pote
741 1475 828 1530 cui
851 1474 964 1528 alas
983 1471 1319 1543 spirituales,
1337 1469 1540 1540 quibus
1572 1477 1698 1538 post
1713 1462 2177 1520 resurrectionem

2286 1472 2357 1536 ὡς
2389 1473 2500 1536 τοῖς
2526 1476 2793 1538 πετεινοῖς
2815 1475 2914 1528 οὐκ
2935 1475 3216 1547 ἐνέθηκεν,
3243 1477 3339 1530 ἅτε
3370 1478 3468 1541 τὰς
3499 1478 3582 1530 τοῦ
3608 1481 3791 1551 Πνεῦμα-

599 1567 965 1629 attolleretur,
1003 1575 1060 1619 et
1103 1572 1294 1633 raptus
1341 1574 1671 1632 quocunque
1714 1557 1879 1612 vellet
1929 1552 2176 1623 spiritus,

2285 1584 2377 1631 τος
2407 1568 2546 1622 κατά
2575 1569 2674 1641 τὴν
2715 1569 3012 1625 ἀνάστασιν
3056 1571 3315 1642 παρέξειν
3345 1572 3492 1642 αὐτῷ
3520 1573 3709 1642 μέλλων,
3734 1578 3791 1631 iv:

600 1657 778 1712 libere
804 1655 1062 1718 ferretur,
1100 1653 1231 1708 dare
1263 1651 1367 1722 ipsi
1403 1652 1746 1706 decreverat.
1779 1645 1888 1700 Has
1918 1643 2178 1714 spiritua-

2287 1658 2614 1729 κουφίζηται
2660 1661 2728 1715 δι’
2760 1659 2942 1716 αὐτῶν
2993 1663 3088 1715 καὶ
3141 1663 3457 1734 ἅρπάζηται
3487 1664 3605 1716 ὅπου
3636 1667 3793 1729 πάντως

596 1749 678 1804 les
710 1749 843 1810 alas,
885 1754 1200 1800 sanctorum
1247 1743 1536 1798 animabus
1558 1743 1668 1812 jam
1707 1747 1840 1794 tunc
1876 1736 2064 1792 datum
2093 1739 2179 1789 est

2207 1823 2243 1830 _
2287 1753 2348 1806 τὸ
2374 1753 2598 1823 Πνεῦμα
2630 1753 2884 1825 βούληται
2905 1771 2920 1786 ο
2943 1755 3146 1819 ταύτας
3171 1755 3228 1811 δὲ
3257 1759 3360 1820 τάς
3376 1755 3563 1826 νοητὰς
3590 1759 3793 1830 πτέρυγας

597 1842 819 1904 habere,
847 1859 968 1912 quae
993 1843 1062 1898 ad
1091 1843 1370 1898 cmlestem
1394 1842 1540 1912 ipsas
1562 1837 1902 1894 transferunt
1927 1847 2172 1889 sensum.

2207 1823 2248 1879 Β
2283 1847 2403 1909 ταῖς
2431 1847 2539 1900 τῶν
2569 1823 2740 1916 ἁγίων
2763 1823 2962 1920 ψυχαῖς
2989 1849 3098 1904 ἀπὸ
3121 1848 3214 1903 τοῦ
3244 1848 3339 1903 νῦν
3371 1823 3568 1904 δέδοται
3600 1823 3794 1920 Exstat!

595 1931 1034 1990 Christianorum
1066 1937 1213 1990 enim
1250 1936 1411 2000 alius,
1450 1949 1615 2005 quam
1644 1941 1968 1987 cancrorum
2004 1941 2169 1979 orna-

2277 1941 2415 2012 πρὸς
2447 1941 2506 1994 τὸ
2539 1940 2788 2014 οὐράνιον
2827 1942 3000 2005 αὐτὰς
3045 1941 3391 2012 μεθορίζουσι
3437 1941 3686 2012 φρόνημα.
3706 1944 3796 2014 Χρι-

596 2031 708 2090 tus,
741 2025 846 2079 alia
882 2025 1226 2086 indumenta,
1255 2040 1445 2080 mensa
1474 2023 1601 2088 alia,
1636 2030 1693 2077 et
1717 2021 1822 2076 alia
1848 2018 2036 2073 fruitio
2064 2023 2170 2079 est,

2279 2034 2509 2087 στιανῶν
2557 2035 2666 2104 γὰρ
2694 2033 2898 2105 κόσμος
2944 2035 3123 2102 ἄλλος,
3156 2038 3252 2089 καὶ
3284 2034 3422 2090 ἄλλα.
3449 2033 3710 2105 ἐνδύματα,
3735 2039 3797 2089 καὶ

595 2115 1043 2187 quandoquidem
1067 2133 1098 2172 e
1133 2117 1286 2174 malis
1315 2124 1613 2172 venturum
1638 2113 1919 2170 Christum
1945 2110 2169 2170 scimus,

2276 2126 2529 2200 τράπεζα
2559 2128 2716 2197 ἄλλη,
2751 2129 2847 2181 καὶ
2882 2129 3017 2199 ἄλλη
3044 2127 3366 2191 ἀπόλαυσις.
3406 2127 3555 2180 Ἐπεὶ
3579 2127 3795 2196 καὶοῦρι-

596 2205 987 2262 suscitaturum
1027 2207 1187 2278 190
1220 2223 1336 2275 eos,
1367 2207 1462 2278 qui
1500 2223 1566 2262 ex
1590 2205 1738 2261 omni
1778 2219 1893 2259 aevo
1930 2199 2173 2256 dormie-

2283 2221 2436 2274 νόθεν
2470 2219 2788 2274 ἐλεύσεσθαι
2826 2220 2917 2273 τὸν
2952 2220 3185 2291 Χριστὸν
3210 2220 3434 2289 οἴδαμεν
3467 2218 3728 2289 ἀναστῆσαί
3757 2236 3797 2271 τε

597 2303 768 2362 runt;
804 2297 1267 2367 quemadmodum
1308 2313 1476 2355 sacra:
1517 2299 1816 2369 Scriptura:
1852 2294 2090 2349 docent:
2119 2290 2174 2345 in

2278 2311 2404 2373 τοὺς
2445 2311 2509 2362 ἐκ
2548 2309 2641 2363 τοῦ
2693 2310 2892 2375 παντδς
2920 2311 3572 2382 αἰῶνοςκεκοιμημένους,
3597 2309 3742 2374 καθὼς
3763 2311 3797 2361 al

597 2381 736 2439 duas
759 2396 945 2455 partes
971 2387 1183 2443 dividet
1201 2388 1268 2454 “,
1300 2396 1357 2443 et
1379 2403 1501 2458 quae
1527 2391 1858 2456 sequuntur.

2278 2402 2417 2455 θεῖαι
2445 2400 2681 2474 Γραφαλ,
2723 2404 2816 2456 καὶ
2855 2406 2936 2468 εἰς
2984 2402 3077 2457 δύο
3116 2381 3348 2468 τούτους
3378 2401 3610 2456 διελόντα
3664 2401 3798 2472 μέρη.

663 2569 754 2626 III.
781 2565 994 2637 Quibus
1011 2587 1160 2628 cura:
1189 2582 1273 2630 est
1299 2573 1628 2629 Christiana:
1657 2571 1782 2626 vita:
1807 2567 1981 2625 otiicia
2008 2581 2174 2638 quam

2281 2497 2373 2550 καὶ
2399 2497 2467 2550 τὰ
2495 2495 2641 2566 ἑξῆς.

2350 2589 2426 2646 Ρ.
2454 2583 2550 2651 Οἷς
2583 2589 2735 2661 μέλει
2759 2590 2852 2642 τὸν
2879 2587 2972 2642 τοῦ
3003 2587 3334 2662 Χριστιανοῦ
3364 2586 3479 2659 βίον
3509 2587 3578 2650 ὡς
3599 2585 3801 2640 κάλλιστα

596 2663 803 2733 optime
863 2665 1048 2718 omnia
1101 2665 1370 2734 exsequi,
1419 2681 1516 2720 eos
1567 2672 1694 2719 ante
1749 2661 1968 2733 quidvis
2024 2658 2174 2714 aliud

2281 2658 2606 2755 κατορθοῦν,
2634 2682 2844 2747 τούτοις
2886 2681 2984 2734 καὶ
3023 2658 3296 2754 προσήκει
3325 2678 3716 2752 προηγουμένως
3735 2676 3799 2729 τοῦ

597 2762 832 2822 oportet,
867 2756 1040 2825 partis
1072 2757 1286 2822 animm,
1309 2771 1473 2828 quam
1503 2756 1848 2826 superiorem
1874 2761 1930 2808 et
1957 2750 2174 2823 praedo-

2285 2775 2626 2846 διανοητικοῦ
2667 2792 2727 2828 τε
2761 2775 2857 2828 καὶ
2893 2774 3235 2842 διακριτικοῦ
3277 2774 3370 2828 καὶ
3401 2769 3707 2844 ἡγεμονικοῦ
3733 2769 3800 2838 μέ·

599 2848 900 2902 minantem
931 2859 1151 2915 vocant,
1185 2849 1572 2905 intellectualis
1599 2847 1856 2903 videlicet
1875 2861 1940 2901 ac
1965 2845 2177 2900 discre-

2281 2885 2408 2940 ρους
2437 2845 2537 2938 τῆς
2556 2865 2734 2937 ψυχῆς
2754 2864 2843 2918 διὰ
2872 2865 3055 2935 πάσης
3077 2863 3456 2934 ἐπιμελεῖσθαι
3485 2862 3577 2932 τῆς
3599 2858 3798 2927 σπουδῆς¹

602 2935 745 3001 ιὶνιο,
801 2938 1118 3011 diligentem
1176 2941 1382 2996 habere
1447 2940 1759 3004 rationem;
1805 2947 1866 2992 ut
1917 2943 2174 2991 accurate

2287 2962 2374 3014 ἵνα
2405 2960 2503 3030 τὴν
2533 2960 2627 3013 τοῦ
2674 2957 2842 3014 καλοῦ
2872 2975 2934 3012 τε
2981 2959 3075 3012 καὶ
3119 2958 3294 3012 κακοῦ
3324 2957 3591 3029 διάκρισιν
3621 2950 3803 3024 ἀκριϐώ-

597 3027 729 3081 boni
761 3031 998 3100 malique
1033 3027 1328 3090 diserimen
1370 3033 1656 3097 facientes,
1691 3046 1796 3087 nec
1823 3046 1945 3101 qua:
1976 3038 2175 3099 praeter

2278 3027 2492 3119 σαντες,
2531 3052 2626 3106 καὶ
2652 3049 2689 3106 ἃ.
2724 3051 2875 3122 παρά
2917 3050 3078 3122 φύσιν
3105 3048 3411 3122 ἐπεισήχθη
3443 3027 3583 3116 πάθη
3613 3045 3698 3114 τῆς
3733 3061 3801 3096 κα-

598 3128 853 3175 naturam
879 3122 1107 3179 invectze
1130 3134 1260 3179 sunt
1279 3124 1632 3194 cupiditates,
1645 3131 1857 3176 natum
1879 3133 2030 3190 pum
2052 3128 2172 3172 esse

2204 3185 2244 3216 ρ
2281 3146 2454 3216 θαρᾶς
2476 3143 2872 3214 ἀποκρίναντες
2896 3141 3129 3212 φύσεως,
3153 3140 3524 3212 ἀπροσκόπως
3547 3137 3636 3208 ζῇν
3653 3136 3801 3206 ἔχοιεν,

591 3214 924 3283 iudicantes,
945 3215 1276 3272 inoffensum
1305 3216 1430 3270 vita:
1453 3229 1674 3270 cursum
1702 3213 1962 3271 habeant,
1982 3216 2172 3278 utpote

2206 3185 2245 3243 ε
2283 3185 2452 3216 ννίσνπο
2476 3185 2869 3214 ν’·νηινηυηην
2897 3185 3129 3212 τ---υη
3153 3185 3520 3212 “’”ι”“’“*·’*’1
3548 3185 3628 3208 τιν
3656 3185 3738 3206 -κν
3792 3185 3802 3197 -

2283 3237 2358 3301 ὡς
2384 3233 2647 3307 ὀφθαλμῷ
2691 3234 2770 3307 τῷ
2823 3235 2921 3306 τῆς
2973 3234 3300 3305 διακρίσεως
3348 3231 3502 3302 μέλει
3538 3233 3803 3302 χρωμένου.

599 3310 692 3380 qui
719 3307 1074 3362 discretionis
1109 3307 1280 3362 veluti
1311 3307 1472 3362 oculo
1505 3314 1767 3363 utantur:
1801 3313 1856 3359 et
1889 3304 1982 3374 qui
2012 3319 2044 3357 a
2078 3301 2182 3354 fal-

2284 3329 2380 3382 καλ
2423 3301 2706 3381 ἀσύνθετοι
2918 3325 3018 3389 τὰς
3059 3301 3161 3395 της
3200 3301 3401 3388 κακίας
3439 3301 3675 3395 ἀφορμὰς
3699 3318 3801 3375 εἶναι

601 3403 757 3457 laciis
782 3403 1070 3473 pravitatis
1102 3402 1283 3457 securi
1324 3417 1445 3456 esse
1475 3401 1709 3471 possint.
1754 3401 1851 3456 Est
1900 3399 2049 3454 enim
2082 3412 2182 3452 vo-

2283 3416 2596 3486 δυνάμενοι.
2642 3416 2800 3469 Ἐστι
2831 3415 2941 3486 γὰρ
2982 3415 3197 3486 θέλημα
3225 3417 3290 3487 τῇ
3333 3414 3480 3486 ψυχῇ
3508 3415 3574 3468 τὰ
3599 3415 3713 3485 μέλη
3735 3414 3801 3465 τοῦ

600 3496 785 3550 luntas
850 3495 1066 3559 animae,
1107 3495 1355 3549 membra
1411 3494 1661 3564 corporis
1721 3509 1752 3548 a
1799 3507 1940 3547 noxa
1989 3507 2182 3547 erran-

2287 3507 2540 3580 σώματος
2566 3507 2666 3579 τῆς
2696 3508 2804 3562 τῶν
2827 3508 3134 3576 αἰσθήσεων
3169 3508 3375 3580 βλάϐης
3402 3509 3636 3580 ἄκραντα
3657 3523 3804 3576 συντη-

603 3588 738 3642 lium
779 3603 1039 3642 sensuum
1094 3587 1417 3656 incorrupta
1439 3586 1683 3654 servari;
1732 3601 1901 3654 seque
1933 3585 2105 3654 ipsam
2148 3599 2179 3638 a

2287 3605 2424 3674 ρεῖν,
2452 3600 2709 3674 ἀπεῖρξαί
2740 3619 2798 3654 τε
2827 3601 3027 3671 ἑαυτὴν
3055 3600 3166 3653 τῶν
3215 3600 3310 3654 τοῦ
3344 3600 3554 3670 κόσμου
3592 3617 3805 3670 περισκα-

599 3679 788 3734 mundi
819 3679 1233 3734 avocationibus
1268 3694 1495 3734 arcere:
1525 3677 1913 3748 custodireque
1931 3693 2026 3732 cor
2043 3691 2112 3730 ne
2129 3676 2184 3731 in

2289 3691 2462 3760 σμῶν,
2495 3691 2590 3745 καὶ
2616 3689 2849 3758 φυλάξαι
2876 3689 2974 3759 τὴν
3004 3689 3254 3760 καρδίαν,
3273 3687 3368 3741 τοῦ
3397 3689 3474 3759 μὴ
3503 3685 3737 3756 ὲξαπλοῦν
3751 3683 3805 3753 τῷ

601 3773 865 3826 mundum
901 3771 1161 3826 extendat
1185 3770 1436 3827 membra
1463 3787 1688 3826 suarum
1736 3770 2132 3848 cogitationum
2163 3786 2178 3830 ;

2285 3784 2475 3856 κόσμῳ
2500 3782 2568 3837 τὰ
2594 3783 2730 3853 μέλη
2761 3781 2871 3836 τῶν
2895 3782 3064 3852 αὑτῆς
3085 3781 3384 3853 λογισμῶν,
3413 3781 3548 3835 ἀλλὰ
3578 3779 3806 3851 περισφίγ-

599 3865 693 3918 sed
721 3882 783 3919 ea
807 3865 1025 3936 colligat
1065 3873 1121 3920 et
1168 3865 1537 3935 undecunque
1578 3865 1834 3920 restricta
1875 3863 2178 3925 contineat,

2285 3895 2402 3946 γειν
2433 3875 2572 3932 αύτά
2619 3875 2886 3928 πάντοθεν
2924 3873 3020 3928 καὶ⁵
3050 3873 3294 3943 συνέχειν
3327 3872 3656 3943 χαμαιζήλου
3690 3869 3804 3940 μερί-

599 3957 668 4010 ab
710 3957 902 4011 humili
956 3973 1087 4012 cura
1121 3966 1178 4012 et
1220 3957 1502 4027 voluptate
1562 3970 1846 4010 coercens.
1884 3955 2182 4009 Enimvero

2288 3985 2426 4040 μνης
2465 3967 2562 4022 καὶ⁵
2606 3963 2822 4037 ἡδονῆς.
2865 3963 3115 4017 Ἐπειδὰν
3149 3959 3243 4017 οὖν
3293 3965 3324 4017 ὁ
3369 3964 3575 4037 Κύριος
3611 3963 3685 4034 [δη
3719 3963 3806 4013 τινὶ

599 4048 695 4102 ιιῡὶ
738 4049 1004 4102 Dominus
1049 4048 1288 4118 aliquem
1338 4047 1393 4102 id
1449 4046 1642 4102 sedulo
1664 4055 1914 4116 agentem
1935 4043 2178 4108 viderit,

2284 4062 2457 4136 ταύτῃ
2477 4062 2751 4128 διάγοντα,
2784 4061 2878 4112 καὶ
2907 4058 3080 4120 οὕτως
3114 4058 3306 4113 ἑαυτὸν
3333 4057 3672 4130 ἀκριϐοῦντα,
3697 4053 3805 4123 φόϐῳ

599 4140 701 4204 sic,
735 4140 979 4210 inquam,
1022 4149 1316 4204 attentum,
1369 4151 1698 4209 semperque
1739 4151 1867 4193 cum
1917 4143 2068 4190 metu
2118 4149 2182 4189 ac

2283 4175 2344 4210 τε.
2381 4156 2477 4210 καὶ
2505 4155 2694 4226 τρόμῳ
2722 4153 2994 4207 δουλεύειν
3026 4152 3174 4222 αὐτῷ
3216 4151 3575 4224 προθέμενον,
3607 4149 3807 4220 ὲπορέγει

600 4243 841 4288 tremore
892 4233 1104 4287 servire
1156 4232 1259 4302 ipsi
1311 4241 1584 4301 paratum,
1642 4237 1900 4301 suggeret
1957 4227 2062 4299 ipsi
2112 4226 2181 4282 ad

2284 4250 2380 4304 καὶ
2417 4249 2515 4320 τὴν
2540 4250 2606 4302 ἐκ
2652 4250 2752 4319 τῆς
2790 4244 2956 4301 αὐτοῦ
2993 4245 3215 4316 χάριτος
3243 4245 3586 4316 ἐπικουρίαν.
3619 4240 3803 4297 Ἐπεὶτξ

601 4327 862 4380 ulteriora
909 4317 1098 4394 gratia:
1149 4325 1438 4381 auxilium.
1464 4323 1646 4392 Quare
1693 4338 1827 4379 vero
1859 4324 2004 4377 Deus
2037 4321 2182 4375 ultro

2283 4317 2558 4412 ποιήσειεν
2587 4342 2615 4394 ό
2638 4317 2773 4403 est;
2810 4338 3091 4410 τῷζὲκοντὶ
3117 4337 3196 4408 τῷ
3225 4339 3417 4410 κόσμῳ
3441 4337 3627 4392 ἑαυτὸν
3655 4338 3809 4403 Exup-

601 4431 661 4472 se
695 4415 902 4470 mundo
937 4415 1285 4470 tradentibus
1319 4423 1376 4471 et
1406 4415 1730 4486 [voluptates
1754 4413 2092 4470 sectantibus
2125 4411 2180 4466 id

2283 4437 2512 4508 έχοντα,
2560 4433 2657 4489 καὶ
2706 4432 2882 4488 ὀπίσω
2922 4431 3034 4486 τῶν
3097 4430 3304 4500 ἡδονῶν
3346 4431 3514 4486 αὐτοῦ
3563 4428 3807 4499 πορευόμε-

600 4508 840 4563 faceret?
2206 4529 2260 4590 D
2286 4545 2410 4596 vov;

670 4601 759 4658 1V.
785 4599 1108 4656 Prudentes'
1146 4599 1253 4656 illa}
1293 4598 1558 4672 virgines,
1593 4613 1716 4670 quae
1758 4598 2109 4669 peregrinum
2147 4611 2178 4651 a

2357 4623 2430 4675 A'.
2467 4620 2534 4674 Ai
2567 4618 2806 4692 νήψασαι
2829 4617 2996 4672 πέντε
3022 4620 3281 4688 παρθένοι
3311 4617 3540 4680 ἐκεῖναι,
3581 4614 3666 4670 καὶ
3685 4612 3734 4666 τὺ
3753 4609 3810 4674 ξέ-

603 4709 700 4750 sua
726 4693 968 4763 ipsarum
1000 4703 1198 4747 natura
1231 4692 1416 4747 oleum
1450 4691 1619 4763 (quod
1658 4696 1742 4770 est
1772 4689 2010 4761 Spiritus
2058 4703 2182 4760 gra-

2287 4733 2376 4770 νον
2405 4715 2501 4786 τῆς
2524 4689 2731 4769 ἑαυτῶν
2758 4712 2973 4784 φύσεως
2997 4711 3175 4764 ἔλαιον
3201 4712 3260 4764 ὲν
3280 4713 3392 4774 τοῖς
3423 4708 3660 4780 ἀγγείοις
3683 4721 3813 4772 παρα-

605 4785 699 4856 tia)
728 4789 783 4839 in
831 4786 977 4840 vasis
1017 4783 1200 4840 cordis
1242 4791 1743 4855 praasumpserant,
1794 4791 2095 4852 potuerunt
2124 4781 2180 4836 in

2287 4781 2553 4862 λαϐοῦσαι
2586 4807 2685 4876 τῆς
2718 4781 2969 4876 καρδίας.
3014 4805 3172 4858 τοῦτο
3205 4803 3263 4857 δὲ
3299 4805 3333 4874 ἡ
3378 4804 3541 4874 χάρις
3579 4801 3666 4855 τοῦ
3693 4796 3812 4852 [lysi-

603 4879 900 4935 tbalamum
936 4878 1096 4932 simul
1133 4877 1335 4932 intrare
1371 4894 1495 4934 cum
1528 4892 1749 4947 sponso.
1777 4875 1910 4930 Alia:
1939 4891 2071 4930 vero
2099 4874 2181 4930 fa-

2294 4917 2482 4974 ματος,
2520 4897 2856 4967 ἐδυνήθησαν
2885 4899 2965 4962 εἰς
2991 4896 3083 4949 τὸν
3112 4897 3377 4967 νυμφῶνα
3410 4887 3814 4955 συνεισελθεῖν

600 4981 708 5026 tua:
744 4980 799 5027 ct
831 4971 1005 5036 make,
1023 4986 1090 5025 ea
1113 4970 1217 5025 sibi
1262 4970 1511 5026 suiliccre
1539 4971 1822 5035 ducentes,
1841 4985 1962 5038 quae
1987 4976 2185 5022 natura

2293 4970 2531 5061 νυμφίῳ.
2562 4990 2629 5042 Αἱ
2675 4989 2835 5046 ἄλλαι
2867 4988 2925 5042 δὲ
2961 4988 3020 5043 ai
3072 4988 3277 5059 μωραὶ,
3316 4989 3371 5043 αἱ
3412 4986 3604 5049 κακαὶ,
3647 4987 3704 5053 τῇ
3740 4980 3816 5048 ἰδίᾳ

600 5064 736 5136 ipsis
766 5064 1155 5135 suppeditabat
1187 5080 1308 5127 sua,
1349 5065 1529 5135 iisque
1576 5075 1866 5136 propterea
1893 5069 2186 5126 contenue,

2292 5082 2450 5153 φύσει
2478 5080 2922 5151 ὲναπομείνασαι,
2958 5079 3058 5132 οὐκ
3098 5078 3324 5150 ένηψαν,
3353 5078 3478 5131 οὐδὲ
3517 5077 3653 5132 κατὰ
3690 5089 3814 5128 σπου-

601 5159 751 5213 omni
799 5157 1172 5213 sollicitudine
1205 5157 1415 5212 omissa
1441 5157 1653 5227 supinae
1687 5155 1975 5212 securitati
2005 5170 2063 5209 se
2091 5152 2188 5208 de-

2287 5152 2384 5245 δῆς
2412 5172 2570 5242 ἔσχον
2598 5171 2658 5224 τὸ
2685 5169 2885 5224 τοιόνδε
2919 5171 3018 5238 τῆς
3049 5169 3424 5238 ἀγαλλιάσεως
3454 5169 3631 5222 ἔλαιον
3656 5165 3723 5227 είς
3746 5163 3813 5223 τὰς

602 5251 824 5314 derunt,
874 5265 1056 5320 neque
1085 5247 1233 5319 quod
1263 5247 1594 5314 debuerant,
1624 5247 1958 5303 studuerunt
1998 5246 2182 5300 oleum

2288 5267 2496 5322 ἑαυτῶν
2518 5265 2745 5337 καρδίας
2777 5263 3112 5335 παραλαϐεῖν
3133 5280 3146 5292 ·
3179 5263 3295 5316 ἀλλ’
3319 5265 3484 5317 οἱονεὶ
3509 5261 3813 5332 ἀφύπνωςαν,

602 5343 750 5399 istud
772 5342 974 5397 laetitiae
998 5341 1053 5396 in
1071 5339 1219 5396 vasis
1240 5339 1422 5395 cordis
1443 5341 1686 5410 ipsarum
1707 5353 2065 5411 prwsumere:
2087 5337 2182 5394 sed

2288 5361 2355 5414 δι’
2379 5359 2641 5431 ἀμέλειάν
2673 5377 2731 5412 τε
2763 5357 2856 5412 καὶ
2893 5357 3216 5428 χαυνότητα,
3251 5359 3347 5411 καὶ
3377 5355 3708 5422 δικαιοσύνης
3730 5353 3815 5416 air,-

601 5436 754 5492 velut
781 5435 1205 5490 obdormierunt
1234 5449 1337 5506 per
1384 5433 1654 5488 incuriam
1701 5444 2089 5504 torporemque
2118 5445 2182 5486 ac

2292 5469 2409 5508 σιν·
2448 5452 2576 5523 παρ’
2611 5451 2640 5504 ὃ
2686 5452 2780 5504 καὶ
2823 5451 2851 5502 ὀ
2897 5448 3124 5520 νυμφὼν
3167 5450 3358 5512 αὑταῖς
3397 5447 3718 5514 ἀπεκλείσθη
3746 5444 3816 5508 τῆς

601 5527 986 5583 confidentiam
1013 5526 1244 5598 justitia:
1263 5525 1520 5597 propriae.
1552 5525 1634 5580 Ob
1659 5527 1805 5595 quod
1830 5526 1980 5598 regni
2007 5523 2184 5581 thala-

2292 5543 2590 5616 βασιλείας.
2635 5542 2802 5612 Δῆλον
2840 5542 2949 5611 γὰρ
2995 5541 3077 5592 ὅτι
3116 5539 3302 5610 δεσμῷ
3353 5558 3458 5593 τινι
3514 5538 3606 5592 τοῦ
3654 5536 3815 5600 κόσμιυ

604 5635 726 5674 mus
776 5618 909 5688 ipsis
955 5619 1214 5674 occlusus
1253 5628 1359 5675 est.
1412 5617 1762 5674 Manifestum
1788 5620 1936 5675 enim
1982 5626 2122 5686 crat,
2152 5631 2181 5672 a

2292 5637 2388 5693 καλ
2439 5635 2592 5707 φιλίᾳ
2637 5634 2893 5704 γεγόνασι
2943 5631 3230 5704 καθεκτοὶ,
3275 5632 3468 5688 καθότι
3499 5631 3599 5703 τὴν
3642 5625 3815 5698 ἀγάπην

1915 5733 1952 5756 δ

683 5797 725 5830 ιο
750 5798 938 5856 Μαιιιι.
967 5818 1089 5873 xxv,
1113 5793 1215 5862 σε.
