4044 6544
291 356 397 420 893

1286 351 1520 411 LIBER
1561 348 1657 409 DE
1697 346 2175 409 ELEVA'I‘IONE
2214 348 2517 409 MENTIS.

3444 349 3549 413 894

291 466 475 522 αὑτῶν
523 462 734 534 ἐντελῆ,
786 463 881 515 καὶ
931 461 1019 514 τὸν
1085 461 1265 531 ἔρωτα
1317 458 1394 529 τῷ
1448 455 1755 529 ἐπουρανίῳ
1797 454 1873 527 μὴ

1986 454 2223 523 partibus
2244 472 2339 510 eas
2362 455 2556 510 mundi
2588 464 2754 520 stare,
2776 456 2853 511 illi
2890 456 3098 512 defian
3125 458 3362 529 quodam
3388 462 3545 528 quasi

292 560 571 628 παρέσχον
610 554 831 624 νυμφίῳ
856 569 869 581 ·
909 553 1005 605 καὶ
1029 552 1137 621 γάρ
1167 552 1222 603 αί
1245 549 1305 603 τὸ
1343 550 1494 616 ξένον
1529 550 1627 618 τῆς
1655 548 1870 617 φύσεως

292 651 384 704 τὸν
409 646 683 717 ἀγιασμὸν
705 644 894 698 τοῦτον
925 641 1188 711 ζητοῦσαι
1212 642 1383 712 ψυχαὶ
1410 640 1504 694 τοῦ
1530 639 1669 693 Πνεύ
1679 655 1867 709 ματος,

294 743 423 811 ὅλην
479 740 579 809 τὴν
633 738 855 806 ἀγάπην
910 733 1090 788 αὐτῶν
1133 734 1462 799 ἐξάπτουσαι
1499 732 1576 802 τῷ
1625 730 1867 803 Χριστῷ,

296 834 413 886 ἐκεῖ
462 826 877 900 περιπατοῦσιν,
911 826 1029 879 ἐκεῖ
1074 822 1345 894 εὔχονται,
1389 825 1506 877 ἐκεῖ
1545 822 1869 891 λογίζονται,

296 925 413 978 ἐκεῖ
439 920 725 993 μελετῶσι,
757 918 974 971 πάντων
995 916 1309 969 ἀποστᾶσαι
1332 914 1438 967 τῶν
1460 913 1651 967 ἄλλων.
1672 914 1739 968 At
1762 914 1870 985 γὰρ

294 1016 461 1068 πέντε
490 1013 590 1081 τῆς
616 1009 797 1080 ψυχῆς
817 1006 1119 1076 αἰσθήσεις,
1154 1005 1387 1069 σύνεσις,
1412 1005 1631 1073 γνῶσις,
1657 1005 1872 1075 διάκρι-

297 1123 404 1169 σις,
435 1102 708 1172 ὑπομονὴ,
750 1100 917 1164 ἔλεος,
961 1097 1028 1152 ἂν
1074 1098 1174 1165 τὴν
1214 1096 1422 1151 ἀνωθεν
1465 1096 1623 1167 χάριν
1652 1098 1747 1149 καὶ
1781 1099 1873 1151 τὸν

298 1194 571 1265 άγιασμδν
602 1191 695 1245 τοῦ
726 1191 1041 1259 Πνεύματος
1085 1188 1366 1252 δέξωνται,
1395 1188 1490 1241 κο.)⁸
1519 1187 1773 1257 φρόνιμοι
1805 1191 1870 1259 τῇ

296 1284 533 1357 ἀληθείᾳΔ
579 1281 837 1353 παρθένοι
871 1280 1119 1334 ἔσονταιθ
1175 1279 1226 1331 εί
1261 1278 1318 1331 δέ
1364 1281 1431 1349 τῇ
1470 1278 1629 1348 φύσει
1664 1279 1873 1332 ἐαυτῶν

296 1374 792 1445 ἐγκαταληφθεῖεν,
850 1369 1032 1441 μωραὶ
1081 1367 1161 1439 τῷ
1207 1368 1324 1421 ὄντι
1361 1368 1726 1438 εὑρίσκονται,
1778 1368 1874 1420 καὶ

294 1472 461 1524 τέκνα
488 1467 642 1522 οὖσαι
669 1464 764 1519 τοῦ
795 1465 999 1534 κόσμου
1021 1462 1347 1516 δείκνυνται.

370 1731 444 1782 E'.
475 1728 687 1795 ’Ὠσπερ
734 1722 891 1793 ξένην
920 1722 1017 1792 τῆς
1063 1718 1278 1788 φύσεως
1324 1717 1482 1789 ἡμῶν
1535 1715 1634 1789 τὴν
1675 1716 1873 1771 κακίαν

1978 546 2233 602 amicitia:
2258 548 2501 614 vinculo,
2530 564 2651 618 quae
2684 549 2790 603 fuit
2830 546 3009 605 οαυειί
3027 566 3126 605 cur
3158 558 3333 605 totum
3369 562 3425 605 et
3463 553 3547 606 in-

1978 645 2193 706 tegrum
2224 652 2468 692 amorem
2510 653 2668 692 suum
2724 654 2942 693 sacrare
2987 654 3190 708 sponso
3221 639 3276 692 in
3308 640 3547 693 solidum

1977 728 2348 797 nequiverint.
2380 728 2486 783 Sed
2522 729 2626 783 illa“,
2646 730 2996 801 peregrinum
3024 746 3051 784 a
3076 740 3273 785 natura
3304 731 3545 800 ipsarum

1979 817 2210 885 bonum,
2270 820 2780 887 sanetifieationem,
2815 823 3060 891 inquam,
3111 820 3349 891 Spiritus
3400 837 3549 889 quee-

1980 916 2185 971 rentes,
2214 917 2382 963 totam
2412 925 2566 964 suam
2616 910 2836 965 Christo
2870 910 3158 964 afﬁxerunt
3202 911 3545 976 charitatem,

1981 998 2060 1052 ibi
2100 1012 2518 1066 conversantur,
2558 1003 2858 1067 ambulant,
2885 1010 3088 1066 orant;
3117 1003 3189 1057 ibi
3216 1002 3549 1056 ratiocinan-

1981 1098 2100 1156 tur;
2128 1091 2203 1145 ibi
2231 1093 2587 1157 meditantur,
2620 1095 2690 1149 ab
2718 1095 2844 1148 aliis
2874 1096 3133 1151 omnibus
3164 1111 3387 1151 aversaa.
3413 1097 3546 1151 Nam

1978 1180 2224 1249 quinque
2260 1182 2457 1238 animae
2485 1199 2697 1248 sensus,
2724 1186 2817 1254 qui
2842 1195 2971 1240 sunt
3003 1204 3016 1239 :
3044 1188 3357 1256 prudentia,
3384 1188 3546 1242 intel-

1978 1274 2221 1345 ligentia,
2242 1277 2523 1342 discretio,
2553 1279 2819 1348 patientia
2859 1289 2916 1335 et
2942 1280 3344 1341 misericordia,
3376 1279 3422 1332 si
3452 1294 3546 1332 su-

1978 1379 2149 1434 perne
2169 1368 2397 1437 gratiam
2436 1381 2492 1424 et
2531 1364 3021 1424 sanctiﬁcationem
3051 1369 3291 1439 Spiritus
3319 1385 3548 1438 accepe-

1980 1454 2111 1519 rint,
2140 1456 2271 1512 fient
2322 1458 2563 1529 virgines
2616 1475 2744 1515 vere
2790 1461 3090 1530 prudentes
3120 1477 3135 1513 :
3165 1460 3211 1512 si
3264 1467 3445 1513 autem
3493 1458 3546 1512 in

1981 1555 2173 1601 natura
2196 1549 2437 1619 ipsarum
2462 1534 2862 1620 relinquantur,
2887 1551 3053 1606 fatum
3072 1551 3362 1605 verissime
3394 1566 3550 1618 repe-

1980 1639 2233 1707 riuntur;
2264 1650 2320 1696 et
2350 1643 2547 1698 merito
2569 1654 2931 1699 aceensentur
2972 1643 3097 1698 filiis
3128 1643 3293 1713 hujus
3338 1642 3546 1697 saeculi.

2053 1730 2116 1783 V.
2150 1730 2321 1786 Sicuti
2350 1734 2620 1802 hospitem
2659 1745 2871 1790 natura:
2901 1743 3102 1789 nostrae
3131 1734 3414 1794 malitiam,
3452 1749 3550 1802 per

301 1822 491 1884 οὖσαν,
516 1819 604 1872 διὰ
622 1816 678 1870 δὲ
702 1817 801 1887 τῆς
822 1812 1185 1887 παραϐάσεως
1208 1811 1303 1864 τοῦ
1334 1808 1551 1881 πρώτου
1586 1808 1879 1879 παρεισδῦ-

1986 1819 2139 1888 primi
2188 1824 2679 1893 transgressionem
2709 1826 2949 1880 hominis
2988 1827 3044 1880 in
3074 1840 3174 1880 nos
3197 1839 3424 1894 peregre
3463 1825 3549 1878 in-

302 1930 407 1966 σαν
435 1909 723 1980 ἀνθρώπου
770 1903 1196 1974 κατεδεξάμεθα,
1228 1902 1391 1971 φύσιν
1422 1902 1557 1972 ἡμῖν
1593 1900 1672 1971 τῷ
1702 1901 1877 1971 χρόνῳ

299 2002 611 2068 καθαπερεὶ
642 1996 1013 2066 γεννωμένην.
1046 1992 1203 2047 Οὕτω
1242 1993 1306 2065 δὴ
1346 1994 1441 2046 καὶ⁵
1471 1991 1562 2046 διά
1599 1990 1693 2045 τοῦ
1725 1992 1875 2059 ξένου

232 2138 245 2146 .
296 2097 491 2148 τούτου
517 2093 615 2162 τῆς
649 2089 921 2161 ἡμετέρας
954 2087 1187 2157 φύσεως,
1217 2085 1314 2156 τῆς
1335 2086 1682 2155 ἐπουρανίου,
1710 2085 1875 2155 φημὶ,

296 2188 398 2241 τοῦ
455 2183 771 2255 Πνεύματος
833 2182 1062 2252 δωρεᾶς,
1119 2178 1659 2249 ἁποσκορακισθῆναι
1719 2180 1878 2233 πάλιν

298 2278 472 2350 αὐτὴν
520 2278 621 2346 τῆς
663 2274 939 2346 ἡμετέρας
979 2272 1244 2344 προσήκει
1275 2271 1510 2340 φύσεως,
1540 2272 1635 2323 καὶ
1666 2272 1744 2334 εἰς
1778 2271 1878 2342 τὴν

300 2368 537 2439 ἀρχαίαν
565 2367 712 2437 ἡμᾶς
763 2362 1136 2431 καθαριότητα
1184 2361 1540 2429 καταστῆναι·
1589 2360 1677 2423 Ὧς
1719 2363 1767 2414 εἰ
1801 2362 1879 2431 μὴ

299 2461 464 2514 τοῦτο
494 2462 560 2531 τῇ
593 2458 762 2528 πολλῇ
794 2456 977 2526 δεήσει
1002 2454 1097 2507 καὶ
1130 2452 1333 2516 πίστει,
1361 2454 1623 2523 προσοχῇ,
1652 2455 1746 2506 καὶ¹
1773 2453 1879 2505 τῶν

299 2549 398 2604 τοῦ
454 2550 657 2620 κόσμου
708 2547 1022 2616 ἀποστροφῇ
1080 2545 1313 2611 γένοιτο,
1364 2543 1457 2596 κει)⁸
1501 2545 1535 2613 ἠ
1597 2543 1881 2611 μιανθεῖσα

300 2645 442 2715 πρὸς
471 2645 567 2715 τῆς
599 2643 797 2706 κακίας
829 2639 991 2709 φύσις
1020 2638 1201 2709 ἡμῶν,
1227 2637 1332 2690 ὑπὸ
1366 2638 1465 2707 τῆς
1495 2638 1713 2708 ἀγάπης
1741 2637 1882 2690 ἐκεί-

299 2756 427 2807 νης,
458 2737 578 2806 ἥτις
618 2736 646 2787 6
679 2732 882 2804 Κύριός
911 2734 1082 2797 ἐστιν,
1117 2728 1430 2799 ἀγιασθείη,
1476 2730 1573 2783 καὶ
1606 2730 1764 2799 μέχρι
1794 2729 1882 2782 τέ-

303 2828 431 2889 λους
462 2827 701 2880 ἄπτωτοι
738 2822 1105 2893 διαμείνωμεν
1150 2819 1260 2873 τῶν
1288 2818 1519 2873 ἐντολῶν
1566 2820 1731 2872 αὑτοῦ
1773 2818 1881 2873 τῶν

306 2917 471 2969 θείων
520 2912 1011 2985 μεταποιούμενοι,
1072 2912 1173 2982 τῆς
1226 2908 1550 2981 ἐπουρανίου
1603 2910 1883 2980 βασιλείας

303 3006 589 3074 ἐπιτυχεῖν
618 3004 678 3056 οὐ
710 3001 1012 3072 δυνάμεθα.

382 3094 473 3164 ς’.
508 3095 717 3149 Λεπτόν
765 3111 888 3149 τινα
932 3094 1023 3147 καὶ
1056 3093 1223 3163 βαθὺν
1273 3091 1429 3161 λόγον
1461 3092 1603 3147 κατὰ
1644 3092 1713 3147 τά
1760 3091 1882 3162 ἐμοὶ

1977 1920 2183 1967 trusam
2212 1914 2537 1971 admisimus
2562 1934 2576 1981 ;
2607 1933 2805 1971 novam
2830 1917 2985 1987 quasi
3021 1928 3273 1972 naturam
3306 1916 3361 1969 in
3386 1915 3548 1969 nobis

1976 2018 2130 2057 mora
2162 2012 2218 2059 et
2247 2020 2348 2059 usu
2404 2006 2548 2076 longi
2581 2008 2845 2076 temporis
2872 2016 3181 2077 operatam;
3215 2007 3288 2059 ita
3316 2021 3412 2074 per
3446 2006 3549 2058 ho-

1977 2113 2105 2169 spes
2147 2114 2365 2169 quoque
2408 2100 2553 2156 istud
2592 2112 2791 2157 nostra:
2831 2110 3040 2156 natura:
3080 2101 3285 2156 bonum
3322 2099 3549 2168 (donum

1978 2192 2102 2246 dico
2134 2190 2373 2261 Spiritus
2421 2191 2682 2262 caelestis)
2718 2192 2918 2261 ejicere
2942 2192 3186 2246 vicissim
3226 2188 3549 2244 convenite

1992 2291 2180 2337 nostra
2224 2291 2418 2337 natura
2456 2292 2666 2352 pestem
2714 2282 2882 2347 illam,
2911 2282 3053 2337 etin
3096 2281 3406 2351 primaevam
3449 2294 3552 2332 nos

1992 2372 2285 2426 restituere
2306 2373 2621 2441 puritatem.
2654 2373 2869 2426 Etenim
2888 2372 2992 2426 nisi
3025 2371 3196 2425 multa
3220 2369 3467 2425 oratione
3495 2376 3552 2422 et

1981 2463 2109 2528 fide,
2155 2464 2325 2518 multa
2348 2465 2670 2527 attentione,
2691 2473 2747 2519 et
2767 2465 2991 2519 a'rebus
3019 2463 3211 2517 mundi
3241 2461 3547 2522 aversione,

1980 2568 2404 2622 consequamur,
2448 2562 2511 2607 ut
2570 2555 2778 2624 polluta
2828 2555 3164 2609 immistione
3201 2553 3421 2607 malitia:
3451 2567 3552 2605 na-

1981 2652 2106 2698 tura
2136 2652 2345 2709 nostra,
2368 2644 2438 2699 ab
2466 2644 2558 2699 illa
2578 2645 2870 2707 charitate,
2896 2661 3017 2715 quae
3043 2647 3188 2699 Deus
3219 2654 3323 2708 est,
3348 2642 3552 2698 sancti-

1983 2734 2211 2803 ﬁcetur;
2248 2744 2304 2790 et
2330 2736 2397 2789 ad
2431 2736 2592 2791 tinem
2630 2750 2803 2804 usque
2833 2734 2952 2789 sine
2987 2733 3195 2789 offensa
3229 2747 3553 2802 permanse—

1983 2826 2161 2883 rimus
2189 2828 2245 2881 in
2278 2828 2440 2897 plena
2462 2836 2521 2882 et
2545 2837 2735 2882 exacta
2778 2825 3094 2879 divinorum
3130 2824 3251 2893 ejus
3298 2823 3556 2876 observa-

1983 2919 2131 2973 tione
2181 2919 2588 2984 mandatorum,
2631 2916 2873 2973 coelestis
2908 2915 3061 2985 regni
3105 2922 3387 2984 compotes
3433 2928 3556 2967 esse

1981 3026 2093 3065 non
2125 3012 2446 3080 poterimus.

2057 3106 2211 3175 l9],
2267 3104 2651 3161 VLSubtilem
2705 3100 3000 3172 quamdam
3049 3101 3557 3169 abstrusioremque

302 3156 531 3247 δυνατὰ,
586 3184 813 3238 διελθεῖν
862 3156 1145 3254 βούλομαι.
1190 3156 1568 3254 Σωματοποιεῖ
1618 3156 1808 3237 ἐαυτὸν
1855 3185 1882 3237 6

1986 3198 2310 3265 doctrinam,
2331 3205 2495 3267 prout
2525 3203 2737 3266 potero,
2756 3209 3031 3263 exponere
3063 3194 3153 3248 hic
3182 3192 3326 3246 volo.
3344 3193 3404 3246 lu
3432 3209 3560 3247 cor-

304 3283 538 3351 ἇπειρος
573 3279 665 3333 καὶ
693 3278 983 3349 ἀσώματος
1008 3278 1210 3349 Κύριος
1236 3278 1325 3332 διά
1357 3279 1700 3349 χρηστότητα
1724 3279 1883 3333 ἀπει-

309 3389 432 3442 ρον,
464 3372 558 3424 καὶ
608 3370 921 3441 σμικρὺνει,
970 3369 1044 3432 ὡς
1094 3369 1160 3422 ἀν
1201 3387 1283 3433 τις
1329 3370 1542 3439 φαίη,ό
1575 3368 1745 3438 μέγας
1793 3368 1886 3421 καὶ

308 3462 657 3530 ὑπερούσιος,
696 3461 792 3514 τοῦ
845 3461 1138 3531 δυνηθῆναι
1180 3464 1290 3524 τοῖς
1330 3463 1533 3532 νοεροτς
1569 3460 1733 3513 αὑτοῦ
1772 3460 1888 3513 κτί-

308 3569 483 3624 σμασι
503 3552 875 3625 συγκραθῆναι
890 3551 1106 3622 ψυχαῖς,
1123 3551 1314 3618 ἁγίων,
1330 3569 1403 3621 φη
1411 3552 1493 3620 μὶ,
1512 3551 1604 3604 καὶ
1616 3550 1883 3619 ἀγγέλων,

308 3645 401 3697 ἵνα
435 3642 659 3696 δυναταὶ
699 3643 943 3711 γένοιντο
987 3643 1081 3695 καὶ
1110 3634 1269 3695 αὗται
1308 3641 1451 3712 ζωῆς
1482 3639 1750 3695 ἀθανάτου
1785 3644 1885 3713 τῆς

306 3734 480 3790 αὑτοῦ
512 3735 762 3805 θεότητος
804 3736 1123 3805 μετασχεῖν·
1178 3734 1301 3787 ἐπεὶ
1345 3734 1440 3788 καὶ
1471 3732 1701 3787 ἕκαστον
1749 3732 1889 3786 κατά

307 3829 414 3898 τὴν
451 3827 584 3880 ἰδίαν
612 3829 795 3897 φύσιν,
832 3826 993 3896 σῶμά
1030 3827 1198 3892 ἐστιν,
1229 3827 1258 3879 6
1290 3824 1541 3893 ἄγγελος,
1580 3826 1613 3894 ἡ
1654 3824 1822 3895 ψυχὴ,
1860 3827 1890 3876 6

307 3920 546 3989 δαίμων.
580 3919 696 3971 Κᾶν
735 3917 843 3988 γάρ
874 3916 1049 3971 λεπτά
1077 3911 1208 3982 εἷεν,
1237 3916 1353 3970 ἀλλ’
1385 3918 1534 3985 ὅμως
1565 3917 1623 3969 ἐν
1652 3916 1888 3970 ὑποστά-

311 4031 399 4066 σει
432 4010 741 4083 χαρακτῆρι
762 4027 844 4077 τε,
872 4010 967 4063 καὶ
993 4010 1161 4063 είκόνι
1178 4008 1320 4062 κατά
1344 4008 1441 4080 τὴν
1471 4007 1773 4079 λεπτότητα
1792 4008 1891 4078 τῆς

308 4104 527 4157 ἑαυτῶν
566 4107 802 4173 φύσεως,
853 4100 1011 4171 σῶμα
1055 4102 1313 4170 τυγχάνει
1351 4099 1567 4153 λεπτόν.
1594 4100 1805 4172 ’Ὠσπερ
1834 4102 1892 4154 ἐν

310 4194 611 4249 ὑποστάσει
638 4195 787 4248 τουτὶ
811 4194 871 4247 τὸ
896 4192 1057 4264 σῶμα
1078 4192 1221 4263 παχύ
1246 4194 1384 4255 ἐστι,
1415 4190 1558 4245 οὕτω
1575 4195 1668 4246 καὶ
1692 4194 1725 4264 ἡ
1747 4191 1893 4264 ψυχὴ

312 4289 479 4356 σῶμα
509 4281 643 4340 οὖσα
670 4285 867 4339 λεπτὸν
902 4283 1193 4354 περιέϐαλε
1228 4283 1322 4337 καὶ
1349 4283 1634 4337 ἐνεδύσατο
1664 4284 1733 4337 τὰ
1756 4283 1890 4354 μέλη

306 4381 470 4433 τοῦδε
506 4379 599 4431 τοῦ
644 4376 916 4447 σώματος.
954 4373 1281 4447 Περιέϐαλλε
1331 4375 1439 4446 γὰρ
1490 4376 1580 4428 τὸν
1619 4374 1893 4445 ὀφθαλμὸν

1985 3305 2088 3358 pus
2118 3290 2522 3360 quodammodo
2560 3304 2618 3343 se
2659 3289 2836 3357 ipsum
2886 3283 3238 3338 transformat
3263 3281 3562 3335 immensus

1983 3391 2039 3436 et
2084 3382 2444 3451 incorporeus
2486 3380 2771 3443 Dominus,
2803 3392 2902 3446 per
2953 3374 3349 3445 benignitatem
3378 3372 3563 3426 inlini-

1989 3480 2100 3525 tam
2126 3488 2140 3534 ;
2170 3479 2227 3525 et
2254 3471 2479 3535 minuit,
2510 3485 2871 3540 parvumque,
2907 3476 2967 3520 ut
3001 3466 3083 3521 sic
3113 3465 3315 3529 dicam,
3340 3470 3563 3516 contra-
3626 3446 3643 3468 ⁸

1988 3563 2126 3618 hens
2155 3577 2213 3617 se
2240 3562 2391 3625 facit,
2426 3562 2615 3632 ingens
2653 3561 2741 3614 ille
2770 3554 3337 3628 supersubstantialis,
3369 3561 3431 3609 ut
3464 3552 3545 3607 sic

1987 3652 2162 3722 possit
2224 3668 2350 3707 eum
2402 3649 2868 3705 intellectualibus
2922 3646 3038 3701 suis
3087 3645 3355 3699 creaturis
3406 3646 3563 3713 quasi

1988 3746 2318 3801 coalescere.
2350 3742 2577 3797 Animas
2612 3750 2927 3795 sanctorum
2956 3739 3101 3801 dico,
3134 3745 3190 3790 et
3219 3734 3463 3805 angelos,
3503 3748 3565 3793 ut

1990 3838 2069 3892 sic
2097 3839 2180 3892 hae
2216 3844 2488 3891 creaturae
2520 3835 2730 3905 possint
2776 3835 2901 3889 vita:
2941 3834 3287 3900 immortalis,
3315 3850 3422 3904 qua
3447 3835 3562 3904 ipsa

1990 3929 2109 3998 ejus
2140 3925 2400 3981 divinitas
2421 3925 2644 3990 fruitur,
2674 3925 2969 3995 participes
2994 3924 3154 3980 eﬂici.
3174 3924 3442 3993 Quoniam
3466 3925 3565 3977 ho-

1992 4030 2113 4069 rum
2151 4014 2408 4085 quodque
2435 4013 2737 4069 secundum
2774 4014 3046 4083 propriam
3082 4022 3333 4071 naturam
3364 4027 3565 4082 corpus

1991 4115 2107 4172 est;
2145 4122 2366 4177 corpus,
2398 4106 2643 4176 inquam,
2670 4114 2798 4159 sunt
2825 4116 2881 4160 et
2911 4106 3156 4176 angelus,
3182 4114 3238 4160 et
3275 4105 3479 4171 anima,
3507 4112 3564 4158 et

1992 4199 2226 4254 daemon.
2256 4198 2374 4277 Etsi
2406 4199 2553 4252 enim
2586 4213 2675 4253 res
2702 4206 2895 4252 tenues
2924 4196 3265 4267 subtilesque
3292 4205 3440 4260 sunt,
3479 4204 3564 4249 ta-

1993 4308 2120 4347 men
2146 4294 2200 4347 in
2222 4292 2879 4363 hypostasi,'charactere,
2908 4304 2973 4343 ac
2998 4288 3171 4344 forma
3201 4287 3455 4358 propriis,
3479 4301 3565 4341 se-

1994 4384 2233 4439 cundum
2285 4383 2609 4439 tenuitatem
2660 4391 2874 4436 natura:
2904 4382 3148 4450 ipsorum
3192 4394 3392 4448 corpus
3435 4388 3564 4432 sunt

308 4473 384 4527 δι’
416 4468 587 4543 οὗπερ
636 4470 767 4538 γοῦν
813 4471 907 4522 καὶ
955 4468 1089 4540 όρᾷο
1143 4466 1467 4534 περιέϐαλλε
1507 4466 1569 4518 τὸ
1611 4462 1700 4530 οὖς
1736 4464 1882 4520 τοῦτ(

1998 4484 2162 4530 tenue
2189 4491 2203 4540 ;
2232 4475 2376 4529 sicut
2405 4474 2458 4528 in
2492 4489 2589 4527 sua
2619 4472 2898 4543 hypostasi
2928 4485 3129 4540 corpus
3158 4469 3261 4524 hoc
3286 4479 3559 4532 nostrum,

308 4565 403 4636 δὴ,
436 4565 502 4617 δι’
530 4558 590 4617 οὗ
614 4563 708 4617 καὶ
736 4560 950 4615 ἀκούει·
977 4561 1073 4629 τὴν
1105 4561 1281 4629 χεῖρα,
1299 4556 1396 4628 τὴν
1428 4560 1569 4629 ῥῖνα,
1593 4560 1687 4610 καὶ
1714 4556 1887 4622 ἀπαξ-

311 4656 506 4720 απλῶς
556 4656 653 4709 ὅλα
692 4654 760 4708 τὰ
818 4653 957 4723 μέλη
992 4651 1084 4704 τοῦ
1134 4651 1387 4721 σώματος
1438 4650 1755 4720 περιέϐαλλε
1801 4652 1895 4703 καὶ

315 4744 632 4817 συνεκράθη
661 4744 804 4806 ὅλοις
828 4744 1010 4806 αὐτοῖς
1040 4743 1074 4813 ἡ
1094 4740 1260 4813 ψυχὴ,
1293 4741 1359 4795 δι’
1385 4735 1446 4795 οὗ
1477 4743 1568 4794 καὶ
1592 4743 1767 4795 πάντα
1796 4743 1896 4796 ὅσα

310 4838 385 4906 δὴ
416 4836 493 4905 τῷ
538 4834 639 4905 βίῳ
683 4832 1037 4904 ἐνστρέφεται
1082 4832 1488 4903 ἐπιτηδεύματα
1535 4831 1758 4886 διανύει.
1794 4834 1895 4885 Τὸν

314 4928 417 4984 οὖν
447 4928 608 4981 αὑτὸν
636 4925 855 4998 τρόπον,
894 4923 989 4977 καὶ
1014 4925 1048 4994 ἡ
1078 4921 1345 4993 ἀλάλητός
1377 4939 1435 4975 τε
1464 4923 1558 4975 καὶ
1582 4922 1897 4994 ἀνεννόητος

1998 4580 2244 4619 crassum
2273 4580 2473 4633 corpus
2501 4573 2620 4629 est;
2658 4564 2843 4632 itaque
2890 4561 3070 4615 anima
3104 4576 3305 4630 corpus
3337 4575 3460 4615 cum
3491 4560 3563 4614 sit

1996 4657 2155 4710 exilis
2193 4656 2494 4721 tenuitatis,
2520 4654 2826 4711 circumdat
2858 4653 2960 4707 sibi
2992 4663 3156 4722 atque
3190 4652 3369 4720 induit
3395 4667 3566 4707 mem-

1998 4747 2098 4802 bra
2152 4748 2315 4819 hujus
2364 4749 2632 4818 corporis,
2677 4746 2858 4801 induit
2914 4761 3113 4816 nempe
3182 4745 3425 4808 oculum,
3465 4759 3565 4813 per

1999 4858 2162 4912 quem
2194 4842 2366 4905 videt,
2405 4857 2616 4906 aurem,
2648 4855 2746 4909 per
2768 4854 2931 4909 quam
2970 4838 3156 4903 audit,
3193 4853 3435 4899 manum,
3469 4852 3566 4890 na-

1999 4946 2129 4996 res;
2157 4946 2267 4984 uno
2298 4930 2487 4994 verbo,
2519 4939 2715 4984 cuncta
2767 4928 3015 4997 corporis
3050 4925 3294 4980 membra
3326 4925 3566 4979 circum-

312 5024 417 5078 τοῦ
461 5019 697 5093 Χριστοῦ
745 5016 1052 5090 χρηστότης
1085 5016 1374 5086 σμικρύνει
1408 5016 1502 5069 καὶ
1535 5020 1882 5086 σωματοποιε

1995 5020 2151 5089 ponit
2195 5019 2323 5083 sibi,
2353 5033 2591 5088 cumque
2618 5018 2727 5073 illis
2766 5021 2986 5088 penitus
3007 5016 3416 5078 commiseetur,
3441 5030 3570 5083 per-

314 5115 549 5185 ὲαυτὴν,
594 5111 690 5166 καὶ
722 5109 1086 5180 συγκιρνᾶται
1128 5108 1222 5160 καὶ¹
1250 5106 1650 5178 περιλαμϐάνει
1679 5106 1780 5169 τὰς
1809 5125 1882 5160 πι.

1998 5124 2104 5178 que
2128 5110 2481 5164 hceccunctas
2505 5108 2818 5163 functiones
2856 5108 3107 5161 humana:
3131 5104 3568 5161 conversationis

318 5207 461 5269 στὰς
511 5205 605 5258 καὶ
654 5202 817 5271 φίλας
869 5198 1033 5253 αὑτοῦ
1080 5197 1279 5269 ψυχὰς,
1328 5199 1423 5251 καὶ
1460 5199 1547 5263 εὶς
1592 5196 1660 5251 ἐν
1695 5196 1882 5262 αὐταῖς

1996 5203 2335 5272 exsequitur.
2360 5201 2442 5256 Ad
2484 5200 2717 5254 similem
2742 5199 2908 5270 igitur
2924 5197 3148 5252 modum
3192 5195 3488 5251 ineﬂ‘abilis
3514 5203 3570 5248 et

316 5298 562 5367 πνεῦμα
607 5297 855 5365 γίνεται,
897 5292 1038 5345 κατὰ
1069 5290 1130 5344 τὸ
1158 5291 1337 5358 λόγιον
1380 5290 1616 5355 Παύλου,
1649 5289 1793 5361 ψυχὴ
1822 5292 1882 5346 εἰς

1999 5289 2573 5361 incomprehensibilis
2621 5288 2829 5344 Christi
2883 5287 3103 5341 bonitas
3163 5284 3443 5342 contrahit
3507 5298 3571 5337 ac

315 5389 525 5461 ψυχὴν,
557 5387 631 5449 ὡς
661 5387 850 5455 φάναι,
878 5383 974 5437 καὶ⁹
997 5382 1288 5445 ὑπόστασις
1311 5380 1440 5448 γοῦν
1471 5384 1549 5445 εἰς
1579 5382 1894 5446 ὑπόστασιν,

315 5482 400 5543 ὡς
436 5480 501 5532 ἂν
527 5480 593 5548 τῇ
623 5475 800 5547 τοιᾷδε
837 5475 983 5547 ψυχῇ
1020 5475 1078 5527 ἐν
1103 5475 1169 5542 τῇ
1207 5472 1370 5525 αὐτοῦ
1404 5471 1617 5543 θεότητι
1648 5471 1808 5541 ζῆσαὶ
1839 5489 1897 5523 τε

316 5566 570 5636 ὑπάρξῃ,
605 5565 700 5617 καὶ
738 5564 1004 5617 ἀθανάτου
1045 5560 1191 5631 ζωῆς
1228 5560 1533 5627 ἐφικέσθαι,
1576 5562 1669 5613 καὶ
1707 5561 1898 5632 ἡδονῆς

318 5658 610 5727 ἀφθάρτου
642 5657 737 5710 καὶ
773 5657 1012 5727 ἀρρήτου
1040 5653 1197 5723 δόξης
1234 5653 1670 5725 κατατρυφῆσαι.

403 5773 473 5826 ’⁷1
507 5772 632 5825 Cor.
659 5788 730 5836 tv,
768 5772 848 5825 17.

2002 5398 2225 5452 parvam
2280 5381 2410 5435 facit
2449 5395 2513 5433 ac
2557 5379 2713 5449 quasi
2751 5379 2806 5433 in
2837 5393 3041 5448 corpus
3091 5377 3245 5447 ﬁngit
3278 5392 3335 5432 se
3362 5376 3569 5446 ipsam;

2005 5481 2168 5541 atque
2192 5486 2249 5526 se
2285 5470 2599 5525 immiscens
2647 5470 2995 5538 amplectitur
3021 5468 3211 5524 fideles
3263 5476 3320 5524 et
3370 5467 3575 5524 amicas

2007 5563 2113 5617 sibi
2139 5563 2367 5627 animas,
2403 5571 2458 5615 et
2488 5578 2623 5615 unus
2667 5578 2784 5614 cum
2827 5563 2951 5631 ipsis
3004 5559 3065 5628 ﬁt
3104 5561 3352 5630 spiritus,
3382 5574 3576 5614 secun-

2008 5654 2138 5711 dum
2163 5653 2444 5709 oraculum
2472 5652 2624 5709 Pauli
2641 5654 2679 5731 f7
2702 5670 2715 5720 ;
2736 5654 2917 5708 anima
2942 5653 2998 5709 in
3022 5654 3279 5720 animam,
3303 5652 3462 5709 utsic
3489 5651 3574 5706 di-
