4044 6514
646 299 757 367 895

1882 297 1942 357 S.
1984 294 2303 356 MACARII
2341 292 2663 353 IEGYPTII
3740 294 3815 359 επ

649 421 827 479 catur,
875 421 932 468 et
974 412 1252 485 hypostasi
1308 410 1363 467 in
1392 410 1725 483 hypostasrm
1749 407 1907 478 quasi
1935 407 2296 462 coalescente.
2323 405 2398 461 Ut
2426 421 2527 475 per
2554 407 2659 460 hoc
2717 404 2812 460 tali
2852 402 3049 459 animae
3083 405 3139 459 in
3181 403 3354 474 ipsius
3392 402 3659 459 divinitate
3681 421 3819 465 mere

648 505 953 576 contingat,
1008 514 1067 562 et
1119 505 1186 560 ad
1233 504 1599 560 immortalem
1630 502 1795 557 vitam
1836 501 2055 555 tandem
2097 497 2408 570 pervenire,
2468 499 2859 569 voluptateque
2933 498 3281 568 incorrupta,
3332 504 3391 551 et
3422 494 3820 567 ineﬂ'abiligloria

648 599 908 670 gaudere.

725 716 836 771 Vll.
872 715 988 769 Tali
1015 714 1210 775 animm
1242 713 1529 777 Dominus,
1575 712 1794 784 quoties
1823 709 2047 781 quidem
2080 707 2219 771 vult,

2394 699 2471 755 Z'.
2504 700 2582 771 Τῇ
2613 698 2840 772 τοιαύτῃ
2877 699 3044 769 ψυχῇ,
3097 697 3283 770 φησὶν.
3340 698 3370 751 ὃ
3399 699 3612 769 Κύριοςν
3656 702 3729 756 δτε
3754 706 3824 774 μὲν

653 807 713 860 iit
741 806 902 877 ignis,
929 821 1259 861 consumens
1283 804 1553 876 quidquid
1592 808 1646 859 in
1674 820 1736 859 ea
1770 817 1997 874 pravum
2028 815 2092 854 ac
2118 799 2221 853 ali-

653 897 797 951 unde
830 897 1103 951 invectum
1135 907 1250 962 est;
1276 897 1418 951 sicut
1446 898 1522 951 ait
1552 896 1817 966 propheta
1843 912 1855 947 :
1885 893 2023 946 Deus
2048 900 2223 944 noster

650 989 788 1059 ignis
827 1004 1131 1041 consumens
1166 996 1240 1041 est
1259 988 1323 1041 ³⁸.
1362 988 1510 1043 Alias
1557 988 1735 1041 eidem
1770 987 1964 1040 anima:
1994 984 2051 1037 iit
2081 982 2222 1037 inef-

650 1079 830 1134 fabilis
852 1078 1007 1146 quies
1036 1095 1048 1130 :
1075 1078 1371 1146 aliquando
1399 1079 1658 1148 gaudium
1712 1088 1767 1132 et
1827 1093 1953 1146 pax,
1985 1075 2224 1129 circum-

650 1170 859 1232 iovens,
891 1176 946 1221 et
995 1167 1238 1237 undique
1284 1180 1622 1238 amplectens
1654 1169 1847 1238 ipsam.
1879 1168 2111 1220 Tantum
2150 1179 2219 1224 ne

649 1259 893 1313 desimus
946 1260 1155 1313 nostris
1191 1260 1459 1329 partibus,
1511 1271 1572 1315 ut
1620 1261 1774 1313 illum
1830 1272 2100 1315 amemus,
2137 1255 2215 1309 illi

649 1350 1023 1423 gratificentur
1056 1352 1305 1406 moribus
1358 1352 1565 1421 probis.
1616 1353 1741 1406 Haec
1782 1350 1876 1420 qui
1916 1347 2217 1418 praestabit,

651 1443 771 1511 ipso
806 1457 969 1496 sensu
1022 1443 1337 1511 perspiciet,
1383 1444 1523 1497 inire
1562 1457 1619 1496 se
1664 1443 1776 1512 jam
1818 1440 2221 1510 possessionem

649 1530 1093 1586 inenarrabilium
1147 1532 1593 1600 bonorum,quae
1640 1532 1835 1584 oculus
1890 1545 2002 1584 non
2059 1527 2217 1591 vidit,

648 1642 801 1681 auris
828 1644 937 1681 non
972 1626 1182 1681 audivit
1233 1635 1289 1680 et
1329 1628 1384 1681 in
1419 1643 1515 1681 cor
1556 1627 1797 1680 hominis
1822 1642 1929 1679 non
1964 1623 2229 1679 ascende-

652 1727 817 1783 runt;
842 1734 941 1786 per
963 1733 1083 1786 qua:
1110 1717 1347 1788 Spiritus
1367 1719 1584 1772 Domini
1616 1717 1676 1771 [it
1704 1718 1921 1772 nuncin
1954 1718 2222 1787 requiem,

651 1820 798 1858 nunc
819 1805 873 1858 in
897 1805 1340 1867 exsultationem,
1361 1815 1418 1859 et
1450 1806 1786 1874 voluptatem
1822 1814 1878 1859 et
1900 1806 2067 1859 vitam
2103 1808 2225 1874 ejus

656 1896 852 1950 animae
906 1911 1028 1964 qua:
1058 1910 1116 1949 se
1155 1896 1248 1949 illo
1288 1896 1507 1966 dignam
1550 1896 1873 1951 ostenderit.
1907 1896 2225 1964 lncorporat

647 1988 795 2042 enim
822 2002 880 2042 se
905 1987 1085 2056 ipsum
1124 1988 1269 2041 sicut
1294 1989 1350 2042 in
1377 2003 1561 2043 escam
1586 1988 1949 2056 spiritualem,
1982 1988 2056 2041 ita
2087 1996 2141 2041 et
2169 1987 2223 2041 in

2325 792 2576 864 βούλεται
2606 790 2716 861 πῦρ
2739 792 2973 859 γίνεται,
3011 794 3121 845 πᾶν
3159 792 3362 861 φαῦλον
3399 794 3565 864 αὐτῆς
3594 796 3674 848 καὶ
3691 799 3827 852 ἐπείσ-

2323 902 2488 939 ακτον
2517 884 2791 938 διακαϊον·
2828 882 3018 953 ὥσπερ
3053 883 3147 937 καὶ
3193 886 3221 937 ὁ
3266 885 3546 955 προφήτης
3588 888 3751 955 φησίν·
3781 893 3826 943 '0

2326 979 2470 1043 Θεὸς
2507 976 2675 1045 ἡμῶν
2700 977 2819 1043 πῦρ
2850 977 3320 1031 καταναλίσκον.
3351 976 3480 1030 Ὅτε
3506 977 3561 1029 δὲ
3588 979 3826 1046 ἀνάπαυσις

2326 1072 2585 1142 ἄρῤητος,
2635 1072 2723 1123 ὅτε
2763 1071 2820 1123 δὲ
2863 1070 3006 1141 χαρὰ
3037 1057 3133 1123 καὶ
3176 1070 3386 1140 εἰρήνη,
3419 1070 3740 1139 trepidatum
3764 1076 3829 1126 xei

2325 1163 2666 1233 περιϐάλλων
2699 1162 2889 1233 αὐτήν.
2926 1162 3101 1215 Μόνον
3149 1162 3207 1215 ὲν
3247 1161 3449 1232 σπουδῇ
3500 1161 3669 1214 θετέον
3704 1164 3828 1231 φιλεῖν

2325 1255 2488 1308 αὐτὸν
2537 1255 2633 1307 καὶ
2688 1253 3011 1325 χαρίζεσθαι
3050 1255 3272 1323 τρόποις
3324 1254 3566 1321 ἀγαθοῖς,
3613 1257 3695 1309 καὶ
3730 1260 3828 1327 αὐτῇ

2325 1347 2513 1418 πείρᾳ,
2558 1345 2695 1415 αὐτῇ
2751 1345 2995 1415 αἰσθήσει
3049 1345 3237 1414 ὄψεται
3289 1344 3564 1415 ἁψάμενος
3609 1348 3830 1417 ἀλαλήτων

2326 1436 2569 1506 ἀγαθῶν,
2611 1434 2646 1489 δι
2674 1434 2951 1503 ὀφθαλμὸς
2983 1434 3081 1487 οὐκ
3114 1433 3244 1498 εἶδε,
3281 1436 3375 1487 καὶ
3418 1434 3512 1498 οὓς
3540 1436 3633 1488 οὐκ
3662 1437 3832 1505 ἤκουσε,

2326 1531 2421 1582 κα)⁸
2450 1528 2542 1580 ἐπὶ
2573 1528 2800 1597 καρδίαν
2821 1525 3107 1596 ἀνθρώπου
3133 1528 3233 1580 οὐκ
3258 1526 3446 1597 ἀνέϐη,
3473 1528 3568 1580 ὅσα
3591 1528 3644 1580 τὸ
3665 1530 3832 1598 Πνεῦμα

2326 1620 2533 1690 Κυρίου
2578 1619 2822 1685 γίνεται,
2840 1617 2998 1670 τοῦτο
3047 1618 3146 1688 μὲν
3180 1620 3258 1681 είς
3299 1619 3621 1684 ἀνάπαυσιν,
3650 1621 3777 1673 τοῦτο
3802 1622 3835 1673 δ’

2326 1713 2400 1774 είς
2432 1710 2747 1779 ἀγαλλίασιν
2778 1711 2872 1763 καὶ
2896 1711 3127 1781 τρυφὴν,
3152 1711 3246 1763 καὶ
3276 1709 3420 1781 ζωὴν
3452 1711 3549 1779 τῆς
3575 1711 3713 1775 ἀξίας
3730 1712 3834 1764 ὲκεί-

2327 1821 2417 1856 νου
2461 1802 2820 1873 δεικνυμένης
2873 1802 3069 1872 ψυχῆς.
3123 1802 3502 1872 Σωματοποιεῖ
3547 1804 3650 1873 γὰρ
3697 1803 3837 1855 tantbs

2329 1895 2612 1964 ὧσπερείς
2640 1895 2843 1966 βρῶσιν
2871 1895 3266 1966 πνευματικὴν,
3296 1895 3438 1948 οὕτω
3467 1896 3560 1948 καὶ
3590 1898 3662 1958 εἰς
3684 1894 3839 1965 ἐνδυμά

2326 2005 2386 2039 τε
2441 1988 2535 2040 καὶ
2574 1988 2747 2058 κάλλη
2804 1987 3199 2057 ἀνεκδιήγητα,
3258 1987 3325 2039 ἵν’
3354 1986 3686 2056 εὐφροσύνης
3737 1988 3840 2039 οὓτω

648 2080 1030 2134 indumentum
1082 2087 1139 2132 et
1180 2089 1435 2132 ornatum
1479 2078 1865 2132 inenarrabilis
1887 2077 2217 2147 splendoris,

2325 2076 2585 2148 πληρώσῃ
2611 2077 2989 2146 πνευματικῆς
3008 2093 3023 2108 ο
3062 2077 3207 2145 Ἐγὼ
3227 2076 3334 2146 γάρ
3359 2080 3498 2145 ειμι,
3525 2078 3697 2145 φησιν,
3723 2080 3750 2129 d
3770 2077 3841 2145 ἆρ-

648 2180 710 2227 ut
734 2172 814 2226 sic
834 2185 955 2224 eam
992 2168 1266 2238 spirituali
1300 2168 1490 2223 laetitia
1517 2169 1764 2237 impleat.
1793 2168 1907 2239 Ego
1930 2168 2100 2233 enim,
2120 2168 2221 2231 ait,

648 2260 800 2332 panis
830 2259 947 2312 vita:
966 2274 1083 2310 sum
1102 2258 1163 2310 ".
1191 2256 1259 2310 Et
1290 2272 1303 2307 :
1345 2253 1445 2320 Qui
1476 2256 1658 2309 biberit
1685 2272 1746 2310 ex
1772 2272 1911 2324 aqua
1945 2273 2105 2326 quam
2133 2272 2225 2327 ego

647 2351 782 2404 dabo
805 2351 871 2413 ei,
894 2348 987 2418 ﬁet
1016 2350 1068 2402 in
1088 2363 1147 2401 eo
1169 2346 1286 2415 fons
1332 2361 1489 2418 aqua:
1520 2346 1759 2401 salientis
1783 2347 1840 2400 in
1869 2348 2033 2401 vitam
2068 2356 2225 2401 aeter-

652 2444 860 2497 nam“.

720 2532 956 2603 Vlll.lta
992 2548 1192 2618 cuique
1243 2545 1593 2601 sacerdotum
1635 2552 1692 2600 et
1716 2553 2033 2600 sanctorum
2080 2545 2227 2600 Deus

646 2638 922 2707 apparuit,
972 2645 1032 2691 ut
1078 2644 1131 2690 et
1167 2637 1270 2705 ipsi
1321 2635 1427 2689 fuit
1474 2637 1586 2690 Deo
1630 2636 1892 2707 placitum
1926 2644 1982 2691 et
2012 2636 2225 2691 videnti

646 2727 782 2780 utile
809 2741 821 2776 :
854 2726 1011 2781 aliter
1036 2725 1372 2790 Abrahamo,
1406 2725 1568 2780 aliter
1590 2726 1798 2790 lsaaco,
1822 2727 1982 2780 aliter
2005 2741 2225 2795 quoque

644 2817 872 2883 Iacobo,
908 2819 1045 2881 Noe,
1078 2818 1310 2885 Danieli,
1362 2818 1518 2883 Mosi,
1563 2818 1777 2882 Davidi,
1823 2829 1880 2873 et
1927 2820 2225 2889 unicuique

645 2909 1059 2979 pr0phetarum,
1116 2909 1373 2963 minuens
1429 2916 1487 2963 et
1538 2908 1595 2962 in
1656 2922 1859 2977 corpus
1908 2906 2116 2977 ﬁngens
2166 2924 2225 2963 se

647 3000 852 3071 ipsum,
898 3000 1043 3053 sicut
1093 2998 1302 3054 dictum
1347 3007 1453 3065 est,
1487 3000 1991 3069 transﬁguransque
2025 3014 2105 3061 se,
2163 3013 2228 3053 ac

646 3091 822 3159 forma
853 3090 1057 3145 visibili
1101 3098 1382 3159 assumpta
1416 3088 1742 3144 intuendum
1775 3104 1833 3143 se
1862 3087 2114 3158 praebens
2138 3088 2224 3142 di-

646 3182 946 3253 ligentibus
975 3182 1158 3253 ipsum
1182 3197 1198 3249 ;
1226 3198 1333 3236 non
1356 3193 1596 3252 quantus
1616 3190 1718 3247 est,
1753 3196 1878 3235 cum
1911 3181 1985 3237 sit
2018 3179 2227 3234 incom-

646 3274 1075 3345 prehensibilis;
1120 3274 1215 3329 sed
1258 3282 1525 3344 quantum
1580 3272 1656 3327 illi
1711 3287 1908 3341 capere
1947 3279 2222 3340 possunt;

644 3372 875 3438 propter
929 3362 1165 3417 multum
1215 3373 1273 3418 et
1337 3362 1970 3432 incomprehensibilem,
2012 3375 2123 3431 quo
2168 3360 2223 3415 in

646 3460 798 3532 ipsos
820 3458 1019 3524 fertur,
1046 3471 1314 3512 amorem.

714 3586 811 3645 IX.
837 3585 1037 3642 Anima
1081 3583 1181 3639 Dei
1232 3582 1549 3653 dignatione
1595 3590 1913 3647 consecuta,
1947 3591 2009 3637 ut
2056 3581 2227 3635 virtu-

647 3690 755 3735 tem
786 3679 933 3733 illam
969 3692 1037 3732 ex
1079 3676 1212 3741 alto,
1245 3674 1605 3746 divinumque
1650 3673 1806 3727 illum
1850 3673 2031 3743 ignem
2078 3658 2224 3727 intra

644 3787 703 3827 se
734 3769 1096 3825 domesticum
1128 3766 1359 3833 habeat;
1386 3766 1478 3820 illa
1502 3764 1908 3835 supercmlestis
1936 3763 2065 3818 boni
2098 3762 2225 3833 Spi-

644 3864 788 3920 ritus
820 3862 979 3933 quasi
1010 3868 1329 3917 concretam
1366 3858 1483 3915 suis
1524 3857 1697 3928 ipsius
1747 3857 2011 3912 membris
2044 3854 2224 3910 chari-

644 3964 811 4013 tatem
835 3956 992 4026 192
1024 3954 1302 4018 obtinens,
1326 3951 1474 4006 omni
1500 3951 1749 4021 profecto
1777 3948 2039 4004 mundani
2070 3963 2225 4002 amo-

645 4050 723 4105 ris
756 4046 1047 4119 expeditur
1090 4060 1259 4110 nexu,
1283 4052 1339 4098 et
1366 4042 1590 4097 vinculo
1622 4040 1844 4095 malitiae
1874 4039 2123 4095 solvitur.
2153 4039 2226 4095 Ut

645 4145 794 4201 enim
817 4143 1044 4203 ferrum,
1077 4136 1625 4208 plumbum,aurum,
1660 4142 1947 4206 argentum
1975 4132 2225 4202 conjecta

643 4234 702 4290 in
729 4234 911 4305 ignem
938 4230 1262 4292 solvuntur;
1303 4227 1658 4297 ipsorumque
1697 4224 2012 4280 inﬂexibilis
2058 4234 2224 4278 antea

642 4332 702 4382 et
719 4324 788 4379 ad
810 4331 1016 4377 tactum
1040 4319 1302 4373 resistens
1316 4315 1564 4371 soliditas
1590 4316 1645 4370 in
1676 4314 1900 4371 ﬂuidam
1932 4314 2218 4369 mollitiem

642 4426 919 4482 mutatur;
946 4416 1018 4470 ita
1043 4420 1104 4466 ut
1139 4410 1385 4481 quandiu
1412 4411 1470 4464 in
1506 4410 1628 4480 igne
1656 4418 1921 4479 perstant,
1952 4407 2116 4473 ﬂuxa,
2155 4405 2224 4461 li-

641 4507 834 4582 quida,
882 4505 1121 4560 resoluta
1164 4510 1466 4558 cernantur
1507 4508 1564 4555 et
1594 4501 1724 4565 sint,
1754 4501 2031 4572 rigiditate
2066 4515 2223 4571 pror-

641 4615 737 4658 sus
771 4596 1019 4668 dcposita
1056 4593 1319 4657 naturali,
1342 4591 1413 4646 ob
1437 4590 1669 4647 ﬂamma:
1700 4592 1811 4647 vim
1844 4609 1858 4647 :
1893 4592 1976 4647 sic
1998 4600 2054 4646 et
2098 4591 2222 4646 ani-

643 4708 732 4747 ma
762 4707 884 4760 qua:
919 4686 1374 4758 supercmlestem
1397 4684 1552 4739 illum
1582 4682 1835 4753 concepit
1878 4685 2061 4755 ignem
2112 4682 2222 4753 spi-

2327 2185 2429 2235 τος
2458 2167 2566 2237 τῆς
2594 2168 2776 2237 ζωῆς·
2809 2170 2924 2235 καὶ,
2974 2169 3036 2222 '0
3059 2170 3251 2222 πίνων
3298 2168 3365 2222 ἐκ
3404 2168 3515 2222 τοῦ
3561 2168 3755 2235 ὕδατος
3790 2164 3841 2224 οὖ

2325 2258 2440 2329 ἐγὼ
2489 2260 2660 2313 δώσω
2706 2259 2885 2325 αὐτῷ,
2922 2260 3241 2330 γενήσεται
3276 2259 3438 2326 αὐτῷ
3476 2260 3635 2330 πηγὴ
3677 2259 3842 2326 ὕδατος

2326 2350 2669 2421 ἁλλομένου
2694 2354 2782 2417 εἰς
2809 2349 2963 2420 ζωὴν
2993 2351 3256 2406 αἰώνιον.

2396 2540 2481 2595 H'.
2518 2540 2694 2607 Οὕτω,
2727 2540 2882 2612 φησὶ,
2912 2541 3006 2594 καὶ
3035 2540 3252 2611 ἑκάστῳ
3280 2540 3357 2611 τῷ
3388 2542 3580 2612 ἱερέων
3610 2544 3695 2597 καὶ
3716 2543 3845 2611 ἁγίων

2325 2633 2353 2685 ό
2387 2632 2516 2695 Θεὸς
2544 2631 2722 2703 ὤφθη,
2777 2632 2854 2695 ὡς
2892 2631 3040 2700 αύτῷ
3072 2630 3283 2701 θέλημα
3321 2632 3417 2687 καὶ
3465 2633 3545 2703 τῷ
3580 2633 3752 2704 ὁρῶντι
3780 2635 3845 2685 ita-

2329 2724 2556 2788 σιτελὲς,
2603 2718 2734 2789 οἷον,
2782 2724 2958 2787 άλλως
3008 2724 3088 2796 τῷ
3130 2724 3401 2795 Ἀϐραὰμ,
3459 2727 3555 2780 καὶ
3606 2726 3756 2789 ἄλλως
3791 2726 3846 2797 τῷ

2339 2816 2543 2881 Ἰσαὰκ,
2574 2816 2652 2886 τῷ
2702 2816 2900 2870 Ἰακὼϐ
2932 2816 3126 2880 ἄλλως,
3151 2816 3232 2885 τῷ
3268 2816 3417 2881 Νῶε,
3456 2817 3535 2887 τῷ
3579 2816 3771 2886 Δανιὴλ,

2325 2908 2534 2973 Μωσεῖ,
2568 2909 2647 2978 τῷ
2676 2909 2864 2972 Δαϐὶδ,
2896 2909 2991 2962 καὶ
3023 2909 3240 2977 ἑκάστῳ
3284 2908 3392 2962 τῶν
3428 2908 3730 2978 προφητῶν.
3758 2924 3845 2977 σμι-

2326 2996 2540 3066 κρύνων
2590 2998 2782 3049 ἑαυτὸν
2824 2998 2918 3051 καὶ
2974 2998 3391 3066 σωματοποιῶν,
3444 2997 3632 3067 ὥσπερ
3658 3000 3844 3067 εἴρηται,

2329 3088 2849 3157 μεταμορφούμενὸς
2879 3104 2938 3140 τε
2972 3090 3065 3141 καὶ
3094 3089 3487 3158 ὀπτανόμενος,
3519 3089 3715 3152 τούτοις
3744 3090 3845 3155 ἀγα-

2328 3179 2500 3235 πῶσιν
2525 3178 2707 3245 αὑτὸν,
2728 3180 2788 3232 οὐ
2818 3179 3050 3232 καθόσον
3069 3180 3232 3242 αὐτός
3257 3181 3403 3233 ἐστιν
3423 3178 3715 3251 (ἀχὼρητος
3736 3178 3848 3247 γὰρ),

2326 3269 2462 3324 ἀλλά
2501 3269 2643 3324 κατά
2670 3271 2769 3341 τὴν
2806 3271 3028 3325 ἐκείνων
3062 3272 3303 3342 χώρησεν
3327 3288 3387 3324 τε
3422 3272 3521 3324 καὶ
3544 3271 3769 3341 δύναμιν,
3787 3270 3849 3321 ἄὰ

2326 3362 2424 3434 τὴν
2469 3361 2671 3433 πολλὴν
2705 3362 2799 3417 καὶ
2829 3364 3190 3434 ἀπερινόητον
3237 3364 3304 3435 ἢν
3356 3362 3523 3434 ἔσχεν
3570 3365 3646 3427 τίς
3699 3363 3850 3423 natos,-

2250 3443 2293 3502 C
2326 3456 2567 3526 ἀγάπην.

2394 3567 2471 3625 Θ¹.
2499 3565 2661 3639 Ψυχὴ
2691 3565 3087 3632 καταξιωθεϊσα
3111 3566 3211 3640 τὴν
3231 3568 3290 3635 ἐξ
3316 3566 3489 3639 ὕψους
3514 3569 3849 3623 εἰσοικίσασθαι

2323 3660 2574 3732 δύναμιν,
2608 3662 2701 3715 καὶ
2728 3662 2788 3715 τὸ
2821 3660 2934 3733 πῦρ
2962 3662 3139 3716 ἐκεῖνο
3165 3662 3226 3715 τὸ
3257 3662 3423 3726 θεῖον,
3472 3664 3571 3717 καὶ
3600 3664 3690 3734 τὴν
3727 3665 3846 3715 ἐπον-

2330 3746 2510 3817 ράνιον
2543 3747 2636 3801 τοῦ
2670 3748 2875 3819 ἀγαθοῦ
2910 3749 3224 3820 Πνεύματος
3258 3750 3488 3822 ἀγάπην
3526 3752 3849 3823 συγκεκραμέ-

2326 3856 2424 3909 νην
2476 3838 2675 3911 ἔχουσα
2723 3843 2834 3905 τοῖς
2886 3840 3080 3896 ἑαυτοῦ
3134 3842 3343 3912 μέλεσι,
3399 3845 3587 3914 πάσης
3637 3842 3849 3912 κοσμικῆς

2325 3932 2547 4003 ἀγάπης
2575 3933 2819 4003 ἀτεχνῶς
2842 3933 3050 4000 λύεται,
3076 3935 3173 3988 καὶ
3202 3933 3408 4003 δεσμοῦ
3442 3936 3643 4000 κακίας
3665 3936 3848 3989 ἀνίεται.

2328 4026 2539 4096 Ὠσπερ
2568 4028 2676 4099 γὰρ
2712 4029 2930 4100 σίδηρος
2959 4030 2993 4101 ἦ
3036 4029 3318 4100 μόλυϐδος,
3348 4033 3556 4103 χρυσός
3589 4049 3645 4084 τε
3671 4032 3752 4083 καὶ
3780 4030 3849 4099 ἀρ·

2324 4135 2491 4189 γυρος
2520 4120 2653 4190 πυρὶ
2675 4120 3046 4191 παραϐληθεὶς
3069 4119 3276 4185 λύεται,
3306 4122 3403 4176 καὶ
3433 4122 3538 4193 τῆς
3570 4123 3761 4192 φύσεως
3782 4120 3851 4175 αὖα

2323 4213 2417 4266 τοῦ
2452 4212 2511 4267 τὸ
2544 4212 2833 4266 ἀντίτυπον
2859 4214 2939 4276 είς
2965 4212 3283 4284 ἁπαλότητα
3319 4214 3667 4284 μεταϐάλλει,
3700 4215 3747 4264 ἐν
3772 4214 3849 4279 ὅσῳ

2324 4323 2383 4359 τε
2409 4305 2486 4375 τῷ
2513 4305 2649 4376 πυρὶ
2685 4304 2881 4375 ὁμιλεῖ,
2907 4302 3105 4376 χαῦνός
3126 4305 3242 4359 ἐστι
3280 4306 3373 4359 καὶ
3404 4306 3652 4371 ἔκλυτος,
3677 4305 3757 4359 καὶ
3781 4306 3850 4371 τὴν

2325 4391 2563 4462 φυσικὴν
2590 4391 2983 4463 ἀποϐεϐληκὼς
3014 4393 3339 4449 ἀντιτυπίαν
3362 4395 3453 4448 διὰ
3475 4398 3576 4467 τὴν
3605 4397 3691 4449 τοῦ
3722 4394 3848 4464 mf)»;

2324 4483 2555 4553 δύναμιν
2575 4498 2589 4512 ·
2616 4483 2760 4537 οὕτω
2799 4486 2891 4540 καὶ
2913 4484 3059 4555 ψυχὴ
3092 4484 3155 4539 τὸ
3183 4487 3510 4557 ἐπουράνιον
3544 4489 3711 4541 ἐκεῖνο
3735 4486 3850 4549 διες·

2328 4576 2465 4647 μένη
2495 4574 2606 4647 πῦρ
2636 4576 2734 4648 τῆς
2764 4576 2985 4648 ἀγάπης
3017 4576 3113 4631 τοῦ
3143 4578 3484 4649 Πνεύματος,
3526 4580 3701 4649 πάσης
3725 4592 3850 4643 προτ-

2326 4667 2559 4732 παθείας
2596 4668 2689 4722 τοῦ
2732 4658 3000 4740 κοσμικοῦ
3032 4670 3350 4740 Πνεύματος
3374 4674 3638 4743 ἐκχωρεῖ,
3667 4671 3749 4723 καὶ
3774 4667 3850 4721 τῶν

642 4788 858 4845 ritualis
885 4782 1194 4847 charitatis,
1222 4796 1442 4837 omnem
1470 4794 1501 4834 a
1557 4793 1617 4834 se
1656 4777 1911 4833 aﬂ‘ectum
1956 4774 2221 4832 mundani

2325 4758 2540 4827 δεσμῶν
2563 4759 2780 4828 ἀφίεται
2808 4763 2905 4831 τῆς
2926 4759 3143 4827 κακίας,
3170 4760 3227 4828 ἐξ
3250 4762 3423 4833 αὐτῆς
3445 4780 3509 4816 τε
3538 4762 3637 4833 τῆς
3667 4758 3848 4831 φυσικῆς

640 4881 868 4952 spiritus
898 4875 1092 4947 procul
1122 4874 1309 4939 habet,
1353 4870 1701 4940 vinculisque
1748 4868 1972 4923 malitiae
2005 4868 2223 4924 cunctis

2330 4853 2695 4925 σκληρότητος
2736 4853 3061 4923 μεταϐάλλει
3087 4854 3187 4925 τῆς
3212 4856 3514 4925 ἁμαρτίας,
3553 4856 3716 4926 μικρὰ
3747 4850 3849 4904 πᾶν·

640 4943 973 5033 εὶεοινὶιυτς
1002 4973 1059 5020 et
1088 4981 1156 5019 ex
1182 4964 1299 5034 ipsa
1322 4978 1381 5018 se
1401 4962 1612 5016 relaxat
1632 4959 1995 5017 emollescens
2017 4957 2222 5013 duritie

2325 4963 2388 4998 τα
2421 4943 2745 5015 λογιζομένη
2786 4945 2881 4998 καὶ
2910 4944 3273 5016 ἀτιμάζουσα.
3308 4948 3459 5018 Φημὶ
3488 4948 3538 5001 δ’
3567 4949 3651 5001 ὅτι
3688 4948 3774 5000 κᾶν
3793 4961 3850 4998 st-

640 5059 880 5132 peccati;
911 5072 1074 5128 parva
1102 5055 1285 5110 omnia
1306 5051 1585 5108 mundana
1614 5060 1900 5122 reputans,
1920 5059 1976 5106 et
2001 5058 2063 5104 ut
2090 5049 2222 5105 vilia

2325 5059 2412 5098 νες
2435 5042 2575 5113 αὐτῇ
2618 5037 2727 5095 εἷεν
2751 5041 2968 5112 ἀδελφοὶ
3002 5044 3125 5095 κατ’
3151 5042 3329 5114 ἄκραν
3373 5043 3705 5113 φιλούμενοι,
3749 5041 3848 5109 τρὶς

640 5159 1019 5207 contemnens.
1060 5144 1211 5200 llanc
1240 5144 1327 5199 aio
1353 5142 1611 5213 equidem
1635 5143 1721 5197 vel
1747 5145 1791 5197 si
1816 5142 2083 5212 quosdam
2105 5141 2221 5195 fra-

2325 5134 2375 5188 δὲ
2400 5135 2617 5205 ἐκείνην
2651 5134 2787 5204 αὐτῇ
2820 5134 3241 5204 παραποδίζοιεν
3266 5135 3367 5205 τὴν
3401 5137 3646 5207 ἀγάπην,
3678 5135 3755 5187 καὶ
3779 5134 3849 5184 αὖ·
3876 5142 3881 5163 τ

643 5249 756 5295 tres
797 5237 1019 5300 habeat,
1056 5234 1159 5304 ipsi
1192 5233 1587 5297 cbarissimos;
1636 5232 1984 5301 senseritque
2010 5228 2217 5301 aliquid

2325 5226 2450 5289 τοὺς
2489 5226 2555 5280 ἂν
2603 5224 3070 5297 ἀποστέρξοιεν,ὴ
3112 5226 3190 5297 τῷ
3231 5226 3458 5297 τοιούτῳ
3489 5227 3654 5298 ἔρωτι
3698 5222 3851 5279 ἁλοῦσι

640 5326 1019 5401 impedimenti
1060 5325 1209 5395 ipsos
1241 5322 1481 5394 objicere
1510 5322 1778 5391 exercitio
1807 5337 1920 5376 suae
1946 5321 2002 5375 in
2044 5322 2217 5375 Deum

2325 5316 2493 5388 ψυχή.
2547 5318 2609 5371 Ei
2659 5318 2769 5390 γὰρ
2819 5318 3089 5389 σαρκικῆς
3130 5319 3414 5381 κοινωνίας
3461 5320 3652 5389 ἀγάπη
3693 5316 3847 5401 τάμε-ν.

641 5418 949 5482 charitatis,
981 5414 1155 5471 amori
1202 5414 1469 5484 ipsorum,
1506 5414 1764 5468 nuntium
1794 5414 2069 5483 extemplo
2096 5427 2217 5467 esse

2326 5407 2533 5477 πατρός
2575 5424 2633 5460 τε
2673 5407 2767 5459 καὶ
2804 5408 3038 5478 μητέρος
3082 5408 3180 5461 καὶ
3215 5407 3463 5477 ἀδελφῶν
3492 5408 3746 5476 διίστησιο
3775 5400 3850 5455 κᾶν

642 5511 1019 5568 remissuram.
1054 5505 1111 5559 Si
1134 5506 1284 5560 enim
1312 5519 1467 5558 amor
1494 5520 1626 5576 erga
1657 5505 1880 5577 nuptias
1922 5504 1994 5559 ob
2023 5519 2218 5559 cal-na-

2325 5517 2408 5564 τις
2433 5499 2560 5571 φιλῇ
2596 5516 2716 5554 τινα
2739 5499 2961 5568 τούτων,
2995 5500 3053 5568 ἐξ
3086 5500 3350 5574 ἐπιπολῆς
3378 5500 3545 5572 φιλεῖ,
3573 5500 3666 5569 τὴν
3697 5497 3746 5551 δὲ
3764 5493 3849 5549 διὰ·

714 5709 759 5744 ³⁸
782 5710 1039 5778 Dcut.1v,
1070 5711 1160 5779 24;
1207 5709 1375 5769 Hebr.
1406 5726 1503 5779 xu,
1527 5708 1620 5768 29.
1658 5708 1740 5786 Δι’
1764 5706 1920 5764 Joan.
1954 5721 2028 5773 vn,
2064 5704 2151 5761 5|.
2229 5706 2274 5737 ¹⁰
2293 5702 2428 5760 ibid.
2468 5704 2553 5761 Μ.
