4044 6540
232 324 336 387 897

1246 328 1475 388 LIBER
1514 327 1611 388 DE
1650 328 2126 391 ELEVATIONE
2165 330 2477 394 MENTIS.

3388 333 3491 396 899

230 434 383 487 θεσιν
410 431 541 502 ὃλην
582 433 799 489 καὶτὸν
850 434 1011 490 πόθον
1058 436 1195 510 πρὸς
1237 438 1339 508 τὴν
1391 440 1809 511 συνῳκισμένην

1933 458 2019 498 em
2050 445 2499 516 conjunctionem
2525 443 2708 509 initas,
2736 458 2767 498 a
2805 449 2981 513 patre,
3028 452 3207 499 matre
3231 454 3289 500 et
3311 445 3493 502 fratri-

229 525 379 595 αύτῷ
409 528 665 580 τέταχεν
696 528 744 581 εί
772 530 805 600 ή
846 531 945 601 τῆς
977 532 1177 601 σαρκὸς
1208 532 1361 601 φιλία
1386 532 1530 585 ούτω
1560 533 1676 586 λύει
1706 534 1815 587 πά-

233 632 330 682 ση;
352 616 517 686 ἄλλης
548 616 639 670 τοῦ
673 618 878 688 κόσμου
914 619 1118 688 φιλίας,
1164 622 1326 693 σχολῇ
1358 622 1411 689 γ’
1442 622 1509 675 ἂν
1536 622 1586 675 οῖ
1621 623 1815 694 ἐκείνῳ

232 707 310 776 τῷ
356 708 557 760 ἀπαθεῖ
605 708 895 780 βληθέντες
948 710 1111 782 ἔρωτι
1163 714 1271 766 τινὶ
1312 713 1420 766 τῶν
1464 713 1558 767 τοῦ
1611 713 1814 784 κόσμου

254 800 509 854 καθεκτοὶ
531 802 791 869 γένοιντο.

1917 533 2021 589 bus
2049 533 2333 605 disjungit,
2351 545 2412 590 ut
2438 534 2483 590 si
2518 535 2643 604 quis
2670 534 2868 589 horum
2895 533 3133 604 aliquem
3162 544 3330 599 amet,
3360 536 3496 603 levi:

1921 633 2005 679 tcr
2040 635 2097 680 et
2126 626 2507 696 superﬁciarie
2562 634 2755 692 amet;
2804 640 3022 679 omnem
3061 640 3192 680 vero
3236 625 3493 681 affectum

1920 716 2112 781 animi,
2133 731 2296 772 omne
2328 716 2664 771 desiderium
2704 715 2772 770 ad
2796 716 3202 771 cohabitantem
3229 715 3330 785 ipsi
3359 733 3495 773 con-

1917 807 2103 878 jugem
2126 806 2345 861 atﬁxum
2377 808 2610 872 habeat;
2649 816 2813 877 atque
2843 808 2888 862 si
2910 807 3147 861 carnalis
3175 800 3488 876 hujusmodi

242 894 487 949 amicitia
534 910 754 951 omnem
800 896 961 952 aliam
1023 901 1207 955 carnis
1263 900 1559 955 amicitiam
1585 901 1914 972 disrumpat,
1944 918 2014 956 an
2044 917 2209 973 segne
2245 904 2420 959 otium
2450 903 2557 959 erit
2589 903 2865 960 desiderio
2899 901 3327 972 perturbationis
3371 914 3489 955 om-

234 990 323 1056 nis
353 992 585 1047 immuni
611 994 896 1063 permissis
923 1010 1167 1051 amorem
1194 998 1431 1068 aliquem
1476 998 1668 1053 mundi
1700 1015 1812 1053 non
1844 998 2141 1054 cohibendi
2172 1001 2196 1054 Υ

304 1080 362 1138 ι’.
403 1084 653 1155 Χρηστὸς
684 1083 759 1137 ὢν
795 1086 1175 1157 φιλάνθρωπος
1199 1090 1227 1142 ό
1252 1089 1406 1153 Θεὸς,
1433 1090 1808 1162 μακροθύμως

1985 1089 2056 1144 Χ.
2094 1091 2372 1162 Benignus
2403 1100 2460 1147 ct
2481 1092 2766 1148 hominum
2802 1106 2990 1146 amans
3010 1090 3175 1153 Deus,
3201 1087 3370 1143 multa
3401 1102 3484 1156 pa-

232 1174 367 1244 ἔχει,
414 1177 505 1228 καὶ
556 1178 722 1241 πολύς
772 1180 919 1231 ἐστιν
966 1180 1251 1251 ἀναμένων
1294 1182 1392 1253 τὴν
1436 1183 1667 1238 ἑκάστου
1705 1182 1814 1237 τῶν

1926 1182 2109 1238 tientia
2128 1194 2410 1254 exspectat
2435 1189 2705 1256 cujusque
2722 1186 3068 1254 peccantium
3090 1179 3490 1252 paenitentiam,

234 1267 659 1337 ἁμαρτανόντων
713 1270 1002 1340 μετάνοιαν
1026 1289 1040 1305 ·
1084 1273 1276 1343 ἑορτὴν
1309 1274 1563 1345 οὐρανίαν
1593 1274 1814 1345 τιθέμε-

236 1375 327 1420 νος
355 1358 455 1428 τὴν
487 1358 580 1411 τοῦ
615 1360 1058 1430 μεταμελομένου
1086 1363 1421 1434 ἐπιστροφήν
1441 1380 1455 1393 °
1502 1364 1664 1432 Χαρὰ
1686 1367 1816 1434 γὰρ,

239 1447 408 1516 φησὶν
433 1448 614 1510 αὐτὸς,
640 1448 710 1501 ἐν
734 1446 812 1513 τῷ
848 1449 1082 1517 οὐρανῷ
1122 1453 1345 1521 γίνεται
1370 1452 1465 1505 ἐπὶ
1505 1452 1597 1505 ἐνὶ
1629 1453 1812 1521 ἀμαρ-

234 1537 404 1603 τωλῷ
450 1537 867 1607 μετανοοῦντι.
899 1540 959 1593 El
1002 1540 1060 1593 δέ
1101 1558 1183 1604 τις
1213 1544 1312 1613 τὴν
1345 1543 1688 1615 χρηστότητα
1722 1542 1813 1595 αύ-

227 1630 330 1699 τὴν
368 1631 463 1683 καὶ
511 1630 895 1701 μακροθυμίαν
945 1632 1108 1703 ὀρῶν,
1151 1633 1247 1687 καὶ
1278 1636 1359 1688 ὅτι
1398 1636 1472 1707 μὴ
1522 1638 1635 1699 τοῖς
1669 1635 1812 1689 κατὰ

232 1726 403 1794 μέρος
450 1724 846 1794 ἁμαρτήμασιν
892 1725 1284 1797 ἐπεξέρχεται,
1336 1729 1437 1799 τὴν
1485 1730 1809 1799 μετάνοιαν,

1922 1276 1977 1328 in
2007 1274 2205 1330 festum
2256 1276 2477 1331 cmleste
2512 1277 2807 1332 instituens
2846 1273 3223 1344 resipisccntis
3263 1286 3493 1326 conver-

1917 1367 2130 1422 sionem
2164 1384 2177 1420 :
2211 1366 2477 1422 Gaudium
2506 1367 2677 1431 enim,
2714 1367 2793 1421 ait
2822 1367 2959 1435 ipse,
2984 1373 3059 1417 est
3092 1366 3147 1417 in
3177 1362 3301 1417 caelo
3334 1377 3493 1431 super

1919 1470 2024 1509 uno
2059 1464 2331 1526 peccatore
2371 1457 2736 1528 paenitentiam
2777 1454 3044 1525 agente“.
3089 1452 3145 1506 Si
3195 1467 3327 1506 vero
3367 1449 3495 1520 quis

1919 1546 2060 1603 hanc
2085 1548 2534 1604 animadvertens
2568 1548 2663 1603 Dei
2688 1548 2990 1603 bonitatem
3020 1556 3076 1600 et
3108 1543 3495 1615 longanimita-

1920 1646 2051 1703 tem,
2088 1654 2195 1708 qua
2220 1639 2323 1693 sibi
2360 1647 2685 1709 temperata
2710 1637 2939 1708 singulis
2969 1633 3220 1705 protinus
3250 1630 3498 1687 crimini-

1920 1727 2025 1783 bus
2062 1730 2417 1795 ulciscendis,
2443 1737 2790 1799 exspectans,
2833 1736 2894 1781 nt
2925 1726 3186 1789 diximus,
3222 1724 3498 1795 poeniten-

236 1814 431 1886 ὥσπερ
492 1816 723 1885 ἔφημεν,
776 1817 1152 1887 ἐκδεχόμενος,
1220 1819 1650 1891 κατολιγωρήσει
1717 1820 1817 1891 τῆς

1926 1820 2089 1885 tiam,
2138 1821 2380 1891 negligat
2424 1828 2858 1891 praeceptum,et
2894 1819 2991 1873 Dei
3042 1818 3366 1881 bonitatem,
3395 1831 3496 1886 pro

235 1905 483 1977 ἐντολῆς,
530 1908 626 1960 καὶ
668 1907 768 1976 τήν
800 1908 1170 1979 χρηστότητα,
1202 1908 1339 1977 φεῦι
1375 1908 1630 1980 ἀφορμὴν
1662 1907 1817 1979 σχοίη

230 1998 378 2069 πρὸς
438 1999 883 2070 καταφρόνησιν,
952 2001 1258 2073 ἁμάρτημα
1311 2002 1405 2054 ἐπὶ
1463 2001 1819 2072 ἁμαρτήματι

227 2091 570 2161 προστιθεῖς,
604 2093 696 2143 καὶ
725 2092 1130 2163 προσκώμματι
1162 2091 1515 2163 πρόσκωμμα
1546 2092 1821 2145 ἐποικοδο-

232 2183 378 2253 μῶν,
401 2184 539 2255 ῥᾳθυ
548 2185 675 2255 μίαν
698 2204 756 2239 τε
781 2188 1066 2241 συνάπτων
1084 2190 1152 2258 τῇ
1178 2186 1441 2259 ῥᾳθυμίᾳ,
1471 2187 1670 2258 πληροῖ
1693 2186 1821 2251 τοὺς

228 2274 346 2329 τῶν
380 2276 668 2348 ἁμαρτιῶν
698 2278 878 2348 ὄρους,
922 2280 1017 2331 καί⁸
1059 2278 1288 2349 τοιούτῳ
1314 2278 1504 2332 λοιπὸν
1538 2277 1819 2333 ἁλίσκεται

229 2371 669 2440 παραπτώματι,
710 2370 770 2436 ἐξ
790 2364 852 2425 οὗ
888 2370 1087 2441 μηκέτι
1116 2371 1290 2443 παρὸν
1325 2370 1473 2440 αύτῷ
1505 2373 1819 2443 ἀνακτήσα-

229 2461 400 2514 σθαι·
430 2461 543 2514 ἀλλ’
578 2463 634 2525 ἐς
671 2464 848 2533 μάτην
880 2463 978 2535 τὴν
1012 2463 1300 2535 συντριϐὴν
1330 2464 1593 2528 ὑποστὰς,
1618 2463 1715 2517 καὶ⁸
1742 2463 1821 2534 τῷ

232 2552 467 2624 πονηρῷ
500 2555 582 2616 είς
616 2554 770 2617 τέλος
818 2556 1214 2625 συγχωρηθεὶς,
1267 2554 1584 2608 ἀπόλλυται.
1635 2555 1819 2618 Οὕτως

230 2646 334 2699 ἐπὶ
363 2644 614 2716 Σοδόμων
644 2647 867 2713 γέγονεν
886 2662 901 2677 ο
945 2648 1361 2718 ἀποπλήσαντες
1389 2648 1499 2718 γὰρ
1532 2649 1626 2700 καὶ
1657 2649 1823 2720 ὑπερ-

232 2734 437 2797 ϐάντες
484 2734 609 2798 τοὺς
654 2734 761 2787 τῶν
803 2735 1086 2806 ἁμαρτιῶν
1138 2736 1316 2806 ὄρους,
1373 2737 1496 2789 ἐπεὶ
1527 2736 1715 2807 μηδὲν,
1744 2737 1819 2800 ὡς

233 2828 437 2893 εἰπεῖν,
469 2825 719 2897 ζώπυρον
764 2827 1053 2896 μετανοίας
1100 2827 1283 2890 αὐτοῖς
1318 2828 1641 2901 ὑπελείφθη,
1684 2828 1819 2883 ἀνά-

232 2917 402 2988 λωμα
432 2918 603 2989 πυρὸς
638 2919 741 2971 ὑπὸ
773 2919 870 2987 τῆς
912 2918 1063 2983 θείας
1092 2919 1248 2990 δίκης
1288 2920 1596 2989 γεγόνασιν.
1633 2920 1820 2984 Οὕτως

238 3009 339 3063 ἐπὶ
367 3010 487 3062 Νῶε
509 3026 522 3040 ο
552 3010 645 3062 καὶ
673 3010 782 3079 γὰρ
809 3009 1085 3079 ἁχαλίνοις
1129 3010 1402 3080 χρώμενοι
1434 3012 1554 3073 ταῖς
1598 3012 1692 3064 ἐπὶ
1719 3011 1819 3081 τὴν

235 3100 445 3154 κακίαν
467 3101 684 3172 ὁρμαῖς,
714 3104 807 3155 καὶ
839 3102 1003 3171 μηδὲν
1030 3097 1169 3165 εἶδος
1194 3105 1482 3170 μετανοίας
1513 3103 1819 3157 ἐπιδεικνύ-

1924 1911 2110 1965 nefasl
2158 1910 2213 1964 in
2249 1910 2593 1965 occasionem
2632 1919 2978 1979 contemptus
3024 1916 3223 1972 vertat,
3270 1916 3494 1977 peccata

1922 2000 2164 2072 peccatis
2183 2001 2557 2069 accumulans,
2583 2010 2641 2057 et
2668 2000 2924 2056 seandalo
2952 1999 3269 2055 scandalum
3292 2014 3493 2068 super-

1922 2100 2165 2158 struens,
2181 2092 2562 2161 desidiamque
2584 2106 2813 2146 assucns
2836 2090 3093 2155 desidiae;
3131 2089 3180 2142 is
3208 2104 3340 2144 sane
3370 2102 3497 2158 pec-

1923 2194 2169 2239 catorum
2212 2184 2405 2253 implet
2447 2172 2732 2249 terminos,
2765 2191 2822 2238 et
2852 2184 2920 2236 de
2951 2188 3151 2237 cancro
3183 2180 3237 2233 in
3275 2179 3367 2233 tali
3400 2179 3497 2233 de-

1922 2276 2288 2345 prehenditur
2309 2275 2569 2345 lapsu,ex
2582 2290 2692 2344 quo
2720 2289 2829 2329 non
2851 2274 3086 2343 amplius
3116 2273 3194 2326 illi
3218 2271 3497 2341 continget

1923 2366 1977 2420 in
2014 2366 2287 2436 integrum
2333 2364 2553 2420 restitui
2581 2381 2596 2430 ;
2625 2364 2829 2435 quippe
2859 2363 3017 2434 quasi
3049 2362 3306 2418 contritis
3336 2361 3497 2416 ruina

1923 2458 2188 2513 membris
2232 2458 2495 2523 innitens,
2523 2465 2579 2512 et
2632 2457 2872 2528 maligno
2902 2472 2964 2512 se
3016 2470 3189 2525 usque
3229 2454 3284 2507 in
3331 2452 3496 2507 ﬁnem

1922 2550 2271 2619 permittens,
2321 2550 2488 2619 perit.
2549 2549 2639 2605 Sic
2678 2549 2934 2605 Sodomis
2988 2548 3217 2614 accidit;
3281 2546 3497 2615 expleta

1921 2644 2070 2698 enim
2098 2654 2153 2698 et
2187 2644 2639 2714 supercumulata
2670 2660 2926 2699 mensura
2960 2653 3337 2713 peccatorum,
3366 2658 3495 2696 cum

1922 2752 1990 2793 ne
2029 2738 2321 2792 scintillam
2366 2737 2613 2807 quidem,
2644 2745 2706 2791 ut
2752 2736 2831 2791 sic
2870 2736 3071 2801 dicam,
3105 2736 3262 2790 bona:
3295 2734 3499 2789 mentis

1921 2827 1987 2882 ad
2012 2843 2163 2898 spem
2187 2828 2526 2898 pwnitentiw
2546 2824 2816 2899 reliquam
2840 2827 3114 2891 fecissent,
3148 2827 3270 2897 igne
3296 2825 3498 2881 divina:

1924 2920 2148 2975 ultionis
2177 2920 2543 2974 instrumento
2563 2928 2693 2974 sunt
2718 2920 3003 2989 assumpti.
3024 2919 3115 2974 Sic
3145 2930 3202 2974 et
3222 2919 3276 2973 in
3299 2919 3497 2974 diebus

1922 3009 2056 3073 Noe,
2104 3009 2325 3078 quando
2349 3018 2575 3066 ruentes
2600 3010 2791 3065 effusis
2820 3011 2873 3063 in
2904 3010 3056 3065 nefas
3085 3025 3247 3064 omne
3267 3008 3498 3064 habenis

1923 3100 2197 3166 homines,
2233 3103 2386 3157 nullo
2415 3110 2738 3172 argumento
2768 3101 2893 3156 dato
2917 3102 3292 3156 verisimiliter
3327 3101 3501 3156 conﬁ-

239 3210 421 3265 μενοι,
453 3195 765 3263 τηλικοῦτον
808 3195 1020 3256 ἑαυτοῖς
1059 3195 1343 3265 ἁμαρτιῶν
1368 3196 1531 3263 ὄγκον
1563 3194 1821 3265 ὲξεκορύ-

1926 3193 2090 3248 dendi
2126 3194 2265 3257 fore,
2298 3202 2359 3247 ut
2395 3193 2465 3248 ad
2509 3193 2795 3247 meliorem
2835 3207 2893 3247 se
2927 3192 3139 3263 frugem
3169 3193 3498 3261 reciperent,

233 3302 455 3356 φωσαν,
486 3285 560 3349 ὼς
594 3287 776 3339 πᾶσαν
815 3286 949 3355 ὁμοῦ
986 3286 1083 3355 τὴν
1113 3287 1218 3356 γῆν
1260 3286 1340 3349 είς
1379 3288 1483 3340 πᾶν
1516 3285 1822 3358 διαφθαρῆ-

236 3394 356 3432 vat.
397 3376 552 3431 Οὕτω
598 3381 710 3441 τοῖς
738 3378 1057 3446 Αἰγυπτίοις
1099 3379 1269 3433 πολλὰ
1303 3379 1686 3450 πλημμελοῦσι
1727 3382 1821 3432 καὶ

234 3471 328 3533 είς
357 3469 454 3540 τήν
481 3469 573 3523 τοῦ
604 3471 738 3522 Θεοῦ
765 3471 891 3523 λαὸν
920 3470 1260 3540 ἐξυϐρίζουσι
1281 3486 1295 3501 ·
1323 3470 1556 3541 χρηστὸς
1584 3465 1653 3540 ἦν
1676 3471 1823 3522 ἐκεῖ-

239 3580 338 3625 νος
383 3563 443 3615 ού
494 3562 839 3633 πανωλεθρίᾳ
870 3562 1221 3633 παραδιδοὺς,
1262 3563 1399 3616 ἀλλὰ
1429 3564 1516 3616 διὰ
1544 3563 1652 3617 τῶν
1680 3564 1824 3617 κατὰ

240 3656 417 3728 μέρος
449 3656 732 3726 μαστίγων
770 3658 850 3720 εἰς
888 3658 1177 3726 μετάνοιαν
1209 3658 1551 3727 ἑπαγόμενος
1571 3673 1587 3689 ’
1618 3658 1740 3710 ἐπεὶ
1768 3656 1824 3709 δὲ

235 3750 672 3819 ἐπιστρέφοντες
714 3747 1038 3819 ἀγαπητῶς,
1090 3748 1253 3803 πάλιν
1295 3749 1433 3820 πρὸς
1476 3749 1574 3819 τὴν
1627 3748 1825 3802 κακίαν

236 3844 603 3913 ἀνέστρεφον,
658 3841 754 3895 καὶ
813 3844 911 3912 τῆς
959 3842 1233 3913 προτέρας
1280 3842 1488 3912 εἴχοντο
1544 3841 1822 3905 ἀπιστίας,

234 3932 473 4003 ἔσχατον
524 3935 580 3988 δὲ
630 3934 725 3987 καὶ
769 3934 861 3987 τὸν
909 3932 1034 3988 λαὸν
1088 3935 1184 3987 τοῦ
1236 3934 1440 4005 Κυρίου
1490 3934 1826 4005 ἀναγόμενον

235 4025 597 4090 κατεδίωκον,
646 4026 927 4079 ἀνάλωσεν
962 4026 1160 4089 αὐτοὺς
1192 4027 1226 4097 ή
1262 4026 1379 4080 θεῖα
1412 4027 1537 4098 δίκη
1570 4026 1631 4080 τὸ
1666 4027 1826 4081 σύνο-

233 4119 337 4172 λον
361 4120 455 4170 καὶ
484 4118 787 4172 ἀπώλεσεν.
816 4117 974 4172 Οὕτω
998 4119 1093 4171 τοῦ
1130 4119 1348 4190 Ἰσραὴλ
1379 4119 1552 4173 πολλὰ
1570 4122 1827 4192 ἁμαρτά-

234 4229 451 4277 νοντος,
487 4212 582 4265 καὶ
620 4214 747 4275 τοὺς
788 4214 1072 4282 προφήτας
1106 4212 1500 4276 ἀποκτενόντος
1529 4212 1625 4265 τοῦ
1668 4212 1827 4277 Θεοῦ,

235 4305 347 4377 τῆς
375 4303 638 4374 συνήθους
656 4298 809 4366 οὗτος
838 4303 1223 4376 μακροθυμίας
1254 4304 1492 4373 ἐγίνετοο
1526 4304 1648 4357 ἐπεὶ
1668 4305 1724 4358 δὲ
1749 4304 1829 4369 είς

236 4397 407 4450 τοῦτο
449 4396 645 4459 κακίας
680 4397 1015 4467 προέκοψαν,
1073 4396 1148 4460 ὡς
1211 4396 1344 4467 μηδὲ
1396 4395 1461 4448 τὸ
1496 4396 1828 4450 Δεσποτικὺν

236 4489 639 4563 δυσωπηθῖψαι
700 4491 956 4560 ἀξίωμα,
1018 4490 1156 4544 ἀλλὰ
1218 4491 1458 4560 κάκείνῳ
1508 4489 1826 4561 μιαιφόνους

237 4585 440 4655 χεῖρας
471 4583 756 4638 ἐπιϐαλεῖν
776 4598 790 4613 ·
834 4585 932 4638 καὶ
963 4584 1117 4638 αὐτοὶ⁸
1146 4582 1405 4649 καθάπαξ
1436 4584 1826 4655 ὰπεϐλήθησάν

234 4694 302 4729 τε
365 4676 463 4729 καὶ
516 4675 961 4748 κατεϐλήθησαν·
1010 4677 1107 4729 καὶ
1160 4676 1299 4747 ήρθη
1356 4678 1449 4729 ἀπ’
1490 4676 1672 4731 αὐτῶν
1703 4678 1738 4748 ή
1769 4694 1829 4730 τε

241 4766 582 4838 προφητεία,
614 4766 711 4820 καὶ
745 4769 778 4837 ή
815 4767 1057 4837 ίερατεία
1099 4770 1194 4821 καὶ
1224 4769 1255 4839 ή
1290 4768 1533 4838 λατρεία.
1574 4770 1680 4822 Καὶ
1705 4770 1830 4822 επι-

240 4859 454 4930 στεύθη
482 4858 655 4915 ταῦτα
677 4862 788 4923 τοῖς
813 4858 1168 4914 πιστεύσασιν
1196 4860 1395 4917 ἔθνεσι.

321 5124 431 5183 1Ᾱ¹.
469 5125 921 5198 Προσδράμωμεν
952 5124 1030 5195 τῷ
1078 5124 1331 5180 καλοῦντι
1369 5127 1594 5199 Χριστῷ
1634 5129 1835 5200 προθύ·

248 5238 395 5295 μως,
434 5221 715 5291 ἐκχέοντες
749 5220 838 5273 ἐπ’
863 5218 1027 5273 αὑτὸν
1057 5219 1155 5281 τὰς
1188 5219 1414 5290 καρδίας
1442 5236 1456 5250 ·
1492 5223 1586 5273 καὶ⁵
1628 5221 1703 5293 μὴ
1732 5224 1833 5294 τήν

244 5310 464 5365 ἑαυτῶν
518 5309 970 5373 ὲθελοκακοῦντες
1017 5308 1490 5380 ἀπογινώσκωμεν
1534 5314 1831 5382 σωτηρίαν,

246 5404 369 5457 Καὶ
400 5402 558 5456 τοῦτο
600 5403 709 5474 γὰρ
765 5402 861 5456 τοῦ
914 5402 1150 5473 πονηροῦ
1202 5403 1478 5474 σόφισμα,
1525 5407 1831 5476 ὑπομνήσει

248 5498 544 5569 προτέρων
574 5495 863 5567 ἁμαρτιῶν
903 5494 1170 5548 ὁδοποιεῖν
1198 5496 1277 5557 εἰς
1310 5495 1647 5564 ἀπόγνωσιν.
1692 5498 1835 5550 Ἀλλ’

244 5589 389 5659 ἡμῖν
425 5585 791 5655 κατανοητέον
816 5623 833 5650 ,
871 5582 1081 5653 sum“
1108 5584 1157 5635 εί
1187 5582 1393 5653 Κύριος
1416 5584 1589 5640 ἐλθὼν
1618 5586 1836 5657 τυφλῶν

320 5770 365 5803 ¹¹
394 5769 529 5824 an.
562 5783 649 5831 XV,
690 5764 775 5819 10.

588 5862 862 5922 Ριιτιιυι..
902 5863 1017 5920 Gn.
1048 5860 1338 5921 XXXlV.

1924 3290 2133 3337 tantam
2187 3290 2407 3352 tamque
2440 3298 2662 3352 gravem
2710 3296 2877 3352 supra
2942 3297 3064 3337 sese
3108 3281 3307 3335 molem
3337 3296 3501 3351 exag-

1923 3382 2187 3443 gerarunt
2232 3373 2585 3439 delictorum,
2628 3383 2690 3429 ut
2722 3388 2914 3429 secum
2952 3382 3155 3428 terram
3182 3372 3502 3427 universam

1924 3464 1979 3518 in
2008 3466 2235 3521 exitium
2264 3467 2667 3535 pertraherent.
2697 3466 2853 3521 Haud
2897 3465 3188 3522 dissimilia
3234 3465 3505 3537 [Egyptiis

1923 3568 2180 3619 evenere,
2216 3555 2388 3608 multa
2439 3562 2629 3609 contra
2678 3555 2851 3609 Deum
2886 3554 3052 3623 impie
3090 3555 3260 3619 ausis,
3315 3552 3505 3609 multis

1924 3645 2186 3713 grassalis
2235 3645 2291 3699 in
2328 3647 2448 3717 ejus
2493 3646 2757 3716 populum
2788 3646 3024 3716 injuriis.
3071 3646 3255 3700 Bonus
3279 3645 3505 3715 quidem

1926 3737 2195 3793 Dominus
2223 3738 2435 3793 cladem
2457 3746 2757 3792 extremam
2805 3738 2899 3793 diu
2932 3737 3167 3803 distulit,
3186 3738 3308 3792 aliis
3336 3752 3504 3807 super

1927 3827 2051 3881 aliis
2077 3828 2530 3899 castigationibus
2558 3842 2653 3883 eos
2684 3828 2752 3882 ad
2778 3828 3217 3898 resipiscentiam
3241 3828 3502 3893 invitans;

1927 3930 1985 3975 at
2015 3937 2141 3976 cum
2186 3922 2399 3976 nullum
2455 3921 2618 3977 finem
2657 3922 2903 3977 facerent
2944 3923 3145 3991 sacpius
3197 3921 3506 3991 iniquitatis

1928 4012 2291 4076 resumendae,
2333 4013 2554 4068 tandem
2602 4014 2866 4084 populum
2900 4013 3113 4068 Domini
3163 4013 3266 4068 rite
3314 4013 3505 4067 dimis-

1929 4120 2050 4159 sum
2082 4117 2497 4175 persequentes,
2529 4120 2594 4159 ac
2641 4104 2923 4159 retrahere
2948 4112 3233 4167 conantes,
3258 4114 3507 4158 extremo

1930 4195 2079 4267 ipsos
2115 4195 2198 4249 ira
2224 4195 2409 4250 divina
2458 4196 2627 4250 exitio
2662 4195 2939 4250 mactavit.
2972 4194 3246 4249 Ismelitas
3299 4195 3507 4265 pariter

1931 4290 2104 4346 multa
2140 4287 2544 4358 delinquentes,
2563 4288 2730 4343 caadis
2766 4287 2898 4357 quin
2921 4287 3086 4341 etiam
3110 4288 3508 4357 prophetarum

1931 4387 2027 4442 Dei
2068 4400 2213 4449 reos,
2258 4394 2553 4455 postquam
2602 4383 2760 4438 solita
2808 4381 2914 4437 sibi
2958 4382 3372 4452 longanimitate
3413 4382 3509 4436 diu

1932 4480 2220 4534 tolerasset
2269 4476 2569 4541 Dominus;
2628 4475 2725 4529 ubi
2778 4474 2846 4529 ad
2885 4484 3195 4529 extremum
3260 4474 3401 4528 vidit
3442 4490 3511 4529 eo

1935 4573 2086 4644 ipsos
2130 4570 2388 4626 immanis
2422 4568 2757 4640 processisse
2792 4568 3065 4632 amentiae,
3117 4577 3179 4622 ut
3212 4583 3391 4637 neque
3426 4566 3512 4621 di-

1938 4666 2120 4718 vinam
2166 4663 2219 4717 in
2272 4661 2441 4715 misso
2470 4659 2537 4713 ad
2564 4674 2661 4714 eos
2693 4658 2788 4712 Dei
2818 4658 2956 4713 Filio
2980 4657 3203 4713 reveriti
3250 4660 3511 4728 majesta-

1939 4764 2071 4817 tcm,
2104 4766 2303 4807 manus
2339 4750 2391 4805 ei
2430 4759 2690 4805 cruentas
2719 4749 3030 4813 intulerint,
3058 4747 3346 4803 damnatos
3380 4733 3516 4804 ine-'-

1937 4847 2263 4903 vocabilitcr
2321 4844 2521 4915 abjecit
2573 4842 2627 4898 in
2683 4856 2847 4895 omne
2881 4851 3118 4910 tempus,
3167 4841 3511 4911 dejecitque,

1938 4942 2123 4996 ablata
2158 4941 2225 4994 iis
2270 4936 2584 5008 prophetia,
2639 4934 2970 4998 sacerdotio,
3024 4934 3323 5003 religione;
3377 4948 3516 5002 quas

1932 5032 2211 5090 commisit
2239 5028 2593 5086 credentibus
2619 5027 2674 5081 in
2700 5027 2880 5096 ipsqu
2914 5024 3191 5097 gentibus.

2008 5125 2165 5195 193
2197 5123 2289 5177 XI.
2312 5122 2682 5176 Accurramus
2704 5119 2773 5174 ad
2796 5128 3084 5174 vocantem
3115 5134 3213 5173 nos
3237 5117 3516 5173 Christum

1934 5219 2221 5282 alacriter,
2260 5213 2610 5270 eﬂ‘undentes
2654 5226 2821 5281 super
2871 5210 3051 5280 ipsum
3102 5210 3303 5275 corda;
3351 5219 3407 5265 et
3450 5225 3519 5264 ne

1937 5318 2204 5372 nostram,
2227 5312 2421 5376 sponte
2450 5303 2797 5359 remittentes
2825 5302 2893 5357 de
2924 5310 3111 5357 nostra
3140 5303 3518 5365 contentione,

1936 5406 2297 5471 desperemus
2326 5397 2581 5453 salutem.
2613 5395 2748 5450 Nam
2784 5402 2841 5449 et
2870 5396 2977 5451 hoc
3005 5395 3208 5450 diaboli
3242 5394 3521 5465 sophisma

1935 5503 2040 5558 est,
2074 5489 2456 5547 recordatione
2494 5488 2743 5558 priorum
2784 5488 3111 5544 delictorum
3158 5488 3419 5544 inducere
3463 5486 3520 5541 in

1938 5584 2404 5657 desperationem.
2437 5581 2507 5637 At
2548 5581 2711 5639 nobis
2758 5581 2833 5639 ita
2880 5582 3231 5643 conitandum
3282 5591 3365 5637 est
3414 5596 3428 5634 :
3475 5592 3523 5635 st

3097 5856 3169 5917 23
