4044 6530
1866 336 1924 394 S.
1964 336 2281 397 MACARII
2322 340 2645 406 IEGYPTII
3734 369 3810 433 ιω

622 430 906 494 Dominus,
932 448 1056 487 cum
1094 434 1147 489 in
1174 435 1321 493 hunc
1345 440 1607 496 mundum
1637 442 1879 511 advenit,
1904 459 2173 501 caacorum

622 525 1041 553 -ιη-ηιιιοζηηκ...υι
1116 529 1403 553 -.....l-_--...
1449 534 1621 553 _.-j2-
1650 550 1691 553 ,_
1742 545 1781 553 Α.
1919 538 1974 553 .--
2027 547 2037 553 -
2146 540 2159 552 ο

2302 467 2359 553 τε
2387 454 2482 507 καὶ
2514 456 2841 527 παραλύτων
2874 462 2969 516 καὶ
3003 465 3204 535 κωφῶν
3232 467 3415 536 ἰατρὸς
3452 470 3543 523 καὶ
3572 473 3813 553 διορθωτὴς

622 525 1041 595 paralyticorum
1070 568 1083 589 ,
1116 529 1407 586 surdorum
1449 534 1695 590 medicus
1731 545 1787 590 et
1825 538 2111 593 restitutor
2144 540 2199 595 in

624 616 895 686 integrum
930 618 1061 684 fuit;
1095 620 1138 675 si
1173 632 1420 679 mortuos
1439 626 1549 695 jam
1573 637 1862 698 corruptos
1884 632 2195 699 suscitavit;

620 717 826 775 quanto
862 710 1038 779 magis
1071 713 1371 767 circitatem
1405 717 1627 781 mentis,
1670 718 1865 775 animae
1902 721 2196 791 pigritiam,

621 799 885 855 incuriosi
936 801 1121 856 cordis
1166 804 1387 859 curabit
1436 807 1796 876 surditatem;
1847 813 2198 884 quandoqui-

619 890 743 945 dem
782 901 978 946 utnon
1011 894 1151 947 alius
1179 894 1248 948 ab
1281 895 1406 965 ipso
1434 900 1684 968 corporis
1721 912 1939 957 creator
1970 916 2082 971 est;
2120 907 2195 962 ita

616 993 673 1036 et
699 983 935 1036 animam
968 984 1081 1053 ipse
1109 985 1397 1041 condidit?
1428 989 1495 1043 Et
1544 991 1590 1045 si
1641 1008 1771 1064 erga
1801 994 1944 1050 ﬂuxa
1970 1007 2025 1052 et
2051 1014 2196 1054 mor-

619 1074 742 1129 talia
772 1084 878 1127 tam
905 1076 1138 1146 benigne
1169 1092 1233 1132 ac
1256 1078 1560 1136 clementer
1582 1081 1815 1140 affectus
1844 1095 1959 1154 est;
1988 1098 2194 1158 quanto

617 1165 788 1234 magis
815 1166 1109 1222 immortali
1134 1170 1352 1236 anim,
1382 1174 1576 1229 morbo
1615 1175 1927 1246 iniquitatis
1954 1188 2011 1234 et
2042 1181 2186 1252 igno-

613 1259 802 1313 rantim
846 1260 1141 1328 laboranti,
1188 1262 1389 1319 deinde
1437 1269 1720 1323 accedenti
1769 1270 1836 1325 ad
1888 1272 2065 1342 ipsum
2135 1285 2193 1329 et

612 1354 824 1419 oranti,
856 1353 1122 1414 benevole
1156 1358 1500 1413 curationem
1535 1362 1859 1419 adhibebit?
1890 1366 2010 1437 ejus
2041 1367 2188 1422 enim

611 1458 715 1497 vox
742 1443 857 1498 haec
885 1452 968 1500 est
1000 1463 1011 1499 :
1042 1446 1204 1501 Pater
1227 1464 1370 1502 meus
1399 1450 1618 1505 calcatis
1639 1469 1817 1507 annon
1874 1454 2027 1525 faciet
2078 1460 2193 1511 vin-

610 1534 806 1589 dictam
832 1535 1179 1591 clamantium
1200 1539 1269 1592 ad
1294 1556 1348 1594 se
1372 1542 1454 1594 die
1479 1560 1541 1595 ac
1557 1544 1743 1597 nocte?
1766 1545 2002 1610 Ita,dico
2025 1549 2185 1613 vobis,

611 1628 736 1698 quia
765 1629 866 1681 cito
892 1628 1047 1697 faciet
1077 1631 1359 1685 vindictam
1391 1638 1572 1687 eorum
1593 1637 1659 1688 “.
1692 1636 1757 1689 Et
1787 1637 1877 1690 illa
1905 1638 2024 1708 ejus
2049 1654 2189 1708 quo-

610 1732 717 1787 que
740 1733 842 1771 vox
870 1727 954 1773 est
988 1735 1001 1772 :
1032 1718 1201 1774 Petite
1231 1730 1280 1774 et
1308 1722 1521 1776 dabitur
1541 1726 1680 1778 vobis
1698 1726 1762 1779 ’³.
1789 1727 1857 1781 Et
1880 1743 2071 1783 rursus
2095 1747 2107 1782 :
2130 1728 2188 1784 Si

609 1824 668 1862 eo
692 1810 828 1880 quod
859 1810 1058 1863 amicus
1085 1812 1201 1882 ejus
1224 1814 1314 1878 sit,
1356 1830 1459 1868 non
1488 1816 1661 1883 dabit;
1693 1828 1906 1890 propter
1931 1821 2185 1890 improbi-
2219 1787 2263 1846 Β

607 1908 771 1956 tatem
811 1911 989 1957 tamen
1029 1905 1141 1973 ejus
1182 1914 1391 1977 surget,
1427 1915 1477 1959 et
1510 1908 1653 1961 dabit
1687 1910 1771 1964 illi
1810 1920 2007 1981 quanto
2047 1913 2185 1967 indi-

605 2001 689 2063 get
706 1994 769 2047 “.
791 1992 1004 2059 Quibus
1027 1995 1213 2051 verbis
1243 1997 1307 2050 ad
1340 1999 1485 2068 piam
1512 2016 1615 2056 nos
1639 2003 1932 2071 quamdam
1960 2004 2014 2058 in
2046 2004 2188 2075 peti-

607 2083 755 2137 tione
804 2083 1221 2153 impudentiam,
1255 2096 1310 2141 et
1352 2087 1655 2158 improbam
1707 2091 2185 2164 importunamque

606 2174 923 2230 instantiam
968 2176 1245 2231 hortatur.
1280 2178 1576 2235 Enimvero
1613 2191 1840 2253 propter
1870 2196 2185 2253 peccatores

603 2266 722 2336 ipse
750 2268 920 2331 venit,
944 2278 1002 2321 ut
1027 2283 1123 2323 eos
1151 2268 1219 2322 ad
1246 2284 1305 2324 se
1332 2281 1697 2327 converteret.
1718 2273 1951 2330 Tantum
1979 2292 2009 2330 a
2035 2276 2186 2332 falsis

603 2357 926 2413 recedentes
953 2360 1525 2430 praeoccupationibus
1552 2362 1783 2418 Domino
1804 2378 2096 2431 vacemus;
2128 2375 2183 2420 et

602 2450 696 2505 ille
727 2465 828 2505 nos
871 2465 980 2504 non
1013 2450 1276 2522 despicit;
1311 2453 1403 2507 sed
1432 2463 1716 2525 promptus
1746 2465 1851 2523 est,
1909 2458 2181 2514 submini-

600 2550 801 2607 strans,
826 2558 936 2612 quo
964 2542 1034 2597 ab
1054 2543 1173 2613 ipso
1199 2560 1442 2616 egemus,
1471 2547 1756 2603 auxilium.

671 2636 787 2691 XII.
821 2635 977 2691 Sicut
1011 2637 1065 2691 in
1102 2638 1295 2693 morbo
1338 2648 1394 2695 et
1428 2640 1745 2697 inﬁrmitate
1783 2642 2179 2711 deprehensis,

599 2728 820 2798 quando
854 2729 965 2799 jam
1008 2744 1210 2799 corpus
1249 2746 1357 2785 non
1396 2733 1631 2803 amplius
1673 2734 1933 2789 alimenta
1973 2734 2082 2790 cibi
2125 2744 2180 2790 et

598 2830 762 2891 potus
804 2821 1087 2890 percipere
1132 2831 1347 2891 potest,
1389 2823 1712 2894 desperatur
1752 2825 1820 2881 de
1859 2835 2089 2897 aegroto,
2124 2836 2181 2882 et

600 2926 701 2982 pro
730 2919 887 2966 certo
915 2912 1072 2982 signo
1102 2915 1294 2968 mortis
1324 2916 1443 2986 ejus
1474 2916 1527 2969 id
1561 2916 1812 2983 habetur,
1840 2918 1986 2973 unde
2016 2919 2177 2974 amici

596 3014 653 3059 et
676 3004 969 3059 necessarii
996 3005 1170 3075 ipsius
1196 3007 1349 3061 illum
1380 3009 1601 3079 lugent:
1624 3010 1701 3065 sic
1724 3011 1870 3066 Deus
1895 3019 1953 3065 et
1999 3012 2177 3082 angeli

598 3098 979 3153 animasesca
1024 3100 1233 3154 cmlesti
1281 3103 1428 3171 pasci
1476 3102 1712 3173 amplius
1757 3119 1866 3157 non
1904 3104 2173 3169 valentes,

599 3190 773 3244 multo
806 3191 958 3245 luctu
989 3206 1052 3246 ac
1082 3192 1338 3246 lamentis
1370 3205 1802 3264 prosequuntur.
1834 3195 1888 3250 Si
1923 3211 2055 3267 ergo
2090 3195 2172 3251 fa-

598 3293 720 3336 ctus
749 3282 824 3337 sis
852 3283 948 3336 Dei
981 3282 1233 3349 thronus,
1266 3283 1417 3338 illum
1450 3285 1778 3342 insidentem
1813 3288 1913 3342 tibi
1943 3289 2172 3352 habens,

598 3374 644 3427 si
676 3372 858 3427 anima
891 3381 981 3427 tua
1014 3374 1084 3427 sit
1114 3383 1227 3428 tota
1257 3376 1556 3445 Spiritualis
1582 3378 1794 3444 oculus,
1824 3387 1937 3435 tota
1967 3379 2090 3445 lux;
2126 3380 2172 3434 si

597 3472 787 3533 pastus
818 3479 878 3519 es
911 3465 1033 3520 cibo
1066 3466 1161 3520 illo
1190 3467 1494 3536 spirituali;
1531 3469 1574 3524 si
1611 3476 1831 3539 potatus
1862 3486 2003 3540 aqua
2049 3471 2172 3525 viva

595 3564 653 3611 et
684 3554 957 3627 spirittiali
993 3559 1123 3613 vino
1167 3560 1476 3617 laetiﬁcante
1511 3577 1636 3628 cor;
1675 3563 1719 3618 si
1756 3572 1903 3617 tuam
1944 3564 2172 3619 induisti

594 3650 831 3703 animam
857 3650 1106 3706 vestibus
1138 3651 1431 3708 ineﬂ‘abilis
1454 3654 1679 3709 luminis
1714 3672 1727 3707 :
1756 3654 1800 3709 si
1832 3656 2026 3710 horum
2057 3670 2173 3710 om-

595 3744 747 3796 nium
779 3744 1011 3798 interior
1037 3753 1164 3800 tuus
1198 3746 1362 3801 homo
1394 3747 1826 3817 experimentum
1863 3748 2089 3818 ceperit,
2116 3758 2173 3804 et

591 3833 807 3903 plenam
840 3835 1214 3902 securitatem,
1238 3838 1379 3893 vivis
1410 3854 1537 3893 ecce
1562 3839 1674 3894 vita
1707 3840 1909 3894 abhinc
1934 3849 2168 3907 aeterna;

587 3937 656 3977 ex
695 3926 949 3993 prmsenti
984 3926 1097 3996 jam
1139 3936 1385 3999 tempore
1426 3929 1648 3985 Christo
1687 3932 2167 4001 conrequiescens.

589 4013 684 4068 Sin
719 4015 963 4069 nondum
1000 4017 1115 4072 haec
1146 4020 1481 4090 percepisti,
1516 4037 1697 4091 neque
1729 4021 1910 4078 adhuc
1943 4039 2009 4079 eo
2038 4041 2169 4095 pro-

586 4104 800 4171 fecisti,
833 4114 894 4160 ut
943 4108 1046 4164 ista
1096 4110 1377 4181 possideas
1429 4153 1444 4178 ,
1495 4112 1649 4182 plora
1696 4113 2079 4183 vehementer,
2115 4125 2170 4172 et

586 4195 841 4253 lamentis
886 4200 1126 4271 indulge,
1164 4203 1310 4272 quod
1362 4204 1498 4260 tales
1551 4206 1697 4262 haud
1743 4208 1875 4263 dum
1924 4208 2169 4265 lucratus

587 4288 808 4343 divitias
848 4292 941 4345 sis.
986 4292 1068 4346 Sit
1095 4309 1227 4348 vero
1269 4295 1362 4348 tibi
1408 4310 1471 4350 ea
1514 4311 1667 4364 cura,
1699 4298 1815 4354 haec
1862 4309 1951 4355 tua
1992 4301 2167 4355 oratio

585 4383 850 4441 perpetua
892 4391 991 4444 pro
1037 4386 1128 4430 tua
1167 4378 1540 4434 mendicitate.
1574 4380 1681 4436 Sed
1724 4385 1935 4438 utinam
1973 4385 2163 4440 saltem

2301 538 2391 613 ἦν»
2433 548 2660 616 νεκρούς
2700 566 2760 602 τε
2807 552 2907 622 ἤδη
2952 557 3404 628 καταφθαρέντας
3446 538 3661 636 ἀνέστη,

2303 636 2506 702 μᾶλλον
2541 639 2853 715 τυφλότητα
2876 645 3136 711 διανοίας,
3169 650 3263 703 καὶ
3289 650 3468 721 ψυχῆς
3497 654 3724 725 πάρεσιν,
3747 636 3817 719 καὶ

2298 729 2537 799 ἀμελοῢς
2572 739 2803 808 καρδίας
2837 741 3047 822 ίάσεται
3088 745 3399 815 κὼφευσιν,
3436 752 3559 804 ἐπεὶ
3588 754 3703 822 μηδὲ
3726 756 3816 810 ἓτε-

2300 836 2414 887 ρος,
2439 824 2555 878 ἀλλ’
2590 828 2753 893 αὐτὸς
2787 832 2816 884 ό
2845 818 2906 885 τὸ
2933 834 3097 905 σῶμα
3128 837 3342 904 κτίσας,
3388 841 3547 903 αὐτός
3578 818 3684 896 ἔστι
3703 848 3818 901 καὶὸ

2294 913 2395 1005 τῂν
2419 915 2599 989 ψυχήν
2625 934 2640 985 ;
2667 922 2778 976 Καὶ
2811 925 2859 977 εί
2903 926 3039 996 πρὸς
3066 928 3132 981 τά
3162 929 3400 1001 λυόμενα
3438 935 3535 986 καὶ
3566 935 3817 1005 θνήσκοντα

2294 998 2449 1070 οὗτος
2500 1010 2748 1080 εὐμενῶς
2809 1014 2902 1067 καὶ
2954 1016 3112 1081 ίλέως
3150 998 3287 1090 εἶχε,
3359 1022 3511 1093 πόσῳ
3558 998 3735 1092 μᾶλλον
3767 1035 3818 1101 τῇ

2294 1097 2550 1171 ἀθανάτῳ
2592 1102 2737 1175 ψυχῇ
2796 1107 2997 1172 κακίας
3042 1110 3183 1182 νόσῳ
3221 1113 3319 1166 κα)⁸
3360 1114 3584 1183 ἀγνοίας
3632 1097 3816 1193 divini,

2292 1187 2486 1243 ἔπειτα
2523 1198 2935 1270 προσερχομένη
2963 1200 3139 1273 τούτῳ
3169 1205 3261 1258 καὶ
3293 1205 3545 1279 δεομένῃ,
3572 1187 3822 1281 φιλανθρῶ-

2293 1295 2411 1343 πως
2449 1281 2861 1353 θεραπευτικῶς
2894 1292 3190 1362 χρήσεται;
3224 1295 3390 1349 αὐτοῦ
3416 1299 3527 1367 γὰρ
3560 1302 3720 1371 φωνὴ,
3748 1306 3818 1356 τό·

2307 1371 2368 1426 '0
2396 1375 2598 1444 Πατήρ
2622 1395 2742 1447 μου
2781 1384 2814 1435 ό
2843 1383 3123 1452 οὐράνιος
3157 1386 3330 1457 οὺμή
3357 1389 3598 1456 ποιήσει
3625 1394 3821 1463 ἐκδίκη-

2290 1478 2397 1518 σιν
2427 1464 2548 1520 τῶν
2563 1467 2851 1531 ,ϐοώντων
2865 1474 3015 1542 πρὸς
3046 1477 3235 1530 αὐτὸν
3254 1480 3474 1546 νυκτὸς
3493 1484 3591 1535 καί
3618 1484 3821 1553 ἡμέρας

2289 1555 2424 1620 Ναὶ,
2458 1558 2613 1627 λέγω
2641 1561 2801 1630 ὑμῖν,
2827 1565 3069 1633 ποιήσει
3102 1568 3220 1635 τὴν
3234 1568 3548 1637 ἐκδίκησιν
3572 1573 3751 1627 αὐτῶν
3769 1576 3821 1629 ἐν

2290 1646 2455 1717 τάχει
2483 1666 2497 1680 ⁸
2531 1652 2625 1713 καὶ
2658 1652 2720 1705 τό
2742 1670 2754 1684 ·
2784 1656 3024 1720 Αἰτεῖτε,
3073 1660 3172 1713 καὶ
3216 1657 3541 1727 δοθήσεται
3575 1665 3725 1733 ὑμῖν·
3752 1672 3822 1721 καὶ

2290 1735 2446 1803 αὖθις
2478 1756 2491 1770 ·
2518 1741 2647 1798 Κᾶν
2666 1743 2764 1799 διὰ
2788 1746 2852 1798 τὸ
2877 1749 3062 1815 φίλον
3090 1746 3243 1805 εἶναι
3270 1754 3341 1806 οὐ
3366 1751 3547 1806 δώσει
3560 1755 3726 1821 αὐτῷ,
3748 1758 3822 1811 διά

2289 1847 2357 1900 γε
2410 1832 2524 1900 τὴν
2559 1834 2869 1891 ἀναίδειαν
2912 1840 3120 1905 αὐτοῦ,
3160 1843 3430 1911 ἀναστὰς
3480 1845 3656 1900 δώσει
3696 1849 3823 1912 αὐτῷ

2288 1921 2441 1976 ὅσου
2492 1925 2731 1994 χρήσει,
2770 1929 2966 2000 ἀναιδῆ
3021 1932 3115 1986 καὶ
3158 1935 3480 2005 παράμονον
3511 1938 3610 2007 τὴν
3649 1940 3821 2008 uitam

2286 2016 2749 2087 προτρεπόμενος,
2796 2021 2919 2073 ἐπεί
2964 2039 3047 2075 τοι
3097 2025 3191 2077 καὶ
3226 2025 3314 2078 διὰ
3344 2026 3474 2090 τοὺς
3524 2029 3823 2098 summa;

2284 2102 2448 2177 ἦλθεν
2474 2109 2559 2162 ἵνα
2587 2111 2889 2185 ἐπιστρέψῃ
2925 2114 3062 2183 πρὸς
3100 2117 3314 2171 ἑαυτόν.
3351 2118 3535 2172 Μόνον
3564 2122 3716 2189 ἡμεῖς
3740 2124 3822 2175 τῶν

2284 2199 2471 2253 κακῶν
2504 2202 2829 2273 προλήψεων
2867 2205 3225 2273 ἀποστάντες,
3254 2209 3612 2279 σχολάσωμεν
3642 2212 3712 2281 τῷ
3734 2213 3821 2264 Κυ.

2286 2291 2387 2363 ρίῳ
2413 2309 2426 2322 ·
2460 2293 2555 2346 καὶ
2585 2294 2748 2359 αὐτὸς
2802 2297 2903 2367 οὐχ
2952 2297 3216 2370 ὑπερορᾷ,
3267 2300 3381 2353 ἀλλ’
3427 2301 3651 2371 ἕτοιμος
3680 2303 3806 2355 ἔσται

2284 2385 2539 2457 παρέχων
2565 2386 2665 2459 τὴν
2699 2390 2831 2461 παρ’
2860 2390 3025 2445 αὐτοῦ
3052 2391 3325 2463 βοήθειαν.

2353 2640 2453 2695 1Β’.
2490 2642 2696 2713 Ὥσπερ
2726 2644 2945 2699 ἐπὶτῶν
2974 2645 3115 2717 νόσῳ
3146 2649 3243 2701 καὶ
3270 2648 3536 2721 ἀσθενείᾳ
3561 2654 3823 2723 κατειλημ.

2285 2733 2483 2802 μένων,
2524 2734 2746 2789 ἐπειδὰν
2783 2737 2981 2808 μηκέτι
3017 2738 3081 2791 τὸ
3126 2740 3287 2808 σῶμα
3329 2740 3566 2796 δυνατὸν
3594 2739 3628 2815 ᾗ
3653 2746 3821 2815 aprici;

2281 2823 2377 2878 καὶ
2421 2826 2633 2887 πόσεως
2665 2830 2977 2898 μετασχεῖν,
3021 2830 3103 2894 είς
3150 2830 3469 2900 ἀπόγνωσιν
3495 2835 3653 2888 τοῦτο
3683 2852 3821 2889 συνω-

2281 2915 2383 2980 θεῖ,
2416 2917 2509 2969 καὶ
2542 2916 2775 2971 θανάτου
2803 2921 3101 2991 τεκμήριον
3147 2922 3381 2991 γίνεται,
3415 2924 3622 2995 θρῆνός
3671 2945 3721 2980 τε
3750 2928 3823 2981 ἐπὶ

2279 3007 2453 3079 τούτῳ
2479 3011 2577 3063 καὶ
2610 3011 2797 3079 φίλους
2825 3010 2938 3082 ἔχει
2967 3013 3061 3065 καὶ
3090 3014 3218 3078 τοὺς
3250 3018 3637 3086 προσήκοντας
3660 3035 3673 3050 ·
3709 3019 3821 3072 οὕτω

2280 3099 2345 3170 δὴ
2376 3101 2470 3153 καὶ
2519 3100 2651 3165 Θεὸς
2696 3104 2793 3156 καὶ
2844 3104 3067 3173 ἄγγελοι
3098 3104 3277 3177 ψυχὰς
3324 3108 3423 3171 τὰς
3456 3109 3539 3179 μὴ
3580 3116 3743 3182 τροφῇ
3768 3115 3821 3181 τῇ

2280 3191 2586 3262 ἐπουρανίῳ
2616 3193 2924 3264 χρήσασθαι
2962 3195 3288 3265 δυναμένας,
3330 3198 3417 3251 διὰ
3444 3200 3650 3270 πολλῆς
3676 3201 3821 3268 λύπης

2278 3282 2371 3334 καὶ
2427 3282 2640 3354 θρήνων
2693 3284 2998 3341 ποιοῦνται.
3046 3288 3111 3341 Ei
3163 3288 3346 3342 τοίνυν
3383 3290 3581 3357 ἐγένου
3610 3292 3685 3361 τῷ
3728 3292 3820 3361 Θεῷ

2277 3375 2487 3444 Θρόνος,
2532 3376 2740 3430 ἐκεῖνον
2791 3376 2931 3448 ἔχων
2981 3380 3411 3450 ἐπικαθήμενον,
3468 3384 3520 3435 εί
3568 3384 3823 3452 γέγονε·ιή

2272 3467 2416 3539 ψυχή
2463 3484 2556 3521 σου
2590 3469 2683 3540 ὅλη
2735 3471 3106 3539 πνευματικὸς
3150 3472 3451 3544 ὀφθαλμὸς,
3486 3476 3588 3545 ὅλη
3643 3477 3759 3546 ςῶς,
3783 3479 3820 3528 εί

2274 3561 2483 3633 ἐτράφη
2518 3561 2621 3633 τὴν
2650 3563 2856 3633 τροφὴν
2888 3563 3101 3634 ἐκείνην
3133 3564 3226 3617 τοῦ
3259 3566 3607 3637 Πνεύματος,
3642 3572 3685 3622 εί
3707 3570 3822 3623 ποτί-

2273 3648 2345 3722 ζῃ
2366 3650 2460 3703 τοῦ
2499 3650 2703 3715 ζῶντος
2745 3651 2958 3717 ὕδατος,
2994 3654 3089 3707 καὶ
3129 3654 3223 3707 τοῦ
3263 3656 3647 3725 πνευματικοῦ
3705 3658 3819 3710 οἶνον

2273 3744 2367 3797 τοῦ
2395 3746 2495 3815 τὴν
2525 3745 2755 3815 καρδίαν
2790 3746 3196 3814 εὐφραίνοντος,
3227 3750 3276 3801 εί
3302 3750 3593 3805 ἐνδέδυσαι
3615 3755 3677 3821 τῇ
3704 3751 3818 3821 ψυχῇ

2272 3835 2343 3888 τὰ
2374 3835 2471 3890 τοῦ
2509 3837 2751 3908 ἀρρήτου
2776 3838 2952 3909 φωτὸς
2978 3837 3272 3909 ἐνδύματα,
3308 3843 3358 3893 εί
3393 3842 3623 3895 πάντων
3648 3844 3819 3895 τούτων

2273 3926 2302 3978 ὁ
2338 3925 2446 3978 ἔσω
2473 3943 2567 3980 σου
2599 3927 2889 3999 ἄνθρωπος
2917 3930 2998 3993 είς
3022 3932 3216 4000 πεῖραν
3249 3934 3485 4000 ἀφίκετο
3521 3935 3616 3987 καὶ
3648 3934 3818 4004 πληρο-

2272 4017 2489 4088 φορίαν,
2525 4018 2636 4071 ίδοὺ
2686 4019 2786 4091 ζῇς
2834 4020 2934 4090 τὴν
2990 4020 3210 4075 αίώνιον
3247 4023 3387 4085 τέως
3442 4024 3618 4096 ζωὴν,
3653 4026 3712 4078 ὲκ
3745 4024 3817 4075 τοῦ

2272 4109 2540 4178 παρόντος
2573 4111 2672 4182 ἠδη
2734 4110 2812 4182 τῷ
2863 4112 3087 4183 Χριστῷ
3136 4117 3679 4185 συναναπαυόμενος.
3710 4115 3819 4169 Elb‘

2270 4198 2424 4254 οὔπω
2449 4202 2679 4273 εἴληφας
2709 4203 2901 4271 ταῦτα,
2932 4204 3044 4257 οὐδ’
3078 4206 3159 4269 είς
3198 4208 3390 4276 κτῆσιν
3410 4208 3631 4261 τούτων
3660 4207 3819 4276 ἐλήλυ-

2270 4292 2390 4357 θας,
2410 4293 2562 4346 κλαῖε
2596 4293 2837 4364 θερμῶς,
2900 4297 2994 4349 καὶ
3047 4296 3306 4369 ὀδυρμοῖς
3347 4297 3623 4369 κέχρησο,
3680 4300 3817 4369 μήπω

2268 4383 2361 4436 τοῦ
2415 4384 2661 4439 τοιούτου
2716 4388 2948 4441 πλούτου
3015 4390 3372 4459 τετυχηκέναι
3400 4406 3416 4421 ο
3469 4394 3568 4445 καὶ
3627 4392 3816 4461 φροντὶς

588 4464 931 4530 paupertatis
983 4480 1095 4519 sua:
1150 4480 1346 4521 sensus
1394 4470 1762 4538 possidentem
1819 4474 2049 4539 subeat;
2105 4483 2162 4529 et

2278 4472 2406 4526 ἔστω
2426 4491 2506 4527 σοι
2527 4475 2622 4529 καὶ
2648 4476 2835 4546 δέησις
2862 4477 3117 4549 διηνεκὴς
3142 4483 3270 4551 περὶ
3290 4482 3389 4551 τῆς
3404 4483 3687 4551 πτωχείας
3708 4497 3785 4533 σου
3800 4494 3813 4508 ’

587 4569 729 4617 non,
780 4564 841 4609 ut
879 4556 990 4625 jam
1038 4557 1234 4627 plenus
1279 4575 1343 4614 ac
1394 4570 1546 4615 satur
1594 4578 1759 4633 opum
1813 4566 2160 4632 divinarum,

582 4661 779 4701 secure
816 4648 1276 4721 circumvagetur,
1315 4669 1417 4708 nec
1452 4671 1725 4725 quaerens,
1755 4672 1856 4711 nec
1888 4658 2113 4727 pulsans
2144 4675 2161 4714 :

582 4738 834 4802 Qum-ens
883 4741 1053 4807 enim,
1089 4742 1288 4813 inquit,
1320 4746 1566 4813 inveniet,
1601 4756 1649 4801 et
1686 4749 1919 4819 pulsanti
1957 4751 2163 4820 aperie-

581 4836 669 4879 tur
686 4830 749 4883 ”.

650 4919 791 4975 XIII.
830 4920 884 4977 Si
929 4925 1293 4993 compositum
1339 4927 1474 4982 illud
1518 4929 1700 4984 oleum
1744 4940 1947 4986 tantam
1998 4931 2168 4988 habet

578 5008 721 5073 vim,
758 5018 819 5064 ut
858 5026 925 5065 eo
970 5014 1055 5066 usi
1100 5013 1167 5068 ad
1213 5014 1535 5086 dignitatem
1583 5019 1881 5075 ascendant
1924 5022 2169 5093 regiam;

581 5108 789 5165 quanto
841 5102 1014 5171 magis
1068 5103 1162 5172 qui
1207 5106 1387 5173 quoad
1440 5119 1682 5162 mentem
1734 5119 1792 5164 et
1841 5111 2163 5165 interiorem

582 5190 862 5247 hominem
902 5194 1277 5252 sanctiﬁcante
1318 5199 1699 5255 exsultationis
1737 5194 2068 5268 oleo'uncti,
2102 5214 2160 5259 et

580 5281 796 5335 arrham
839 5282 968 5337 boni
1013 5286 1346 5354 accipientes
1388 5287 1655 5358 Spiritus,
1689 5306 1978 5347 mensuras
2026 5308 2156 5362 per-

579 5371 833 5427 fectionis
876 5372 1234 5443 inscendent;
1282 5380 1457 5450 regni,
1495 5380 1741 5450 inquam,
1777 5391 1833 5436 et
1878 5382 2157 5438 ﬁliationis

578 5460 796 5516 Christo
826 5464 936 5535 regi
971 5477 1265 5524 consortes
1289 5478 1345 5524 et
1368 5472 1589 5543 collegae
1611 5472 1773 5538 laeti;
1811 5473 2157 5543 ingrediendi

580 5554 644 5606 ad
686 5556 903 5613 Patrem
942 5569 998 5615 et
1032 5563 1373 5632 egrediendi,
1407 5574 1465 5619 ut
1496 5566 1716 5622 videtur
1750 5568 1885 5637 ipsis
1921 5568 2150 5623 liberam

662 5761 703 5789 ³³
726 5761 859 5811 Luc.
885 5774 1045 5831 xvm,
1063 5761 1115 5813 7.
1196 5762 1238 5794 ²³
1262 5763 1450 5817 Matth.
1476 5782 1569 5830 vn,
1591 5768 1642 5821 '7.

2266 4563 2380 4616 ἀλλ’
2404 4564 2516 4616 εἴθε
2568 4565 2672 4619 κᾶν
2700 4567 2802 4635 τῆς
2838 4567 3033 4620 ἑαυτοῦ
3054 4568 3242 4630 πενίας
3270 4569 3533 4641 αἴσθησις
3567 4570 3733 4639 είσήει
3757 4566 3817 4636 τῷ

2266 4655 2625 4725 κεκτημένῳ·
2654 4656 2750 4710 καὶ
2787 4656 2861 4728 μὴ
2886 4658 2963 4721 ὡς
2996 4658 3091 4711 τοῦ
3147 4659 3293 4712 θείου
3326 4660 3573 4713 πλούτου
3610 4674 3815 4711 mmo-

2269 4747 2363 4816 ρὴς
2388 4745 2484 4808 ὢν.
2517 4747 2778 4818 ἄφροντις
2806 4750 3073 4820 περιῆγεν
3100 4767 3113 4781 ·
3162 4750 3224 4803 '0
3254 4752 3365 4820 γὰρ
3406 4750 3626 4818 ζητῶν,
3656 4750 3815 4818 φησὶν.

2263 4836 2528 4906 εὑρήσει,
2560 4839 2657 4892 καὶ
2686 4839 2767 4905 τῷ
2798 4842 3077 4909 κρούοντι
3105 4842 3520 4910 ἀνοιγήσεται.

2338 4930 2435 4984 ll".
2468 4931 2531 4983 Εἰ
2572 4932 2633 4984 τὸ
2667 4932 2921 4985 σύνθετον
2966 4935 3143 4987 ὲκεῖνο
3197 4934 3375 4987 ἔλαιον
3417 4935 3696 5005 τοσαύτην
3727 4935 3817 5002 ἔχει

2265 5019 2366 5089 τὴν
2418 5019 2670 5090 δύναμιν,
2728 5021 2805 5085 ὡς
2854 5023 2984 5086 τοὺς
3038 5024 3419 5094 χρησαμένους
3466 5024 3624 5094 αὐτῷ
3659 5024 3815 5075 λοιπίν

2266 5110 2551 5181 βασιλικῆς
2577 5112 2877 5168 ἐπιϐαίνειν
2910 5115 3094 5185 δόξης,
3141 5116 3294 5185 πόσῳ
3346 5132 3410 5184 γε
3442 5116 3651 5185 μᾶλλον
3677 5118 3720 5167 οἱ
3746 5112 3816 5164 τὸν

2261 5203 2387 5257 νοῦν
2426 5204 2521 5258 καὶ
2551 5205 2641 5259 τὸν
2663 5206 2771 5258 έσω
2792 5205 3080 5278 ἄνθρωπον
3104 5205 3181 5275 τῷ
3198 5206 3514 5274 ἀγιαστικῷ
3547 5208 3647 5275 τῆς
3672 5203 3816 5271 ἀγκλ-

2258 5295 2494 5359 λιάσεως
2531 5297 2696 5366 ἐλαίῳ
2753 5297 3053 5367 χριόμενοι,
3100 5299 3196 5351 καὶ
3250 5298 3342 5350 τὸν
3394 5298 3699 5369 ἀρραϐῶνα
3741 5294 3817 5346 τοῦ

2261 5386 2469 5455 ἀγαθοῦ
2518 5387 2888 5458 λαμϐάνοντες
2948 5387 3287 5458 Πνεύματος,
3343 5388 3454 5441 τῶν
3489 5389 3706 5458 μέτρων
3738 5384 3818 5451 τῆς

2258 5479 2600 5549 τελειότητος
2648 5478 3024 5549 ἐπιὸἡσονται,
3075 5480 3175 5549 τῆς
3213 5478 3455 5549 Χριστοῦ
3499 5496 3648 5549 φημι
3686 5476 3818 5545 Bas-.-

2260 5571 2407 5634 λείας
2462 5573 2555 5625 καὶ
2608 5572 2881 5635 υἱοθεσίας
2933 5570 3084 5643 αὐτῷ
3132 5571 3440 5643 σιμμύσται
3506 5572 3589 5641 τῷ
3636 5566 3818 5639 gauli?

1720 5769 1762 5799 "
1790 5768 1926 5824 Luc.
1955 5788 2025 5839 x1,
2052 5772 2105 5827 8.
2182 5775 2225 5806 ’⁵
2249 5774 2439 5828 Matth.
2467 5778 2640 5843 “1,7;
2674 5775 2808 5833 Luc.
2835 5793 2905 5843 xi,
2936 5778 3018 5830 ‘IO.
