4044 6524
560 350 667 418 903

1810 352 1871 415 S.
1913 352 2233 413 MACARII
2276 350 2599 412 [EGYPTII
3689 355 3768 417 9m

559 469 883 534 praesentem
920 461 977 517 in
1012 477 1099 518 me
1144 462 1325 519 sentio
1358 462 1611 533 gratiam,
1642 461 1909 519 liberatus
1936 477 2057 517 sum
2091 461 2146 515 in

2252 460 2492 531 εἴρηται,
2528 458 2622 513 καὶ
2652 457 2723 512 τά
2746 456 2841 512 δύο
2870 457 2928 510 ἐν
2962 456 3041 528 τῷ
3062 457 3141 511 ἐνὶ
3165 457 3263 511 καὶ
3302 455 3385 527 τῷ
3410 456 3552 528 αὐτῷ
3577 459 3663 531 νῷ,
3691 467 3772 519 xiv

558 566 722 607 omne
766 561 985 623 tempus
1026 553 1095 609 ab
1135 554 1284 609 omni
1331 555 1561 609 malitia.
1596 553 1716 608 Duo
1751 553 1920 617 enim,
1954 561 2015 607 ut
2055 550 2142 606 di-

558 654 711 702 ctum
751 653 868 711 est,
898 645 1041 700 inter
1074 660 1134 701 se
1166 645 1396 701 adversa
1428 645 1483 699 in
1517 652 1702 700 mente
1744 650 1943 713 agunt,
1968 641 2141 714 gratia

556 748 614 794 et
646 740 1111 809 concupiscentia,
1146 747 1425 809 utcunque
1458 739 1568 795 cito
1598 740 1809 794 creduli
1842 747 1899 794 et
1931 739 2140 808 impru-

557 832 755 889 dentes
794 836 975 889 statim
1018 834 1205 889 dicant
1244 852 1257 888 :
1296 834 1553 901 Vicimus,
1588 845 1635 890 et
1669 836 1986 891 debellatum
2021 835 2139 905 jam

559 931 653 975 est.
678 924 807 978 Mihi
838 924 1060 994 quidem
1094 933 1286 979 contra
1312 926 1390 980 sic
1413 927 1673 981 videntur
1699 928 1864 998 hujus
1891 942 1949 981 se
1975 941 2139 995 gene-

560 1011 637 1066 ris
678 1029 766 1068 res
809 1014 1041 1078 habere,
1071 1023 1132 1068 ut
1165 1014 1387 1084 quando
1428 1016 1527 1070 soli
1568 1032 1705 1085 pure
1740 1016 1969 1085 fulgenti
2009 1015 2141 1069 sub-

557 1101 743 1155 oriens
786 1112 1011 1171 repente
1045 1119 1213 1174 vapor
1247 1111 1301 1158 et
1337 1104 1511 1175 caligo
1543 1107 1789 1160 velamen
1825 1105 1996 1160 veluti
2040 1104 2141 1158 ob—

556 1191 805 1258 duxerit;
850 1193 931 1248 sic
966 1193 1242 1261 similiter,
1275 1195 1355 1249 uti
1400 1196 1660 1261 diximus,
1691 1212 1749 1250 se
1794 1195 2021 1257 habent,
2048 1194 2143 1264 qui

555 1283 729 1353 gratia
782 1283 881 1338 Dei
930 1284 1133 1354 potiti,
1176 1286 1273 1340 sed
1323 1295 1578 1341 accurate
1629 1285 1875 1341 nondum
1926 1285 2143 1355 purgati

554 1382 713 1440 sunt;
757 1375 852 1430 sed
897 1375 953 1429 in
1001 1376 1379 1445 penetralibus
1414 1376 1708 1446 profundis
1740 1376 1920 1429 adhuc
1948 1391 1978 1429 a
2014 1390 2145 1444 pec-

558 1474 685 1519 cato
735 1475 1015 1520 tenentur.
1067 1465 1248 1532 Quare
1295 1467 1467 1521 multa
1516 1465 1766 1536 profecto
1813 1464 2145 1519 discretione

554 1572 693 1627 opus
719 1564 823 1621 est,
847 1556 913 1610 ad
941 1556 1334 1627 experientiam
1366 1571 1551 1612 rerum
1585 1556 1770 1610 talium
1812 1554 2119 1626 perfectissi

553 1662 700 1702 mam
732 1646 1054 1717 parandam.

1077 1736 1283 1804 oculis,
1322 1737 1542 1809 lingua,
1578 1737 1838 1804 auribus,
1874 1697 2141 1808 pedibus,
2192 1778 2199 1783 ι

2252 553 2303 605 οῖ
2334 549 2549 605 εὖκολοί
2580 566 2641 603 τε
2673 550 2768 602 καὶ
2796 548 3031 619 ἀμαθεῖς
3080 550 3277 619 μικρόν
3308 566 3361 603 τι
3398 550 3539 619 νῆμα
3574 566 3774 622 mappa.

2251 643 2404 697 τικδν
2446 642 2766 714 ἐσχηκότες,
2794 641 3133 711 Νενίκημεν
3173 641 3314 711 ἤδη,
3362 642 3622 711 λέγουσιν.
3658 645 3779 715 Ἐμοὶ

2251 735 2310 788 δὲ
2359 734 2518 788 δωκῶ
2567 735 2637 789 τὰ
2680 733 2985 804 πράγματα
3027 733 3199 797 οὕτως
3248 734 3424 804 ἔχειν’
3467 734 3645 806 ὥσπερ
3678 739 3778 791 ὅταν

2249 826 2406 899 ἡλίου
2426 826 2687 897 καθαρῶς
2714 826 3121 896 ἐπιλάμποντος
3151 827 3427 889 σκοτεινὸς
3449 828 3478 880 ὁ
3508 827 3774 898 emam

2250 920 2284 991 ἢ
2333 918 2533 990 ὀμίχλη
2579 918 2959 989 ἐπιδραμοῦσα
3007 918 3334 989 ἐπισκοτίσῃ
3364 918 3530 971 αὐτοῦ
3562 920 3633 989 τῷ
3658 924 3776 991 καλῷ

2256 1011 2397 1082 φωτί
2420 1029 2435 1044 ·
2466 1010 2642 1081 τούτῳ
2671 1010 2783 1081 γὰρ
2833 1009 3233 1081 παραπλησίως
3266 1010 3449 1079 ἔχουσι
3489 1009 3565 1078 τῷ
3592 1011 3718 1083 λόγῳ
3744 1016 3780 1065 ιι

2253 1103 2357 1173 τῆς
2401 1102 2502 1173 μὲν
2547 1101 2644 1155 τοῦ
2674 1100 2811 1155 Θεοῦ
2866 1101 3087 1172 χάριτος
3140 1104 3514 1171 ἐπιτυχόντες,
3573 1103 3719 1171 μήπω
3743 1106 3784 1157 δὲ

2256 1195 2396 1265 πρὸς
2442 1193 2733 1266 ἀκρίϐειαν
2789 1192 3269 1263 διακαθαρθέντες,
3311 1192 3426 1244 ἀλλ’
3466 1194 3525 1244 ἐν
3551 1192 3624 1263 τῷ
3665 1194 3785 1262 βάθει

2252 1285 2335 1340 ἔτι
2365 1287 2691 1356 κατάσχετοι
2719 1286 2873 1350 ὄντες
2902 1286 3007 1339 ὑπὸ
3031 1286 3131 1356 τῆς
3166 1285 3439 1357 ἁμαρτίας
3463 1302 3479 1318 ·
3516 1285 3652 1339 ῶστε
3684 1289 3786 1340 πολ-

2254 1378 2351 1449 λῆς
2383 1378 2461 1449 τῷ
2499 1379 2613 1433 δντι
2634 1379 2735 1449 τῆς
2763 1378 3089 1449 διακρίσεως
3110 1377 3192 1431 δεῖ
3220 1376 3356 1451 πρὸς
3378 1378 3440 1431 τὸ
3458 1378 3624 1449 πείρᾳ
3652 1378 3789 1433 ταῦτα

2253 1470 2320 1539 τῇ
2354 1467 2668 1542 τελεωτάτῃ
2696 1468 3013 1540 προλαϐεῖν.

2330 1736 2429 1790 IE'.
2482 1737 2668 1803 Ωσπερ
2714 1750 2998 1804 αμηχανον
3038 1732 3338 1803 ὀφθαλμῶν
3370 1732 3501 1787 άνευ
3531 1735 3624 1787 καὶ
3648 1734 3793 1802 γλώτ-

553 1828 762 1892 videri,
795 1828 934 1893 dici,
966 1828 1182 1894 audiri,
1216 1828 1483 1884 ambulari
1553 1829 1776 1899 nequit;
1823 1829 1903 1884 sic
1950 1830 2147 1899 pariter

2258 1845 2379 1897 της,
2411 1824 2568 1878 ὢτων
2593 1842 2653 1878 τε
2689 1824 2785 1879 καὶ
2810 1824 2987 1878 ποδῶν
3038 1822 3258 1894 βλέπειν
3309 1824 3343 1895 ἦ
3378 1825 3582 1893 λέγειν,
3612 1828 3795 1881 ἀκούειν

556 1919 895 1989 impossibile
934 1928 1047 1984 est,
1085 1919 1204 1973 sine
1244 1921 1359 1974 Deo
1402 1928 1458 1974 et
1501 1920 1569 1974 ab
1614 1920 1733 1989 ipso
1775 1919 1903 1974 dato
1940 1906 2146 1975 efﬁcaci

560 2011 718 2082 195
763 2009 998 2075 auxilio,
1040 2011 1450 2067 communicare
1511 2011 1785 2083 mysteriis
1825 2011 2055 2079 divinis,
2099 2023 2155 2069 et

560 2116 721 2156 nosse
770 2102 869 2157 Dei
924 2101 1285 2172 sapientiam,
1327 2110 1422 2155 aut
1472 2101 1527 2155 in
1580 2101 1791 2172 Spiritu
1845 2102 2137 2158 ditescere.

555 2192 691 2246 Nam
735 2190 1013 2260 sapientes
1071 2191 1295 2260 quidem
1337 2190 1675 2256 Grmcorum,
1707 2192 1762 2245 in
1796 2191 2153 2246 meditatione

551 2279 933 2333 doctrinarum
991 2288 1340 2345 exercentur,
1361 2290 1418 2334 et
1439 2280 1505 2334 ad
1542 2280 1774 2335 invicem
1801 2280 2150 2350 reciprocan-

556 2373 654 2427 ilas
680 2372 978 2427 verborum
1010 2372 1154 2427 rixas
1208 2372 1371 2442 longo
1402 2372 1517 2427 triti
1549 2388 1649 2427 usu
1682 2379 1829 2427 sunt.
1861 2372 2015 2428 Servi
2048 2389 2149 2428 au-

560 2470 668 2515 tem
721 2462 839 2527 Dei,
870 2462 973 2517 etsi
1002 2462 1385 2532 congressibus
1409 2462 1844 2532 disputationum
1880 2463 2150 2520 inexerci-

558 2554 654 2612 tati
683 2552 823 2620 sint,
859 2562 1042 2609 tamen
1071 2553 1257 2616 divina
1290 2553 1483 2609 notitia
1526 2563 1583 2610 et
1641 2555 1738 2611 Dei
1773 2556 1947 2627 gratia
1984 2558 2150 2628 perﬁ-

557 2644 817 2699 ciuntur.

628 2732 768 2791 XVI.
797 2734 989 2789 Audeo
1023 2733 1207 2789 dicere
1228 2772 1243 2796 ,
1283 2749 1352 2789 ne
1385 2734 1521 2805 ipsis
1555 2734 1780 2805 quidem
1813 2735 1926 2793 illis
1960 2748 2151 2795 sancto

557 2826 838 2883 Paracleto
886 2825 1111 2896 repletis
1158 2825 1421 2905 apostolis
1486 2826 1792 2898 contigisse
1880 2836 1942 2883 ut
1987 2830 2149 2887 liberi

561 2936 788 2992 prorsus
816 2937 844 2975 a
864 2912 1024 2976 curis
1051 2928 1267 2987 essent;
1300 2920 1395 2975 sed
1424 2922 1844 2977 exsultationem
1872 2934 1928 2978 et
1955 2924 2150 2980 inetia-

557 3012 671 3067 bile
698 3027 891 3068 eorum
922 3012 1182 3083 gaudium
1208 3022 1265 3067 et
1290 3013 1451 3067 timor
1474 3014 1673 3084 aliquis
1700 3016 2150 3085 consequebatur

558 3118 624 3157 ex
665 3102 781 3173 ipsa
822 3105 1016 3174 gratia,
1051 3120 1119 3157 ne
1164 3102 1302 3158 forte
1346 3105 1551 3175 pejoris
1590 3106 1761 3176 partis
1801 3115 2148 3164 tentarentur

2256 1918 2684 1990 ἢπεριπατεῖν·
2742 1917 2915 1980 οὕτως
2961 1918 3159 1989 ἐπίσης
3223 1917 3508 1983 ἀδύνατον,
3560 1919 3681 1971 ἄνευ
3719 1920 3792 1972 τοῦ

2255 2012 2390 2065 Θεοῦ
2417 1994 2626 2079 καὶτῆς
2650 2010 2859 2063 ἐκεῖθεν
2878 2009 3163 2080 διδομένης
3187 2010 3491 2081 ἐνεργείας,
3514 2012 3795 2081 μυστηρίων

2257 2101 2582 2170 κοινωνῆσαι
2608 2100 2790 2166 θείων,
2827 2101 2920 2153 καλ⁸
2953 2099 3151 2153 εἰδέναι
3200 2098 3337 2152 Θεοῦ
3387 2100 3604 2168 σοφίαν,
3632 2102 3795 2169 ﬂuxi

2256 2191 2484 2262 Πνεῦμα
2536 2192 2807 2245 πλουτεῖν.
2855 2192 2922 2243 υἱ
2955 2192 3053 2260 μὲν
3100 2190 3209 2261 γὰρ
3239 2192 3392 2258 σοφοὶ
3416 2190 3529 2242 τῶν
3567 2190 3796 2260 Ἑλλήνων

2254 2286 2312 2338 ἐν
2336 2285 2513 2354 λόγοις
2544 2284 2863 2347 ἀσκοῦνται,
2896 2286 2993 2336 καὶ
3035 2283 3173 2355 πρὸς
3206 2283 3548 2353 λογομαχὶας
3577 2283 3797 2351 ἐκθύμως

2252 2378 2599 2447 ἠσχόληνται.
2632 2377 2694 2430 Oi
2730 2378 2788 2429 δέ
2830 2374 2925 2428 τοῦ
2947 2375 3084 2428 Θεοῦ
3131 2374 3331 2438 δοῦλοι,
3378 2375 3484 2429 κᾶν
3516 2374 3799 2447 ἀνομίλητοι

2253 2467 2428 2537 λόγων
2459 2461 2592 2521 ὦσιν
2619 2508 2636 2534 ,
2667 2466 2784 2521 ἀλλ’
2836 2463 2930 2519 οὖν
2964 2466 3085 2538 θείᾳ
3113 2466 3313 2535 γνώσει
3343 2467 3439 2521 καὶ
3472 2466 3611 2520 Θεοῦ
3642 2468 3798 2538 χάριτι

2252 2558 2696 2630 καταρτίζονται.

2322 2742 2440 2812 Ιζῗ.
2479 2743 2747 2815 Πείθομαι
2770 2743 2966 2811 λέγων,
3001 2744 3188 2815 φησιν,
3221 2744 3305 2800 ὅτι
3332 2747 3431 2798 καὶ
3465 2744 3649 2809 αὐτοῖς
3678 2746 3797 2799 taceto

2252 2854 2363 2900 νοις
2392 2838 2505 2899 τοῖς
2531 2835 2847 2899 ἀποστόλοις
2875 2835 2971 2889 τοῦ
3000 2835 3205 2905 ἀγαθοῦ
3227 2837 3595 2909 Παρακλήτου
3615 2839 3801 2907 πεπλη-

2253 2927 2547 2999 ρωμένοις,
2602 2926 2872 2998 οὐμενοῦν
2919 2927 3180 3000 καθαρῶς
3232 2929 3473 2999 ὑπῆρχεΙ
3536 2931 3801 3002 φροντίδων

2250 3020 2521 3075 ἀνεῖσθαι·
2548 3020 2689 3093 ἀλλὰ
2713 3020 2853 3091 πρὸς
2873 3023 2939 3092 τῇ
2958 3020 3276 3090 ἀγαλλιάσει
3300 3022 3395 3074 καὶ
3424 3022 3649 3093 ἀρρήτῳ
3663 3025 3800 3093 χαρᾷ,

2253 3109 2350 3163 καὶ
2381 3109 2545 3178 φόϐος
2576 3127 2661 3174 τις
2694 3110 2881 3163 εἵπετο
2924 3109 2985 3174 ἐξ
3017 3110 3187 3180 αὐτῆς
3215 3110 3389 3181 δήπου
3440 3112 3544 3181 τῆς
3590 3112 3800 3181 χάριτος,

561 3195 965 3250 occasionibus.
995 3195 1114 3264 ipsa
1150 3195 1296 3249 enim
1330 3196 1503 3266 gratia
1536 3197 1590 3250 in
1628 3205 1745 3251 tuto
1777 3213 1865 3253 res
1900 3198 2144 3269 ipsorum

2253 3199 2373 3270 οὐχὶ
2394 3176 2495 3253 τοῦ
2521 3201 2621 3269 τῆς
2652 3199 2851 3264 κακίας
2887 3198 3085 3270 μέρους
3120 3176 3343 3269 ἐγοντας
3372 3176 3801 3269 ἀφορμάςίΔῦτὴ

561 3284 821 3355 ponebat,
848 3299 918 3339 ne
955 3286 1042 3339 vel
1088 3284 1156 3339 ad
1204 3285 1490 3339 minimum
1533 3287 1863 3342 excederent
1906 3303 1936 3342 a
1974 3300 2145 3346 recto.

562 3374 743 3442 Atque
773 3379 833 3426 ut
856 3372 1123 3442 puerulus
1149 3389 1314 3443 parvo
1342 3375 1551 3429 calculo
1584 3376 1639 3429 in
1669 3392 1886 3431 murum
1913 3378 2147 3433 solidum

562 3465 817 3535 conjecto
864 3463 1073 3517 nullum
1125 3464 1177 3518 ei
1226 3464 1487 3519 damnum
1535 3465 1729 3532 infert;
1782 3476 1877 3522 aut
1905 3469 2149 3540 jaculum

562 3555 761 3617 hebes,
795 3555 1021 3609 loricam
1059 3554 1270 3610 ﬁrmam
1308 3555 1533 3612 minime
1568 3557 1743 3623 lmdit;
1785 3558 1866 3613 sic
1898 3575 2024 3630 pars
2058 3560 2150 3615 illa

561 3646 786 3700 malitiae
817 3645 1032 3715 reliqua
1074 3645 1130 3699 in
1166 3648 1317 3715 ipsos
1351 3645 1613 3717 impetum
1654 3648 1860 3705 faciens
1901 3648 2150 3706 inefﬁcax

560 3749 619 3793 et
645 3738 1023 3793 frustraneum
1052 3753 1173 3793 esse
1200 3739 1705 3807 demonstrabatur,
1736 3742 1882 3811 quod
1916 3744 2038 3800 illos
2062 3745 2150 3799 ni-

560 3831 765 3885 mirum
808 3828 1016 3885 Christi
1053 3830 1226 3884 virtus
1260 3834 1465 3899 optime
1497 3831 1843 3886 munivisset.
1878 3832 2149 3889 Caeterum

561 3920 969 3991 quantumlibet
1015 3919 1305 3991 perfectis,
1338 3922 1565 3977 libertas
1598 3931 1781 3979 tamen
1812 3924 2031 3979 arbitrii
2067 3925 2152 3979 in-

559 4022 703 4070 erat.
720 4012 843 4068 Non
870 4012 1018 4069 enim
1044 4029 1234 4069 verum
1259 4022 1364 4079 est,
1383 4014 1530 4084 quod
1559 4014 1781 4085 quidam
1814 4015 2004 4071 inscite
2032 4031 2153 4087 gar—

562 4103 739 4167 riunt,
771 4112 895 4173 post
926 4112 1206 4175 acceptam
1236 4105 1489 4176 gratiam,
1511 4106 1649 4161 nihil
1681 4105 1788 4160 nisi
1818 4106 2149 4161 laxationem

560 4203 619 4249 et
642 4195 887 4264 quietem
917 4204 1148 4250 restare.
1177 4196 1432 4266 Requirit
1456 4196 1602 4251 enim
1638 4196 1906 4252 Dominus
1934 4197 1990 4251 in
2026 4212 2153 4267 per-

558 4281 721 4339 fectis
746 4298 967 4355 quoque
1009 4284 1345 4341 voluntatem
1370 4286 1565 4341 anima:
1593 4287 1650 4341 in
1677 4286 2001 4357 obsequium
2031 4286 2153 4357 Spi-

564 4375 708 4430 ritus
740 4392 755 4429 :
787 4386 849 4430 ut
869 4375 984 4431 inec
1012 4376 1246 4432 invicem
1273 4379 1638 4433 consentiant.
1669 4379 1976 4436 Dicitenim
2002 4380 2149 4451 Apo-

565 4464 745 4519 stolus
775 4482 790 4519 :
823 4464 1083 4536 Spiritum
1112 4466 1274 4521 nolite
1303 4470 1635 4540 exstinguere
1660 4471 1727 4527 “.

637 4556 805 4615 XVII.
827 4557 1073 4629 Simplici
1100 4562 1540 4618 nomenclatione
1564 4562 1853 4634 designare
1875 4578 1964 4619 res
1985 4562 2145 4619 facile

569 4646 750 4703 cuivis
792 4657 849 4704 et
894 4648 1040 4705 factu
1087 4664 1323 4720 pronum
1370 4661 1475 4707 est.
1521 4652 1703 4707 Facile
1746 4652 1948 4723 quippe
1994 4653 2144 4708 omni

568 4741 781 4797 homini
836 4752 921 4798 est
954 4741 1165 4809 dicere,
1214 4758 1409 4813 panem
1452 4744 1600 4799 hunc
1640 4744 1724 4815 (ut
1756 4743 1863 4799 hoc
1900 4743 2148 4813 exemplo

572 4832 813 4904 utamur)
847 4848 914 4888 ex
943 4832 1223 4888 frumento
1257 4849 1379 4890 esse
1409 4842 1786 4905 compactum;
1823 4849 1933 4905 quo
1964 4843 2147 4889 autem

570 4925 738 4980 modo
768 4940 943 4995 quave
973 4935 1092 4979 arte
1120 4932 1234 4979 tota
1260 4927 1380 4997 ejus
1408 4924 1737 4996 praeparatio
1767 4924 2145 4980 administrata

569 5017 761 5083 fuerit,
789 5015 1067 5087 sigillatim
1094 5030 1398 5086 exponere,
1428 5015 1573 5071 haud
1608 5015 1791 5085 quivis
1819 5024 2017 5085 queat;
2053 5015 2152 5070 sed

556 5104 626 5163 'id
660 5124 851 5165 eorum
887 5109 1081 5163 saltem
1113 5116 1219 5175 est,
1251 5107 1346 5178 qui
1378 5107 1777 5179 experientiam
1810 5107 1889 5162 rei
1922 5107 2147 5162 habent.

536 5252 543 5273 ,
577 5206 652 5259 Ad
683 5206 831 5260 hunc
863 5204 1031 5277 igitur
1062 5204 1286 5259 modum
1316 5204 1545 5259 cuilibet
1576 5202 1631 5256 in
1663 5210 1920 5272 promptu
1951 5210 2055 5268 est,
2084 5203 2151 5257 de

570 5296 870 5352 affectuum
903 5298 1177 5351 vacuitate
1211 5305 1269 5350 et
1322 5293 1667 5365 perfectione
1707 5292 2013 5357 disserere;
2054 5307 2153 5345 ex-

569 5390 837 5459 perientia
863 5405 995 5445 vero
1025 5402 1312 5458 capessere
1342 5387 1653 5457 negotium;
1688 5384 1792 5439 hoc
1816 5397 1951 5437 vero
1982 5392 2065 5437 est
2095 5401 2151 5437 re

571 5483 685 5552 ipsa
716 5492 770 5538 et
794 5484 849 5538 in
867 5483 1097 5538 veritate
1117 5478 1435 5535 methodum
1462 5475 1817 5547 perfectionis
1838 5474 2144 5545 percipere.

640 5570 824 5628 XVltI.
870 5572 1193 5640 Quicunque
1241 5568 1311 5623 de
1381 5566 1657 5637 spirituali
1710 5563 1955 5621 doctrina
2020 5562 2138 5618 sine

638 5772 685 5805 "
709 5773 724 5827 Ι
755 5772 945 5827 Thess.
974 5788 1023 5836 v,
1052 5771 1113 5826 19

2250 3290 2363 3360 γάρ
2385 3292 2419 3360 ἡ
2453 3289 2612 3360 χάρις
2655 3290 2713 3344 ἐν
2743 3288 2977 3358 ἀσφαλεῖ
2995 3288 3067 3342 τὰ
3099 3288 3323 3341 ἐκείνων
3351 3289 3529 3343 ἐτίθει
3570 3287 3663 3342 τοῦ
3693 3289 3801 3357 pret

2252 3381 2604 3453 πρδςμικρδν
2640 3382 2872 3449 ἐκϐῆναι
2904 3380 2997 3434 τοῦ
3028 3380 3208 3443 καλῶς
3230 3381 3472 3451 ἔχοντος.
3507 3382 3618 3434 Καὶ
3645 3381 3802 3447 ῶσπερ

2248 3491 2301 3527 τι
2331 3474 2544 3527 παιδίον
2571 3474 2744 3545 μικρᾷ
2766 3472 2959 3544 ψηφίδι
2989 3475 3169 3543 τεῖχος
3202 3473 3471 3543 βεϐληκδς
3514 3474 3663 3527 οὐδὲν
3691 3474 3802 3542 ﬂvu-

2252 3582 2365 3627 σεν,
2400 3565 2433 3636 ἦ
2470 3564 2545 3629 ῶς
2576 3582 2629 3619 τι
2666 3564 2818 3635 βέλος
2846 3566 3072 3630 ἀσθενὲς
3105 3565 3335 3637 θώρακα
3369 3566 3599 3636 ἰσχυρὸν
3638 3567 3807 3635 ἥκιστα

2255 3660 2322 3712 ἂν
2370 3657 2570 3731 βλάψῃ,
2637 3657 2784 3712 οὕτω
2847 3658 2913 3729 δὴ
2969 3660 3063 3712 καὶ
3146 3660 3315 3730 μέρος
3382 3676 3439 3712 τι
3492 3658 3596 3728 τῆς
3636 3658 3805 3717 κακίας

2250 3748 2591 3821 προσϐάλλον
2640 3751 2825 3813 αὐτοῖς
2858 3750 3140 3821 ἄπρακτόν
3170 3767 3229 3803 τε
3282 3751 3381 3804 καὶ
3418 3752 3653 3822 μάταιον
3681 3751 3803 3814 dm,-

2252 3841 2478 3912 λέγχετο
2502 3859 2516 3875 ·
2544 3841 2641 3897 ἆτε
2666 3845 2734 3915 τῇ
2760 3841 2854 3895 τοῦ
2882 3842 3119 3913 Χριστοῦ
3148 3842 3376 3913 δυνάμει
3408 3842 3599 3905 καλῶς
3632 3840 3806 3911 φράξαι

2254 3934 2457 4004 μένοις.
2492 3934 2639 4004 Πλὴν
2666 3934 2805 3987 ἀλλὰ
2831 3934 2925 3987 καὶ
2959 3933 3183 3998 τελείοις
3214 3930 3366 3987 οὖσιν
3388 3934 3423 4006 ἡ
3456 3932 3555 3987 τοῦ
3586 3932 3807 3996 αὐτεξου-

2256 4027 2371 4079 σίου
2405 4025 2690 4095 ἐλευθερία
2735 4025 2939 4097 παρῆν,
2998 4025 3095 4079 καὶ
3146 4025 3245 4095 οὐχ
3282 4024 3357 4089 ῶς
3406 4042 3560 4090 τινες
3600 4026 3807 4093 ἀνοήτως

2254 4118 2443 4187 φασὶν,
2479 4117 2561 4170 ὅτι
2592 4117 2731 4187 μετά
2775 4118 2937 4188 χάριν
2967 4117 3027 4171 τὸ
3076 4116 3186 4169 ἀπὸ
3216 4115 3369 4169 τοῦδε
3413 4116 3708 4188 φροντίδων
3730 4114 3807 4167 15.

2255 4227 2339 4274 σις
2355 4210 2451 4264 καὶ
2481 4210 2687 4274 ἄνεσις.
2719 4212 2883 4281 Ζητεῖ
2906 4210 3018 4280 γὰρ
3046 4208 3295 4281 ὁΚύριος
3327 4212 3435 4263 κάν
3465 4211 3583 4271 τοῖς
3608 4209 3806 4268 τελείοις

2250 4304 2313 4358 τὸ
2347 4304 2562 4375 θέλημα
2593 4303 2691 4372 τῆς
2724 4301 2902 4373 ψυχῆς
2931 4303 3011 4365 είς
3043 4299 3325 4356 διακονίαν
3362 4298 3462 4353 τοῦ
3497 4300 3810 4369 Πνεῦματος.

2253 4395 2329 4459 ὡς
2362 4395 2638 4466 συμϐῆναι
2670 4392 2845 4447 ταῦτα
2880 4392 3153 4463 ἀλλήλοις.
3200 4391 3366 4460 Λέγει
3430 4393 3548 4464 γὰρ
3580 4392 3611 4444 δ
3678 4390 3809 4444 ’Λπό-

2257 4486 2440 4553 στολος
2466 4501 2480 4516 ⁸
2503 4486 2572 4542 Τὸ
2599 4486 2841 4555 Πνεῦμα
2858 4484 2944 4554 μὴ
2984 4484 3297 4539 σϐέννυτε.

2326 4582 2428 4635 IZ'.
2459 4580 2534 4633 Τὸ
2563 4581 2661 4651 μὲν
2686 4578 2845 4649 ἀπλῷ
2865 4579 3011 4649 λόγῳ
3045 4576 3401 4648 παραδιδόναι
3432 4576 3507 4629 τά
3537 4576 3808 4647 πράγματα

2254 4672 2545 4745 πρόχειρόν
2567 4689 2621 4725 τι
2655 4672 2751 4725 καὶ
2771 4672 3022 4734 εὐπετές.
3068 4669 3281 4741 Ῥᾴδιον
3314 4670 3428 4740 γὰρ
3453 4669 3534 4739 τῷ
3558 4667 3715 4721 παντὶ
3737 4665 3809 4717 λέ·

2253 4782 2372 4834 γειν
2393 4763 2487 4818 τὸν
2517 4763 2682 4835 ἄρτον
2714 4762 2923 4828 τοῦτον,
2953 4761 3352 4831 ὑποδείγματος
3366 4761 3428 4814 δέ
3453 4760 3605 4832 λόγῳ
3637 4759 3809 4829 φαμὲν,

2253 4856 2361 4912 ἀπὸ
2392 4856 2541 4909 σίτου
2568 4852 2895 4926 γεγενῆσθαι
2922 4870 2937 4884 ο
2974 4852 3074 4923 τὴν
3123 4853 3327 4924 μέντοι,
3359 4853 3506 4907 κατά
3539 4851 3701 4923 μέρος
3730 4850 3811 4902 αὖ·

2253 4947 2347 5001 τοῦ
2394 4947 2741 5016 κατασκευὴν
2788 4945 3063 5010 ἐκθέσθαι,
3110 4944 3171 4998 οὐ
3207 4942 3303 4997 τοῦ
3333 4943 3556 5011 ,παντὸς
3599 4944 3810 5012 γνῶναιο

2252 5038 2390 5094 ἀλλά
2417 5040 2597 5110 μόνων
2626 5040 2745 5092 ἐστὶ
2775 5037 2886 5092 τῶν
2918 5036 3366 5107 πεπειραμένων.
3397 5034 3563 5089 Οῦτω
3586 5033 3713 5101 γοῦν
3735 5031 3812 5085 καὶ

2249 5132 2311 5186 τὸ
2346 5131 2445 5201 μὲν
2476 5130 2661 5194 ἁπλῶς
2689 5130 2818 5202 περὶ
2861 5127 3132 5192 ἀπαθείας
3175 5128 3360 5197 λέγειν
3410 5144 3471 5180 τε
3506 5129 3606 5179 καὶ
3634 5123 3812 5179 τελειό-

2251 5242 2412 5297 τητος
2435 5224 2661 5288 εὐπετές
2687 5240 2747 5276 τε
2771 5222 2866 5275 καὶ¹
2891 5222 3144 5293 εὐχερές·
3167 5221 3230 5274 τὸ
3247 5220 3304 5274 δὲ
3337 5221 3506 5292 πείρα
3526 5220 3589 5273 τὸ
3608 5219 3810 5289 πρᾶγμ

2253 5314 2614 5387 παραλαϐεῖν,
2650 5314 2808 5368 τοῦτό
2848 5313 2965 5366 ἐστι
3004 5312 3082 5383 τῷ
3115 5312 3262 5383 ἔργῳ
3287 5311 3383 5364 καὶ
3409 5310 3643 5381 ἀληθείᾳ
3672 5323 3815 5361 κατα-

2253 5407 2443 5462 λαϐεῖν
2475 5408 2555 5472 εἰς
2586 5407 2687 5478 τὴν
2714 5405 3060 5476 κατασκευὴν
3088 5407 3185 5476 τῆς
3213 5403 3578 5472 τελειότητος.

2327 5562 2435 5616 lil'.
2486 5561 2645 5614 Ὅσοι
2678 5558 2869 5629 λόγους
2900 5555 3306 5629 πνευματικοῦς
3354 5552 3602 5623 γεύσεώς
3644 5569 3699 5603 τε
3736 5549 3812 5603 καὶ

3971 1714 3973 1851 Ν

3971 1714 3973 1851 l
