4044 6520
267 324 372 389 905

1294 326 1526 387 LIBER
1566 326 1664 387 UE
1704 326 2181 390 ELEVATIONE
2216 295 2520 389 MENTIS.

3414 321 3520 384 906

262 440 463 510 πείρας
517 438 675 503 ἐκτὸς
730 439 1082 510 φθέγγονται,
1135 438 1362 502 τούτους
1401 440 1636 494 ἐοικέναι
1690 444 1871 512 φημὶ,

1977 451 2093 497 ustu
2130 448 2187 498 et
2223 442 2563 511 experientia
2626 438 2933 509 disputant,
2978 452 3074 492 eos
3127 434 3216 491 aio
3252 448 3353 505 ego
3396 449 3520 489 esse

261 528 538 601 ἀνθρώπῳ
566 529 757 597 θέρους
779 527 897 600 ὥρᾳ
944 527 1292 599 μεσημϐρίας
1326 528 1587 600 ἀκριϐοῦς
1615 532 1842 602 ἱσταμέ-

268 640 368 691 νης
400 620 581 675 πεδίον
612 620 819 691 ἔρημόν
850 637 904 674 τι
930 619 1025 673 καὶ
1054 620 1282 691 ἄνυδρον
1329 619 1527 674 διιόντι
1551 639 1565 653 θ
1591 618 1712 678 εἶτα
1739 623 1843 678 ὑπὸ

270 712 475 782 πολλῆς
530 714 623 764 καὶ
676 710 984 780 φλογώδους
1012 710 1114 781 τῆς
1148 710 1309 781 δίψης
1359 712 1500 766 κατὰ
1530 713 1655 767 νοῦν
1686 715 1840 786 αύτῷ

268 805 643 874 ύπογράφοντι
673 804 858 874 πηγήν
877 820 1001 856 τινα
1029 803 1247 874 ψυχρὰν
1273 804 1442 872 ἐγγὺς
1470 804 1639 859 οὖσαν
1668 805 1839 874 γλυκύ

268 914 330 950 τε
390 898 485 950 καὶ
531 895 724 960 διειδὲς
777 895 920 967 ὕδωρ
969 894 1218 966 ἔχουσαν,
1271 897 1368 951 καὶ
1412 897 1578 951 αὐτοῦ
1633 899 1846 965 οὐδενὸς

273 989 551 1058 εἴργοντος
575 985 893 1040 ἀπολαύοντι
935 988 1078 1041 κατά
1110 987 1272 1059 κόρον
1293 1004 1307 1018 ⁸
1330 989 1365 1062 ἢ
1396 989 1668 1062 ἀνθρώπῳ
1692 991 1845 1063 μέλι-

270 1100 364 1145 τος
401 1081 499 1152 μὲν
528 1081 649 1134 οὐδὲ
681 1079 853 1151 βραχὺ
872 1080 1214 1152 γευσαμένῳ,
1240 1081 1448 1152 ἑτέροις
1473 1082 1531 1136 δὲ
1554 1084 1703 1147 ὅπως
1731 1084 1847 1155 ἔχει

273 1173 613 1244 γλυκύτητος
672 1173 1002 1244 πειρωμένῳ
1062 1172 1365 1242 διασαφεῖν.
1420 1174 1666 1228 Τοιοῦτοι
1737 1175 1847 1246 γὰρ

274 1265 514 1338 ἀληθῶς,
544 1267 660 1318 ὅσοι
686 1265 761 1337 μὴ
812 1264 960 1337 ἔργῳ
996 1263 1094 1318 καὶ
1152 1263 1498 1336 πληροφορίᾳ
1542 1267 1608 1335 τῇ
1640 1265 1847 1320 ἑαυτῶν

274 1356 345 1407 τὰ
389 1357 518 1426 περὶ
546 1356 883 1426 τελειότητός
911 1373 974 1410 τε
1003 1355 1100 1409 καὶ
1152 1355 1428 1427 ἀγιασμοῦ
1461 1357 1555 1410 καὶ
1576 1357 1848 1422 ἀπαθείας

278 1447 692 1520 παραλαϐόντες
745 1449 951 1520 ἑτέροις
988 1448 1329 1520 εἰσηγεῖσθαι
1380 1448 1697 1519 βούλονται·
1753 1450 1849 1504 καὶ

276 1542 392 1613 γὰρ
424 1543 473 1595 εί
500 1540 610 1613 δῴη
643 1539 776 1603 Θεὸς
808 1539 1009 1611 μικράν
1037 1556 1160 1593 τινα
1189 1539 1300 1593 τῶν
1325 1540 1456 1611 παρ’
1484 1541 1666 1594 αὐτῶν
1691 1540 1850 1610 λεγο-

282 1638 462 1705 μένων
498 1634 682 1688 λαϐεῖν
721 1632 999 1704 αἴσθησιν,
1055 1633 1293 1686 εἴσονται
1350 1632 1589 1699 πάντως,
1638 1633 1719 1686 ὅτι
1777 1634 1851 1706 μὴ

279 1727 425 1781 κατὰ
453 1726 553 1797 τὴν
588 1726 813 1779 ἐκείνων
847 1725 1154 1795 εἰσήγησιν,
1185 1723 1323 1776 ἀλλά
1351 1723 1532 1796 πολλῷ
1554 1723 1632 1795 τῷ
1663 1724 1852 1793 διαφέο

1943 534 2155 589 similes
2194 534 2434 598 homini,
2466 548 2566 603 per
2606 538 2881 597 azstatem,
2914 527 3146 584 meridie
3184 525 3522 582 calidissimo

1944 624 2263 685 exsistente,
2286 639 2384 694 per
2404 637 2656 692 campum
2686 620 2966 676 desertum
2992 616 3319 686 aridumque
3344 623 3522 669 trans-

1944 717 2133 781 eunti,
2179 724 2345 787 atque
2389 716 2444 769 in
2477 714 2599 778 siti,
2643 728 2753 783 qua
2795 710 2965 767 multa
3008 720 3064 765 et
3104 705 3524 779 ﬂagrantissima

1947 819 2266 879 torquetur,
2314 808 2499 863 animo
2560 807 2666 862 sibi
2724 805 2932 860 fontem
2993 802 3218 875 fingenti
3284 799 3523 879 gelidum

1946 900 2198 971 proxime
2248 898 2508 954 ﬂuentem
2558 912 2754 970 aquam
2802 896 3019 951 dulcem
3067 904 3123 949 et
3169 891 3524 948 cristallinam

1949 992 2263 1056 habentem,
2291 1000 2348 1046 et
2372 1006 2435 1046 ea
2465 1005 2545 1056 se,
2571 988 2640 1043 ad
2669 987 2975 1043 satietatem
3001 1000 3196 1055 usque,
3220 983 3372 1038 nullo
3400 997 3528 1053 pro-

1948 1080 2393 1153 hibente,prolui
2422 1098 2437 1134 :
2469 1088 2565 1135 aut
2596 1078 2805 1135 homini
2830 1077 2948 1148 qui,
3001 1091 3126 1131 cum
3161 1074 3270 1130 mel
3302 1072 3527 1128 omnino

1947 1191 2229 1245 nunquam
2272 1172 2525 1245 gustarit,
2590 1180 2774 1226 tamen
2816 1169 2939 1225 aliis
2975 1168 3259 1224 declarare
3298 1174 3530 1221 conatur

1950 1277 2157 1341 quanta
2197 1266 2270 1323 sit
2302 1266 2423 1336 ejus
2466 1263 2728 1320 suavitas.
2757 1260 2919 1316 Tales
2955 1258 3201 1330 profecto
3240 1264 3370 1312 sunt
3404 1253 3529 1324 qui-

1951 1374 2169 1431 cunque
2199 1373 2259 1414 re
2292 1357 2407 1428 ipsa
2448 1362 2505 1411 et
2534 1354 2731 1409 intimo
2773 1352 2830 1407 in
2873 1367 2931 1407 se
2975 1350 3110 1421 ipsis
3147 1348 3529 1418 experimento

1951 1466 2171 1516 eorum,
2202 1462 2326 1520 quae
2367 1446 2434 1503 ad
2480 1443 2874 1517 perfectionem
2896 1482 2911 1506 ,
2943 1439 3435 1497 sanetiﬁcationem
3474 1441 3532 1491 et

1953 1541 2432 1614 perturbationum
2483 1536 2837 1593 abolitionem
2887 1534 3197 1606 pertinent,
3240 1546 3349 1584 non
3402 1538 3529 1583 ante

1955 1630 2270 1710 praeparati,
2301 1630 2439 1684 alios
2480 1628 2549 1684 de
2592 1627 2681 1681 his
2718 1627 2919 1682 docere
2959 1618 3281 1680 disserendo
3319 1618 3533 1673 volunt.

1959 1726 2178 1781 Etenim
2204 1725 2249 1780 si
2278 1723 2493 1780 dederit
2514 1722 2602 1777 his
2626 1722 2793 1785 Deus,
2814 1727 2876 1774 ut
2897 1717 2985 1774 vel
3010 1714 3268 1786 exiguum
3297 1711 3535 1781 aliquem

285 1836 433 1892 ροντι
468 1792 537 1873 rit
577 1818 682 1888 τῆς
722 1792 989 1886 ἀληθείας
1020 1792 1135 1887 εἶχε
1182 1816 1278 1869 καὶ
1320 1816 1426 1870 τῶν
1485 1792 1849 1888 πραγμάτων.

1977 1832 2191 1881 rerum,
2229 1830 2351 1886 quae
2397 1813 2672 1883 inexperti
2718 1809 3044 1883 praedicant,
3082 1818 3303 1861 sensum
3350 1798 3534 1871 perci-

360 1912 457 1965 ΙΘ’.
490 1910 565 1964 Τὸ
600 1911 700 1982 μὲν
723 1908 1081 1977 Εύαγγέλιον,
1117 1908 1301 1978 φησὶν,
1321 1907 1706 1978 ἀποφαντικῶς
1734 1906 1853 1962 δια-

278 2004 563 2060 κελεύεται
586 2004 763 2057 πάντα
796 1986 1103 2073 ἄνθρωπον,
1126 2001 1244 2053 τόδε
1274 2000 1348 2070 μὴ
1378 2002 1572 2065 ποιεῖν,
1603 1998 1853 2070 ἢποιεῖν,

279 2096 424 2149 ὥστε
462 2096 613 2166 φίλον
647 2093 901 2163 γενέσθαι
932 2094 1009 2165 τῷ
1040 2092 1411 2164 φιλανθρώπῳ
1455 2091 1711 2146 Βασιλεῖ·
1755 2090 1855 2161 Μὴ

281 2187 572 2257 ὀργισθῇς
603 2188 731 2257 γὰρ,
766 2186 921 2256 φησὶ,
943 2185 1030 2254 μὴ
1081 2183 1456 2253 ἐπιθυμήσῃς
1483 2200 1498 2214 ⁸
1524 2182 1635 2237 ἐάν
1662 2183 1755 2249 τίς
1784 2198 1857 2236 σε

275 2280 513 2347 ραπίσῃ
552 2278 639 2341 εις
681 2275 795 2344 τὴν
833 2274 1042 2340 δεξιὰν
1084 2275 1359 2344 σιαγόνα,
1397 2271 1665 2342 στρέψον
1698 2270 1860 2339 αὐτῷ

282 2371 387 2427 καὶ
418 2371 530 2440 τὴν
547 2372 772 2437 ἄλλην.
824 2369 883 2422 Ὀ
905 2369 964 2423 δὲ
1007 2367 1331 2430 Ἀπόστολος
1377 2365 1519 2420 κατά
1562 2366 1698 2419 πόδα
1752 2367 1861 2421 τῶν

282 2466 638 2537 τεταγμένων
670 2463 862 2527 ἐλθὼν,
906 2464 1001 2516 καὶ
1030 2464 1179 2524 ὅπως
1214 2460 1318 2532 χρὴ
1357 2458 1500 2514 κατὰ
1544 2461 1738 2531 μικρὸν
1769 2476 1852 2529 γε·

286 2559 476 2612 νέσθαι
506 2557 567 2610 τὸ
597 2558 695 2627 τῆς
732 2554 1052 2623 καθάρσεως
1085 2552 1267 2623 ἔργον.
1315 2553 1398 2605 ὅτι
1433 2550 1552 2621 μεθ’
1583 2550 1861 2621 ὑπομονῆς

285 2650 388 2703 καὶ
424 2647 829 2720 μακροθυμίας,
859 2643 1194 2698 ὲκπαιδεύει.
1219 2643 1442 2714 Πρῶτον
1473 2642 1570 2711 μὲν
1595 2641 1863 2709 γαλακτο-

283 2740 505 2812 τροφῶν
528 2740 607 2803 ὡς
638 2738 864 2810 νηπίους
899 2754 914 2769 ο
958 2731 1078 2788 εἶτα
1121 2735 1305 2806 φέρων
1332 2733 1411 2796 είς
1446 2732 1673 2804 αὔξησιν
1697 2748 1713 2763 ο
1773 2733 1866 2785 καὶ

284 2831 448 2898 αὖθις
477 2835 557 2896 είς
590 2831 902 2901 τελειότητα
926 2845 941 2860 ο
965 2822 1098 2894 οἷον,
1131 2827 1205 2890 ὡς
1237 2828 1295 2879 ἐν
1321 2825 1728 2896 παραδείγματι
1757 2824 1863 2893 φά-

286 2945 403 2993 ναι,
433 2926 492 2981 tt
526 2926 624 2998 μὲν
657 2923 990 2992 Εύαγγέλιον
1018 2922 1243 2985 τέλειος,
1267 2919 1326 2986 ἐξ
1351 2918 1521 2990 ἐρίου,
1548 2914 1693 2984 εἶπε,
1716 2919 1865 2988 γινέ-

290 3020 411 3074 σθω
441 3016 604 3090 χιτών
636 3034 651 3050 ο
683 3019 712 3071 ό
739 3016 796 3069 δὲ
835 3012 1179 3075 Ἀπόστολος,
1214 3012 1312 3066 καὶ
1339 3008 1456 3074 πῶς
1489 3010 1569 3064 δεῖ
1595 3008 1867 3077 ξαίνεσθαι

290 3110 480 3174 τοῦτο,
515 3106 835 3178 ύφαίνεσθαί
856 3124 915 3160 τε
942 3105 1038 3158 καὶ
1066 3101 1683 3167 κατασκευάζεσθαιτὸν
1702 3101 1866 3172 χιτῶ-

296 3221 367 3257 να
392 3202 572 3265 καλῶς
600 3200 953 3267 διεσάφησεν.
1048 3238 1055 3247 ,

1899 3152 1942 3208 C

1959 1908 2144 1979 piant,
2182 1916 2315 1962 tunc
2346 1904 2566 1961 demum
2603 1903 2748 1958 clare
2781 1901 3119 1972 intelligent,
3150 1895 3439 1951 veritatem
3483 1899 3540 1946 et

1962 2000 2108 2071 ipsas
2147 2012 2234 2052 res
2274 2011 2386 2051 non
2425 1995 2728 2050 secundum
2765 2008 2958 2048 eorum
2989 1988 3410 2060 expositionem,
3442 1981 3539 2039 sed

1960 2091 2134 2146 multo
2163 2089 2322 2144 aliter
2348 2102 2467 2143 sese
2494 2085 2719 2141 habere.

2033 2181 2177 2237 XIX.
2208 2178 2566 2249 Evangelium
2608 2177 2831 2247 quidem
2869 2174 3075 2230 diserte
3116 2169 3363 2243 praecipit
3391 2164 3542 2222 omni

1961 2271 2206 2337 homini,
2234 2271 2341 2326 hoc
2369 2284 2479 2323 non
2506 2283 2697 2341 agere,
2726 2268 2832 2324 hoc
2860 2280 3046 2337 agere,
3094 2262 3139 2318 si
3168 2261 3303 2316 velit
3331 2258 3544 2314 amicus

1963 2369 2083 2424 fieri
2109 2367 2346 2423 amantis
2358 2366 2611 2421 homines
2633 2364 2819 2434 Regis.
2841 2362 2932 2417 Ait
2953 2361 3097 2416 enim
3131 2376 3146 2413 :
3171 2357 3249 2412 Ne
3271 2354 3544 2422 irascaris,

1964 2477 2029 2515 ne
2063 2460 2399 2531 concupiscas
2442 2474 2460 2513 :
2501 2459 2547 2511 si
2585 2458 2699 2528 quis
2743 2464 2792 2509 te
2832 2451 3143 2525 percusserit
3182 2451 3237 2503 in
3276 2446 3547 2501 dexteram

1966 2551 2265 2615 maxillam,
2296 2550 2466 2621 praebe
2488 2548 2569 2603 illi
2602 2556 2649 2601 et
2678 2544 2985 2601 alterunt”.
3014 2542 3082 2597 At
3110 2539 3405 2611 Apostolus
3429 2536 3545 2590 dis-

1966 2645 2134 2699 tincte
2177 2658 2240 2697 ac
2278 2639 2588 2695 minutatim
2625 2651 2930 2707 exsequens
2962 2641 3148 2705 partes
3184 2629 3425 2701 singulas
3455 2642 3545 2682 re-

1968 2750 2090 2791 rum
2120 2742 2538 2804 praeceptarum,
2562 2744 2667 2799 qua
2698 2728 2902 2783 sensim
2934 2724 3145 2779 ratione
3174 2717 3547 2776 administrari

1970 2832 2225 2897 oporteat
2254 2820 2597 2894 purgationis
2630 2835 2797 2891 opus,
2831 2833 2955 2872 cum
2986 2814 3253 2887 patientia
3286 2811 3548 2867 nimirum

1974 2918 2135 2988 196
2183 2925 2238 2971 et
2283 2913 2727 2986 longanimitate,
2771 2910 2986 2965 edocet.
3033 2906 3275 2962 Primum
3327 2901 3550 2973 quidem

1970 3012 2114 3065 lacte
2152 3022 2412 3079 pascens,
2452 3014 2509 3059 ut
2550 3002 2822 3067 infantes;
2875 2999 3074 3055 deinde
3124 3010 3454 3068 promovens
3498 2993 3556 3048 in

1974 3108 2355 3173 augmentum,
2380 3106 2661 3168 postremo
2693 3094 2761 3148 ad
2793 3091 3185 3164 perfectionem
3224 3086 3554 3158 perducens.

1974 3192 2154 3262 Atque
2182 3199 2245 3245 ut
2271 3191 2327 3244 in
2353 3187 2605 3258 exemplo
2632 3202 2749 3243 rem
2778 3197 3119 3254 exponamus
3153 3199 3165 3235 :
3199 3177 3556 3250 Evangelium

293 3295 525 3365 quidem
572 3292 868 3364 perfectam
901 3306 967 3346 ex
1029 3289 1153 3343 lana
1206 3283 1455 3342 exhiberi
1517 3282 1759 3338 tunicam
1795 3283 2047 3349 mandat;
2076 3282 2372 3353 Apostolus
2422 3288 2604 3335 autem
2658 3278 2917 3333 distincte
2950 3276 3175 3344 insuper
3223 3270 3419 3334 tradit,
3452 3281 3561 3339 qua

294 3388 563 3446 methodo
608 3384 935 3458 pectendum
999 3382 1094 3446 sit,
1159 3396 1268 3451 qua
1314 3379 1444 3434 inde
1494 3376 1765 3433 texendus
1808 3384 1928 3433 arte
1982 3393 2232 3448 pannus,
2290 3386 2347 3432 et
2393 3373 2673 3445 quomodo
2728 3373 2785 3428 in
2834 3370 3077 3426 tunicam
3127 3367 3175 3423 is
3225 3366 3296 3422 sit
3339 3378 3562 3436 praepa—

298 3486 530 3540 randus.

377 3575 463 3630 K'.
490 3574 609 3628 Είσί
647 3590 795 3636 τινες
845 3572 1103 3642 πορνείας
1140 3571 1238 3642 μὲν
1260 3569 1358 3638 τῆς
1392 3564 1748 3637 φαινομένης,
1784 3563 1880 3617 καὶ

301 3672 537 3741 κλοπῆς,
559 3668 653 3723 καὶ
684 3666 1019 3732 πλεονεξίας,
1059 3666 1153 3718 καὶ
1181 3664 1291 3717 τῶν
1309 3662 1511 3733 ὁμοίων
1552 3659 1882 3728 ἀπεχόμενοι

307 3768 623 3841 μοχθηρῶνο
651 3764 746 3819 καὶ
776 3763 917 3816 κατὰ
946 3761 1103 3815 τοῦτο
1132 3760 1359 3821 ἑαυτοὺς
1389 3756 1737 3827 ὲκκρίνοντες
1766 3754 1881 3815 τοῖς

300 3861 523 3929 ἁγίοις·
564 3856 762 3911 πολλοῦ
811 3855 868 3908 δὲ
907 3854 1089 3907 δέουσι
1116 3852 1224 3905 τῶν
1250 3850 1595 3922 πραγμάτων
1638 3845 1883 3916 γίνεσθαι

303 3956 408 4009 καὶ
452 3954 547 4024 τῆς
599 3950 875 4020 ἀληθείας.
923 3948 1180 4016 Οἱκουρεῖ
1213 3945 1323 4016 γὰρ
1366 3945 1424 3998 έν
1458 3942 1536 4013 τῷ
1572 3941 1648 4012 νῷ
1676 3939 1884 3993 τούτων

303 4053 347 4122 ἡ
380 4048 549 4103 κακία
577 4046 858 4107 πολλάκις,
891 4042 956 4113 ζῇ
991 4057 1050 4093 τε
1088 4038 1182 4092 καὶ
1227 4038 1407 4107 ἕρπει,
1438 4035 1533 4089 καὶ
1564 4034 1721 4087 οὔπω
1754 4033 1885 4085 ἀπο-

304 4140 549 4195 λιποῦσα
586 4138 809 4200 τούτους
834 4134 1025 4207 ᾤχετο.
1065 4132 1258 4200 Ἀγιος
1291 4130 1347 4183 δέ
1376 4129 1524 4181 ἐστιν
1551 4129 1576 4181 ὁ
1607 4124 1889 4194 ἁγιασθεὶς

308 4236 410 4289 καὶ
455 4233 546 4286 τὸν
593 4231 701 4284 ἔσω
736 4229 919 4282 τέλεον
974 4223 1364 4295 διακαθαρθεὶς
1412 4218 1743 4289 ἄνθρωπον·
1795 4215 1894 4270 καλ⁸

306 4326 427 4397 γάρ
458 4342 539 4388 τις
580 4324 689 4375 τῶν
743 4319 987 4389 ἀδελφῶν
1025 4318 1273 4386 ἀδελφοῖς
1334 4331 1445 4367 τισι
1506 4310 1895 4380 συνευχόμενος

308 4385 457 4490 4:93;;
656 4414 805 4477 θείας
886 4385 1349 4484 -ὲξῃχμαλωτίσθη
1428 4405 1746 4473 δυνάμεως,
1804 4401 1900 4453 καὶ
1930 4385 2027 4441 DS

310 4511 589 4581 ἁρπαγεὶς
647 4504 754 4561 εἶδε
811 4504 909 4577 τὴν
961 4505 1075 4560 ἄνω
1132 4502 1286 4555 πόλιν
1355 4495 1746 4571 Ἰερουσαλὴμ,
1802 4491 1898 4546 καὶ

308 4606 419 4669 τὰς
455 4604 573 4657 ἐκεῖ
617 4599 885 4672 φωτεινὰς
946 4597 1145 4659 οἰκίας,
1196 4594 1292 4650 καὶ
1349 4592 1466 4663 φῶς
1523 4589 1751 4659 ἄπειρον
1802 4584 1897 4637 καὶ

312 4696 654 4768 ἀπόρρητον.
707 4691 947 4745 ’Ἡκουσέ
997 4706 1056 4742 τε
1114 4688 1298 4758 φωνῆς
1364 4681 1653 4753 λεγούσης,

316 4787 467 4846 εἶναι
492 4789 580 4842 τὸν
604 4786 767 4840 τόπον
801 4785 900 4853 τῆς
944 4782 1053 4835 τῶν
1084 4779 1310 4835 δικαίων
1340 4773 1731 4835 ἀναπαύσεως·

314 4881 621 4952 φυσιωθεὶς
659 4879 752 4931 καὶ
798 4875 1009 4947 μεγάλα
1061 4873 1190 4944 περὶ
1236 4868 1429 4924 ἑαυτοῦ
1482 4864 1686 4935 οἰηθεὶς
1748 4861 1905 4933 βαθεῖ

316 4974 631 5036 κατέπεσεν
655 4968 919 5040 ἁμαρτίᾳ,
952 4966 1045 5019 καὶ
1104 4964 1318 5025 πολλοῖς
1354 4960 1584 5030 ὕστερον
1617 4956 1759 5010 ἑάλω
1798 4970 1902 5007 κα-

321 5067 467 5127 κοῖς.
502 5063 561 5114 Εἰ
594 5056 686 5114 οὖν
717 5052 871 5119 οὗτος
920 5054 1117 5118 οὕτως,
1158 5053 1274 5117 πῶς
1304 5068 1369 5120 γε
1401 5050 1481 5120 τῷ
1509 5046 1726 5117 τυχόντι
1747 5036 1931 5098 δυναέ

320 5155 419 5210 τὸν
449 5151 741 5222 λέγειν,ὼς
781 5150 933 5203 Ἐπεὶ
965 5145 1232 5218 νηστεύω,
1279 5144 1374 5196 καὶ
1422 5138 1699 5208 ξενιτεύω,
1727 5134 1909 5206 ψωμί-

324 5251 411 5314 ζω
436 5266 497 5301 τε
527 5248 594 5301 τὰ
617 5247 956 5317 ὑπάρχοντα,
989 5244 1084 5295 καὶ
1114 5239 1221 5293 ἀπὸ
1242 5237 1349 5299 τῶν
1372 5232 1677 5305 εἰρημένων
1704 5228 1908 5298 ἐφυλα-

330 5342 520 5411 ξάμην
547 5339 754 5401 κακῶν,
783 5322 937 5391 οὐδέν
967 5336 1085 5387 ἐστι
1122 5330 1182 5384 τὸ
1219 5327 1541 5396 λειπόμενον
1576 5324 1731 5390 ἅγιον
1764 5318 1910 5389 κάμὲ

325 5407 515 5499 εἶναις
544 5431 654 5484 Καὶ
677 5431 786 5502 γὰρ
811 5429 910 5498 οὐχ
943 5428 976 5497 ἡ
1002 5424 1112 5477 τῶν
1139 5418 1483 5492 φαινομένων
1511 5415 1700 5469 κακῶν
1732 5407 1912 5480 ἀποχὴ

326 5524 616 5587 τελείωσίς
646 5526 813 5588 ἐστιν,
872 5520 1062 5591 ῶσπερ
1100 5516 1336 5588 εἴρηται,
1362 5510 1476 5565 ἀλλ’
1518 5510 1553 5580 ἠ
1602 5504 1743 5561 κατά
1784 5504 1914 5558 διὰ-

329 5632 489 5673 νοιαν
520 5612 809 5684 κάθαρσις,
844 5610 984 5682 αὕτη
1009 5606 1211 5662 τελεία.

1711 4676 1899 4730 τοῦτον

1781 4763 1901 4822 εἶτα

410 5782 453 5809 ³⁵
476 5776 666 5831 Matth.
689 5791 741 5840 ι’,
764 5773 851 5829 59.

2050 3558 2171 3614 XX.
2208 3557 2350 3614 Sunt
2386 3554 2611 3626 quidam
2651 3568 2682 3607 a
2722 3550 3087 3607 fornicatione
3129 3549 3352 3620 quidem
3395 3564 3563 3619 appa-

1983 3659 2160 3714 rente,
2190 3664 2219 3701 a
2251 3647 2419 3709 furto,
2446 3644 2514 3699 ab
2546 3642 2775 3698 avaritia
2805 3640 3191 3709 similibusque
3223 3638 3567 3693 abstinentes

1984 3740 2229 3803 delictis;
2259 3753 2322 3792 ac
2348 3743 2639 3807 propterea
2669 3748 2727 3788 se
2758 3732 2907 3803 ipsos
2938 3739 3293 3786 accensentes
3328 3728 3565 3795 sanctis;

1985 3846 2015 3885 a
2056 3829 2212 3898 cujus
2250 3836 2434 3881 tamen
2463 3825 2695 3879 veritate
2734 3819 3120 3891 appellationis
3162 3819 3325 3889 longo
3369 3817 3571 3872 absunt

1992 3918 2305 3975 intervallo.
2334 3916 2555 3970 Habitat
2578 3914 2726 3969 enim
2758 3914 2815 3967 in
2840 3920 3025 3967 mente
3054 3924 3119 3964 ac
3146 3908 3402 3963 sensibus
3426 3907 3574 3977 ipso-

1992 4026 2117 4067 rum
2147 4008 2357 4063 malitia
2386 4021 2560 4076 saepe;
2591 4004 2731 4059 vivit
2756 4010 2812 4058 et
2837 4003 3030 4072 serpit,
3051 3999 3287 4055 necdum
3318 3999 3386 4052 iis
3413 3998 3572 4068 plane

1996 4098 2203 4157 relictis
2226 4097 2375 4153 foras
2400 4094 2667 4166 profecta.
2693 4092 2929 4149 Sanctus
2956 4104 3120 4161 porro
3150 4089 3195 4144 is
3222 4088 3444 4143 demum
3468 4093 3571 4152 est,

1997 4197 2092 4268 qui
2128 4202 2214 4249 est
2246 4190 2619 4249 sanetificatus
2650 4197 2707 4244 et
2740 4186 3056 4241 interiorem
3092 4182 3332 4254 perfecte
3369 4195 3573 4250 purga-

2003 4303 2117 4347 tum
2157 4289 2325 4345 habet
2361 4284 2661 4341 hominem.
2689 4280 2903 4336 Etenim
2941 4277 3140 4346 aliquis
3179 4275 3434 4337 fratrum,
3466 4285 3576 4325 una

2032 4383 2166 4438 imul
2209 4395 2334 4436 cum
2376 4376 2498 4431 aliis
2540 4371 2868 4445 quibusdam
2898 4367 3160 4423 fratribus
3194 4380 3358 4419 orans
3390 4362 3576 4417 divina

1998 4474 2307 4544 eaptivatus
2337 4470 2420 4533 vi,
2449 4476 2504 4522 et
2542 4474 2762 4536 raptus,
2788 4461 2928 4516 vidit
2967 4470 3260 4529 supernam
3300 4452 3575 4509 civitatem

1995 4564 2332 4626 Jerusalem,
2367 4568 2425 4616 et
2470 4557 2715 4621 lucidas,
2750 4568 2872 4624 quae
2918 4550 3032 4604 illic
3077 4556 3233 4613 sunt,
3268 4545 3489 4607 domos,
3522 4549 3580 4595 et

1999 4659 2178 4711 lucem
2209 4655 2533 4708 immensam
2562 4658 2725 4718 atque
2752 4641 3110 4699 ineffabilem.
3139 4636 3331 4693 Audiit
3362 4647 3581 4706 quoque

2000 4764 2192 4804 vocem
2236 4746 2507 4801 dicentem
2555 4761 2568 4796 :
2610 4741 2762 4795 hunc
2799 4752 2919 4792 esse
2961 4735 3143 4789 locum
3182 4730 3460 4802 iustorum
3491 4741 3582 4781 re-

2001 4840 2186 4907 quiei;
2218 4834 2676 4901 deinde,inﬂatus
2709 4838 2764 4886 ct
2796 4844 2989 4899 magna
3022 4825 3090 4881 de
3125 4839 3182 4879 se
3215 4834 3583 4893 praesumens,

2005 4937 2060 4990 in
2095 4948 2259 5004 grave
2296 4928 2489 4985 incidit
2520 4932 2836 4996 peceatum,
2865 4931 2923 4977 et
2956 4918 3143 4973 multis
3184 4918 3587 4983 consequenter

2006 5025 2320 5097 implicatus
2363 5030 2449 5077 est
2495 5018 2672 5074 malis.
2712 5015 2771 5070 Si
2816 5030 2948 5085 ergo
2990 5011 3082 5066 hic
3128 5009 3203 5064 ita
3246 5007 3434 5077 lapsus
3478 5012 3583 5068 est,

2006 5094 2285 5189 quomodo
2325 5111 2532 5183 poterit
2563 5124 2594 5164 e
2625 5108 2792 5178 vulgo
2828 5102 3027 5173 aliquis
3062 5100 3249 5155 dicere
3284 5094 3587 5162 :Quando-

2008 5209 2232 5282 quidem
2258 5207 2471 5280 jejuno,
2500 5211 2556 5258 et
2587 5213 2816 5273 peregre
2846 5196 3007 5266 dego,
3038 5200 3094 5247 et
3123 5189 3412 5246 facultates
3441 5200 3591 5239 meas

2009 5280 2341 5373 dispertior;
2384 5304 2759 5371 praetereaque
2793 5305 2823 5344 a
2858 5302 3026 5358 supra
3060 5280 3376 5339 memoratis
3409 5285 3593 5334 custo-

2012 5371 2126 5453 divi
2153 5408 2241 5448 me
2270 5391 2450 5455 malis,
2478 5385 2614 5441 nihil
2646 5380 2892 5453 profecto
2923 5378 3077 5433 deest
3132 5371 3431 5444 quominus
3491 5381 3592 5436 ego

2012 5500 2234 5562 quoque
2268 5490 2495 5539 sanctus
2527 5477 2664 5533 sim?
2701 5472 2918 5529 Etenim
2953 5485 3065 5524 non
3099 5467 3167 5522 ab
3203 5461 3595 5536 apparentibus

2016 5549 2174 5634 malis
2200 5570 2557 5636 abstinentia,
2580 5575 2666 5624 est
2692 5561 2984 5636 perfectio,
3012 5559 3091 5614 uti
3121 5557 3329 5613 dictum
3354 5560 3437 5609 est
3455 5592 3470 5617 ,
3501 5549 3591 5605 sed

2020 5668 2220 5727 mentis
2249 5662 2532 5737 purgatio,
2561 5674 2734 5729 caque
2766 5652 3026 5727 perfecta.
