4044 6568
532 317 633 379 967

1798 319 1860 379 S.
1898 317 2116 377 MACAI

2219 318 2222 375 ἶ
2264 316 2589 377 ίΕϐΥΡΤΙΙ
3682 317 3770 379 908

602 427 745 483 XXI.
779 426 905 483 ila’c
934 428 1028 499 qui
1062 436 1308 500 reputas,
1332 428 1644 502 ingredere,
1675 428 1784 495 aio,
1810 444 1910 499 per
1938 437 2115 483 atten-

2288 429 2420 481 KA'.
2480 426 2726 493 Ετσελθε,
2778 425 2967 496 φησὶν,
3013 423 3236 480 ὁταῦτα
3275 424 3672 496 ὑπολαμϐάνων
3697 429 3770 481 ἰωὰ

534 536 642 583 tam
694 523 751 577 in
803 522 1163 594 cogitationes
1215 533 1339 579 tuas
1386 522 1662 594 vigiliam,
1702 521 1922 592 penitus
1973 520 2114 577 intra

532 615 801 686 captivam
834 623 981 669 tuam
1017 623 1073 669 et
1102 629 1315 669 servam
1351 613 1563 683 peccati
1595 621 1867 676 mentem;
1903 620 1959 667 et
1987 611 2115 666 vide

532 707 687 761 illum
731 706 915 761 adhuc
958 705 1099 760 infra
1136 705 1497 775 cogitationes
1533 702 1677 773 ipsas
1712 702 1767 757 in
1801 701 1961 765 imis,
1993 718 2116 771 qua:

533 797 816 862 dicuntur,
846 796 1044 851 anima:
1082 795 1456 866 penetralibus
1499 803 1605 850 tua:
1644 794 1984 849 nidulantem
2017 810 2114 848 an-

534 904 719 960 guem,
752 887 1286 956 interﬁcientemque
1332 894 1385 940 te
1426 899 1529 940 suo
1569 884 1878 940 inﬁciendis
1905 900 2117 941 veneno

534 983 820 1052 primariis
848 983 1044 1037 animae
1075 990 1182 1036 tua:
1208 980 1496 1036 membris.
1524 981 1765 1052 Abyssus
1806 981 1953 1036 enim
1988 995 2118 1037 vere

539 1074 915 1130 incrustabilis
962 1089 1057 1129 cor
1101 1083 1206 1129 est.
1256 1073 1313 1129 Si
1369 1090 1501 1145 ergo
1554 1074 1703 1129 hunc
1751 1072 2032 1138 occidisti,
2070 1075 2117 1131 si

544 1176 810 1235 quantum
842 1172 960 1220 erat
986 1165 1128 1220 in-te
1157 1164 1484 1234 iniquitatis,
1508 1173 1682 1219 totum
1706 1162 2038 1235 expurgasti,
2062 1170 2119 1217 et

540 1264 829 1325 peccatum
870 1255 1105 1327 eiecisti,
1132 1256 1370 1327 gloriare
1401 1254 1457 1310 in
1486 1258 1598 1312 Deo
1624 1256 1692 1311 de
1730 1254 1989 1325 puritate.
2019 1254 2117 1309 Sin

538 1348 743 1413 minus,
797 1349 1141 1414 humiliatus,
1172 1350 1251 1404 uti
1288 1364 1495 1420 egenus
1533 1358 1589 1404 et
1624 1356 1878 1418 peccator
1912 1347 2114 1412 adhuc,

538 1439 742 1495 accede
772 1440 840 1494 ad
867 1439 1168 1505 Christum,
1198 1454 1299 1509 pro
1329 1439 1561 1494 occultis
1592 1438 1701 1493 tuis
1727 1453 1909 1492 orans.
1937 1437 2120 1507 Appa-

2218 520 2319 590 τῆς
2354 519 2464 573 τῶν
2506 518 2783 590 λογισμῶν
2815 536 2909 572 σου
2944 517 3266 581 ὲπιστασίας
3305 518 3443 589 πρὸς
3470 518 3561 571 τὸν
3590 521 3773 588 αἰχμὰ-

2220 610 2386 665 λωτόν
2435 629 2528 664 σου
2561 611 2659 665 καὶ
2710 609 2900 664 δοῦλον
2953 611 3055 681 τῆς
3103 610 3377 681 ἁμαρτίας
3419 609 3565 674 νοῦν,
3597 612 3685 664 καὶ
3709 614 3770 664 ἴδε

2217 703 2309 759 τὸν
2350 704 2431 756 ἔτι
2476 702 2667 756 τούτου
2714 701 3027 772 κατώτερον
3078 702 3171 754 καὶ
3212 700 3507 771 βαθύτερόν
3555 719 3646 754 σου
3681 704 3773 755 τῶν

2219 794 2519 865 λογισμῶν,
2563 794 2654 847 τὸν
2684 794 2764 858 εις
2801 795 2869 847 τὰ
2917 793 3186 863 λεγόμενα
3218 791 3319 860 τῆς
3348 791 3529 861 ψυχῆς
3578 808 3670 843 σου
3696 810 3773 844 τει-

2223 889 2374 960 μιεῖα
2404 884 2791 956 ὲμφωλεύοντα
2814 884 2961 954 ὅφιν,
2992 884 3086 937 καὶ
3120 882 3450 953 ἀναιροῦντα
3484 900 3545 936 σε
3578 884 3662 937 διὰ
3686 887 3775 937 τῶν

2222 978 2604 1051 καιριωτάτων
2654 978 2755 1048 τῆς
2792 976 2975 1049 ψυχῆς
3024 994 3118 1031 σου
3152 976 3348 1048 μελῶν.
3394 977 3658 1041 ’Δὸυσσος
3685 981 3775 1050 γὰρ

2221 1073 2602 1143 ἀκατάληπτος
2636 1070 2854 1141 ἀληθῶς
2892 1072 2924 1141 ἠ
2959 1070 3179 1140 καρδία.
3214 1069 3279 1124 Ei
3315 1069 3409 1124 οὖν
3436 1068 3627 1123 τοῦτον
3654 1072 3777 1123 ἀνεῖ-

2220 1165 2334 1230 λες,
2364 1167 2413 1218 εί
2442 1164 2540 1235 τὴν
2584 1162 2814 1233 ἀνομίαν
2852 1162 2951 1231 τὴν
3007 1164 3066 1214 ὲν
3112 1161 3196 1215 σοὶ
3225 1163 3405 1215 πᾶσαν
3433 1160 3775 1231 ὲξεκάθηρας,

2220 1257 2317 1310 καὶ
2350 1255 2451 1326 τὴν
2480 1253 2757 1325 ἁμαρτίαν
2784 1252 3149 1322 ἐκϐέϐληκας,
3172 1251 3451 1322 καύχησαι
3473 1254 3608 1321 περὶ
3627 1254 3779 1307 m6:-

2222 1349 2446 1420 ρότητος
2464 1348 2520 1399 ὲν
2544 1345 2685 1415 Θεῷ.
2711 1345 2773 1399 Εἰ
2795 1344 2841 1397 δ’
2859 1339 2952 1399 οὖν
2977 1343 3115 1398 ἀλλά
3130 1346 3487 1408 ταπεινωθεὶς
3514 1346 3593 1408 ὡς
3617 1346 3780 1414 ἐνδεής

2217 1457 2279 1493 τε
2317 1442 2409 1493 καὶ
2440 1439 2760 1509 ἁμαρτωλὸς
2786 1438 2887 1503 ἔτι,
2928 1437 3194 1509 πρόσελθε
3230 1439 3369 1509 ὑπὲρ
3406 1438 3522 1492 τῶν
3554 1440 3779 1508 κρυφίων

540 1540 625 1587 ret
648 1532 797 1587 enim
829 1533 1143 1588 universam
1179 1541 1288 1588 tam
1312 1533 1518 1588 veteris
1543 1547 1706 1603 quam
1736 1532 1865 1586 novi
1892 1531 2116 1587 {dederis

2221 1550 2315 1585 σου
2345 1533 2596 1600 δεόμενος
2624 1529 2720 1584 τοῦ
2744 1530 2982 1600 Χριστοῦ
3003 1548 3017 1562 ο
3050 1532 3198 1584 πᾶσα
3217 1530 3327 1601 γὰρ
3352 1530 3564 1584 παλαιὰ
3581 1531 3672 1583 καὶ
3701 1532 3781 1583 νέα

539 1625 883 1695 Scripturam
907 1625 975 1680 ad
1006 1626 1301 1695 puritatem
1330 1624 1607 1695 praecipue
1634 1623 1831 1680 referri
1862 1640 1875 1678 :
1908 1625 2116 1695 quippe

2219 1623 2410 1694 Γραφὴ
2438 1623 2567 1690 περὶ
2604 1621 2975 1695 καθαρότητος
3001 1622 3254 1691 φαίνεται
3279 1622 3673 1692 διαλεγομένη,
3703 1624 3782 1675 καὶ

536 1734 662 1774 cum
688 1720 837 1776 omni
868 1720 1099 1787 homini,
1141 1730 1250 1775 tam
1294 1719 1483 1776 Iudaeo
1513 1736 1678 1790 quam
1706 1720 1917 1784 Graeco,
1945 1719 2113 1789 inpri-

2220 1713 2383 1765 παντὶ
2406 1710 2680 1781 ἀνθρώπῳ
2714 1710 2809 1764 καὶ
2850 1711 3091 1779 Ἰουδαίῳ
3127 1711 3224 1764 καὶ
3255 1711 3485 1782 Ἕλληνι
3518 1712 3781 1781 ὲπέραστα

536 1808 640 1864 mis
674 1810 989 1879 expetibilis
1031 1810 1245 1881 puritas
1275 1811 1375 1877 sit;
1409 1826 1724 1881 quanquam
1753 1810 1946 1866 eadem
1978 1826 2115 1865 cun-

2219 1806 2282 1859 τὰ
2306 1807 2405 1875 τῆς
2434 1804 2824 1876 καθαρότητος,
2856 1804 2962 1858 κᾶν
2990 1802 3068 1876 μὴ
3123 1804 3291 1858 πάσιν
3322 1804 3571 1875 ἀνύσιμα
3596 1821 3608 1833 ·
3642 1804 3781 1872 γενέ-

534 1899 640 1954 ctis
669 1900 816 1956 haud
848 1901 987 1956 adeo
1020 1902 1223 1972 adeptu
1254 1902 1462 1969 facilis;
1494 1904 1807 1973 pertingere
1830 1911 2011 1957 autem
2042 1903 2110 1959 ad

2219 1898 2342 1951 σθαι
2381 1897 2438 1950 δὲ
2477 1896 2655 1964 τοῦτο,
2690 1898 2789 1968 τὴν
2828 1897 2927 1968 τῆς
2952 1896 3180 1967 καρδίας
3228 1898 3372 1967 φημὶ
3424 1898 3780 1969 καθαρότητα,

537 1989 696 2044 istam
722 1991 908 2047 cordis
933 1992 1285 2059 munditiam,
1311 1994 1400 2048 aio
1446 1993 1723 2048 neminem
1751 1994 1911 2049 aliter
1954 2009 2116 2063 quam

2219 1991 2275 2043 οὐ
2307 1989 2532 2043 δυνατὸν
2562 1989 2759 2052 ἄλλως,
2793 1988 2874 2042 ὅτι
2902 1989 2979 2059 μὴ
3016 1989 3105 2042 διὰ
3162 1988 3339 2059 Ἰησοῦ
3377 1988 3547 2058 μόνου
3587 2006 3604 2021 ·
3636 1988 3781 2052 αὐτὸς

536 2096 636 2150 per
676 2082 864 2137 Iesum
910 2083 1090 2138 solum
1142 2100 1326 2154 posse.
1376 2084 1495 2154 Ipse
1541 2085 1688 2140 enim
1744 2085 2116 2142 substantialis

2219 2083 2328 2153 γὰρ
2360 2084 2393 2154 ή
2424 2082 2789 2146 ὲνυπόστατός
2829 2100 2892 2135 τε
2917 2083 3011 2135 καὶ
3030 2081 3201 2146 ὅντως
3241 2081 3479 2152 ἀλήθεια
3503 2096 3518 2109 ·
3548 2082 3644 2135 καὶ
3676 2082 3784 2150 δίχα

534 2186 667 2227 vere
698 2173 899 2228 veritas
933 2182 1053 2241 est;
1090 2175 1299 2244 absque
1333 2175 1481 2244 quali
1514 2176 1746 2230 veritate
1780 2175 2116 2245 impossibile

2219 2174 2421 2245 ταύτης
2447 2178 2546 2246 τῆς
2586 2174 2848 2246 ἀληθείας
2880 2173 3238 2246 ἀμήχανον,ἤ
3268 2174 3539 2246 ἀλήθειαν
3580 2174 3782 2243 γνῶναι,

536 2272 643 2331 est,
672 2273 768 2320 aut
798 2281 962 2322 nosse
988 2266 1298 2334 veritatem,
1323 2276 1419 2322 aut
1447 2267 1680 2324 salutem
1714 2268 1954 2338 assequi.

2219 2268 2248 2342 ἦ
2283 2268 2557 2339 σωτηρίας
2574 2268 2874 2340 ἑπιτυχεῖν.

693 2604 1879 2783 ΜΑΚΑΡΙΟΥ
1990 2602 2432 2777 ΤΟΥ
2557 2605 3668 2783 MEI‘AAOY

1626 2888 1987 3047 ΠΕΡΙ
2093 2888 2727 3004 ΑΓΑΠΗΣ

2041 3108 2283 3165 ΛΟΓΟΣ.

1002 3476 2187 3643 m7MAGARII
2406 3486 3161 3645 MAGNI

1655 3804 1818 3907 DE
1932 3800 2664 3909 CHARITATE

2064 4010 2290 4065 LIBER.

607 4341 647 4397 l.
677 4341 829 4399 Sicut
874 4344 928 4400 in
972 4344 1123 4402 hisce
1162 4348 1575 4417 apparentibus,
1596 4349 1861 4405 exteriori
1906 4349 2115 4404 homini

2292 4351 2589 4421 Α’.⁶Ὠσπερ
2615 4351 2672 4403 ὲν
2687 4350 2797 4413 τοῖς
2826 4348 3171 4418 φαινομένοις
3192 4346 3405 4411 τούτοις
3428 4347 3511 4417 τῷ
3528 4347 3679 4411 ἐκτὸς
3694 4348 3780 4399 ἀπε

535 4437 888 4502 renuntiasti,
928 4440 1164 4509 erogasti
1199 4447 1257 4494 et
1288 4439 1622 4497 distribuisti
1652 4458 1742 4497 res
1776 4452 1926 4509 tuas;
1957 4444 2037 4498 sic
2062 4452 2116 4498 et

2219 4445 2392 4510 ετάξω
2426 4442 2719 4514 ἀνθρώπῳ,
2753 4440 3038 4511 ἐψώμισάς
3070 4458 3129 4494 τε
3157 4440 3227 4493 τὰ
3266 4441 3394 4494 ὄντα
3433 4443 3533 4495 καὶ
3576 4441 3783 4509 διεσκόρ-

535 4529 855 4583 renuntiare
892 4540 945 4585 te
984 4547 1094 4601 prae
1138 4532 1598 4602 occupationibus
1630 4535 1813 4603 pravis
1842 4535 1989 4590 circa
2028 4551 2116 4591 res

2219 4552 2406 4598 πισας,
2434 4530 2605 4595 οὕτως
2628 4529 3027 4594 ιάποτάξασθαί
3063 4546 3123 4581 σε
3162 4531 3282 4592 ταῖς
3340 4529 3453 4582 τῶν
3485 4530 3637 4600 ἠθῶν
3673 4547 3784 4600 πρην-

532 4634 749 4673 morum
782 4628 999 4690 oportet
1030 4638 1044 4676 :
1078 4629 1134 4676 et
1163 4623 1210 4677 si
1265 4624 1592 4693 sapientiam
1638 4624 1882 4680 didicisti
1924 4642 2116 4681 carna-

2219 4627 2409 4699 λήψεσι
2442 4626 2570 4698 χρὴ,
2602 4624 2698 4679 καὶ⁸
2724 4625 2773 4677 εί
2798 4625 2992 4693 σοφίαν
3020 4622 3221 4693 ἔμαθες
3240 4624 3515 4696 σαρκικὴν
3546 4627 3578 4695 ἦ
3609 4626 3780 4693 γνῶσιν

532 4712 661 4779 lem,
696 4721 793 4767 aut
842 4704 1213 4784 cognitionem
1241 4730 1300 4770 es
1348 4716 1585 4786 adeptus
1636 4719 2009 4789 negotiorum,
2058 4729 2114 4775 et

2219 4720 2595 4793 πραγμάτων,
2627 4718 2863 4790 ἄρνησαι
2888 4715 3097 4787 ταύτην
3126 4735 3139 4747 -
3164 4716 3212 4768 sl
3240 4716 3586 4788 δικαιώμασι
3618 4718 3783 4771 πέποι-

530 4800 673 4855 hanc
705 4800 920 4857 abdica.
969 4801 1025 4857 Si
1051 4802 1545 4873 justifieationibus
1586 4806 1907 4862 carnalibus
1944 4807 2112 4862 conﬁ-

2219 4812 2314 4875 θας
2338 4808 2917 4882 σαρκικοῖς,ἀπόστηθι
2938 4808 3449 4875 τούτων,ταπεινῶν
3474 4815 3690 4862 σεαυτὸν
3707 4810 3781 4859 καὶ

529 4891 641 4960 dis,
671 4893 740 4948 ab
784 4894 871 4950 his
896 4910 1114 4966 quoque
1139 4896 1366 4964 absiste,
1400 4898 1698 4955 bumilians
1745 4909 1796 4955 te
1840 4901 2017 4971 ipsum
2057 4911 2114 4955 et

2219 4902 2687 4973 κατασμικρύνων.
2737 4899 2895 4955 Οὕτω
2922 4900 3032 4972 γὰρ
3076 4903 3169 4955 καὶ⁵
3195 4901 3403 4975 δυνήσῃ
3443 4902 3519 4971 τῇ
3564 4902 3667 4955 τοῦ
3695 4919 3781 4965 zm-

528 4983 583 5039 in
611 5001 841 5055 parvum
870 4988 1225 5044 contrahens.
1266 4989 1357 5045 Sic
1387 4991 1533 5045 enim
1575 4991 1805 5047 stultitia
1847 4994 2113 5065 praedica-

2219 4995 2508 5063 ρύγματος
2544 4993 2735 5064 μωρίᾳ
2781 4992 3209 5066 μαθητευθῆναι.
3256 4994 3344 5047 Ἐν
3401 4993 3587 5066 ταύτῃ
3621 4995 3674 5048 δὲ
3701 4976 3801 5062 -τιίςν⁴

528 5076 713 5130 tionis‘
746 5078 1035 5148 percipere
1084 5079 1392 5135 doctrinam
1428 5084 1658 5151 poteris.
1691 5084 1751 5138 ιη
1792 5085 1895 5140 hac
1925 5095 2110 5140 autem

2219 5086 2472 5159 ἀληθινὴν
2513 5087 2766 5158 εὑρήσεις
2804 5086 3018 5155 σοφίαν,
3046 5087 3146 5140 οὐκ
3175 5088 3233 5140 ὲν
3281 5088 3467 5155 λόγοις
3500 5089 3780 5158 κεκομψευ-

524 5185 712 5225 veram
738 5171 989 5228 invenies
1016 5172 1381 5243 sapientiam;
1406 5191 1516 5230 non
1550 5177 1605 5230 in
1636 5177 1988 5234 sermonibus
2010 5194 2108 5233 ex-

2220 5179 2422 5249 μένοις,
2478 5177 2592 5232 ἀλλ’
2622 5181 2680 5232 ὲν
2731 5180 2795 5250 ’τῇ
2837 5178 2931 5232 τοῦ
2985 5178 3220 5249 σταυροῦ
3279 5179 3531 5249 δυνάμει.
3582 5179 3778 5239 Τούτοις

524 5262 727 5333 quisite
778 5265 1008 5333 ornatis,
1060 5265 1156 5321 sed
1204 5267 1261 5321 in
1318 5270 1501 5325 crucis
1534 5269 1761 5325 virtute.
1810 5270 1906 5325 His
1951 5273 2109 5342 quasi

2219 5270 2439 5342 ὲνεργού
2450 5289 2609 5340 μενος
2629 5272 2687 5325 ὲν
2709 5270 2989 5341 ὑποστάση
3018 5270 3092 5341 (1)
3119 5274 3231 5336 τοῖς
3258 5272 3645 5337 καταξιωθεῖσι
3670 5271 3776 5324 tati.

524 5357 839 5414 elaboratus
881 5360 1271 5417 transcriberis
1304 5362 1361 5417 in
1400 5373 1606 5418 sortem
1632 5379 1850 5430 eorum,
1897 5364 1992 5434 qui
2023 5366 2109 5419 di-

2219 5381 2316 5435 την
2346 5363 2650 5436 κτήσασθαι
2684 5382 2699 5397 ο
2740 5364 2800 5418 Ὀ
2830 5365 2939 5435 γὰρ
2978 5366 3263 5434 σταυρὸς,
3306 5367 3475 5435 φησὶν
3502 5368 3532 5419 ὁ
3568 5366 3771 5426 Παῦλος,

526 5451 619 5520 sui
652 5452 827 5507 habiti
856 5466 986 5510 sunt
1014 5455 1263 5510 eamdem
1291 5457 1762 5526 acquirere.Cru:r
1792 5459 1930 5512 enim
1957 5457 2107 5514 Chri-

2219 5456 2319 5510 τοῦ
2378 5457 2635 5526 Χριστοῦ
2717 5456 2841 5525 τοῖς
2902 5457 3021 5528 μὲν
3067 5458 3363 5525 Ἰουδαίοις
3420 5458 3770 5519 σκόνδωίωο,

601 5630 614 5659 ²
648 5628 811 5685 lCor.
836 5649 876 5697 ι,
906 5633 996 5688 21.

599 5748 677 5819 (ι)
707 5749 1016 5822 Corruptus
1036 5753 1255 5808 videtur
1288 5754 1483 5821 locus;
1512 5770 1677 5810 sensu
1715 5763 1896 5811 tamen
1937 5771 2047 5811 non
2069 5757 2327 5811 obscuro.
