4044 6558
606 311 701 376 Sil

1962 310 2278 373 MACARII
2319 313 2640 375 zEGl'PTlI
3721 322 3802 385 912

602 430 806 493 facere,
838 439 1052 486 tantum
1106 431 1330 495 aberat,
1365 430 1500 502 quin
1547 440 1750 501 posset.
1782 430 1972 500 Neque
2018 431 2165 485 enim

2271 444 2333 495 γε
2355 429 2448 482 καὶ
2477 428 2583 481 ἔδει
2616 429 2806 482 ποιεῖν.
2833 426 2942 482 Καὶ
2969 425 3286 493 Πνεύματος
3308 425 3573 497 ἀληθινῶς
3597 436 3801 505 γεωργή-

600 523 747 575 valet
775 522 919 592 quis,
957 524 1311 592 quantumvis
1329 524 1484 588 velit,
1514 522 1755 578 fructum
1782 521 2023 593 Spiritus
2044 538 2171 578 vere

601 629 667 668 ac
690 624 853 682 prout
895 622 1112 682 oportet
1141 614 1410 679 excolere,
1454 622 1580 668 ante
1614 613 2019 682 perceptionem
2042 613 2172 667 boni

604 704 862 773 Spiritus.
892 704 1080 774 Itaque
1108 705 1219 758 vim
1250 704 1353 758 sibi
1380 704 1561 773 quivis
1587 703 1783 758 inferat
1816 703 2051 759 subinde
2076 720 2173 773 per

603 797 925 864 patientiam
949 811 1178 850 currens
1196 802 1250 849 et
1280 794 1464 856 ﬁdem,
1495 809 1559 848 ac
1586 793 1867 848 ferventer
1893 794 2173 850 Christum

604 896 749 950 uret,
781 896 841 941 ut
879 887 1195 940 thesaurum
1226 886 1393 939 istum
1419 884 1699 939 cmlestem
1726 892 1894 953 queat
1917 884 2169 955 assequi;

602 988 660 1033 et
683 990 813 1033 tunc
836 994 1052 1033 omnem
1082 978 1354 1049 justitiam
1385 977 1441 1032 in
1475 977 1596 1047 ipso
1622 984 1679 1031 et
1703 977 1998 1048 peripsum
2026 993 2169 1047 pra:-

602 1080 749 1126 5tare
804 1073 1008 1141 poterit
1053 1089 1189 1142 pure
1241 1088 1306 1127 ac
1357 1070 1631 1143 perfecte;
1679 1070 1801 1127 sine
1848 1071 2058 1136 labore,
2092 1070 2175 1126 in-

602 1178 786 1231 quam,
809 1174 865 1217 et
889 1178 1150 1217 azrumna.

676 1255 737 1308 V.
776 1254 879 1321 Qui
925 1246 1142 1311 divinas
1184 1255 1406 1311 divitias
1434 1254 1674 1327 Spiritus
1700 1255 1757 1310 in
1807 1253 2025 1325 seipsis
2074 1253 2174 1309 ha-

604 1342 758 1407 bent,
823 1344 1047 1414 quando
1086 1359 1211 1399 cum
1266 1343 1544 1413 aliquibus
1580 1342 1812 1397 miscent
1863 1342 2175 1412 spirituales

602 1448 907 1500 sermones,
926 1450 1019 1489 eas
1043 1434 1199 1506 quasi
1230 1442 1542 1504 promcntes
1573 1449 1604 1488 e
1640 1432 1861 1502 prOprio
1891 1434 2172 1499 thesauro,

604 1525 673 1579 iis
720 1526 1051 1595 quibuscum
1106 1534 1526 1590 conversantur,
1588 1524 2018 1580 communicant.
2070 1525 2175 1591 Qui

600 1631 735 1671 vero
763 1616 1074 1671 istiusmodi
1094 1632 1225 1686 opes
1244 1631 1354 1670 non
1386 1615 1819 1671 recondiderunt
1842 1615 1897 1669 in
1920 1626 2178 1686 penetra-

601 1710 750 1765 libus
772 1710 976 1775 cordis,
1026 1725 1094 1764 ex
1123 1726 1234 1778 quo
1277 1709 1589 1763 divinorum
1625 1724 1888 1764 sensuum
1910 1749 1925 1774 ,
1976 1718 2176 1780 myste-

604 1802 922 1869 riorumque
963 1809 1019 1855 et
1072 1800 1449 1854 doctrinarum
1497 1809 1707 1854 natum
1735 1807 1956 1869 captum
2005 1816 2171 1855 exce-
2208 1783 2247 1836 Β

601 1890 852 1944 dentium
913 1891 1229 1960 praestantia
1300 1890 1671 1956 redundaret;
1741 1890 1837 1945 sed
1908 1890 2173 1945 deﬂorata

599 1982 777 2035 solum
842 1982 1089 2051 quaedam
1155 1998 1185 2036 c
1246 1982 1405 2036 libris
1454 1982 1748 2051 utriusque
1800 1982 2169 2047 Testamenti,

599 2090 811 2130 summa
835 2075 887 2128 in
924 2074 1108 2144 lingua
1154 2074 1377 2139 ferunt;
1409 2082 1504 2128 aut
1536 2076 1817 2129 auditores
1844 2074 1972 2129 facti
2008 2076 2173 2145 spiri-

600 2167 832 2219 tualiutn
871 2166 1157 2233 virorum;
1212 2181 1410 2221 eorum
1454 2167 1704 2221 doctrina
1760 2181 1819 2221 se
1872 2176 2171 2232 ostentant,

597 2275 720 2331 quae
741 2259 809 2313 ab
839 2259 905 2313 iis
934 2271 1299 2329 perceperunt
1342 2267 1603 2329 tanquam
1626 2274 1754 2335 gsua
1804 2242 2171 2329 profere'ntes,

598 2359 867 2421 etpartus
910 2350 1015 2404 sibi
1077 2350 1438 2421 subjicientes
1500 2338 1755 2405 alienos:
1791 2350 1848 2404 hi
1896 2366 2026 2405 sane
2049 2349 2176 2405 aliis

598 2441 820 2511 quidem
845 2441 1060 2497 facilem
1084 2440 1332 2511 prazbent
1356 2455 1547 2496 eorum
1571 2456 1693 2511 quae
1716 2440 1932 2505 dicunt,
1958 2441 2175 2497 fruitio—

596 2548 721 2587 nem
745 2550 761 2599 ;
789 2533 892 2602 ipsi
924 2548 1055 2587 vero
1092 2542 1216 2601 post
1245 2531 1546 2586 dictionem
1576 2532 1931 2601 reperiuntur
1960 2533 2175 2588 mendi-

597 2621 678 2676 cis
703 2622 931 2675 similes.
981 2621 1193 2691 Quippe
1238 2636 1363 2675 cum
1407 2620 1475 2675 ad
1522 2637 1683 2677 suum
1726 2637 1957 2692 quaeque
1980 2639 2173 2678 verum

598 2724 920 2777 auctorem,
975 2729 1097 2782 qua:
1145 2712 1251 2782 ipsi
1300 2712 1437 2767 falso
1486 2728 1587 2782 pro
1630 2713 1746 2768 suis
1796 2713 2172 2782 venditarunt,

596 2816 789 2874 Sponte
819 2806 976 2874 quasi
1024 2820 1121 2860 sua
1166 2804 1425 2870 redeant;
1473 2805 1608 2874 ipsis
1636 2804 1692 2859 in
1712 2814 1952 2876 egestate
1987 2806 2177 2863 dome-

594 2898 732 2953 stica
755 2898 983 2963 relictis,
1012 2906 1201 2967 utpote
1231 2898 1326 2967 qui
1358 2898 1679 2975 thesaurum
1715 2914 1822 2955 non
1853 2900 2176 2970 possideant

595 2992 882 3062 proprium
918 3033 932 3058 ,
966 3006 1125 3061 quem
1172 2989 1218 3067 si
1265 2990 1550 3056 haberent,
1603 3000 1829 3060 possent
1855 3007 1915 3047 se
1948 2993 2171 3062 quidem

2274 538 2363 573 σαι
2416 521 2526 590 πρὸ
2561 520 2661 589 τῆς
2706 518 2800 571 τοῦ
2853 518 3060 586 ἀγαθοῦ
3110 519 3432 589 Πνεύματος
3474 521 3801 591 μεταλήψεως,

2274 611 2418 683 Πλὴν
2450 611 2585 665 ἀλλά
2616 610 2710 664 καὶ
2743 609 3010 680 βιαζέσθω
3042 611 3149 674 πᾶς
3168 628 3251 674 τις
3278 610 3472 664 ἐαυτὸν
3492 612 3728 669 ἑκάστοτε
3753 618 3801 671 δι’

2273 704 2550 773 ὑπομονῆς
2573 703 2781 774 τρέχων
2812 704 2908 756 καὶ
2936 703 3193 766 πίστεως,
3223 704 3319 755 καὶ
3340 703 3560 774 θερμῶς
3593 707 3677 759 τοῦ
3699 709 3802 778 Χρ..

2274 792 2400 846 στοῦ
2429 791 2657 856 δεὲσθω,
2691 790 2833 844 ὥστε
2864 791 2959 844 τοῦ
2991 790 3268 863 θησαυροῦ
3311 791 3464 845 τοῦδε
3491 792 3584 845 τοῦ
3609 796 3803 865 ἐπουρα-

2273 886 2387 941 νίου
2412 885 2689 955 ἐπιτυχεῖν
2712 901 2729 917 ’
2759 885 2854 938 καὶ
2879 884 3001 939 τότε
3033 886 3213 939 πᾶσαν
3241 884 3587 955 δικαιοσύνην
3616 889 3667 940 ἐν
3692 890 3804 960 αὐτῷ

2270 992 2330 1031 τε
2352 976 2419 1031 δι’
2450 976 2615 1031 αὐτοῦ
2673 977 2844 1029 ποιεῖν
2883 974 3105 1029 δύναται
3160 974 3416 1046 καθαρῶς
3458 977 3555 1031 καὶ
3609 979 3805 1045 τελείως,

2271 1065 2526 1137 ἁμόχθως
2560 1064 2620 1119 τέ
2659 1082 2802 1136 φημι
2839 1064 2933 1119 καὶ
2963 1064 3375 1136 ἀταλαιπώρως.

2345 1250 2421 1306 E'.
2455 1252 2517 1304 Οἰ
2538 1252 2632 1304 τὸν
2653 1250 2796 1306 θεῖον
2817 1250 3048 1306 πλοῦτον
3074 1251 3168 1307 τοῦ
3201 1252 3523 1324 Πνεύματος
3545 1253 3605 1307 ἐν
3629 1255 3803 1321 ἐαυτοίς

2274 1340 2490 1411 ἔχοντες
2517 1342 2738 1397 ἐπειδάν
2772 1359 2882 1396 τισι
2909 1342 3207 1398 κοινωνῶσι
3238 1345 3413 1414 λόγων
3443 1348 3806 1417 πνευματικῶν,

2274 1431 2368 1485 τοῦ
2407 1432 2539 1485 ἰδίου
2567 1430 2755 1502 ὥσπερ
2782 1431 3134 1497 ἐκϐάλλοντες
3165 1433 3442 1506 θησαυροῦ
3475 1437 3587 1499 τοῖς
3625 1431 3699 1500 οἷς
3734 1458 3808 1509 με.

2274 1521 2586 1575 ταδίδωσιν.
2619 1521 2775 1575 Ὅσοι
2822 1522 2878 1575 δὲ
2916 1523 3007 1575 τὸν
3052 1523 3281 1578 πλοῦτον
3318 1526 3376 1578 ἐν
3411 1528 3603 1595 μυχοῖς
3628 1529 3811 1597 καρδίας

2276 1615 2376 1669 οὐκ
2404 1614 2794 1687 ἐθησαύρισαν,
2833 1614 2893 1679 ἐξ
2922 1610 2983 1670 οὗ
3011 1614 3171 1669 θείων
3199 1615 3602 1686 ἐνθυμημάτων
3626 1620 3711 1671 καὶ
3736 1639 3812 1689 μυ-

2278 1706 2513 1776 στηρίων
2534 1746 2549 1771 ,
2569 1704 2744 1773 λόγων
2762 1722 2822 1759 τε
2840 1706 3274 1778 ὑπερϐαινόντων
3300 1706 3457 1778 βρύει
3488 1708 3780 1780 ἀγαθωσύνη
3795 1728 3813 1746 ο

2276 1793 2724 1865 ἀπανθησάμενοί
2752 1813 2873 1850 τινα
2913 1797 3075 1866 μόνον
3099 1795 3163 1863 ἐξ
3190 1798 3458 1868 ἑκατέρας
3504 1799 3713 1870 Γραφῆς
3748 1803 3815 1854 ἐπ’

2274 1887 2450 1955 ἄκρας
2493 1886 2590 1957 τῆς
2630 1885 2882 1955 γλώσσης
2927 1889 3203 1959 φέρουσιν,
3238 1890 3271 1962 ἢ
3309 1894 3402 1943 καὶ
3434 1891 3643 1961 ἀνδρῶν
3680 1912 3811 1947 meo

2278 1978 2524 2047 ματικῶν
2590 1979 2855 2034 ἀκουσταί
2910 1983 3195 2053 γενόμενοι
3252 1986 3367 2047 τοῖς
3420 1985 3626 2039 τούτων
3671 1986 3813 2055 λόγοις

2275 2069 2743 2138 ἐπικομπάζουσιν
2788 2071 2865 2135 ὡς
2908 2072 3016 2126 ῖδια
3059 2072 3126 2126 τά
3172 2075 3398 2127 ἐκείνων
3457 2077 3810 2146 προτείνοντες,

2274 2161 2369 2213 καὶ
2394 2163 2506 2225 τοῖς
2534 2162 2833 2233 ἀλλοτρίοις
2864 2164 3042 2228 τόκοις
3073 2165 3521 2236 ὑποϐαλλόμενοι.
3552 2162 3703 2224 Οὗτοι
3737 2173 3809 2239 μὲν

2273 2251 2385 2312 τοῖς
2411 2250 2589 2313 ἄλλοις
2613 2251 2813 2305 ἄπονον
2836 2254 3116 2323 παρέσχον
3138 2255 3244 2309 τῶν
3270 2256 3584 2327 εἰρημένων
3614 2260 3813 2313 ἀπόλαυ-

2277 2358 2362 2395 σιν
2389 2358 2405 2372 ·
2442 2342 2599 2395 αὐτοὶ
2621 2342 2678 2395 δὲ
2724 2343 2864 2413 μετά
2908 2344 3004 2416 τὴν
3031 2346 3265 2411 διάλεξιν
3290 2352 3532 2420 πτωχοῖς
3556 2351 3812 2422 εὑρέθησαν

2276 2434 2512 2499 ἐοικότες
2540 2452 2555 2466 ·
2605 2434 2702 2489 ἆτε
2753 2436 2862 2490 τῶν
2906 2437 3003 2508 μὲν
3044 2438 3217 2510 λόγων
3254 2442 3513 2510 ἑκάστου,
3555 2445 3813 2516 καθαπερεὶ

2276 2526 2412 2597 πρὸς
2461 2526 2531 2581 τὰ
2587 2528 2694 2582 ῐδια
2738 2530 2848 2582 τῶν
2907 2530 3000 2600 ἀφ’
3030 2525 3106 2585 ὧν
3151 2532 3357 2606 ἐλήφθη
3417 2537 3810 2601 ἐπανελθόντος·

2275 2617 2499 2671 ἐκείνων
2534 2618 2592 2673 δὲ
2638 2622 2712 2691 μὴ
2740 2623 3099 2692 κεκτημένων
3129 2623 3259 2678 ῖδιον
3301 2625 3597 2696 θησαυρὸν,
3635 2631 3716 2699 ἀφ’
3738 2626 3808 2685 οὗ·

2276 2727 2381 2782 περ
2422 2710 2660 2775 δυνατῶς
2711 2709 2859 2784 εἰχον
2913 2716 3164 2785 πρώτους
3208 2734 3269 2769 τε
3292 2719 3495 2783 αὐτοὺς
3523 2722 3809 2792 εὐφραίνειν,

2276 2801 2372 2854 καὶ
2419 2802 2546 2864 τοὺς
2595 2800 2787 2866 ἄλλους
2844 2804 2987 2856 κατά
3048 2804 3384 2875 μεταδίδοσιν
3464 2807 3702 2875 ὠφελεῖν.
3740 2814 3812 2861 Διὰ

2274 2887 2432 2943 τοῦτο
2466 2890 2728 2961 ζητητέον
2766 2892 2980 2962 πρῶτον
3004 2896 3156 2964 παρά
3179 2894 3315 2949 Θεοῦ
3349 2896 3587 2951 πλοῦτον
3614 2898 3697 2950 τὸν
3713 2900 3813 2967 ἀλη-

2279 2978 2422 3032 θινὸν
2468 2978 2654 3032 τοῦτον
2703 2981 3098 3036 εἰσοικίσασθαι
3122 2999 3137 3016 ο
3162 2984 3281 3039 τότε
3314 2986 3502 3058 ῥᾴδιον
3528 2990 3653 3058 ἡμῖν
3693 2990 3811 3043 ἔσται

595 3082 834 3149 primum
858 3080 1007 3149 ipsos
1032 3080 1333 3144 oblectare,
1369 3080 1604 3150 aliisque
1650 3080 1873 3149 deinde,
1913 3083 2169 3154 undeju-

2282 3071 2375 3123 καὶ
2413 3070 2632 3141 ἐτέρους
2672 3070 2927 3127 δύνασθαι
2949 3074 3199 3144 ὠφελεῖν,
3228 3077 3322 3130 καὶ
3354 3078 3531 3146 λόγων
3554 3097 3810 3149 πνευματι·

596 3182 880 3237 varentur,
919 3172 1223 3242 impertire.
1252 3173 1548 3241 Propterea
1577 3174 1813 3244 primum
1844 3175 2111 3231 debemus
2138 3194 2169 3233 a

596 3264 710 3318 Deo
731 3264 892 3318 nobis
928 3278 1088 3318 veras
1123 3265 1255 3319 istas
1281 3264 1502 3319 divitias
1533 3281 1850 3337 comparare
1872 3310 1887 3335 ,
1926 3280 2058 3325 tunc
2090 3271 2172 3327 fa-

596 3356 699 3411 cile
730 3356 1033 3425 poterimus
1064 3357 1325 3425 prodesse
1372 3358 1494 3412 aliis
1537 3361 1994 3417 communicando
2039 3365 2171 3434 ipsis

596 3448 875 3503 doctrinas
895 3449 1211 3517 spirituales
1237 3458 1294 3503 et
1321 3450 1600 3520 mysteria.
1632 3450 1723 3506 Sic
1742 3452 1889 3506 enim
1923 3457 2170 3525 compla-

595 3539 711 3593 cuit
734 3539 935 3593 divina:
956 3538 1208 3604 bonitati,
1246 3538 1497 3595 habitare
1536 3540 1591 3595 in
1626 3542 1877 3611 quolibet
1911 3545 2005 3614 qui
2051 3563 2173 3601 cre-

594 3629 798 3683 diderit
825 3646 840 3694 ;
869 3630 1094 3694 etenim,
1156 3628 1256 3695 Qui
1281 3630 1463 3699 diliget
1502 3647 1604 3697 me,
1631 3632 1830 3701 inquit,
1861 3634 2109 3705 diligetur
2137 3654 2170 3691 a

594 3720 757 3776 Patre
781 3738 914 3784 meo,
949 3731 997 3774 et
1022 3739 1112 3793 ego
1137 3722 1358 3794 diligant
1388 3739 1527 3789 eum,
1559 3732 1607 3776 et
1647 3726 1997 3795 manifestabo
2020 3730 2068 3782 ei
2090 3746 2171 3783 me

593 3816 764 3883 ipsum
785 3813 826 3868 ⁸.
872 3815 936 3868 Et
956 3816 1087 3869 alibi
1113 3833 1125 3868 :
1154 3814 1266 3886 Ego
1297 3823 1345 3868 σοι
1369 3813 1533 3869 Pater
1556 3817 1840 3883 veniemus,
1867 3826 1914 3872 et
1940 3822 2172 3875 mansio-

594 3923 712 3961 nem
741 3908 882 3977 apud
906 3924 1023 3961 eum
1049 3908 1300 3977 faciemus
1323 3908 1364 3962 ’.

666 4000 746 4056 Vl.
784 3999 886 4066 Qui
917 4016 984 4055 eo
1012 4001 1161 4072 digni
1199 4000 1374 4055 habiti
1423 4000 1657 4068 honore,
1700 4010 1761 4058 ut
1802 4002 1899 4058 ﬁlii
1926 4004 2020 4059 Dei
2068 4005 2168 4060 fie-

590 4102 735 4159 rent,
782 4103 839 4148 et
871 4092 1149 4148 Christum
1197 4094 1253 4148 in
1287 4109 1346 4149 se
1390 4094 1525 4164 ipsis
1571 4096 2013 4165 resplendentem
2055 4098 2167 4151 cir-

588 4184 947 4250 cumferrem,
980 4186 1150 4239 variis
1198 4195 1256 4241 et
1290 4186 1677 4243 differentibus
1714 4189 1891 4244 modis
1924 4205 1955 4244 a
1978 4199 2168 4245 sancto

588 4284 854 4346 reguntur
885 4275 1115 4346 Spiritu,
1162 4285 1218 4331 et
1260 4277 1317 4331 in
1348 4294 1550 4333 arcano
1584 4280 1767 4336 cordis
1799 4296 1829 4336 a
1863 4282 2034 4352 gratia
2068 4282 2168 4337 de-

585 4368 925 4423 mulcentur.
984 4368 1131 4422 Nihil
1190 4384 1325 4422 vero
1381 4369 1786 4425 conducibilius
1841 4382 1946 4437 est,
2002 4386 2166 4443 quam

2277 3177 2390 3215 κῶυ
2423 3163 2516 3215 καὶ
2561 3164 2875 3234 μυστηρίων
2913 3167 3098 3232 αὐτοῖς
3147 3169 3517 3239 μεταδιδόναι.
3549 3173 3693 3228 Οὕτω
3723 3181 3807 3246 γὰρ

2273 3253 2626 3326 ηύδόιτεσενή
2659 3255 2752 3309 τοῦ
2781 3256 2916 3310 Θεοῦ
2944 3260 3218 3331 ἀγαθότης
3264 3266 3433 3318 παντὶ
3453 3266 3537 3336 τῷ
3561 3283 3810 3319 πεπιστευ-

2272 3345 2390 3398 κότι
2450 3346 2877 3415 ἐγκατοικῆσαι·
2933 3351 3029 3402 καὶ
3080 3352 3210 3424 γὰρ,
3253 3352 3314 3405 '0
3350 3353 3618 3424 ἀγαπῶν,
3663 3360 3809 3425 φησὶν,

2272 3437 2722 3506 ἀγαπηθήσεται
2765 3438 2884 3493 ὑπὸ
2938 3441 3044 3495 τοῦ
3110 3444 3343 3511 Πατρός
3386 3438 3550 3513 μου’
3602 3448 3690 3500 καί
3722 3448 3809 3516 ἐγὼ

2271 3530 2563 3599 ἀγαπήσω
2619 3532 2806 3587 αὑτὸν
2830 3575 2845 3599 ,
2876 3536 2975 3588 καί
3014 3537 3322 3606 ἐμφανίσω
3348 3538 3515 3605 αὐτῷ
3552 3540 3776 3610 ἐμαυτόν
3795 3555 3807 3571 ι

2272 3626 2364 3678 καὶ
2392 3625 2449 3677 ἐν
2474 3624 2653 3688 ἄλλοις
2688 3641 2701 3655 ·
2757 3626 2905 3697 Ἐγὼ
2930 3629 3028 3681 καί
3053 3632 3086 3683 ό
3110 3631 3312 3700 Πατὴρ
3332 3632 3710 3702 ἐλευσόμεθα,
3735 3632 3809 3684 ml

2265 3716 2466 3784 μονὴν
2502 3716 2638 3786 παρ’
2664 3717 2824 3786 αὐτῷ
2856 3719 3211 3788 ποιήσομεν.

2343 3994 2434 4059 εἶ’.
2468 3993 2533 4046 Oi
2575 3993 2740 4046 τέκνα
2789 3991 2927 4046 Θεοῦ
2966 3992 3222 4062 γενέσθαι
3257 3994 3704 4061 καταξιωθέντες.
3740 4000 3807 4049 καὶ

2267 4085 2359 4138 τὸν
2388 4086 2705 4159 Χριπὸνίέν
2722 4088 2936 4150 ἑαυτοῖς
2959 4080 3299 4157 ἐλλάμποντα
3325 4090 3568 4159 ἔχοντες,
3594 4093 3646 4143 ἐν
3672 4092 3806 4143 ποικί-

2268 4178 2380 4241 λοις
2421 4179 2516 4231 καὶ
2536 4178 2815 4249 διαφόροις
2843 4177 2937 4231 τοῦ
2964 4179 3276 4250 Πνεύματος
3297 4179 3575 4234 διέπονται
3597 4182 3805 4252 τρόποις,

2269 4271 2364 4324 καὶ
2419 4272 2477 4324 ἐν
2520 4270 2597 4341 τῷ
2642 4273 2839 4341 ἀφανεῖ
2891 4271 2993 4340 τῆς
3037 4271 3264 4341 καρδίας
3338 4272 3449 4335 ὑπὸ
3490 4265 3587 4343 τῆς
3630 4274 3805 4341 χάριτος

2270 4364 2718 4435 περιθάλπονται.
2769 4364 2937 4417 Οὐδὲν
2972 4363 3030 4416 δὲ
3088 4359 3201 4417 οἷον
3250 4366 3345 4418 καί
3370 4383 3531 4429 τινας
3575 4368 3673 4418 τῶν
3700 4367 3803 4416 κατὰ

585 4458 770 4526 aliqua
799 4456 1141 4526 voluptatum
1160 4473 1379 4528 genera,
1413 4475 1536 4529 quae
1560 4460 1614 4514 in
1644 4462 1851 4517 mundo
1874 4466 2170 4534 conspicua

2276 4459 2480 4529 κόσμον
2510 4458 2854 4528 φαινομένων
2898 4457 3253 4511 ἀπολαύσεων
3285 4460 3366 4521 εἰς
3401 4461 3570 4527 μέσον
3598 4475 3804 4529 παρατα-

584 4556 733 4613 sunt,
780 4547 940 4618 199
990 4548 1047 4601 in
1082 4549 1650 4615 mediutngtdducere,
1682 4562 1764 4617 ut,
1795 4554 1997 4623 quibus
2026 4555 2166 4610 frui-

587 4649 676 4693 tur
721 4640 905 4693 anima
946 4639 1134 4709 gratiae
1185 4639 1388 4695 divinae
1458 4642 1918 4709 oblectamentis,
1973 4624 2166 4701 iisdem

584 4741 995 4800 comparentur.
1031 4731 1131 4787 Est
1158 4731 1419 4788 videlicet
1446 4735 1668 4802 quando
1692 4736 1868 4791 sancti
1907 4738 2164 4794 videntur

585 4822 916 4889 quibusdam
947 4823 1101 4877 velut
1127 4823 1305 4893 excipi
1329 4824 1496 4895 regiis
1526 4825 1706 4894 epulis
1734 4842 1899 4897 supra
1937 4828 2161 4884 modum

584 4913 828 4981 opiparis
859 4927 926 4967 ac
954 4912 1145 4974 lautis.
1181 4914 1358 4984 iisque
1397 4916 1825 4985 jucundissime,
1877 4919 1988 4972 imo
2020 4921 2160 4975 ultra

581 5018 746 5071 quam
782 5004 1015 5074 exprimi
1059 5005 1296 5059 dicendo
1328 5015 1532 5075 queat,
1587 5008 1746 5063 beate
1786 5012 2044 5080 saginari.
2095 5014 2164 5067 Et

579 5110 731 5149 nunc
773 5096 997 5165 quidem
1033 5104 1091 5151 ut
1120 5113 1320 5167 sponsa
1370 5114 1497 5153 cum
1549 5115 1751 5169 sponso
1799 5102 2160 5170 spiritualiter

583 5189 1025 5257 congaudentes;
1059 5207 1208 5245 nunc
1239 5200 1300 5245 ut
1332 5193 1640 5261 incorporei
1684 5194 1909 5263 quidam
1953 5197 2154 5265 angeli,

583 5281 636 5335 in
676 5292 825 5335 tanta
856 5283 1098 5353 agilitate
1124 5293 1257 5337 sunt
1304 5296 1361 5338 et
1390 5286 1612 5339 levitate
1634 5326 1648 5351 ,
1683 5296 1742 5341 ut
1780 5297 1976 5357 putent
2004 5290 2156 5344 nullo

582 5390 813 5444 corpore
859 5392 917 5429 se
963 5377 1388 5431 circutnvcstiri.
1440 5379 1750 5447 Aliquando
1793 5382 1963 5436 veluti
2019 5390 2154 5452 potu

582 5466 765 5536 aliquo
806 5467 1116 5531 exhilarati,
1171 5478 1227 5523 et
1265 5469 1522 5525 inebriati
1573 5472 1841 5529 ebrietate
1889 5474 2154 5531 ineffabili

583 5559 967 5627 mysteriorum
998 5559 1238 5629 Spiritus
1265 5563 1563 5618 exsultant.
1606 5564 1916 5635 Aliquando
1947 5568 2075 5622 ﬂetu
2100 5578 2155 5623 et

650 5756 671 5787 ⁸
700 5757 853 5812 Joan.
880 5774 994 5825 xiv,
1029 5758 1113 5814 9.0.
1192 5761 1210 5791 ’
1244 5758 1377 5815 ibid.
1404 5759 1491 5815 2‘5.

2274 4554 2391 4621 γεῖν
2420 4553 2556 4623 πρὸς
2589 4550 2837 4604 εἰκασίαν
2863 4550 2973 4603 τῶν
3005 4552 3063 4603 ἐν
3087 4553 3154 4621 τῇ
3185 4550 3331 4621 ψυχῇ
3375 4550 3539 4605 θείων
3571 4549 3804 4618 διαγωτῶτ

2272 4647 2370 4715 τῆς
2396 4646 2636 4715 χάριτος.
2691 4644 2844 4696 Ἐστι
2881 4644 2986 4715 γὰρ
3022 4645 3111 4697 ὅτε
3161 4643 3401 4711 γίνονται
3454 4645 3690 4710 καθάπερ
3725 4644 3804 4693 mi

2272 4735 2538 4806 βασιλικῷ
2564 4737 2761 4807 δείπνῳ
2806 4736 3302 4807 ἐνευφραινὸμενοι,
3344 4738 3442 4788 καί⁵
3492 4736 3805 4804 ἁγαλλιὼντες

2269 4829 2546 4899 ἀφραστόν
2583 4846 2706 4882 τινα
2748 4828 2843 4881 καὶ
2872 4827 3078 4897 ἄφατον
3107 4828 3432 4897 ἀγαλλίασιν
3456 4844 3470 4857 ·
3503 4830 3597 4881 καὶ
3628 4828 3709 4879 νῦν
3732 4826 3804 4893 μὲν

2267 4922 2342 4985 ὡς
2398 4922 2584 4994 νύμφη
2636 4922 2716 4993 τῷ
2739 4922 2958 4992 νυμφίῳ
3011 4922 3402 4992 πνευματικῶς
3453 4922 3801 4990 συνηδόμενοι·

2265 5016 2361 5070 νῦν
2392 5017 2449 5071 δὲ
2478 5018 2553 5079 ὼς
2592 5017 2875 5086 ἀσώματοί
2906 5034 3052 5077 τινες
3097 5016 3319 5085 ἄγγελοι
3352 5016 3590 5086 τοσαύτη
3620 5013 3701 5065 τοῦ
3726 5010 3803 5062 σώ-

2268 5126 2436 5179 ματος
2473 5110 2709 5181 ἐλαφρίᾳ
2758 5128 2818 5163 τε
2850 5112 2945 5164 καὶ
2974 5110 3292 5180 κουφότητι,
3325 5109 3400 5169 ὡς
3441 5110 3576 5178 μηδὲ
3609 5104 3802 5175 νομίζειν

2264 5200 2423 5270 σῶμα
2442 5202 2888 5272 περιὸεόλῆσθαι.
2912 5202 3017 5257 Καὶ
3036 5202 3223 5256 ἄλλοτε
3250 5202 3348 5272 μὲν
3367 5200 3556 5270 ὥσπερ
3576 5199 3671 5251 τινὶ
3692 5196 3802 5260 πὸτῳ

2263 5294 2738 5363 ὲνευφραινόμενοι
2781 5295 2876 5348 καὶ
2911 5294 3202 5365 μεθύοντες
3234 5293 3401 5361 μέθην
3433 5293 3698 5360 ἄφραστον
3720 5285 3801 5336 τῶν

2262 5387 2577 5456 μυστηρίων
2606 5387 2699 5440 τοῦ
2731 5389 3043 5458 Πνεύματος
3070 5402 3086 5416 °
3112 5386 3301 5440 ἄλλοτε
3353 5385 3410 5437 δὲ
3444 5380 3705 5451 κλαυθμὸς
3732 5372 3801 5428 καὶ

2258 5479 2493 5549 ὀδυρμὸς
2519 5482 2717 5544 αὐτοὺς
2752 5480 2885 5552 ἔχει,
2919 5481 3016 5551 τῆς
3066 5480 3174 5533 τῶν
3210 5477 3514 5549 ἀνθρώπιον
3543 5476 3691 5529 ἕνεκα
3719 5486 3798 5519 σω-

2257 5569 2452 5640 τηρίας
2505 5574 2905 5643 ποτνιωμένους
2939 5590 2953 5601 ’
2995 5572 3099 5625 ὑπὸ
3146 5572 3253 5641 γὰρ
3293 5570 3396 5638 τῆς
3435 5568 3586 5629 θείας
3624 5564 3799 5629 ἀγάπης
