4044 6520
238 324 355 403 913

1457 328 1687 389 LIBER
1726 328 1823 389 DE
1859 328 2317 392 CHARITATE.

3400 327 3505 392 914

237 448 333 502 τοῦ
361 444 677 517 Πνεύματος
716 446 826 500 τῶν
855 445 1159 517 ἀνθρώπων
1204 444 1419 500 πάντων
1454 443 1814 515 περικαιόμε-

1943 452 2071 498 uctu
2101 443 2378 513 squalent,
2412 440 2486 498 ob
2532 440 2821 498 hominum
2866 442 3101 499 salutem
3144 457 3269 499 cum
3299 444 3505 513 gemitu

236 556 321 591 νοι
349 537 470 591 ὅλου
514 537 609 591 τοῦ
652 538 824 609 Ἀδάμ
860 537 923 591 τὸ
970 537 1165 601 πένθος
1216 536 1677 607 ἀναλαμϐάνουσι.
1706 534 1818 590 Καὶ

238 623 371 676 ποτὲ
396 623 496 693 μὲν
522 623 660 693 πρὸς
687 625 954 697 τοσαύτην
972 626 1193 697 ἀγάπην
1226 625 1343 696 μεθ’
1370 624 1563 695 ἡδονῆς
1588 625 1650 679 ού
1675 623 1821 694 λόγῳ

240 717 417 785 ῥητῆς
444 715 537 768 τοῦ
565 716 880 787 Πνεύματος
917 717 1312 788 ἐξεκαύθησαν,
1350 716 1425 781 ὡς
1463 714 1516 770 εἰ
1538 733 1602 784 γε
1628 712 1697 786 ἦν
1724 716 1818 769 δυ-

238 809 401 861 νατὸν
432 809 587 872 ὅλως,
614 809 792 863 πάντα
821 810 1108 881 ἄνθρωπον
1127 814 1237 874 τοῖς
1269 809 1598 879 σπλάγχνοις
1630 808 1822 877 ἐγκολ-

240 900 531 955 πώσασθαι
561 906 675 966 τοῖς
717 903 865 966 ἰδίοις
890 942 906 970 ,
941 904 1112 957 κακοῦ
1164 903 1427 974 διαφορὰν
1466 902 1527 956 τὸ
1562 903 1823 973 παράπαν

239 990 351 1045 ἀπὸ
394 992 486 1045 τοῦ
538 992 745 1061 ἀγαθοῦ
783 994 857 1064 μὴ
913 994 1262 1064 ποιούμενοιο
1310 995 1442 1047 ποτέ
1478 993 1533 1049 δὲ
1570 994 1823 1049 τοσοῦτον

240 1083 470 1146 ἑαυτοὺς
499 1084 884 1151 ἐξουδένωσαν,
921 1084 994 1150 ὼς
1025 1086 1227 1157 μηδένα
1261 1081 1399 1140 εἶναι
1443 1086 1538 1139 τὸν
1570 1086 1687 1157 μετ’
1726 1086 1824 1139 αύ-

239 1176 369 1239 τοὺς
394 1176 619 1239 οἴεσθαι,
651 1175 786 1230 ἀλλά
824 1176 1041 1232 πάντων
1070 1178 1333 1249 ἐσχάτους
1360 1178 1586 1241 ἑαυτοὺς
1612 1177 1825 1248 λογίζε-

244 1266 392 1319 σθαι.
420 1267 529 1320 Καὶ
559 1265 654 1320 νῦν
696 1267 797 1337 μὲν
823 1268 1170 1340 ἀνεκλαλήτῳ
1197 1268 1342 1342 χαρᾷ
1384 1268 1479 1323 τοῦ
1511 1269 1820 1340 Πνεύματος

242 1359 633 1429 κατεπόθησαν
658 1376 673 1391 ’
710 1360 807 1413 νῦν
833 1359 888 1413 δὲ
918 1358 1174 1431 καθάπερ
1199 1378 1283 1425 τις
1312 1361 1424 1415 τῶν
1452 1361 1688 1433 ἰσχυρῶν
1723 1360 1823 1431 βα-

244 1450 461 1521 σιλικὴν
501 1450 682 1504 λαϐὼν
708 1450 1037 1513 πανοπλίαν,
1065 1453 1158 1506 καὶ
1198 1450 1335 1522 πρὸς
1360 1451 1598 1521 πόλεμον
1626 1450 1823 1504 κατελ-

243 1542 357 1597 θὼν
385 1544 509 1607 τοὺς
538 1542 810 1607 ἐναντίους
838 1560 1003 1597 κατετ
1014 1543 1316 1612 ροπώσατο,
1341 1542 1431 1596 τὸν
1472 1542 1585 1595 ἴσον
1614 1541 1709 1595 καὶ
1731 1535 1824 1595 οὗ·

241 1653 331 1689 τοι
364 1637 562 1707 τρόπον
608 1636 793 1698 ὅπλοις
833 1636 1170 1707 φραξάμενοι
1209 1638 1323 1700 τοῖς
1364 1634 1460 1688 τοῦ
1512 1633 1828 1701 Πνεύματος

242 1728 387 1796 πρδς
439 1727 565 1791 τοὺς
604 1728 832 1795 ἀερανεῖς
878 1728 1147 1799 κατῆλθον
1189 1728 1438 1799 ἐχθροὺς,
1481 1729 1576 1782 καὶ
1606 1728 1827 1791 τούτους

1928 533 2374 605 ingemiscentes.
2421 534 2558 591 Nam
2589 533 2779 589 divino
2829 550 2957 606 erga
3006 550 3199 590 omnes
3258 534 3511 589 homines

1927 640 2117 682 amore
2163 627 2403 692 accensi,
2458 626 2532 682 ob
2572 634 2748 682 totum
2800 627 3103 683 humanum
3140 642 3312 697 genus
3359 627 3509 681 luctu

1928 720 2499 791 comprehenduntur.
2560 719 2629 775 Et
2661 719 2942 775 interdum
2987 728 3140 775 tanto
3166 734 3353 773 amore
3383 734 3510 774 cum

1928 812 2214 881 voluptate
2244 811 2432 867 verbis
2476 826 2589 867 non
2614 813 2971 882 exprimenda
3008 811 3325 866 inflammati
3358 819 3509 875 sunt,

1929 914 2012 969 ut,
2045 905 2091 959 si
2140 903 2258 960 fieri
2299 905 2494 976 possit,
2522 920 2742 959 onmem
2792 920 3018 974 prorsus
3062 904 3364 968 hominem,
3391 902 3512 958 sine

1929 998 2251 1052 discrimine
2281 997 2434 1063 boni,
2470 998 2621 1063 mali,
2658 999 2993 1064 innocentis,
3044 999 3319 1063 scelerati,
3370 999 3513 1053 intra

1930 1091 2274 1145 sumviscera
2306 1089 2564 1161 colligere
2598 1091 2920 1157 charitatis,
2966 1100 3023 1146 et
3050 1091 3235 1146 fovere
3265 1090 3510 1160 cupiant.

1928 1182 2338 1251 Nonnunquam
2364 1182 2505 1237 adeo
2534 1198 2593 1238 se
2646 1184 3094 1254 vilipendunl,ut
3123 1193 3306 1255 pateat
3341 1185 3517 1240 nemi-

1930 1291 2056 1329 nem
2119 1274 2223 1330 sibi
2254 1288 2376 1328 esse
2412 1273 2762 1342 inferiorem;
2807 1276 2941 1345 quin
2971 1284 3027 1331 et
3056 1286 3362 1345 postremos
3393 1292 3515 1331 om-

1929 1366 2083 1421 nium
2113 1380 2170 1420 se
2193 1379 2315 1419 esse
2336 1363 2677 1419 existiment.
2698 1365 2767 1420 Et
2788 1380 2937 1419 nunc
2966 1364 3191 1434 quidem
3226 1366 3515 1419 inenarra-

1930 1458 2031 1515 bili
2093 1456 2341 1528 absorpti
2406 1465 2537 1512 sunt
2594 1457 2836 1528 Spiritus
2862 1457 3096 1528 gaudio,
3147 1473 3273 1513 mox
3344 1458 3517 1515 veluti

1931 1552 2129 1620 aliquis
2158 1566 2223 1607 ex
2248 1550 2488 1607 fortibus
2517 1550 2785 1605 heroibus
2814 1551 2964 1620 regia
2987 1549 3214 1604 indutus
3244 1559 3518 1604 armatura

1933 1640 1988 1695 in
2020 1641 2223 1695 bellum
2260 1640 2568 1704 descendit,
2603 1648 2769 1707 atque
2801 1642 2986 1694 hostes
3018 1640 3337 1710 propulsat;
3364 1656 3522 1694 eum-

1933 1730 2057 1787 dem
2090 1732 2144 1785 in
2172 1731 2395 1785 modum
2424 1742 2480 1785 et
2499 1731 2808 1801 ipsi,armis
2838 1730 3078 1800 Spiritus
3099 1732 3318 1795 muniti,
3338 1731 3525 1787 invisi-

242 1818 365 1879 τοῖς
392 1820 549 1869 ποσὶν
575 1816 836 1870 ὑπέθεντο
874 1818 987 1880 τοίς
1031 1816 1182 1880 ἰδίοις
1208 1831 1223 1845 ·
1251 1817 1375 1884 ἄρτι
1407 1815 1506 1885 μὲν
1535 1815 1702 1886 πολλή
1749 1832 1832 1879 τις

1943 1823 2074 1878 biles
2099 1823 2428 1877 adoriuntur
2474 1823 2747 1889 inimicos,
2778 1838 2981 1891 eosque
3008 1821 3251 1892 propriis
3290 1824 3519 1879 concul-

245 1907 463 1978 γαλήνη
516 1908 715 1972 αὐτοὺς
765 1908 1090 1980 περιϐάλλει
1134 1908 1228 1962 καὶ
1272 1907 1497 1977 ἡσυχία,
1540 1907 1728 1978 εἰρήνη
1773 1924 1833 1959 τε

247 2000 601 2070 περιθάλπει,
646 2001 740 2054 καὶ
773 2002 934 2073 ἡδονῇ
978 2001 1197 2071 κάτοχοι
1229 1999 1470 2068 γίνονται
1514 1998 1792 2069 θαυμασία
1815 2014 1831 2030 ο

247 2091 379 2163 ἄρτι
400 2092 455 2146 δὲ
483 2093 695 2146 συνέσει
718 2095 813 2148 καί¹
845 2093 1007 2164 σοφίᾳ
1031 2093 1150 2164 θείᾳ
1172 2092 1268 2146 καὶ
1291 2091 1490 2160 γνώσει
1520 2090 1837 2160 Πνεύματος

248 2180 661 2252 ἀνεξερευνήτῳ
690 2198 703 2212 ·
730 2182 953 2236 τοιαῦτα
992 2182 1130 2253 πρὸς
1162 2182 1261 2252 τῆς
1292 2180 1385 2234 τοῦ
1412 2179 1651 2251 Χριστοῦ
1677 2179 1834 2247 σοφί-

249 2274 439 2341 ζονται
486 2274 731 2346 χάριτος,
782 2274 820 2330 ὃ.
872 2275 1121 2347 μηδεμιᾷ
1179 2273 1399 2345 γλώσσῃ
1447 2272 1677 2342 δύναμις
1700 2274 1838 2339 ἐξει-

252 2370 401 2425 πεῖν,
454 2368 609 2420 ¹Ἐστι
638 2368 682 2421 δ’
711 2368 801 2421 ὅτε
850 2368 948 2421 καὶ
977 2367 1053 2430 ὼς
1082 2367 1197 2429 ἕνα,
1220 2366 1329 2418 τῶν
1374 2365 1594 2419 πάντων
1633 2365 1836 2427 αὐτοὺς

252 2455 561 2526 ἀνθρώπων
603 2456 724 2526 ὕψει
789 2457 1153 2527 φαινομένους
1184 2470 1199 2486 ⁸
1253 2454 1428 2520 οὕτως
1454 2456 1489 2526 ή
1536 2454 1656 2508 θεία
1679 2456 1839 2525 χάρις

249 2550 615 2620 πολυτρόπως
668 2549 868 2619 ἑαυτὴν
921 2550 983 2602 ἐν
1036 2549 1247 2612 τούτοις
1294 2547 1691 2612 ἐξαλλάττουσα
1745 2548 1839 2600 καὶ

252 2642 611 2697 κςικίλλουσα
643 2642 1009 2713 παιδοτριϐεῖν
1046 2641 1236 2713 ὥσπερ
1262 2640 1359 2694 καὶ
1389 2640 1687 2709 γυμνάζειν
1715 2638 1840 2709 βού-

248 2735 409 2789 λεται
471 2735 572 2805 τὴν
626 2734 824 2805 ψυχὴν,
889 2735 975 2787 ἵνα
1032 2734 1247 2787 τελείαν
1306 2731 1476 2803 αὐτὴν
1532 2732 1628 2786 καὶ
1685 2730 1841 2801 ἀμω-

255 2843 365 2897 μον
408 2827 503 2881 καὶ
552 2826 951 2898 καθαρωτάτην
1006 2824 1085 2896 τῷ
1135 2823 1443 2896 ἐπουρανίῳ
1511 2823 1839 2896 παραστήσῃ

250 2918 557 2988 Πνεύματι.

327 3007 401 3059 Z'.
427 3004 507 3057 Τά
532 3004 798 3077 εἰρημένα
820 3005 979 3058 ταυτὶ
1002 3003 1095 3057 τοῦ
1114 3003 1425 3074 Πνεύμιτος
1453 3002 1804 3074 ἐνεργήματα
1824 3041 1839 3067 ,

252 3096 518 3166 μεγάλων
544 3098 761 3167 μέτρων
793 3096 920 3163 εἰσί,
957 3096 1181 3149 καὶτῶν
1212 3096 1496 3165 ἐγγυτάτω
1526 3097 1625 3164 τῆς
1648 3094 1843 3147 τελειό-

248 3207 439 3262 τητος.
472 3182 644 3243 Δῦται
670 3189 781 3258 γὰρ
800 3190 855 3242 αἱ
892 3188 1134 3242 ποικίλαι
1165 3188 1268 3258 τῆς
1297 3188 1519 3259 χάριτος
1550 3185 1838 3257 παρακλή-

251 3297 371 3344 σεις
394 3280 665 3350 διαφόρως
697 3282 827 3350 μὲν,
860 3280 974 3333 ἀλλ’
1005 3279 1368 3341 ἀδιαλείπτως
1396 3277 1578 3339 αὐτοῖς
1607 3275 1716 3330 ἀπὸ
1748 3275 1839 3328 τοῦ

249 3374 581 3444 Πνεύματος
622 3374 994 3444 ἐνεργοῦνται,
1047 3373 1329 3444 ἐνεργείας
1356 3371 1638 3442 ἐνέργειαν
1669 3369 1843 3422 Πνεύ-

255 3486 434 3540 ματος
459 3467 865 3538 διαδεχομένης.
912 3465 1106 3519 Ὀπότε
1134 3464 1244 3535 γὰρ
1281 3465 1361 3529 εἰς
1388 3463 1488 3534 τὴν
1524 3461 1844 3531 τελειότητά

248 3578 343 3622 τις
385 3559 478 3614 τοῦ
534 3559 853 3628 Πνεύματος
899 3559 1285 3626 καταντήσειε,
1337 3554 1556 3608 πάντων
1596 3554 1843 3626 ἀκριϐῶς

247 3651 368 3705 τῶν
393 3650 580 3704 παθῶν
625 3649 1055 3719 ἀποκαθαρθεὶς,
1097 3649 1193 3701 καὶ
1216 3647 1351 3711 ὅλως
1386 3646 1464 3718 τῷ
1496 3647 1845 3718 Παρακλήτῳ

250 3741 541 3809 Πνεύματι
569 3737 657 3791 διά
684 3737 783 3807 τῆς
812 3737 1052 3808 ἀρρήτου
1088 3733 1373 3796 κοινωνίας
1398 3734 1619 3797 ἐνωθείς
1645 3748 1660 3762 ⁸
1690 3736 1841 3796 ἐπει-

250 3836 361 3889 δὰν
385 3831 481 3883 καὶ
512 3828 649 3899 αὐτὴ
680 3830 712 3899 ὴ
744 3828 890 3900 ψυχὴ
920 3826 1287 3896 καταξιωθείη
1310 3827 1534 3899 Πνεῦμα
1563 3828 1843 3897 γενέσθαι,

251 3924 339 3985 ὡς
388 3918 764 3992 συγκραθεῖσα
806 3918 884 3989 τῷ
926 3917 1226 3988 Πνεύματι,
1250 3918 1374 3971 τότε
1409 3919 1528 3972 ὅλον
1549 3917 1686 3987 φῶς,
1725 3919 1846 3971 ὅλον

253 4014 430 4087 χαρὰ,
456 4015 573 4067 ὅλον
599 4013 926 4075 ἀνάπαυσις,
953 4011 1073 4065 ὅλον
1105 4010 1450 4079 ἀγαλλίασις,
1483 4011 1604 4066 ὅλον
1631 4011 1843 4080 ἀγάπη,

252 4108 384 4162 ὅλον
409 4106 712 4176 σπλάγχνα,
758 4104 878 4157 ὅλον
906 4103 1179 4173 ἀγαθότης
1236 4101 1335 4156 καὶ
1364 4102 1669 4174 χρηστότης
1699 4104 1849 4171 γίνε-

252 4216 355 4254 ται
388 4214 403 4228 ·
433 4199 528 4252 καὶ
556 4198 719 4251 οἱονεὶ
763 4195 1140 4249 καταπέποται
1165 4196 1247 4257 εἰς
1276 4194 1374 4257 τὰς
1405 4193 1606 4263 ἀρετὰς
1631 4195 1728 4264 τῆς
1759 4194 1851 4247 δυ-

253 4292 480 4360 νάμεως
508 4288 603 4343 τοῦ
626 4288 832 4357 ἀγαθοῦ
859 4287 1195 4356 Πνεύματος,
1218 4286 1292 4348 ὡς
1317 4287 1376 4339 ἐν
1398 4285 1622 4357 ἀϐύσσῳ
1649 4286 1845 4341 θαλάσ⁶

258 4401 368 4454 σης
394 4383 542 4446 λίθος
593 4381 746 4436 ὕδατι
801 4380 1139 4450 πανταχόθεν
1186 4379 1581 4451 περισχόμενος
1613 4395 1628 4410 ’
1676 4379 1848 4453 ταύτῃ

1936 1925 2062 1971 cant
2115 1915 2373 1984 pedibus.
2437 1915 2536 1969 Est
2601 1931 2725 1970 cum
2776 1915 2924 1983 ipsos
2982 1916 3152 1969 multa
3194 1915 3524 1970 circumam-

1936 2007 2194 2077 plectitur
2251 2006 2519 2061 serenitas
2558 2016 2613 2060 et
2664 2006 3055 2075 tranquillitas,
3108 2022 3322 2076 paxque
3374 2007 3524 2063 fovet

1938 2097 2119 2162 beata,
2154 2104 2211 2150 et
2235 2096 2518 2166 voluptate
2542 2095 2667 2150 imis
2692 2095 2747 2148 in
2782 2094 3039 2149 sensibus
3065 2094 3343 2147 delibutos
3365 2108 3522 2164 pror-

1937 2203 2034 2243 sus
2064 2186 2221 2244 mira.
2258 2187 2472 2242 Rursus
2523 2186 2821 2256 prudentia
2847 2226 2861 2251 ,
2900 2184 3173 2254 sapientia
3228 2184 3415 2239 divina
3465 2192 3524 2240 et

1938 2277 2255 2349 cognitione
2301 2276 2537 2346 Spiritus
2574 2273 2839 2329 ineffabili
2900 2274 3155 2338 beantur,
3204 2281 3261 2327 et
3322 2278 3405 2326 tot
3454 2286 3521 2327 ac

1940 2376 2122 2422 tantas
2168 2382 2257 2422 res
2311 2382 2342 2421 a
2384 2367 2556 2437 gratia
2609 2364 2813 2419 Christi
2864 2363 3193 2430 edocentur,
3257 2371 3319 2417 ut
3371 2362 3523 2417 nulla

1938 2460 2125 2530 lingua
2155 2473 2220 2514 ea
2251 2459 2425 2528 possit
2452 2458 2632 2512 effari.
2663 2458 2760 2512 Est
2783 2472 2916 2512 vero
2945 2456 3167 2526 quando
3195 2468 3306 2510 non
3338 2455 3429 2509 alii
3461 2472 3525 2511 ac

1940 2567 2085 2606 unus
2123 2566 2192 2605 ex
2216 2552 2378 2621 vulgo
2423 2558 2747 2620 appareant.
2804 2549 2895 2604 Sic
2938 2548 3297 2603 multifariam
3339 2548 3526 2603 divina

1941 2643 2117 2713 gratia
2157 2658 2216 2698 se
2248 2644 2421 2712 ipsam
2457 2642 2679 2696 varians
2721 2657 2784 2695 ac
2815 2640 3199 2711 multipliciter
3256 2639 3527 2694 transfor-

1943 2751 2100 2790 mans
2123 2750 2385 2791 exercere
2415 2736 2535 2789 vult
2595 2749 2659 2788 ac
2703 2734 2922 2788 diverse
2951 2733 3230 2788 instruere
3264 2732 3526 2796 animam,

1943 2833 2005 2878 ut
2062 2824 2358 2893 perfectam
2418 2824 2624 2893 ipsam,
2669 2822 3116 2887 immaculatatn,
3174 2821 3529 2890 purissimam

1943 2917 2322 2986 supercmlesti
2350 2916 2503 2969 sistat
2537 2914 2785 2984 Spiritui.

2014 3009 2128 3064 Vll.
2180 3009 2243 3061 Hi
2284 3023 2423 3077 quos
2478 3006 2643 3061 modo
2706 3005 2947 3059 diximus
3005 3004 3243 3074 Spiritus
3299 3002 3532 3058 effectus

1945 3116 2270 3173 magnorum
2300 3100 2569 3171 graduum
2600 3106 2764 3161 sunt,
2798 3107 2855 3152 et
2884 3095 3214 3167 perfectioni
3250 3095 3531 3165 proximo-

1944 3210 2090 3248 rum.
2127 3193 2221 3247 llae
2257 3192 2530 3261 siquidem
2573 3191 2805 3244 diversae
2858 3188 3266 3244 consolationes
3311 3187 3527 3257 gratiae,

1945 3285 2273 3341 differenter
2302 3284 2525 3354 quidem
2578 3291 2841 3338 caeterum
2875 3281 3257 3336 indesinenter
3307 3280 3361 3333 in
3403 3279 3471 3334 iis
3497 3294 3531 3334 a

1946 3372 2155 3443 Spiritu
2189 3382 2542 3438 exercentur,
2577 3372 2900 3440 operatione
2926 3369 3304 3440 operationem
3356 3366 3533 3437 Spiri-

1945 3472 2034 3519 tus
2094 3478 2312 3532 semper
2357 3461 2705 3531 excipiente.
2736 3460 2967 3526 Quando
3001 3459 3149 3512 enim
3200 3458 3403 3527 aliquis
3460 3456 3529 3511 ad

1946 3554 2337 3626 perfectionem
2391 3553 2630 3623 Spiritus
2652 3552 2987 3622 pervenerit,
3026 3552 3243 3605 cunctis
3287 3549 3530 3619 perfecte

1946 3646 2459 3719 perturbationibus
2533 3654 2838 3715 purgatus,
2908 3652 2965 3697 et
3017 3652 3168 3698 totus
3240 3640 3529 3697 Paracleto

1947 3737 2175 3805 Spiritui
2210 3752 2308 3805 per
2350 3735 2684 3789 ineffabilem
2717 3732 3161 3788 communionem
3197 3733 3421 3796 unitus;
3474 3740 3533 3786 et.

1948 3844 2071 3885 eum
2096 3829 2217 3897 ejus
2246 3827 2427 3881 anima
2460 3828 2527 3880 ad
2556 3842 2676 3880 eam
2698 3835 2890 3880 evecta
2928 3825 3302 3895 dignationem
3328 3824 3528 3889 fuerit,

1948 3928 2011 3974 ut
2028 3919 2269 3989 Spiritus
2319 3926 2375 3974 et
2400 3918 2516 3987 ipsa
2563 3918 2657 3980 sit,
2686 3917 2740 3971 in
2774 3932 2943 3971 unum
2979 3932 3102 3971 cum
3153 3916 3361 3985 Spiritu
3395 3930 3531 3970 con~

1949 4022 2135 4079 creta;
2169 4020 2301 4067 tunc
2324 4020 2472 4066 totus
2502 4011 2615 4076 lux,
2638 4020 2785 4065 totus
2818 4010 3104 4080 gaudium,
3124 4017 3272 4063 totus
3292 4008 3528 4075 requies,

1952 4115 2099 4162 totus
2148 4090 2486 4169 exsultatio,
2547 4111 2698 4158 totus
2719 4102 2985 4166 charitas,
3045 4109 3193 4156 totus
3250 4101 3534 4156 visceralis

1948 4197 2276 4268 compassio,
2315 4206 2461 4251 totus
2508 4195 2760 4259 bonitas,
2795 4202 2943 4249 totus
2984 4192 3295 4262 benignitas
3332 4192 3418 4258 fit;
3476 4200 3541 4245 et

1952 4288 2109 4359 quasi
2146 4288 2439 4356 absorptus
2471 4286 2821 4355 immergitur
2870 4284 2926 4337 in
3004 4284 3235 4337 virtutes
3277 4284 3536 4352 polentia:

1955 4380 2085 4435 boni
2116 4378 2377 4450 Spiritus,
2438 4378 2583 4433 sicut
2647 4377 2701 4431 in
2758 4376 2960 4446 abysso
2994 4375 3163 4429 maris
3211 4374 3350 4443 lapis
3392 4389 3535 4443 aqua

257 4475 559 4545 τοιγαροῦν
605 4476 654 4527 οἱ
697 4474 887 4527 τοιοίδε
934 4472 1076 4526 κατά
1120 4473 1300 4527 πάντα
1352 4472 1576 4542 τρόπον,
1627 4471 1707 4542 τῷ
1750 4472 1837 4525 τοῦ

1956 4474 2322 4541 undecunque
2352 4470 2811 4541 comprehensus.
2848 4467 2905 4521 ln
2938 4469 3083 4521 hunc
3111 4468 3277 4537 igitur
3309 4466 3536 4520 modum

264 4566 409 4621 θεοῦ
434 4565 712 4634 Πνεύματι
744 4564 1127 4634 συναφθέντες,
1158 4564 1307 4635 αὺτῷ
1337 4564 1415 4635 τῷ
1442 4564 1663 4636 Χριστῷ
1698 4566 1849 4633 ἀφω-

260 4660 551 4730 μοὶωνται,
615 4659 715 4720 τὰς
778 4657 981 4729 ἀρετάς
1024 4656 1122 4710 τοῦ
1169 4656 1489 4725 Πνεύματος
1544 4657 1851 4727 ἀτρέπτους

256 4753 397 4821 παρ’
429 4751 639 4813 ἐαυτοῖς
696 4750 931 4819 ἔχοντες,
980 4750 1074 4802 καὶ
1130 4750 1379 4819 καρποὺς
1409 4748 1686 4812 τοιούτους
1733 4751 1847 4812 τοῖς

261 4839 436 4891 πᾶσιν
464 4838 918 4908 ἐπιδεικνύμενοι.
953 4838 1076 4891 Ἐπὶ
1103 4838 1211 4908 γάρ
1239 4838 1385 4893 ἐνδον
1414 4838 1635 4909 ἄμωμοί
1665 4856 1723 4893 τε
1758 4840 1852 4893 καὶ

258 4930 498 4999 καθαροὶ
521 4930 609 4983 διὰ
638 4930 733 4982 τοῦ
756 4929 1076 5001 Πνεύματος
1099 4930 1539 5010 ἀπηρτίσθησαν,
1566 4932 1848 5003 ἀμήχανον

258 5024 373 5087 ἔξω
404 5024 650 5093 καρποὺς
701 5023 902 5085 κακίας
962 5025 1386 5092 προσενεγκεῖν,
1436 5023 1571 5075 ἀλλά
1618 5026 1850 5077 πάντοτε

257 5118 357 5169 διὰ
378 5119 597 5169 πάντων
628 5118 676 5169 οἰ
709 5118 911 5188 καρποὶ
937 5116 1029 5168 τοῦ
1058 5116 1371 5185 Πνεύματος
1404 5118 1462 5169 ἐν
1493 5117 1703 5179 ἑαυτοῖς
1727 5116 1850 5170 δια-

258 5209 577 5276 λάμπουσιν
607 5226 620 5239 ·
649 5209 789 5280 αῦτη
817 5212 964 5262 ἐστὶν
1003 5210 1037 5280 ή
1066 5209 1319 5280 προκοπὴ
1348 5213 1447 5280 τῆς
1478 5210 1852 5280 πνευματικῆς

263 5299 632 5370 τελειότητος,
689 5301 785 5354 τοῦ
849 5300 1216 5371 πληρώματος
1238 5300 1332 5353 τοῦ
1376 5300 1633 5371 Χριστοῦ,
1683 5303 1762 5363 εἰς
1787 5302 1854 5371 ἣν

263 5392 477 5461 φθάσαι
529 5395 674 5463 ἡμᾶς
721 5395 750 5446 ὁ
800 5394 1121 5457 ’Λπόστολος
1145 5396 1402 5463 παραινεί
1446 5393 1620 5461 λέγων
1656 5410 1670 5424 ο
1711 5393 1844 5447 Ἵνα

259 5484 627 5555 πληρωθῆτε
674 5489 761 5554 εις
820 5481 945 5544 πᾶν
989 5487 1056 5541 τὸ
1107 5486 1399 5556 πλήρωμα
1440 5484 1547 5540 τοῦ
1574 5483 1851 5555 Χριστοῦ.

352 5756 397 5788 ¹⁰
424 5753 626 5823 Ephes.
665 5768 746 5818 Ill,
786 5753 871 5807 19.

1948 4567 2083 4621 tales
2119 4565 2370 4620 homines
2416 4562 2731 4618 omnimode
2766 4563 2859 4617 Dei
2906 4560 3137 4631 Spiritui
3164 4562 3531 4622 cohaerentes,

1948 4658 2051 4727 ipsi
2074 4655 2295 4711 Christo
2343 4655 2742 4717 assimilantur,
2777 4653 3015 4706 virtutes
3048 4651 3292 4720 Spiritus
3335 4651 3534 4703 immu-

1948 4751 2147 4806 tabiles
2177 4750 2233 4804 in
2265 4765 2323 4804 se
2358 4750 2491 4819 ipsis
2520 4749 2787 4803 habentes
2812 4789 2827 4813 ,
2877 4757 2932 4801 et
2956 4747 3171 4799 fructus
3202 4744 3271 4797 iis
3296 4758 3535 4797 consen-

1950 4856 2138 4901 taneos
2168 4843 2388 4899 cunctis
2418 4842 2761 4897 exhibentes.
2800 4840 2945 4894 Fieri
2989 4838 3135 4893 enim
3195 4836 3389 4904 nequit
3454 4841 3536 4899 ut,

1956 4952 2080 4993 cum
2106 4936 2255 4991 intus
2283 4934 2386 5003 ipsi
2418 4934 2683 5003 inculpati
2708 4942 2764 4986 et
2792 4931 2914 5002 puri
2939 4946 3037 4999 per
3070 4928 3331 4997 Spiritum
3356 4925 3539 4980 effecti

1958 5030 2089 5093 sint,
2120 5027 2336 5081 fructus
2359 5035 2513 5079 extra
2541 5024 2765 5079 malitia:
2805 5022 3115 5092 proferant;
3160 5018 3256 5073 sed
3286 5016 3434 5071 omni
3472 5031 3539 5069 ex

1957 5128 2111 5189 parte
2142 5134 2241 5188 per
2298 5117 2483 5171 omnia
2534 5116 2745 5169 frttctus
2795 5116 2849 5168 in
2885 5115 2952 5168 iis
2992 5112 3241 5183 Spiritus
3295 5111 3536 5164 elucent.

1960 5208 2108 5262 Talis
2157 5206 2437 5277 profectus
2469 5216 2554 5260 est
2604 5204 2909 5274 spiritualis
2960 5200 3335 5272 perfectionis,
3367 5198 3537 5269 pleni-

1961 5300 2155 5353 tudinis
2188 5298 2405 5363 Christi,
2459 5298 2515 5351 in
2545 5312 2708 5366 quam
2749 5310 3043 5350 occurrere
3102 5308 3204 5347 nos
3242 5292 3539 5361 Apostolus

1961 5390 2494 5445 adhortaturdicens
2521 5406 2535 5442 :
2568 5387 2630 5444 Ut
2686 5387 3015 5458 impleamini
3044 5387 3097 5439 in
3136 5400 3343 5439 omnem
3368 5382 3539 5450 pleni-

1962 5484 2197 5555 tudinem
2244 5482 2437 5538 Christi
2462 5483 2527 5539 ¹⁰.
2583 5481 2651 5535 Et
2693 5495 2935 5536 rursus:
2970 5477 3145 5531 Donec
3203 5489 3544 5530 occurramus
