4044 6536
650 314 757 379 915

1903 316 1963 376 S.
2006 315 2219 375 MACAI

2368 317 2690 381 IEGYPTII
3742 330 3810 396 916

646 429 701 482 in
730 426 899 479 virum
932 426 1221 497 perfectum
1251 426 1305 479 in
1342 439 1645 479 mensuram
1686 423 1859 478 (etatis
1893 423 2219 494 plenitudinit

2340 427 2451 481 Καὶ
2498 429 2662 482 πάλιν
2686 446 2699 459 ·
2748 428 2937 499 Μέχρι
2971 430 3438 498 καταντήσωμεν
3469 432 3548 496 εις
3586 433 3811 505 ἀνδρατέ.

648 516 842 573 Christi
860 518 922 572 “.

722 702 884 771 200
910 702 1045 756 VIII.
1083 702 1179 756 Est
1208 701 1464 772 quando,
1500 701 1662 756 simul
1690 717 1755 757 ac
1790 700 1984 773 incipit
2022 702 2230 773 aliquis

650 808 791 861 genu
811 791 1052 855 ﬂectere,
1069 793 1290 861 plenum
1312 792 1444 845 huic
1468 801 1695 861 repente
1710 792 2228 863 divinaoperatione

652 885 711 937 Iit
743 898 873 949 cor;
901 892 957 937 et
987 883 1166 936 anima
1197 881 1613 937 condelectatur
1647 883 1897 947 Domino,
1926 884 1998 939 ad
2033 884 2225 950 instar,

652 984 711 1028 ut
732 976 938 1029 dictum
956 983 1059 1035 est,
1084 990 1296 1043 sponsae
1317 991 1439 1029 cum
1461 990 1682 1044 sponso.
1708 976 1821 1030 Hoc
1845 991 2075 1048 magnus
2094 978 2229 1033 dicit

650 1063 815 1117 Isaias
836 1082 848 1115 :
872 1062 984 1127 Quo
1009 1064 1147 1116 enim
1167 1065 1317 1116 modo
1336 1064 1528 1133 gaudet
1545 1081 1764 1132 sponsus
1781 1081 1940 1134 super
1952 1083 2223 1137 sponsam,

644 1152 721 1204 sic
748 1151 991 1220 gaudebit
1025 1150 1280 1206 Dominus
1307 1169 1461 1221 super
1489 1160 1536 1205 te
1558 1153 1621 1206 ι’.
1647 1153 1741 1207 Est
1776 1153 1939 1206 etiam
1958 1193 1973 1216 ,
2007 1154 2226 1222 quando

652 1245 922 1315 contingit
964 1246 1223 1314 occupari
1248 1246 1468 1315 quidem
1503 1246 1664 1300 talem
1698 1254 1811 1299 tota
1837 1246 1958 1313 die;
1995 1263 2103 1301 una
2131 1263 2226 1303 au-

646 1344 755 1387 tem
787 1335 878 1389 ubi
910 1351 968 1390 se
995 1335 1138 1390 idem
1182 1336 1314 1389 hora
1340 1336 1577 1390 orationi
1625 1338 1962 1405 permiserit,
2016 1339 2224 1408 rapitur

643 1428 712 1483 ab
740 1428 856 1497 ipsa
890 1429 1123 1483 interior
1156 1429 1342 1493 homo,
1375 1439 1429 1483 ct
1460 1428 1728 1483 immenso
1761 1432 2035 1499 profundo
2073 1433 2223 1489 illius

639 1522 827 1575 seculi
852 1521 1021 1575 futuri
1055 1530 1271 1575 tenetur
1295 1522 1744 1589 comprehensus.
1769 1520 2019 1578 Oblectet
2038 1535 2221 1579 autem

644 1611 823 1679 ipsum
862 1628 1058 1666 arcana
1092 1620 1148 1665 et
1182 1611 1478 1667 inetl'abilis
1520 1612 1800 1682 voluptas,
1833 1615 1906 1669 ita
1956 1626 2016 1669 ut
2067 1633 2222 1673 mens

642 1702 864 1771 quidem
904 1704 1255 1773 Obstupescat
1325 1711 1435 1757 tota
1493 1719 1760 1773 suspensa
1792 1706 1933 1761 etin
1982 1709 2220 1765 sublime

2337 523 2526 585 λειον,
2575 524 2660 587 εις
2684 522 2907 591 μέτρον
2953 522 3197 589 ἡλικίας
3238 520 3347 576 τοῦ
3376 522 3720 594 πληρώματος
3743 537 3811 589 τοῦ

2338 609 2615 677 Χριστοῦ.

2408 705 2489 756 Η’.
2535 704 2721 757 Ἔστιν
2759 704 2870 767 ὅτε,
2903 704 3090 773 φησὶν,
3113 703 3515 775 είσέρχεταίτις
3544 706 3693 760 κλῖναι
3710 713 3811 779 γὸνδ,

2336 794 2431 847 καὶ
2456 793 2629 862 τούτῳ
2671 794 2705 863 ἡ
2736 792 2933 863 καρδία
2973 792 3144 863 μεστὴ
3172 793 3326 856 θείας
3358 795 3619 865 ἐνεργείας
3649 799 3813 868 vivs-.11,

2337 886 2430 938 καὶ
2457 887 2491 955 ἡ
2513 884 2659 954 ψυχὴ
2688 885 3133 954 συνευφραίνεται
3171 886 3380 955 Κυρίῳ,
3411 886 3637 956 καθάπερ
3659 890 3735 961 ήδη

2335 975 2604 1044 δήλωται,
2646 975 2864 1046 νύμφης
2887 976 3089 1046 τρόπον
3118 976 3258 1030 κατὰ
3284 977 3378 1029 τοῦ
3411 979 3643 1047 νυμφίου.
3675 982 3718 1033 '0
3756 986 3813 1051 μὲ-

2337 1081 2437 1132 γας
2461 1064 2620 1117 τοῦτό
2646 1081 2814 1134 φησιν
2857 1065 3085 1129 Ἡσαΐας
3107 1081 3122 1095 '
3159 1066 3268 1118 Ὃν
3288 1066 3397 1136 γὰρ
3426 1068 3630 1134 τρόπον
3646 1072 3816 1138 augmi-

2334 1173 2492 1209 νεται
2517 1157 2778 1225 νυμφίος
2800 1157 2899 1211 ἐπὶ
2926 1157 3185 1226 νύμφης,
3213 1159 3400 1223 οὕτως
3432 1160 3816 1227 εὐφρανθήσεται

2332 1251 2547 1317 Κύριος
2581 1249 2678 1302 ἐπὶ
2710 1250 2831 1303 σοι·
2870 1249 3053 1303 ἔστιδ’
3080 1250 3167 1303 ὅτε
3201 1249 3400 1320 συνέϐη
3432 1251 3528 1319 μὲν
3557 1250 3819 1321 ἀσχολεῖσθαι

2331 1341 2423 1394 τὸν
2445 1341 2683 1396 τοιοῦτον
2704 1341 2831 1413 ὅλης
2866 1341 3100 1413 ἡμέρας,
3133 1342 3275 1396 κατὰ
3300 1342 3357 1394 δὲ
3384 1341 3510 1412 μίαν
3531 1342 3661 1413 ὥραν
3680 1346 3741 1408 εἰς
3764 1349 3820 1398 εὖ·

2332 1434 2433 1505 χὴν
2478 1433 2670 1487 ἑαυτὸν
2710 1432 3100 1503 ἐπιτρέψαντα,
3151 1434 3458 1502 ἀρπάζεται
3508 1436 3628 1504 παρ’
3666 1438 3823 1507 αὐτῆςί

2332 1525 2439 1577 έσω
2466 1523 2776 1596 ἄνθρωπος,
2810 1524 2905 1577 καὶ
2929 1524 3159 1594 κάτοχος
3179 1525 3393 1595 ἀπείρῳ
3423 1524 3569 1595 βάθει
3591 1527 3672 1579 τοῦ
3688 1530 3823 1593 αἰῶνος

2330 1618 2542 1672 ἐκείνου
2571 1618 2802 1687 γίνεται.
2840 1619 2992 1688 Ἔχει
3021 1618 3075 1671 δὲ
3106 1617 3267 1672 αὑτὸν
3290 1618 3593 1688 ἀπόρρητος
3611 1619 3758 1689 ἡδονὴ,
3776 1621 3825 1683 ὡς

2334 1710 2733 1781 ἐκπλήττεσθαι
2784 1710 2886 1781 μὲν
2915 1712 3007 1766 τὸν
3033 1710 3157 1765 νοῦν
3201 1712 3482 1783 μετέωρον
3504 1711 3616 1765 ὅλον
3636 1712 3740 1765 ὄντα
3762 1716 3824 1767 καὶ

641 1803 830 1862 rapta;
859 1795 1171 1865 oblivioque
1220 1795 1452 1849 internis
1491 1796 1749 1851 sensibus
1802 1798 2067 1867 subrepat
2113 1808 2219 1856 ter-

2327 1803 2682 1874 ήρπαγμένον
2707 1818 2722 1832 ·
2782 1802 2953 1873 λήθην
2983 1802 3041 1855 δὲ
3088 1803 3208 1863 ταῖς
3236 1802 3434 1871 φρεσὶν
3462 1802 3738 1870 ἐγγίνεσθαι
3762 1805 3825 1857 τοῦ

642 1901 788 1939 rens:
818 1886 980 1957 hujus
1026 1887 1214 1940 mundi
1266 1886 1582 1956 sapientia};
1617 1897 1808 1957 utpote
1862 1891 2089 1959 repletis
2117 1891 2221 1962 ipsi

638 1974 851 2044 objecto
879 1976 1115 2047 digniori
1147 1977 1575 2047 cogitationibus
1596 2018 1611 2039 ,
1669 1986 1727 2032 ut
1776 1980 1985 2035 dictum
2019 1992 2134 2047 est,
2166 1992 2224 2038 et

638 2066 873 2135 captivis
921 2068 1114 2136 procul
1159 2068 1418 2123 abductis
1454 2070 1922 2139 contemplatione
1972 2073 2222 2130 inﬁnita-

638 2172 761 2210 rum
815 2165 871 2212 et
926 2158 1571 2228 incomprehensibilium
1624 2176 1811 2215 rerum
1842 2201 1857 2227 ,
1897 2173 1961 2217 ut
2016 2164 2072 2219 in
2128 2165 2219 2220 illa

638 2249 773 2304 hora
802 2265 901 2320 per
926 2252 1232 2307 orationem
1284 2252 1496 2306 homini
1536 2252 1751 2308 accidat
1792 2256 2014 2312 evolare
2058 2257 2221 2313 simul

637 2354 763 2393 cum
790 2342 1039 2395 oratione
1062 2341 1236 2411 ipsius
1256 2343 1515 2397 animam.

706 2448 801 2504 IX.
843 2449 925 2505 Ad
947 2450 1375 2523 interrogantem
1426 2462 1632 2518 autem,
1691 2471 1760 2510 an
1790 2457 2067 2527 "possibile
2114 2460 2218 2515 ho-

637 2542 770 2596 mini
795 2543 867 2598 sit
895 2544 951 2598 in
980 2559 1047 2599 eo
1070 2560 1288 2615 semper
1317 2555 1463 2601 statu
1493 2546 1716 2612 durare,
1762 2549 1846 2604 sic
1874 2552 2219 2622 responden-

633 2634 765 2689 dum
786 2645 873 2691 est
907 2652 1227 2706 :nunquam
1273 2638 1497 2708 quidem
1526 2640 1756 2708 gratiam
1791 2657 1902 2696 non
1937 2642 2137 2706 inesse.
2162 2654 2218 2701 et

634 2742 745 2781 non
794 2728 1015 2798 penitus
1040 2729 1276 2783 radicari
1323 2730 1487 2799 quasi
1532 2731 1933 2787 coalescentem
1955 2733 2011 2787 in
2058 2744 2219 2789 natu-

635 2830 753 2869 ram
785 2832 958 2871 unam
1011 2817 1220 2871 homini
1254 2816 1309 2870 in
1344 2832 1455 2888 quo
1484 2825 1589 2873 est.
1622 2817 1894 2873 Caeterum
1943 2835 2051 2875 una
2089 2836 2217 2876 cum

628 2907 705 2962 sit
732 2908 871 2978 ipsa,
909 2924 1019 2963 non
1051 2925 1162 2964 uno
1198 2920 1379 2965 tamen
1413 2910 1598 2976 modo,
1657 2911 1755 2966 sed
1809 2913 2213 2983 multipliciter,

635 3009 804 3068 prout
828 3001 968 3066 vult,
1000 3010 1056 3056 et
1086 3002 1383 3057 convenire
1420 3003 1573 3058 videt
1596 3003 1664 3059 ad
1704 3004 1877 3074 ipsius
1920 3006 2215 3062 utilitatem

635 3089 893 3155 hominis,
924 3092 1104 3145 varias
1156 3091 1570 3161 vicissitudines
1598 3093 1913 3164 dispensat.
1946 3096 2085 3151 Nam
2114 3098 2216 3153 ali-

634 3181 857 3248 quando
901 3181 1127 3250 quidem
1173 3184 1445 3239 acriorem
1476 3186 1603 3254 ipsi,
1653 3186 1951 3257 aliquando
2002 3188 2218 3260 langui-

636 3272 851 3329 diorem
903 3275 1177 3331 ﬂammam
1227 3277 1472 3349 subjicit.
1515 3279 1615 3334 Est
1648 3280 1869 3350 quando
1893 3281 1988 3334 lux
2045 3283 2218 3353 magis

636 3367 1020 3436 resplendeat;
1072 3377 1157 3424 est
1208 3370 1430 3440 quando
1484 3371 1779 3426 contrahat
1821 3371 2114 3444 fulgorem,
2161 3384 2219 3429 et

637 3458 927 3529 caliginem
962 3461 1201 3516 obducat
1222 3462 1538 3532 quamdam,
1563 3461 1752 3517 divina
1782 3478 2010 3534 prorsus
2033 3464 2220 3536 dispo-

636 3551 877 3616 sitione,
936 3552 1191 3623 lampade
1262 3556 1791 3626 inexstinguibiliter
1858 3557 2220 3615 nihilominus

635 3643 888 3698 ardente.
919 3644 1148 3711 Quando
1175 3662 1307 3702 vero
1359 3648 1677 3719 fulgentiori
1701 3657 1754 3703 ct
1785 3650 1998 3720 puriori
2040 3652 2221 3707 radiat

629 3733 867 3800 lumine,
896 3738 1048 3792 velut
1081 3738 1475 3794 abundantiori
1519 3750 1654 3811 potu
1686 3742 2028 3799 exhilaratus
2054 3745 2220 3801 homo

636 3827 840 3883 festum
899 3828 1043 3884 diem
1091 3832 1355 3887 celebrat.
1411 3833 1510 3887 Est
1544 3833 1713 3888 etiam
1766 3849 1893 3889 cum
1929 3836 2110 3905 ipsum
2158 3835 2216 3892 in

626 3921 806 3977 corde
865 3923 1078 3978 micans
1136 3925 1323 3979 lumen
1389 3926 1551 3981 alteri
1609 3926 1804 3981 lumini
1854 3928 1956 3983 sub
2002 3928 2220 3984 intimis

638 4012 967 4081 profundius
987 4016 1180 4071 latenti
1202 4017 1353 4071 velut
1398 4017 1696 4073 fenestram
1720 4020 1918 4088 aperit,
1959 4029 2019 4075 ut
2054 4021 2221 4077 homo

630 4113 789 4159 totus
834 4105 1122 4162 dulcedine
1168 4109 1263 4163 illa
1303 4117 1361 4163 et
1399 4111 1773 4180 speculatione
1810 4113 1973 4182 plane
2020 4113 2220 4170 absor-

640 4207 787 4265 ptus,
815 4200 1188 4269 nonamplius
1239 4201 1292 4255 in
1317 4217 1375 4256 se
1405 4202 1524 4272 ipso
1550 4202 1656 4268 sit,
1692 4203 1788 4258 sed
1811 4204 1973 4273 quasi
2023 4204 2210 4262 fatuus

639 4299 695 4344 et
722 4290 918 4345 noxius
948 4291 1215 4346 habeatur
1241 4294 1471 4357 mundo,
1498 4304 1731 4365 propter
1764 4295 2056 4353 inusitatas
2098 4297 2219 4353 ille-

639 4382 838 4437 cebras
896 4385 1101 4439 amoris
1160 4394 1217 4439 et
1273 4387 1576 4456 voluptatis
1637 4397 1693 4443 et
1745 4389 2217 4459 profunditatem,

2324 1894 2571 1963 ἐπιγείου
2599 1894 2755 1950 τοῦδε
2782 1895 3131 1965 φρονήματος
3153 1912 3167 1926 ’
3211 1894 3305 1949 ἆτε
3331 1896 3695 1966 μεστωθέντων
3724 1899 3824 1966 αὐτῷ

2320 1984 2431 2038 τῶν
2459 1985 2757 2056 λογισμῶν,
2801 1987 2992 2055 ὥσπερ
3022 1988 3258 2058 εἴρηται,
3289 1987 3383 2040 καὶ
3409 1988 3490 2049 είς
3530 1989 3768 2057 ἀπέραντά
3786 2006 3825 2041 τε

2321 2080 2413 2132 καὶ
2445 2079 2807 2150 ἀκατάληπτα
2842 2081 3148 2151 πράγματα
3182 2080 3547 2150 αἰχμαλώτων
3582 2084 3709 2151 αὐτῷ
3754 2086 3824 2137 ἀπ·

2321 2172 2621 2243 αχθέντων,
2647 2173 2725 2236 ὡς
2756 2173 2816 2226 ὲν
2841 2171 3022 2245 ἐκείνῃ
3051 2172 3169 2244 ὥρᾳ
3196 2174 3263 2226 δι’
3316 2174 3482 2244 εὐχῆς
3501 2175 3577 2246 τῷ
3622 2176 3826 2249 MM

2320 2264 2563 2331 γίνεσθαι
2625 2264 2981 2319 συναπελθείν
3047 2267 3163 2336 ἅμα
3212 2268 3279 2338 τῇ
3332 2269 3468 2337 εὐχῇ
3519 2269 3607 2322 καὶ
3651 2271 3733 2338 τὴν
3757 2270 3826 2338 ςυ-

2318 2360 2443 2432 xiv.

2386 2472 2463 2529 6'.
2520 2472 2665 2544 Πρὸς
2690 2473 2747 2527 δέ
2772 2490 2837 2543 γε
2865 2474 2957 2527 τὸν
3001 2475 3311 2544 ἐρωτῶντα,
3339 2479 3509 2547 φησὶν
3528 2517 3543 2541 ,
3588 2479 3634 2530 εί
3656 2478 3825 2532 πάντοτε

2316 2565 2541 2622 δυνατὸν
2558 2565 2634 2637 τῷ
2664 2565 2934 2639 ἀνθρώπῳ
2956 2569 3022 2637 τῇ
3046 2567 3267 2638 τοιαύτῃ
3279 2568 3525 2639 διαρκεῖν
3540 2570 3826 2635 καταστάσει,

2316 2658 2491 2713 ταῦτα
2538 2658 2792 2712 λεκτέονο
2846 2660 2924 2722 ὡς
2973 2660 3006 2729 ἡ
3056 2659 3153 2730 μὲν
3185 2660 3343 2729 χάρις
3377 2659 3481 2712 οὐκ
3527 2660 3663 2713 ἐστιν
3686 2660 3826 2728 ὅτειῴ

2319 2747 2532 2801 σύνεστι
2565 2748 2661 2802 καὶ
2693 2748 3009 2820 ἐρρίζωται,
3050 2750 3145 2803 καὶ
3182 2748 3259 2813 ὡς
3285 2750 3515 2819 φυσικόν
3551 2766 3602 2803 τι
3642 2750 3827 2818 πεπηγὸς

2317 2840 2595 2907 ἐγγίνεται
2614 2839 2693 2909 τῷ
2721 2838 2993 2911 ἀνθρώπῳ
3018 2833 3061 2909 ᾧ
3094 2840 3309 2894 σύνεστι
3330 2856 3345 2871 '
3379 2842 3479 2911 μία
3505 2842 3561 2894 δὲ
3595 2837 3711 2894 οὖσα
3732 2842 3827 2910 αὐτὴ

2316 2930 2693 3002 πολυτρόπως,
2715 2930 2791 2994 ὡς
2824 2931 3022 2995 ἐθέλει,
3052 2931 3190 3002 πρὸς
3227 2932 3286 2985 τὸ
3322 2932 3418 2984 τοῦ
3444 2932 3709 3003 ἀνθρώπου
3738 2948 3830 3001 ssp-

2316 3022 2504 3093 φέρον,
2532 3024 2809 3093 οἰκονομεῖ
2830 3040 2844 3053 ⁸
2875 3023 3007 3077 ποτὲ
3046 3024 3145 3094 μὲν
3170 3025 3280 3096 γὰρ
3307 3025 3473 3080 πλέον
3506 3026 3645 3097 αὐτῷ
3667 3028 3718 3079 τὸ
3740 3025 3829 3093 πῦρ.

2318 3117 2449 3169 ποτὲ
2487 3116 2544 3169 δὲ
2573 3116 2913 3187 ἀμϐλύτερον
2944 3117 3221 3173 ἁνακαίει.
3256 3119 3365 3171 Καὶ
3395 3118 3458 3171 τὸ
3488 3120 3618 3188 φῶς,
3646 3120 3740 3171 ἐπι
3765 3118 3830 3187 μὲν

2320 3208 2410 3261 ὅτε
2456 3208 2658 3278 μᾶλλον
2707 3208 2977 3280 ἐκλάμπει
3001 3250 3016 3274 ,
3053 3210 3169 3264 ἐστι
3212 3210 3258 3263 δ’
3290 3212 3379 3264 ὅτε
3422 3211 3521 3264 καὶ
3557 3210 3830 3263 συστέλλεται

2321 3302 2417 3353 καὶ
2470 3301 2857 3371 ὲπιστυγνάζει
2918 3303 3059 3355 κατὰ
3099 3303 3254 3356 Θείαν
3296 3304 3521 3366 πάντως
3566 3302 3830 3372 οξκονομίαν,

2322 3392 2565 3461 καίτοιγε
2596 3395 2696 3465 τῆς
2732 3393 3013 3465 λαμπάδος
3054 3395 3297 3450 ἄσϐεστα
3337 3397 3647 3467 καιομένης.
3675 3397 3773 3448 Ὅτε
3796 3394 3832 3445 δὲ

2323 3485 2627 3556 φαιδρυνθῇ
2661 3485 2844 3553 πλέον,
2880 3487 3002 3539 τότε
3027 3487 3279 3559 καθάπερ
3310 3488 3369 3541 έν
3407 3487 3549 3560 μέθῃ
3575 3488 3749 3539 πλείονι
3768 3486 3832 3552 τῆς

2321 3569 2415 3625 τοῦ
2450 3571 2586 3625 Θεοῦ
2622 3574 2843 3644 ἀγάπης
2893 3575 2987 3628 καὶ
3027 3575 3055 3627 ὁ
3082 3576 3369 3647 ἄνθρωπος
3396 3576 3728 3648 έορτὰζεταιε
3757 3577 3833 3628 ἐστι

2321 3664 2365 3717 δ’
2389 3665 2479 3718 ὅτε
2508 3666 2602 3719 καὶ
2623 3667 2754 3720 αὐτὸ
2776 3667 2839 3721 τὸ
2868 3668 2983 3736 φῶς
3008 3668 3069 3721 τὸ
3098 3672 3288 3738 φαῖνον
3320 3672 3380 3723 ὲν
3409 3672 3622 3742 καρδία,
3650 3672 3715 3740 τῷ
3736 3670 3835 3720 ἐνδο-

2320 3757 2466 3828 τέρῳ
2500 3757 2671 3829 δήπου
2702 3760 2795 3812 καὶ
2826 3759 3107 3831 βαθυτέρῳ
3136 3761 3398 3829 διανοίγει
3429 3764 3589 3831 φωτὶ,
3616 3763 3734 3815 ὥστε
3755 3761 3835 3812 ὅλοι

2321 3849 2413 3903 τὸν
2440 3850 2728 3921 ἄνθρωπον
2750 3855 2814 3924 τῇ
2844 3851 3363 3928 γλυκύτητιὲκείνῃ
3394 3857 3495 3909 καὶ
3516 3855 3700 3924 θεωρίᾳ
3716 3871 3835 3905 κατα·

2323 3940 2559 3995 ποθέντα
2611 3942 2812 4013 μηκέτι
2863 3945 2921 3997 ὲν
2957 3946 3135 4017 ἑαυτῷ
3164 3943 3321 4011 εἶναι,
3381 3946 3502 4000 ἀλλ’
3534 3947 3607 4008 ὠς
3635 3945 3835 4015 μωρὸντε

2323 4032 2418 4084 καὶ
2457 4032 2722 4104 βλαϐερὸν
2751 4036 2968 4090 ὑπεῖναι
2994 4038 3073 4106 τῷ
3099 4039 3311 4107 κόσμῳ,
3341 4038 3434 4091 διὰ
3464 4039 3669 4097 καινοὺς
3699 4037 3836 4099 furta;

2322 4121 2545 4193 ἀγάπης
2573 4124 2669 4177 καὶ
2700 4125 2913 4195 ἡδονῆς,
2954 4127 3047 4180 καὶ
3070 4128 3132 4180 τὸ
3154 4127 3314 4198 βάθος
3340 4120 3418 4183 ὦν
3443 4129 3661 4195 ἠξίωται
3693 4140 3838 4194 μυστη-

2328 4212 2477 4283 ρίων.
2539 4215 2649 4268 Καὶ
2706 4216 2992 4287 συμϐαίνει
3050 4217 3309 4282 πολλάκις
3363 4220 3491 4271 κατ’
3542 4221 3725 4270 ἐκεῖνον
3770 4222 3835 4281 μεν

2320 4306 2414 4359 τὸν
2463 4305 2655 4375 καιρὸν
2712 4306 2821 4359 τῶν
2873 4309 3094 4361 τελείων
3136 4310 3297 4361 αὑτὸν
3350 4308 3615 4378 ἐπιϐῆναι
3660 4306 3835 4376 μέτρω,

2324 4394 2421 4449 καὶ
2453 4390 2591 4449 εἶναι
2624 4396 2805 4466 πάσης
2851 4398 3131 4468 ἁμαρτίας
3170 4398 3462 4467 ἐλεύθερόν
3503 4415 3560 4449 τε
3601 4397 3682 4449 καὶ
3704 4393 3835 4446 ἀνετέ-

641 4476 803 4545 queis
827 4475 1027 4546 dignus
1060 4477 1315 4542 habetur,
1374 4480 1786 4550 mysteriorum.
1838 4482 1901 4535 Ei
1947 4485 2217 4555 contingit

2322 4484 2544 4556 ληπτον,
2578 4487 2715 4555 μετὰ
2738 4487 2795 4539 δὲ
2823 4489 2999 4541 ταῦτα
3030 4490 3362 4558 συσταλῆναι
3408 4489 3611 4558 τρόπον
3652 4482 3752 4537 τινὰ

640 4570 841 4638 smpius
869 4570 974 4624 isto
1004 4577 1245 4640 tempore
1290 4574 1467 4642 ipsum
1500 4574 1869 4642 perfectorum
1899 4578 2218 4648 contingere

634 4662 908 4731 graduum
951 4678 1289 4729 mensuram,
1318 4674 1374 4720 et
1395 4667 1544 4720 omni
1574 4667 1809 4722 liberum
1835 4685 1957 4725 esse
1988 4678 2214 4739 peccato

2324 4576 2508 4647 χάριν,
2551 4578 2649 4630 καὶ
2679 4577 2738 4631 τὸ
2767 4577 3032 4649 κάλυμμα
3072 4579 3172 4648 τῆς
3210 4578 3467 4640 ἐναντίας
3496 4574 3754 4642 ἐπιστῆναι
3782 4570 3836 4618 5'.»

2326 4684 2568 4739 ναμεως.

632 4762 696 4810 et
768 4753 1349 4824 irreprehensibilem;
1408 4775 1600 4813 verum
1669 4761 1914 4830 posthaec
1977 4762 2231 4817 contrahi
2264 4779 2456 4819 rursus
2501 4768 2912 4836 quodammodo
2966 4768 3236 4839 gratiam;
3267 4776 3323 4823 et
3358 4768 3433 4822 ab
3470 4761 3756 4820 adversaria
3775 4770 3838 4825 ιιι·

642 4861 840 4909 tcstate
868 4853 1051 4909 velum
1080 4854 1279 4910 iterum
1314 4855 1562 4911 obtendi.

713 4950 781 5005 X.
817 4950 907 5006 Sic
936 4960 1118 5005 tecum
1136 4962 1329 5021 reputa
1367 4966 1455 5007 res
1484 4954 1670 5023 gratiae
1699 4969 1757 5008 se
1787 4954 1992 5010 habere
2030 4972 2043 5010 :
2076 4956 2217 5024 [inge

634 5044 765 5109 tibi,
819 5043 1064 5099 residere
1104 5043 1502 5114 perfectionem
1542 5045 1597 5099 in
1641 5045 1970 5102 duodecimo
2010 5048 2215 5119 gradu;

632 5150 726 5193 est
777 5137 962 5207 igitur,
1029 5148 1088 5191 ut
1116 5137 1183 5192 ad
1237 5137 1377 5191 hanc
1417 5136 1621 5207 gradus
1680 5154 1996 5192 mensuram
2054 5139 2217 5194 liceat

632 5229 978 5294 ascendere;
1038 5228 1133 5283 sed
1187 5228 1431 5283 vicissim
1483 5229 1717 5282 remittit
1777 5228 1969 5299 gratia,
2001 5238 2058 5284 et
2106 5246 2217 5284 uno

634 5320 985 5375 descendens
1046 5319 1239 5390 gradu,
1303 5319 1359 5373 in
1426 5319 1737 5384 undecimo,
1792 5329 1850 5373 ut
1898 5322 1971 5374 ita
2002 5321 2214 5390 loquar,

634 5412 893 5467 subsistit
930 5453 943 5475 ,
974 5410 1065 5463 ubi
1114 5409 1387 5463 mirabilia
1438 5410 1529 5463 illa
1580 5410 1683 5479 ipsi
1725 5411 2121 5476 ostenduntur,
2161 5421 2217 5466 et

634 5522 879 5574 quorum
912 5506 1002 5559 ille
1025 5505 1465 5573 experimentum
1505 5503 1651 5573 cepit
1675 5503 1873 5558 homo:
1908 5505 2003 5559 sed
2022 5505 2214 5560 eodem

637 5598 808 5653 anodo
858 5598 903 5652 si
941 5597 1058 5651 haec
1102 5611 1160 5651 se
1212 5610 1428 5665 Semper
1460 5594 1749 5659 haberent,
1786 5612 1896 5651 non
1921 5606 2067 5652 esset
2115 5597 2219 5667 ipsi

754 5781 791 5810 “
824 5780 1023 5848 Ephcs.
1056 5798 1124 5847 IV,
1160 5782 1243 5836 I5.
1316 5782 1457 5839 “lsa
1514 5798 1635 5848 un,
1680 5783 1730 5836 5.

2391 4952 2449 5008 I'.
2476 4952 2604 5007 Οἴου
2642 4971 2752 5023 μοι,
2789 4953 2975 5023 φησὶν,
3011 4951 3186 5014 οὔτως
3230 4950 3300 5004 τά
3330 4952 3437 5022 τῆς
3480 4953 3690 5022 χάριτος
3715 4950 3835 5016 ἔχειν

2324 5046 2633 5100 ὑποκείσθω
2681 5047 2788 5115 γάρ
2820 5061 2900 5098 σοι
2936 5045 3073 5116 πρὸς
3107 5044 3414 5097 δωδέκατον
3448 5042 3653 5114 βαθμὸν
3690 5038 3840 5093 ἀνέτω

2321 5138 2421 5208 τὴν
2458 5138 2804 5208 τελειότητα·
2835 5134 2973 5191 εἶναι
3008 5136 3107 5207 μὲν
3140 5132 3232 5189 οὖν
3292 5137 3378 5189 ὅτε
3420 5137 3517 5188 καὶ
3552 5132 3758 5188 τουτὶτὸ

2323 5249 2450 5301 τρον
2501 5231 2724 5300 ἐφικτὸν
2772 5229 3019 5299 γίνεται·
3069 5230 3207 5298 πλὴν
3241 5229 3355 5283 ἀλλ’
3399 5228 3643 5281 ἐνδίδωσι
3670 5220 3840 5284 mihi,

2323 5326 2504 5394 χάρις,
2551 5324 2645 5377 καὶ
2691 5324 2787 5377 ἕνα
2826 5323 3073 5377 ύποϐᾶσα
3108 5322 3338 5391 βαθμὸν,
3381 5325 3464 5384 εις
3497 5322 3558 5373 τὸ
3598 5319 3842 5372 ἑνδέκατον,

2324 5418 2399 5479 ὡς
2422 5418 2618 5479 εἰπεῖν,
2650 5417 2882 5471 ἵσταται.
2916 5415 3163 5485 -Ἐδείχθη
3196 5417 3381 5468 ἐκεῖνα
3408 5415 3476 5485 δὴ
3507 5415 3576 5467 τά
3602 5408 3839 5479 θαυμάσει,

2324 5508 2420 5562 καὶ
2460 5502 2534 5562 ὧν
2567 5510 2761 5580 πεῖραν
2794 5508 2888 5561 καὶ
2922 5509 3209 5579 ἄνθρωπος
3242 5508 3400 5576 ἔσχεν
3436 5509 3643 5568 ἐκεῖνος
3663 5520 3677 5533 '
3707 5504 3746 5553 εξ
3782 5499 3842 5549 τὶν

2331 5601 2445 5654 ἴσον
2479 5598 2626 5671 αὑτῷ
2655 5600 2853 5670 τρόπον
2882 5595 2997 5672 εἶχε
3028 5599 3202 5654 ταῦτα
3233 5598 3551 5668 διαπαντὸς,
3593 5596 3684 5651 οῦκ
3711 5594 3759 5646 ἂν
3783 5589 3843 5639 εν·
