4044 6514
156 334 245 404 θίτ

1353 323 1585 385 LIBER
1621 321 1720 383 DE
1757 310 2210 380 CHARITATE.

3296 314 3405 385 918

151 448 296 505 νατδν
325 441 475 512 αύτῷ
502 434 570 513 ἦν
596 438 697 510 τὴν
730 435 1041 509 οἰκονομίαν
1075 436 1172 490 καὶ
1199 435 1259 488 τὸ
1297 435 1460 506 βάρος
1490 432 1711 488 ὑπιέναι
1741 435 1759 489 1

1848 428 2074 484 osstbile
2142 436 2203 482 ut
2259 422 2727 494 dispensationem
2802 422 2942 476 hane
3007 421 3301 493 gratiosam
3351 434 3407 478 ct

151 539 232 595 τοῦ
283 536 476 605 λόγου,
511 532 633 586 οὔτε
676 532 782 601 μὴν
830 530 1049 583 ἀκούειν
1092 546 1145 582 τι
1191 529 1287 582 καὶ
1313 526 1575 597 λέγειν,ἢ
1621 526 1718 578 καὶ

153 630 266 697 περί
298 644 417 689 του,
457 624 561 678 κᾶν
618 623 681 675 τὸ
736 621 1094 693 βραχύτατον,
1157 619 1447 691 μεριμνᾷν,
1502 618 1585 671 ὅτι
1644 615 1718 685 μὴ

154 718 351 775 κεῖσθαι
381 716 540 787 μόνον
587 716 715 784 μιᾶς
743 711 947 781 γωνίας
975 710 1395 781 ἐπειλημμένον,
1441 709 1537 763 καὶ
1586 724 1718 778 μετ-

155 815 333 879 ἐωρον,
370 808 464 861 καὶ
514 805 960 877 μεμεθυσμένον·
1000 804 1171 875 ταύτῃ
1198 820 1283 856 τοι
1320 801 1415 856 καὶ
1437 800 1499 855 τὸ
1516 801 1721 853 τέλειον

156 902 292 971 αὐτῴ
334 903 532 970 μέτρον
578 898 639 951 οὑ
685 895 1037 968 παρεσχέθη·
1080 896 1167 949 ἴνα
1204 895 1299 949 καὶ
1356 896 1423 964 τῇ
1476 892 1722 960 ἀδελφῶν

158 994 391 1067 προνοίᾳ,
418 992 516 1046 κα)⁵
556 994 623 1063 τῇ
647 990 742 1045 τοῦ
773 990 933 1059 λόγου
966 989 1214 1060 διακονίᾳ
1239 988 1431 1058 καιρὸν
1466 986 1564 1058 ἔχῃ
1594 1001 1723 1056 σχο-

158 1087 249 1153 λάξ
253 1105 352 1140 ειν.

227 1182 322 1233 IA'.
372 1176 705 1240 Ἀκούοντες,
753 1174 909 1245 φησὶ,
952 1173 1048 1227 τοῦ
1086 1173 1246 1242 λόγου
1285 1172 1385 1242 τῆς
1426 1169 1723 1242 βασιλείας,

160 1274 246 1327 καὶ
300 1270 435 1342 πρὸς
485 1269 696 1340 δάκρυα
744 1268 1124 1337 καταγόμενοι,
1169 1267 1244 1337 μὴ
1285 1258 1727 1334 τοῖξῆμετέροις

161 1364 363 1425 τούτοις
386 1362 831 1430 ἐναπομείνωμεν
854 1358 1109 1428 δάκρυσι,
1140 1359 1274 1428 μηδὲ
1304 1360 1371 1428 τῇ
1407 1357 1564 1426 ὴμῶν
1588 1355 1727 1425 ἀκοῇ

163 1457 232 1519 ὡς
252 1455 431 1517 καλῶς
454 1453 805 1516 ἀκούσαντες,
836 1452 971 1524 μηδὲ
990 1454 1103 1516 τοῖς
1125 1451 1423 1521 ὀφθαλμοῖς
1451 1449 1525 1513 ὡς
1549 1448 1729 1511 καλῶς

168 1547 380 1610 ἰδόντες,
412 1545 725 1617 ἀρκούντως
770 1546 918 1616 ἔχειν
960 1546 1170 1608 ἑαυτοῖς
1214 1542 1591 1612 λογισώμεθα·
1634 1541 1731 1595 καὶ

164 1639 267 1710 γάρ
320 1641 457 1692 εἰσιν
518 1638 681 1710 ἕτερα
730 1632 847 1692 ὦτα
906 1638 1000 1691 καὶ
1059 1637 1241 1708 ἕτεροι
1300 1635 1589 1705 ὀφθαλμοὶ,
1637 1636 1732 1689 καί⁵

167 1732 426 1799 κλαυθμοὶ
450 1730 651 1800 ἕτεροι,
691 1731 765 1793 ὠς
793 1729 856 1801 δὴ
889 1730 984 1783 καὶ
1008 1729 1214 1783 διάνοια
1256 1727 1519 1799 καὶψυχὴ
1547 1730 1729 1799 ἑτέρα,

1824 536 1966 576 onus
1991 519 2123 574 illud
2147 518 2466 573 sustineret.
2512 514 2702 584 Neque
2729 529 2861 569 sane
2895 514 3114 580 audire,
3163 530 3267 571 nec
3307 532 3407 572 cu-

1826 629 1949 668 rare
1968 612 2202 683 quilibet
2232 609 2483 680 quamvis
2507 607 2795 662 minimum
2828 622 3014 661 rerum
3038 606 3406 665 humanarum

1825 712 2028 775 potest,
2061 703 2168 757 nisi
2197 701 2342 772 quod
2373 702 2519 772 jacet
2538 707 2748 754 tantum
2774 698 2829 752 in
2865 698 3065 768 angulo
3095 706 3407 767 correptus,

1826 806 1884 853 et
1915 811 2237 866 suspensus,
2263 802 2319 849 et
2351 793 2680 874 inebriatus.
2708 791 2863 849 Unde
2897 789 3125 858 perfecti
3153 789 3255 859 ipsi
3282 805 3408 859 gra-

1828 888 1933 943 dus
1965 898 2222 942 mensura
2252 874 2362 940 non
2390 885 2733 954 indulgetur;
2773 891 2834 936 ut
2867 891 2924 936 et
2964 881 3193 934 fratrum
3222 894 3410 934 curam

1830 979 2059 1044 habere,
2090 986 2147 1032 et
2186 976 2499 1031 ministerio
2537 974 2694 1029 verbi
2723 988 2919 1027 vacare
2959 974 3151 1042 possit.

1902 1163 1995 1218 XI.
2017 1161 2155 1217 Cum
2182 1158 2457 1213 audiendo
2474 1171 2758 1213 sermones
2791 1155 2859 1211 de
2883 1171 3051 1226 regno
3074 1155 3169 1210 Dei
3211 1153 3279 1208 ad
3298 1152 3415 1224 pias

1832 1256 2100 1327 lacrymas
2126 1265 2432 1316 movemur,
2468 1265 2581 1304 non
2618 1250 3034 1317 acquiescamus
3067 1248 3135 1302 iis
3158 1247 3416 1317 lacrymis

1834 1360 2097 1420 tanquam
2144 1345 2380 1409 nostris;
2415 1357 2597 1413 neque
2648 1342 2746 1396 has
2776 1342 3113 1410 imputemus
3142 1347 3238 1392 aut
3269 1339 3418 1392 auri-

1835 1443 1942 1497 bus
1967 1439 2194 1505 nostris,
2221 1436 2379 1506 quasi
2411 1434 2555 1490 bene
2578 1431 2894 1496 audierint;
2924 1439 3021 1484 aut
3046 1429 3242 1493 oculis,
3260 1428 3416 1498 quasi

1836 1535 1979 1590 bene
2000 1529 2273 1593 viderint;
2302 1536 2357 1581 et
2380 1524 2628 1581 sumcere
2662 1523 2799 1578 istos
2844 1536 3041 1577 sensus
3065 1521 3133 1575 ad
3171 1520 3300 1574 talia
3338 1535 3420 1574 re-

1838 1634 2116 1698 putantes.
2166 1622 2386 1677 Etenim
2435 1620 2557 1674 alize
2589 1625 2719 1673 sunt
2749 1630 2910 1671 aures
2930 1654 2944 1680 ,
2976 1613 3070 1668 alii
3105 1612 3272 1676 oculi,
3324 1611 3417 1665 alii

1839 1718 2025 1779 ﬂetus,
2048 1716 2127 1770 uti
2157 1722 2214 1769 et
2242 1713 2349 1767 alia
2374 1725 2532 1766 mens
2560 1718 2617 1764 et
2641 1707 2823 1762 anima
2857 1706 2995 1771 alia;
3025 1704 3249 1759 divinus
3265 1718 3420 1758 nem-

163 1825 293 1893 ὅπερ
338 1794 486 1873 ἐστιν
514 1794 645 1874 α’ύτδ
688 1794 867 1874 θεῖκὸν
898 1820 1122 1891 Πνεῦμα
1158 1820 1257 1874 καὶ
1298 1794 1733 1891 ἐπουρανιονξτὸ

1848 1828 1907 1882 pe
1939 1810 2097 1879 201
2124 1808 2239 1877 ipse
2285 1820 2351 1860 ac
2381 1800 2797 1873 supercwlestis
2840 1798 3082 1868 Spiritus
3113 1795 3347 1850 audiens
3367 1803 3423 1850 et

168 1915 361 1969 ἀκοῦόν
400 1932 461 1967 τε
508 1915 602 1967 καὶ
639 1914 847 1975 κλαῖον,
885 1913 1179 1984 εὐχόμενόν
1205 1930 1266 1966 τε
1305 1912 1400 1966 καὶ
1441 1913 1729 1981 γινῶσκον,

164 2006 257 2061 καὶ
275 2006 337 2059 τὸ
371 2005 465 2058 τοῦ
489 2004 626 2058 Θεοῦ
658 2005 868 2075 θέλημα
901 2006 959 2057 ὲν
985 2004 1214 2076 ἀληθείᾳ
1243 2003 1455 2058 ποιοῦν·
1489 2006 1608 2057 ἐπεὶ
1639 2004 1735 2057 καὶ

166 2100 273 2163 τοῖς
310 2098 631 2163 ἀποστόλοις
662 2101 689 2153 ό
722 2099 927 2169 Κύριος
973 2098 1072 2169 τὴν
1105 2097 1371 2168 μεγίστην
1406 2097 1738 2166 ἐπαγγελλό-

170 2208 323 2263 μενος
347 2190 443 2245 τοῦ
468 2188 787 2261 Πνεύματος
812 2191 1022 2263 δωρεάν
1042 2208 1057 2223 ·
1102 2190 1347 2260 Ὑπάγω,
1371 2190 1576 2258 ἔλεγεν,
1609 2192 1642 2244 ό
1669 2190 1738 2243 δὲ

168 2282 553 2353 Παράκλητος
572 2283 636 2336 τὸ
660 2284 901 2353 Πνεῦμα
922 2283 989 2338 τὸ
1009 2283 1198 2355 ἅγιον,
1232 2283 1264 2337 ὃ
1290 2283 1510 2352 πέμψει
1534 2282 1738 2352 Πατὴρ

164 2372 234 2425 ἐν
262 2368 342 2435 τῷ
370 2372 616 2441 ὀνόματί
640 2390 781 2441 μου,
816 2372 1044 2439 ἐκεῖνος
1077 2371 1233 2443 ὑμᾶς
1264 2372 1491 2437 διδάξει
1520 2372 1736 2428 πάντα.

168 2459 272 2512 Καὶ¹
298 2459 465 2512 πάλιν
484 2476 500 2492 ο
527 2459 658 2514 Ἔτι
680 2461 882 2515 πολλὰ
914 2461 1032 2531 ἔχω
1064 2462 1266 2532 λέγειν
1295 2462 1459 2530 ὑμῖν,
1500 2463 1638 2517 ἀλλ’
1667 2465 1740 2518 οὐ

167 2552 430 2605 δύνασθε
469 2552 798 2617 βαστάζειν
845 2553 1008 2621 ἄρτι·
1044 2553 1191 2607 ὅταν
1213 2553 1282 2607 δὲ
1305 2555 1452 2622 ἔλθῃ
1487 2554 1738 2621 ἐκεῖνος,

166 2645 231 2699 τὸ
254 2645 502 2715 Πνεῦμα
527 2645 638 2713 τῆς
662 2647 967 2715 ἀληθείας,
1003 2646 1292 2716 ὁδηγήσει
1317 2649 1475 2718 ὑμᾶς
1495 2651 1583 2715 εὶς
1627 2647 1741 2706 πᾶ·

167 2754 286 2793 σαν
333 2738 455 2807 τὴν
491 2738 799 2805 ἀλήθειαν.
842 2739 1080 2803 Ἐκεῖνος
1130 2736 1224 2794 οὖν
1256 2740 1615 2811 προσεύξεται
1648 2741 1743 2795 καὶ

165 2833 372 2894 ἐκεῖνος
399 2830 715 2886 κλαύσεται.
744 2830 816 2883 Τὸ
845 2831 975 2901 γὰρ,
995 2832 1055 2886 Τί
1081 2831 1553 2902 προσευξόμεθα,
1579 2833 1744 2903 φησὶν

163 2924 191 2975 ὁ
232 2922 375 2985 θεῖος
424 2922 766 2989 ’Δπόστολος,
808 2924 936 2978 καθ’
958 2922 990 2976 ὃ
1016 2922 1125 2987 δεῖ,
1158 2924 1269 2977 οὐκ
1297 2922 1544 2993 οἴδαμεν
1563 2934 1580 2951 ⁸
1604 2924 1742 2977 ἀλλ’

163 3013 309 3068 αὐτὸ
341 3014 591 3082 Πνεῦμα
614 3012 966 3083 ἐντυγχάνει
1007 3013 1161 3082 ὑπὲρ
1192 3013 1361 3084 ἡμῶν
1388 3015 1745 3085 στεναγμοῖς

1833 1902 1991 1967 ﬂens,
2029 1912 2191 1953 orans
2212 1905 2268 1952 et
2287 1908 2659 1965 cognoscens,
2693 1890 3150 1956 voluntatemque
3177 1886 3234 1940 in
3276 1886 3422 1940 veri-

1839 2002 1949 2049 tate
1984 1992 2225 2047 divinam
2270 1987 2496 2042 faciens.
2521 1981 2976 2051 Quandoquidem
3013 1978 3278 2048 apostolis
3315 1977 3423 2029 Do-

1835 2086 2020 2141 minus
2048 2080 2348 2137 maximum
2362 2076 2693 2148 promittens
2721 2071 2960 2142 Spiritus
2978 2070 3184 2124 donum
3212 2086 3226 2121 :
3262 2068 3420 2130 Vada,

1837 2179 1937 2244 ait,
1999 2186 2054 2231 at
2117 2172 2433 2229 Paracletus
2473 2168 2702 2239 Spiritus
2752 2172 2964 2219 sanctus
2989 2203 3005 2228 ,
3050 2176 3205 2233 quem
3262 2159 3425 2213 Pater

1837 2272 2007 2325 mittet
2035 2268 2091 2321 in
2121 2266 2331 2321 nomine
2370 2277 2506 2327 meo,
2556 2258 2650 2314 ille
2682 2273 2770 2313 vos
2807 2255 3009 2309 docebit
3056 2254 3238 2308 omnia
3258 2251 3322 2306 ²³.
3351 2251 3421 2304 Et

1840 2376 2067 2417 rursus:
2090 2357 2272 2414 Adhuc
2288 2353 2466 2408 multa
2493 2350 2658 2407 habeo
2681 2349 2822 2404 vobis
2846 2333 3056 2412 dicere;
3080 2344 3173 2399 sed
3198 2360 3304 2398 non
3330 2358 3426 2412 po-

1840 2455 1985 2509 testis
2013 2458 2227 2523 portare
2275 2446 2464 2511 modo;
2494 2459 2613 2499 cum
2637 2450 2814 2497 autem
2841 2440 3039 2495 uenerit
3069 2436 3162 2491 ille
3197 2434 3427 2506 Spiritus

1840 2546 2099 2611 veritatis,
2150 2542 2365 2596 deducet
2407 2555 2496 2594 vos
2549 2538 2607 2591 in
2651 2550 2859 2590 omnem
2910 2528 3278 2587 ueritatem“.
3331 2525 3428 2580 llle

1842 2639 2008 2712 igitur
2036 2636 2249 2699 orabit,
2287 2635 2381 2689 ille
2420 2628 2831 2702 lacrymabitur.
2864 2623 3081 2680 Etenim
3132 2620 3269 2687 Quid
3321 2634 3432 2673 orc-

1844 2711 1981 2796 mus,
2010 2729 2191 2798 inquit
2211 2725 2433 2780 divinus
2464 2721 2782 2793 Apostolus,
2825 2722 2983 2788 prout
3008 2721 3232 2785 oportet,
3258 2711 3428 2764 nesci-

1844 2840 1979 2889 mus,
2007 2821 2097 2875 sed
2124 2821 2233 2888 ipse
2281 2816 2511 2887 Spiritus
2532 2811 2767 2884 postulat
2805 2825 2903 2878 pro
2963 2807 3110 2861 nobis
3153 2803 3430 2875 gemitibus

1842 2909 2285 2971 inenarrabilibus
2315 2906 2376 2961 ιδ.
2406 2907 2542 2962 Nam
2572 2904 2677 2974 ipsi
2705 2900 2935 2971 Spiritui
2968 2898 3071 2954 soli
3103 2896 3201 2952 Dei
3225 2894 3425 2949 volun-

1845 3016 1931 3062 tas
1962 3009 2247 3075 perspecta
2277 3006 2380 3054 est.
2411 2994 2694 3066 Siquidem
2728 2992 2859 3058 Qua:
2906 2990 3005 3044 Dei
3042 2995 3188 3053 sunt,
3216 2984 3432 3054 inquit,

163 3077 535 3172 ἀλαλήτοις-⁸
570 3105 718 3176 αὐτῷ
763 3077 876 3177 γάρ
927 3105 1007 3177 τῷ
1050 3077 1331 3177 Πὲύματι
1370 3108 1515 3178 μόνῳ
1651 3077 1743 3161 τοῦ

1848 3116 1998 3156 nemo
2018 3099 2179 3161 nouit,
2205 3096 2308 3150 nisi
2327 3092 2554 3163 Spiritus
2592 3088 2689 3143 Dei
2709 3087 2771 3141 ³⁸.
2788 3085 3056 3153 Quoniam
3099 3090 3156 3136 et
3185 3077 3433 3150 quando,

2194 3190 2201 3191 ,
2270 3187 2281 3191 -
2519 3182 2553 3191 ..
2623 3178 2659 3191 λ
2744 3188 2752 3191 -
2896 3185 2906 3191 .
3024 3176 3037 3191 .
3118 3170 3393 3191 τι-

161 3197 296 3253 Θεοῦ
328 3197 548 3268 θέλημα
585 3197 744 3270 δῆλόν
786 3199 923 3254 ἐστι.
965 3198 1044 3252 Τὰ
1081 3198 1191 3268 γὰρ
1219 3193 1328 3254 τοῦ
1358 3199 1527 3264 Θεοῦ,
1559 3200 1745 3269 φησιν,

162 3286 356 3355 οὐδεὶς
380 3284 634 3353 οἶδεν-,ει
659 3288 747 3358 μὴ
768 3290 836 3343 τὸ
860 3289 1101 3359 Πνεῦμα
1122 3290 1229 3345 τοῦ
1261 3291 1431 3346 Θεοῦ.
1463 3291 1616 3345 Ἐπεὶ
1634 3291 1748 3357 καὶ,

164 3380 300 3433 κατά
329 3379 436 3449 τὴν
460 3380 819 3449 ἐπαγγελίαν,
844 3383 909 3452 τῇ
936 3382 1125 3452 ἡμέρᾳ
1149 3381 1249 3450 τῆς
1265 3382 1643 3454 Πεντηκοστῆς
1657 3382 1750 3437 τοῦ

166 3472 542 3544 Παρακλήτου
571 3474 1047 3542 ἐπιφοιτήσαντος,
1090 3472 1186 3527 καὶ
1208 3473 1309 3545 τῆς
1342 3474 1627 3545 δυνάμεως
1655 3474 1750 3528 τοῦ

161 3563 375 3632 ἀγαθοῦ
450 3565 772 3633 Πνεύματος
832 3566 953 3628 ταῖς
1010 3566 1211 3635 ψυχαῖς
1267 3565 1376 3619 τῶν
1435 3566 1752 3620 ἀποστόλων

163 3657 557 3729 σκηνωσάσης.
584 3658 647 3712 τὸ
692 3659 792 3729 μὲν
835 3658 938 3729 τῆς
980 3658 1177 3722 κακίας
1223 3659 1488 3730 κάλυμμα
1516 3659 1753 3713 εἰσάπαν

160 3750 344 3804 αὐτῶν
368 3750 653 3822 ἀφῃρέθη,
680 3749 752 3803 τά
784 3750 934 3821 πάθη
957 3751 1014 3804 δὲ
1051 3750 1401 3821 κατηργήθη,
1433 3753 1530 3804 καὶ
1558 3750 1627 3804 τὰ
1654 3751 1754 3821 τῆς

160 3842 400 3915 καρδίας
450 3844 639 3907 αὐτοῖς
684 3842 1151 3914 ἀπεκαλύφθησαν
1199 3844 1445 3914 ὄμματα.
1478 3843 1587 3897 Καὶ
1630 3843 1753 3897 τότε

160 3933 350 3988 λοιπὸν
384 3934 584 4004 σοφίας
622 3933 973 4004 πλησθέντες,
1006 3934 1102 3987 καὶ
1140 3933 1337 3987 τέλειοι
1382 3931 1755 3996 καταστάντες

162 4026 269 4080 ὑπὸ
304 4026 408 4080 τοῦ
433 4026 775 4096 Πνεύματος,
806 4026 875 4079 δι’
896 4026 1106 4080 ἐκείνου
1140 4025 1240 4096 μὲν
1273 4024 1372 4079 καὶ
1408 4024 1470 4079 τὸ
1496 4024 1591 4079 τοῦ
1620 4024 1753 4078 Θεοῦ

162 4116 382 4188 θέλημα
452 4120 633 4171 ποιεῖν
691 4116 954 4185 ἔγνωσαν,
1016 4116 1085 4169 δι’
1123 4115 1332 4169 ἐκείνου
1384 4115 1443 4170 δὲ
1483 4116 1580 4169 καὶ
1619 4115 1756 4186 πρὸς

159 4210 346 4262 πᾶσαν
402 4208 670 4279 ἀλήθειαν
716 4206 1241 4279 ὲχειραγωγήθησαν
1288 4207 1758 4279 ἡγεμονεύσαντος

157 4316 218 4353 τε
277 4300 376 4353 καὶ
426 4298 854 4370 βασιλεύσαντος
907 4300 1091 4363 αὐτοῖς
1144 4298 1252 4352 τῶν
1318 4298 1529 4369 ψυχῶν.
1589 4301 1757 4353 Ὅταν

156 4388 252 4445 οὖν
277 4394 383 4446 καὶ
415 4394 557 4464 ἡμῖν
585 4393 900 4446 ὲπακούωσι
928 4392 1021 4445 τοῦ
1069 4391 1229 4461 λόγου
1255 4392 1353 4446 τοῦ
1386 4390 1520 4446 Θεοῦ
1551 4393 1756 4449 κλαίειν

1846 3195 2000 3265 juxta
2030 3187 2474 3261 promissionem,
2502 3182 2593 3237 die
2623 3178 2978 3236 Pentecostes
3006 3172 3293 3230 descendit
3325 3170 3432 3225 Pa-

1850 3262 2111 3343 racletus,
2135 3289 2193 3336 et
2220 3278 2396 3334 virtus
2426 3275 2557 3331 boni
2576 3272 2817 3342 Spiritus
2837 3267 3130 3323 animabus
3150 3262 3433 3334 apostolo-

1850 3394 1974 3433 rum
1999 3374 2236 3439 insedit;
2291 3370 2541 3425 velamen
2594 3364 2821 3436 quidem
2872 3358 3043 3423 illud,
3085 3371 3197 3426 quo
3248 3355 3435 3408 innata

1850 3470 2060 3527 homini
2111 3465 2353 3538 pravitas
2380 3470 2619 3517 mentem
2673 3454 3012 3519 obumbrat,
3072 3450 3236 3520 plane
3268 3447 3337 3500 ab
3368 3445 3438 3500 iis

1852 3563 2100 3618 ablatum
2138 3566 2258 3623 est;
2324 3552 2511 3609 vitiosi
2564 3564 2710 3605 vero
2751 3546 2986 3600 affectus
3038 3538 3229 3595 aboliti
3275 3544 3437 3597 sunt;

1852 3652 2110 3722 oculique
2132 3647 2334 3704 mentis
2356 3645 2601 3714 ipsorum
2625 3646 2752 3695 sunt
2778 3635 2977 3706 aperti.
3002 3632 3071 3686 Et
3092 3640 3225 3683 tunc
3244 3628 3314 3682 de
3336 3641 3442 3681 caa-

1851 3756 1973 3802 tero
2001 3716 2276 3813 sapientia
2314 3734 2535 3807 repleti,
2577 3741 2634 3788 et
2668 3727 2901 3800 perfecti
2939 3721 3227 3779 constituti
3268 3736 3299 3773 a
3324 3716 3439 3788 Spi-

1852 3839 1987 3902 ritu,
2021 3811 2122 3906 per
2177 3833 2331 3887 illum
2369 3828 2591 3899 quidem
2640 3833 2697 3879 et
2738 3821 2837 3877 Dei
2884 3818 3224 3873 voluntatem
3259 3811 3440 3865 facere

1853 3931 2246 3988 decreverunt,
2309 3937 2407 3991 per
2462 3920 2616 3973 illum
2662 3923 2718 3970 et
2760 3914 2829 3967 ad
2879 3924 3099 3966 omnem
3146 3912 3435 3967 veritatem

1854 4022 2177 4080 manuducti
2217 4026 2383 4081 sunt,
2403 4020 2721 4086 regnantem
2750 4010 2807 4063 in
2835 4006 3129 4062 animabus
3165 4005 3439 4075 ipsorum.

1854 4114 2086 4184 Quando
2130 4127 2263 4183 ergo
2293 4108 2455 4163 nobis
2509 4117 2730 4175 quoque
2794 4098 3151 4155 audientibus
3210 4096 3443 4151 verbum

1854 4208 1954 4264 Dei
1994 4206 2049 4260 in
2083 4204 2351 4273 Iacrymas
2411 4195 2613 4252 resolvi
2648 4191 2963 4260 contigerit,
3017 4201 3242 4242 oremus
3281 4184 3451 4239 Chri-

1857 4310 2025 4365 stum,
2048 4295 2249 4352 ﬁducia
2266 4305 2487 4348 omnem
2540 4285 2940 4342 dubitationem
2967 4284 3225 4353 pellente,
3266 4292 3329 4338 ut
3352 4297 3448 4336 ve-

1857 4392 1975 4448 niat
2005 4389 2072 4445 ad
2102 4402 2225 4451 nos,
2252 4393 2410 4440 certo
2439 4388 2744 4451 sperantes,
2780 4392 2942 4431 suum
2991 4376 3257 4447 Spiritum
3300 4373 3449 4429 audi-

156 4484 504 4555 ἐπέρχηται,
541 4484 823 4555 δεηθῶμεν
852 4483 1111 4552 Χριστοῦ,
1140 4485 1323 4537 πίστει
1362 4485 1759 4556 ἀνεπιδοιάστῳ

1863 4494 2070 4548 turum,
2109 4488 2166 4535 et
2192 4485 2477 4532 oraturum
2510 4472 2566 4527 in
2600 4470 2763 4525 nobis
2785 4469 2852 4523 ad
2878 4468 3053 4538 ipsius
3078 4468 3442 4521 voluntatem.

154 4549 496 4628 ἐλεδάέδθαι
545 4549 683 4644 πρὶς
724 4549 1266 4643 uitia-ﬂatantes
1328 4573 1543 4645 ἀληθῶς
1604 4549 1803 4634 ἀκοῦον
1864 4577 1962 4632 xui.
2016 4571 2451 4644 προσευχόμενον
2517 4562 2742 4631 Πνεῦμα
2807 4559 2951 4613 κατά
3011 4558 3073 4610 τὸ
3125 4553 3293 4609 αὑτοῦ
3355 4549 3449 4604 θέ-

155 4672 220 4726 λη
231 4689 334 4726 tta.

274 4690 334 4726 α.

187 4689 333 4817 ηίιιῖ.
362 4761 444 4815 Τὸ
484 4760 719 4831 πρᾶγμα
740 4759 910 4823 οὕτως
934 4758 1077 4831 ἔχειν
1104 4760 1240 4826 οῐου,
1272 4760 1466 4831 φησίν·
1491 4761 1764 4815 ἐπίκειταί

150 4870 239 4916 τις
294 4852 548 4923 δύναμις
605 4849 1052 4903 ὲπικαλύπτουσα
1092 4850 1188 4903 τὸν
1228 4851 1465 4921 ἐλαφρὸν
1511 4851 1656 4917 νοῦν,
1688 4852 1765 4916 ὡς

150 4947 264 5015 ἀήρ
294 4960 389 5007 τις
420 4944 657 5006 λεπτός·
714 4941 892 4995 καίτοι
942 4942 1000 4995 δὲ
1037 4943 1137 5011 τῆς
1178 4942 1458 5012 λαμπάδος
1503 4943 1589 4996 ἀεί
1634 4960 1766 4996 ποτε

153 5037 475 5106 καιομένης
512 5037 606 5088 καὶ
632 5034 950 5105 φαινούσης,
971 5034 1223 5105 καθάπερ
1253 5036 1466 5105 είρηται
1487 5048 1499 5062 ⁰
1529 5034 1665 5089 ἀλλά
1688 5034 1769 5106 τῷ

152 5132 298 5198 φωτὶ
334 5130 551 5199 ἐκείνῳ
598 5129 673 5191 ὡς
723 5128 990 5198 κάλυμμά
1036 5145 1089 5181 τι
1136 5128 1443 5181 ἐπίκειται·
1478 5128 1649 5199 ταύτῃ
1688 5145 1769 5180 τοι

150 5221 277 5273 οὐδὲ
321 5220 567 5292 ἔξαρνός
600 5221 749 5272 ἐστιν
781 5221 809 5272 ό
834 5219 1072 5283 τοιοῦτος
1106 5219 1181 5290 μὴ
1207 5216 1345 5273 εἶναι
1378 5220 1599 5286 τέλειος,
1635 5219 1771 5289 μηδὲ

150 5316 214 5368 τὸ
244 5316 375 5368 ὅλον
413 5313 711 5383 ἐλεύθερος
734 5316 797 5365 ὲκ
824 5312 923 5382 τῆς
955 5313 1225 5382 ἁμαρτίας
1251 5327 1268 5343 ’
1307 5312 1422 5365 ἀλλ’
1455 5306 1567 5365 οἷον
1599 5312 1772 5363 εἰπεῖν

153 5404 465 5475 ἐλεύθερός
508 5420 572 5455 τε
606 5406 700 5456 καὶ
741 5404 841 5456 ούκ
869 5404 1152 5473 ἐλεύθερος
1176 5420 1189 5432 ·
1217 5402 1372 5456 τοῦτό
1410 5420 1467 5455 τε
1496 5403 1594 5456 οὐκ
1625 5402 1775 5455 ἀθεεὶ

154 5498 429 5557 πάντως·
481 5494 624 5549 ἀλλὰ
672 5496 792 5547 κατ’
839 5494 1147 5562 οἰκονομίαν
1194 5494 1400 5561 γίνεται
1445 5492 1630 5545 θείανο
1679 5492 1774 5545 καὶ

154 5603 295 5641 ποτε
328 5588 439 5656 μὲν
465 5584 747 5639 διαλύεται
778 5587 871 5638 καὶ
898 5584 1161 5656 θραύεται
1186 5586 1360 5638 ἐκεῖνο
1395 5585 1461 5637 τὸ
1493 5585 1768 5653 μεσότοι-

240 5769 285 5802 ¹³
311 5772 490 5824 Juan.
533 5781 644 5829 xw,
678 5764 765 5820 26.

1938 4754 2056 4811 XII.
2092 4754 2228 4808 Rem
2263 4750 2344 4804 sic
2379 4764 2438 4803 se
2468 4746 2671 4801 habere
2694 4750 2851 4813 puta:
2885 4741 3153 4797 incumbit
3184 4744 3266 4798 vis
3296 4759 3447 4811 qna:-

1869 4847 1997 4901 dam
2031 4854 2269 4912 superne
2297 4839 2563 4907 obtegens
2610 4832 2920 4903 expeditam
2966 4841 3230 4897 mentem,
3265 4841 3325 4885 ut
3352 4848 3451 4887 aer

1865 4937 2091 5009 quidam
2129 4932 2351 4995 tenuis;
2383 4929 2611 4983 ardente
2643 4926 3007 4980 nihilominus
3037 4940 3256 4994 semper
3281 4934 3337 4978 et
3360 4925 3449 4977 lu-

1868 5039 2135 5093 cente,ut
2165 5026 2377 5080 dictum
2406 5031 2513 5088 est,
2554 5020 2845 5090 lampade;
2898 5019 2993 5074 sed
3046 5017 3124 5071 illi
3175 5017 3294 5087 ejus
3340 5015 3452 5069 luci

1873 5122 2150 5193 quoddam
2168 5130 2405 5187 superne
2430 5114 2586 5183 quasi
2609 5112 2932 5181 operculum
2954 5107 3280 5176 imponitur;
3306 5105 3451 5158 unde

1878 5213 1976 5284 qui
2007 5209 2277 5281 ejusmodi
2313 5216 2416 5268 est,
2452 5204 2599 5259 haud
2636 5203 2850 5257 inficias
2893 5202 3073 5265 iverit,
3104 5210 3455 5268 nequaquam

1880 5315 2005 5356 esse
2060 5296 2387 5368 perfectum,
2446 5308 2548 5346 nec
2590 5306 2657 5345 ex
2693 5300 2810 5344 toto
2838 5291 3074 5345 liberum
3099 5304 3129 5341 a
3179 5292 3455 5355 peccato;

1887 5406 2095 5455 rerum,
2131 5398 2194 5443 ut
2227 5388 2307 5442 sic
2337 5387 2540 5451 dicam,
2590 5386 2827 5439 liberum
2860 5383 3019 5437 simul
3067 5390 3123 5435 et
3162 5394 3273 5433 non
3308 5375 3455 5430 libe-

1881 5502 2025 5549 rum,
2054 5485 2107 5538 id
2138 5498 2270 5536 vero
2305 5480 2727 5549 haudquaquam
2758 5476 2985 5532 omnino
3037 5475 3157 5529 sine
3185 5468 3454 5532 numine;

1879 5576 1977 5632 sed
2006 5591 2106 5647 per
2139 5571 2610 5643 dispensationem
2643 5568 2906 5624 divinam.
2945 5567 3023 5622 Ac
3052 5572 3460 5629 nonnunquam

882 5765 925 5798 υ
952 5764 1084 5819 ,Ιινοο
1138 5782 1248 5831 xvi,
1284 5764 1373 5818 ‘32.
1456 5761 1496 5793 ’⁵
1530 5758 1689 5812 llum.
1728 5772 1840 5822 νιιι,
1865 5756 1957 5813 9.6.
2035 5756 2077 5787 ¹⁶
2110 5754 2129 5808 I
2158 5752 2285 5809 Cor.
2315 5750 2452 5817 11,2.
