4044 6524
612 282 717 346 91ί)

1848 294 1908 356 S.
1950 296 2271 359 MACARII
2313 301 2635 363 )EGYPTII

3777 304 3868 369 92'}

613 398 836 467 quidem
882 398 1205 459 dissolvitur
1248 412 1305 459 et
1352 404 1624 461 scinditur
1653 407 1744 463 ille
1790 410 1989 464 medius
2011 413 2180 481 paries

2289 433 2401 484 χον
2428 417 2535 471 τοῦ
2562 418 2858 488 φραγμοῦ,
2889 417 3021 472 ποτὲ
3046 416 3102 471 δὲ
3134 416 3196 471 τὸ
3225 416 3455 490 σύμπαν
3480 418 3543 473 οὐ
3576 418 3870 481 διαλύεται,

614 492 893 556 maccriw;
927 494 1258 565 quandoque
1299 496 1526 551 omnino
1558 513 1669 552 non
1702 498 2043 554 dissolvitur.
2090 501 2198 577 ljle-

615 600 725 660 que
757 585 872 654 pari
896 602 996 656 per
1025 588 1208 642 omnia
1237 587 1293 642 in
1319 588 1406 644 bis
1430 605 1591 659 passu
1628 590 1880 660 procedit
1925 592 2198 648 orationis

618 652 931 747 negotium;
958 679 1053 734 sed
1076 688 1159 734 est
1183 681 1405 750 quando
1458 682 1696 751 amplius
1720 681 2044 738 accenditur
2074 699 2199 754 gra-

621 768 717 833 tia,
739 779 796 823 et
818 771 1152 835 consolatur,
1184 782 1239 826 et
1269 773 1513 841 quietem
1547 773 1797 842 praebet;
1850 781 1940 829 est
1980 789 2195 839 rursus,

621 862 844 929 quando
877 862 1129 917 hebetior
1152 872 1207 917 et
1242 864 1528 919 remissior
1545 865 1626 931 ﬁt,
1658 874 1827 936 prout
1856 865 1974 936 ipsa
1997 866 2194 936 gratia,

617 953 1029 1008 accommodate
1050 953 1117 1008 ad
1139 953 1314 1025 ipsius
1338 955 1631 1012 utilitatem
1658 955 1901 1012 hominis
1925 956 2195 1012 benevole

512 1100 519 1101 ί
618 1045 938 1112 providens,
970 1044 1124 1099 varie
1160 1046 1459 1116 dispensat.
1507 1048 1791 1119 Ingressus
1842 1055 2025 1103 tamen
2074 1062 2195 1102 sum

618 1138 787 1192 certis
823 1141 1119 1196 momentis
1146 1142 1201 1196 in
1241 1142 1543 1211 perfectam
1574 1158 1922 1209 mensuram;
1974 1152 2195 1214 gustum

614 1230 835 1298 percepi
884 1242 939 1286 et
988 1232 1394 1302 experientiam
1450 1233 1619 1288 habui
1669 1234 1817 1288 beati
1876 1233 2025 1288 illius
2067 1234 2194 1287 aevi.

614 1318 870 1375 Nondum
903 1333 1089 1379 autem
1119 1340 1450 1395 quemquam
1472 1326 1583 1380 vidi
1615 1326 1994 1382 Christianum
2019 1325 2201 1395 perfe-

610 1420 784 1477 ctum,
817 1423 914 1469 aut
941 1416 1091 1475 omni
1128 1431 1195 1470 ex
1226 1426 1405 1486 parte,
1447 1416 1506 1469 in
1558 1424 1779 1486 tempus
1818 1430 2004 1479 omne,
2056 1414 2200 1469 libe-

615 1520 758 1558 rum.
789 1505 897 1560 Sed
927 1507 1229 1577 requiescit
1268 1508 1468 1577 aliquis
1500 1508 1557 1562 in
1588 1509 1789 1578 gratia,
1826 1514 1884 1561 et
1910 1506 2201 1578 mysterio-

620 1612 741 1650 rum
785 1614 849 1652 ac
878 1600 1273 1654 revelationum
1310 1602 1368 1655 Iit
1400 1601 1712 1671 particeps;
1756 1609 1813 1655 et
1866 1600 1922 1654 in
1971 1600 2197 1655 multam

616 1688 967 1745 dulcedinem
998 1692 1186 1761 gratia:
1212 1692 1411 1758 intrat;
1448 1701 1505 1748 et
1525 1702 1810 1763 peccatum
1835 1708 2032 1747 rursus
2054 1690 2200 1748 nihi-

2302 505 2423 559 οὐδὲ
2465 507 2758 570 διαπαντὸς
2799 508 2996 578 ἐπίσης
3041 508 3109 563 τὰ
3140 510 3367 564 τοιαῦτα
3392 512 3493 582 τῆς
3517 512 3691 581 εὐχῆς
3713 527 3729 541 ⁸
3757 514 3875 566 ἁλὶ-’ί

2301 592 2417 646 ἔστι
2442 594 2543 663 μὲν
2569 596 2657 648 ὅτε
2685 596 2844 650 πλέον
2868 599 2902 669 ἡ
2928 598 3086 669 χάρις
3109 600 3430 664 ἀνάπτεται,
3452 602 3553 655 καὶ
3581 604 3876 670 παρακαλεῖ

2298 686 2392 737 καὶ
2412 685 2764 741 διαναπαύει*
2797 688 2911 743 ἔστι
2932 689 2987 743 δὲ
3016 692 3102 743 ὅτε
3136 692 3469 763 στυγνοτέρα
3492 694 3595 746 καὶ
3628 694 3875 764 ὑφειμένη

2299 777 2528 846 γίνεται,
2565 779 2747 845 καθὼς
2786 782 2922 853 αὑτὴ
2967 784 3001 853 ή
3033 783 3192 853 χάρις
3233 784 3372 854 πρὸς
3402 784 3467 837 τὸ
3497 786 3783 855 συμφέρον
3811 785 3875 854 τῷ

2300 869 2571 942 ἀνθρώπῳ
2620 874 2913 944 οἰκονομεῖ.
2961 874 3151 945 Ὅμως
3197 876 3448 946 εἰσῆλθον
3476 877 3561 941 είς
3598 877 3664 929 τὸ
3692 876 3874 930 τέλειον

2302 959 2502 1031 μέτρον
2551 960 2606 1013 ἐν
2657 978 2767 1015 τισι
2808 964 3042 1033 καιροῖς,
3068 962 3164 1016 καὶ
3207 965 3521 1033 ἐγευσάμην
3566 965 3667 1017 καὶ
3704 966 3874 1033 πεῖραν

2300 1050 2458 1121 ἔσχον
2506 1053 2715 1106 ἐκείνου
2776 1053 2870 1107 τοῦ
2927 1054 3145 1119 αίῶνος.
3188 1054 3357 1109 Ούπω
3401 1056 3459 1109 δὲ
3515 1056 3720 1110 οὐδένα
3756 1051 3875 1108 eam

2300 1143 2625 1214 Χριστιανὸν
2676 1144 2880 1198 τέλειον
2924 1145 2957 1216 ἢ
2998 1146 3251 1214 καθάπαξ
3280 1147 3605 1218 ἐλεύθερον·
3638 1147 3775 1202 ἀλλὰ
3800 1151 3877 1202 καὶ

2300 1234 2692 1290 διαναπαύεταί
2739 1255 2823 1300 τις
2862 1239 2921 1290 ὲν
2968 1240 3035 1308 τῇ
3069 1239 3274 1308 χάριτι,
3304 1240 3400 1293 καὶ
3442 1240 3773 1311 μυστηρίων
3799 1244 3877 1293 καὶ

2299 1324 2696 1396 ἀποκαλύψεων
2749 1328 3004 1391 κοινωνὸς
3058 1329 3292 1396 γίνεται,
3349 1332 3445 1384 καὶ
3494 1332 3584 1395 είς
3648 1331 3880 1402 ήδύτῃτα

2302 1416 2498 1488 πολλὴν
2548 1420 2649 1491 τῆς
2700 1421 2923 1492 χάριτος
2974 1425 3169 1478 εῐσεισι
3191 1441 3205 1455 ο
3238 1423 3333 1478 καὶ
3367 1426 3399 1495 ἡ
3439 1424 3700 1496 ἁμαρτία
3734 1427 3879 1479 πάλιν

2301 1510 2449 1579 αὐτῷ
2479 1510 2744 1569 σύνεστιν.
2773 1514 2836 1566 υἱ
2861 1514 2918 1568 δὲ
2941 1516 3173 1570 τοιοῦτοι
3194 1516 3281 1571 διὰ
3309 1516 3409 1587 τὴν
3436 1516 3880 1587 ύπερόάλλουσιν

2301 1603 2483 1675 χάριν,
2552 1606 2647 1659 καὶ
2702 1606 2763 1659 τὸ
2829 1608 3103 1679 ἑλλάμπον
3169 1611 3353 1674 αὐτοῖς
3415 1611 3557 1679 φῶς,
3622 1612 3769 1665 κατά
3824 1630 3879 1680 τι

2302 1694 2554 1766 ἀπειρίαν
2581 1696 2743 1766 φημὶ,
2773 1697 2964 1751 τέλειοί
2989 1716 3048 1752 τε
3073 1699 3167 1752 καὶ
3190 1698 3463 1771 ἐλεύθεροι
3491 1700 3684 1765 ἔδοξαν
3712 1696 3849 1761 εἶναι
3866 1719 3881 1733 ’

610 1778 853 1832 Iominus
884 1781 1026 1834 inest
1052 1781 1175 1850 ipsi.
1210 1782 1373 1837 Tales
1414 1798 1580 1853 porro
1617 1792 1848 1853 propter
1890 1783 2180 1838 exuberan‘

2303 1784 2413 1853 ἐγὼ
2465 1786 2543 1851 δὲ,
2594 1787 2671 1851 ὡς
2721 1790 2959 1859 εῐρηται,
3013 1788 3166 1845 οὔπω
3216 1791 3404 1844 οὐδένα
3449 1785 3595 1845 εἶδαν
3644 1792 3882 1862 ἁκριὸὧς

610 1878 721 1923 tem
756 1871 987 1940 gratiam
1012 1882 1068 1926 et
1099 1872 1286 1927 lumen
1320 1873 1470 1944 ipsos
1497 1874 1803 1939 illustratus,
1836 1889 1936 1943 per
1977 1874 2194 1944 impru-

609 1962 853 2015 dentiam
878 1962 1025 2027 dico,
1066 1965 1300 2033 perfecti
1331 1981 1454 2021 esse
1478 1974 1535 2021 et
1568 1967 1729 2022 liberi
1761 1965 2023 2021 videntur
2051 1966 2188 2032 sibi;

609 2067 712 2120 ego
733 2068 865 2108 vero
898 2055 1171 2118 nondum,
1215 2058 1293 2111 uti
1340 2056 1473 2122 dixi,
1526 2059 1642 2114 vidi
1694 2060 1867 2114 ullum
1906 2050 2187 2114 hominem

609 2141 853 2211 perfecte
882 2144 1149 2213 liberum;
1182 2163 1309 2202 nam
1356 2157 1412 2203 et
1439 2150 1674 2219 quadam
1714 2168 1781 2206 ex
1839 2160 1994 2220 parte
2048 2149 2185 2205 mihi

615 2234 880 2303 cortigit,
942 2238 1234 2292 momentis
1300 2238 1654 2308 quibusdam,
1694 2240 1749 2295 in
1817 2242 1997 2308 illam,
2058 2248 2337 2311 quatenus
2402 2242 2611 2299 dictum
2671 2251 2802 2311 est,
2857 2259 3177 2301 mensuram
3254 2247 3494 2320 ingredi.

2302 1876 2621 1948 ἐλεύθερονο
2675 1878 2862 1951 ἐπειδὴ
2916 1881 3085 1951 κάμοὶ
3126 1883 3368 1953 μερικῶς
3398 1884 3617 1954 καιροῖς
3662 1884 3726 1936 ἐν
3751 1902 3882 1937 τισιν

2299 1966 2579 2034 ἐξεγένετο
2606 1968 2686 2030 είς
2713 1968 2889 2021 ἐκεῖνο
2915 1968 2977 2022 τὸ
3013 1970 3213 2039 μέτρον
3243 1965 3276 2046 ᾖ
3306 1971 3563 2025 λέλεκται
3598 1973 3879 2035 εἰσελθεῖν,

2297 2059 2393 2111 καὶ
2431 2055 2547 2112 οἶδα
2589 2059 2923 2130 καταμαθὼν
2968 2062 3151 2126 ὁποῖός
3176 2080 3257 2127 τις
3295 2065 3323 2117 ὁ
3350 2064 3562 2127 τέλειος
3599 2064 3880 2136 Eii-Opust;

2295 2152 2460 2204 ἐστιν.

3586 2249 3660 2304 Et
3735 2250 3877 2313 novi,

607 2324 841 2380 edoctus
874 2328 1291 2397 experimentis,
1318 2331 1498 2399 qualis
1523 2330 1743 2386 demum
1784 2334 1855 2389 sit
1906 2335 2183 2404 perfectus
2214 2337 2400 2390 homo.

600 2456 603 2457 ν
679 2417 820 2474 XIII.
852 2419 990 2474 Cum
1027 2422 1221 2478 audire
1255 2424 1353 2479 tibi
1386 2426 1687 2495 contigerit
1717 2427 1786 2484 de
1810 2431 2188 2485 communica-

610 2513 762 2570 tione
785 2518 973 2586 sponsi
1013 2535 1137 2574 eum
1167 2536 1390 2590 sponsa,
1432 2522 1502 2577 de
1555 2523 1762 2589 choris,
1818 2525 1887 2579 de
1941 2537 2103 2580 cantu
2133 2536 2191 2582 et

607 2606 787 2671 festis,
814 2609 952 2664 nihil
980 2613 1260 2666 materiale
1278 2622 1373 2667 aut
1391 2622 1673 2669 terrenum
1712 2617 2065 2687 cogitaveris.
2085 2618 2187 2672 Et-

605 2692 758 2745 enim
791 2692 846 2747 in
871 2697 1181 2765 exemplum
1216 2697 1486 2754 duntaxat
1533 2715 1632 2769 per
1656 2702 2185 2757 condescensionem

604 2784 766 2853 202
806 2786 922 2842 haec
950 2798 1330 2845 assumuntur.
1362 2790 1631 2857 Quoniam
1665 2792 1754 2847 illa
1790 2808 1911 2863 quae
1933 2794 2020 2849 his
2038 2795 2185 2850 desi-

602 2886 867 2945 gnantur,
901 2879 1216 2949 Spiritualia
1274 2890 1331 2936 et
1376 2882 1555 2938 oculis
1598 2884 1819 2939 carneis
1862 2886 2183 2957 incontigua

603 2975 753 3021 Sunt.
796 2970 1009 3025 Animae
1034 2987 1166 3027 vero
1190 2983 1396 3030 sancta:
1418 2989 1483 3028 ac
1519 2974 1668 3028 ﬁdeli
1689 2976 1793 3030 sub
1819 2978 2184 3046 comprehen-

2361 2430 2460 2483 ll".
2498 2428 2751 2483 Ἐπειδὰν
2788 2426 3017 2483 ἀκοῦσαί
3056 2446 3137 2483 σοι
3175 2428 3384 2498 γένοιτο
3425 2429 3562 2501 περὶ
3596 2431 3879 2495 romana;

2290 2520 2524 2591 νυμφίου
2562 2521 2655 2573 καὶ
2688 2519 2926 2590 νύμφης,
2953 2521 3048 2574 καὶ
3079 2522 3275 2591 χορῶν,
3317 2523 3412 2576 καὶ
3448 2523 3684 2593 ἑορτῶν,
3718 2526 3876 2597 μηδὲν

2290 2611 2473 2665 ὑλικὸν
2518 2612 2653 2682 μηδὲ
2694 2614 2986 2684 πρόσγειον
3015 2614 3285 2683 ἐννόησον.
3319 2614 3431 2668 Καὶ
3462 2615 3578 2685 γὰρ
3618 2619 3702 2680 είς
3748 2619 3875 2670 ὑπό-

2286 2704 2485 2775 δειγμα
2516 2706 2675 2774 μόνον
2717 2704 3204 2772 συγκαταύατικῶς
3232 2706 3405 2761 ταῦτα
3438 2710 3875 2781 παραλαμϐάνε-

2287 2813 2400 2850 ται.
2456 2797 2605 2850 Ἐπεὶ
2637 2799 2818 2851 ἐκεῖνα
2862 2798 3079 2871 ἄρρητά
3117 2801 3178 2852 τέ
3214 2802 3333 2853 ὲστι
3368 2802 3466 2855 καὶ
3497 2804 3872 2874 πνευματικὰ.

2289 2887 2385 2940 καὶ
2438 2887 2734 2958 ὀφθαλμοῖς
2783 2890 2896 2952 τοῖς
2952 2894 3233 2960 σαρκικοῖς
3280 2892 3578 2961 ἄψαυστασ
3628 2894 3783 2966 ψυχῇ
3824 2896 3873 2949 δὲ

2290 2978 2421 3051 ἁγίᾳ
2466 2980 2559 3033 καὶ
2600 2983 2762 3052 πιστῇ
2800 2982 2937 3053 πρὸς
2964 2982 3269 3053 κατάληψιν
3302 2984 3550 3055 ἔρχεται,
3578 2986 3724 3056 αὕτη
3754 3005 3815 3039 τε
3840 2990 3869 3057 ἡ

602 3060 813 3117 sionem
847 3064 1080 3119 veniunt
1109 3078 1167 3121 et
1199 3067 1315 3137 ipsa
1336 3068 1764 3129 communicatio
1795 3070 1972 3126 sancti
2007 3071 2180 3153 Spiri-f

2286 3072 2539 3124 κοινωνία
2564 3073 2660 3125 τοῦ
2686 3052 3200 3145 ἀγίουίΠνεύματος,
3233 3052 3397 3129 καινοί
3423 3052 3752 3149 ἐπουράνιοι
3781 3052 3872 3150 θηλ

603 3158 713 3214 tus,
756 3160 814 3205 et
844 3157 1261 3223 supercmlestes
1284 3160 1549 3225 thesauri,
1595 3162 1752 3217 chori
1784 3178 1848 3218 ac
1883 3164 2026 3221 festa
2058 3182 2186 3222 san-

600 3251 818 3296 ctorum
849 3246 1193 3315 angelorum.
1230 3248 1377 3315 Quin
1398 3251 1488 3305 isti
1515 3260 1727 3308 tantum
1758 3256 1970 3311 homini
2004 3260 2182 3313 mani-

596 3332 737 3388 festa
779 3333 937 3400 ﬁunt,
962 3337 1056 3405 qui
1086 3341 1528 3408 experimentum
1557 3360 1750 3401 eorum
1789 3349 2027 3417 ceperit;
2069 3364 2182 3405 non

600 3424 949 3481 introductus
966 3438 1149 3483 autem
1174 3431 1227 3485 in
1259 3433 1373 3489 hzec
1408 3435 1708 3506 adyta,nec
1732 3440 2181 3511 qualemcunque

599 3516 790 3570 talium
822 3518 1061 3575 formare
1092 3521 1272 3579 ideam
1302 3536 1510 3595 potest.
1543 3529 1890 3586 Reverenter
1919 3531 2088 3603 igitur
2112 3533 2180 3589 de

602 3604 917 3675 hujusmodi
954 3610 1122 3665 rebus
1157 3613 1308 3678 audi,
1355 3617 1539 3685 quoad
1578 3618 1677 3672 tibi
1724 3622 2011 3692 contingat
2054 3638 2179 3679 cre-

595 3698 776 3760 denti,
813 3709 873 3755 ut
908 3700 1105 3772 dignus
1129 3704 1392 3762 habearis
1418 3709 1683 3766 Iruitione
1716 3722 1933 3767 tuarum
1969 3729 2175 3771 rerum.

594 3788 664 3842 Et
710 3798 843 3845 tunc
881 3792 1024 3846 scies
1062 3792 1179 3863 ipsa
1234 3800 1582 3867 experientia
1613 3803 1904 3858 oculorum
1955 3807 2176 3874 animae,

593 3882 838 3948 qualium
924 3884 1200 3940 honorum
1283 3892 1479 3947 anima:
1545 3893 1996 3952 Christianorum
2055 3899 2175 3955 ﬁeri

592 3982 876 4042 compotes
898 3987 1119 4046 queant.
1136 3980 1268 4034 Nam
1292 3983 1344 4036 in
1372 3986 1780 4043 resurrectione
1805 3991 2023 4059 corpori
2040 4007 2178 4062 quo-

599 4079 711 4134 que
738 4068 1022 4139 continget
1048 4070 1247 4126 horum
1277 4089 1400 4129 esse
1427 4077 1709 4148 participi,
1741 4079 2040 4153 Videreque
2081 4084 2174 4140 illa

590 4165 651 4210 et
689 4157 1095 4226 quodammodo
1124 4162 1372 4233 palpare,
1408 4167 1629 4236 quando
1664 4168 1845 4239 ipsum
1878 4172 2173 4243 spiritualc

589 4250 796 4302 factum
819 4250 1005 4306 fuerit.

2286 3163 2499 3233 σαυροὶ,
2546 3164 2598 3217 οἱ
2639 3165 2789 3236 χοροί
2820 3183 2878 3219 τε
2922 3167 3014 3220 καὶ
3053 3169 3239 3238 ἑορταὶ
3275 3169 3386 3222 τῶν
3419 3170 3601 3239 ἁγίων
3624 3172 3873 3241 ἀγγέλων

2282 3253 2361 3323 τῷ
2390 3255 2555 3326 πείρᾳ
2587 3256 2805 3310 λαϐόντι
2841 3258 2988 3329 μόνῳ
3017 3260 3299 3331 καταφανῆ
3328 3260 3603 3329 γίνονται,
3642 3266 3872 3335 ἀμυήτῳ

2282 3346 2338 3399 δὲ
2370 3347 2493 3400 οὐδὲ
2519 3350 2768 3420 ἐννοῆσαι
2798 3351 3020 3406 δυνατὸν
3065 3353 3126 3405 τὸ
3162 3354 3449 3425 παράπαν.
3481 3356 3755 3421 Εὐλαῦῶς
3786 3354 3873 3411 οὖν

2283 3439 2411 3509 περὶ
2448 3439 2628 3493 αὐτῶν
2698 3443 2887 3510 ἄκουε,
2958 3445 3151 3516 μέχρις
3218 3447 3286 3500 ἂν
3352 3452 3449 3502 καὶ
3511 3451 3600 3503 σοὶ
3662 3453 3873 3518 γένοιτο

2283 3531 2590 3585 πιστεύοντι
2637 3534 3039 3607 καταξιωθῆναι
3083 3538 3191 3593 τῶν
3218 3540 3481 3595 τοιούτων
3519 3546 3751 3613 τυχεῖν·
3784 3548 3871 3598 καὶ

2280 3624 2401 3675 τότε
2432 3625 2551 3696 εἴσῃ
2583 3626 2719 3698 αὐτῇ
2753 3630 2921 3699 πείρᾳ
2957 3629 3066 3683 τῶν
3092 3631 3386 3703 ὀφθαλμῶν
3408 3636 3509 3705 τῆς
3536 3637 3728 3707 ψυχῆς
3750 3640 3873 3692 οἰων

2278 3714 2501 3782 ἀγαθῶν
2541 3715 2708 3788 ψυχαί
2757 3736 2817 3772 τε
2859 3720 3202 3792 Χριστιανῶν
3248 3726 3526 3781 κάνταῦθα
3584 3733 3871 3784 κοινωνεῖν

2277 3808 2553 3864 δύνανται.
2601 3812 2687 3865 Ἐν
2735 3814 2844 3882 γὰρ
2892 3818 2959 3887 τῇ
3002 3816 3293 3872 ἀναστάσει
3338 3820 3434 3874 καὶ
3478 3823 3635 3895 αὐτῷ
3665 3824 3751 3894 τῷ
3781 3825 3871 3878 σώ-

2280 3919 2410 3971 ματι
2457 3903 2566 3958 τῶν
2623 3905 2875 3960 τοιούτων
2927 3909 3193 3979 παρέσται
3250 3916 3461 3983 τυχεῖν,
3528 3914 3759 3984 βλέπειν
3813 3935 3866 3971 τε

2276 3999 2418 4053 αὐτὰ
2469 4000 2566 4055 καὶ
2619 4002 2783 4058 οἱονεὶ
2833 4006 3075 4076 κρατεῖν,
3100 4006 3299 4062 ὁπόταν
3340 4011 3438 4063 καὶ
3476 4011 3614 4065 αὐτὸ
3644 4014 3867 4084 γένηται

2277 4090 2517 4165 πνεῦμα.

661 4339 798 4396 XIV.
848 4343 1077 4414 Propria
1131 4348 1329 4405 animze
1384 4361 1587 4409 nostra:
1638 4355 1859 4424 decora,
1914 4366 1972 4413 et
2036 4360 2164 4416 boni

2344 4373 2441 4426 IA'.
2467 4372 2547 4427 Τὰ
2585 4372 2692 4427 ῐδια
2723 4374 2823 4445 τῆς
2864 4374 3045 4447 ψυχῆς
3071 4376 3266 4449 κάλλη,
3286 4378 3382 4432 καὶ
3411 4380 3462 4433 οἱ
3485 4381 3687 4449 ἀγαθοὶ
3728 4401 3859 4451 πσρ-

590 4431 831 4498 fructus,
893 4436 1156 4493 videlicet
1214 4442 1409 4509 oratio,
1467 4445 1729 4513 Charitas,
1802 4448 2051 4522 ﬁdesque
2110 4462 2167 4508 et

2284 4465 2382 4531 τοὶ,
2412 4465 2531 4535 ἦτοι
2560 4464 2714 4536 εὐχὴ,
2997 4431 3179 4532 πίστις
3315 4472 3411 4525 καὶ
3447 4431 3735 4542 ἀγρυπνία
3772 4431 3858 4527 vra

590 4525 781 4594 vigilia
847 4538 904 4582 et
978 4531 1272 4600 jejunium,
1331 4545 1387 4589 et
1460 4539 1567 4593 alia
1630 4540 1907 4598 virtutum
1962 4544 2163 4613 cilicia,

588 4617 683 4670 ubi
719 4619 878 4674 mista
917 4637 1015 4690 per
1056 4625 1536 4696 participationem
1587 4632 1757 4689 fuerit
1789 4638 2166 4693 communioni

586 4708 848 4779 Spiritus,
878 4722 1008 4768 tunc
1035 4723 1092 4768 et
1140 4718 1279 4787 ipsa,
1322 4723 1474 4777 velut
1508 4724 1805 4795 thymiama
1852 4730 2164 4800 conjectum

587 4797 641 4851 in
672 4798 875 4869 ignem,
928 4804 1243 4872 opulentam
1300 4812 1562 4868 emittunt
1599 4797 2011 4885 fragrantiam:
2065 4822 2161 4877 sed

581 4899 639 4943 et
706 4892 865 4946 nobis
918 4895 1170 4953 redditur
1233 4901 1395 4957 facile
1452 4908 1771 4962 conversari
1819 4924 2064 4982 congrue
2092 4913 2161 4968 ad

587 4983 930 5041 voluntatem
959 4988 1096 5055 Dei;
1150 5002 1341 5063 utpote
1380 5011 1505 5052 cum
1542 4999 1661 5054 sine
1692 5001 1905 5072 Spiritu
1944 5016 2159 5072 saneto,

581 5080 1045 5145 quemadmodum
1112 5088 1225 5157 jam
1290 5100 1452 5148 antea
1525 5094 1737 5152 dictum
1822 5110 1931 5165 est,
1998 5117 2163 5158 nemo

582 5171 757 5237 possit
797 5173 1106 5246 intelligere
1157 5180 1254 5235 Dei
1311 5184 1673 5243 voluntatem.
1731 5190 1803 5246 Ut
1849 5192 1998 5246 enim
2039 5210 2162 5264 qua:

580 5262 701 5316 viro
743 5265 905 5319 nubit
944 5269 1163 5337 mulier,
1199 5273 1353 5341 prius
1382 5277 1606 5345 quidem
1636 5296 1801 5350 quam
1835 5284 1885 5338 ei
1922 5262 2160 5356 conjun-

576 5364 757 5423 gatur.
789 5359 1013 5428 proprio
1042 5362 1180 5418 vivit
1206 5366 1461 5431 arbitrio,
1488 5378 1545 5425 et
1585 5382 1746 5443 prout
1794 5375 1899 5444 ipsi
1940 5377 2160 5435 libitum

577 5449 760 5503 estde
790 5465 849 5504 se
892 5455 1167 5521 consulit;
1216 5458 1379 5514 simul
1424 5471 1608 5517 autem
1654 5466 1758 5520 sub
1812 5469 1997 5523 mariti
2031 5487 2166 5527 con-

580 5541 797 5594 venerit
828 5558 1075 5610 manum,
1118 5548 1221 5602 sub
1245 5566 1312 5604 eo
1355 5568 1540 5608 rerum
1563 5557 1809 5612 omnium
1842 5561 2154 5616 actionum-

579 5646 687 5698 que
710 5648 936 5688 suarum
973 5638 1324 5697 moderatore
1354 5645 1511 5714 vivit,
1545 5663 1603 5703 se
1644 5651 1921 5721 respicere
1973 5653 2150 5724 ipsam

577 5736 645 5777 ex
675 5738 743 5779 eo
773 5725 1065 5796 desinens;
1116 5733 1231 5803 pari
1272 5736 1435 5794 modo
1465 5748 1519 5793 et
1567 5742 1747 5797 anima
1797 5743 1951 5814 prius
1985 5746 2149 5802 habet

2266 4558 2524 4627 νηστεία,
2583 4559 2680 4611 καὶ
2743 4559 2911 4613 τᾶλλα
2975 4561 3082 4614 τῶν
3149 4561 3363 4632 ἀρετῶν
3422 4565 3853 4636 ἐπιτηδεύματα,

2266 4649 2483 4703 ἐπειδὰν
2527 4650 2737 4721 μιγείη,
2774 4652 2868 4704 καὶ
2914 4654 3233 4724 κοινωνήσοι
3278 4655 3378 4724 τῆς
3414 4648 3511 4709 τού
3538 4657 3855 4725 Πνεύματος

2265 4740 2567 4803 κοινωνίας,
2610 4742 2731 4795 τότε
2774 4743 2867 4795 καὶ
2910 4743 3050 4797 αὐτὰ
3090 4744 3392 4815 καθαπερεὶ
3428 4746 3683 4818 θυμίαμα
3724 4752 3853 4817 rapi.

2263 4831 2479 4902 βληθὲν,
2515 4833 2777 4888 πλουσίαν
2825 4835 3116 4888 ἀποδίδωσι
3146 4838 3245 4906 τὴν
3275 4839 3505 4892 εὐωδίαν
3531 4858 3547 4871 ο
3580 4842 3719 4896 ἀλλὰ
3766 4844 3852 4895 καὶ

2261 4926 2393 4995 ἡμῖν
2444 4924 2653 4992 γίνεται
2703 4926 2884 4995 ῥᾴδιον
2932 4927 3241 4991 ἀκολούθως
3278 4931 3358 5000 τῷ
3387 4931 3659 5002 θελήματι
3703 4936 3851 4987 πολι.

2260 5015 2513 5069 τεύεσθαι
2566 5015 2660 5068 τοῦ
2708 5016 2865 5071 Θεοῦ.
2915 5018 3002 5082 Ὦς
3031 5017 3158 5073 ἄνευ
3186 5020 3507 5091 Πνεύματος
3541 5024 3638 5077 τοῦ
3668 5026 3847 5092 ἁγίου,

2260 5106 2511 5178 καθάπερ
2556 5108 2656 5179 ἥδη
2711 5109 2973 5181 πρότερον
3004 5112 3244 5184 εἴρηται,
3278 5115 3471 5183 μηδεν)⁸
3517 5117 3749 5171 δυνατὸν
3791 5118 3849 5170 ἰν

2261 5202 2500 5255 συνιέναι
2549 5203 2611 5256 τὸ
2659 5202 2755 5256 τοῦ
2808 5204 2943 5256 Θεοῦ
2996 5206 3228 5276 θέλημα.
3272 5208 3488 5280 ’Ὠσπερ
3537 5210 3649 5282 γὰρ
3690 5212 3849 5279 ἀνδρὶ

2262 5294 2397 5364 πρὸς
2424 5293 2602 5363 γάμον
2631 5294 2864 5349 συνοῦσα
2894 5297 3059 5368 γυνὴ,
3090 5299 3357 5369 πρότερον
3391 5302 3543 5372 μὲνῆ
3572 5303 3847 5370 συναφθῆο

2259 5406 2368 5450 ναι,
2391 5388 2585 5461 γνώμῃ
2613 5392 2679 5460 τῇ
2709 5390 2816 5462 ἰδίᾳ
2846 5395 3068 5462 στοιχεῖ,
3100 5394 3192 5446 καὶ
3217 5393 3484 5464 θελήματι
3506 5396 3621 5457 τοῖς
3643 5395 3843 5463 ἑαυτῆς

2261 5478 2549 5549 κέχρηται,
2581 5479 2802 5535 ἐπειδὰν
2852 5481 2911 5535 δὲ
2960 5484 3187 5555 συνέλθῃ
3233 5485 3357 5538 καθ’
3402 5486 3485 5550 ἓν,
3521 5488 3617 5541 ὑπ’
3649 5488 3843 5553 ἐκείνῳ

2263 5570 2491 5639 ἡγεμόνι
2528 5572 2589 5624 τὸ
2616 5572 2834 5626 σύνολον
2866 5574 2955 5645 ζῇ,
2990 5575 3084 5628 τοῦ
3116 5576 3253 5647 πρὸς
3277 5578 3479 5649 ἑαυτὴν
3504 5580 3658 5650 ὀρᾷν,
3686 5581 3844 5645 ἀφίει

2264 5658 2400 5729 μὲνη
2422 5676 2435 5689 ·
2467 5660 2558 5714 τὸν
2589 5662 2752 5715 αὐτὸν
2781 5662 2845 5733 δὴ
2871 5663 3069 5733 τρόπον
3101 5666 3195 5719 καὶ
3217 5666 3367 5737 ψυχὴ
3410 5667 3526 5738 ἔχει
3570 5670 3670 5738 μὲν
3709 5669 3841 5720 ἴδιὸν

2258 5768 2307 5803 τι
2337 5750 2571 5824 θέλημα,
2602 5754 2695 5809 καὶ
2725 5754 2888 5819 ἰδίους
2916 5756 3132 5826 νόμους,
3159 5758 3254 5812 καὶ
3288 5758 3424 5829 ἔργα
3448 5761 3557 5815 Et:
3580 5777 3593 5789 ο
3622 5759 3838 5815 ὲπειὶἐν
