4044 6546
191 358 288 421 921
1408 345 1638 407 LIBER
1676 342 1775 403 DE
1812 341 2267 405 CHARITATE.
3353 341 3458 406 922

192 477 250 530 δὲ
302 475 530 544 γένηται
574 469 699 535 ἀξία
747 467 827 540 τῷ
873 464 1177 536 ἐπουρανίῳ
1210 460 1367 532 ἀνδρὶ⁸
1402 457 1622 531 Χριστῷ
1661 474 1787 512 συν-

1893 460 2228 514 voluntatem
2278 457 2571 529 quamdam
2640 459 2944 529 propriam,
3009 459 3160 531 leges
3213 476 3459 529 ususque

192 567 389 631 ελθεῖν,
419 564 785 618 ὑποτάσσεται
818 558 896 630 τῷ
918 560 1070 628 τόμῳ
1097 555 1192 609 τοῦ
1220 554 1434 621 ἀνδρὸς,
1459 552 1559 605 ούκ
1586 552 1671 605 ἔτι
1697 549 1777 615 τῷ

1893 551 2161 620 )roprios,
2184 566 2350 620 opera
2370 549 2595 620 propria
2621 566 2634 603 :
2662 558 2951 620 postquam
2969 565 3102 604 vero
3124 551 3287 620 digna
3317 551 3457 607 facta

190 661 398 731 ταύτης
436 657 725 728 θελήματι,
762 652 899 709 ἀλλά
928 649 1008 722 τῷ
1033 648 1237 719 ταύτης
1261 645 1494 716 νυμφίου
1532 642 1774 714 ἑπομένη

1893 644 2047 699 'uerit
2108 660 2231 713 quae
2287 642 2665 715 supercmlesti
2709 643 2831 697 viro
2866 644 3191 715 jungeretur
3216 643 3457 699 Christo.

190 753 456 825 Χριστοῦ.

266 935 369 990 IE'.
396 933 471 987 Τδ
500 928 594 985 τοῦ
622 929 803 1000 γάμου
847 925 1051 996 ἔνδυμα
1076 923 1175 994 τὴν
1202 920 1296 976 τοῦ
1335 920 1492 990 ἁγίου
1518 918 1779 991 Πνεύμα-

193 1043 288 1089 τος
330 1025 487 1095 χάριν
538 1020 709 1088 ἡγοῦ*
754 1018 853 1087 τὴν
891 1017 919 1068 ό
959 1016 1036 1085 μὴ
1092 1012 1304 1066 ὲνδύναι
1336 1008 1576 1079 γεγονὼς
1606 1007 1779 1073 ἀξιος,

195 1117 296 1172 τοῦ
320 1113 647 1185 ἐπουρανίου
675 1110 855 1180 γάμου
910 1108 1003 1161 καὶ
1028 1106 1123 1160 τοῦ
1157 1104 1374 1158 δείπνου
1409 1101 1504 1156 τοῦ
1535 1117 1781 1171 πνευμα-

198 1207 353 1265 τικοῦ
375 1206 629 1267 κοινωνὸς
661 1203 761 1256 οὐκ
785 1201 959 1254 ἔσται.
1008 1197 1203 1267 Θῶμεν
1232 1194 1467 1265 σπουδὴν
1495 1193 1589 1247 τοῦ
1621 1209 1784 1245 πνευ-

204 1299 435 1372 ματικού
461 1297 556 1351 καὶ
585 1296 728 1348 θείου
754 1298 899 1347 πιεῖν
931 1290 1100 1353 οἴνου,
1128 1288 1224 1341 καί¹
1246 1286 1580 1357 μεθυσθῆναι
1614 1284 1783 1356 μέθην

200 1391 481 1463 νηφάλιον’
518 1387 583 1440 ἵν’
608 1385 796 1455 ὥσπερ
816 1385 864 1437 οἱ
890 1383 1036 1436 οίνου
1074 1380 1346 1450 διακορεῖς
1370 1376 1674 1447 λαλίστεροι
1701 1375 1787 1444 γί-

201 1500 403 1546 νονται,
434 1480 575 1533 οὕτω
598 1478 694 1532 καὶ
725 1478 909 1547 ἡμεῖς,
933 1474 1028 1528 τοῦ
1057 1469 1428 1543 πνευματικοῦ
1452 1468 1643 1523 τούτου
1673 1467 1787 1520 διά-

200 1577 356 1630 πλεοι
386 1572 670 1643 γεγονότες
699 1570 865 1633 οίνου,
910 1566 1225 1638 μυστηρίων
1265 1564 1424 1617 θείων
1462 1561 1787 1633 λαλήσωμεν

196 1669 515 1739 διηγήματα
532 1681 547 1695 ο
568 1663 677 1717 Καὶ
708 1662 773 1715 τὸ
798 1659 1086 1726 ποτήριόν
1112 1672 1229 1712 σου
1255 1655 1387 1727 γὰρ,
1416 1654 1553 1727 φησι
1599 1651 1785 1717 Δαϐὶδ,

189 1760 508 1829 μεθύσκον
530 1771 627 1823 με,
660 1751 801 1805 ὡσεὶ
825 1754 1147 1820 κράτιστον
1173 1750 1193 1803 !

1878 733 2175 805 subjicitur
2207 733 2315 805 legi
2342 734 2472 799 viri,
2506 749 2612 789 non
2641 732 2877 804 amplius
2909 747 3088 798 suam,
3118 731 3216 787 sed
3267 730 3458 802 sponsi

1879 841 2120 895 sequens
2144 826 2507 881 voluntatem.

1950 918 2066 974 XV.
2116 919 2429 989 Nuptialem
2481 927 2689 974 vestem
2753 917 2994 988 Spiritus
3058 917 3285 988 gratiam
3338 930 3461 970 esse

1881 1020 2035 1079 puta,
2064 1026 2228 1080 quam
2262 1011 2355 1080 qui
2383 1010 2614 1065 induere
2643 1010 2844 1079 dignus
2891 1027 3003 1066 non
3055 1010 3242 1075 fuerit,
3297 1007 3465 1062 ccelc-

1882 1101 2049 1157 stium
2090 1102 2406 1170 nuptiarum
2434 1101 2696 1171 epuliquc
2720 1101 3023 1171 spiritualis
3052 1102 3326 1170 particeps
3350 1114 3459 1151 non

1884 1193 2013 1248 erit.
2076 1194 2353 1248 Ponamus
2408 1193 2653 1248 studium
2705 1193 2762 1248 in
2827 1193 3104 1263 spirituali
3164 1200 3221 1247 et
3272 1191 3464 1245 divino

1886 1282 2131 1337 bibendo
2159 1282 2312 1344 vino,
2348 1290 2404 1337 et
2432 1282 2776 1336 inebriemur
2809 1282 3086 1335 ebrietate
3132 1281 3342 1343 sobria,
3381 1288 3463 1344 ul,

1888 1372 2361 1443 quemadmodum
2412 1373 2507 1443 qui
2545 1373 2674 1426 vino
2710 1372 2856 1442 pleni
2920 1380 3068 1434 sunt,
3122 1370 3467 1440 loquaciores

1888 1465 2047 1530 fiunt,
2078 1467 2155 1520 ita
2175 1473 2233 1520 et
2258 1480 2382 1530 nos,
2411 1464 2689 1535 spirituali
2736 1465 2841 1518 hoc
2864 1464 3012 1533 large
3042 1463 3238 1516 hausno
3289 1477 3464 1529 mero,

1889 1556 2279 1627 mysteriorum
2334 1555 2653 1609 divinorum
2708 1556 3039 1624 eloquamur
3097 1552 3464 1608 narrationes.

1889 1649 1957 1704 Et
1985 1648 2125 1702 calix
2145 1656 2263 1702 tuus
2285 1646 2384 1720 (ait
2415 1647 2607 1719 David)
2630 1648 2895 1702 inebrians
2928 1663 3029 1711 me,
3054 1662 3214 1711 quam
3237 1644 3466 1715 ργασία-

1890 1756 1981 1793 rus
2007 1747 2083 1793 est
2113 1740 2155 1770 ’⁷
2185 1740 2199 1793 !
2268 1768 2271 1769 ν

274 1852 395 1920 ις’.
421 1801 575 1919 Ain;
593 1801 739 1901 ἐστὶν
765 1847 799 1916 ὴ
1160 1801 1440 1910 Πνεύματι
1469 1836 1638 1910 ψυχὴ,
1659 1836 1784 1906 ἥτις

1960 1832 2099 1887 XVI.
2139 1832 2377 1902 Ipsaest
2410 1831 2503 1886 illa
2525 1846 2735 1901 pauper
2760 1828 2969 1900 Spiritu
3000 1828 3206 1893 anima,
3226 1843 3348 1898 qnae
3376 1841 3470 1883 co-

200 1943 554 2014 ἐπιγινώσκει
603 1941 703 2011 μὲν
751 1938 820 1992 τὰ
860 1937 1061 2005 ἑαυτῆς
1088 1934 1400 2006 τραύματα,
1431 1929 1784 1999 ἐπιγινώσκει

198 2038 261 2092 δὲ
290 2038 352 2090 τδ
387 2035 641 2106 περιέχον
696 2030 866 2102 αὐτὴν
913 2029 1024 2082 τῶν
1068 2025 1257 2080 παθῶν
1288 2024 1500 2087 σκότος,
1551 2021 1647 2075 καὶ
1683 2020 1784 2090 τὴν

200 2131 318 2186 ἀπὸ
360 2128 567 2198 Κυρίου
603 2126 895 2184 διαπαντὸς
929 2118 1183 2186 ἐπιζητεῖ
1208 2115 1510 2185 λύτρωσιν*
1553 2114 1588 2183 ἢ
1629 2111 1785 2180 φέρει

206 2219 312 2290 μὲν
347 2218 565 2279 πόνους,
607 2212 694 2267 ἐπ’
719 2210 898 2265 οὐδενὶ
928 2208 985 2262 δὲ
1016 2207 1127 2261 τῶν
1159 2206 1252 2258 ἐπὶ
1276 2207 1377 2274 γῆς
1407 2201 1629 2270 ἀγαθῶν
1660 2198 1784 2269 χαί-

208 2327 295 2383 ρει
311 2326 325 2341 ο
351 2309 488 2363 ἀλλά
510 2306 586 2377 τῷ
607 2303 757 2373 καλῷ
782 2302 928 2372 μόνῳ
954 2297 1144 2369 ίατρῷ,
1162 2298 1257 2351 καὶ
1280 2298 1346 2366 τῇ
1372 2292 1535 2349 αὐτοῦ
1560 2291 1787 2345 πέποιθε

202 2382 497 2473 θεραπείᾳ.
536 2398 660 2461 Πῶς
690 2390 785 2450 οὖν
826 2395 861 2466 ἠ
902 2388 1415 2462 τετραυματισμένη
1454 2383 1593 2455 αὕτη
1639 2382 1785 2453 ψυχὴ

200 2494 349 2565 καλὴ
406 2492 502 2546 καὶ
549 2488 909 2560 εὐπρόσωπος
959 2483 1135 2544 ἔσται,
1163 2480 1260 2534 καὶ
1300 2478 1455 2549 πρὸς
1482 2474 1786 2545 συμϐίωσιν

203 2564 526 2655 ἁρμόζουσα
565 2579 644 2651 τῷ
673 2576 928 2650 Χριστῷς
964 2573 1081 2637 πῶς
1116 2572 1291 2635 ἄλλως
1329 2568 1362 2641 ἢ
1397 2566 1540 2621 κατὰ
1565 2566 1664 2638 τὴν
1691 2564 1789 2635 ἀρ-

202 2679 376 2748 χαίαν
400 2676 569 2745 αὐτῆς
597 2672 796 2736 κτίσιν,
829 2669 925 2723 καὶ
951 2667 1051 2737 τὴν
1078 2664 1226 2735 σαφῆ
1246 2662 1356 2717 τῶν
1383 2660 1600 2743 οἰκείων
1622 2656 1790 2729 τραύ-

209 2745 402 2843 μάτων
437 2768 533 2821 καὶ
560 2767 661 2836 τῆς
692 2763 965 2833 πτωχείας
995 2759 1321 2827 ὲπίγνωσιν;
1344 2755 1408 2808 Et
1446 2753 1556 2825 γὰρ
1577 2745 1658 2813 οἷς
1679 2750 1790 2821 ἔχει

202 2861 495 2935 τραύμασί
522 2876 585 2913 τε
616 2857 714 2913 καὶ
747 2854 974 2927 μώλωψι
998 2853 1106 2906 τῶν
1134 2850 1323 2905 παθῶν
1365 2846 1441 2919 μὴ
1483 2844 1788 2915 συνήδεται,

209 2955 352 3028 μηδὲ
394 2952 685 3024 συνηγορεῖ
732 2949 847 3011 τοῖς
890 2945 1220 3016 σφάλμασιν,
1254 2942 1313 2994 ού
1340 2938 1619 3009 λογίζεται
1652 2936 1790 3006 αὐτῇ

202 3024 315 3115 τὴν
337 3042 610 3116 ἀμορφίαν
638 3043 666 3094 ό
695 3038 920 3109 Κύριος,
952 3035 1068 3090 ἀλλ’
1100 3031 1269 3087 ἐλθὼν
1320 3032 1465 3084 ίᾶται
1500 3028 1595 3082 καὶ
1631 3024 1793 3096 θερα-

1886 1923 2103 1994 gnoscit
2136 1923 2357 1993 quidem
2385 1937 2484 1975 sua
2512 1921 2778 1985 vulnera;
2812 1922 3094 1991 cognoscit
3123 1937 3255 1976 vero
3300 1922 3468 1977 etiam

1886 2032 2003 2081 eas,
2028 2015 2233 2085 quibus
2263 2014 2747 2079 circumambitur,
2772 2013 3255 2082 perturbationum
3312 2024 3467 2068 tene-

1886 2110 2049 2173 bras;
2088 2116 2144 2162 et
2179 2123 2210 2161 a
2254 2105 2488 2161 Domino
2533 2105 2797 2160 continue
2831 2104 3215 2161 liberationem
3248 2106 3468 2175 quaerit.

1887 2202 2019 2269 Quae
2054 2202 2254 2256 tolerat
2283 2199 2507 2270 quidem
2536 2198 2776 2263 labores,
2809 2198 2877 2252 de
2932 2199 3086 2252 nullo
3134 2208 3317 2252 autem
3373 2215 3469 2254 eo-

1888 2306 2034 2353 rum,
2067 2306 2189 2360 qum
2213 2304 2379 2359 super
2407 2297 2611 2344 terram
2644 2295 2795 2351 sunt,
2828 2287 2974 2340 bono
2998 2288 3232 2356 gaudet;
3282 2287 3378 2342 sed
3414 2288 3469 2341 in

1889 2384 2038 2438 bono
2061 2390 2276 2436 tantum
2308 2381 2545 2443 medico,
2602 2389 2658 2434 et
2713 2380 2767 2433 in
2809 2380 2929 2448 ejus
2977 2379 3266 2434 curatione
3294 2380 3469 2433 conii-

1894 2474 1995 2528 dit.
2024 2470 2318 2538 Quomodo
2351 2470 2519 2541 igitur
2550 2470 2669 2524 haec
2721 2469 3007 2523 vulnerata
3061 2469 3243 2523 anima
3272 2469 3473 2524 decora

1890 2577 1946 2621 et
1983 2564 2225 2620 formosa
2272 2564 2406 2628 erit,
2430 2572 2487 2618 et
2517 2562 2585 2617 ad
2607 2562 2735 2617 vitae
2767 2561 3081 2616 societatem
3134 2560 3470 2615 individuam

1892 2675 2020 2715 cum
2049 2658 2271 2716 Christo
2302 2657 2598 2713 iucundam
2628 2655 2791 2725 apta?
2818 2654 3095 2724 quomodo
3125 2654 3286 2708 aliter
3307 2669 3472 2723 quam

1892 2758 2238 2821 perspectam
2268 2747 2527 2803 babendo
2549 2747 2830 2815 antiquam
2883 2759 3035 2797 suam
3075 2743 3383 2813 originem,
3418 2752 3477 2797 et

1893 2846 2100 2900 claram
2133 2857 2248 2913 pra:
2288 2857 2348 2897 se
2392 2841 2621 2896 ferendo
2668 2837 3018 2908 propriorum
3075 2836 3368 2890 vulnerum
3416 2844 3475 2889 et

1893 2934 2266 2991 mendicitatis
2308 2931 2597 2988 notitiam?
2621 2930 2756 2984 Nam
2784 2929 2828 2983 si
2858 2928 2945 2992 iis,
2970 2942 3091 2997 qua:
3133 2926 3318 2993 habet,
3354 2926 3476 2981 vul-

1893 3028 2125 3083 neribus
2170 3036 2226 3082 et
2258 3022 2607 3081 cicatricibus
2639 3020 2958 3092 passionum
2997 3033 3107 3072 non
3146 3018 3472 3081 delectatur,

206 3109 392 3198 πεύει,
426 3109 522 3184 καλ.
547 3126 757 3191 ἀπαθὲς
786 3126 925 3196 αὐτῇ
956 3122 1050 3178 καὶ
1081 3121 1319 3191 ἀφθορόν
1347 3135 1400 3171 τι
1434 3116 1631 3179 κάλλος
1655 3116 1790 3168 ἀπο-

1900 3135 2006 3175 nec
2047 3118 2427 3189 patrocinatur
2477 3113 2697 3169 delictis
2756 3112 2902 3175 suis;
2953 3124 3062 3164 non
3095 3110 3330 3180 imputat
3370 3109 3475 3179 ipsi

206 3224 545 3292 καθίστησιο
585 3220 744 3291 μόνον
795 3216 937 3287 αὐτὴ
988 3213 1308 3287 προαιρέσει
1353 3211 1427 3281 μὴ
1472 3205 1798 3262 κοινωνείτω

204 3318 327 3378 τοῖς
367 3312 781 3383 πραττομένοις,
827 3307 1080 3377 καθάπερ
1126 3304 1363 3374 εἴρηται,
1400 3298 1535 3370 μηδὲ
1558 3299 1671 3359 τοῖς
1698 3298 1799 3349 ὲν-

207 3409 570 3481 εργουμένοις
600 3402 990 3460 συνευδοκείτω
1010 3400 1260 3454 πάθεσιν.
1298 3396 1433 3449 Ἀλλ’
1453 3396 1550 3467 ὅλῃ
1574 3392 1798 3461 δυνάμει

210 3501 356 3571 πρὸς
396 3499 599 3569 Κύριον
631 3496 898 3559 έκϐοάτω,
936 3493 1023 3546 ἴνα
1051 3492 1139 3544 διὰ
1173 3489 1267 3543 τοῦ
1308 3487 1517 3557 ἀγαθοῦ
1546 3484 1794 3555 Πνεύμα-

205 3610 307 3656 τος
335 3591 502 3645 αὐτοῦ
522 3591 621 3660 τῆς
648 3587 959 3659 ἐλευθερίας
981 3585 1197 3646 πάντως
1220 3580 1421 3651 ἀξιωθῇ
1446 3579 1555 3633 τῶν
1584 3576 1794 3631 παθῶν.

206 3684 369 3755 Αὕτη
406 3683 503 3750 μὲν
530 3677 623 3734 οὖν
651 3682 686 3751 ἡ
713 3678 862 3750 ψυχὴ
901 3676 1147 3747 μακαρία
1171 3691 1185 3705 °
1224 3672 1350 3727 ούαὶ
1376 3671 1432 3724 δὲ
1464 3673 1533 3741 τῇ
1567 3669 1643 3740 μὴ
1674 3685 1798 3721 συν-

207 3776 476 3847 αίσθησιν
504 3772 769 3844 δεχομένῃ
796 3770 1145 3841 τραυμάτων,
1176 3765 1311 3836 μηδὲ
1337 3765 1485 3835 ἔχειν
1514 3780 1569 3816 τι
1601 3762 1800 3826 κακίας

206 3868 307 3921 διὰ
331 3864 531 3935 πολλὴν
563 3863 657 3917 καὶ
682 3860 920 3932 ἄμετρον
943 3858 1164 3929 οἰομένη
1197 3857 1397 3910 κακίαν
1420 3870 1434 3884 ο
1462 3853 1666 3924 ταύτην
1691 3854 1801 3923 γὰρ

207 3959 343 4015 οὐδὲ
395 3960 424 4012 ὁ
479 3956 680 4025 ἀγαθὸς
729 3954 1122 4008 ὲπισκέπτεται
1188 3949 1412 4019 ίατρδς,
1467 3946 1588 4001 οὐδὲ
1637 3946 1801 4017 θερα-

211 4050 402 4116 πεύει,
434 4049 514 4103 ὅτι
543 4048 679 4120 μηδὲ
710 4046 861 4118 μέλει
889 4045 1028 4115 αὐτῇ
1061 4044 1169 4096 τῶν
1191 4041 1541 4113 τραυμάτων,
1573 4040 1668 4094 ἅτε
1699 4057 1792 4093 κα-

209 4139 332 4206 λῶς
381 4140 525 4211 ἔχειν
568 4139 664 4193 καὶ
711 4137 882 4204 ὑγιῶς
933 4134 1242 4207 ἡγουμένῃ·
1286 4135 1370 4187 Οὐ
1426 4132 1538 4201 γὰρ
1596 4132 1806 4201 χρείαν

210 4236 459 4307 ἔχουσι,
486 4234 683 4306 φησὶν,
704 4235 760 4288 al
784 4231 1157 4303 ὑγιαίνοντες
1184 4227 1409 4296 ἰατροῦ,
1444 4224 1582 4282 ἀλλ’
1606 4228 1661 4279 οι
1694 4242 1803 4279 κα-

208 4324 346 4391 κῶς
368 4326 634 4395 ἔχοντες.

1899 3225 2054 3266 suam
2082 3208 2490 3264 deformitatem
2531 3203 2829 3267 Dominus;
2883 3202 2980 3255 sed
3036 3202 3185 3254 venit
3225 3208 3281 3255 et
3315 3208 3476 3255 sanat

1896 3318 1961 3358 ac
2010 3308 2169 3357 curat
2218 3315 2366 3363 eam,
2415 3297 2666 3366 nullique
2708 3294 3001 3349 obnoxiam
3059 3293 3371 3347 alterationi
3420 3302 3478 3348 et

1899 3389 2422 3448 immarcescibilem
2452 3386 2744 3458 quamdam
2765 3386 2816 3440 ei
2850 3383 3479 3454 restituitpulchritudi-

1898 3502 2045 3541 nem.
2080 3485 2318 3538 Tantum
2349 3481 2467 3551 ipsa
2497 3494 2567 3535 ne
2598 3478 2776 3534 libero
2811 3492 3039 3534 assensu
3098 3477 3387 3548 participet
3414 3479 3478 3532 iis

1899 3592 2021 3646 qua:
2061 3575 2220 3638 ﬁunt,
2249 3580 2310 3627 ut
2354 3571 2565 3625 dictum
2620 3578 2742 3634 est;
2806 3585 2943 3624 neve
2985 3567 3385 3624 consentiendo
3412 3582 3485 3623 ea‘

1900 3665 2246 3736 comprobet,
2296 3677 2419 3732 qua:
2477 3660 2801 3715 inordinata:
2854 3660 3298 3730 perturbationes
3350 3674 3483 3729 ope-

1903 3767 2099 3814 rantur
2125 3773 2141 3822 ;
2171 3757 2268 3810 sed
2302 3762 2415 3809 tota
2447 3753 2653 3807 virtute
2702 3751 2769 3805 ad
2818 3752 3109 3819 Dominum
3160 3753 3381 3817 clamet,
3421 3761 3481 3806 ut

1903 3867 2003 3925 per
2028 3850 2236 3905 bonum
2265 3846 2437 3916 ipsius
2463 3844 2622 3915 203
2650 3844 2919 3915 Spiritum
2948 3844 3185 3899 liberare
3210 3859 3268 3899 se
3291 3843 3482 3914 digne-

1906 3956 1998 4001 tur
2041 3958 2076 3997 a
2133 3940 2347 3997 cunctis
2399 3939 2588 4009 pravis
2640 3937 2951 3993 affectibus.
3016 3937 3180 3991 Beata
3231 3936 3482 4006 profecto

1904 4036 2031 4092 talis
2054 4033 2273 4090 anima:
2332 4044 2413 4084 vae
2441 4036 2624 4082 autem
2650 4027 2752 4091 illi,
2781 4042 2901 4096 qua;
2945 4041 3166 4081 sensum
3226 4025 3482 4079 intimum

1906 4143 2015 4183 non
2042 4124 2225 4195 capiet
2262 4121 2557 4177 vulnerum
2604 4133 2868 4183 suorum;
2913 4132 3145 4187 qumque
3192 4114 3371 4170 omnis
3423 4130 3484 4170 se

1904 4219 2194 4293 pravitatis
2219 4215 2468 4271 funditus
2489 4220 2769 4282 expertem
2793 4227 2894 4281 per
2912 4210 3139 4265 multam
3167 4217 3221 4263 et
3254 4209 3484 4262 immen-

1906 4330 2021 4372 sam
2043 4309 2321 4383 putaverit
2348 4304 2704 4377 pravitatem.
2722 4302 2911 4355 Talem
2935 4302 3084 4354 enim
3107 4314 3289 4369 neque
3304 4298 3489 4352 bonus

210 4421 415 4477 invisit
445 4421 713 4486 medicus,
762 4433 865 4473 nec
913 4424 1103 4481 sanat;
1146 4411 1408 4483 quoniam
1458 4409 1832 4466 sollicitudine
1878 4426 1989 4465 non
2048 4403 2293 4473 tangitur
2340 4398 2637 4453 vulnerum
2672 4393 3065 4463 pr0priorum;
3126 4400 3315 4461 utpote
3362 4404 3487 4461 quae

208 4531 282 4573 se
310 4515 455 4571 bene
480 4481 709 4569 haberet
733 4527 800 4568 ac
858 4511 1045 4582 vigere
1093 4481 1328 4563 sanitate
1374 4502 1673 4559 existimet.
1724 4501 1842 4558 Non
1883 4503 2021 4557 enim
2044 4492 2265 4569 (inquit)
2306 4499 2456 4564 egent
2477 4490 2566 4560 qui
2586 4487 2705 4542 sani
2728 4492 2849 4540 sunt
2880 4484 3098 4550 medico,
3123 4483 3215 4537 sed
3237 4484 3326 4555 qui
3346 4481 3487 4538 male

211 4612 420 4668 habent
448 4608 513 4661 ".

448 4659 722 4767 Μακάριοι
767 4691 846 4762 τῷ
874 4691 987 4744 ὄντι
1025 4689 1121 4743 καὶ
1161 4684 1392 4758 ζηλωτοὶ
1420 4683 1514 4739 τοῦ
1553 4682 1671 4754 βίου
1705 4682 1790 4736 καὶ

1970 4672 2140 4731 XVII.
2169 4667 2321 4725 Beati
2350 4680 2562 4731 revera,
2596 4670 2653 4718 et
2686 4660 2968 4717 invidendi
3002 4660 3074 4716 ob
3107 4659 3234 4716 vita:
3280 4669 3336 4716 et
3385 4679 3487 4717 ex-

208 4751 358 4864 tﬁ;
385 4751 697 4859 ὑπερφυοῦς
741 4751 1114 4844 ἀπολαύσεως,
1149 4751 1264 4832 ὅσοι
1322 4776 1412 4830 διά
1459 4751 1669 4846 θερμῆς
1706 4772 1790 4827 καί

1904 4762 2214 4837 superantis
2231 4768 2442 4815 natura;
2458 4753 2680 4810 modum
2706 4752 2986 4808 fruitionis
3002 4751 3343 4817 felicitatem,
3364 4753 3489 4824 qui-

2290 4852 2310 4864 .
2485 4858 2495 4864 .
2647 4845 2675 4864 η
2704 4844 2803 4864 .-__
2874 4852 2918 4864 _.
2963 4843 3181 4864 --ε----με
3212 4858 3356 4864 _______
3422 4860 3438 4864 -
3459 4845 3482 4864 λ

213 4843 520 4956 (paupertas
541 4843 823 4948 ⁵διαγωγῆς
853 4873 963 4929 τῶν
990 4870 1331 4941 ἐπουρανίων
1357 4866 1453 4921 τοῦ
1486 4843 1790 4936 [ίνεύνματος

1905 4871 2124 4929 cunque
2154 4870 2254 4926 per
2286 4852 2591 4907 ferventem
2644 4844 2833 4910 ﬁdem,
2866 4852 2923 4899 et
2963 4843 3183 4898 vivendi
3212 4858 3371 4897 usum
3416 4845 3486 4900 ad

215 4934 548 5045 ἷιυστηρίων
580 4934 747 5040 πείρα
893 4934 1143 5034 αίσθήσεί
1170 4960 1268 5033 τὴν
1295 4960 1496 5030 γνῶσιν
1525 4934 1790 5045 είλίγφασι1

1904 4952 2168 5007 virtutem
2197 4958 2448 5001 normam
2486 4948 2762 5003 exactum,
2812 4934 3285 5006 supercaalestium
3308 4938 3484 4991 sancti

212 5027 321 5120 ;ca.l.
491 5027 792 5130 πολίτευμα
837 5059 895 5111 ὲν
939 5027 1189 5126 οὐρανοῖς
1225 5027 1464 5124 έχουσιν.
1503 5027 1665 5102 Οὗτοι
1710 5045 1790 5100 κατ

1910 5043 2152 5114 Spiritus
2181 5035 2567 5109 mysteriorum
2592 5046 2755 5088 sensu
2789 5027 3201 5100 etcxperientia
3233 5029 3484 5083 notitiam

213 5116 561 5224 μπάντων
594 5116 874 5223 κρείττους
896 5116 1199 5216 ἀνθρώπων
1227 5116 1334 5196 είσί
1359 5157 1374 5172 ο
1412 5140 1508 5194 καὶ
1533 5136 1743 5208 φανερά
1768 5136 1790 5187 Ἰ

1908 5135 2296 5205 perceperunt,
2341 5133 2396 5181 et
2427 5119 2905 5178 conversationem
2962 5117 3017 5171 in
3058 5116 3211 5171 caelis
3259 5116 3487 5172 habent.

213 5206 526 5310 ἀπόδειξις.
544 5206 662 5296 Τίνί
693 5240 802 5309 γάρ
833 5206 941 5292 τῶν
965 5206 1228 5297 δυνατῶν,
1259 5233 1293 5304 ἢ
1331 5206 1597 5301 σοφῶνξῆ
1624 5226 1790 5299 φρονί-

1911 5225 2071 5280 Tales
2104 5220 2375 5283 omnium,
2396 5215 2491 5286 qui
2522 5212 2735 5280 uspiam
2764 5208 2958 5263 vivunt
3000 5206 3306 5272 hominum,
3352 5222 3487 5277 pra:-

733 5294 825 5383 τδν
848 5326 1075 5398 ούρανὺν
1097 5294 1339 5395 ὑπῆρξεν
1360 5294 1790 5390 ἐπιστρεφομένη

1914 5310 2237 5370 stantissimi
2262 5315 2411 5364 sunt.
2435 5304 2493 5360 ld
2518 5299 2664 5372 quod
2686 5296 3046 5353 demonstrari
3069 5294 3360 5349 manifesto
3389 5310 3488 5365 po-

215 5388 361 5498 ἒιτερί
388 5426 490 5494 τὴν
518 5424 643 5495 γῆν,
677 5388 792 5475 έκεῖ
818 5438 879 5474 τε
909 5388 1249 5490 ἐργάσασθαι
1276 5415 1413 5484 ἔργα
1438 5388 1782 5481 πνευματικά

1914 5415 2044 5462 test.
2078 5403 2181 5460 Cui
2212 5400 2360 5456 enim
2394 5400 2702 5467 potentum,
2734 5398 2829 5444 aut
2855 5388 3185 5458 sapientum,
3230 5394 3324 5439 aut
3354 5401 3487 5455 pru-

223 5476 358 5498 "'I"
401 5476 458 5494 ’⁷1
530 5476 642 5495 ιιι
943 5476 999 5490 II
1308 5476 1364 5484 --
1580 5476 1593 5481 ν

211 5520 321 5575 καὶ
364 5516 434 5570 τά
477 5515 650 5581 κάλλη
680 5515 773 5567 τοῦ
814 5511 1125 5580 Πνεύματος
1155 5504 1556 5569 κατοπτεῦσαι;
1596 5501 1714 5554 νυνὶ
1747 5500 1790 5552 δὲ

1912 5499 2159 5560 dcntum,
2191 5489 2487 5548 ascendere
2517 5486 2572 5539 in
2614 5483 2812 5539 caelum
2851 5476 3330 5548 contigit,interim
3356 5477 3486 5531 dum

214 5610 401 5678 πένης
455 5623 539 5668 τις
587 5568 650 5658 vi;
676 5568 1021 5675 φαινόμενόν,
1056 5568 1227 5669 πένης
1255 5598 1438 5668 ἄκρως
1467 5594 1562 5648 καὶ
1594 5590 1790 5659 ὲξουδε·

1916 5598 2210 5646 versantur
2268 5587 2325 5640 in
2359 5594 2509 5638 terra
2555 5587 2612 5636 et
2648 5577 2757 5631 illic
2784 5572 2998 5644 operari
3029 5584 3193 5640 opera
3228 5568 3489 5640 spiritua-

300 5791 347 5825 ⁸⁷
386 5790 530 5845 Psal.
572 5802 699 5853 χχιι,
728 5786 783 5841 5.
862 5786 904 5818 ⁸⁸
936 5782 1126 5839 Matth.
1162 5797 1233 5848 ιι,
1278 5778 1380 5844 l2;
1412 5792 1502 5831 χιι.
1538 5774 1627 5840 l7;
1663 5773 1795 5827 Luc.
1824 5787 1877 5837 v,
1906 5771 1994 5826 51.
