  <div class='ocr_page' id='page_1' title='image "/cluster/home/n/w/nwhite01/storage/ocr_20150623/34/hvd.32044019207760/473.png"; bbox 0 0 4044 6568; ppageno 0'>
   <div class='ocr_carea' id='block_1_1' title="bbox 612 353 719 421">
    <p class='ocr_par' dir='ltr' id='par_1_1' title="bbox 612 353 719 421">
     <span class='ocr_line' id='line_1_1' title="bbox 612 353 719 421; baseline -0.019 0"><span class='ocrx_word' id='word_1_1' title='bbox 612 353 719 421; x_wconf 69' lang='grc'><strong>923</strong></span> 
     </span>
    </p>
   </div>
   <div class='ocr_carea' id='block_1_2' title="bbox 1885 348 3811 425">
    <p class='ocr_par' dir='ltr' id='par_1_2' title="bbox 1885 348 3811 425">
     <span class='ocr_line' id='line_1_2' title="bbox 1885 348 3811 425; baseline 0 -16"><span class='ocrx_word' id='word_1_2' title='bbox 1885 350 1948 409; x_wconf 89' lang='lat' dir='ltr'><strong>s.</strong></span> <span class='ocrx_word' id='word_1_3' title='bbox 1990 348 2310 409; x_wconf 76' lang='lat' dir='ltr'><strong>MACARII</strong></span> <span class='ocrx_word' id='word_1_4' title='bbox 2350 348 2676 411; x_wconf 65' lang='lat' dir='ltr'><strong>IEGYPTII</strong></span> <span class='ocrx_word' id='word_1_5' title='bbox 3737 363 3811 425; x_wconf 67' lang='grc' dir='ltr'>ρει</span> 
     </span>
    </p>
   </div>
   <div class='ocr_carea' id='block_1_3' title="bbox 609 440 2211 542">
    <p class='ocr_par' dir='ltr' id='par_1_3' title="bbox 609 458 2201 537">
     <span class='ocr_line' id='line_1_3' title="bbox 609 458 2201 537; baseline -0.004 -16"><span class='ocrx_word' id='word_1_6' title='bbox 609 470 703 534; x_wconf 86' lang='lat' dir='ltr'><strong>tia,</strong></span> <span class='ocrx_word' id='word_1_7' title='bbox 735 475 792 520; x_wconf 89' lang='lat' dir='ltr'><strong>et</strong></span> <span class='ocrx_word' id='word_1_8' title='bbox 822 460 1263 537; x_wconf 92' lang='lat' dir='ltr'><strong>pulchritudines</strong></span> <span class='ocrx_word' id='word_1_9' title='bbox 1298 458 1473 515; x_wconf 79' lang='lat' dir='ltr'><strong>divini</strong></span> <span class='ocrx_word' id='word_1_10' title='bbox 1509 458 1751 530; x_wconf 90' lang='lat' dir='ltr'><strong>Spiritus</strong></span> <span class='ocrx_word' id='word_1_11' title='bbox 1778 459 2020 516; x_wconf 84' lang='lat' dir='ltr'><strong>intueri?</strong></span> <span class='ocrx_word' id='word_1_12' title='bbox 2044 461 2201 515; x_wconf 88' lang='lat' dir='ltr'><strong>Nunc</strong></span> 
     </span>
    </p>
   </div>
   <div class='ocr_carea' id='block_1_4' title="bbox 2303 440 3810 542">
    <p class='ocr_par' dir='ltr' id='par_1_4' title="bbox 2303 462 3810 542">
     <span class='ocr_line' id='line_1_4' title="bbox 2303 462 3810 542; baseline 0.001 -26"><span class='ocrx_word' id='word_1_13' title='bbox 2303 462 2563 533; x_wconf 84' lang='grc' dir='ltr'>νώμενος,</span> <span class='ocrx_word' id='word_1_14' title='bbox 2590 463 2683 517; x_wconf 74' lang='grc' dir='ltr'>καὶ</span> <span class='ocrx_word' id='word_1_15' title='bbox 2715 464 2835 518; x_wconf 82' lang='grc' dir='ltr'>οὐδὲ</span> <span class='ocrx_word' id='word_1_16' title='bbox 2862 468 2975 529; x_wconf 86' lang='grc' dir='ltr'>τοῖς</span> <span class='ocrx_word' id='word_1_17' title='bbox 3004 466 3333 535; x_wconf 79' lang='grc' dir='ltr'>ἐγγειτόνων</span> <span class='ocrx_word' id='word_1_18' title='bbox 3358 466 3552 538; x_wconf 74' lang='grc' dir='ltr'>μικροῦ</span> <span class='ocrx_word' id='word_1_19' title='bbox 3578 468 3810 542; x_wconf 48' lang='grc' dir='ltr'>γνώριμος,</span> 
     </span>
    </p>
   </div>
   <div class='ocr_carea' id='block_1_5' title="bbox 606 552 2197 627">
    <p class='ocr_par' dir='ltr' id='par_1_5' title="bbox 606 552 2197 627">
     <span class='ocr_line' id='line_1_5' title="bbox 606 552 2197 627; baseline -0.004 -14"><span class='ocrx_word' id='word_1_20' title='bbox 606 573 742 613; x_wconf 87' lang='lat' dir='ltr'><strong>vero</strong></span> <span class='ocrx_word' id='word_1_21' title='bbox 776 571 984 627; x_wconf 83' lang='lat' dir='ltr'><strong>pauper</strong></span> <span class='ocrx_word' id='word_1_22' title='bbox 1014 554 1215 623; x_wconf 87' lang='lat' dir='ltr'><strong>aliquis</strong></span> <span class='ocrx_word' id='word_1_23' title='bbox 1244 552 1300 606; x_wconf 88' lang='lat' dir='ltr'><strong>in</strong></span> <span class='ocrx_word' id='word_1_24' title='bbox 1328 552 1595 622; x_wconf 87' lang='lat' dir='ltr'><strong>speciem,</strong></span> <span class='ocrx_word' id='word_1_25' title='bbox 1645 567 1859 606; x_wconf 89' lang='lat' dir='ltr'><strong>summe</strong></span> <span class='ocrx_word' id='word_1_26' title='bbox 1899 567 2114 622; x_wconf 85' lang='lat' dir='ltr'><strong>pauper</strong></span> <span class='ocrx_word' id='word_1_27' title='bbox 2140 562 2197 607; x_wconf 91' lang='lat' dir='ltr'><strong>et</strong></span> 
     </span>
    </p>
   </div>
   <div class='ocr_carea' id='block_1_6' title="bbox 609 644 2198 715">
    <p class='ocr_par' dir='ltr' id='par_1_6' title="bbox 609 644 2198 715">
     <span class='ocr_line' id='line_1_6' title="bbox 609 644 2198 715; baseline -0.005 -9"><span class='ocrx_word' id='word_1_28' title='bbox 609 651 957 715; x_wconf 84' lang='lat' dir='ltr'><strong>exinanitus;</strong></span> <span class='ocrx_word' id='word_1_29' title='bbox 1036 664 1101 704; x_wconf 88' lang='lat' dir='ltr'><strong>ac</strong></span> <span class='ocrx_word' id='word_1_30' title='bbox 1167 661 1237 701; x_wconf 91' lang='lat' dir='ltr'><strong>ne</strong></span> <span class='ocrx_word' id='word_1_31' title='bbox 1262 646 1469 700; x_wconf 84' lang='lat' dir='ltr'><strong>vicinis</strong></span> <span class='ocrx_word' id='word_1_32' title='bbox 1493 644 1718 715; x_wconf 88' lang='lat' dir='ltr'><strong>quidem</strong></span> <span class='ocrx_word' id='word_1_33' title='bbox 1766 646 1850 701; x_wconf 90' lang='lat' dir='ltr'><strong>vel</strong></span> <span class='ocrx_word' id='word_1_34' title='bbox 1905 644 2198 699; x_wconf 89' lang='lat' dir='ltr'><strong>minimum</strong></span> 
     </span>
    </p>
   </div>
   <div class='ocr_carea' id='block_1_7' title="bbox 610 739 2196 811">
    <p class='ocr_par' dir='ltr' id='par_1_7' title="bbox 610 739 2196 811">
     <span class='ocr_line' id='line_1_7' title="bbox 610 739 2196 811; baseline -0.003 -14"><span class='ocrx_word' id='word_1_35' title='bbox 610 752 797 807; x_wconf 89' lang='lat' dir='ltr'><strong>notus,</strong></span> <span class='ocrx_word' id='word_1_36' title='bbox 828 741 1122 811; x_wconf 91' lang='lat' dir='ltr'><strong>procidens</strong></span> <span class='ocrx_word' id='word_1_37' title='bbox 1147 741 1202 794; x_wconf 91' lang='lat' dir='ltr'><strong>in</strong></span> <span class='ocrx_word' id='word_1_38' title='bbox 1248 739 1441 794; x_wconf 85' lang='lat' dir='ltr'><strong>faciem</strong></span> <span class='ocrx_word' id='word_1_39' title='bbox 1491 754 1647 793; x_wconf 89' lang='lat' dir='ltr'><strong>suam</strong></span> <span class='ocrx_word' id='word_1_40' title='bbox 1710 754 1894 793; x_wconf 82' lang='lat' dir='ltr'><strong>coram</strong></span> <span class='ocrx_word' id='word_1_41' title='bbox 1941 739 2196 803; x_wconf 88' lang='lat' dir='ltr'><strong>Domino,</strong></span> 
     </span>
    </p>
   </div>
   <div class='ocr_carea' id='block_1_8' title="bbox 606 831 2199 902">
    <p class='ocr_par' dir='ltr' id='par_1_8' title="bbox 606 831 2199 902">
     <span class='ocr_line' id='line_1_8' title="bbox 606 831 2199 902; baseline -0.003 -11"><span class='ocrx_word' id='word_1_42' title='bbox 606 836 860 891; x_wconf 77' lang='lat' dir='ltr'><strong>ascendit</strong></span> <span class='ocrx_word' id='word_1_43' title='bbox 917 835 972 887; x_wconf 92' lang='lat' dir='ltr'><strong>in</strong></span> <span class='ocrx_word' id='word_1_44' title='bbox 997 834 1199 889; x_wconf 84' lang='lat' dir='ltr'><strong>coelum</strong></span> <span class='ocrx_word' id='word_1_45' title='bbox 1232 832 1474 886; x_wconf 90' lang='lat' dir='ltr'><strong>ducente</strong></span> <span class='ocrx_word' id='word_1_46' title='bbox 1533 843 1729 886; x_wconf 89' lang='lat' dir='ltr'><strong>sancto</strong></span> <span class='ocrx_word' id='word_1_47' title='bbox 1759 831 1992 902; x_wconf 87' lang='lat' dir='ltr'><strong>Spiritu,</strong></span> <span class='ocrx_word' id='word_1_48' title='bbox 2041 842 2098 889; x_wconf 86' lang='lat' dir='ltr'><strong>et</strong></span> <span class='ocrx_word' id='word_1_49' title='bbox 2146 833 2199 886; x_wconf 94' lang='lat' dir='ltr'><strong>in</strong></span> 
     </span>
    </p>
   </div>
   <div class='ocr_carea' id='block_1_9' title="bbox 610 922 2203 996">
    <p class='ocr_par' dir='ltr' id='par_1_9' title="bbox 610 922 2203 996">
     <span class='ocr_line' id='line_1_9' title="bbox 610 922 2203 996; baseline -0.004 -14"><span class='ocrx_word' id='word_1_50' title='bbox 610 928 779 996; x_wconf 86' lang='lat' dir='ltr'><strong>plena</strong></span> <span class='ocrx_word' id='word_1_51' title='bbox 807 924 1007 979; x_wconf 82' lang='lat' dir='ltr'><strong>ﬁducia</strong></span> <span class='ocrx_word' id='word_1_52' title='bbox 1051 940 1163 977; x_wconf 83' lang='lat' dir='ltr'><strong>suae</strong></span> <span class='ocrx_word' id='word_1_53' title='bbox 1207 922 1427 988; x_wconf 74' lang='lat' dir='ltr'><strong>animae,</strong></span> <span class='ocrx_word' id='word_1_54' title='bbox 1468 922 1814 977; x_wconf 83' lang='lat' dir='ltr'><strong>mirabilibus</strong></span> <span class='ocrx_word' id='word_1_55' title='bbox 1872 924 1985 978; x_wconf 86' lang='lat' dir='ltr'><strong>illic</strong></span> <span class='ocrx_word' id='word_1_56' title='bbox 2036 923 2203 977; x_wconf 88' lang='lat' dir='ltr'><strong>rebus</strong></span> 
     </span>
    </p>
   </div>
   <div class='ocr_carea' id='block_1_10' title="bbox 611 1015 2202 1084">
    <p class='ocr_par' dir='ltr' id='par_1_10' title="bbox 611 1015 2202 1084">
     <span class='ocr_line' id='line_1_10' title="bbox 611 1015 2202 1084; baseline -0.003 -11"><span class='ocrx_word' id='word_1_57' title='bbox 611 1020 959 1081; x_wconf 83' lang='lat' dir='ltr'><strong>delectatur;</strong></span> <span class='ocrx_word' id='word_1_58' title='bbox 1036 1015 1222 1084; x_wconf 86' lang='lat' dir='ltr'><strong>ibique</strong></span> <span class='ocrx_word' id='word_1_59' title='bbox 1273 1024 1557 1084; x_wconf 83' lang='lat' dir='ltr'><strong>operatur,</strong></span> <span class='ocrx_word' id='word_1_60' title='bbox 1608 1015 1684 1069; x_wconf 91' lang='lat' dir='ltr'><strong>ibi</strong></span> <span class='ocrx_word' id='word_1_61' title='bbox 1742 1016 2074 1081; x_wconf 85' lang='lat' dir='ltr'><strong>diversatur,</strong></span> <span class='ocrx_word' id='word_1_62' title='bbox 2126 1015 2202 1070; x_wconf 86' lang='lat' dir='ltr'><strong>ibi</strong></span> 
     </span>
    </p>
   </div>
   <div class='ocr_carea' id='block_1_11' title="bbox 619 1107 2202 1178">
    <p class='ocr_par' dir='ltr' id='par_1_11' title="bbox 619 1107 2202 1178">
     <span class='ocr_line' id='line_1_11' title="bbox 619 1107 2202 1178; baseline -0.002 -14"><span class='ocrx_word' id='word_1_63' title='bbox 619 1108 1104 1174; x_wconf 82' lang='lat' dir='ltr'><strong>conversationem</strong></span> <span class='ocrx_word' id='word_1_64' title='bbox 1142 1107 1327 1171; x_wconf 86' lang='lat' dir='ltr'><strong>habet,</strong></span> <span class='ocrx_word' id='word_1_65' title='bbox 1372 1108 1527 1177; x_wconf 81' lang='lat' dir='ltr'><strong>juxta</strong></span> <span class='ocrx_word' id='word_1_66' title='bbox 1576 1108 1828 1163; x_wconf 89' lang='lat' dir='ltr'><strong>divinum</strong></span> <span class='ocrx_word' id='word_1_67' title='bbox 1881 1109 2202 1178; x_wconf 87' lang='lat' dir='ltr'><strong>Apostolum</strong></span> 
     </span>
    </p>
   </div>
   <div class='ocr_carea' id='block_1_12' title="bbox 618 1199 2201 1257">
    <p class='ocr_par' dir='ltr' id='par_1_12' title="bbox 618 1199 2201 1257">
     <span class='ocr_line' id='line_1_12' title="bbox 618 1199 2201 1257; baseline -0.001 0"><span class='ocrx_word' id='word_1_68' title='bbox 618 1203 895 1257; x_wconf 86' lang='lat' dir='ltr'><strong>dicentem</strong></span> <span class='ocrx_word' id='word_1_69' title='bbox 932 1218 943 1253; x_wconf 91' lang='lat'><strong>:</strong></span> <span class='ocrx_word' id='word_1_70' title='bbox 971 1199 1166 1255; x_wconf 82' lang='lat' dir='ltr'><strong>Nostra</strong></span> <span class='ocrx_word' id='word_1_71' title='bbox 1207 1208 1385 1253; x_wconf 88' lang='lat' dir='ltr'><strong>autem</strong></span> <span class='ocrx_word' id='word_1_72' title='bbox 1416 1202 1741 1254; x_wconf 77' lang='lat' dir='ltr'><strong>conversatio</strong></span> <span class='ocrx_word' id='word_1_73' title='bbox 1771 1202 1825 1254; x_wconf 87' lang='lat' dir='ltr'><strong>in</strong></span> <span class='ocrx_word' id='word_1_74' title='bbox 1854 1201 1995 1254; x_wconf 71' lang='lat' dir='ltr'><strong>cretis</strong></span> <span class='ocrx_word' id='word_1_75' title='bbox 2027 1210 2104 1255; x_wconf 74' lang='lat' dir='ltr'><strong>est</strong></span> <span class='ocrx_word' id='word_1_76' title='bbox 2134 1203 2201 1255; x_wconf 79' lang='grc'><strong>¹⁹.</strong></span> 
     </span>
    </p>
   </div>
   <div class='ocr_carea' id='block_1_13' title="bbox 613 1292 2199 1358">
    <p class='ocr_par' dir='ltr' id='par_1_13' title="bbox 613 1292 2199 1358">
     <span class='ocr_line' id='line_1_13' title="bbox 613 1292 2199 1358; baseline -0.001 -9"><span class='ocrx_word' id='word_1_77' title='bbox 613 1296 680 1349; x_wconf 83' lang='grc' dir='ltr'><strong>Ει.</strong></span> <span class='ocrx_word' id='word_1_78' title='bbox 714 1310 910 1349; x_wconf 86' lang='lat' dir='ltr'><strong>rursus</strong></span> <span class='ocrx_word' id='word_1_79' title='bbox 952 1309 963 1344; x_wconf 92' lang='lat'><strong>:</strong></span> <span class='ocrx_word' id='word_1_80' title='bbox 1012 1292 1143 1358; x_wconf 80' lang='lat' dir='ltr'><strong>Qua:</strong></span> <span class='ocrx_word' id='word_1_81' title='bbox 1191 1292 1371 1346; x_wconf 81' lang='lat' dir='ltr'><strong>oculus</strong></span> <span class='ocrx_word' id='word_1_82' title='bbox 1422 1310 1525 1345; x_wconf 86' lang='lat' dir='ltr'><strong>non</strong></span> <span class='ocrx_word' id='word_1_83' title='bbox 1583 1294 1733 1357; x_wconf 83' lang='lat' dir='ltr'><strong>vidit,</strong></span> <span class='ocrx_word' id='word_1_84' title='bbox 1780 1302 1829 1346; x_wconf 85' lang='lat' dir='ltr'><strong>et</strong></span> <span class='ocrx_word' id='word_1_85' title='bbox 1891 1295 2036 1347; x_wconf 79' lang='lat' dir='ltr'><strong>auris</strong></span> <span class='ocrx_word' id='word_1_86' title='bbox 2097 1310 2199 1347; x_wconf 85' lang='lat' dir='ltr'><strong>non</strong></span> 
     </span>
    </p>
   </div>
   <div class='ocr_carea' id='block_1_14' title="bbox 613 1384 2204 1455">
    <p class='ocr_par' dir='ltr' id='par_1_14' title="bbox 613 1384 2204 1455">
     <span class='ocr_line' id='line_1_14' title="bbox 613 1384 2204 1455; baseline -0.001 -16"><span class='ocrx_word' id='word_1_87' title='bbox 613 1386 854 1449; x_wconf 80' lang='lat' dir='ltr'><strong>audivit,</strong></span> <span class='ocrx_word' id='word_1_88' title='bbox 896 1401 989 1439; x_wconf 83' lang='lat' dir='ltr'><strong>nec</strong></span> <span class='ocrx_word' id='word_1_89' title='bbox 1041 1385 1099 1438; x_wconf 89' lang='lat' dir='ltr'><strong>in</strong></span> <span class='ocrx_word' id='word_1_90' title='bbox 1171 1400 1259 1436; x_wconf 89' lang='lat' dir='ltr'><strong>cor</strong></span> <span class='ocrx_word' id='word_1_91' title='bbox 1326 1386 1550 1437; x_wconf 81' lang='lat' dir='ltr'><strong>hominis</strong></span> <span class='ocrx_word' id='word_1_92' title='bbox 1621 1384 2011 1449; x_wconf 80' lang='lat' dir='ltr'><strong>ascenderunt,</strong></span> <span class='ocrx_word' id='word_1_93' title='bbox 2087 1401 2204 1455; x_wconf 73' lang='lat' dir='ltr'><strong>qua:</strong></span> 
     </span>
    </p>
   </div>
   <div class='ocr_carea' id='block_1_15' title="bbox 613 1468 2203 1547">
    <p class='ocr_par' dir='ltr' id='par_1_15' title="bbox 613 1468 2203 1547">
     <span class='ocr_line' id='line_1_15' title="bbox 613 1468 2203 1547; baseline 0.001 -17"><span class='ocrx_word' id='word_1_94' title='bbox 613 1478 938 1547; x_wconf 69' lang='lat' dir='ltr'><strong>praeparavit</strong></span> <span class='ocrx_word' id='word_1_95' title='bbox 978 1477 1120 1531; x_wconf 81' lang='lat' dir='ltr'><strong>Deus</strong></span> <span class='ocrx_word' id='word_1_96' title='bbox 1150 1478 1213 1530; x_wconf 82' lang='lat' dir='ltr'><strong>iis</strong></span> <span class='ocrx_word' id='word_1_97' title='bbox 1244 1478 1338 1546; x_wconf 86' lang='lat' dir='ltr'><strong>qui</strong></span> <span class='ocrx_word' id='word_1_98' title='bbox 1396 1468 1622 1546; x_wconf 84' lang='lat' dir='ltr'><strong>diligunt</strong></span> <span class='ocrx_word' id='word_1_99' title='bbox 1647 1476 1797 1530; x_wconf 86' lang='lat' dir='ltr'><strong>illum</strong></span> <span class='ocrx_word' id='word_1_100' title='bbox 1821 1478 1885 1530; x_wconf 85' lang='lat'><strong>’°.</strong></span> <span class='ocrx_word' id='word_1_101' title='bbox 1922 1477 2042 1530; x_wconf 79' lang='lat' dir='ltr'><strong>Mox</strong></span> <span class='ocrx_word' id='word_1_102' title='bbox 2072 1479 2203 1532; x_wconf 87' lang='lat' dir='ltr'><strong>sub-</strong></span> 
     </span>
    </p>
   </div>
   <div class='ocr_carea' id='block_1_16' title="bbox 608 1568 2203 1642">
    <p class='ocr_par' dir='ltr' id='par_1_16' title="bbox 608 1568 2203 1642">
     <span class='ocr_line' id='line_1_16' title="bbox 608 1568 2203 1642; baseline -0.001 -17"><span class='ocrx_word' id='word_1_103' title='bbox 608 1571 792 1642; x_wconf 86' lang='lat' dir='ltr'><strong>jungit</strong></span> <span class='ocrx_word' id='word_1_104' title='bbox 837 1587 850 1623; x_wconf 94' lang='lat'>:</span> <span class='ocrx_word' id='word_1_105' title='bbox 898 1569 1057 1623; x_wconf 79' lang='lat' dir='ltr'><strong>Nobis</strong></span> <span class='ocrx_word' id='word_1_106' title='bbox 1100 1577 1277 1622; x_wconf 83' lang='lat' dir='ltr'><strong>autem</strong></span> <span class='ocrx_word' id='word_1_107' title='bbox 1325 1569 1575 1621; x_wconf 83' lang='lat' dir='ltr'><strong>reuelauit</strong></span> <span class='ocrx_word' id='word_1_108' title='bbox 1619 1568 1757 1622; x_wconf 76' lang='lat' dir='ltr'><strong>Deus</strong></span> <span class='ocrx_word' id='word_1_109' title='bbox 1804 1585 1896 1639; x_wconf 83' lang='lat' dir='ltr'><strong>per</strong></span> <span class='ocrx_word' id='word_1_110' title='bbox 1944 1568 2203 1639; x_wconf 78' lang='lat' dir='ltr'><strong>Spiritum</strong></span> 
     </span>
    </p>
   </div>
   <div class='ocr_carea' id='block_1_17' title="bbox 612 1662 2203 1731">
    <p class='ocr_par' dir='ltr' id='par_1_17' title="bbox 612 1662 2203 1731">
     <span class='ocr_line' id='line_1_17' title="bbox 612 1662 2203 1731; baseline -0.001 -13"><span class='ocrx_word' id='word_1_111' title='bbox 612 1682 787 1719; x_wconf 84' lang='lat' dir='ltr'><strong>suum.</strong></span> <span class='ocrx_word' id='word_1_112' title='bbox 825 1664 888 1718; x_wconf 80' lang='lat' dir='ltr'><strong>Ili</strong></span> <span class='ocrx_word' id='word_1_113' title='bbox 940 1670 1070 1718; x_wconf 88' lang='lat' dir='ltr'><strong>sunt</strong></span> <span class='ocrx_word' id='word_1_114' title='bbox 1111 1678 1242 1716; x_wconf 90' lang='lat' dir='ltr'><strong>vere</strong></span> <span class='ocrx_word' id='word_1_115' title='bbox 1277 1662 1554 1731; x_wconf 84' lang='lat' dir='ltr'><strong>sapientes</strong></span> <span class='ocrx_word' id='word_1_116' title='bbox 1601 1669 1659 1717; x_wconf 89' lang='lat' dir='ltr'><strong>et</strong></span> <span class='ocrx_word' id='word_1_117' title='bbox 1707 1670 1984 1731; x_wconf 89' lang='lat' dir='ltr'><strong>potentes,</strong></span> <span class='ocrx_word' id='word_1_118' title='bbox 2042 1664 2099 1717; x_wconf 90' lang='lat' dir='ltr'><strong>hi</strong></span> <span class='ocrx_word' id='word_1_119' title='bbox 2148 1672 2203 1718; x_wconf 92' lang='lat' dir='ltr'><strong>et</strong></span> 
     </span>
    </p>
   </div>
   <div class='ocr_carea' id='block_1_18' title="bbox 614 1756 1259 1824">
    <p class='ocr_par' dir='ltr' id='par_1_18' title="bbox 614 1756 1259 1824">
     <span class='ocr_line' id='line_1_18' title="bbox 614 1756 1259 1824; baseline -0.002 -15"><span class='ocrx_word' id='word_1_120' title='bbox 614 1757 829 1811; x_wconf 80' lang='lat' dir='ltr'><strong>nobiles</strong></span> <span class='ocrx_word' id='word_1_121' title='bbox 853 1764 908 1809; x_wconf 93' lang='lat' dir='ltr'><strong>et</strong></span> <span class='ocrx_word' id='word_1_122' title='bbox 939 1756 1259 1824; x_wconf 87' lang='lat' dir='ltr'><strong>prudentes.</strong></span> 
     </span>
    </p>
   </div>
   <div class='ocr_carea' id='block_1_19' title="bbox 2302 558 3814 630">
    <p class='ocr_par' dir='ltr' id='par_1_19' title="bbox 2302 558 3814 630">
     <span class='ocr_line' id='line_1_19' title="bbox 2302 558 3814 630; baseline 0.007 -22"><span class='ocrx_word' id='word_1_123' title='bbox 2302 558 2674 627; x_wconf 83' lang='grc' dir='ltr'><strong>προσπίπτων</strong></span> <span class='ocrx_word' id='word_1_124' title='bbox 2700 558 2795 609; x_wconf 78' lang='grc' dir='ltr'><strong>ἐπὶ</strong></span> <span class='ocrx_word' id='word_1_125' title='bbox 2822 558 3118 628; x_wconf 87' lang='grc' dir='ltr'>πρόσωπον</span> <span class='ocrx_word' id='word_1_126' title='bbox 3139 559 3308 613; x_wconf 78' lang='grc' dir='ltr'>αὐτοῦ</span> <span class='ocrx_word' id='word_1_127' title='bbox 3333 558 3410 629; x_wconf 84' lang='grc' dir='ltr'><strong>τῷ</strong></span> <span class='ocrx_word' id='word_1_128' title='bbox 3445 561 3641 630; x_wconf 67' lang='grc' dir='ltr'>Κυρίῳ,</span> <span class='ocrx_word' id='word_1_129' title='bbox 3663 563 3814 618; x_wconf 71' lang='grc' dir='ltr'>ἄνεισιν</span> 
     </span>
    </p>
   </div>
   <div class='ocr_carea' id='block_1_20' title="bbox 2301 648 3813 724">
    <p class='ocr_par' dir='ltr' id='par_1_20' title="bbox 2301 648 3813 724">
     <span class='ocr_line' id='line_1_20' title="bbox 2301 648 3813 724; baseline 0.008 -23"><span class='ocrx_word' id='word_1_130' title='bbox 2301 650 2382 712; x_wconf 87' lang='grc' dir='ltr'><strong>είς</strong></span> <span class='ocrx_word' id='word_1_131' title='bbox 2412 648 2501 702; x_wconf 80' lang='grc' dir='ltr'>τὸν</span> <span class='ocrx_word' id='word_1_132' title='bbox 2527 650 2757 721; x_wconf 83' lang='grc' dir='ltr'>οὐρανὸν</span> <span class='ocrx_word' id='word_1_133' title='bbox 2796 650 2901 705; x_wconf 81' lang='grc' dir='ltr'>ὑπὸ</span> <span class='ocrx_word' id='word_1_134' title='bbox 2936 651 3253 723; x_wconf 84' lang='grc' dir='ltr'>Πνεύματος</span> <span class='ocrx_word' id='word_1_135' title='bbox 3284 651 3652 724; x_wconf 79' lang='grc' dir='ltr'>ὁδηγούμενος,</span> <span class='ocrx_word' id='word_1_136' title='bbox 3680 659 3754 710; x_wconf 73' lang='grc' dir='ltr'>καὶ</span> <span class='ocrx_word' id='word_1_137' title='bbox 3776 664 3813 713; x_wconf 76' lang='grc' dir='ltr'>ἐν</span> 
     </span>
    </p>
   </div>
   <div class='ocr_carea' id='block_1_21' title="bbox 2304 742 3813 815">
    <p class='ocr_par' dir='ltr' id='par_1_21' title="bbox 2304 742 3813 815">
     <span class='ocr_line' id='line_1_21' title="bbox 2304 742 3813 815; baseline 0.003 -19"><span class='ocrx_word' id='word_1_138' title='bbox 2304 742 2645 814; x_wconf 76' lang='grc' dir='ltr'>πληροφορίᾳ</span> <span class='ocrx_word' id='word_1_139' title='bbox 2686 743 2789 813; x_wconf 81' lang='grc' dir='ltr'>τῆς</span> <span class='ocrx_word' id='word_1_140' title='bbox 2831 743 3031 796; x_wconf 77' lang='grc' dir='ltr'>ἑαυτοῦ</span> <span class='ocrx_word' id='word_1_141' title='bbox 3059 744 3236 813; x_wconf 68' lang='grc' dir='ltr'>ψυχῆς</span> <span class='ocrx_word' id='word_1_142' title='bbox 3280 743 3388 796; x_wconf 90' lang='grc' dir='ltr'><strong>τῶν</strong></span> <span class='ocrx_word' id='word_1_143' title='bbox 3420 745 3537 796; x_wconf 79' lang='grc' dir='ltr'>ἐκεῖ</span> <span class='ocrx_word' id='word_1_144' title='bbox 3568 745 3813 815; x_wconf 58' lang='grc' dir='ltr'>θαυμασία.</span> 
     </span>
    </p>
   </div>
   <div class='ocr_carea' id='block_1_22' title="bbox 2304 837 3814 911">
    <p class='ocr_par' dir='ltr' id='par_1_22' title="bbox 2304 837 3814 911">
     <span class='ocr_line' id='line_1_22' title="bbox 2304 837 3814 911; baseline 0.003 -23"><span class='ocrx_word' id='word_1_145' title='bbox 2304 838 2645 906; x_wconf 77' lang='grc' dir='ltr'>κατατρυφᾷ,</span> <span class='ocrx_word' id='word_1_146' title='bbox 2705 839 2823 889; x_wconf 83' lang='grc' dir='ltr'>ἐκεῖ</span> <span class='ocrx_word' id='word_1_147' title='bbox 2869 854 2929 888; x_wconf 91' lang='grc' dir='ltr'><strong>τε</strong></span> <span class='ocrx_word' id='word_1_148' title='bbox 2974 837 3291 907; x_wconf 77' lang='grc' dir='ltr'><strong>ἐργάζεται,</strong></span> <span class='ocrx_word' id='word_1_149' title='bbox 3327 837 3444 890; x_wconf 80' lang='grc' dir='ltr'>ἐκεῖ</span> <span class='ocrx_word' id='word_1_150' title='bbox 3486 838 3544 890; x_wconf 79' lang='grc' dir='ltr'>τὸ</span> <span class='ocrx_word' id='word_1_151' title='bbox 3582 840 3814 911; x_wconf 60' lang='grc' dir='ltr'>πολίτευμα</span> 
     </span>
    </p>
   </div>
   <div class='ocr_carea' id='block_1_23' title="bbox 2305 928 3815 1001">
    <p class='ocr_par' dir='ltr' id='par_1_23' title="bbox 2305 928 3815 1001">
     <span class='ocr_line' id='line_1_23' title="bbox 2305 928 3815 1001; baseline 0.004 -20"><span class='ocrx_word' id='word_1_152' title='bbox 2305 928 2439 999; x_wconf 79' lang='grc' dir='ltr'>ἔχει,</span> <span class='ocrx_word' id='word_1_153' title='bbox 2472 929 2614 983; x_wconf 86' lang='grc' dir='ltr'>κατά</span> <span class='ocrx_word' id='word_1_154' title='bbox 2638 931 2729 984; x_wconf 85' lang='grc' dir='ltr'>τὸν</span> <span class='ocrx_word' id='word_1_155' title='bbox 2760 930 2903 984; x_wconf 86' lang='grc' dir='ltr'>θεῖον</span> <span class='ocrx_word' id='word_1_156' title='bbox 2940 930 3262 985; x_wconf 85' lang='grc' dir='ltr'>Ἀπόστολον</span> <span class='ocrx_word' id='word_1_157' title='bbox 3280 949 3295 962; x_wconf 87' lang='grc'><strong>·</strong></span> <span class='ocrx_word' id='word_1_158' title='bbox 3334 931 3527 1001; x_wconf 79' lang='grc' dir='ltr'><strong>Ἠμῶν</strong></span> <span class='ocrx_word' id='word_1_159' title='bbox 3547 934 3645 1001; x_wconf 70' lang='grc' dir='ltr'>γὰρ</span> <span class='ocrx_word' id='word_1_160' title='bbox 3672 937 3723 986; x_wconf 76' lang='grc' dir='ltr'>τό</span> <span class='ocrx_word' id='word_1_161' title='bbox 3744 953 3815 989; x_wconf 73' lang='grc' dir='ltr'>,τε-</span> 
     </span>
    </p>
   </div>
   <div class='ocr_carea' id='block_1_24' title="bbox 2303 1023 3813 1094">
    <p class='ocr_par' dir='ltr' id='par_1_24' title="bbox 2303 1023 3813 1094">
     <span class='ocr_line' id='line_1_24' title="bbox 2303 1023 3813 1094; baseline 0.003 -18"><span class='ocrx_word' id='word_1_162' title='bbox 2303 1023 2573 1091; x_wconf 73' lang='grc' dir='ltr'>λίτευμα,</span> <span class='ocrx_word' id='word_1_163' title='bbox 2612 1023 2797 1094; x_wconf 73' lang='grc' dir='ltr'>φησὶν,</span> <span class='ocrx_word' id='word_1_164' title='bbox 2828 1023 2899 1077; x_wconf 83' lang='grc' dir='ltr'>ἐν</span> <span class='ocrx_word' id='word_1_165' title='bbox 2931 1023 3210 1092; x_wconf 84' lang='grc' dir='ltr'><strong>οὐρανοῖς</strong></span> <span class='ocrx_word' id='word_1_166' title='bbox 3238 1025 3396 1093; x_wconf 79' lang='grc' dir='ltr'>ὐπάρ</span> <span class='ocrx_word' id='word_1_167' title='bbox 3402 1042 3523 1093; x_wconf 81' lang='grc' dir='ltr'>χει·</span> <span class='ocrx_word' id='word_1_168' title='bbox 3569 1028 3654 1078; x_wconf 69' lang='grc' dir='ltr'>καὶ</span> <span class='ocrx_word' id='word_1_169' title='bbox 3680 1027 3813 1080; x_wconf 61' lang='grc' dir='ltr'>πάλιν</span> 
     </span>
    </p>
   </div>
   <div class='ocr_carea' id='block_1_25' title="bbox 2311 1111 3816 1184">
    <p class='ocr_par' dir='ltr' id='par_1_25' title="bbox 2311 1111 3816 1184">
     <span class='ocr_line' id='line_1_25' title="bbox 2311 1111 3816 1184; baseline 0.002 -15"><span class='ocrx_word' id='word_1_170' title='bbox 2311 1116 2369 1169; x_wconf 78' lang='grc' dir='ltr'><strong>Ἀ</strong></span> <span class='ocrx_word' id='word_1_171' title='bbox 2405 1115 2714 1184; x_wconf 64' lang='grc' dir='ltr'><strong>ὀφθαλμὸς</strong></span> <span class='ocrx_word' id='word_1_172' title='bbox 2752 1118 2862 1170; x_wconf 80' lang='grc' dir='ltr'><strong>οὐκ</strong></span> <span class='ocrx_word' id='word_1_173' title='bbox 2888 1112 3030 1181; x_wconf 73' lang='grc' dir='ltr'>εἶδε,</span> <span class='ocrx_word' id='word_1_174' title='bbox 3072 1116 3172 1170; x_wconf 85' lang='grc' dir='ltr'><strong>καί</strong></span> <span class='ocrx_word' id='word_1_175' title='bbox 3203 1111 3311 1181; x_wconf 84' lang='grc' dir='ltr'>οὖς</span> <span class='ocrx_word' id='word_1_176' title='bbox 3337 1119 3449 1171; x_wconf 82' lang='grc' dir='ltr'><strong>οὐκ</strong></span> <span class='ocrx_word' id='word_1_177' title='bbox 3492 1116 3718 1184; x_wconf 79' lang='grc' dir='ltr'>ἤκουσε,</span> <span class='ocrx_word' id='word_1_178' title='bbox 3752 1124 3816 1172; x_wconf 76' lang='grc' dir='ltr'><strong>καί</strong></span> 
     </span>
    </p>
   </div>
   <div class='ocr_carea' id='block_1_26' title="bbox 2304 1206 3819 1278">
    <p class='ocr_par' dir='ltr' id='par_1_26' title="bbox 2304 1206 3819 1278">
     <span class='ocr_line' id='line_1_26' title="bbox 2304 1206 3819 1278; baseline 0.004 -19"><span class='ocrx_word' id='word_1_179' title='bbox 2304 1206 2400 1259; x_wconf 77' lang='grc' dir='ltr'><strong>ἐπὶ</strong></span> <span class='ocrx_word' id='word_1_180' title='bbox 2433 1208 2683 1276; x_wconf 81' lang='grc' dir='ltr'><strong>καρδίαν</strong></span> <span class='ocrx_word' id='word_1_181' title='bbox 2709 1208 3037 1276; x_wconf 77' lang='grc' dir='ltr'>ἀνθρώπων</span> <span class='ocrx_word' id='word_1_182' title='bbox 3064 1211 3176 1263; x_wconf 82' lang='grc' dir='ltr'><strong>οὐκ</strong></span> <span class='ocrx_word' id='word_1_183' title='bbox 3202 1210 3407 1276; x_wconf 77' lang='grc' dir='ltr'><strong>ἀνέϐη,</strong></span> <span class='ocrx_word' id='word_1_184' title='bbox 3441 1209 3480 1262; x_wconf 78' lang='grc' dir='ltr'><em>ἅ</em></span> <span class='ocrx_word' id='word_1_185' title='bbox 3508 1211 3819 1278; x_wconf 61' lang='grc' dir='ltr'>ήτοιζιιασενό</span> 
     </span>
    </p>
   </div>
   <div class='ocr_carea' id='block_1_27' title="bbox 2308 1296 3819 1371">
    <p class='ocr_par' dir='ltr' id='par_1_27' title="bbox 2308 1296 3819 1371">
     <span class='ocr_line' id='line_1_27' title="bbox 2308 1296 3819 1371; baseline 0.003 -18"><span class='ocrx_word' id='word_1_186' title='bbox 2308 1299 2453 1364; x_wconf 84' lang='grc' dir='ltr'><strong>Θεὸς</strong></span> <span class='ocrx_word' id='word_1_187' title='bbox 2476 1299 2600 1365; x_wconf 85' lang='grc' dir='ltr'>τοῖς</span> <span class='ocrx_word' id='word_1_188' title='bbox 2622 1299 2937 1369; x_wconf 76' lang='grc' dir='ltr'><strong>ἀγαπῶσιν</strong></span> <span class='ocrx_word' id='word_1_189' title='bbox 2962 1302 3169 1358; x_wconf 79' lang='grc' dir='ltr'>αὐτόν.</span> <span class='ocrx_word' id='word_1_190' title='bbox 3204 1296 3337 1354; x_wconf 84' lang='grc' dir='ltr'>Εἶτα</span> <span class='ocrx_word' id='word_1_191' title='bbox 3369 1302 3565 1367; x_wconf 78' lang='grc' dir='ltr'><strong>ἐπάγει</strong></span> <span class='ocrx_word' id='word_1_192' title='bbox 3584 1318 3597 1330; x_wconf 71' lang='grc'><strong>⁸</strong></span> <span class='ocrx_word' id='word_1_193' title='bbox 3636 1302 3819 1371; x_wconf 72' lang='grc' dir='ltr'>Ἡμῖνίέ</span> 
     </span>
    </p>
   </div>
   <div class='ocr_carea' id='block_1_28' title="bbox 2304 1391 3820 1463">
    <p class='ocr_par' dir='ltr' id='par_1_28' title="bbox 2304 1391 3820 1463">
     <span class='ocr_line' id='line_1_28' title="bbox 2304 1391 3820 1463; baseline 0.005 -18"><span class='ocrx_word' id='word_1_194' title='bbox 2304 1392 2662 1460; x_wconf 75' lang='grc' dir='ltr'>ἀπεκάλυψε</span> <span class='ocrx_word' id='word_1_195' title='bbox 2689 1394 2786 1446; x_wconf 82' lang='grc' dir='ltr'><strong>διὰ</strong></span> <span class='ocrx_word' id='word_1_196' title='bbox 2813 1393 2920 1448; x_wconf 84' lang='grc' dir='ltr'>τοῦ</span> <span class='ocrx_word' id='word_1_197' title='bbox 2949 1395 3296 1463; x_wconf 82' lang='grc' dir='ltr'>Πνεύματος</span> <span class='ocrx_word' id='word_1_198' title='bbox 3324 1394 3535 1450; x_wconf 81' lang='grc' dir='ltr'>αὑτοῦ.</span> <span class='ocrx_word' id='word_1_199' title='bbox 3567 1391 3706 1451; x_wconf 69' lang='grc' dir='ltr'>Οὗτοί</span> <span class='ocrx_word' id='word_1_200' title='bbox 3727 1402 3820 1453; x_wconf 68' lang='lat' dir='ltr'><strong>clm</strong></span> 
     </span>
    </p>
   </div>
   <div class='ocr_carea' id='block_1_29' title="bbox 2305 1482 3820 1560">
    <p class='ocr_par' dir='ltr' id='par_1_29' title="bbox 2305 1482 3820 1560">
     <span class='ocr_line' id='line_1_29' title="bbox 2305 1482 3820 1560; baseline 0.006 -23"><span class='ocrx_word' id='word_1_201' title='bbox 2305 1484 2353 1537; x_wconf 85' lang='grc' dir='ltr'><strong>οί</strong></span> <span class='ocrx_word' id='word_1_202' title='bbox 2404 1486 2464 1536; x_wconf 83' lang='grc' dir='ltr'>ὲν</span> <span class='ocrx_word' id='word_1_203' title='bbox 2495 1484 2723 1557; x_wconf 80' lang='grc' dir='ltr'><strong>ἀληθείᾳ</strong></span> <span class='ocrx_word' id='word_1_204' title='bbox 2758 1487 2932 1555; x_wconf 78' lang='grc' dir='ltr'>σοφοὶ,</span> <span class='ocrx_word' id='word_1_205' title='bbox 2964 1486 3013 1539; x_wconf 73' lang='lat' dir='ltr'><strong>oi</strong></span> <span class='ocrx_word' id='word_1_206' title='bbox 3043 1487 3276 1552; x_wconf 73' lang='grc' dir='ltr'>δυνατοὶ,</span> <span class='ocrx_word' id='word_1_207' title='bbox 3310 1482 3457 1541; x_wconf 75' lang='grc' dir='ltr'>οὗτοι</span> <span class='ocrx_word' id='word_1_208' title='bbox 3501 1491 3591 1541; x_wconf 76' lang='grc' dir='ltr'>καὶ</span> <span class='ocrx_word' id='word_1_209' title='bbox 3638 1491 3820 1560; x_wconf 76' lang='grc' dir='ltr'>εὐγενεῖς</span> 
     </span>
    </p>
   </div>
   <div class='ocr_carea' id='block_1_30' title="bbox 2305 1574 2718 1647">
    <p class='ocr_par' dir='ltr' id='par_1_30' title="bbox 2305 1574 2718 1647">
     <span class='ocr_line' id='line_1_30' title="bbox 2305 1574 2718 1647; baseline 0.005 -19"><span class='ocrx_word' id='word_1_210' title='bbox 2305 1574 2401 1628; x_wconf 72' lang='grc' dir='ltr'><strong>καὶ</strong></span> <span class='ocrx_word' id='word_1_211' title='bbox 2439 1577 2718 1647; x_wconf 81' lang='grc' dir='ltr'>φρόνιμοι.</span> 
     </span>
    </p>
   </div>
   <div class='ocr_carea' id='block_1_31' title="bbox 686 1824 2211 1913">
    <p class='ocr_par' dir='ltr' id='par_1_31' title="bbox 686 1846 2201 1913">
     <span class='ocr_line' id='line_1_31' title="bbox 686 1846 2201 1913; baseline -0.001 -12"><span class='ocrx_word' id='word_1_212' title='bbox 686 1848 873 1902; x_wconf 83' lang='lat' dir='ltr'><strong>XVIII.</strong></span> <span class='ocrx_word' id='word_1_213' title='bbox 904 1846 1239 1913; x_wconf 85' lang='lat' dir='ltr'><strong>Quinetiam,</strong></span> <span class='ocrx_word' id='word_1_214' title='bbox 1267 1862 1376 1902; x_wconf 91' lang='lat' dir='ltr'><strong>non</strong></span> <span class='ocrx_word' id='word_1_215' title='bbox 1415 1847 1603 1901; x_wconf 89' lang='lat' dir='ltr'><strong>habita</strong></span> <span class='ocrx_word' id='word_1_216' title='bbox 1637 1848 1852 1902; x_wconf 84' lang='lat' dir='ltr'><strong>ratione</strong></span> <span class='ocrx_word' id='word_1_217' title='bbox 1893 1846 2201 1902; x_wconf 79' lang='lat' dir='ltr'><strong>caelestium</strong></span> 
     </span>
    </p>
   </div>
   <div class='ocr_carea' id='block_1_32' title="bbox 2303 1824 3822 1913">
    <p class='ocr_par' dir='ltr' id='par_1_32' title="bbox 2376 1835 3822 1908">
     <span class='ocr_line' id='line_1_32' title="bbox 2376 1835 3822 1908; baseline 0.006 -21"><span class='ocrx_word' id='word_1_218' title='bbox 2376 1837 2483 1888; x_wconf 62' lang='grc' dir='ltr'>ιιιρ.</span> <span class='ocrx_word' id='word_1_219' title='bbox 2524 1835 2633 1887; x_wconf 73' lang='grc' dir='ltr'><strong>Καὶ</strong></span> <span class='ocrx_word' id='word_1_220' title='bbox 2674 1836 2865 1906; x_wconf 73' lang='grc' dir='ltr'>χωρὶς,</span> <span class='ocrx_word' id='word_1_221' title='bbox 2897 1836 3063 1907; x_wconf 61' lang='grc' dir='ltr'>φησὶν</span> <span class='ocrx_word' id='word_1_222' title='bbox 3077 1836 3185 1890; x_wconf 90' lang='grc' dir='ltr'><strong>τῶν</strong></span> <span class='ocrx_word' id='word_1_223' title='bbox 3204 1836 3475 1908; x_wconf 74' lang='grc' dir='ltr'><strong>οὐρανίων</strong></span> <span class='ocrx_word' id='word_1_224' title='bbox 3500 1838 3718 1905; x_wconf 71' lang='grc' dir='ltr'>ἐκείνων,</span> <span class='ocrx_word' id='word_1_225' title='bbox 3751 1845 3822 1896; x_wconf 68' lang='grc' dir='ltr'><strong>ὰπὲ</strong></span> 
     </span>
    </p>
   </div>
   <div class='ocr_carea' id='block_1_33' title="bbox 616 1940 2203 2011">
    <p class='ocr_par' dir='ltr' id='par_1_33' title="bbox 616 1940 2203 2011">
     <span class='ocr_line' id='line_1_33' title="bbox 616 1940 2203 2011; baseline 0.001 -17"><span class='ocrx_word' id='word_1_226' title='bbox 616 1941 859 2005; x_wconf 91' lang='lat' dir='ltr'><strong>illorum,</strong></span> <span class='ocrx_word' id='word_1_227' title='bbox 893 1956 924 1995; x_wconf 96' lang='lat' dir='ltr'><strong>e</strong></span> <span class='ocrx_word' id='word_1_228' title='bbox 955 1942 1088 1995; x_wconf 89' lang='lat' dir='ltr'><strong>solis</strong></span> <span class='ocrx_word' id='word_1_229' title='bbox 1113 1941 1200 1995; x_wconf 90' lang='lat' dir='ltr'><strong>his</strong></span> <span class='ocrx_word' id='word_1_230' title='bbox 1231 1958 1353 2010; x_wconf 73' lang='lat' dir='ltr'><strong>qua:</strong></span> <span class='ocrx_word' id='word_1_231' title='bbox 1383 1940 1677 2011; x_wconf 67' lang='lat' dir='ltr'><strong>praesentia</strong></span> <span class='ocrx_word' id='word_1_232' title='bbox 1715 1949 1847 1995; x_wconf 89' lang='lat' dir='ltr'><strong>sunt</strong></span> <span class='ocrx_word' id='word_1_233' title='bbox 1882 1940 1951 1995; x_wconf 89' lang='lat' dir='ltr'><strong>de</strong></span> <span class='ocrx_word' id='word_1_234' title='bbox 1994 1941 2203 1995; x_wconf 87' lang='lat' dir='ltr'><strong>sanctis</strong></span> 
     </span>
    </p>
   </div>
   <div class='ocr_carea' id='block_1_34' title="bbox 610 2032 2201 2104">
    <p class='ocr_par' dir='ltr' id='par_1_34' title="bbox 610 2032 2201 2104">
     <span class='ocr_line' id='line_1_34' title="bbox 610 2032 2201 2104; baseline 0.001 -19"><span class='ocrx_word' id='word_1_235' title='bbox 610 2033 886 2104; x_wconf 89' lang='lat' dir='ltr'><strong>judicans,</strong></span> <span class='ocrx_word' id='word_1_236' title='bbox 914 2049 1023 2087; x_wconf 92' lang='lat' dir='ltr'><strong>non</strong></span> <span class='ocrx_word' id='word_1_237' title='bbox 1055 2034 1355 2099; x_wconf 77' lang='lat' dir='ltr'><strong>dubitabis,</strong></span> <span class='ocrx_word' id='word_1_238' title='bbox 1387 2049 1482 2088; x_wconf 90' lang='lat' dir='ltr'><strong>eos</strong></span> <span class='ocrx_word' id='word_1_239' title='bbox 1510 2032 1756 2087; x_wconf 91' lang='lat' dir='ltr'><strong>omnium</strong></span> <span class='ocrx_word' id='word_1_240' title='bbox 1809 2033 1968 2103; x_wconf 84' lang='lat' dir='ltr'><strong>longe</strong></span> <span class='ocrx_word' id='word_1_241' title='bbox 2019 2033 2201 2087; x_wconf 88' lang='lat' dir='ltr'><strong>homi-</strong></span> 
     </span>
    </p>
   </div>
   <div class='ocr_carea' id='block_1_35' title="bbox 616 2125 2205 2197">
    <p class='ocr_par' dir='ltr' id='par_1_35' title="bbox 616 2125 2205 2197">
     <span class='ocr_line' id='line_1_35' title="bbox 616 2125 2205 2197; baseline -0.001 -17"><span class='ocrx_word' id='word_1_242' title='bbox 616 2142 749 2180; x_wconf 90' lang='lat' dir='ltr'><strong>num</strong></span> <span class='ocrx_word' id='word_1_243' title='bbox 777 2126 1111 2181; x_wconf 84' lang='lat' dir='ltr'><strong>celsissimos</strong></span> <span class='ocrx_word' id='word_1_244' title='bbox 1145 2127 1526 2195; x_wconf 86' lang='lat' dir='ltr'><strong>pronuntiare.</strong></span> <span class='ocrx_word' id='word_1_245' title='bbox 1564 2126 1704 2197; x_wconf 82' lang='lat' dir='ltr'><strong>Age,</strong></span> <span class='ocrx_word' id='word_1_246' title='bbox 1732 2141 1821 2180; x_wconf 92' lang='lat' dir='ltr'><strong>res</strong></span> <span class='ocrx_word' id='word_1_247' title='bbox 1870 2125 2205 2196; x_wconf 88' lang='lat' dir='ltr'><strong>dijudieetur</strong></span> 
     </span>
    </p>
   </div>
   <div class='ocr_carea' id='block_1_36' title="bbox 617 2217 2201 2289">
    <p class='ocr_par' dir='ltr' id='par_1_36' title="bbox 617 2217 2201 2289">
     <span class='ocr_line' id='line_1_36' title="bbox 617 2217 2201 2289; baseline -0.001 -18"><span class='ocrx_word' id='word_1_248' title='bbox 617 2217 725 2273; x_wconf 89' lang='lat' dir='ltr'><strong>hoc</strong></span> <span class='ocrx_word' id='word_1_249' title='bbox 754 2217 954 2272; x_wconf 92' lang='lat' dir='ltr'><strong>modo:</strong></span> <span class='ocrx_word' id='word_1_250' title='bbox 994 2218 1513 2273; x_wconf 87' lang='lat' dir='ltr'><strong>Nabuchodonosor</strong></span> <span class='ocrx_word' id='word_1_251' title='bbox 1552 2219 1847 2289; x_wconf 80' lang='lat' dir='ltr'><strong>Babylonis</strong></span> <span class='ocrx_word' id='word_1_252' title='bbox 1877 2219 2201 2287; x_wconf 87' lang='lat' dir='ltr'><strong>imperator,</strong></span> 
     </span>
    </p>
   </div>
   <div class='ocr_carea' id='block_1_37' title="bbox 616 2309 2204 2381">
    <p class='ocr_par' dir='ltr' id='par_1_37' title="bbox 616 2309 2204 2381">
     <span class='ocr_line' id='line_1_37' title="bbox 616 2309 2204 2381; baseline -0.001 -18"><span class='ocrx_word' id='word_1_253' title='bbox 616 2310 983 2379; x_wconf 80' lang='lat' dir='ltr'><strong>congregatis,</strong></span> <span class='ocrx_word' id='word_1_254' title='bbox 1015 2311 1220 2379; x_wconf 78' lang='lat' dir='ltr'><strong>quibus</strong></span> <span class='ocrx_word' id='word_1_255' title='bbox 1256 2320 1508 2379; x_wconf 69' lang='lat' dir='ltr'><strong>prmerat,</strong></span> <span class='ocrx_word' id='word_1_256' title='bbox 1540 2311 1801 2381; x_wconf 79' lang='lat' dir='ltr'><strong>gentibus</strong></span> <span class='ocrx_word' id='word_1_257' title='bbox 1834 2310 1900 2363; x_wconf 91' lang='lat' dir='ltr'><strong>ad</strong></span> <span class='ocrx_word' id='word_1_258' title='bbox 1929 2309 2204 2363; x_wconf 84' lang='lat' dir='ltr'><strong>adoratio-</strong></span> 
     </span>
    </p>
   </div>
   <div class='ocr_carea' id='block_1_38' title="bbox 619 2402 2205 2472">
    <p class='ocr_par' dir='ltr' id='par_1_38' title="bbox 619 2402 2205 2472">
     <span class='ocr_line' id='line_1_38' title="bbox 619 2402 2205 2472; baseline 0.001 -17"><span class='ocrx_word' id='word_1_259' title='bbox 619 2416 743 2455; x_wconf 91' lang='lat' dir='ltr'><strong>nem</strong></span> <span class='ocrx_word' id='word_1_260' title='bbox 777 2410 970 2455; x_wconf 74' lang='lat' dir='ltr'><strong>statua:</strong></span> <span class='ocrx_word' id='word_1_261' title='bbox 1001 2418 1163 2471; x_wconf 88' lang='lat' dir='ltr'><strong>quam</strong></span> <span class='ocrx_word' id='word_1_262' title='bbox 1182 2410 1461 2470; x_wconf 68' lang='lat' dir='ltr'><strong>erexerat,</strong></span> <span class='ocrx_word' id='word_1_263' title='bbox 1484 2402 1577 2456; x_wconf 89' lang='lat' dir='ltr'><strong>Dei</strong></span> <span class='ocrx_word' id='word_1_264' title='bbox 1595 2402 1699 2456; x_wconf 92' lang='lat' dir='ltr'><strong>hoc</strong></span> <span class='ocrx_word' id='word_1_265' title='bbox 1718 2403 1791 2456; x_wconf 92' lang='lat' dir='ltr'><strong>ita</strong></span> <span class='ocrx_word' id='word_1_266' title='bbox 1803 2402 2205 2472; x_wconf 87' lang='lat' dir='ltr'><strong>sapientissime</strong></span> 
     </span>
    </p>
   </div>
   <div class='ocr_carea' id='block_1_39' title="bbox 618 2494 2207 2563">
    <p class='ocr_par' dir='ltr' id='par_1_39' title="bbox 618 2494 2207 2563">
     <span class='ocr_line' id='line_1_39' title="bbox 618 2494 2207 2563; baseline -0.001 -16"><span class='ocrx_word' id='word_1_267' title='bbox 618 2494 938 2548; x_wconf 86' lang='lat' dir='ltr'><strong>moderante</strong></span> <span class='ocrx_word' id='word_1_268' title='bbox 974 2494 1340 2563; x_wconf 85' lang='lat' dir='ltr'><strong>providentia,</strong></span> <span class='ocrx_word' id='word_1_269' title='bbox 1390 2502 1451 2548; x_wconf 92' lang='lat' dir='ltr'><strong>ut</strong></span> <span class='ocrx_word' id='word_1_270' title='bbox 1491 2501 1546 2548; x_wconf 90' lang='lat' dir='ltr'><strong>et</strong></span> <span class='ocrx_word' id='word_1_271' title='bbox 1596 2509 1891 2563; x_wconf 89' lang='lat' dir='ltr'><strong>puerorum</strong></span> <span class='ocrx_word' id='word_1_272' title='bbox 1949 2494 2207 2548; x_wconf 87' lang='lat' dir='ltr'><strong>omnibus</strong></span> 
     </span>
    </p>
   </div>
   <div class='ocr_carea' id='block_1_40' title="bbox 616 2584 2207 2654">
    <p class='ocr_par' dir='ltr' id='par_1_40' title="bbox 616 2584 2207 2654">
     <span class='ocr_line' id='line_1_40' title="bbox 616 2584 2207 2654; baseline -0.001 -17"><span class='ocrx_word' id='word_1_273' title='bbox 616 2586 912 2654; x_wconf 87' lang='lat' dir='ltr'><strong>conspicua</strong></span> <span class='ocrx_word' id='word_1_274' title='bbox 944 2585 1121 2638; x_wconf 84' lang='lat' dir='ltr'><strong>virtus</strong></span> <span class='ocrx_word' id='word_1_275' title='bbox 1154 2586 1330 2649; x_wconf 87' lang='lat' dir='ltr'><strong>lieret,</strong></span> <span class='ocrx_word' id='word_1_276' title='bbox 1377 2592 1432 2638; x_wconf 89' lang='lat' dir='ltr'><strong>et</strong></span> <span class='ocrx_word' id='word_1_277' title='bbox 1498 2585 1681 2638; x_wconf 85' lang='lat' dir='ltr'><strong>cuncti</strong></span> <span class='ocrx_word' id='word_1_278' title='bbox 1718 2584 1995 2638; x_wconf 82' lang='lat' dir='ltr'><strong>discerent</strong></span> <span class='ocrx_word' id='word_1_279' title='bbox 2037 2597 2207 2636; x_wconf 91' lang='lat' dir='ltr'><strong>unum</strong></span> 
     </span>
    </p>
   </div>
   <div class='ocr_carea' id='block_1_41' title="bbox 615 2675 2205 2746">
    <p class='ocr_par' dir='ltr' id='par_1_41' title="bbox 615 2675 2205 2746">
     <span class='ocr_line' id='line_1_41' title="bbox 615 2675 2205 2746; baseline -0.001 -16"><span class='ocrx_word' id='word_1_280' title='bbox 615 2692 739 2731; x_wconf 89' lang='lat' dir='ltr'><strong>esse</strong></span> <span class='ocrx_word' id='word_1_281' title='bbox 773 2678 944 2730; x_wconf 91' lang='lat' dir='ltr'><strong>Deum</strong></span> <span class='ocrx_word' id='word_1_282' title='bbox 971 2691 1186 2740; x_wconf 87' lang='lat' dir='ltr'><strong>verum,</strong></span> <span class='ocrx_word' id='word_1_283' title='bbox 1211 2677 1308 2746; x_wconf 87' lang='lat' dir='ltr'><strong>qui</strong></span> <span class='ocrx_word' id='word_1_284' title='bbox 1332 2677 1384 2729; x_wconf 92' lang='lat' dir='ltr'><strong>in</strong></span> <span class='ocrx_word' id='word_1_285' title='bbox 1418 2678 1573 2732; x_wconf 78' lang='lat' dir='ltr'><strong>etelis</strong></span> <span class='ocrx_word' id='word_1_286' title='bbox 1604 2676 1855 2731; x_wconf 81' lang='lat' dir='ltr'><strong>habitat:</strong></span> <span class='ocrx_word' id='word_1_287' title='bbox 1893 2686 2003 2730; x_wconf 88' lang='lat' dir='ltr'><strong>tres</strong></span> <span class='ocrx_word' id='word_1_288' title='bbox 2028 2675 2205 2745; x_wconf 91' lang='lat' dir='ltr'><strong>pueri,</strong></span> 
     </span>
    </p>
   </div>
   <div class='ocr_carea' id='block_1_42' title="bbox 619 2768 2208 2839">
    <p class='ocr_par' dir='ltr' id='par_1_42' title="bbox 619 2768 2208 2839">
     <span class='ocr_line' id='line_1_42' title="bbox 619 2768 2208 2839; baseline 0.001 -17"><span class='ocrx_word' id='word_1_289' title='bbox 619 2768 770 2838; x_wconf 85' lang='lat' dir='ltr'><strong>iique</strong></span> <span class='ocrx_word' id='word_1_290' title='bbox 799 2768 1023 2838; x_wconf 86' lang='lat' dir='ltr'><strong>captivi,</strong></span> <span class='ocrx_word' id='word_1_291' title='bbox 1056 2783 1121 2823; x_wconf 91' lang='lat' dir='ltr'><strong>ac</strong></span> <span class='ocrx_word' id='word_1_292' title='bbox 1171 2769 1432 2824; x_wconf 88' lang='lat' dir='ltr'><strong>libertate</strong></span> <span class='ocrx_word' id='word_1_293' title='bbox 1476 2769 1703 2839; x_wconf 87' lang='lat' dir='ltr'><strong>privati,</strong></span> <span class='ocrx_word' id='word_1_294' title='bbox 1757 2769 1876 2823; x_wconf 88' lang='lat' dir='ltr'><strong>ausi</strong></span> <span class='ocrx_word' id='word_1_295' title='bbox 1922 2778 2053 2823; x_wconf 91' lang='lat' dir='ltr'><strong>sunt</strong></span> <span class='ocrx_word' id='word_1_296' title='bbox 2104 2769 2208 2839; x_wconf 91' lang='lat' dir='ltr'><strong>ipsi</strong></span> 
     </span>
    </p>
   </div>
   <div class='ocr_carea' id='block_1_43' title="bbox 616 2857 2209 2924">
    <p class='ocr_par' dir='ltr' id='par_1_43' title="bbox 616 2857 2209 2924">
     <span class='ocr_line' id='line_1_43' title="bbox 616 2857 2209 2924; baseline 0 -12"><span class='ocrx_word' id='word_1_297' title='bbox 616 2857 921 2924; x_wconf 88' lang='lat' dir='ltr'><strong>obsistere;</strong></span> <span class='ocrx_word' id='word_1_298' title='bbox 964 2865 1021 2912; x_wconf 92' lang='lat' dir='ltr'><strong>et</strong></span> <span class='ocrx_word' id='word_1_299' title='bbox 1053 2858 1290 2922; x_wconf 89' lang='lat' dir='ltr'><strong>cunctis,</strong></span> <span class='ocrx_word' id='word_1_300' title='bbox 1317 2874 1385 2913; x_wconf 85' lang='lat' dir='ltr'><strong>ex</strong></span> <span class='ocrx_word' id='word_1_301' title='bbox 1417 2859 1592 2913; x_wconf 90' lang='lat' dir='ltr'><strong>multo</strong></span> <span class='ocrx_word' id='word_1_302' title='bbox 1620 2868 1791 2923; x_wconf 91' lang='lat' dir='ltr'><strong>metu,</strong></span> <span class='ocrx_word' id='word_1_303' title='bbox 1826 2858 2209 2923; x_wconf 87' lang='lat' dir='ltr'><strong>adorantibus,</strong></span> 
     </span>
    </p>
   </div>
   <div class='ocr_carea' id='block_1_44' title="bbox 619 2951 2207 3021">
    <p class='ocr_par' dir='ltr' id='par_1_44' title="bbox 619 2951 2207 3021">
     <span class='ocr_line' id='line_1_44' title="bbox 619 2951 2207 3021; baseline 0 -16"><span class='ocrx_word' id='word_1_304' title='bbox 619 2966 723 3007; x_wconf 89' lang='lat' dir='ltr'><strong>nec</strong></span> <span class='ocrx_word' id='word_1_305' title='bbox 804 2952 1106 3021; x_wconf 84' lang='lat' dir='ltr'><strong>quidquam</strong></span> <span class='ocrx_word' id='word_1_306' title='bbox 1173 2960 1376 3021; x_wconf 63' lang='lat' dir='ltr'><strong>praeter</strong></span> <span class='ocrx_word' id='word_1_307' title='bbox 1433 2951 1767 3021; x_wconf 89' lang='lat' dir='ltr'><strong>obsequium</strong></span> <span class='ocrx_word' id='word_1_308' title='bbox 1832 2953 2207 3015; x_wconf 88' lang='lat' dir='ltr'><strong>tentantibus,</strong></span> 
     </span>
    </p>
   </div>
   <div class='ocr_carea' id='block_1_45' title="bbox 623 3042 2214 3113">
    <p class='ocr_par' dir='ltr' id='par_1_45' title="bbox 623 3042 2214 3113">
     <span class='ocr_line' id='line_1_45' title="bbox 623 3042 2214 3113; baseline 0 -18"><span class='ocrx_word' id='word_1_309' title='bbox 623 3052 895 3097; x_wconf 86' lang='lat' dir='ltr'><strong>mutarum</strong></span> <span class='ocrx_word' id='word_1_310' title='bbox 923 3043 1030 3097; x_wconf 92' lang='lat' dir='ltr'><strong>ritu</strong></span> <span class='ocrx_word' id='word_1_311' title='bbox 1052 3042 1352 3113; x_wconf 86' lang='lat' dir='ltr'><strong>pecudum,</strong></span> <span class='ocrx_word' id='word_1_312' title='bbox 1373 3058 1484 3112; x_wconf 90' lang='lat' dir='ltr'><strong>quo</strong></span> <span class='ocrx_word' id='word_1_313' title='bbox 1526 3042 1909 3108; x_wconf 88' lang='lat' dir='ltr'><strong>trahebantur,</strong></span> <span class='ocrx_word' id='word_1_314' title='bbox 1931 3042 2214 3111; x_wconf 86' lang='lat' dir='ltr'><strong>sequenti-</strong></span> 
     </span>
    </p>
   </div>
   <div class='ocr_carea' id='block_1_46' title="bbox 2303 1927 3823 1998">
    <p class='ocr_par' dir='ltr' id='par_1_46' title="bbox 2303 1927 3823 1998">
     <span class='ocr_line' id='line_1_46' title="bbox 2303 1927 3823 1998; baseline 0.003 -19"><span class='ocrx_word' id='word_1_315' title='bbox 2303 1928 2414 1980; x_wconf 88' lang='grc' dir='ltr'><strong>τῶν</strong></span> <span class='ocrx_word' id='word_1_316' title='bbox 2448 1927 2733 1998; x_wconf 81' lang='grc' dir='ltr'><strong>παρόντων</strong></span> <span class='ocrx_word' id='word_1_317' title='bbox 2778 1929 2980 1997; x_wconf 90' lang='grc' dir='ltr'>κρίνων</span> <span class='ocrx_word' id='word_1_318' title='bbox 3016 1930 3142 1994; x_wconf 80' lang='grc' dir='ltr'>τοὺς</span> <span class='ocrx_word' id='word_1_319' title='bbox 3174 1930 3387 1995; x_wconf 78' lang='grc' dir='ltr'><strong>ἁγίους,</strong></span> <span class='ocrx_word' id='word_1_320' title='bbox 3438 1932 3541 1985; x_wconf 86' lang='grc' dir='ltr'><strong>οὐκ</strong></span> <span class='ocrx_word' id='word_1_321' title='bbox 3562 1932 3823 1995; x_wconf 53' lang='lat' dir='ltr'><strong>tamam;</strong></span> 
     </span>
    </p>
   </div>
   <div class='ocr_carea' id='block_1_47' title="bbox 2306 2018 3821 2092">
    <p class='ocr_par' dir='ltr' id='par_1_47' title="bbox 2306 2018 3821 2092">
     <span class='ocr_line' id='line_1_47' title="bbox 2306 2018 3821 2092; baseline 0.003 -22"><span class='ocrx_word' id='word_1_322' title='bbox 2306 2020 2524 2072; x_wconf 85' lang='grc' dir='ltr'>πάντων</span> <span class='ocrx_word' id='word_1_323' title='bbox 2584 2018 2947 2088; x_wconf 75' lang='grc' dir='ltr'><strong>ὑψηλοτέρους</strong></span> <span class='ocrx_word' id='word_1_324' title='bbox 3004 2018 3193 2073; x_wconf 77' lang='grc' dir='ltr'>εἰπών.</span> <span class='ocrx_word' id='word_1_325' title='bbox 3238 2019 3531 2092; x_wconf 81' lang='grc' dir='ltr'>Κρινέσθω</span> <span class='ocrx_word' id='word_1_326' title='bbox 3582 2021 3635 2074; x_wconf 82' lang='grc' dir='ltr'><strong>δὲ</strong></span> <span class='ocrx_word' id='word_1_327' title='bbox 3667 2021 3821 2085; x_wconf 69' lang='grc' dir='ltr'>οὕτως·</span> 
     </span>
    </p>
   </div>
   <div class='ocr_carea' id='block_1_48' title="bbox 2304 2110 3821 2183">
    <p class='ocr_par' dir='ltr' id='par_1_48' title="bbox 2304 2110 3821 2183">
     <span class='ocr_line' id='line_1_48' title="bbox 2304 2110 3821 2183; baseline 0.001 -20"><span class='ocrx_word' id='word_1_328' title='bbox 2304 2111 2778 2181; x_wconf 75' lang='grc' dir='ltr'>Ναϐουχοδονόσορ</span> <span class='ocrx_word' id='word_1_329' title='bbox 2823 2112 2851 2164; x_wconf 99' lang='lat'><strong>6</strong></span> <span class='ocrx_word' id='word_1_330' title='bbox 2890 2110 3204 2174; x_wconf 70' lang='grc' dir='ltr'>Βαϐυλῶνος</span> <span class='ocrx_word' id='word_1_331' title='bbox 3246 2111 3447 2182; x_wconf 76' lang='grc' dir='ltr'>ἄρξας,</span> <span class='ocrx_word' id='word_1_332' title='bbox 3471 2112 3626 2163; x_wconf 78' lang='grc' dir='ltr'>ὁπότε</span> <span class='ocrx_word' id='word_1_333' title='bbox 3656 2112 3713 2164; x_wconf 78' lang='grc' dir='ltr'>τὰ</span> <span class='ocrx_word' id='word_1_334' title='bbox 3737 2114 3821 2183; x_wconf 64' lang='grc' dir='ltr'><strong>ἔθνη</strong></span> 
     </span>
    </p>
   </div>
   <div class='ocr_carea' id='block_1_49' title="bbox 2306 2198 3822 2275">
    <p class='ocr_par' dir='ltr' id='par_1_49' title="bbox 2306 2198 3822 2275">
     <span class='ocr_line' id='line_1_49' title="bbox 2306 2198 3822 2275; baseline 0.001 -18"><span class='ocrx_word' id='word_1_335' title='bbox 2306 2203 2455 2275; x_wconf 83' lang='grc' dir='ltr'>αὐτῷ</span> <span class='ocrx_word' id='word_1_336' title='bbox 2479 2204 2655 2258; x_wconf 84' lang='grc' dir='ltr'>πάντα</span> <span class='ocrx_word' id='word_1_337' title='bbox 2687 2206 2767 2265; x_wconf 83' lang='grc' dir='ltr'>εἰς</span> <span class='ocrx_word' id='word_1_338' title='bbox 2798 2203 3169 2274; x_wconf 82' lang='grc' dir='ltr'>προσκύνησιν</span> <span class='ocrx_word' id='word_1_339' title='bbox 3189 2198 3257 2275; x_wconf 84' lang='grc' dir='ltr'><strong>ἧς</strong></span> <span class='ocrx_word' id='word_1_340' title='bbox 3278 2204 3441 2274; x_wconf 74' lang='grc' dir='ltr'>ἔτυχε</span> <span class='ocrx_word' id='word_1_341' title='bbox 3474 2208 3822 2269; x_wconf 65' lang='lat' dir='ltr'><strong>ica-tantum;</strong></span> 
     </span>
    </p>
   </div>
   <div class='ocr_carea' id='block_1_50' title="bbox 2307 2294 3822 2367">
    <p class='ocr_par' dir='ltr' id='par_1_50' title="bbox 2307 2294 3822 2367">
     <span class='ocr_line' id='line_1_50' title="bbox 2307 2294 3822 2367; baseline -0.001 -17"><span class='ocrx_word' id='word_1_342' title='bbox 2307 2298 2513 2359; x_wconf 76' lang='grc' dir='ltr'><strong>εἰκόνος</strong></span> <span class='ocrx_word' id='word_1_343' title='bbox 2539 2295 2855 2367; x_wconf 74' lang='grc' dir='ltr'>ἠθροίζετοο</span> <span class='ocrx_word' id='word_1_344' title='bbox 2885 2295 2966 2365; x_wconf 80' lang='grc' dir='ltr'>τῷ</span> <span class='ocrx_word' id='word_1_345' title='bbox 3000 2295 3055 2348; x_wconf 83' lang='grc' dir='ltr'><strong>δὲ</strong></span> <span class='ocrx_word' id='word_1_346' title='bbox 3092 2296 3212 2366; x_wconf 85' lang='grc' dir='ltr'><strong>Θεῷ</strong></span> <span class='ocrx_word' id='word_1_347' title='bbox 3234 2294 3394 2348; x_wconf 80' lang='grc' dir='ltr'>τοῦτο</span> <span class='ocrx_word' id='word_1_348' title='bbox 3436 2297 3707 2363; x_wconf 49' lang='lat' dir='ltr'><strong>invadat);</strong></span> <span class='ocrx_word' id='word_1_349' title='bbox 3730 2298 3822 2366; x_wconf 72' lang='grc' dir='ltr'>ᾠκο-</span> 
     </span>
    </p>
   </div>
   <div class='ocr_carea' id='block_1_51' title="bbox 2307 2388 3822 2459">
    <p class='ocr_par' dir='ltr' id='par_1_51' title="bbox 2307 2388 3822 2459">
     <span class='ocr_line' id='line_1_51' title="bbox 2307 2388 3822 2459; baseline -0.001 -18"><span class='ocrx_word' id='word_1_350' title='bbox 2307 2390 2541 2458; x_wconf 75' lang='grc' dir='ltr'>νομεῖτο,</span> <span class='ocrx_word' id='word_1_351' title='bbox 2576 2388 2663 2442; x_wconf 77' lang='grc' dir='ltr'>ἵνα</span> <span class='ocrx_word' id='word_1_352' title='bbox 2690 2388 2783 2441; x_wconf 75' lang='grc' dir='ltr'>καὶ</span> <span class='ocrx_word' id='word_1_353' title='bbox 2818 2389 2850 2458; x_wconf 83' lang='grc' dir='ltr'>ή</span> <span class='ocrx_word' id='word_1_354' title='bbox 2876 2388 2985 2440; x_wconf 86' lang='grc' dir='ltr'><strong>τῶν</strong></span> <span class='ocrx_word' id='word_1_355' title='bbox 3019 2388 3225 2441; x_wconf 79' lang='grc' dir='ltr'>παίδων</span> <span class='ocrx_word' id='word_1_356' title='bbox 3254 2388 3431 2459; x_wconf 76' lang='grc' dir='ltr'>ἀρετὴ</span> <span class='ocrx_word' id='word_1_357' title='bbox 3460 2390 3590 2441; x_wconf 79' lang='grc' dir='ltr'>πᾶσι</span> <span class='ocrx_word' id='word_1_358' title='bbox 3614 2390 3822 2459; x_wconf 45' lang='grc' dir='ltr'>γνώριμα</span> 
     </span>
    </p>
   </div>
   <div class='ocr_carea' id='block_1_52' title="bbox 2309 2477 3821 2551">
    <p class='ocr_par' dir='ltr' id='par_1_52' title="bbox 2309 2477 3821 2551">
     <span class='ocr_line' id='line_1_52' title="bbox 2309 2477 3821 2551; baseline -0.001 -18"><span class='ocrx_word' id='word_1_359' title='bbox 2309 2483 2574 2551; x_wconf 80' lang='grc' dir='ltr'>καταστῇ,</span> <span class='ocrx_word' id='word_1_360' title='bbox 2607 2481 2701 2533; x_wconf 74' lang='grc' dir='ltr'>καὶ</span> <span class='ocrx_word' id='word_1_361' title='bbox 2734 2480 2947 2550; x_wconf 80' lang='grc' dir='ltr'>μάθωσι</span> <span class='ocrx_word' id='word_1_362' title='bbox 3004 2481 3225 2545; x_wconf 81' lang='grc' dir='ltr'>πάντες,</span> <span class='ocrx_word' id='word_1_363' title='bbox 3260 2481 3342 2532; x_wconf 81' lang='grc' dir='ltr'>ὅτι</span> <span class='ocrx_word' id='word_1_364' title='bbox 3387 2480 3526 2544; x_wconf 79' lang='grc' dir='ltr'>Θεὸς</span> <span class='ocrx_word' id='word_1_365' title='bbox 3548 2480 3727 2550; x_wconf 74' lang='grc' dir='ltr'>ἀληθὴς</span> <span class='ocrx_word' id='word_1_366' title='bbox 3755 2477 3821 2541; x_wconf 54' lang='lat' dir='ltr'><strong>e74.</strong></span> 
     </span>
    </p>
   </div>
   <div class='ocr_carea' id='block_1_53' title="bbox 2309 2571 3822 2643">
    <p class='ocr_par' dir='ltr' id='par_1_53' title="bbox 2309 2571 3822 2643">
     <span class='ocr_line' id='line_1_53' title="bbox 2309 2571 3822 2643; baseline -0.001 -19"><span class='ocrx_word' id='word_1_367' title='bbox 2309 2572 2367 2633; x_wconf 82' lang='lat'><em>6;</em></span> <span class='ocrx_word' id='word_1_368' title='bbox 2408 2572 2535 2635; x_wconf 79' lang='grc' dir='ltr'>τοὺς</span> <span class='ocrx_word' id='word_1_369' title='bbox 2570 2572 2834 2640; x_wconf 84' lang='grc' dir='ltr'>οὐρανοὺς</span> <span class='ocrx_word' id='word_1_370' title='bbox 2868 2574 3139 2625; x_wconf 80' lang='grc' dir='ltr'><strong>κατοικεῖ·</strong></span> <span class='ocrx_word' id='word_1_371' title='bbox 3175 2574 3325 2643; x_wconf 84' lang='grc' dir='ltr'>τρεῖς</span> <span class='ocrx_word' id='word_1_372' title='bbox 3364 2571 3573 2636; x_wconf 78' lang='grc' dir='ltr'>παῖδες,</span> <span class='ocrx_word' id='word_1_373' title='bbox 3611 2574 3691 2625; x_wconf 76' lang='grc' dir='ltr'>καὶ</span> <span class='ocrx_word' id='word_1_374' title='bbox 3716 2573 3822 2626; x_wconf 58' lang='grc' dir='ltr'>αὐτοὶ</span> 
     </span>
    </p>
   </div>
   <div class='ocr_carea' id='block_1_54' title="bbox 2310 2660 3824 2736">
    <p class='ocr_par' dir='ltr' id='par_1_54' title="bbox 2310 2660 3824 2736">
     <span class='ocr_line' id='line_1_54' title="bbox 2310 2660 3824 2736; baseline 0.001 -24"><span class='ocrx_word' id='word_1_375' title='bbox 2310 2660 2650 2730; x_wconf 79' lang='grc' dir='ltr'><strong>αἰχμάλωτοι</strong></span> <span class='ocrx_word' id='word_1_376' title='bbox 2676 2662 2770 2714; x_wconf 79' lang='grc' dir='ltr'>καὶ</span> <span class='ocrx_word' id='word_1_377' title='bbox 2799 2661 2898 2730; x_wconf 83' lang='grc' dir='ltr'>τὴν</span> <span class='ocrx_word' id='word_1_378' title='bbox 2920 2661 3234 2733; x_wconf 81' lang='grc' dir='ltr'><strong>ἐλευθερίαν</strong></span> <span class='ocrx_word' id='word_1_379' title='bbox 3268 2664 3616 2736; x_wconf 75' lang='grc' dir='ltr'><strong>ἀφῃρημένοι</strong></span> <span class='ocrx_word' id='word_1_380' title='bbox 3641 2664 3824 2733; x_wconf 64' lang='grc' dir='ltr'><strong>ὲπσρρτςο</strong></span> 
     </span>
    </p>
   </div>
   <div class='ocr_carea' id='block_1_55' title="bbox 2314 2753 3824 2825">
    <p class='ocr_par' dir='ltr' id='par_1_55' title="bbox 2314 2753 3824 2825">
     <span class='ocr_line' id='line_1_55' title="bbox 2314 2753 3824 2825; baseline 0.002 -20"><span class='ocrx_word' id='word_1_381' title='bbox 2314 2754 2568 2806; x_wconf 82' lang='grc' dir='ltr'>σιάσαντο</span> <span class='ocrx_word' id='word_1_382' title='bbox 2598 2753 2737 2821; x_wconf 82' lang='grc' dir='ltr'>πρὸς</span> <span class='ocrx_word' id='word_1_383' title='bbox 2765 2754 2947 2817; x_wconf 82' lang='grc' dir='ltr'>αὐτὸν,</span> <span class='ocrx_word' id='word_1_384' title='bbox 2978 2756 3073 2807; x_wconf 77' lang='grc' dir='ltr'>καὶ</span> <span class='ocrx_word' id='word_1_385' title='bbox 3109 2755 3326 2808; x_wconf 84' lang='grc' dir='ltr'>πάντων</span> <span class='ocrx_word' id='word_1_386' title='bbox 3371 2755 3556 2825; x_wconf 84' lang='grc' dir='ltr'>πολλῷ</span> <span class='ocrx_word' id='word_1_387' title='bbox 3586 2756 3679 2808; x_wconf 80' lang='grc' dir='ltr'>δέει</span> <span class='ocrx_word' id='word_1_388' title='bbox 3706 2773 3824 2825; x_wconf 73' lang='grc' dir='ltr'>προς-</span> 
     </span>
    </p>
   </div>
   <div class='ocr_carea' id='block_1_56' title="bbox 2312 2847 3825 2921">
    <p class='ocr_par' dir='ltr' id='par_1_56' title="bbox 2312 2847 3825 2921">
     <span class='ocr_line' id='line_1_56' title="bbox 2312 2847 3825 2921; baseline -0.001 -19"><span class='ocrx_word' id='word_1_389' title='bbox 2312 2847 2637 2913; x_wconf 83' lang='grc' dir='ltr'>κυνούντων,</span> <span class='ocrx_word' id='word_1_390' title='bbox 2666 2849 2761 2901; x_wconf 79' lang='grc' dir='ltr'>καὶ</span> <span class='ocrx_word' id='word_1_391' title='bbox 2795 2848 2916 2918; x_wconf 82' lang='grc' dir='ltr'>μηδ’</span> <span class='ocrx_word' id='word_1_392' title='bbox 2952 2849 3090 2912; x_wconf 79' lang='grc' dir='ltr'>ὅλως</span> <span class='ocrx_word' id='word_1_393' title='bbox 3132 2850 3181 2903; x_wconf 81' lang='grc' dir='ltr'><strong>εί</strong></span> <span class='ocrx_word' id='word_1_394' title='bbox 3230 2849 3304 2921; x_wconf 82' lang='grc' dir='ltr'><strong>μὴ</strong></span> <span class='ocrx_word' id='word_1_395' title='bbox 3335 2850 3617 2904; x_wconf 79' lang='grc' dir='ltr'>πείθεσθαι</span> <span class='ocrx_word' id='word_1_396' title='bbox 3650 2851 3825 2919; x_wconf 72' lang='grc' dir='ltr'>τολμιὲη-</span> 
     </span>
    </p>
   </div>
   <div class='ocr_carea' id='block_1_57' title="bbox 2312 2940 3823 3010">
    <p class='ocr_par' dir='ltr' id='par_1_57' title="bbox 2312 2940 3823 3010">
     <span class='ocr_line' id='line_1_57' title="bbox 2312 2940 3823 3010; baseline -0.001 -16"><span class='ocrx_word' id='word_1_397' title='bbox 2312 2958 2440 3007; x_wconf 89' lang='grc' dir='ltr'>των,</span> <span class='ocrx_word' id='word_1_398' title='bbox 2494 2942 2629 2994; x_wconf 76' lang='grc' dir='ltr'>ἀλλὰ</span> <span class='ocrx_word' id='word_1_399' title='bbox 2692 2940 2877 3010; x_wconf 81' lang='grc' dir='ltr'>σχεδὸν</span> <span class='ocrx_word' id='word_1_400' title='bbox 2934 2942 3150 3010; x_wconf 76' lang='grc' dir='ltr'>ἁφόνων</span> <span class='ocrx_word' id='word_1_401' title='bbox 3213 2943 3303 2995; x_wconf 79' lang='grc' dir='ltr'>ἴσα</span> <span class='ocrx_word' id='word_1_402' title='bbox 3351 2943 3452 2996; x_wconf 82' lang='grc' dir='ltr'>καὶ</span> <span class='ocrx_word' id='word_1_403' title='bbox 3493 2947 3608 3007; x_wconf 84' lang='grc' dir='ltr'>ταῖς</span> <span class='ocrx_word' id='word_1_404' title='bbox 3650 2944 3823 2995; x_wconf 59' lang='grc' dir='ltr'>κτίσεσι-ι</span> 
     </span>
    </p>
   </div>
   <div class='ocr_carea' id='block_1_58' title="bbox 2316 3033 3824 3103">
    <p class='ocr_par' dir='ltr' id='par_1_58' title="bbox 2316 3033 3824 3103">
     <span class='ocr_line' id='line_1_58' title="bbox 2316 3033 3824 3103; baseline -0.001 -18"><span class='ocrx_word' id='word_1_405' title='bbox 2316 3033 2643 3103; x_wconf 80' lang='grc' dir='ltr'><strong>ἑλκομένων,</strong></span> <span class='ocrx_word' id='word_1_406' title='bbox 2681 3035 2835 3086; x_wconf 75' lang='grc' dir='ltr'>αὐτοὶ</span> <span class='ocrx_word' id='word_1_407' title='bbox 2867 3034 3119 3089; x_wconf 80' lang='grc' dir='ltr'>τοσοῦτον</span> <span class='ocrx_word' id='word_1_408' title='bbox 3148 3034 3451 3103; x_wconf 73' lang='grc' dir='ltr'><strong>ἀπέχοντες</strong></span> <span class='ocrx_word' id='word_1_409' title='bbox 3496 3035 3587 3088; x_wconf 81' lang='grc' dir='ltr'>τοῦ</span> <span class='ocrx_word' id='word_1_410' title='bbox 3622 3035 3679 3086; x_wconf 79' lang='grc' dir='ltr'><strong>τὰ</strong></span> <span class='ocrx_word' id='word_1_411' title='bbox 3715 3036 3824 3102; x_wconf 60' lang='grc' dir='ltr'>ὃμοια</span> 
     </span>
    </p>
   </div>
   <div class='ocr_carea' id='block_1_59' title="bbox 623 3124 2211 3225">
    <p class='ocr_par' dir='ltr' id='par_1_59' title="bbox 623 3135 2211 3204">
     <span class='ocr_line' id='line_1_59' title="bbox 623 3135 2211 3204; baseline 0 -15"><span class='ocrx_word' id='word_1_412' title='bbox 623 3136 759 3200; x_wconf 90' lang='lat' dir='ltr'><strong>bus,</strong></span> <span class='ocrx_word' id='word_1_413' title='bbox 785 3136 863 3188; x_wconf 89' lang='lat' dir='ltr'><strong>illi</strong></span> <span class='ocrx_word' id='word_1_414' title='bbox 890 3143 1100 3189; x_wconf 90' lang='lat' dir='ltr'><strong>tantum</strong></span> <span class='ocrx_word' id='word_1_415' title='bbox 1157 3135 1454 3189; x_wconf 84' lang='lat' dir='ltr'><strong>abfuerunt</strong></span> <span class='ocrx_word' id='word_1_416' title='bbox 1489 3146 1549 3190; x_wconf 92' lang='lat' dir='ltr'><strong>ut</strong></span> <span class='ocrx_word' id='word_1_417' title='bbox 1574 3135 1775 3189; x_wconf 89' lang='lat' dir='ltr'><strong>similia</strong></span> <span class='ocrx_word' id='word_1_418' title='bbox 1803 3136 1925 3190; x_wconf 89' lang='lat' dir='ltr'><strong>aliis</strong></span> <span class='ocrx_word' id='word_1_419' title='bbox 1961 3143 2211 3204; x_wconf 82' lang='lat' dir='ltr'><strong>pateren-</strong></span> 
     </span>
    </p>
   </div>
   <div class='ocr_carea' id='block_1_60' title="bbox 2303 3124 3824 3225">
    <p class='ocr_par' dir='ltr' id='par_1_60' title="bbox 2315 3124 3824 3196">
     <span class='ocr_line' id='line_1_60' title="bbox 2315 3124 3824 3196; baseline -0.001 -19"><span class='ocrx_word' id='word_1_420' title='bbox 2315 3127 2427 3187; x_wconf 85' lang='grc' dir='ltr'>τοῖς</span> <span class='ocrx_word' id='word_1_421' title='bbox 2475 3124 2654 3188; x_wconf 70' lang='grc' dir='ltr'>ἄλλοις</span> <span class='ocrx_word' id='word_1_422' title='bbox 2696 3124 2910 3187; x_wconf 85' lang='grc' dir='ltr'><strong>παθεῖν,</strong></span> <span class='ocrx_word' id='word_1_423' title='bbox 2943 3125 3018 3189; x_wconf 87' lang='grc' dir='ltr'>ὼς</span> <span class='ocrx_word' id='word_1_424' title='bbox 3052 3126 3175 3196; x_wconf 79' lang='grc' dir='ltr'>μηδ’</span> <span class='ocrx_word' id='word_1_425' title='bbox 3203 3126 3566 3189; x_wconf 79' lang='grc' dir='ltr'>εὐσεϐοῦντας</span> <span class='ocrx_word' id='word_1_426' title='bbox 3590 3128 3824 3194; x_wconf 59' lang='grc' dir='ltr'>ἀγνοεῖσθαι</span> 
     </span>
    </p>
   </div>
   <div class='ocr_carea' id='block_1_61' title="bbox 623 3227 2213 3297">
    <p class='ocr_par' dir='ltr' id='par_1_61' title="bbox 623 3227 2213 3297">
     <span class='ocr_line' id='line_1_61' title="bbox 623 3227 2213 3297; baseline 0.001 -17"><span class='ocrx_word' id='word_1_427' title='bbox 623 3235 716 3281; x_wconf 87' lang='lat' dir='ltr'><strong>tur</strong></span> <span class='ocrx_word' id='word_1_428' title='bbox 739 3245 753 3292; x_wconf 93' lang='lat'><strong>;</strong></span> <span class='ocrx_word' id='word_1_429' title='bbox 780 3238 841 3281; x_wconf 90' lang='lat' dir='ltr'><strong>ut</strong></span> <span class='ocrx_word' id='word_1_430' title='bbox 862 3242 1041 3296; x_wconf 89' lang='lat' dir='ltr'><strong>neque</strong></span> <span class='ocrx_word' id='word_1_431' title='bbox 1082 3228 1322 3296; x_wconf 88' lang='lat' dir='ltr'><strong>ignorari</strong></span> <span class='ocrx_word' id='word_1_432' title='bbox 1344 3227 1455 3281; x_wconf 92' lang='lat' dir='ltr'><strong>sint</strong></span> <span class='ocrx_word' id='word_1_433' title='bbox 1484 3227 1629 3296; x_wconf 86' lang='lat' dir='ltr'><strong>passi</strong></span> <span class='ocrx_word' id='word_1_434' title='bbox 1664 3242 1819 3281; x_wconf 90' lang='lat' dir='ltr'><strong>suam</strong></span> <span class='ocrx_word' id='word_1_435' title='bbox 1853 3228 1920 3281; x_wconf 92' lang='lat' dir='ltr'><strong>de</strong></span> <span class='ocrx_word' id='word_1_436' title='bbox 1950 3228 2213 3297; x_wconf 83' lang='lat' dir='ltr'><strong>religione</strong></span> 
     </span>
    </p>
   </div>
   <div class='ocr_carea' id='block_1_62' title="bbox 624 3317 2215 3383">
    <p class='ocr_par' dir='ltr' id='par_1_62' title="bbox 624 3317 2215 3383">
     <span class='ocr_line' id='line_1_62' title="bbox 624 3317 2215 3383; baseline -0.001 -10"><span class='ocrx_word' id='word_1_437' title='bbox 624 3319 958 3373; x_wconf 86' lang='lat' dir='ltr'><strong>sententiam</strong></span> <span class='ocrx_word' id='word_1_438' title='bbox 986 3359 1000 3383; x_wconf 92' lang='lat'><strong>,</strong></span> <span class='ocrx_word' id='word_1_439' title='bbox 1062 3334 1166 3371; x_wconf 89' lang='lat' dir='ltr'><strong>nec</strong></span> <span class='ocrx_word' id='word_1_440' title='bbox 1209 3318 1384 3372; x_wconf 86' lang='lat' dir='ltr'><strong>latere</strong></span> <span class='ocrx_word' id='word_1_441' title='bbox 1416 3318 1805 3382; x_wconf 87' lang='lat' dir='ltr'><strong>sustinuerint,</strong></span> <span class='ocrx_word' id='word_1_442' title='bbox 1853 3317 1947 3371; x_wconf 81' lang='lat' dir='ltr'><strong>sed</strong></span> <span class='ocrx_word' id='word_1_443' title='bbox 1998 3317 2215 3372; x_wconf 85' lang='lat' dir='ltr'><strong>cunctis</strong></span> 
     </span>
    </p>
   </div>
   <div class='ocr_carea' id='block_1_63' title="bbox 626 3410 2213 3473">
    <p class='ocr_par' dir='ltr' id='par_1_63' title="bbox 626 3410 2213 3473">
     <span class='ocr_line' id='line_1_63' title="bbox 626 3410 2213 3473; baseline -0.002 -7"><span class='ocrx_word' id='word_1_444' title='bbox 626 3412 980 3466; x_wconf 84' lang='lat' dir='ltr'><strong>audientibus</strong></span> <span class='ocrx_word' id='word_1_445' title='bbox 1040 3412 1320 3466; x_wconf 82' lang='lat' dir='ltr'><strong>dixerint:</strong></span> <span class='ocrx_word' id='word_1_446' title='bbox 1370 3411 1503 3464; x_wconf 81' lang='lat' dir='ltr'><strong>Deos</strong></span> <span class='ocrx_word' id='word_1_447' title='bbox 1564 3420 1679 3465; x_wconf 84' lang='lat' dir='ltr'><strong>tuos</strong></span> <span class='ocrx_word' id='word_1_448' title='bbox 1748 3427 1853 3463; x_wconf 83' lang='lat' dir='ltr'><strong>non</strong></span> <span class='ocrx_word' id='word_1_449' title='bbox 1893 3410 2135 3473; x_wconf 79' lang='lat' dir='ltr'><strong>colimus,</strong></span> <span class='ocrx_word' id='word_1_450' title='bbox 2164 3418 2213 3463; x_wconf 85' lang='lat' dir='ltr'><strong>et</strong></span> 
     </span>
    </p>
   </div>
   <div class='ocr_carea' id='block_1_64' title="bbox 620 3503 2211 3573">
    <p class='ocr_par' dir='ltr' id='par_1_64' title="bbox 620 3503 2211 3573">
     <span class='ocr_line' id='line_1_64' title="bbox 620 3503 2211 3573; baseline -0.001 -15"><span class='ocrx_word' id='word_1_451' title='bbox 620 3513 862 3559; x_wconf 77' lang='lat' dir='ltr'><strong>statuam</strong></span> <span class='ocrx_word' id='word_1_452' title='bbox 890 3520 1133 3569; x_wconf 86' lang='lat' dir='ltr'><strong>auream,</strong></span> <span class='ocrx_word' id='word_1_453' title='bbox 1177 3521 1339 3573; x_wconf 80' lang='lat' dir='ltr'><strong>quant</strong></span> <span class='ocrx_word' id='word_1_454' title='bbox 1386 3504 1614 3569; x_wconf 71' lang='lat' dir='ltr'><strong>erexisti,</strong></span> <span class='ocrx_word' id='word_1_455' title='bbox 1670 3520 1774 3557; x_wconf 86' lang='lat' dir='ltr'><strong>non</strong></span> <span class='ocrx_word' id='word_1_456' title='bbox 1817 3503 2104 3556; x_wconf 80' lang='lat' dir='ltr'><strong>adoramus</strong></span> <span class='ocrx_word' id='word_1_457' title='bbox 2144 3504 2211 3557; x_wconf 82' lang='grc'><strong>²¹.</strong></span> 
     </span>
    </p>
   </div>
   <div class='ocr_carea' id='block_1_65' title="bbox 627 3596 2214 3667">
    <p class='ocr_par' dir='ltr' id='par_1_65' title="bbox 627 3596 2214 3667">
     <span class='ocr_line' id='line_1_65' title="bbox 627 3596 2214 3667; baseline -0.001 -15"><span class='ocrx_word' id='word_1_458' title='bbox 627 3596 777 3664; x_wconf 85' lang='lat' dir='ltr'><strong>Quos</strong></span> <span class='ocrx_word' id='word_1_459' title='bbox 805 3613 929 3651; x_wconf 85' lang='lat' dir='ltr'><strong>cum</strong></span> <span class='ocrx_word' id='word_1_460' title='bbox 959 3598 1011 3650; x_wconf 91' lang='lat' dir='ltr'><strong>in</strong></span> <span class='ocrx_word' id='word_1_461' title='bbox 1041 3612 1258 3667; x_wconf 89' lang='lat' dir='ltr'><strong>poenam</strong></span> <span class='ocrx_word' id='word_1_462' title='bbox 1295 3597 1555 3651; x_wconf 82' lang='lat' dir='ltr'><strong>terribilis</strong></span> <span class='ocrx_word' id='word_1_463' title='bbox 1612 3596 1701 3651; x_wconf 88' lang='lat' dir='ltr'><strong>illa</strong></span> <span class='ocrx_word' id='word_1_464' title='bbox 1742 3596 1938 3650; x_wconf 82' lang='lat' dir='ltr'><strong>fornax</strong></span> <span class='ocrx_word' id='word_1_465' title='bbox 1961 3596 2214 3666; x_wconf 83' lang='lat' dir='ltr'><strong>excepis-</strong></span> 
     </span>
    </p>
   </div>
   <div class='ocr_carea' id='block_1_66' title="bbox 626 3687 2217 3757">
    <p class='ocr_par' dir='ltr' id='par_1_66' title="bbox 626 3687 2217 3757">
     <span class='ocr_line' id='line_1_66' title="bbox 626 3687 2217 3757; baseline -0.002 -13"><span class='ocrx_word' id='word_1_466' title='bbox 626 3700 732 3755; x_wconf 86' lang='lat' dir='ltr'><strong>set,</strong></span> <span class='ocrx_word' id='word_1_467' title='bbox 765 3705 873 3743; x_wconf 90' lang='lat' dir='ltr'><strong>non</strong></span> <span class='ocrx_word' id='word_1_468' title='bbox 905 3703 1036 3743; x_wconf 87' lang='lat' dir='ltr'><strong>sane</strong></span> <span class='ocrx_word' id='word_1_469' title='bbox 1064 3688 1175 3742; x_wconf 90' lang='lat' dir='ltr'><strong>vim</strong></span> <span class='ocrx_word' id='word_1_470' title='bbox 1214 3703 1368 3743; x_wconf 89' lang='lat' dir='ltr'><strong>suam</strong></span> <span class='ocrx_word' id='word_1_471' title='bbox 1412 3688 1676 3753; x_wconf 85' lang='lat' dir='ltr'><strong>exseruit,</strong></span> <span class='ocrx_word' id='word_1_472' title='bbox 1717 3704 1781 3742; x_wconf 91' lang='lat' dir='ltr'><strong>ac</strong></span> <span class='ocrx_word' id='word_1_473' title='bbox 1807 3687 1963 3757; x_wconf 87' lang='lat' dir='ltr'><strong>quasi</strong></span> <span class='ocrx_word' id='word_1_474' title='bbox 1995 3697 2051 3743; x_wconf 91' lang='lat' dir='ltr'><strong>et</strong></span> <span class='ocrx_word' id='word_1_475' title='bbox 2099 3687 2217 3756; x_wconf 89' lang='lat' dir='ltr'><strong>ipsa</strong></span> 
     </span>
    </p>
   </div>
   <div class='ocr_carea' id='block_1_67' title="bbox 628 3781 2217 3852">
    <p class='ocr_par' dir='ltr' id='par_1_67' title="bbox 628 3781 2217 3852">
     <span class='ocr_line' id='line_1_67' title="bbox 628 3781 2217 3852; baseline -0.001 -18"><span class='ocrx_word' id='word_1_476' title='bbox 628 3786 888 3838; x_wconf 87' lang='lat' dir='ltr'><strong>venerata</strong></span> <span class='ocrx_word' id='word_1_477' title='bbox 926 3782 1075 3852; x_wconf 91' lang='lat' dir='ltr'><strong>ipsos</strong></span> <span class='ocrx_word' id='word_1_478' title='bbox 1103 3790 1266 3847; x_wconf 88' lang='lat' dir='ltr'><strong>esset,</strong></span> <span class='ocrx_word' id='word_1_479' title='bbox 1309 3799 1340 3835; x_wconf 85' lang='lat' dir='ltr'><strong>a</strong></span> <span class='ocrx_word' id='word_1_480' title='bbox 1364 3781 1522 3835; x_wconf 93' lang='lat' dir='ltr'><strong>malis</strong></span> <span class='ocrx_word' id='word_1_481' title='bbox 1550 3797 1647 3836; x_wconf 90' lang='lat' dir='ltr'><strong>eos</strong></span> <span class='ocrx_word' id='word_1_482' title='bbox 1682 3781 1958 3836; x_wconf 91' lang='lat' dir='ltr'><strong>immunes</strong></span> <span class='ocrx_word' id='word_1_483' title='bbox 1987 3795 2217 3836; x_wconf 83' lang='lat' dir='ltr'><strong>conser-</strong></span> 
     </span>
    </p>
   </div>
   <div class='ocr_carea' id='block_1_68' title="bbox 629 3872 2217 3944">
    <p class='ocr_par' dir='ltr' id='par_1_68' title="bbox 629 3872 2217 3944">
     <span class='ocr_line' id='line_1_68' title="bbox 629 3872 2217 3944; baseline -0.001 -16"><span class='ocrx_word' id='word_1_484' title='bbox 629 3878 813 3928; x_wconf 84' lang='lat' dir='ltr'><strong>vavit:</strong></span> <span class='ocrx_word' id='word_1_485' title='bbox 854 3874 1128 3928; x_wconf 90' lang='lat' dir='ltr'><strong>universis</strong></span> <span class='ocrx_word' id='word_1_486' title='bbox 1158 3888 1223 3927; x_wconf 90' lang='lat' dir='ltr'><strong>ac</strong></span> <span class='ocrx_word' id='word_1_487' title='bbox 1287 3888 1413 3943; x_wconf 86' lang='lat' dir='ltr'><strong>rege</strong></span> <span class='ocrx_word' id='word_1_488' title='bbox 1468 3872 1586 3942; x_wconf 91' lang='lat' dir='ltr'><strong>ipso</strong></span> <span class='ocrx_word' id='word_1_489' title='bbox 1636 3873 1807 3927; x_wconf 88' lang='lat' dir='ltr'><strong>Deum</strong></span> <span class='ocrx_word' id='word_1_490' title='bbox 1855 3874 1968 3944; x_wconf 90' lang='lat' dir='ltr'><strong>jam</strong></span> <span class='ocrx_word' id='word_1_491' title='bbox 2017 3887 2217 3928; x_wconf 90' lang='lat' dir='ltr'><strong>verum</strong></span> 
     </span>
    </p>
   </div>
   <div class='ocr_carea' id='block_1_69' title="bbox 626 3966 2221 4037">
    <p class='ocr_par' dir='ltr' id='par_1_69' title="bbox 626 3966 2221 4037">
     <span class='ocr_line' id='line_1_69' title="bbox 626 3966 2221 4037; baseline -0.001 -17"><span class='ocrx_word' id='word_1_492' title='bbox 626 3967 1075 4037; x_wconf 84' lang='lat' dir='ltr'><strong>agnoscentibus.</strong></span> <span class='ocrx_word' id='word_1_493' title='bbox 1112 3967 1221 4021; x_wconf 81' lang='lat' dir='ltr'><strong>llos</strong></span> <span class='ocrx_word' id='word_1_494' title='bbox 1244 3966 1501 4036; x_wconf 88' lang='lat' dir='ltr'><strong>equidem</strong></span> <span class='ocrx_word' id='word_1_495' title='bbox 1536 3982 1644 4021; x_wconf 90' lang='lat' dir='ltr'><strong>non</strong></span> <span class='ocrx_word' id='word_1_496' title='bbox 1687 3966 1859 4037; x_wconf 83' lang='lat' dir='ltr'><strong>magis</strong></span> <span class='ocrx_word' id='word_1_497' title='bbox 1909 3974 2087 4021; x_wconf 89' lang='lat' dir='ltr'><strong>terras</strong></span> <span class='ocrx_word' id='word_1_498' title='bbox 2134 3966 2221 4020; x_wconf 79' lang='lat' dir='ltr'><strong>in-</strong></span> 
     </span>
    </p>
   </div>
   <div class='ocr_carea' id='block_1_70' title="bbox 628 4058 2216 4129">
    <p class='ocr_par' dir='ltr' id='par_1_70' title="bbox 628 4058 2216 4129">
     <span class='ocr_line' id='line_1_70' title="bbox 628 4058 2216 4129; baseline -0.003 -14"><span class='ocrx_word' id='word_1_499' title='bbox 628 4060 954 4123; x_wconf 88' lang='lat' dir='ltr'><strong>colentium,</strong></span> <span class='ocrx_word' id='word_1_500' title='bbox 981 4074 1146 4129; x_wconf 89' lang='lat' dir='ltr'><strong>quam</strong></span> <span class='ocrx_word' id='word_1_501' title='bbox 1188 4060 1242 4113; x_wconf 94' lang='lat' dir='ltr'><strong>in</strong></span> <span class='ocrx_word' id='word_1_502' title='bbox 1275 4059 1430 4114; x_wconf 81' lang='lat' dir='ltr'><strong>caelis</strong></span> <span class='ocrx_word' id='word_1_503' title='bbox 1477 4059 1793 4129; x_wconf 85' lang='lat' dir='ltr'><strong>degentium</strong></span> <span class='ocrx_word' id='word_1_504' title='bbox 1828 4058 1982 4112; x_wconf 87' lang='lat' dir='ltr'><strong>chori</strong></span> <span class='ocrx_word' id='word_1_505' title='bbox 2018 4058 2216 4128; x_wconf 89' lang='lat' dir='ltr'><strong>plausu</strong></span> 
     </span>
    </p>
   </div>
   <div class='ocr_carea' id='block_1_71' title="bbox 634 4150 2216 4206">
    <p class='ocr_par' dir='ltr' id='par_1_71' title="bbox 634 4150 2216 4206">
     <span class='ocr_line' id='line_1_71' title="bbox 634 4150 2216 4206; baseline 0 -1"><span class='ocrx_word' id='word_1_506' title='bbox 634 4152 1006 4206; x_wconf 80' lang='lat' dir='ltr'><strong>celebrarunt.</strong></span> <span class='ocrx_word' id='word_1_507' title='bbox 1084 4151 1219 4205; x_wconf 90' lang='lat' dir='ltr'><strong>Nam</strong></span> <span class='ocrx_word' id='word_1_508' title='bbox 1303 4151 1526 4206; x_wconf 89' lang='lat' dir='ltr'><strong>heroica</strong></span> <span class='ocrx_word' id='word_1_509' title='bbox 1587 4150 1834 4206; x_wconf 84' lang='lat' dir='ltr'><strong>facinora</strong></span> <span class='ocrx_word' id='word_1_510' title='bbox 1896 4160 2216 4205; x_wconf 84' lang='lat' dir='ltr'><strong>sanctorum</strong></span> 
     </span>
    </p>
   </div>
   <div class='ocr_carea' id='block_1_72' title="bbox 632 4242 2219 4312">
    <p class='ocr_par' dir='ltr' id='par_1_72' title="bbox 632 4242 2219 4312">
     <span class='ocr_line' id='line_1_72' title="bbox 632 4242 2219 4312; baseline 0.001 -17"><span class='ocrx_word' id='word_1_511' title='bbox 632 4242 1057 4311; x_wconf 87' lang='lat' dir='ltr'><strong>haudquaquam</strong></span> <span class='ocrx_word' id='word_1_512' title='bbox 1086 4257 1207 4297; x_wconf 80' lang='lat' dir='ltr'><strong>esse</strong></span> <span class='ocrx_word' id='word_1_513' title='bbox 1229 4242 1414 4312; x_wconf 83' lang='lat' dir='ltr'><strong>ignota</strong></span> <span class='ocrx_word' id='word_1_514' title='bbox 1439 4242 1564 4296; x_wconf 68' lang='grc' dir='ltr'><strong>θα)ιὶ</strong></span> <span class='ocrx_word' id='word_1_515' title='bbox 1592 4242 1813 4310; x_wconf 88' lang='lat' dir='ltr'><strong>incolis,</strong></span> <span class='ocrx_word' id='word_1_516' title='bbox 1850 4242 1948 4297; x_wconf 87' lang='lat' dir='ltr'><strong>sed</strong></span> <span class='ocrx_word' id='word_1_517' title='bbox 1983 4242 2083 4297; x_wconf 90' lang='lat' dir='ltr'><strong>hos</strong></span> <span class='ocrx_word' id='word_1_518' title='bbox 2111 4242 2219 4297; x_wconf 88' lang='lat' dir='ltr'><strong>illis</strong></span> 
     </span>
    </p>
   </div>
   <div class='ocr_carea' id='block_1_73' title="bbox 632 4331 2217 4401">
    <p class='ocr_par' dir='ltr' id='par_1_73' title="bbox 632 4331 2217 4401">
     <span class='ocr_line' id='line_1_73' title="bbox 632 4331 2217 4401; baseline -0.001 -14"><span class='ocrx_word' id='word_1_519' title='bbox 632 4347 865 4387; x_wconf 88' lang='lat' dir='ltr'><strong>accursu</strong></span> <span class='ocrx_word' id='word_1_520' title='bbox 905 4342 963 4386; x_wconf 90' lang='lat' dir='ltr'><strong>et</strong></span> <span class='ocrx_word' id='word_1_521' title='bbox 993 4339 1162 4385; x_wconf 89' lang='lat' dir='ltr'><strong>testes</strong></span> <span class='ocrx_word' id='word_1_522' title='bbox 1186 4331 1400 4396; x_wconf 89' lang='lat' dir='ltr'><strong>adesse,</strong></span> <span class='ocrx_word' id='word_1_523' title='bbox 1424 4331 1646 4386; x_wconf 89' lang='lat' dir='ltr'><strong>divinus</strong></span> <span class='ocrx_word' id='word_1_524' title='bbox 1681 4332 1863 4385; x_wconf 90' lang='lat' dir='ltr'><strong>innuit</strong></span> <span class='ocrx_word' id='word_1_525' title='bbox 1896 4331 2217 4401; x_wconf 86' lang='lat' dir='ltr'><strong>Apostolus,</strong></span> 
     </span>
    </p>
   </div>
   <div class='ocr_carea' id='block_1_74' title="bbox 634 4420 2221 4494">
    <p class='ocr_par' dir='ltr' id='par_1_74' title="bbox 634 4420 2221 4494">
     <span class='ocr_line' id='line_1_74' title="bbox 634 4420 2221 4494; baseline 0 -18"><span class='ocrx_word' id='word_1_526' title='bbox 634 4423 765 4477; x_wconf 88' lang='lat' dir='ltr'><strong>dum</strong></span> <span class='ocrx_word' id='word_1_527' title='bbox 793 4424 901 4476; x_wconf 87' lang='lat' dir='ltr'><strong>ait:</strong></span> <span class='ocrx_word' id='word_1_528' title='bbox 930 4420 1301 4491; x_wconf 80' lang='lat' dir='ltr'><strong>Spectaculum</strong></span> <span class='ocrx_word' id='word_1_529' title='bbox 1328 4422 1455 4491; x_wconf 76' lang='lat' dir='ltr'><strong>{acti</strong></span> <span class='ocrx_word' id='word_1_530' title='bbox 1482 4439 1663 4477; x_wconf 76' lang='lat' dir='ltr'><strong>sumus</strong></span> <span class='ocrx_word' id='word_1_531' title='bbox 1689 4423 1892 4494; x_wconf 81' lang='lat' dir='ltr'><strong>angelis</strong></span> <span class='ocrx_word' id='word_1_532' title='bbox 1916 4432 1964 4477; x_wconf 86' lang='lat' dir='ltr'><strong>et</strong></span> <span class='ocrx_word' id='word_1_533' title='bbox 1988 4423 2221 4477; x_wconf 74' lang='lat' dir='ltr'><strong>homini-</strong></span> 
     </span>
    </p>
   </div>
   <div class='ocr_carea' id='block_1_75' title="bbox 2319 3216 3824 3289">
    <p class='ocr_par' dir='ltr' id='par_1_75' title="bbox 2319 3216 3824 3289">
     <span class='ocr_line' id='line_1_75' title="bbox 2319 3216 3824 3289; baseline 0.002 -21"><span class='ocrx_word' id='word_1_534' title='bbox 2319 3216 2623 3286; x_wconf 82' lang='grc' dir='ltr'>βούλεσθαι,</span> <span class='ocrx_word' id='word_1_535' title='bbox 2681 3218 2803 3286; x_wconf 81' lang='grc' dir='ltr'><strong>μηδ’</strong></span> <span class='ocrx_word' id='word_1_536' title='bbox 2852 3217 3143 3289; x_wconf 83' lang='grc' dir='ltr'>ὑπομένειν</span> <span class='ocrx_word' id='word_1_537' title='bbox 3190 3216 3396 3283; x_wconf 80' lang='grc' dir='ltr'>λαϐεῖν,</span> <span class='ocrx_word' id='word_1_538' title='bbox 3454 3218 3567 3272; x_wconf 82' lang='grc' dir='ltr'>ἀλλ’</span> <span class='ocrx_word' id='word_1_539' title='bbox 3604 3222 3673 3281; x_wconf 83' lang='grc' dir='ltr'><strong>είς</strong></span> <span class='ocrx_word' id='word_1_540' title='bbox 3711 3218 3824 3287; x_wconf 68' lang='grc' dir='ltr'>ἀκοὴν</span> 
     </span>
    </p>
   </div>
   <div class='ocr_carea' id='block_1_76' title="bbox 2318 3307 3823 3378">
    <p class='ocr_par' dir='ltr' id='par_1_76' title="bbox 2318 3307 3823 3378">
     <span class='ocr_line' id='line_1_76' title="bbox 2318 3307 3823 3378; baseline 0.001 -18"><span class='ocrx_word' id='word_1_541' title='bbox 2318 3308 2539 3360; x_wconf 83' lang='grc' dir='ltr'>πάντων</span> <span class='ocrx_word' id='word_1_542' title='bbox 2595 3307 2807 3377; x_wconf 76' lang='grc' dir='ltr'>λέγειν’</span> <span class='ocrx_word' id='word_1_543' title='bbox 2845 3308 2993 3375; x_wconf 84' lang='grc' dir='ltr'><strong>Τοὺς</strong></span> <span class='ocrx_word' id='word_1_544' title='bbox 3032 3310 3207 3376; x_wconf 79' lang='grc' dir='ltr'>θεούς</span> <span class='ocrx_word' id='word_1_545' title='bbox 3253 3326 3370 3364; x_wconf 85' lang='grc' dir='ltr'><strong>σου</strong></span> <span class='ocrx_word' id='word_1_546' title='bbox 3414 3313 3489 3364; x_wconf 85' lang='grc' dir='ltr'><strong>οὐ</strong></span> <span class='ocrx_word' id='word_1_547' title='bbox 3515 3311 3823 3378; x_wconf 75' lang='grc' dir='ltr'>λατρεύομεν,</span> 
     </span>
    </p>
   </div>
   <div class='ocr_carea' id='block_1_77' title="bbox 2316 3399 3825 3472">
    <p class='ocr_par' dir='ltr' id='par_1_77' title="bbox 2316 3399 3825 3472">
     <span class='ocr_line' id='line_1_77' title="bbox 2316 3399 3825 3472; baseline 0 -19"><span class='ocrx_word' id='word_1_548' title='bbox 2316 3400 2416 3454; x_wconf 80' lang='grc' dir='ltr'><strong>καί</strong></span> <span class='ocrx_word' id='word_1_549' title='bbox 2450 3399 2526 3469; x_wconf 77' lang='grc' dir='ltr'>τῇ</span> <span class='ocrx_word' id='word_1_550' title='bbox 2549 3404 2735 3456; x_wconf 80' lang='grc' dir='ltr'>εικόνι</span> <span class='ocrx_word' id='word_1_551' title='bbox 2759 3400 2833 3471; x_wconf 79' lang='grc' dir='ltr'>τῇ</span> <span class='ocrx_word' id='word_1_552' title='bbox 2862 3401 3084 3471; x_wconf 76' lang='grc' dir='ltr'>χρυσῇ,</span> <span class='ocrx_word' id='word_1_553' title='bbox 3111 3401 3193 3470; x_wconf 79' lang='grc' dir='ltr'><strong>ῆν</strong></span> <span class='ocrx_word' id='word_1_554' title='bbox 3222 3402 3512 3472; x_wconf 72' lang='grc' dir='ltr'>ἕστηκας,</span> <span class='ocrx_word' id='word_1_555' title='bbox 3545 3407 3611 3457; x_wconf 82' lang='grc' dir='ltr'>οὺ</span> <span class='ocrx_word' id='word_1_556' title='bbox 3632 3419 3825 3470; x_wconf 68' lang='grc' dir='ltr'>προσιυς</span> 
     </span>
    </p>
   </div>
   <div class='ocr_carea' id='block_1_78' title="bbox 2317 3491 3826 3565">
    <p class='ocr_par' dir='ltr' id='par_1_78' title="bbox 2317 3491 3826 3565">
     <span class='ocr_line' id='line_1_78' title="bbox 2317 3491 3826 3565; baseline -0.003 -18"><span class='ocrx_word' id='word_1_557' title='bbox 2317 3491 2572 3562; x_wconf 81' lang='grc' dir='ltr'>νοῦμεν·</span> <span class='ocrx_word' id='word_1_558' title='bbox 2608 3493 2830 3558; x_wconf 81' lang='grc' dir='ltr'>τούτους</span> <span class='ocrx_word' id='word_1_559' title='bbox 2868 3496 2948 3557; x_wconf 87' lang='grc' dir='ltr'><strong>εἰς</strong></span> <span class='ocrx_word' id='word_1_560' title='bbox 2989 3494 3261 3565; x_wconf 83' lang='grc' dir='ltr'>τιμωρίας</span> <span class='ocrx_word' id='word_1_561' title='bbox 3300 3495 3465 3562; x_wconf 89' lang='grc' dir='ltr'>λόγον</span> <span class='ocrx_word' id='word_1_562' title='bbox 3508 3496 3597 3547; x_wconf 76' lang='grc' dir='ltr'><strong>καὶ</strong></span> <span class='ocrx_word' id='word_1_563' title='bbox 3630 3494 3826 3564; x_wconf 60' lang='grc' dir='ltr'>ἡσίιὸξῴ</span> 
     </span>
    </p>
   </div>
   <div class='ocr_carea' id='block_1_79' title="bbox 2318 3584 3826 3659">
    <p class='ocr_par' dir='ltr' id='par_1_79' title="bbox 2318 3584 3826 3659">
     <span class='ocr_line' id='line_1_79' title="bbox 2318 3584 3826 3659; baseline -0.001 -20"><span class='ocrx_word' id='word_1_564' title='bbox 2318 3585 2503 3656; x_wconf 74' lang='grc' dir='ltr'>ἐκείνη</span> <span class='ocrx_word' id='word_1_565' title='bbox 2555 3585 2945 3658; x_wconf 79' lang='grc' dir='ltr'>παραλαϐοῦσα</span> <span class='ocrx_word' id='word_1_566' title='bbox 2993 3589 3225 3658; x_wconf 78' lang='grc' dir='ltr'>κάμινος</span> <span class='ocrx_word' id='word_1_567' title='bbox 3260 3584 3350 3659; x_wconf 84' lang='grc' dir='ltr'>ἦν,</span> <span class='ocrx_word' id='word_1_568' title='bbox 3405 3588 3531 3641; x_wconf 82' lang='grc' dir='ltr'>οὐδὲ</span> <span class='ocrx_word' id='word_1_569' title='bbox 3563 3590 3654 3657; x_wconf 74' lang='grc' dir='ltr'>τὴν</span> <span class='ocrx_word' id='word_1_570' title='bbox 3689 3587 3826 3650; x_wconf 70' lang='grc' dir='ltr'>ἑαυτῆς</span> 
     </span>
    </p>
   </div>
   <div class='ocr_carea' id='block_1_80' title="bbox 2319 3678 3826 3751">
    <p class='ocr_par' dir='ltr' id='par_1_80' title="bbox 2319 3678 3826 3751">
     <span class='ocr_line' id='line_1_80' title="bbox 2319 3678 3826 3751; baseline -0.002 -21"><span class='ocrx_word' id='word_1_571' title='bbox 2319 3679 2603 3748; x_wconf 75' lang='grc' dir='ltr'>ἐνέργειαν</span> <span class='ocrx_word' id='word_1_572' title='bbox 2629 3678 2969 3747; x_wconf 83' lang='grc' dir='ltr'>ὐπεδείξατο,</span> <span class='ocrx_word' id='word_1_573' title='bbox 3009 3680 3199 3751; x_wconf 85' lang='grc' dir='ltr'>ῶσπερ</span> <span class='ocrx_word' id='word_1_574' title='bbox 3222 3680 3277 3732; x_wconf 77' lang='grc' dir='ltr'><strong>δὲ</strong></span> <span class='ocrx_word' id='word_1_575' title='bbox 3318 3681 3417 3732; x_wconf 84' lang='grc' dir='ltr'>καὶ</span> <span class='ocrx_word' id='word_1_576' title='bbox 3449 3680 3583 3750; x_wconf 79' lang='grc' dir='ltr'>αὐτὴ</span> <span class='ocrx_word' id='word_1_577' title='bbox 3614 3678 3826 3744; x_wconf 57' lang='grc' dir='ltr'>διευλαϐε-</span> 
     </span>
    </p>
   </div>
   <div class='ocr_carea' id='block_1_81' title="bbox 2322 3771 3825 3842">
    <p class='ocr_par' dir='ltr' id='par_1_81' title="bbox 2322 3771 3825 3842">
     <span class='ocr_line' id='line_1_81' title="bbox 2322 3771 3825 3842; baseline 0.005 -19"><span class='ocrx_word' id='word_1_578' title='bbox 2322 3771 2474 3824; x_wconf 83' lang='grc' dir='ltr'>θεῖσα</span> <span class='ocrx_word' id='word_1_579' title='bbox 2500 3772 2743 3839; x_wconf 80' lang='grc' dir='ltr'>τούτους,</span> <span class='ocrx_word' id='word_1_580' title='bbox 2774 3774 3005 3837; x_wconf 81' lang='grc' dir='ltr'><strong>ἀπαθεῖς</strong></span> <span class='ocrx_word' id='word_1_581' title='bbox 3029 3775 3217 3827; x_wconf 80' lang='grc' dir='ltr'>κακῶν</span> <span class='ocrx_word' id='word_1_582' title='bbox 3248 3774 3561 3842; x_wconf 66' lang='grc' dir='ltr'>διεφύλαξε,</span> <span class='ocrx_word' id='word_1_583' title='bbox 3586 3773 3667 3826; x_wconf 74' lang='lat' dir='ltr'><strong>x11</strong></span> <span class='ocrx_word' id='word_1_584' title='bbox 3688 3774 3825 3831; x_wconf 62' lang='grc' dir='ltr'>πὲιτες</span> 
     </span>
    </p>
   </div>
   <div class='ocr_carea' id='block_1_82' title="bbox 2321 3864 3827 3939">
    <p class='ocr_par' dir='ltr' id='par_1_82' title="bbox 2321 3864 3827 3939">
     <span class='ocr_line' id='line_1_82' title="bbox 2321 3864 3827 3939; baseline -0.003 -21"><span class='ocrx_word' id='word_1_585' title='bbox 2321 3864 2417 3918; x_wconf 78' lang='grc' dir='ltr'>καὶ</span> <span class='ocrx_word' id='word_1_586' title='bbox 2455 3864 2709 3936; x_wconf 82' lang='grc' dir='ltr'>βασιλεὺς</span> <span class='ocrx_word' id='word_1_587' title='bbox 2760 3867 2923 3931; x_wconf 82' lang='grc' dir='ltr'>αὐτὸς</span> <span class='ocrx_word' id='word_1_588' title='bbox 2968 3870 3061 3921; x_wconf 85' lang='grc' dir='ltr'>τὸν</span> <span class='ocrx_word' id='word_1_589' title='bbox 3092 3868 3268 3939; x_wconf 79' lang='grc' dir='ltr'><strong>ἀληθῆ</strong></span> <span class='ocrx_word' id='word_1_590' title='bbox 3298 3868 3365 3922; x_wconf 87' lang='grc' dir='ltr'>δι’</span> <span class='ocrx_word' id='word_1_591' title='bbox 3398 3869 3618 3921; x_wconf 75' lang='grc' dir='ltr'>ἐκείνων</span> <span class='ocrx_word' id='word_1_592' title='bbox 3642 3866 3827 3918; x_wconf 73' lang='grc' dir='ltr'>Θεὺνέπ-</span> 
     </span>
    </p>
   </div>
   <div class='ocr_carea' id='block_1_83' title="bbox 2321 3957 3826 4031">
    <p class='ocr_par' dir='ltr' id='par_1_83' title="bbox 2321 3957 3826 4031">
     <span class='ocr_line' id='line_1_83' title="bbox 2321 3957 3826 4031; baseline -0.001 -23"><span class='ocrx_word' id='word_1_593' title='bbox 2321 3957 2585 4024; x_wconf 87' lang='grc' dir='ltr'>έγνωσαν.</span> <span class='ocrx_word' id='word_1_594' title='bbox 2630 3959 2901 4023; x_wconf 84' lang='grc' dir='ltr'>Ἐκείνους</span> <span class='ocrx_word' id='word_1_595' title='bbox 2935 3960 3031 4031; x_wconf 88' lang='grc' dir='ltr'><strong>οὐχ</strong></span> <span class='ocrx_word' id='word_1_596' title='bbox 3068 3962 3116 4012; x_wconf 85' lang='grc' dir='ltr'><strong>οί</strong></span> <span class='ocrx_word' id='word_1_597' title='bbox 3154 3962 3213 4013; x_wconf 76' lang='grc' dir='ltr'>ἐν</span> <span class='ocrx_word' id='word_1_598' title='bbox 3240 3963 3311 4031; x_wconf 78' lang='grc' dir='ltr'><strong>γῇ</strong></span> <span class='ocrx_word' id='word_1_599' title='bbox 3346 3962 3533 4031; x_wconf 73' lang='grc' dir='ltr'>μόνον,</span> <span class='ocrx_word' id='word_1_600' title='bbox 3562 3959 3681 4013; x_wconf 77' lang='grc' dir='ltr'><strong>ἀλλὰ</strong></span> <span class='ocrx_word' id='word_1_601' title='bbox 3706 3957 3826 4010; x_wconf 65' lang='grc' dir='ltr'>καὶέν</span> 
     </span>
    </p>
   </div>
   <div class='ocr_carea' id='block_1_84' title="bbox 2319 4046 3826 4122">
    <p class='ocr_par' dir='ltr' id='par_1_84' title="bbox 2319 4046 3826 4122">
     <span class='ocr_line' id='line_1_84' title="bbox 2319 4046 3826 4122; baseline -0.002 -21"><span class='ocrx_word' id='word_1_602' title='bbox 2319 4048 2568 4116; x_wconf 81' lang='grc' dir='ltr'>οὐρανοῖς</span> <span class='ocrx_word' id='word_1_603' title='bbox 2606 4051 2756 4120; x_wconf 76' lang='grc' dir='ltr'>χοροὶ</span> <span class='ocrx_word' id='word_1_604' title='bbox 2794 4050 3253 4120; x_wconf 82' lang='grc' dir='ltr'>κατεπλάγησαν·</span> <span class='ocrx_word' id='word_1_605' title='bbox 3290 4051 3385 4104; x_wconf 76' lang='grc' dir='ltr'>καὶ</span> <span class='ocrx_word' id='word_1_606' title='bbox 3428 4052 3540 4122; x_wconf 78' lang='grc' dir='ltr'>γὰρ</span> <span class='ocrx_word' id='word_1_607' title='bbox 3571 4052 3642 4113; x_wconf 82' lang='grc' dir='ltr'><strong>είς</strong></span> <span class='ocrx_word' id='word_1_608' title='bbox 3662 4050 3737 4110; x_wconf 74' lang='grc' dir='ltr'>τὰς</span> <span class='ocrx_word' id='word_1_609' title='bbox 3756 4046 3826 4098; x_wconf 66' lang='grc' dir='ltr'><strong>τῶν</strong></span> 
     </span>
    </p>
   </div>
   <div class='ocr_carea' id='block_1_85' title="bbox 2322 4145 3823 4219">
    <p class='ocr_par' dir='ltr' id='par_1_85' title="bbox 2322 4145 3823 4219">
     <span class='ocr_line' id='line_1_85' title="bbox 2322 4145 3823 4219; baseline -0.003 -22"><span class='ocrx_word' id='word_1_610' title='bbox 2322 4145 2493 4213; x_wconf 79' lang='grc' dir='ltr'>ἁγίων</span> <span class='ocrx_word' id='word_1_611' title='bbox 2533 4145 2929 4216; x_wconf 80' lang='grc' dir='ltr'>ἀνδραγαθείας</span> <span class='ocrx_word' id='word_1_612' title='bbox 2966 4146 3086 4200; x_wconf 85' lang='grc' dir='ltr'>οὐδὲ</span> <span class='ocrx_word' id='word_1_613' title='bbox 3119 4148 3247 4211; x_wconf 75' lang='grc' dir='ltr'>τοὺς</span> <span class='ocrx_word' id='word_1_614' title='bbox 3287 4148 3346 4199; x_wconf 80' lang='grc' dir='ltr'>ὲν</span> <span class='ocrx_word' id='word_1_615' title='bbox 3372 4149 3621 4219; x_wconf 82' lang='grc' dir='ltr'>οὐρανοῖς</span> <span class='ocrx_word' id='word_1_616' title='bbox 3656 4145 3823 4205; x_wconf 43' lang='grc' dir='ltr'>ἀπεῐνσμ</span> 
     </span>
    </p>
   </div>
   <div class='ocr_carea' id='block_1_86' title="bbox 2321 4238 3825 4311">
    <p class='ocr_par' dir='ltr' id='par_1_86' title="bbox 2321 4238 3825 4311">
     <span class='ocr_line' id='line_1_86' title="bbox 2321 4238 3825 4311; baseline -0.003 -20"><span class='ocrx_word' id='word_1_617' title='bbox 2321 4239 2455 4293; x_wconf 84' lang='grc' dir='ltr'>ἀλλὰ</span> <span class='ocrx_word' id='word_1_618' title='bbox 2500 4242 2806 4311; x_wconf 80' lang='grc' dir='ltr'>συμφοιτᾷν</span> <span class='ocrx_word' id='word_1_619' title='bbox 2845 4241 3139 4304; x_wconf 77' lang='grc' dir='ltr'>κάκείνοις,</span> <span class='ocrx_word' id='word_1_620' title='bbox 3184 4242 3213 4293; x_wconf 93' lang='lat'><strong>6</strong></span> <span class='ocrx_word' id='word_1_621' title='bbox 3242 4241 3385 4304; x_wconf 77' lang='grc' dir='ltr'>θεῖος</span> <span class='ocrx_word' id='word_1_622' title='bbox 3434 4239 3721 4300; x_wconf 58' lang='grc' dir='ltr'>Ἀπόστολκ</span> <span class='ocrx_word' id='word_1_623' title='bbox 3744 4238 3825 4287; x_wconf 69' lang='lat'><strong>&#39;3:-</strong></span> 
     </span>
    </p>
   </div>
   <div class='ocr_carea' id='block_1_87' title="bbox 2322 4326 3824 4401">
    <p class='ocr_par' dir='ltr' id='par_1_87' title="bbox 2322 4326 3824 4401">
     <span class='ocr_line' id='line_1_87' title="bbox 2322 4326 3824 4401; baseline 0.009 -20"><span class='ocrx_word' id='word_1_624' title='bbox 2322 4330 2477 4397; x_wconf 81' lang='grc' dir='ltr'>φάνει</span> <span class='ocrx_word' id='word_1_625' title='bbox 2494 4345 2508 4359; x_wconf 76' lang='grc' dir='ltr'><strong>ο</strong></span> <span class='ocrx_word' id='word_1_626' title='bbox 2535 4329 2796 4397; x_wconf 80' lang='grc' dir='ltr'>Θέατρον</span> <span class='ocrx_word' id='word_1_627' title='bbox 2825 4331 2957 4400; x_wconf 83' lang='grc' dir='ltr'>γὰρ,</span> <span class='ocrx_word' id='word_1_628' title='bbox 2987 4332 3172 4401; x_wconf 71' lang='grc' dir='ltr'>φησὶν,</span> <span class='ocrx_word' id='word_1_629' title='bbox 3204 4330 3576 4401; x_wconf 73' lang='grc' dir='ltr'>ἐγενήθημεν</span> <span class='ocrx_word' id='word_1_630' title='bbox 3598 4329 3679 4383; x_wconf 81' lang='grc' dir='ltr'><strong>καί</strong></span> <span class='ocrx_word' id='word_1_631' title='bbox 3706 4326 3824 4393; x_wconf 64' lang='grc' dir='ltr'><strong>ἀπέ·</strong></span> 
     </span>
    </p>
   </div>
   <div class='ocr_carea' id='block_1_88' title="bbox 2319 4421 3825 4497">
    <p class='ocr_par' dir='ltr' id='par_1_88' title="bbox 2319 4421 3825 4497">
     <span class='ocr_line' id='line_1_88' title="bbox 2319 4421 3825 4497; baseline -0.002 -21"><span class='ocrx_word' id='word_1_632' title='bbox 2319 4427 2453 4489; x_wconf 61' lang='lat' dir='ltr'><strong>loco</strong></span> <span class='ocrx_word' id='word_1_633' title='bbox 2482 4423 2579 4476; x_wconf 82' lang='grc' dir='ltr'><strong>καί</strong></span> <span class='ocrx_word' id='word_1_634' title='bbox 2609 4425 2964 4493; x_wconf 79' lang='grc' dir='ltr'>ἀνθρώποις.</span> <span class='ocrx_word' id='word_1_635' title='bbox 3004 4426 3187 4497; x_wconf 84' lang='grc' dir='ltr'>Ἔχεις</span> <span class='ocrx_word' id='word_1_636' title='bbox 3215 4423 3443 4479; x_wconf 80' lang='grc' dir='ltr'>τοιαῦτα</span> <span class='ocrx_word' id='word_1_637' title='bbox 3475 4425 3565 4477; x_wconf 76' lang='grc' dir='ltr'>καὶ</span> <span class='ocrx_word' id='word_1_638' title='bbox 3596 4425 3675 4476; x_wconf 70' lang='grc' dir='ltr'><strong>ἐπὶ</strong></span> <span class='ocrx_word' id='word_1_639' title='bbox 3701 4421 3825 4473; x_wconf 63' lang='grc' dir='ltr'>Ἠλίαν</span> 
     </span>
    </p>
   </div>
   <div class='ocr_carea' id='block_1_89' title="bbox 630 4510 2211 4589">
    <p class='ocr_par' dir='ltr' id='par_1_89' title="bbox 630 4516 2211 4588">
     <span class='ocr_line' id='line_1_89' title="bbox 630 4516 2211 4588; baseline 0.001 -18"><span class='ocrx_word' id='word_1_640' title='bbox 630 4517 726 4570; x_wconf 81' lang='lat' dir='ltr'><strong>bus</strong></span> <span class='ocrx_word' id='word_1_641' title='bbox 753 4519 819 4569; x_wconf 84' lang='lat'><strong>&quot;.</strong></span> <span class='ocrx_word' id='word_1_642' title='bbox 850 4518 1011 4571; x_wconf 87' lang='lat' dir='ltr'><strong>Potes</strong></span> <span class='ocrx_word' id='word_1_643' title='bbox 1036 4524 1091 4571; x_wconf 91' lang='lat' dir='ltr'><strong>et</strong></span> <span class='ocrx_word' id='word_1_644' title='bbox 1118 4516 1237 4570; x_wconf 82' lang='lat' dir='ltr'><strong>haec</strong></span> <span class='ocrx_word' id='word_1_645' title='bbox 1272 4517 1325 4569; x_wconf 90' lang='lat' dir='ltr'><strong>in</strong></span> <span class='ocrx_word' id='word_1_646' title='bbox 1356 4516 1471 4570; x_wconf 85' lang='lat' dir='ltr'><strong>Elia</strong></span> <span class='ocrx_word' id='word_1_647' title='bbox 1496 4516 1711 4582; x_wconf 91' lang='lat' dir='ltr'><strong>videre,</strong></span> <span class='ocrx_word' id='word_1_648' title='bbox 1732 4518 1848 4588; x_wconf 91' lang='lat' dir='ltr'><strong>qui,</strong></span> <span class='ocrx_word' id='word_1_649' title='bbox 1869 4534 2013 4574; x_wconf 90' lang='lat' dir='ltr'><strong>unus</strong></span> <span class='ocrx_word' id='word_1_650' title='bbox 2052 4517 2211 4572; x_wconf 89' lang='lat' dir='ltr'><strong>homo</strong></span> 
     </span>
    </p>
   </div>
   <div class='ocr_carea' id='block_1_90' title="bbox 2303 4510 3823 4589">
    <p class='ocr_par' dir='ltr' id='par_1_90' title="bbox 2322 4510 3823 4589">
     <span class='ocr_line' id='line_1_90' title="bbox 2322 4510 3823 4589; baseline -0.016 -4"><span class='ocrx_word' id='word_1_651' title='bbox 2322 4513 2455 4584; x_wconf 70' lang='grc' dir='ltr'><strong>δρᾷν</strong></span> <span class='ocrx_word' id='word_1_652' title='bbox 2475 4529 2489 4544; x_wconf 80' lang='grc'><strong><em>⁸</em></strong></span> <span class='ocrx_word' id='word_1_653' title='bbox 2523 4514 2605 4583; x_wconf 64' lang='grc' dir='ltr'><strong>δῖ,</strong></span> <span class='ocrx_word' id='word_1_654' title='bbox 2634 4510 2713 4578; x_wconf 67' lang='grc' dir='ltr'><strong>εἷς</strong></span> <span class='ocrx_word' id='word_1_655' title='bbox 2758 4516 3044 4586; x_wconf 79' lang='grc' dir='ltr'>ἄνθρωπος</span> <span class='ocrx_word' id='word_1_656' title='bbox 3096 4516 3194 4579; x_wconf 80' lang='grc' dir='ltr'>ὢν,</span> <span class='ocrx_word' id='word_1_657' title='bbox 3221 4518 3359 4589; x_wconf 72' lang='grc' dir='ltr'>πρὸς</span> <span class='ocrx_word' id='word_1_658' title='bbox 3398 4518 3671 4577; x_wconf 74' lang='grc' dir='ltr'>πλείστους</span> <span class='ocrx_word' id='word_1_659' title='bbox 3698 4515 3823 4580; x_wconf 55' lang='lat' dir='ltr'><strong>ima</strong></span> 
     </span>
    </p>
   </div>
   <div class='ocr_carea' id='block_1_91' title="bbox 636 4607 2220 4680">
    <p class='ocr_par' dir='ltr' id='par_1_91' title="bbox 636 4607 2220 4680">
     <span class='ocr_line' id='line_1_91' title="bbox 636 4607 2220 4680; baseline 0 -18"><span class='ocrx_word' id='word_1_660' title='bbox 636 4623 762 4662; x_wconf 91' lang='lat' dir='ltr'><strong>cum</strong></span> <span class='ocrx_word' id='word_1_661' title='bbox 793 4619 957 4673; x_wconf 88' lang='lat' dir='ltr'><strong>esset,</strong></span> <span class='ocrx_word' id='word_1_662' title='bbox 1008 4617 1200 4662; x_wconf 87' lang='lat' dir='ltr'><strong>contra</strong></span> <span class='ocrx_word' id='word_1_663' title='bbox 1258 4607 1529 4676; x_wconf 91' lang='lat' dir='ltr'><strong>plurimos</strong></span> <span class='ocrx_word' id='word_1_664' title='bbox 1569 4609 1877 4677; x_wconf 74' lang='lat' dir='ltr'><strong>prrevaluit,</strong></span> <span class='ocrx_word' id='word_1_665' title='bbox 1920 4625 2020 4680; x_wconf 91' lang='lat' dir='ltr'><strong>per</strong></span> <span class='ocrx_word' id='word_1_666' title='bbox 2048 4608 2220 4663; x_wconf 88' lang='lat' dir='ltr'><strong>devo-</strong></span> 
     </span>
    </p>
   </div>
   <div class='ocr_carea' id='block_1_92' title="bbox 635 4700 2223 4774">
    <p class='ocr_par' dir='ltr' id='par_1_92' title="bbox 635 4700 2223 4774">
     <span class='ocr_line' id='line_1_92' title="bbox 635 4700 2223 4774; baseline -0.001 -18"><span class='ocrx_word' id='word_1_667' title='bbox 635 4702 911 4756; x_wconf 90' lang='lat' dir='ltr'><strong>cationem</strong></span> <span class='ocrx_word' id='word_1_668' title='bbox 942 4702 1081 4772; x_wconf 86' lang='lat' dir='ltr'><strong>ignis</strong></span> <span class='ocrx_word' id='word_1_669' title='bbox 1107 4717 1137 4755; x_wconf 90' lang='lat' dir='ltr'><strong>e</strong></span> <span class='ocrx_word' id='word_1_670' title='bbox 1164 4701 1323 4756; x_wconf 83' lang='lat' dir='ltr'><strong>coelo.</strong></span> <span class='ocrx_word' id='word_1_671' title='bbox 1381 4700 1487 4756; x_wconf 89' lang='lat' dir='ltr'><strong>Sed</strong></span> <span class='ocrx_word' id='word_1_672' title='bbox 1543 4712 1598 4756; x_wconf 84' lang='lat' dir='ltr'><strong>et</strong></span> <span class='ocrx_word' id='word_1_673' title='bbox 1655 4701 1865 4774; x_wconf 79' lang='lat' dir='ltr'><strong>Moyses</strong></span> <span class='ocrx_word' id='word_1_674' title='bbox 1909 4703 2223 4757; x_wconf 85' lang='lat' dir='ltr'><strong>universam</strong></span> 
     </span>
    </p>
   </div>
   <div class='ocr_carea' id='block_1_93' title="bbox 631 4793 2224 4866">
    <p class='ocr_par' dir='ltr' id='par_1_93' title="bbox 631 4793 2224 4866">
     <span class='ocr_line' id='line_1_93' title="bbox 631 4793 2224 4866; baseline -0.002 -17"><span class='ocrx_word' id='word_1_675' title='bbox 631 4794 926 4866; x_wconf 59' lang='lat' dir='ltr'><strong>{Egyptum</strong></span> <span class='ocrx_word' id='word_1_676' title='bbox 962 4806 1015 4849; x_wconf 91' lang='lat' dir='ltr'><strong>et</strong></span> <span class='ocrx_word' id='word_1_677' title='bbox 1040 4794 1380 4848; x_wconf 87' lang='lat' dir='ltr'><strong>Pharaonem</strong></span> <span class='ocrx_word' id='word_1_678' title='bbox 1407 4794 1569 4866; x_wconf 63' lang='grc'><strong>204</strong></span> <span class='ocrx_word' id='word_1_679' title='bbox 1600 4804 1887 4866; x_wconf 83' lang='lat' dir='ltr'><strong>tyrannum</strong></span> <span class='ocrx_word' id='word_1_680' title='bbox 1922 4793 2224 4864; x_wconf 90' lang='lat' dir='ltr'><strong>superavit.</strong></span> 
     </span>
    </p>
   </div>
   <div class='ocr_carea' id='block_1_94' title="bbox 636 4888 2225 4959">
    <p class='ocr_par' dir='ltr' id='par_1_94' title="bbox 636 4888 2225 4959">
     <span class='ocr_line' id='line_1_94' title="bbox 636 4888 2225 4959; baseline -0.001 -14"><span class='ocrx_word' id='word_1_681' title='bbox 636 4890 784 4945; x_wconf 85' lang='lat' dir='ltr'><strong>Idem</strong></span> <span class='ocrx_word' id='word_1_682' title='bbox 816 4890 870 4942; x_wconf 90' lang='lat' dir='ltr'><strong>in</strong></span> <span class='ocrx_word' id='word_1_683' title='bbox 902 4889 969 4943; x_wconf 92' lang='lat' dir='ltr'><strong>iis</strong></span> <span class='ocrx_word' id='word_1_684' title='bbox 995 4902 1116 4958; x_wconf 81' lang='lat' dir='ltr'><strong>quae</strong></span> <span class='ocrx_word' id='word_1_685' title='bbox 1143 4888 1210 4943; x_wconf 89' lang='lat' dir='ltr'><strong>de</strong></span> <span class='ocrx_word' id='word_1_686' title='bbox 1236 4888 1398 4949; x_wconf 87' lang='lat' dir='ltr'><strong>Loth,</strong></span> <span class='ocrx_word' id='word_1_687' title='bbox 1436 4889 1491 4943; x_wconf 88' lang='lat' dir='ltr'><strong>in</strong></span> <span class='ocrx_word' id='word_1_688' title='bbox 1519 4890 1585 4944; x_wconf 91' lang='lat' dir='ltr'><strong>iis</strong></span> <span class='ocrx_word' id='word_1_689' title='bbox 1605 4906 1726 4959; x_wconf 76' lang='lat' dir='ltr'><strong>qua:</strong></span> <span class='ocrx_word' id='word_1_690' title='bbox 1752 4889 1819 4944; x_wconf 88' lang='lat' dir='ltr'><strong>de</strong></span> <span class='ocrx_word' id='word_1_691' title='bbox 1839 4890 1975 4954; x_wconf 87' lang='lat' dir='ltr'><strong>Noe,</strong></span> <span class='ocrx_word' id='word_1_692' title='bbox 2004 4905 2125 4959; x_wconf 69' lang='lat' dir='ltr'><strong>qua:</strong></span> <span class='ocrx_word' id='word_1_693' title='bbox 2158 4888 2225 4943; x_wconf 87' lang='lat' dir='ltr'><strong>de</strong></span> 
     </span>
    </p>
   </div>
   <div class='ocr_carea' id='block_1_95' title="bbox 638 4983 2223 5052">
    <p class='ocr_par' dir='ltr' id='par_1_95' title="bbox 638 4983 2223 5052">
     <span class='ocr_line' id='line_1_95' title="bbox 638 4983 2223 5052; baseline -0.001 -13"><span class='ocrx_word' id='word_1_694' title='bbox 638 4985 825 5039; x_wconf 78' lang='lat' dir='ltr'><strong>multis</strong></span> <span class='ocrx_word' id='word_1_695' title='bbox 846 4983 968 5038; x_wconf 91' lang='lat' dir='ltr'><strong>aliis</strong></span> <span class='ocrx_word' id='word_1_696' title='bbox 995 4990 1311 5046; x_wconf 88' lang='lat' dir='ltr'><strong>narrantur,</strong></span> <span class='ocrx_word' id='word_1_697' title='bbox 1341 4997 1566 5037; x_wconf 90' lang='lat' dir='ltr'><strong>cernere</strong></span> <span class='ocrx_word' id='word_1_698' title='bbox 1591 4991 1696 5047; x_wconf 86' lang='lat' dir='ltr'><strong>est,</strong></span> <span class='ocrx_word' id='word_1_699' title='bbox 1722 4984 1817 5052; x_wconf 90' lang='lat' dir='ltr'><strong>qui</strong></span> <span class='ocrx_word' id='word_1_700' title='bbox 1840 4998 1963 5037; x_wconf 91' lang='lat' dir='ltr'><strong>cum</strong></span> <span class='ocrx_word' id='word_1_701' title='bbox 1992 4999 2223 5052; x_wconf 89' lang='lat' dir='ltr'><strong>appare-</strong></span> 
     </span>
    </p>
   </div>
   <div class='ocr_carea' id='block_1_96' title="bbox 641 5072 2225 5144">
    <p class='ocr_par' dir='ltr' id='par_1_96' title="bbox 641 5072 2225 5144">
     <span class='ocr_line' id='line_1_96' title="bbox 641 5072 2225 5144; baseline 0 -16"><span class='ocrx_word' id='word_1_702' title='bbox 641 5083 764 5129; x_wconf 88' lang='lat' dir='ltr'><strong>rent</strong></span> <span class='ocrx_word' id='word_1_703' title='bbox 784 5072 1250 5144; x_wconf 83' lang='lat' dir='ltr'><strong>contemptibiles,</strong></span> <span class='ocrx_word' id='word_1_704' title='bbox 1274 5073 1462 5126; x_wconf 91' lang='lat' dir='ltr'><strong>multis</strong></span> <span class='ocrx_word' id='word_1_705' title='bbox 1488 5073 1798 5128; x_wconf 89' lang='lat' dir='ltr'><strong>illustribus</strong></span> <span class='ocrx_word' id='word_1_706' title='bbox 1828 5085 1883 5128; x_wconf 88' lang='lat' dir='ltr'><strong>ct</strong></span> <span class='ocrx_word' id='word_1_707' title='bbox 1904 5073 2225 5144; x_wconf 88' lang='lat' dir='ltr'><strong>potentibus</strong></span> 
     </span>
    </p>
   </div>
   <div class='ocr_carea' id='block_1_97' title="bbox 639 5167 1301 5235">
    <p class='ocr_par' dir='ltr' id='par_1_97' title="bbox 639 5167 1301 5235">
     <span class='ocr_line' id='line_1_97' title="bbox 639 5167 1301 5235; baseline -0.002 -14"><span class='ocrx_word' id='word_1_708' title='bbox 639 5167 959 5235; x_wconf 80' lang='lat' dir='ltr'><strong>superiores</strong></span> <span class='ocrx_word' id='word_1_709' title='bbox 985 5175 1301 5220; x_wconf 85' lang='lat' dir='ltr'><strong>evaserunt.</strong></span> 
     </span>
    </p>
   </div>
   <div class='ocr_carea' id='block_1_98' title="bbox 714 5257 2220 5329">
    <p class='ocr_par' dir='ltr' id='par_1_98' title="bbox 714 5257 2220 5329">
     <span class='ocr_line' id='line_1_98' title="bbox 714 5257 2220 5329; baseline 0.001 -18"><span class='ocrx_word' id='word_1_710' title='bbox 714 5258 856 5311; x_wconf 75' lang='lat' dir='ltr'><strong>Xlx.</strong></span> <span class='ocrx_word' id='word_1_711' title='bbox 883 5258 1057 5313; x_wconf 92' lang='lat' dir='ltr'><strong>Unius</strong></span> <span class='ocrx_word' id='word_1_712' title='bbox 1087 5257 1198 5312; x_wconf 83' lang='lat' dir='ltr'><strong>fere</strong></span> <span class='ocrx_word' id='word_1_713' title='bbox 1229 5260 1517 5329; x_wconf 86' lang='lat' dir='ltr'><strong>cujusque,</strong></span> <span class='ocrx_word' id='word_1_714' title='bbox 1551 5275 1687 5328; x_wconf 86' lang='lat' dir='ltr'><strong>quas</strong></span> <span class='ocrx_word' id='word_1_715' title='bbox 1722 5258 1977 5313; x_wconf 89' lang='lat' dir='ltr'><strong>videmus</strong></span> <span class='ocrx_word' id='word_1_716' title='bbox 2012 5274 2220 5323; x_wconf 91' lang='lat' dir='ltr'><strong>rerum,</strong></span> 
     </span>
    </p>
   </div>
   <div class='ocr_carea' id='block_1_99' title="bbox 641 5349 2224 5415">
    <p class='ocr_par' dir='ltr' id='par_1_99' title="bbox 641 5349 2224 5415">
     <span class='ocr_line' id='line_1_99' title="bbox 641 5349 2224 5415; baseline 0.001 -10"><span class='ocrx_word' id='word_1_717' title='bbox 641 5367 709 5405; x_wconf 87' lang='lat' dir='ltr'><strong>ea</strong></span> <span class='ocrx_word' id='word_1_718' title='bbox 742 5349 991 5404; x_wconf 86' lang='lat' dir='ltr'><strong>conditio</strong></span> <span class='ocrx_word' id='word_1_719' title='bbox 1016 5359 1121 5415; x_wconf 92' lang='lat' dir='ltr'><strong>est,</strong></span> <span class='ocrx_word' id='word_1_720' title='bbox 1156 5357 1236 5414; x_wconf 91' lang='lat' dir='ltr'><strong>ut,</strong></span> <span class='ocrx_word' id='word_1_721' title='bbox 1270 5350 1326 5404; x_wconf 91' lang='lat' dir='ltr'><strong>ni</strong></span> <span class='ocrx_word' id='word_1_722' title='bbox 1357 5351 1437 5404; x_wconf 91' lang='lat' dir='ltr'><strong>eis</strong></span> <span class='ocrx_word' id='word_1_723' title='bbox 1462 5349 1755 5406; x_wconf 86' lang='lat' dir='ltr'><strong>subveniat</strong></span> <span class='ocrx_word' id='word_1_724' title='bbox 1784 5350 1976 5405; x_wconf 71' lang='lat' dir='ltr'><strong>alienae</strong></span> <span class='ocrx_word' id='word_1_725' title='bbox 2012 5363 2224 5406; x_wconf 62' lang='lat' dir='ltr'><strong>natura)</strong></span> 
     </span>
    </p>
   </div>
   <div class='ocr_carea' id='block_1_100' title="bbox 645 5445 2229 5516">
    <p class='ocr_par' dir='ltr' id='par_1_100' title="bbox 645 5445 2229 5516">
     <span class='ocr_line' id='line_1_100' title="bbox 645 5445 2229 5516; baseline -0.001 -16"><span class='ocrx_word' id='word_1_726' title='bbox 645 5446 935 5512; x_wconf 80' lang='lat' dir='ltr'><strong>auxilium,</strong></span> <span class='ocrx_word' id='word_1_727' title='bbox 976 5454 1244 5515; x_wconf 89' lang='lat' dir='ltr'><strong>quantum</strong></span> <span class='ocrx_word' id='word_1_728' title='bbox 1280 5445 1333 5499; x_wconf 92' lang='lat' dir='ltr'><strong>in</strong></span> <span class='ocrx_word' id='word_1_729' title='bbox 1366 5446 1501 5516; x_wconf 90' lang='lat' dir='ltr'><strong>ipsis</strong></span> <span class='ocrx_word' id='word_1_730' title='bbox 1535 5453 1640 5507; x_wconf 86' lang='lat' dir='ltr'><strong>est,</strong></span> <span class='ocrx_word' id='word_1_731' title='bbox 1678 5446 1743 5500; x_wconf 91' lang='lat' dir='ltr'><strong>ad</strong></span> <span class='ocrx_word' id='word_1_732' title='bbox 1774 5447 2113 5516; x_wconf 87' lang='lat' dir='ltr'><strong>operandum</strong></span> <span class='ocrx_word' id='word_1_733' title='bbox 2147 5447 2229 5500; x_wconf 90' lang='lat' dir='ltr'><strong>in-</strong></span> 
     </span>
    </p>
   </div>
   <div class='ocr_carea' id='block_1_101' title="bbox 650 5537 2226 5608">
    <p class='ocr_par' dir='ltr' id='par_1_101' title="bbox 650 5537 2226 5608">
     <span class='ocr_line' id='line_1_101' title="bbox 650 5537 2226 5608; baseline 0.001 -17"><span class='ocrx_word' id='word_1_734' title='bbox 650 5539 813 5591; x_wconf 89' lang='lat' dir='ltr'><strong>utiles</strong></span> <span class='ocrx_word' id='word_1_735' title='bbox 862 5537 1235 5607; x_wconf 83' lang='lat' dir='ltr'><strong>informesque</strong></span> <span class='ocrx_word' id='word_1_736' title='bbox 1282 5538 1688 5608; x_wconf 85' lang='lat' dir='ltr'><strong>relinquantur.</strong></span> <span class='ocrx_word' id='word_1_737' title='bbox 1744 5539 2043 5595; x_wconf 80' lang='lat' dir='ltr'><strong>Ineﬂ&#39;abilis</strong></span> <span class='ocrx_word' id='word_1_738' title='bbox 2082 5540 2226 5594; x_wconf 90' lang='lat' dir='ltr'><strong>enim</strong></span> 
     </span>
    </p>
   </div>
   <div class='ocr_carea' id='block_1_102' title="bbox 651 5628 2221 5703">
    <p class='ocr_par' dir='ltr' id='par_1_102' title="bbox 651 5628 2221 5703">
     <span class='ocr_line' id='line_1_102' title="bbox 651 5628 2221 5703; baseline 0.003 -21"><span class='ocrx_word' id='word_1_739' title='bbox 651 5629 744 5683; x_wconf 81' lang='lat' dir='ltr'><strong>Dei</strong></span> <span class='ocrx_word' id='word_1_740' title='bbox 779 5628 1046 5698; x_wconf 87' lang='lat' dir='ltr'><strong>sapientia</strong></span> <span class='ocrx_word' id='word_1_741' title='bbox 1078 5629 1337 5700; x_wconf 86' lang='lat' dir='ltr'><strong>mysteria</strong></span> <span class='ocrx_word' id='word_1_742' title='bbox 1368 5639 1422 5684; x_wconf 83' lang='lat' dir='ltr'><strong>et</strong></span> <span class='ocrx_word' id='word_1_743' title='bbox 1450 5641 1605 5703; x_wconf 76' lang='lat' dir='ltr'><strong>typos</strong></span> <span class='ocrx_word' id='word_1_744' title='bbox 1632 5648 1728 5701; x_wconf 87' lang='lat' dir='ltr'><strong>per</strong></span> <span class='ocrx_word' id='word_1_745' title='bbox 1768 5648 1829 5687; x_wconf 85' lang='lat' dir='ltr'><strong>ea</strong></span> <span class='ocrx_word' id='word_1_746' title='bbox 1853 5650 1972 5703; x_wconf 74' lang='lat' dir='ltr'><strong>qua:</strong></span> <span class='ocrx_word' id='word_1_747' title='bbox 2005 5634 2061 5688; x_wconf 90' lang='lat' dir='ltr'><strong>in</strong></span> <span class='ocrx_word' id='word_1_748' title='bbox 2090 5650 2221 5689; x_wconf 85' lang='lat' dir='ltr'><strong>ocu-</strong></span> 
     </span>
    </p>
   </div>
   <div class='ocr_carea' id='block_1_103' title="bbox 2325 4605 3824 4682">
    <p class='ocr_par' dir='ltr' id='par_1_103' title="bbox 2325 4605 3824 4682">
     <span class='ocr_line' id='line_1_103' title="bbox 2325 4605 3824 4682; baseline 0.001 -24"><span class='ocrx_word' id='word_1_749' title='bbox 2325 4605 2413 4659; x_wconf 78' lang='grc' dir='ltr'><strong>διὰ</strong></span> <span class='ocrx_word' id='word_1_750' title='bbox 2450 4606 2551 4677; x_wconf 85' lang='grc' dir='ltr'>τῆς</span> <span class='ocrx_word' id='word_1_751' title='bbox 2590 4607 2684 4660; x_wconf 82' lang='grc' dir='ltr'>τοῦ</span> <span class='ocrx_word' id='word_1_752' title='bbox 2730 4609 2983 4677; x_wconf 81' lang='grc' dir='ltr'>οὐρανίου</span> <span class='ocrx_word' id='word_1_753' title='bbox 3032 4611 3202 4680; x_wconf 86' lang='grc' dir='ltr'>πυρὸς</span> <span class='ocrx_word' id='word_1_754' title='bbox 3242 4612 3573 4682; x_wconf 77' lang='grc' dir='ltr'>καταγωγῆς</span> <span class='ocrx_word' id='word_1_755' title='bbox 3598 4626 3610 4640; x_wconf 67' lang='grc' dir='ltr'><strong>θ</strong></span> <span class='ocrx_word' id='word_1_756' title='bbox 3640 4608 3745 4661; x_wconf 69' lang='grc' dir='ltr'>ἀλλὰ</span> <span class='ocrx_word' id='word_1_757' title='bbox 3767 4608 3824 4655; x_wconf 67' lang='grc' dir='ltr'>κεί</span> 
     </span>
    </p>
   </div>
   <div class='ocr_carea' id='block_1_104' title="bbox 2326 4699 3824 4775">
    <p class='ocr_par' dir='ltr' id='par_1_104' title="bbox 2326 4699 3824 4775">
     <span class='ocr_line' id='line_1_104' title="bbox 2326 4699 3824 4775; baseline -0.001 -25"><span class='ocrx_word' id='word_1_758' title='bbox 2326 4699 2568 4770; x_wconf 77' lang='grc' dir='ltr'>Μωῦσῆς</span> <span class='ocrx_word' id='word_1_759' title='bbox 2620 4699 2748 4771; x_wconf 85' lang='grc' dir='ltr'>ὅλης</span> <span class='ocrx_word' id='word_1_760' title='bbox 2796 4701 3073 4770; x_wconf 75' lang='grc' dir='ltr'>Αἰγύπτου</span> <span class='ocrx_word' id='word_1_761' title='bbox 3124 4703 3218 4756; x_wconf 74' lang='grc' dir='ltr'>καὶ</span> <span class='ocrx_word' id='word_1_762' title='bbox 3261 4704 3467 4775; x_wconf 84' lang='grc' dir='ltr'>Φαραὼ</span> <span class='ocrx_word' id='word_1_763' title='bbox 3505 4700 3594 4757; x_wconf 80' lang='grc' dir='ltr'><strong>τοῦ</strong></span> <span class='ocrx_word' id='word_1_764' title='bbox 3636 4700 3824 4767; x_wconf 56' lang='grc' dir='ltr'>τυρὲθνιι</span> 
     </span>
    </p>
   </div>
   <div class='ocr_carea' id='block_1_105' title="bbox 2329 4789 3823 4861">
    <p class='ocr_par' dir='ltr' id='par_1_105' title="bbox 2329 4789 3823 4861">
     <span class='ocr_line' id='line_1_105' title="bbox 2329 4789 3823 4861; baseline 0.001 -20"><span class='ocrx_word' id='word_1_765' title='bbox 2329 4792 2695 4859; x_wconf 82' lang='grc' dir='ltr'>περιεγένετο.</span> <span class='ocrx_word' id='word_1_766' title='bbox 2719 4790 2891 4846; x_wconf 80' lang='grc' dir='ltr'>Τοῦτο</span> <span class='ocrx_word' id='word_1_767' title='bbox 2921 4795 3015 4847; x_wconf 78' lang='grc' dir='ltr'>καὶ</span> <span class='ocrx_word' id='word_1_768' title='bbox 3044 4795 3133 4847; x_wconf 78' lang='grc' dir='ltr'><strong>ἐπὶ</strong></span> <span class='ocrx_word' id='word_1_769' title='bbox 3162 4794 3308 4861; x_wconf 84' lang='grc' dir='ltr'>Λὼτ,</span> <span class='ocrx_word' id='word_1_770' title='bbox 3328 4795 3493 4849; x_wconf 78' lang='grc' dir='ltr'>τοῦτο</span> <span class='ocrx_word' id='word_1_771' title='bbox 3521 4796 3609 4850; x_wconf 75' lang='grc' dir='ltr'>καὶ</span> <span class='ocrx_word' id='word_1_772' title='bbox 3634 4794 3708 4846; x_wconf 71' lang='grc' dir='ltr'><strong>ἐπὶ</strong></span> <span class='ocrx_word' id='word_1_773' title='bbox 3731 4789 3823 4843; x_wconf 66' lang='grc' dir='ltr'><strong>Νῶε,</strong></span> 
     </span>
    </p>
   </div>
   <div class='ocr_carea' id='block_1_106' title="bbox 2330 4881 3823 4959">
    <p class='ocr_par' dir='ltr' id='par_1_106' title="bbox 2330 4881 3823 4959">
     <span class='ocr_line' id='line_1_106' title="bbox 2330 4881 3823 4959; baseline 0.005 -24"><span class='ocrx_word' id='word_1_774' title='bbox 2330 4884 2422 4936; x_wconf 64' lang='grc' dir='ltr'><strong>καὶ⁵</strong></span> <span class='ocrx_word' id='word_1_775' title='bbox 2457 4884 2551 4936; x_wconf 74' lang='grc' dir='ltr'><strong>ἐπὶ</strong></span> <span class='ocrx_word' id='word_1_776' title='bbox 2578 4883 2788 4939; x_wconf 82' lang='grc' dir='ltr'>πολλῶν</span> <span class='ocrx_word' id='word_1_777' title='bbox 2822 4885 2951 4950; x_wconf 74' lang='grc' dir='ltr'>ἴδοις</span> <span class='ocrx_word' id='word_1_778' title='bbox 2985 4886 3189 4959; x_wconf 75' lang='grc' dir='ltr'>ἐτέρων</span> <span class='ocrx_word' id='word_1_779' title='bbox 3208 4906 3223 4920; x_wconf 80' lang='grc'><em>’</em></span> <span class='ocrx_word' id='word_1_780' title='bbox 3247 4890 3448 4951; x_wconf 80' lang='grc' dir='ltr'>οἵτινες</span> <span class='ocrx_word' id='word_1_781' title='bbox 3493 4888 3570 4957; x_wconf 81' lang='grc' dir='ltr'><strong>τῷ</strong></span> <span class='ocrx_word' id='word_1_782' title='bbox 3596 4881 3823 4955; x_wconf 50' lang='lat' dir='ltr'><strong>perungi-“3</strong></span> 
     </span>
    </p>
   </div>
   <div class='ocr_carea' id='block_1_107' title="bbox 2334 4975 3827 5051">
    <p class='ocr_par' dir='ltr' id='par_1_107' title="bbox 2334 4975 3827 5051">
     <span class='ocr_line' id='line_1_107' title="bbox 2334 4975 3827 5051; baseline -0.004 -23"><span class='ocrx_word' id='word_1_783' title='bbox 2334 4976 2537 5046; x_wconf 84' lang='grc' dir='ltr'>πολλὴν</span> <span class='ocrx_word' id='word_1_784' title='bbox 2567 4977 2840 5032; x_wconf 81' lang='grc' dir='ltr'>εὐτέλειαν</span> <span class='ocrx_word' id='word_1_785' title='bbox 2871 4980 3250 5051; x_wconf 83' lang='grc' dir='ltr'>ὑπερχόμενοι,</span> <span class='ocrx_word' id='word_1_786' title='bbox 3273 4981 3487 5035; x_wconf 84' lang='grc' dir='ltr'>πολλῶν</span> <span class='ocrx_word' id='word_1_787' title='bbox 3516 4980 3739 5049; x_wconf 70' lang='grc' dir='ltr'>ἐκράτουν</span> <span class='ocrx_word' id='word_1_788' title='bbox 3758 4975 3827 5025; x_wconf 69' lang='grc' dir='ltr'><strong>ἐπι·</strong></span> 
     </span>
    </p>
   </div>
   <div class='ocr_carea' id='block_1_108' title="bbox 2334 5069 2927 5140">
    <p class='ocr_par' dir='ltr' id='par_1_108' title="bbox 2334 5069 2927 5140">
     <span class='ocr_line' id='line_1_108' title="bbox 2334 5069 2927 5140; baseline 0.007 -19"><span class='ocrx_word' id='word_1_789' title='bbox 2334 5070 2398 5139; x_wconf 87' lang='grc' dir='ltr'>σή</span> <span class='ocrx_word' id='word_1_790' title='bbox 2408 5086 2523 5140; x_wconf 86' lang='grc' dir='ltr'><strong>μων</strong></span> <span class='ocrx_word' id='word_1_791' title='bbox 2552 5069 2644 5123; x_wconf 80' lang='grc' dir='ltr'>καὶ</span> <span class='ocrx_word' id='word_1_792' title='bbox 2672 5070 2927 5125; x_wconf 80' lang='grc' dir='ltr'>δυνατῶν.</span> 
     </span>
    </p>
   </div>
   <div class='ocr_carea' id='block_1_109' title="bbox 2402 5252 3827 5330">
    <p class='ocr_par' dir='ltr' id='par_1_109' title="bbox 2402 5252 3827 5330">
     <span class='ocr_line' id='line_1_109' title="bbox 2402 5252 3827 5330; baseline -0.006 -19"><span class='ocrx_word' id='word_1_793' title='bbox 2402 5256 2504 5311; x_wconf 84' lang='grc' dir='ltr'><strong>ΙΘ’.</strong></span> <span class='ocrx_word' id='word_1_794' title='bbox 2556 5257 2803 5330; x_wconf 81' lang='grc' dir='ltr'>Ἐκάστῳ</span> <span class='ocrx_word' id='word_1_795' title='bbox 2842 5257 2951 5311; x_wconf 86' lang='grc' dir='ltr'><strong>τῶν</strong></span> <span class='ocrx_word' id='word_1_796' title='bbox 2982 5260 3344 5329; x_wconf 76' lang='grc' dir='ltr'>φαινομένων,</span> <span class='ocrx_word' id='word_1_797' title='bbox 3386 5259 3453 5330; x_wconf 76' lang='grc' dir='ltr'>ἦν</span> <span class='ocrx_word' id='word_1_798' title='bbox 3488 5258 3559 5328; x_wconf 77' lang='grc' dir='ltr'>μὴ</span> <span class='ocrx_word' id='word_1_799' title='bbox 3596 5256 3675 5310; x_wconf 76' lang='grc' dir='ltr'><strong>καὶ</strong></span> <span class='ocrx_word' id='word_1_800' title='bbox 3700 5252 3827 5320; x_wconf 58' lang='grc' dir='ltr'>ἑτέρω</span> 
     </span>
    </p>
   </div>
   <div class='ocr_carea' id='block_1_110' title="bbox 2331 5349 3827 5425">
    <p class='ocr_par' dir='ltr' id='par_1_110' title="bbox 2331 5349 3827 5425">
     <span class='ocr_line' id='line_1_110' title="bbox 2331 5349 3827 5425; baseline -0.024 5"><span class='ocrx_word' id='word_1_801' title='bbox 2331 5368 2412 5413; x_wconf 64' lang='grc' dir='ltr'><strong>τις</strong></span> <span class='ocrx_word' id='word_1_802' title='bbox 2459 5349 2582 5422; x_wconf 76' lang='grc' dir='ltr'><strong>ξένη</strong></span> <span class='ocrx_word' id='word_1_803' title='bbox 2636 5352 2797 5422; x_wconf 77' lang='grc' dir='ltr'>φύσις</span> <span class='ocrx_word' id='word_1_804' title='bbox 2849 5353 2984 5423; x_wconf 80' lang='grc' dir='ltr'>πρὸς</span> <span class='ocrx_word' id='word_1_805' title='bbox 3035 5353 3289 5425; x_wconf 67' lang='grc' dir='ltr'>βοήθειαν</span> <span class='ocrx_word' id='word_1_806' title='bbox 3340 5349 3827 5422; x_wconf 65' lang='grc' dir='ltr'>ἐπιγένοιτο,τὸίςῖοε</span> 
     </span>
    </p>
   </div>
   <div class='ocr_carea' id='block_1_111' title="bbox 2336 5442 3827 5523">
    <p class='ocr_par' dir='ltr' id='par_1_111' title="bbox 2336 5442 3827 5523">
     <span class='ocr_line' id='line_1_111' title="bbox 2336 5442 3827 5523; baseline 0.003 -26"><span class='ocrx_word' id='word_1_807' title='bbox 2336 5448 2458 5501; x_wconf 79' lang='grc' dir='ltr'>καθ’</span> <span class='ocrx_word' id='word_1_808' title='bbox 2494 5448 2653 5500; x_wconf 76' lang='grc' dir='ltr'>ἑαυτὸ</span> <span class='ocrx_word' id='word_1_809' title='bbox 2682 5450 3015 5520; x_wconf 80' lang='grc' dir='ltr'>ἀνέργαστόν</span> <span class='ocrx_word' id='word_1_810' title='bbox 3045 5455 3159 5505; x_wconf 81' lang='grc' dir='ltr'>ἐστι</span> <span class='ocrx_word' id='word_1_811' title='bbox 3193 5452 3289 5504; x_wconf 72' lang='grc' dir='ltr'>καὶ</span> <span class='ocrx_word' id='word_1_812' title='bbox 3317 5454 3635 5523; x_wconf 75' lang='grc' dir='ltr'>ἀκόσμητον.</span> <span class='ocrx_word' id='word_1_813' title='bbox 3661 5442 3827 5509; x_wconf 68' lang='grc' dir='ltr'>Κσὶτὲρ</span> 
     </span>
    </p>
   </div>
   <div class='ocr_carea' id='block_1_112' title="bbox 2336 5534 3829 5613">
    <p class='ocr_par' dir='ltr' id='par_1_112' title="bbox 2336 5534 3829 5613">
     <span class='ocr_line' id='line_1_112' title="bbox 2336 5534 3829 5613; baseline 0.005 -25"><span class='ocrx_word' id='word_1_814' title='bbox 2336 5540 2368 5608; x_wconf 83' lang='grc' dir='ltr'>ἠ</span> <span class='ocrx_word' id='word_1_815' title='bbox 2391 5537 2483 5590; x_wconf 77' lang='grc' dir='ltr'>τοῦ</span> <span class='ocrx_word' id='word_1_816' title='bbox 2507 5538 2642 5591; x_wconf 83' lang='grc' dir='ltr'>Θεοῦ</span> <span class='ocrx_word' id='word_1_817' title='bbox 2671 5540 2947 5608; x_wconf 69' lang='grc' dir='ltr'>ἄφραστος</span> <span class='ocrx_word' id='word_1_818' title='bbox 2982 5543 3139 5610; x_wconf 66' lang='grc' dir='ltr'>σοφία</span> <span class='ocrx_word' id='word_1_819' title='bbox 3178 5545 3451 5613; x_wconf 79' lang='grc' dir='ltr'>μυστήρια</span> <span class='ocrx_word' id='word_1_820' title='bbox 3482 5542 3571 5594; x_wconf 76' lang='grc' dir='ltr'>καὶ</span> <span class='ocrx_word' id='word_1_821' title='bbox 3598 5539 3755 5596; x_wconf 70' lang='grc' dir='ltr'>τύπως</span> <span class='ocrx_word' id='word_1_822' title='bbox 3772 5534 3829 5584; x_wconf 67' lang='lat'><strong>5-1</strong></span> 
     </span>
    </p>
   </div>
   <div class='ocr_carea' id='block_1_113' title="bbox 2331 5625 3827 5707">
    <p class='ocr_par' dir='ltr' id='par_1_113' title="bbox 2331 5625 3827 5707">
     <span class='ocr_line' id='line_1_113' title="bbox 2331 5625 3827 5707; baseline 0.005 -24"><span class='ocrx_word' id='word_1_823' title='bbox 2331 5633 2437 5684; x_wconf 90' lang='grc' dir='ltr'><strong>τῶν</strong></span> <span class='ocrx_word' id='word_1_824' title='bbox 2466 5632 2760 5703; x_wconf 73' lang='grc' dir='ltr'>ὁρωμένων</span> <span class='ocrx_word' id='word_1_825' title='bbox 2777 5634 3068 5700; x_wconf 84' lang='grc' dir='ltr'>δείκνυσιν,</span> <span class='ocrx_word' id='word_1_826' title='bbox 3096 5636 3288 5706; x_wconf 79' lang='grc' dir='ltr'>ὅτιπερ</span> <span class='ocrx_word' id='word_1_827' title='bbox 3320 5636 3354 5706; x_wconf 77' lang='grc' dir='ltr'>ἡ</span> <span class='ocrx_word' id='word_1_828' title='bbox 3387 5633 3679 5707; x_wconf 79' lang='grc' dir='ltr'>ἀνθρωπίνη</span> <span class='ocrx_word' id='word_1_829' title='bbox 3702 5625 3827 5697; x_wconf 62' lang='grc' dir='ltr'>ςύτιὲι</span> 
     </span>
    </p>
   </div>
   <div class='ocr_carea' id='block_1_114' title="bbox 726 5828 2211 5903">
    <p class='ocr_par' dir='ltr' id='par_1_114' title="bbox 726 5828 2203 5901">
     <span class='ocr_line' id='line_1_114' title="bbox 726 5828 2203 5901; baseline 0.004 -18"><span class='ocrx_word' id='word_1_830' title='bbox 726 5829 769 5862; x_wconf 65' lang='grc'><strong>⁸⁸</strong></span> <span class='ocrx_word' id='word_1_831' title='bbox 805 5828 1037 5901; x_wconf 73' lang='lat' dir='ltr'><strong>Philipp.</strong></span> <span class='ocrx_word' id='word_1_832' title='bbox 1078 5848 1152 5898; x_wconf 86' lang='lat' dir='ltr'>III,</span> <span class='ocrx_word' id='word_1_833' title='bbox 1191 5831 1280 5886; x_wconf 72' lang='lat'><strong>20.</strong></span> <span class='ocrx_word' id='word_1_834' title='bbox 1361 5832 1404 5864; x_wconf 77' lang='grc' dir='ltr'>ίο</span> <span class='ocrx_word' id='word_1_835' title='bbox 1448 5832 1468 5886; x_wconf 93' lang='lat' dir='ltr'><strong>I</strong></span> <span class='ocrx_word' id='word_1_836' title='bbox 1499 5831 1627 5887; x_wconf 88' lang='lat' dir='ltr'><strong>Cor.</strong></span> <span class='ocrx_word' id='word_1_837' title='bbox 1660 5850 1715 5895; x_wconf 86' lang='grc' dir='ltr'><strong>ιι,</strong></span> <span class='ocrx_word' id='word_1_838' title='bbox 1750 5836 1802 5889; x_wconf 82' lang='lat'><strong>9.</strong></span> <span class='ocrx_word' id='word_1_839' title='bbox 1883 5836 1922 5867; x_wconf 83' lang='grc'><strong>¹¹</strong></span> <span class='ocrx_word' id='word_1_840' title='bbox 1958 5837 2095 5892; x_wconf 83' lang='lat' dir='ltr'><strong>Dan.</strong></span> <span class='ocrx_word' id='word_1_841' title='bbox 2121 5851 2203 5898; x_wconf 78' lang='grc' dir='ltr'>ιιι,</span> 
     </span>
    </p>
   </div>
   <div class='ocr_carea' id='block_1_115' title="bbox 2303 5828 2843 5903">
    <p class='ocr_par' dir='ltr' id='par_1_115' title="bbox 2303 5834 2843 5903">
     <span class='ocr_line' id='line_1_115' title="bbox 2303 5834 2843 5903; baseline 0.004 -14"><span class='ocrx_word' id='word_1_842' title='bbox 2303 5867 2326 5889; x_wconf 78' lang='grc'><strong>›.</strong></span> <span class='ocrx_word' id='word_1_843' title='bbox 2408 5836 2450 5902; x_wconf 62' lang='grc' dir='ltr'><strong>ξ’</strong></span> <span class='ocrx_word' id='word_1_844' title='bbox 2484 5835 2506 5890; x_wconf 91' lang='lat' dir='ltr'><strong>l</strong></span> <span class='ocrx_word' id='word_1_845' title='bbox 2534 5834 2663 5891; x_wconf 87' lang='lat' dir='ltr'><strong>Cor.</strong></span> <span class='ocrx_word' id='word_1_846' title='bbox 2692 5853 2762 5903; x_wconf 81' lang='grc' dir='ltr'><strong>ιν,</strong></span> <span class='ocrx_word' id='word_1_847' title='bbox 2793 5838 2843 5893; x_wconf 90' lang='lat'><strong>9.</strong></span> 
     </span>
    </p>
   </div>
  </div>
