4044 6524
186 320 282 381 925

1385 322 1616 382 LIBER
1656 321 1754 382 DE
1793 321 2250 386 CHARITATE.

3345 326 3452 391 926

186 431 295 485 sz‘
326 430 522 499 ἑαυτὴν
550 423 709 494 οὖσα,
736 430 832 502 τὴν
858 430 1048 500 ὲντελῆ
1080 431 1189 486 τῶν
1216 432 1427 502 ἀρετῶν
1454 434 1754 503 διακόσμη-

1860 434 1941 490 los
1974 436 2294 502 incurrunt,
2325 436 2505 508 iisque
2531 446 2803 493 monstrat
2845 447 3097 493 naturam
3127 440 3450 507 humanam,

189 539 266 578 σιν
292 521 388 575 καὶ
437 522 536 591 τὴν
564 524 938 595 πνευματικὴν
967 524 1304 595 εὐπρέπειαν
1326 526 1426 595 τῆς
1444 526 1758 599 ἁγιωσύνης

187 615 354 680 ἐκτὸς,
388 615 438 668 εί
459 615 535 686 μὴ
563 616 657 670 καὶ
684 618 783 686 τῆς
819 616 967 681 Θείας
995 618 1292 674 ἀπολαύσοι
1331 620 1533 691 χειρὸς,
1565 621 1759 675 ἀδύνα-

183 710 267 773 τός
306 710 453 762 ἐστιν
494 709 884 775 ἐπιδείξασθαι.
915 706 1041 763 Οἷον
1075 712 1107 782 ἡ
1150 712 1243 781 γῆ,
1281 713 1402 767 καθ’
1433 714 1631 784 ἑαυτῆς
1672 715 1763 785 μέ.

185 818 358 865 νουσα,
389 803 438 854 εί
468 800 543 871 μὴ
578 801 836 872 μετάσχοι
872 802 971 873 τῆς
1002 802 1093 856 διά
1128 803 1236 857 τῶν
1266 805 1521 874 γηπόνων
1561 808 1760 877 ἐπιμεο

184 893 322 955 λείας
346 933 360 956 ,
412 887 531 945 εἶτα
570 894 663 946 καὶ
699 894 798 963 τὴν
836 893 901 946 ὲκ
934 894 1046 947 τῶν
1073 895 1298 967 δμδρων
1337 898 1429 950 καὶ
1471 897 1565 951 τοῦ
1602 898 1758 970 ἡλίου

185 984 534 1055 καταδέξηται
563 986 872 1057 συνεργίαν,
898 987 1270 1058 ἀνεπιτήδειός
1298 991 1413 1043 ἐστι
1435 992 1530 1045 καὶ
1556 991 1760 1063 ἥκιστα

183 1076 400 1147 διαρκὴς
456 1078 591 1147 πρὸς
637 1081 1025 1151 καρπογονίαν.
1074 1082 1183 1135 Καὶ
1225 1078 1374 1146 οἶκος
1416 1084 1474 1137 δὲ
1512 1087 1621 1147 πᾶς
1664 1084 1761 1139 τοῦ

184 1169 398 1242 ἡλιακοῦ
429 1170 580 1223 τοῦδε
607 1170 778 1225 δεῖται
806 1174 1003 1243 φωτὸς,
1032 1176 1169 1245 ὅπερ
1190 1176 1290 1229 οὐκ
1319 1176 1435 1229 ἔστι
1465 1177 1563 1249 τῆς
1589 1179 1761 1247 αὐτῆς

182 1264 366 1332 ἐκείνῳ
400 1262 648 1331 φύσεως·
690 1266 815 1319 ἐπεὶ
850 1267 1075 1332 σκότους
1112 1270 1178 1322 ἂν
1211 1270 1296 1339 εἴη
1328 1270 1760 1345 πεπληρωμένος

183 1355 271 1408 καὶ
309 1355 616 1426 ἇχρηστος’
659 1359 752 1411 καὶ
799 1358 967 1429 ἕτερα
997 1360 1055 1413 δὲ
1086 1361 1295 1426 τούτοις
1330 1364 1531 1433 ὁμοίως
1569 1364 1760 1435 ἔχοντα

182 1445 314 1516 ὕψει.
340 1447 443 1499 Τὸν
473 1447 634 1501 αὑτὸν
670 1444 765 1503 οὖν
797 1452 998 1520 τρόπον
1032 1452 1126 1505 καὶ
1162 1454 1196 1524 ή
1236 1454 1552 1524 ἀνθρωπίνη
1600 1456 1761 1524 φύσις

184 1538 470 1601 ἀδυνάτως,
485 1540 606 1593 καθ’
631 1541 830 1613 ἑαυτὴν
845 1544 1067 1613 σχοῦσα,
1085 1545 1211 1607 τοὺς
1234 1548 1482 1617 καρποὺς
1506 1548 1615 1601 τῶν
1637 1550 1764 1620 ἀρε-

180 1630 282 1684 τῶν
342 1630 583 1695 τελείους
638 1632 967 1703 ἀποδιδόναι,
1016 1637 1187 1691 δεῖται
1239 1637 1333 1692 τοῦ
1384 1641 1760 1710 πνευματικοῦ

181 1724 412 1800 γηπόνου
449 1727 557 1784 τῶν
599 1727 889 1798 ἡμετέρων
922 1728 1131 1800 ψυχῶν,
1177 1732 1424 1786 τουτέστι
1460 1734 1555 1788 τοῦ
1590 1736 1761 1789 Πνεύ-

182 1840 342 1893 ματος
364 1822 457 1875 τοῦ
477 1819 713 1894 Χριστοῦ
738 1836 760 1855 ι
781 1821 916 1891 ὅπερ
940 1824 1030 1875 καὶ¹
1049 1824 1180 1876 αὐτὸ
1199 1823 1347 1889 ξένον
1366 1826 1466 1898 τῆς
1486 1828 1759 1900 ἡμετέρας

181 1914 413 1984 ἀτεχνῶς
452 1915 666 1985 φύσεως
686 1933 702 1948 ο
733 1916 941 1988 κτίσμα
970 1916 1079 1986 γὰρ
1102 1919 1263 1986 ἡμεῖς
1281 1960 1296 1985 ,
1326 1919 1445 1973 τόδε
1470 1921 1725 1976 ἄκτιστον
1745 1940 1757 1955 ο

182 2006 262 2063 ἵνα
301 2007 397 2058 καὶ
430 2008 494 2077 τῇ
542 2007 646 2079 ἰδίᾳ
670 2008 833 2079 τέχνῃ
867 2008 1195 2080 γεωργῆσαν
1224 2010 1333 2062 τῶν
1364 2012 1573 2066 πιστῶν
1618 2031 1762 2085 φημι

181 2097 271 2160 τὰς
306 2098 554 2168 καρδίας,
584 2098 684 2163 τὰς
712 2098 818 2169 ὅλῳ
840 2099 1100 2171 θελήματι
1136 2100 1336 2165 ἑαυτὰς
1355 2102 1433 2173 τῷ
1457 2121 1761 2177 πνευματι-

182 2188 258 2261 κῷ
292 2190 526 2261 γεωργῷ
563 2190 929 2261 παραδούσας,
962 2192 1199 2258 τελείους
1237 2195 1365 2257 τοὺς
1395 2197 1638 2265 καρποὺς
1666 2199 1759 2252 τοῦ

182 2282 495 2351 Πνεύματος
543 2282 833 2337 ἀποδοῦναι
879 2286 1297 2359 παρασκευάσῃ,
1355 2286 1543 2361 λάμψῃ
1587 2307 1645 2342 τε
1698 2292 1760 2345 τὸ

180 2372 365 2427 ἑαυτοῦ
398 2373 514 2441 φῶς
556 2375 615 2426 ὲν
649 2375 716 2444 τῇ
744 2374 1105 2449 έσκοτισμένῃ
1132 2379 1242 2441 τοῖς
1270 2377 1503 2431 πάθεσιν
1524 2380 1624 2449 τῆς
1652 2378 1759 2450 ψυ-

177 2467 273 2535 χῆς
305 2463 466 2533 ἡμῶν
486 2464 653 2536 οἰκίᾳ.

245 2555 328 2605 ις’.
360 2552 597 2617 Διπλοῦς
643 2556 761 2609 ἐστι
795 2559 907 2623 τοῖς
939 2558 1285 2629 Χριστιανοις
1315 2560 1345 2613 δ
1372 2560 1629 2632 πόλεμος,
1663 2564 1759 2617 καὶ

178 2644 331 2715 διπλῆ
392 2646 427 2717 ή
478 2646 622 2717 πάλη
646 2664 659 2677 ·
718 2651 854 2720 πρός
893 2667 953 2704 τε
992 2652 1062 2704 τὰ
1088 2652 1343 2724 δρώμενα
1384 2655 1463 2725 τῷ
1492 2656 1757 2729 ὀφθαλμῷ

176 2737 340 2808 τούτῳ
360 2753 381 2767 ⁸
420 2738 728 2811 ὑπερετίζει
761 2741 871 2812 γάρ
898 2744 1071 2797 ταῦτα
1094 2745 1189 2798 καὶ
1220 2746 1639 2818 διαγαργαλίζει
1661 2753 1757 2803 καὶ

177 2831 485 2901 παρακαλεῖ
517 2832 616 2902 τὴν
653 2833 833 2904 ψυχὴν
861 2838 1239 2908 προσπάσχειν
1280 2842 1463 2905 αὐτοῖς
1505 2843 1600 2896 καὶ
1631 2861 1756 2897 συν-

178 2924 391 2994 ήδεσθαι
413 2938 427 2952 ·
461 2918 583 2978 εἶτα
605 2927 698 2978 καὶ
728 2927 862 2998 πρὸς
886 2929 985 2993 τάς
1006 2928 1096 2983 τοῦ
1118 2930 1291 2985 δεινοῦ
1314 2936 1756 3009 κοσμοκράτορος
1788 2920 1797 2929 ’

177 3016 345 3084 ἀρχὰς
376 3016 476 3068 καὶ
498 3016 766 3082 ἐξουσίας.

1789 1778 1836 1837 Β

1860 528 1965 583 sibi
1990 530 2239 585 relictam
2266 531 2391 594 soli,
2406 547 2525 587 esse
2550 532 2970 587 insuﬂicientem
2988 532 3056 586 ad
3078 533 3451 591 exhibendum

1862 620 1915 675 in
1958 637 2017 677 se
2044 622 2348 692 perfectum
2391 625 2658 679 virtutum
2705 633 2963 679 ornatum
3013 633 3069 679 et
3107 627 3451 695 spiritualem

1861 716 2240 771 sanctimonia:
2259 716 2539 782 decorem,
2570 716 2679 772 nisi
2704 717 2908 772 divinae
2933 718 3181 773 subsidio
3201 720 3454 788 perfrua—

1861 812 1954 859 tur
1983 822 2201 863 manus.
2225 808 2381 864 Sicut
2421 820 2593 873 terra,
2618 810 2673 863 in
2696 809 2812 864 suis
2835 826 3063 864 manens
3087 811 3451 874 naturalibus,

1861 896 1968 951 nisi
1988 899 2355 968 agricolarum
2391 901 2606 957 artibus
2648 902 3047 972 laboribusque
3073 912 3453 973 praeparetur,

1861 997 2243 1059 praetereaque
2260 992 2369 1045 nisi
2392 1001 2447 1047 et
2478 993 2739 1047 imbrium
2769 1003 2825 1048 et
2855 995 2989 1048 solis
3017 994 3287 1065 benignos
3312 997 3453 1051 reci-

1864 1078 1979 1148 piat
2012 1080 2275 1147 inﬂuxus,
2312 1083 2496 1153 inepta
2536 1093 2622 1139 est
2672 1094 2729 1140 et
2782 1086 3009 1142 minimc
3051 1087 3328 1143 sufﬁciens
3381 1089 3450 1143 ad

1861 1171 2160 1241 gignendos
2193 1173 2440 1240 fructus;
2476 1176 2728 1231 similiter
2765 1188 2821 1232 et
2847 1177 3045 1233 domus
3071 1180 3353 1248 quaelibet,
3392 1191 3457 1236 ut

1867 1259 1959 1313 liat
1984 1260 2323 1328 habitabilis,
2361 1272 2487 1333 eget
2517 1264 2724 1319 lumine
2767 1266 2957 1331 solari,
3001 1268 3203 1324 aliena:
3257 1271 3451 1340 utique

1862 1350 1933 1405 ab
1957 1351 2074 1422 ipsa
2097 1365 2341 1421 naturae;
2375 1370 2486 1425 quo
2507 1358 2552 1412 si
2572 1367 2784 1423 careat,
2806 1361 3026 1429 oppleta
3048 1362 3291 1417 tenebris
3311 1364 3450 1418 nulli

1863 1444 1935 1500 sit
1961 1446 2085 1500 usui
2113 1464 2126 1500 :
2162 1446 2251 1502 his
2275 1448 2477 1504 similia
2503 1451 2675 1505 multa
2702 1450 2917 1506 videbis
2950 1469 2964 1505 :
3003 1453 3074 1507 ad
3100 1453 3250 1509 hunc
3282 1455 3454 1525 igitur

1863 1535 2090 1591 modum
2128 1541 2371 1593 humana
2404 1554 2625 1611 quoque
2661 1550 2858 1597 natura
2911 1543 3184 1613 impotens
3232 1559 3333 1613 per
3390 1562 3450 1601 se

1865 1625 2040 1696 ipsam
2067 1636 2153 1682 est
2181 1628 2249 1683 ad
2282 1629 2498 1685 fructus
2522 1633 2792 1687 virtutum
2844 1634 3120 1704 perfectos
3142 1638 3452 1705 producen-

1865 1716 1994 1783 dos;
2024 1717 2345 1790 indigetque
2362 1721 2427 1775 ad
2462 1723 2518 1777 id
2547 1738 2714 1793 opera
2739 1724 3042 1794 spiritualis
3062 1728 3313 1797 agricola:
3334 1727 3452 1781 ani-

1871 1825 2083 1864 marum
2124 1821 2464 1878 nostrarum,
2496 1816 2590 1885 qui
2614 1825 2700 1870 est
2730 1817 2972 1886 Spiritus
2996 1817 3225 1882 Christi,
3256 1822 3457 1877 aliena:

1863 1900 2110 1970 profecto
2139 1918 2171 1957 a
2210 1913 2399 1960 nostra
2431 1916 2662 1967 naturae.
2710 1924 2838 1963 cum
2868 1925 2975 1965 nos
3013 1922 3300 1977 creaturae,
3333 1916 3449 1984 ipse

1864 1992 2147 2049 increatus
2173 1995 2280 2062 sit;
2311 2005 2373 2050 ut
2395 1999 2716 2054 excolendis
2736 2009 2853 2054 arte
2881 2001 2989 2055 sibi
3033 2004 3257 2073 propria
3308 2005 3447 2060 [ide-

1860 2083 1994 2138 lium
2036 2086 2300 2142 cordibus
2323 2130 2339 2155 ,
2384 2089 2474 2154 iis,
2509 2090 2753 2159 inquam,
2790 2109 2910 2162 qua:
2935 2110 2994 2148 se
3024 2102 3136 2149 tota
3165 2097 3455 2152 voluntate

1858 2177 2132 2246 spirituali
2154 2179 2349 2235 colono
2376 2180 2646 2250 przebent,
2680 2181 2883 2238 efﬁciat
2922 2199 2989 2239 ea
3031 2185 3236 2241 feracia
3269 2188 3449 2257 perle-

1859 2279 2073 2324 ctorum
2098 2270 2336 2340 Spiritus
2367 2272 2645 2328 fructuum
2675 2291 2688 2339 ;
2722 2286 2778 2330 et
2804 2276 2992 2331 lumen
3022 2278 3142 2347 ejus
3161 2279 3451 2348 splendeat

1859 2362 1916 2417 in
1974 2364 2337 2420 obtenebrata
2366 2368 2883 2436 perturbationibus
2917 2370 3217 2427 affectuum
3251 2374 3451 2431 anima:

1858 2466 2060 2510 nostra:
2089 2457 2277 2513 domo.

1929 2551 2049 2606 XX.
2097 2554 2307 2624 Duplex
2359 2554 2692 2612 Christianis
2738 2566 2824 2613 est
2884 2559 3087 2614 bellum
3129 2568 3187 2616 et
3237 2561 3445 2634 duplex

1858 2642 2026 2697 lucta.
2063 2645 2199 2699 Nam
2228 2655 2285 2701 et
2305 2661 2370 2701 ea
2390 2662 2512 2717 quae
2553 2664 2612 2703 se
2645 2649 2902 2718 corporis
2932 2651 3111 2706 oculis
3149 2653 3443 2724 objiciunt,

1859 2735 2116 2801 invitant,
2151 2738 2431 2795 titillando
2473 2740 2695 2795 irritant
2724 2751 2780 2797 et
2832 2753 3138 2813 provocant
3182 2747 3444 2811 animam,

1857 2828 1926 2881 ad
1961 2844 2021 2882 se
2048 2830 2249 2885 aﬂ‘ectu
2274 2830 2715 2901 complectenda,
2750 2843 2806 2888 et
2843 2834 2912 2889 ad
2955 2836 3157 2891 oblatis
3197 2852 3297 2906 per
3328 2838 3446 2907 ipsa

1857 2924 2233 2993 voluptatibus
2244 2923 2563 2992 fruendum;
2590 2928 2846 2997 ultraque
2864 2929 3002 2993 haec,
3020 2929 3286 2987 adversus
3300 2933 3448 2988 acris

1865 3017 2133 3087 principis
2168 3018 2358 3072 mundi
2390 3019 2732 3088 principatus
2758 3029 2813 3074 et
2844 3028 3161 3089 potestates.

244 3104 374 3159 ΚΑΙ.
422 3106 489 3159 Ἡ
515 3106 640 3173 δόξα
666 3110 932 3175 Μωσέως,
956 3112 1022 3183 ἣν
1051 3112 1143 3166 ἐπὶ
1173 3113 1268 3168 τοῦ
1302 3116 1595 3185 προσώπου
1617 3114 1752 3189 εἶχε,

1930 3110 2072 3164 XXI.
2096 3109 2283 3166 Gloria
2306 3112 2471 3167 Mosis
2504 3128 2668 3182 quam
2710 3112 2766 3167 in
2803 3113 2944 3169 facie
3000 3116 3195 3170 habuit
3241 3118 3308 3181 ",
3361 3124 3446 3189 ty-

174 3197 337 3260 τύπος
389 3198 495 3268 τῆς
541 3199 773 3271 ἀληθοῦς
816 3202 975 3273 δόξης
1005 3204 1098 3257 τοῦ
1131 3207 1396 3276 παναγίου
1439 3208 1757 3280 Πνεύματος

176 3284 239 3359 ἦν
259 3307 272 3319 ·
298 3289 356 3342 ὃν
379 3290 492 3361 γὰρ
517 3291 715 3361 τρόπον
741 3295 857 3347 ἐκεῖ
879 3297 984 3358 πᾶς
1011 3298 1160 3362 ὅστις
1194 3298 1439 3354 ἀτενίσαι
1470 3302 1753 3367 ἀδύνατος.

176 3380 327 3436 Οῦτω
355 3380 453 3435 καὶ
484 3384 577 3438 νῦν
602 3384 806 3457 ταύτην
825 3388 925 3460 τὴν
951 3389 1130 3455 δόξαν,
1164 3392 1263 3463 τὴν
1293 3393 1472 3465 ψυχὴν
1494 3396 1755 3466 Χριστια-

176 3473 267 3545 νὴν
308 3476 751 3547 ἐπιλάμπουσαν,
799 3479 859 3532 τὸ
887 3480 995 3534 τῶν
1025 3480 1214 3536 παθῶν
1255 3484 1445 3550 σκότος
1485 3488 1584 3557 οὐχ
1620 3489 1755 3542 ὑπο-

177 3568 358 3637 μένει·
408 3570 527 3623 ἀλλ’
568 3571 674 3624 ὑπὸ
717 3572 819 3642 τῆς
854 3574 1031 3646 αὐγῆς
1072 3576 1276 3649 ταύτης
1316 3580 1755 3653 ἀποδιωκόμενον

175 3662 456 3730 φεύγεται.

242 3754 369 3807 KB'.
402 3755 497 3826 Τῷ
536 3756 821 3827 φιλαλήθει
860 3759 955 3812 καὶ
984 3759 1217 3831 φιλοθέῳ
1259 3763 1355 3815 καὶ
1382 3764 1482 3834 τῆς
1515 3766 1755 3838 ἐπουρα-

172 3844 280 3897 νίου
312 3845 655 3917 γλυκύτητος
688 3848 1033 3920 γευσαμένῳ,
1063 3849 1304 3920 ἔμφυτόν
1336 3868 1395 3904 τε
1427 3853 1522 3906 καὶ
1551 3870 1753 3925 κεκρα-

173 3938 340 4008 μένην
380 3941 439 3991 ὲν
491 3943 555 4011 τῇ
598 3940 747 4011 ψυχῇ
779 3942 1102 4013 κεκτημένῳ
1137 3945 1237 4013 τὴν
1268 3946 1450 4015 χάριν,
1492 3948 1587 4000 καὶ
1616 3947 1753 4012 ὅλως

169 4031 358 4085 ἑαυτὸν
428 4034 546 4095 τοῖς
602 4032 869 4103 θελήμασι
929 4037 1029 4105 τῆς
1087 4036 1311 4108 χάριτος
1373 4039 1750 4110 ἐπιτρέψαντι,

171 4124 345 4177 πάντα
396 4124 496 4178 τοῦ
536 4126 731 4189 αίῶνος
761 4126 913 4180 τοῦδε
950 4128 1039 4181 διὰ
1083 4130 1275 4198 μίσους
1300 4130 1444 4184 ἐστί’
1486 4134 1753 4204 κρείττων

166 4217 274 4288 γὰρ
328 4211 494 4282 οὗτος
538 4218 647 4271 τῶν
697 4219 791 4272 τοῦ
846 4220 1051 4289 κόσμου
1089 4223 1328 4293 κατέστη
1363 4224 1580 4278 πάντων
1603 4243 1617 4258 ·
1650 4226 1753 4280 κᾶν

166 4311 364 4380 χρυσὸν
397 4311 585 4382 εἴπῃς,
638 4312 742 4365 κᾶν
795 4313 1060 4384 ἄργυρον,
1105 4314 1210 4367 κᾶν
1243 4316 1410 4385 τιμὰς
1446 4319 1540 4371 καὶ¹
1572 4318 1749 4384 δόξας,

164 4402 262 4455 κᾶν
312 4405 710 4474 μακαρισμοὺς
742 4406 835 4458 καὶ
865 4404 1153 4468 ἐπαίνους·
1190 4408 1281 4460 ὑπ’
1310 4408 1520 4474 οὐδενὸς
1552 4411 1749 4465 ἁλῶναι

163 4492 269 4545 τῶν
297 4493 566 4545 τοιούτων
598 4493 819 4546 δύναται
848 4510 861 4525 ⁶
886 4495 1076 4549 καθότι
1100 4496 1328 4551 πλούτου
1355 4498 1515 4553 ἄλλου
1545 4501 1638 4553 καὶ
1666 4519 1749 4555 τι-

167 4588 271 4657 μῆς
299 4589 500 4660 ἄλλης,
534 4589 728 4660 ἑτέρας
767 4590 823 4643 δὲ
857 4590 1012 4662 δόξης
1046 4595 1125 4656 είς
1153 4598 1345 4666 πεῖραν
1377 4600 1625 4665 ἀφῖκται,
1655 4602 1748 4653 καὶ

165 4688 323 4757 ἡδονῇ
364 4686 638 4757 ἀφθάρτῳ
681 4688 937 4757 τρέφεται
970 4688 1070 4758 τὴν
1113 4689 1314 4760 ψυχὴν,
1352 4691 1447 4744 καὶ
1496 4692 1748 4765 αἴσθησιν

164 4780 274 4847 ἔχει
325 4779 426 4831 καὶ
460 4778 839 4849 πληροφορίαν
869 4781 1049 4833 πᾶσαν
1078 4781 1164 4835 διά
1200 4781 1301 4853 τῆς
1331 4785 1615 4849 κοινωνίας
1653 4787 1746 4840 τοῦ

164 4873 263 4922 live
273 4871 303 4923 ύ
310 4889 513 4940 ματος.

230 4964 360 5017 Kl".
412 4955 610 5025 Οὗτος,
665 4962 837 5032 ὁπόση
887 4962 965 5033 τῷ
1010 4964 1213 5035 λογικῷ
1255 4966 1474 5037 ποιμένι
1521 4968 1751 5039 διαφορά

161 5054 295 5123 πρὸς
322 5054 393 5106 τά
418 5054 594 5120 ἄλογα
630 5052 944 5123 θρέμματα,
976 5054 1227 5108 τοσοῦτον
1250 5058 1306 5109 ὲν
1335 5058 1545 5112 συνέσει
1576 5077 1635 5112 τε
1658 5062 1752 5115 καὶ

157 5145 359 5212 γνώσει
395 5146 497 5198 καὶ
525 5144 817 5215 διακρίσει,
842 5144 950 5197 τῶν
982 5146 1283 5217 ἀνθρώπων
1302 5148 1574 5221 διαφέρων
1600 5152 1717 5206 ἐστί
1734 5170 1748 5185 ·

159 5238 252 5289 καὶ
267 5236 379 5305 γὰρ
398 5236 568 5289 ἄλλου
590 5234 725 5289 Πνεύ
736 5237 1031 5305 ματος,καὶ
1046 5237 1204 5292 ἄλλου
1223 5238 1362 5303 νοὸς,
1375 5238 1540 5310 ἄλλης
1555 5258 1612 5293 τε
1631 5259 1754 5296 συν-

158 5331 325 5392 ἐσεως
355 5331 455 5382 καὶ
484 5327 680 5397 σοφίας
704 5328 853 5396 παρά
867 5329 965 5397 τὴν
978 5327 1069 5380 τοῦ
1096 5329 1301 5398 κόσμου
1321 5330 1511 5384 τούτου
1536 5335 1754 5407 μετέχει

160 5422 354 5489 σοφίαν
375 5436 391 5450 ⁸
427 5421 664 5489 Σοφίαν
714 5420 845 5489 γὰρ,
875 5420 1029 5491 φησὶ,
1068 5421 1377 5490 λαλοῦμεν
1409 5421 1623 5492 ἐντοῖς
1662 5443 1756 5479 τε-

156 5518 348 5584 λείοις
368 5533 382 5544 ·
411 5519 645 5586 σοφίαν
662 5513 730 5566 δὲ
754 5516 824 5567 οὐ
847 5513 952 5567 τοῦ
974 5512 1185 5579 αἰῶνος
1212 5514 1450 5581 τούτου,
1475 5517 1617 5571 οὐδὲ
1631 5520 1751 5573 τῶν

156 5615 481 5680 ἀρχόντων
539 5608 644 5662 τοῦ
688 5606 901 5674 αἰῶνος
938 5607 1153 5660 τούτου
1192 5606 1308 5661 τῶν
1349 5612 1749 5683 καταργουμέ-

230 5801 270 5829 ²ε⁷
304 5799 486 5853 Exod.
524 5814 707 5863 xxxn',
733 5800 817 5853 ὅθ.
895 5801 939 5830 ’³
976 5799 1017 5853 ll
1053 5798 1178 5855 Cor.
1207 5815 1282 5864 III,
1310 5799 1365 5855 7η

1784 4456 1825 4510 D

1860 3218 1964 3273 pus
1992 3218 2135 3257 verae
2167 3204 2357 3275 gloriae
2397 3205 2737 3260 sanctissimi
2778 3206 3022 3276 Spiritus
3062 3215 3216 3273 erat;
3253 3223 3450 3279 quem-

1857 3294 2155 3353 admodum
2192 3296 2341 3350 enim
2395 3295 2509 3351 illic
2555 3312 2718 3351 nemo
2749 3307 2964 3367 poterat
2994 3299 3284 3356 intendere
3308 3315 3448 3356 ocu-

1856 3387 1939 3442 los
1986 3389 2042 3442 in
2091 3388 2256 3442 Mosis
2296 3388 2494 3443 faciem
2529 3390 2595 3454 ²’⁶,
2646 3389 2727 3445 sic
2773 3397 2830 3445 et
2881 3406 3031 3445 nunc
3083 3393 3448 3462 resplenden-

1858 3488 1968 3533 tem
1993 3480 2048 3532 in
2083 3479 2266 3534 anima
2295 3479 2605 3535 Christiana
2637 3481 2911 3552 ejusmodi
2947 3482 3175 3553 gloriam
3204 3485 3455 3541 tenebras

1858 3573 2160 3627 aﬁ‘ectuum
2182 3587 2296 3627 non
2323 3573 2631 3628 sustinent:
2656 3574 2752 3629 sed
2777 3575 2847 3630 ab
2877 3575 2973 3629 illo
2996 3575 3203 3631 abacta:
3232 3576 3453 3649 fulgore

1857 3664 2176 3735 diﬂ‘ugiunt.

1928 3757 2094 3814 XXII.
2124 3759 2188 3814 Ei
2220 3758 2315 3828 qui
2341 3758 2634 3813 veritatem
2679 3767 2737 3813 et
2787 3760 2963 3816 Deum
3019 3770 3189 3827 amat,
3233 3761 3451 3833 quique

1855 3852 2140 3905 ctelestem
2167 3850 2514 3906 dulcedinem
2556 3851 2817 3921 gustavit,
2865 3861 2922 3907 et
2953 3852 3179 3907 insitam
3215 3868 3453 3909 concre-

1858 3951 2081 4013 tamque
2115 3944 2338 4013 penitus
2366 3943 2561 3997 animae
2592 3942 2840 4012 possidet
2871 3944 3124 4013 gratiam,
3157 3953 3455 4014 totumque

1855 4050 1914 4091 se
1959 4035 2206 4090 arbitriis
2258 4036 2447 4105 gratia:
2492 4034 2765 4104 permisit,
2795 4034 2980 4089 omnia
3031 4035 3219 4090 saeculi
3277 4036 3456 4108 hujus,

1856 4143 2025 4182 exosa
2064 4135 2215 4195 sunt,
2242 4127 2601 4182 Praestantior
2641 4128 2844 4197 quippe
2879 4126 2969 4181 hic
3002 4135 3058 4182 et
3080 4130 3335 4197 superior
3383 4138 3447 4183 et

1854 4222 2278 4293 quibuscunque
2328 4219 2521 4274 mundi
2557 4219 2759 4285 rebus,
2822 4218 2937 4274 sive
2978 4234 3176 4274 aurum
3209 4220 3433 4287 dixeris,

1854 4316 1969 4370 sive
2018 4324 2339 4384 argentum;
2378 4314 2493 4368 sive
2548 4312 2790 4367 honores
2844 4320 2897 4367 et
2945 4312 3262 4384 dignitates,
3321 4318 3453 4370 sive

1854 4407 2360 4478 congratulationes
2436 4414 2492 4460 et
2551 4405 2779 4471 laudes;
2837 4404 2987 4459 nullo
3054 4406 3249 4460 talium
3313 4406 3447 4477 capi,

1855 4510 2058 4571 potest,
2086 4500 2347 4570 quoniam
2382 4498 2612 4553 aliarum
2644 4498 2804 4569 longe
2831 4498 3172 4564 divitiarum,
3208 4500 3452 4556 alterius

1852 4593 2263 4651 excellentioris
2321 4591 2606 4663 dignitatis
2666 4600 2883 4661 gustum
2944 4592 3280 4661 experiendo
3313 4608 3442 4662 per-

1852 4689 2019 4759 cepit,
2045 4696 2101 4743 et
2122 4686 2402 4756 voluptate
2449 4684 2852 4753 incorruptibili
2888 4685 3067 4737 anima
3093 4685 3214 4755 ejus
3239 4686 3432 4753 alitur;

1852 4794 2128 4848 sensuque
2184 4776 2380 4831 intimo
2424 4790 2489 4829 ac
2539 4774 2885 4844 possessione
2929 4774 3085 4828 beata
3131 4776 3445 4830 communi-

1858 4873 1997 4927 catis
2023 4872 2091 4926 ab
2126 4869 2471 4924 inhabitante
2523 4867 2625 4937 ipsi
2666 4866 2875 4936 Spiritu
2918 4864 3121 4919 fruitur
3156 4866 3335 4921 bonis.

1928 4964 2119 5018 XXIII.
2145 4963 2321 5034 Hujus
2356 4970 2502 5017 tanta
2532 4970 2615 5015 cst
2668 4974 2836 5028 supra
2887 4958 3139 5029 vulgares
3186 4958 3443 5013 homines

1857 5057 2204 5119 excellentia,
2235 5063 2504 5125 quantum
2542 5054 2754 5107 ratione
2784 5051 3045 5121 praeditus
3076 5058 3265 5120 pastor
3294 5052 3443 5105 emi»

1860 5159 1956 5205 net
1985 5164 2151 5219 supra
2181 5150 2374 5203 hrutas
2412 5146 2688 5216 pecudes;
2729 5152 2958 5207 tantum,
3011 5143 3255 5213 inquam,
3286 5144 3444 5198 anti-

1861 5249 1969 5293 stat
2000 5237 2318 5293 mortalium
2348 5235 2562 5291 caeteris
2592 5235 2878 5303 sapientia,
2924 5232 3175 5299 scientia,
3221 5233 3445 5290 discre»

1863 5332 2032 5396 tione,
2061 5330 2263 5399 quippe
2302 5327 2395 5399 qui
2431 5327 2597 5381 alium
2645 5326 2932 5396 Spiritum,
2967 5325 3127 5378 aliam
3164 5337 3442 5391 mentem,

1862 5424 2023 5478 aliam
2048 5421 2395 5493 prudentiam
2443 5435 2506 5474 ac
2557 5418 2904 5489 sapientiam,
2939 5430 3103 5486 quam
3140 5415 3443 5488 prudentia.

1863 5515 2055 5568 mundi
2089 5522 2193 5575 est,
2234 5512 2498 5582 possidet.
2532 5509 2862 5581 Sapientiam
2908 5507 3079 5572 enim,
3112 5507 3325 5577 inquit,
3359 5507 3441 5561 loe-

1857 5609 2067 5677 quimur
2084 5605 2242 5676 205
2258 5606 2392 5659 inter
2405 5604 2678 5676 perfectos,
2693 5602 3006 5672 sapientiam
3023 5616 3140 5655 vero
3158 5618 3258 5655 non
3274 5601 3445 5673 hujus
