4044 6516
622 313 725 376 927

1851 310 1916 370 s.
1953 303 2275 370 meum
2318 304 2648 368 IEGYPTII
3725 322 3801 385 «,9,

620 428 822 494 seculi;
839 443 1005 498 neque
1022 428 1319 499 principum
1343 424 1499 497 hujus
1517 423 1717 485 steculi,
1731 424 1821 494 qui
1833 423 2197 484 destruuntur,

2303 434 2456 472 νωνο
2488 421 2651 474 ἀλλὰ
2670 422 2980 493 λαλοῦμεν
3005 425 3233 493 σοφίαν
3261 427 3427 489 Θεοῦ.
3453 428 3522 481 ἐν
3535 446 3802 506 μυστηρίῳ.

620 522 710 577 sed
733 520 1001 591 loquimur
1026 518 1122 573 Dei
1146 519 1461 589 sapientiam
1490 518 1544 570 in
1576 516 1821 585 mysterio
1854 515 1922 567 ".
1964 514 2197 582 Propter

622 615 739 668 haec
764 613 980 666 cunctis
1000 610 1337 674 hominibus,
1354 607 1542 661 mundi
1563 606 1819 676 spiritum
1840 605 2195 668 habentibus,

623 706 704 763 uti
735 706 943 760 dictum
976 712 1079 767 est,
1103 718 1201 757 seu
1231 700 1555 771 prudentiae,
1600 715 1697 753 seu
1729 698 2014 769 sapientiae
2044 713 2197 753 com-

624 799 931 867 paratione,
970 796 1059 850 ille
1103 810 1133 847 a
1164 793 1325 848 nobis
1360 792 1671 865 descriptus
1721 790 1991 845 immenso
2030 788 2200 843 inter-

625 890 769 942 vallo
821 885 1227 958 supereminet;
1283 882 1553 953 siquidem
1613 882 1705 937 hie
1761 898 1937 936 omnes
1968 882 2197 936 homines

622 982 879 1051 dijudicat
913 980 979 1043 “,
1014 976 1317 1032 secundum
1373 976 1520 1046 quod
1552 976 1816 1045 scriptum
1860 983 1983 1030 est:
2033 974 2198 1043 spiri-

625 1072 806 1135 tualis,
859 1070 1104 1139 inquam,
1154 1070 1434 1138 cognoscit
1488 1084 1956 1139 unumquemque,
1991 1067 2200 1121 discer-

626 1179 764 1217 nens
803 1161 947 1215 unde
1002 1162 1279 1230 loquatur,
1324 1160 1417 1215 ubi
1444 1170 1570 1226 stet,
1615 1161 1670 1215 in
1699 1161 1901 1230 quibus
1922 1168 2195 1214 versetur.

622 1257 807 1326 Ipsum
871 1265 1055 1310 autem
1124 1255 1367 1310 vicissim
1436 1255 1793 1325 dignoscendi
1846 1262 1942 1307 aut
1996 1252 2235 1323 dijudi-_

621 1350 805 1412 candi,
839 1349 1046 1405 nemini
1082 1348 1337 1418 spiritum
1370 1348 1561 1403 mundi
1596 1347 1916 1401 habentium
1965 1346 2198 1401 facultas

623 1452 745 1505 est;
779 1441 886 1497 nisi
916 1441 1010 1511 qui
1046 1442 1256 1511 pariter
1303 1456 1428 1495 cum
1451 1456 1518 1495 eo
1551 1440 1856 1495 divinitatis
1880 1439 2199 1509 impertitus

624 1533 833 1603 Spiritu
868 1532 1071 1587 fuerit:
1127 1540 1186 1586 ut
1237 1532 1315 1585 ait
1360 1533 1428 1586 de
1484 1532 1688 1587 talibus
1722 1535 1953 1601 loquens
1978 1531 2199 1587 divinus

620 1624 953 1693 Apostolus:
1007 1622 1383 1693 Spiritualibus
1425 1623 1735 1693 spiritualia
1784 1634 2197 1693 comparantes;

620 1714 870 1769 animalis
905 1724 1080 1769 autem
1104 1717 1256 1769 homo
1287 1732 1391 1767 non
1424 1715 1641 1785 percipit
1673 1732 1789 1786 qua?
1816 1722 1938 1769 sunt
1968 1714 2198 1785 Spiritus

620 1808 733 1863 Dei.
772 1807 1011 1861 Stultitia
1039 1809 1177 1861 enim
1202 1816 1278 1861 est
1300 1806 1428 1877 illi;
1460 1807 1757 1876 spiritualis
1796 1815 1971 1861 autem
1989 1806 2195 1876 judicat

617 1902 819 1961 omnia,
856 1910 904 1952 et
939 1900 1049 1968 ipse
1073 1916 1103 1951 a
1132 1900 1338 1952 nemine
1368 1899 1645 1969 judicatur
1671 1900 1735 1952 ’⁷.

688 1990 879 2045 XXIV.
921 1990 1039 2044 Non
1085 1990 1246 2043 aliter
1283 1990 1542 2058 cuiquam
1596 1989 1917 2058 contingere
1966 1987 2198 2043 sanctis-

618 2082 743 2137 simi
795 2083 958 2153 hujus
1007 2080 1246 2150 Spiritus
1295 2081 1643 2150 participatio
1693 2090 1895 2150 potest,
1938 2095 2101 2149 quam
2151 2078 2194 2134 si

620 2177 780 2245 plane
808 2174 1130 2244 peregrinus
1154 2173 1331 2228 factus
1371 2173 1501 2227 huic
1528 2174 1749 2235 sarculo,
1792 2179 1969 2225 totum
2006 2188 2064 2226 se
2097 2170 2195 2223 ad-

617 2268 768 2321 dicat
802 2265 1141 2334 inquisitioni
1174 2264 1460 2319 eharitatis
1490 2264 1728 2329 Christi;
1792 2263 1865 2317 ita
1914 2272 1976 2317 ut
2023 2263 2199 2316 omni-

618 2357 725 2412 bus
762 2371 885 2426 quae
918 2355 1065 2409 circa
1102 2353 1387 2408 materiam
1430 2363 1743 2417 versantur,
1789 2353 1939 2408 curis
1984 2355 2199 2409 solutus

616 2450 859 2511 animus,
892 2446 986 2499 uni
1017 2446 1147 2499 huic
1180 2444 1527 2514 assequendo
1570 2459 1737 2513 scopo
1772 2453 1948 2507 vacet,
1980 2460 2091 2513 quo
2119 2443 2199 2498 sic

616 2536 817 2605 dignus
850 2534 942 2587 ﬁat
968 2534 1023 2586 in
1053 2548 1221 2586 unum
1262 2548 1387 2587 eum
1433 2531 1656 2585 Christo
1702 2533 2009 2587 coalescere
2039 2532 2200 2601 spiri-

618 2638 756 2690 tum,
794 2637 855 2681 ut
885 2627 961 2680 ait
1004 2625 1335 2694 Apostolus:
1379 2624 1482 2689 Qui
1505 2624 1739 2677 adhwret
1790 2624 2039 2688 Domino,
2062 2640 2198 2679 unus

615 2721 833 2790 spiritus
885 2717 1038 2772 est".
1079 2717 1289 2772 Animae
1342 2731 1473 2772 vero
1525 2732 1647 2786 qua:
1681 2716 1909 2771 omnino
1960 2717 2197 2786 cuipiam

618 2828 804 2868 rerum
832 2812 995 2881 hujus
1024 2809 1210 2865 saeculi
1243 2808 1419 2863 deﬁxa
1466 2818 1573 2873 est,
1614 2817 1709 2863 aut
1748 2809 1801 2862 in
1848 2824 1968 2863 eam
1999 2808 2197 2863 aﬁ‘ectu

618 2905 806 2974 aliquo
854 2901 1197 2973 propendct;
1233 2911 1362 2971 puta
1407 2901 1639 2966 divitiis,
1682 2902 1890 2971 gloriae,
1924 2909 2019 2955 aut
2064 2901 2199 2954 ami-

616 2994 761 3047 citiae
800 2993 1111 3055 mundanae,
1144 3006 1254 3045 non
1299 2991 1407 3045 erit
1452 2991 1714 3060 possibile
1764 2992 1952 3061 fugere
1998 3001 2055 3046 et
2088 2999 2197 3044 tra-

2298 512 2397 564 At‘z
2425 512 2603 567 ταῦτα
2625 514 2719 567 καὶ
2753 515 2969 569 πάντων
2994 514 3103 569 τῶν
3124 516 3427 588 ἀνθρώπιον
3455 523 3515 574 τὸ
3544 524 3629 577 τοῦ
3648 529 3805 599 κόσμου

2300 604 2516 675 πνεῦμα
2570 606 2826 675 ἑχόντων,
2876 607 3129 679 καθάπερ
3174 610 3409 680 εἴρηται,
3450 614 3555 667 εἴτε
3589 618 3806 691 φρονίμη

2295 696 2405 749 εἴτε
2461 698 2663 766 σοφῶν,
2719 699 2749 752 ὁ
2799 698 3003 752 τοιόσδε
3056 703 3169 764 τοῖς
3218 702 3359 766 ὅλοις
3413 704 3697 778 διενήνοχε·
3743 718 3808 768 καὶ

2298 783 2532 852 πάντας
2582 785 2700 854 μὲν
2730 787 3083 857 ἀνθρώπους
3132 791 3461 860 ἀνακρίνει,
3505 801 3636 851 κατὰ
3669 802 3719 853 τὸ
3744 821 3810 871 γε.

2298 876 2641 945 γραμμένον.
2695 877 2756 931 '0
2794 879 3037 944 τοιοῦτος
3075 882 3333 950 γινώσκει
3360 902 3419 938 τε
3446 886 3659 942 ἕκαστον
3690 896 3809 947 ποθεν

2297 982 2354 1018 τε
2391 966 2562 1034 λέγει,
2602 968 2698 1022 καὶ
2722 968 2823 1022 ποῦ
2853 971 3075 1041 ἔστηκε,
3114 973 3174 1025 ἐν
3202 975 3375 1038 ποίοις
3407 978 3585 1031 ἐστίν’
3621 982 3751 1035 αὐτὸν
3770 987 3811 1041 il

2296 1056 2475 1111 οὐδενὶ
2511 1059 2620 1112 τῶν
2651 1060 2885 1129 ἐχόντων
2916 1062 2975 1116 τὸ
3007 1063 3101 1116 τοῦ
3141 1066 3347 1136 κόσμου
3378 1069 3592 1139 πνεῦμα
3616 1072 3811 1142 διαγινώ-

2301 1166 2451 1204 σκειν
2480 1168 2539 1204 τε
2570 1152 2664 1205 καὶ
2691 1154 3005 1225 ἀνακρίνειν
3035 1156 3293 1226 δύναμις
3320 1161 3401 1215 ὅτι
3427 1162 3503 1232 μὴ
3526 1164 3699 1236 ἐκείνῳ
3771 1172 3814 1222 τὴ

2297 1240 2483 1310 ὅμοιόν
2529 1243 2646 1295 ἐστι
2690 1244 2789 1312 τῆς
2841 1244 3095 1317 θεότητος
3134 1249 3371 1321 πνεῦμα,
3411 1255 3552 1307 κατά
3596 1257 3679 1309 τὸν
3709 1258 3814 1313 Orio;

2313 1334 2673 1389 Ἀπόστολον·
2728 1340 3166 1407 Πνευματικοῖς
3204 1346 3573 1413 πνευματικὰ
3624 1354 3811 1421 συγκρί-

2297 1441 2509 1490 νοντες
2528 1440 2543 1455 ’
2574 1430 2833 1497 ψυχικὸς
2859 1429 2927 1482 δὲ
2959 1431 3272 1499 ἅνθρωπος
3300 1438 3371 1489 οὐ
3403 1436 3631 1505 δέχεται
3658 1442 3719 1493 τὰ
3741 1445 3818 1497 τοῦ

2298 1519 2644 1587 Πνεύματος
2666 1521 2771 1575 τοῦ
2798 1522 2947 1575 Θεοῦ
2963 1540 2978 1554 ο
3004 1525 3197 1591 μωρία
3218 1524 3327 1594 γάρ
3354 1528 3484 1580 ἐστι
3510 1531 3707 1593 τούτῳσ
3725 1534 3752 1584 ὁ
3771 1532 3819 1585 δὲ

2298 1611 2702 1677 πνευματικὸς
2721 1611 3029 1679 ἀνακρίνει
3054 1613 3174 1681 μὲν
3189 1614 3406 1682 πάντα,
3437 1618 3617 1684 αὐτὸς
3645 1622 3731 1673 ὑπ’
3749 1626 3821 1676 oi:-

2300 1698 2475 1767 δενὸς
2500 1702 2899 1769 ἀνακρίνεται.

2368 1973 2499 2031 ΚΔ’.
2549 1978 2655 2032 Τοῦ
2718 1980 2988 2050 παναγίου
3037 1982 3095 2036 δέ
3147 2000 3281 2055 φησι
3324 1984 3518 2039 τούτον
3565 1986 3825 2057 Πντῦμωος

2299 2070 2586 2139 ἀμήχανον
2619 2070 2797 2135 ἄλλως
2830 2076 3037 2144 τυχεῖν,
3067 2075 3117 2127 εί
3168 2076 3243 2146 μὴ
3271 2075 3495 2135 πάντων
3536 2095 3616 2139 τις
3640 2078 3735 2129 τῶν
3756 2079 3823 2131 τοῦ

2298 2160 2499 2223 αἰῶνος
2538 2163 2731 2216 τούτου
2775 2164 2923 2228 ξένος
2965 2166 3278 2236 γενόμενος,
3327 2168 3465 2239 πρὸς
3504 2170 3601 2237 τὴν
3650 2168 3825 2239 ζήτησιν

2298 2252 2399 2321 τῆς
2448 2252 2541 2305 τοῦ
2601 2254 2842 2323 Χριστοῦ
2891 2256 3115 2327 ἀγάπης
3167 2258 3360 2311 ἑαυτὸν
3412 2259 3735 2322 ἀποτάξειεν,
3765 2261 3827 2312 ἵνα

2301 2343 2493 2396 πασῶν
2522 2344 2631 2398 τῶν
2673 2346 2813 2398 κατὰ
2844 2346 2941 2417 τὴν
2967 2347 3099 2417 ὕλην
3132 2350 3416 2420 μεριμνῶν
3447 2350 3653 2413 ἀνεθεὶς
3677 2351 3826 2415 δνοῦς,

2301 2434 2429 2504 περὶ
2459 2434 2551 2487 τὸν
2575 2434 2672 2487 ἕνα
2695 2435 2888 2490 τιῦτον
2920 2440 3125 2491 σκοπὸν
3153 2440 3537 2511 ἀπασχολῆται
3568 2444 3734 2510 μόνον’
3761 2446 3828 2495 καὶ

2300 2527 2441 2580 οὕτω
2462 2530 2825 2601 καταξιωθείη
2868 2532 3006 2600 μετά
3031 2533 3268 2603 Χριστοῦ
3322 2536 3402 2597 εἰς
3434 2534 3495 2586 ἓν
3528 2534 3728 2603 πνεῦμα
3757 2550 3827 2601 γε·

2300 2619 2505 2685 νέσθαι,
2535 2621 2611 2684 ὥς
2638 2640 2802 2691 φησιν
2827 2625 2855 2675 ὁ
2900 2625 3221 2689 Ἀπόστολος
3244 2642 3259 2658 ·
3309 2626 3373 2680 '0
3398 2628 3755 2695 κολλώμενος
3771 2627 3827 2691 τῷ

2300 2712 2512 2779 Κυρίῳ,
2544 2713 2717 2767 ἔσται
2745 2715 2832 2779 εις
2852 2714 2923 2767 ἓν
2954 2716 3212 2785 πνεῦμα.
3241 2718 3408 2789 Ψυχῇ
3430 2718 3489 2770 δὲ
3516 2722 3582 2788 τῇ
3617 2720 3734 2781 ὅλως
3749 2720 3828 2772 τινὶ

2298 2802 2409 2855 τῶν
2438 2804 2533 2857 τοῦ
2564 2806 2759 2870 αἰῶνος
2792 2808 2982 2861 τούτου
3019 2809 3380 2882 συνδεδεμένη
3410 2812 3513 2864 καὶ
3553 2812 3681 2881 πρὸς
3710 2814 3829 2865 αὔξον

2299 2895 2498 2967 ἐχούσῃ
2517 2936 2531 2959 ,
2548 2892 2661 2951 οἷον
2698 2898 2913 2969 πλούτῳ
2947 2901 2981 2972 ἢ
3010 2900 3159 2974 δόξῃ,
3181 2903 3215 2974 ἢ
3236 2903 3395 2972 φιλίᾳ
3411 2906 3480 2972 τῇ
3501 2905 3639 2956 κατά
3653 2904 3830 2973 κόσμον.

2299 2990 2398 3042 οὐκ
2424 2989 2576 3043 ἔσται
2606 2990 2831 3045 δυνατὸν
2857 2994 3051 3061 φυγεῖν
3096 2994 3193 3047 καὶ
3218 2994 3559 3067 διαπερᾶσαι
3597 2998 3655 3051 τὸ
3682 3000 3827 3062 σκότος

610 3084 855 3154 jiciendo
896 3097 1253 3153 perrumpere
1298 3083 1555 3138 tenebras
1596 3083 1994 3138 diaboliearnm
2039 3092 2195 3154 pote-

2300 3081 2407 3133 τῶν
2435 3083 2689 3154 πονηρῶν
2717 3083 3019 3156 δυνάμεων.

619 3182 844 3230 Statum.

695 3268 857 3321 XXV.
884 3269 1144 3324 Veritatis
1188 3277 1244 3322 et
1298 3267 1393 3323 Dei
1432 3278 1682 3324 amantes
1722 3268 1941 3333 animae,
1975 3283 2044 3323 ne
2068 3268 2205 3337 bro-

618 3377 743 3417 vem
798 3361 1020 3430 quidem
1064 3361 1529 3416 intermissionem
1581 3360 1874 3416 admittere
1930 3361 2204 3415 sustinent

618 3453 824 3507 amoris
862 3468 974 3522 quo
1021 3468 1147 3522 erga
1187 3452 1478 3507 Dominum
1511 3451 1780 3522 ﬂagrant;
1824 3451 1921 3506 sed
1964 3461 2095 3507 tota:
2129 3468 2196 3507 ex

619 3554 737 3599 toto
778 3546 932 3599 cruci
973 3545 1137 3614 hujus
1180 3544 1449 3609 conﬁxae,
1500 3543 1844 3613 spiritualem
1889 3543 2197 3613 profectum

618 3651 785 3691 sensu
814 3636 1050 3706 quodam
1088 3636 1281 3690 intimo
1317 3644 1374 3690 et
1424 3652 1626 3690 arcana
1674 3636 1991 3706 intelligunt
2040 3651 2204 3707 expe-

618 3726 840 3788 rientia.
874 3728 1188 3783 Vulnerata
1238 3727 1409 3798 igitur
1446 3727 1552 3784 isto
1586 3727 1895 3791 desiderio,
1930 3737 2007 3793 et,
2030 3737 2091 3782 ut
2124 3730 2204 3785 sic

615 3818 818 3885 dicam,
873 3819 1139 3874 famelica:
1188 3819 1418 3890 justitiae
1482 3819 1840 3889 omniumque
1909 3819 2198 3896 virtutum,

615 3920 779 3981 atque
820 3911 1207 3967 illustrationis
1263 3910 1391 3965 boni
1455 3910 1716 3980 Spiritus,
1763 3910 1867 3965 etsi
1923 3912 2203 3982 mysteriis

614 4004 791 4072 digna:
816 4003 1018 4057 divinis
1043 4044 1057 4066 ,
1087 4002 1189 4057 etsi
1219 4002 1423 4056 laetitize
1452 4002 1694 4057 caelestis
1723 4011 1781 4057 et
1814 4002 2009 4072 gratiae
2033 4003 2201 4073 parti-

614 4096 768 4166 cipes
798 4095 955 4151 factm
974 4096 1102 4160 sint,
1138 4111 1250 4149 non
1282 4105 1464 4150 tamen
1490 4096 1546 4149 in
1575 4111 1634 4150 se
1681 4095 1986 4163 conﬁdunt,
2023 4111 2203 4166 neque

616 4205 738 4244 esse
792 4205 851 4244 se
902 4188 1114 4258 aliquid
1166 4196 1403 4259 putant;
1442 4189 1539 4244 sed
1573 4197 1780 4258 quanto
1826 4189 2203 4246 abundantius

613 4289 1033 4349 consequuntur
1065 4279 1374 4349 spiritualia
1406 4278 1569 4343 dona,
1598 4288 1749 4333 tanto
1790 4279 2010 4335 avidius
2050 4280 2203 4335 inex-

616 4368 893 4437 plebiliter
914 4368 1128 4422 inhiant
1161 4367 1411 4423 ulteriori
1442 4366 1854 4437 participationi
1886 4370 2195 4424 crelestium

2375 3268 2505 3323 KE'.
2557 3271 2625 3323 Ai
2655 3268 2971 3341 φιλαλήθεις
2995 3270 3168 3341 ψυχαὶ
3221 3270 3318 3325 καὶ
3363 3271 3605 3340 φιλόθεοι
3632 3273 3736 3325 οὐδὲ
3761 3273 3832 3343 τὴν

2305 3362 2566 3431 βραχεῖαν
2596 3361 2789 3431 ὕφεσιν
2834 3362 2929 3415 τοῦ
2961 3363 3100 3431 πρὸς
3148 3363 3241 3417 τὸν
3276 3363 3491 3435 Κύρων
3518 3364 3704 3435 ἔρωτος
3734 3366 3833 3417 ὑπο-

2306 3452 2555 3523 μένουσιν
2575 3468 2590 3484 ο
2621 3454 2736 3507 ἀλλ’
2756 3454 2875 3507 ὅλαι
2901 3454 2968 3507 δι’
2994 3455 3117 3509 ὅλου
3142 3455 3221 3526 τῷ
3247 3456 3477 3528 σταυρῷ
3503 3458 3686 3509 τούτου
3703 3472 3833 3527 προσ-

2302 3545 2600 3619 ηλωμέναι,
2633 3546 2734 3616 τὴν
2775 3545 2875 3614 τῆς
2902 3549 3284 3617 πνευματικῆς
3304 3549 3603 3617 προκοπῆς
3623 3550 3829 3616 αἴσθησιν

2301 3638 2359 3690 ὲν
2397 3637 2618 3699 ἑαυταῖς
2666 3637 2961 3708 γινομένην
3025 3625 3479 3706 ὲπιγινῶσκουσι.
3540 3640 3834 3709 Τετρωμέναι

2301 3726 2433 3795 γοῦν
2473 3726 2649 3798 τούτῳ
2671 3725 2749 3797 τῷ
2774 3710 2966 3799 πόθῳί
2984 3728 3100 3795 καὶ,
3124 3730 3200 3792 ὼς
3226 3730 3430 3796 εἰπεῖν,
3468 3731 3697 3785 ἐκπεινοι
3717 3733 3833 3787 οὗτοι

2304 3816 2436 3888 περὶ
2470 3816 2570 3888 τὴν
2597 3816 2945 3888 δικαιοσύνην
2965 3819 3073 3872 τῶν
3104 3819 3341 3890 ἀρετῶν,
3377 3822 3479 3876 καὶ
3506 3824 3604 3893 τὴν
3628 3824 3711 3877 τοῦ
3730 3825 3833 3889 ἀγα-

2302 3908 2397 3962 θοῦ
2448 3909 2773 3979 Πνεύματος
2832 3909 3127 3980 ἐλλαμψιν,
3186 3911 3290 3964 κᾶν
3365 3917 3682 3984 μυστηρίων
3726 3917 3833 3981 him

2306 3999 2487 4067 θείων,
2523 4000 2629 4054 κᾶν
2658 4000 3003 4072 εὐφροσύνης
3037 4002 3365 4073 ἑπωρανεου
3396 4007 3496 4058 καὶ
3529 4008 3730 4076 χάριτος

2303 4111 2451 4163 τοχοι
2481 4094 2753 4163 γένονται,
2776 4094 2837 4147 οὐ
2872 4094 3166 4149 πεποίθασι
3196 4099 3328 4167 περὶ
3354 4101 3578 4165 αὐταῖς,
3608 4100 3713 4153 οὐδὲ
3732 4097 3833 4152 εἱναί

2300 4202 2353 4237 τι
2385 4187 2585 4239 οῖονται
2606 4202 2620 4217 ³
2644 4186 2760 4240 ἀλλ’
2788 4187 2899 4257 ὅσῳ
2929 4189 3285 4257 χαρισμάτων
3317 4190 3607 4255 ἀξιοῦνται
3637 4210 3832 4259 πνευμα-

2300 4274 2489 4339 τικῶν,
2529 4274 2766 4347 τοσούτῳ
2792 4276 2993 4346 μᾶλλον
3018 4277 3312 4348 ἀπλήστως
3334 4281 3568 4351 ἔχουσαι
3588 4283 3685 4336 τῶν
3712 4286 3834 4353 οὑριο

2302 4365 2431 4419 νίων
2452 4364 2882 4438 φιλοπονώτερον
2910 4368 3219 4439 ὲκξητοῦσι·
3242 4373 3336 4424 καὶ
3361 4373 3479 4443 ὅσῳ
3508 4376 3831 4443 πνευματικῆς

618 4461 957 4529 gratiarum;
989 4470 1254 4530 tantoque
1288 4459 1356 4514 ad
1410 4459 1553 4515 hanc
1591 4475 1649 4515 se
1700 4460 2032 4516 laboriosius
2077 4463 2196 4517 eni-

2299 4455 2645 4525 αἰσθάνονται
2694 4460 2999 4531 προκοπῆς,
3028 4460 3264 4531 τοσούτῳ
3300 4463 3370 4534 δὴ
3426 4465 3528 4519 καὶ
3583 4466 3831 4535 λιχνότεριι

615 4551 784 4606 tendo
816 4550 1136 4621 disponunt.
1169 4552 1383 4605 Rursus
1426 4557 1632 4619 quanto
1680 4550 1897 4605 dulcius
1944 4552 2193 4607 sentiunt

615 4658 674 4697 se
708 4642 975 4712 proﬁcere
1009 4642 1065 4696 in
1093 4640 1314 4712 spiritu,
1348 4650 1499 4695 tanto
1540 4641 1698 4710 quasi
1743 4640 1989 4711 gulosius
2027 4658 2193 4713 appe-

616 4743 740 4790 tunt
772 4735 1184 4805 perceptionem
1230 4734 1555 4789 deliciarum
1590 4732 1946 4797 earumdem;
1987 4744 2043 4789 et
2079 4737 2191 4806 spi-

616 4826 892 4879 ritualiter
936 4825 1306 4894 locupletaue,
1353 4824 1482 4890 sibi,
1514 4832 1779 4893 quantum
1822 4822 1878 4876 in
1921 4823 2056 4894 ipsis
2087 4835 2193 4895 est,

615 4929 885 4985 pauperes
902 4913 1182 4978 videntur,
1211 4914 1366 4984 juxta
1393 4912 1636 4967 divinam
1669 4910 2009 4981 Scripturam
2036 4929 2055 4967 :
2092 4912 2195 4980 Qui

612 5006 773 5059 edunt
807 5021 908 5072 me,
956 5005 1126 5059 adhuc
1180 5005 1451 5070 esurient;
1485 5012 1535 5058 et
1572 5003 1661 5075 qui
1687 5002 1863 5057 bibunt
1891 5019 1993 5069 me,
2024 5008 2195 5059 adhuc

610 5097 869 5150 sitiant".

682 5187 866 5242 XXVI.
898 5187 1059 5244 Tales
1083 5187 1280 5243 animae
1320 5198 1377 5243 et
1419 5187 1650 5259 gratiam
1692 5187 1974 5258 accipiunt
2018 5187 2193 5258 plena:

612 5279 1009 5334 liberationisa
1066 5280 1575 5350 perturbationibus
1606 5279 1939 5345 aﬁ‘ectuum;
1975 5288 2031 5334 et
2062 5279 2189 5333 illu-

611 5370 933 5426 strationem
958 5371 1464 5425 etcommunionem
1500 5370 1668 5425 divini
1692 5370 2192 5441 Spiritnsinplcni-

615 5462 805 5517 tudine
837 5461 1023 5531 gratia:
1056 5461 1299 5531 perfecte
1344 5471 1740 5531 assequuntur.
1799 5462 2039 5517 Diversae
2090 5479 2190 5517 au-

616 5562 723 5607 tem
747 5554 816 5607 ab
850 5553 937 5607 his
964 5552 1151 5623 pigras,
1188 5553 1440 5608 laborum
1482 5555 1851 5625 impatientes,
1901 5571 2011 5610 non
2035 5570 2183 5626 qua:-

687 5748 732 5779 "
756 5748 775 5801 ι
802 5746 928 5803 Cor.
961 5765 1017 5812 ιι,
1053 5749 1105 5804 6.
1186 5752 1230 5784 ¹⁶
1261 5750 1393 5807 ibid.
1474 5753 1556 5808 l5.
1632 5756 1676 5786 "
1702 5755 1832 5811 ibid.
1864 5754 1945 5808 l5.

2300 4545 2436 4615 πρὸς
2458 4546 2558 4615 τὴν
2591 4546 2897 4619 μετάληψιν
2927 4548 3131 4603 τούτων
3158 4552 3430 4619 γίνονται,
3461 4556 3561 4607 καὶ
3588 4573 3833 4623 πνευματι-

2297 4636 2407 4700 κῶς
2466 4635 2817 4703 πλουτοῦσαι,
2867 4640 2929 4693 τό
2972 4657 3037 4709 γε
3089 4642 3220 4714 παρ’
3264 4644 3521 4710 ἑαυταῖς,
3562 4646 3833 4717 πενομένοις

2296 4729 2542 4793 ἐοίκασι,
2586 4730 2730 4784 κατὰ
2776 4730 2877 4800 τὴν
2920 4731 3073 4785 θείαν
3110 4734 3374 4806 Γραφήνο
3429 4740 3500 4793 Oi
3562 4741 3831 4808 τρώγοντες

2294 4818 2405 4889 γάρ
2437 4837 2536 4889 με,
2570 4822 2753 4892 φησὶν,
2787 4822 2875 4876 ἓτι
2904 4824 3293 4893 πεινάσουσι,
3349 4830 3460 4884 καὶ
3498 4834 3556 4885 ol
3604 4830 3832 4897 πίνοντές

2287 4930 2364 4983 με
2390 4912 2482 4967 ἐτι
2512 4911 2910 4983 διψήσουσιν.

2365 5187 2512 5254 KG'.
2548 5187 2615 5239 Al
2644 5187 2893 5244 τοιαῦται
2920 5188 3089 5260 ψυχαὶ
3113 5192 3208 5245 καὶ
3227 5193 3328 5261 τῆς
3365 5193 3483 5249 τῶν
3515 5196 3695 5251 παθῶν
3718 5197 3834 5249 ἐλευ-

2293 5276 2479 5347 θερίας
2538 5279 2889 5334 παντάπασιν
2948 5280 3247 5349 ἀξιοῦνται,
3303 5288 3399 5339 καὶ
3447 5288 3554 5359 τὴν
3601 5289 3689 5341 τοῦ
3719 5290 3832 5340 θείω

2292 5370 2432 5422 Πνεύ
2442 5387 2609 5437 ματος
2634 5371 2901 5443 ἔλλαμψίν
2923 5391 2982 5426 τε
3013 5376 3105 5427 καὶ
3136 5379 3426 5431 κοινωνίαν
3452 5381 3515 5432 ἐν
3550 5379 3833 5450 πληρώματι

2289 5461 2388 5530 τῆς
2427 5463 2649 5532 χάριτος
2707 5463 2928 5527 τελείως
2962 5466 3301 5534 κομίζονται.
3334 5469 3507 5524 Ὅσαι
3548 5472 3606 5524 δὲ
3645 5468 3832 5539 ὀκνηρέ

2290 5568 2349 5603 τε
2382 5552 2475 5606 καὶ
2500 5553 2854 5624 ἀφερέπονοι,
2889 5556 2981 5608 καὶ
3010 5555 3086 5626 μὴ
3113 5556 3375 5629 ζητοῦσαι
3405 5560 3507 5614 τὸν
3527 5562 3628 5633 τῆς
3648 5559 3831 5632 καρδίας

2022 5754 2066 5785 ³⁸
2088 5754 2105 5807 l
2131 5751 2256 5809 Cor.
2283 5770 2353 5818 vi,
2389 5752 2472 5807 l7.
2551 5753 2595 5787 "
2618 5752 2791 5809 Eeeli.
2822 5771 2969 5821 χειν,
2998 5758 3085 5815 29.
