4044 6516
257 336 358 406 .929

1444 333 1673 395 LIBER
1710 327 1806 392 DE
1841 321 2293 385 CHARITATE.

3383 315 3487 379 930

253 445 550 518 ἀγιασμδν,
568 443 816 500 ἐντεῦθεν
838 443 912 506 ὡς
938 443 998 496 ἐν
1021 443 1184 514 σαρκὶ
1209 443 1288 496 ἐτι
1311 443 1691 512 τυγχάνουσιν,
1715 439 1818 494 οὐκ
1844 488 1848 497 .

1951 462 2050 508 unt
2081 446 2570 506 sanctificationem
2593 445 2778 500 cordis
2799 443 2966 515 (unde
2987 455 3044 500 et
3060 446 3214 514 quasi
3239 447 3294 501 in
3321 462 3490 503 carne

254 541 318 592 ἐκ
353 540 548 609 μέρους
597 537 713 595 ἀλλ’
764 536 1073 608 ὁλοκλήρως
1119 536 1185 588 δι’
1240 536 1517 604 ὑπομονῆς
1566 534 1820 598 δέξασθαι

1953 545 2101 598 dhuc
2143 541 2438 605 exsistunt)
2483 552 2593 592 non
2641 552 2709 591 ex
2754 545 2909 605 parte
2947 535 3044 590 sed
3096 535 3360 605 integram
3395 553 3494 605 per

258 631 352 682 καὶ
394 628 807 699 μακροθυμίας·
857 628 990 697 μηδὲ
1043 626 1373 695 κοινωνῆσαι
1416 627 1494 696 τῷ
1545 625 1822 692 Πνεύματι

1949 633 2381 690 νοτεενετοηιὶεηι
2431 639 2487 684 et
2528 630 2847 700 patientiam
2899 629 3188 696 recipere;
3234 643 3359 696 quae
3396 645 3496 682 ne-

255 722 336 791 τῷ
367 720 706 792 παρακλήτῳ
739 719 882 771 κατὰ
909 720 1089 771 πᾶσαν
1131 718 1383 787 αἴσθησιν
1408 717 1500 770 καὶΙ
1551 716 1824 786 πληροφο-

257 813 386 882 ρίαν
411 811 693 881 ηλπίκασι,
718 811 810 862 καὶ⁵
837 809 903 862 δι’
925 810 1134 862 ἐκείνου
1159 811 1267 862 τῶν
1290 809 1479 862 παθῶν
1505 807 1604 876 τῆς
1625 808 1824 870 κακίας

260 903 636 970 ἀπαλλαγῆναι
692 897 871 964 αὗται,
908 902 1010 952 κᾶν
1049 900 1269 969 χάριτος
1319 899 1468 960 θείας
1508 897 1822 962 ἀξιωθεῖενο

259 995 373 1046 ἀλλ’
410 993 516 1046 ὑπὸ
563 993 661 1061 τῆς
692 991 892 1053 κακίας
927 991 1290 1060 κλεπτόμεναι
1327 990 1507 1060 πάσης
1548 989 1827 1060 φροντίδος

259 1088 458 1148 ἐαυτάς
492 1085 701 1153 ἀνῆκαν
721 1098 734 1112 ·
769 1083 861 1136 ἆτε
890 1083 1148 1136 λαϐοῦσαι
1177 1083 1276 1152 τὴν
1307 1083 1491 1152 χάριν,
1523 1083 1617 1134 καὶ
1648 1082 1746 1149 τῆς
1769 1081 1828 1145 ἐξ

255 1177 433 1244 αὐτῆς
467 1176 836 1244 τυγχάνουσαι
865 1173 1284 1244 παρακλήσεως,
1328 1172 1424 1225 καὶ
1454 1173 1829 1242 πνευματικῆς

263 1267 601 1336 γλυκύτητος
654 1264 1043 1320 ἀπολαύουσαι.
1082 1264 1268 1337 Ταύτῃ
1313 1265 1407 1319 καὶ
1459 1264 1637 1335 ῥᾴδιαί
1693 1266 1830 1316 εἰσιν

259 1360 536 1430 οἰηθῆναι,
575 1359 650 1428 μὴ
697 1358 1114 1429 συντριϐόμεναι
1156 1359 1257 1426 τὴν
1303 1357 1551 1428 καρδίαν,
1589 1357 1723 1427 μηδέ
1751 1356 1830 1426 τῷ

261 1451 572 1522 φρονήματι
609 1449 1057 1518 ταπεινούμεναι,
1117 1449 1250 1519 μηδέ
1275 1448 1484 1518 ἔκδιψοι
1528 1444 1702 1509 οὖσαι,
1737 1448 1830 1501 καὶ

268 1543 403 1611 πρὸς
424 1541 485 1593 τὸ
511 1540 713 1593 τέλειον
739 1540 934 1608 μέτρον
958 1540 1058 1608 τῆς
1079 1539 1340 1601 ἀπαθείας
1361 1538 1827 1605 κατατεινόμεναι*

266 1630 698 1700 ὲναπομείνασαι
726 1629 788 1682 δὲ
807 1631 872 1698 τῇ
901 1628 1057 1699 ὀλίγῃ
1085 1627 1256 1698 ταύτῃ
1273 1626 1374 1696 τῆς
1401 1627 1620 1698 χάριτος
1648 1641 1829 1694 παρα·

263 1723 479 1791 κλήσει,
513 1724 608 1774 καί⁹
643 1723 722 1784 είς
753 1720 1002 1788 ἔπαρσιν,
1029 1719 1128 1771 ούκ
1161 1722 1241 1781 είς
1270 1717 1597 1771 ταπείνωσιν
1625 1715 1828 1783 προκό-

255 1816 460 1884 ψασαι,
510 1814 708 1883 μᾶλλον
749 1813 844 1866 καὶ
884 1804 1053 1881 οὗπερ
1096 1809 1406 1880 ἠξιώθησαν
1461 1809 1832 1879 χαρίσματος,

1921 743 2040 797 que-
2082 733 2306 795 sperant
2347 723 2602 777 omnibus
2647 720 2904 775 sensibus
2957 727 3016 774 et
3074 721 3233 789 plena
3298 720 3490 775 fiducia

1922 817 2106 872 cordis
2157 815 2452 884 participes
2495 813 2736 884 Spiritus
2790 811 3052 881 paracleti
3107 810 3248 871 ﬁeri.
3287 827 3495 881 perque

1924 913 2105 982 ipsum
2161 925 2191 963 a
2238 908 2749 978 perturbationibus
2798 907 3021 961 malitiae
3069 906 3313 968 liberari,
3366 908 3499 960 licet

1927 999 2160 1072 gratiam
2185 997 2424 1052 divinam
2453 998 2662 1066 adepta:
2705 997 2835 1052 sint.
2883 997 2988 1052 Sed
3024 1014 3053 1052 a
3087 998 3293 1052 malitia
3324 998 3498 1052 ίιιυθω

1929 1105 2149 1146 onmem
2181 1087 2606 1143 sollicitudinem
2649 1089 2956 1152 remittunt,
2987 1089 3154 1143 veluti
3192 1089 3502 1158 receperint

1925 1183 2036 1252 jam
2067 1182 2318 1251 gratiam,
2344 1189 2399 1235 et
2431 1195 2553 1250 qua:
2586 1196 2652 1235 ex
2689 1181 2804 1250 ipsa
2851 1181 2993 1244 ﬂuit,
3040 1181 3498 1240 consolationem,

1927 1281 1985 1328 et
2019 1272 2293 1342 spirituali
2321 1271 2615 1326 dulcedine
2647 1271 3021 1340 perfruantur.
3056 1270 3209 1325 Unde
3231 1280 3289 1324 et
3314 1271 3502 1325 faciles

1931 1362 1986 1416 in
2018 1369 2291 1415 tumorem
2329 1359 2531 1414 mentis
2562 1358 2835 1420 incidunt,
2867 1375 2977 1413 non
3013 1360 3265 1414 contrita:
3309 1360 3498 1422 corde,

1929 1463 2032 1503 nec
2051 1449 2318 1510 sitientes,
2333 1463 2434 1502 nec
2453 1447 2774 1501 anhelantes
2788 1446 2854 1499 ad
2876 1445 3169 1515 perfectam
3185 1446 3502 1501 exstinctioo

1930 1540 2015 1594 nis
2030 1541 2323 1596 affectuum
2342 1555 2649 1594 mensuram
2670 1539 2854 1609 mos
2871 1537 3286 1606 acquiescentes
3309 1539 3502 1606 exigua

1933 1631 2037 1686 hac
2070 1632 2258 1702 gratia:
2302 1629 2710 1695 consolatione;
2764 1638 2820 1683 et
2866 1629 3039 1695 magis
3085 1630 3140 1682 in
3181 1629 3503 1691 elationem,

1930 1739 2098 1792 quam
2149 1723 2202 1776 in
2255 1722 2624 1776 humilitatem
2675 1720 3050 1790 proficientes,
3081 1720 3226 1775 unde
3251 1730 3306 1774 et
3334 1720 3506 1790 gratia

1936 1814 2140 1883 potius,
2171 1827 2334 1882 quam
2384 1812 2666 1866 consecuti
2698 1819 2875 1874 erant,
2907 1810 3233 1879 spoliantur.
3274 1810 3393 1864 Non
3429 1811 3509 1864 sic

267 1904 421 1956 ἐστιν
444 1904 531 1955 ὅτε
563 1901 1021 1971 ἀπογυμνοῦνται.
1063 1899 1224 1969 Ψυχὴ
1253 1901 1362 1969 γὰρ
1384 1899 1461 1960 ὡς
1502 1898 1716 1967 ἀληθῶς
1745 1915 1838 1965 φι-

1949 1919 2063 1958 rere
2099 1903 2195 1957 Dei
2244 1917 2435 1956 amans
2485 1901 2688 1962 anima,
2741 1909 2800 1954 ut
2849 1901 3164 1970 praecedens
3207 1901 3512 1956 declaravit

266 1992 479 2053 λόθεος,
510 1992 584 2052 ὡς
613 1991 642 2043 ό
673 1991 834 2059 λόγος
870 1989 1009 2059 ἔφθη
1039 1987 1307 2059 δηλώσας,
1344 1988 1447 2040 κάν
1479 1989 1678 2058 μυρίας
1709 2005 1840 2056 μετ·

1949 2008 2156 2057 senmo;
2187 1993 2593 2061 quantumlibet
2617 1993 2764 2046 enim
2807 1993 3110 2047 innumeris
3137 2007 3195 2046 se
3229 2008 3510 2047 commen-

277 2085 409 2155 έλθῃ
455 2083 818 2162 δικαιοσύνας,
853 2082 958 2135 κᾶν
993 2081 1189 2151 ἄκραις
1239 2080 1568 2148 ἀγρυπνίαις
1599 2079 1836 2152 ἐκτρίψῃ

1949 2087 2172 2141 labilem
2202 2086 2394 2140 fecerit
2422 2085 2615 2140 ofIiciis
2651 2087 2953 2151 virtutum;
2983 2087 3200 2142 etiamsi
3226 2087 3514 2142 acerrimis

270 2175 336 2228 τὸ
366 2175 546 2244 σῶμα,
577 2174 680 2227 κᾶν
701 2172 1054 2243 χαρισμάτων
1081 2169 1176 2222 τοῦ
1194 2169 1511 2239 Πνεύματος
1545 2169 1838 2238 διαφόρων,

1949 2177 2140 2247 vigiliis
2168 2191 2368 2244 corpus
2399 2175 2723 2241 extriverit;
2770 2185 3050 2244 utcunque
3087 2176 3248 2231 donis
3277 2176 3516 2246 Spiritus

265 2264 670 2335 ἀποκαλύψεων
703 2282 764 2316 τε
809 2264 904 2316 καὶ
962 2262 1274 2332 μυστηρίων
1329 2260 1608 2330 ἀξιωθείη,
1661 2259 1832 2323 οὕτως

1949 2270 2150 2340 magnis
2203 2279 2260 2323 et
2323 2266 2706 2333 variis,‘etiam
2752 2269 3147 2323 revelationum
3179 2277 3238 2323 et
3269 2284 3518 2325 commu-

270 2358 387 2428 ἔχει
445 2358 679 2428 μετρίως
733 2355 806 2419 ὼς
863 2355 1030 2423 μήπω
1083 2354 1182 2423 τῆς
1244 2352 1388 2405 κατά
1436 2350 1570 2404 Θεὸν
1617 2352 1840 2420 ἀγωγῆς

1949 2358 2235 2416 nicationis
2269 2358 2657 2429 mysteriorum
2702 2358 2870 2413 fuerit
2909 2358 3072 2428 digna
3109 2358 3295 2414 habita
3321 2402 3336 2423 ,
3362 2359 3430 2415 de
3457 2375 3517 2415 se

269 2451 550 2521 ἠργμένον
595 2448 727 2518 μηδὲ
752 2447 1069 2517 κτησαμένη
1089 2445 1276 2499 τιτῶν
1307 2442 1660 2514 δεξιωτέρων,
1701 2445 1840 2514 ἐρω..

1949 2459 2129 2504 tamen
2165 2449 2302 2503 adeo
2331 2449 2499 2502 sentit
2526 2447 2760 2512 modice,
2790 2456 2851 2501 ut
2877 2447 2983 2502 sibi
3016 2448 3289 2512 videatur,
3331 2465 3400 2505 ne
3424 2466 3518 2504 ru-

270 2543 443 2604 τικῶς
478 2541 574 2594 καὶ
604 2541 896 2610 ἀπλήστως
922 2538 1057 2608 πρὸς
1081 2538 1180 2606 τὴν
1203 2535 1345 2590 κατά
1369 2535 1602 2604 Χριστὸν
1623 2535 1843 2606 ἀγάπην

1949 2539 2253 2593 dimentum
2297 2536 2519 2608 quidem
2554 2537 2735 2592 adhuc
2777 2551 2982 2606 ponere
3022 2539 3234 2607 cepisse
3274 2540 3399 2595 vitae
3432 2555 3520 2596 se-

265 2631 619 2702 διακειμένη.

1950 2629 2195 2684 cundum
2251 2630 2423 2684 Deum
2479 2636 2680 2683 rectae:
2711 2628 2914 2682 nedum
2953 2643 3011 2682 se
3044 2629 3324 2697 possidere
3353 2630 3519 2684 ullam

273 2728 717 2798 praestandorum
741 2727 797 2781 in
824 2725 910 2780 via
933 2724 1170 2795 Spiritus
1189 2724 1424 2780 aestimet
1480 2723 1731 2790 dotium;
1799 2731 1912 2780 tota
1949 2725 2194 2792 interim,
2248 2723 2560 2780 vehementi
2610 2722 2895 2778 charitatis
2943 2723 3066 2778 nisu
3115 2722 3184 2776 ad
3239 2721 3519 2778 Christum

273 2822 668 2876 insatiabiliter
697 2821 990 2875 amandum
1025 2821 1369 2875 incumbens.

351 2915 475 2966 KZ'.
515 2913 608 2975 Εἰς
660 2914 728 2965 τὰ
785 2913 956 2983 μέτρα
1012 2913 1070 2965 δὲ
1131 2912 1416 2982 ἐφικέσθαι
1473 2911 1664 2976 ταῦτα,
1719 2912 1842 2966 οὔτε

2018 2915 2231 2972 XXVII.
2256 2914 2338 2970 Ad
2371 2913 2774 2985 hunc-«gradum
2824 2913 3154 2983 pertingere.
3179 2927 3359 2982 neque
3388 2911 3521 2974 cito,

269 3005 511 3074 ἀθρόως,
546 3003 668 3057 οὔτε
717 3005 912 3076 ῥᾳδίως
949 3004 1168 3072 ἐφικτὸν
1199 3002 1406 3057 οὐδενί·
1449 3003 1586 3057 ἀλλά
1634 3004 1844 3056 πολλῶν

1950 3022 2129 3077 neque
2167 3007 2325 3063 facile
2354 3007 2626 3077 contingit
2659 3007 2777 3062 ulli.
2813 3006 2919 3062 Sed
2951 3005 3261 3077 praecedant
3291 3019 3520 3060 necesse

276 3098 464 3148 πόνων
495 3097 589 3148 καὶ
646 3095 872 3162 ἀγώνων
922 3095 1306 3164 ἡγησαμένων,
1369 3096 1576 3165 χρόνων
1629 3113 1690 3148 τε
1749 3095 1846 3150 καὶ

1949 3107 2035 3152 est
2087 3098 2244 3152 multi
2297 3097 2515 3152 labores
2559 3106 2615 3151 et
2665 3097 2990 3160 certamina,
3041 3111 3208 3150 morae
3254 3095 3432 3165 longae
3467 3106 3523 3150 et

279 3187 543 3254 σπουδῆς,
572 3186 714 3238 κατά
738 3185 1062 3254 δοκιμασίας
1093 3188 1187 3238 καὶ
1217 3183 1539 3256 πειρασμῶν
1563 3187 1842 3251 ποικίλων,

283 3276 410 3296 κη--
453 3278 533 3296 ,Αμὶ
576 3275 659 3296 --Ϊ
708 3275 902 3296 __\-!_,_
982 3278 1113 3296 ,-,,,\
1186 3277 1278 3296 *3,
1326 3276 1581 3296 LJHAAI”,
1639 3277 1823 3296 ,1,,,,,

1953 3188 2193 3242 studium
2247 3203 2370 3242 cum
2427 3187 2754 3257 probatione
2800 3195 2856 3242 et
2898 3186 3300 3242 tentationibus
3330 3185 3521 3250 variis,

271 3276 414 3346 ἄχρι
452 3278 542 3328 καὶ
571 3275 662 3328 τοῦ
703 3275 930 3340 τελείου,
978 3278 1142 3346 φημὶ,
1181 3277 1280 3344 τῆς
1318 3276 1584 3341 ἀπαθείας
1633 3277 1848 3347 μέτρου.

1957 3293 2129 3347 usque
2155 3278 2285 3332 dum
2315 3278 2380 3332 ad
2411 3277 2706 3347 perfectam
2732 3291 3044 3332 mensuram
3070 3275 3273 3346 quietis
3302 3285 3525 3345 pertur-

273 3366 444 3419 Οὕτω
473 3367 581 3437 γὰρ
615 3367 751 3436 πρὸς
783 3367 962 3421 πάντα
993 3367 1155 3420 πόνον
1187 3369 1281 3421 καὶ
1319 3367 1487 3420 κόπον
1520 3369 1848 3433 ἐξετασθεὶς,

1955 3368 2239 3422 bationum
2263 3366 2636 3436 perveniatur.
2667 3366 2745 3421 Ita
2765 3367 2912 3421 enim
2943 3367 3165 3421 demum
3198 3382 3297 3435 per
3325 3375 3525 3420 cuncta

277 3460 381 3511 καὶ
406 3458 560 3520 ὅλους
586 3459 925 3529 πειρασμοὺς
948 3458 1075 3522 τοὺς
1105 3459 1209 3512 ὑπὸ
1229 3459 1330 3528 τῆς
1363 3459 1562 3520 κακίας
1583 3461 1856 3530 ἐπαγομέ-

280 3567 414 3611 νους
463 3549 714 3618 εὐψύχως
753 3550 1088 3617 ὑπενεγκὼν,
1147 3552 1268 3603 τότε
1318 3550 1554 3603 καὶτῶν
1606 3552 1856 3620 μεγάλων

281 3641 468 3709 τιμῶν
495 3640 590 3692 καὶ
619 3642 970 3710 χαρισμάτων
995 3640 1088 3692 τοῦ
1113 3641 1250 3693 Πνεύ
1260 3658 1452 3710 ματος,
1473 3641 1568 3694 καὶ
1595 3641 1688 3694 τοῦ
1713 3641 1854 3694 θείου

284 3731 528 3784 πλούτου
567 3732 921 3795 καταξιοῦται
942 3750 956 3764 ο
999 3728 1116 3786 εἶτα
1144 3734 1240 3786 καὶ
1276 3734 1609 3804 κληρονόμος
1637 3734 1734 3804 τῆς
1769 3735 1858 3787 ού-

294 3825 486 3894 ρανίου
507 3824 716 3891 γίνεται
755 3822 1045 3892 βασιλείας»

362 3913 496 3970 KH',
549 3914 609 3964 'Il
661 3913 806 3982 ψυχὴ
845 3913 902 3965 δὲ
936 3914 1035 3966 οὐκ
1064 3913 1260 3983 ἔχουσα
1312 3918 1408 3985 μὲν
1439 3917 1536 3989 τὴν
1561 3919 1857 3988 εἰρημένην

275 4011 388 4077 τῆς
421 4009 697 4072 πολιτείας
725 4009 1014 4078 ἀκρίϐειαν
1037 4025 1051 4039 ·
1083 4011 1248 4079 μήπω
1271 4011 1327 4062 δὲ
1350 4012 1443 4063 τοῦ
1469 4013 1740 4081 ἀγιασμοῦ
1763 4010 1856 4064 τοῦ

279 4102 348 4150 ἐν
398 4101 464 4167 τῇ
497 4098 694 4168 καρδία
725 4099 825 4166 τὴν
847 4099 1100 4167 αἴσθησιν
1144 4098 1433 4169 δεξαμένη,
1475 4101 1738 4153 πενθείτω
1764 4101 1859 4152 καὶ

280 4191 524 4258 ζητείτω
565 4190 714 4260 παρὰ
740 4189 830 4241 τοῦ
869 4190 1072 4258 Κυρίου
1120 4189 1359 4260 θερμῶς,
1394 4192 1479 4243 ἵνα
1521 4191 1613 4244 τοῦ
1653 4192 1858 4258 ἀγαθοῦ

277 4279 482 4332 τούτου
536 4279 633 4331 καὶ
663 4281 760 4349 τῆς
794 4279 1074 4349 ἐνεργείας
1127 4281 1227 4349 τῆς
1269 4283 1326 4334 ἐν
1357 4281 1432 4350 νῷ
1487 4282 1554 4334 δι’
1607 4285 1859 4353 ἀρρήτων

277 4370 538 4440 θεωριῶν
567 4370 860 4439 γινομένης
893 4369 986 4422 τοῦ
1020 4371 1336 4440 Πνεύματος
1366 4371 1614 4441 ἐπιτύχῃ.
1646 4373 1860 4442 ’Ὠσπερ

1954 3457 2368 3512 contentionum
2410 3471 2890 3525 aerumnarumque
2945 3471 3143 3526 genera
3184 3455 3522 3524 exploratus,

1955 3557 2010 3602 et
2043 3545 2438 3601 tentationibus
2471 3561 2501 3599 a
2537 3547 2742 3600 malitia
2777 3546 3056 3600 suscitatis
3102 3545 3346 3599 animose
3391 3544 3528 3598 tole-

1957 3638 2111 3698 ratis,
2163 3653 2482 3707 magnorum
2527 3637 2764 3705 denique
2815 3636 3110 3698 honorum,
3159 3647 3214 3688 et
3255 3634 3526 3688 donorum

1957 3727 2214 3796 Spiritus,
2242 3744 2518 3798 opumque
2546 3728 2858 3782 divinarum
2880 3726 3075 3782 beatur
3100 3741 3114 3790 ;
3140 3734 3528 3795 postremoque

1957 3820 2131 3874 haeres
2164 3819 2220 3873 fit
2252 3820 2402 3890 regni
2440 3819 2700 3874 caelestis.

2027 3919 2262 3974 XXVIII.
2306 3919 2500 3974 Anima
2543 3934 2673 3973 vero
2703 3933 2814 3972 non
2863 3915 3073 3970 habens
3111 3914 3336 3983 quidem
3363 3914 3528 3980 hanc,

1958 4008 2026 4063 de
2066 4024 2174 4077 qua
2230 4008 2492 4072 diximus,
2535 4008 2822 4077 exquisitae
2877 4004 3314 4061 conversationis
3355 4004 3533 4058 soler-

1960 4099 2327 4167 tiam;neque
2360 4099 2490 4151 dum
2526 4098 2704 4152 intimi
2753 4112 2947 4152 sensus
2999 4096 3376 4165 experimento
3425 4095 3531 4150 sibi

1960 4190 2177 4243 conscia
2207 4191 2345 4258 ejus,
2377 4205 2498 4258 qua:
2539 4198 2624 4242 est
2661 4190 2714 4242 in
2761 4189 2928 4244 corde
2975 4204 3096 4250 suo.
3145 4188 3535 4244 sanctiﬁcatio-

1960 4279 2068 4341 nis,
2100 4280 2282 4348 lugeat
2318 4288 2374 4332 et
2405 4287 2613 4348 quierat
2645 4295 2674 4332 a
2711 4278 2944 4333 Domino
2970 4279 3266 4342 ferventer,
3309 4286 3371 4332 ut
3401 4277 3534 4333 boni

1963 4370 2126 4440 hujus
2159 4378 2214 4423 et
2266 4369 2605 4437 operationis
2644 4369 2923 4438 Spiritus,
2977 4385 3099 4439 qua:
3137 4368 3191 4422 in
3247 4375 3430 4423 mente
3473 4367 3535 4422 fit

277 4465 344 4517 δὲ
386 4463 529 4516 κατά
574 4465 664 4516 τὸν
698 4464 1148 4530 ἐκκλησιαστικὸν
1213 4465 1396 4534 νόμον,
1424 4467 1472 4517 ot
1527 4469 1848 4535 σωματικοῖς

1962 4479 2061 4532 per
2106 4478 2335 4517 arcanas
2387 4463 2910 4532 contemplationes,
2969 4461 3238 4516 efﬁciatur
3287 4474 3531 4529 compos.

278 4554 511 4615 ἀλόντες
539 4554 954 4622 ἁμαρτήμασιν,
1013 4551 1365 4622 ἀφορίζονται
1417 4553 1514 4622 μὲν
1569 4555 1720 4625 παρά
1761 4553 1855 4606 τοῦ

282 4643 484 4714 ἱερέως
508 4644 566 4695 τὸ
590 4643 856 4714 πρότερον
877 4659 891 4672 ·
924 4637 1042 4694 εἶτα
1075 4643 1170 4711 τὴν
1197 4643 1337 4695 κατά
1383 4643 1538 4708 λόγον
1571 4645 1858 4712 μετάνοιαν

277 4733 738 4804 ὲπιδεδειγμένοι,
785 4733 876 4786 καὶ
915 4733 1014 4802 τῆς
1064 4734 1351 4796 κοινωνίας
1401 4735 1858 4803 μεταποιοῦνταιο

276 4830 410 4880 ὅσοι
451 4826 506 4877 δὲ
568 4825 834 4887 ἀπτώτως
890 4825 985 4876 καὶ
1061 4826 1319 4896 καθαρῶς
1377 4824 1689 4894 βεβιῶκασι,
1725 4843 1861 4895 προ-

281 4917 561 4972 κόπτουσί
588 4935 647 4970 τε
674 4917 806 4988 πρὸς
851 4916 1166 4987 ίερωσύνην,
1198 4919 1290 4971 καὶ
1329 4919 1436 4970 ἀπὸ
1467 4918 1562 4971 τοῦ
1595 4918 1860 4989 ἐξωτέρου

275 5013 459 5064 τόπου
482 5010 578 5077 τὴν
607 5009 716 5060 ἔσω
745 5010 836 5060 τοῦ
877 5009 1270 5078 θησιαστηρίου
1305 5010 1640 5078 μετάστασίν
1681 5026 1739 5060 τε
1770 5010 1864 5062 καὶ

277 5102 446 5164 τάξιν
475 5100 971 5169 ἀπολαμϐάνουσιν,
1007 5101 1092 5152 ἵνα
1140 5101 1447 5171 λειτουργοὶ
1473 5104 1567 5154 καὶ
1607 5101 1863 5173 πάρεδροι

277 5193 369 5264 τῷ
405 5193 593 5260 Κυρίῳ
623 5191 942 5244 διατελῶσιν
963 5208 975 5220 ο
1021 5191 1163 5243 οὕτω
1198 5191 1262 5260 δὴ
1291 5192 1580 5260 σκοπῶμεν
1613 5192 1706 5243 καὶ
1738 5191 1866 5259 περὶ

279 5285 396 5353 τῆς
435 5283 700 5352 μυστικῆς
732 5282 824 5334 τοῦ
859 5281 1175 5350 Πνεύματος
1205 5282 1506 5347 κοινωνίας,
1531 5284 1657 5352 περὶ
1695 5276 1760 5351 ἦς
1789 5281 1865 5351 τῷ

293 5374 613 5442 Ἀποστόλῳ
652 5373 900 5444 εἴρηται·
955 5375 1026 5426 ’11
1073 5372 1244 5440 χάρις
1274 5374 1378 5426 τοῦ
1435 5374 1653 5440 Κυρίου
1697 5373 1866 5442 ἡμῶν

292 5467 514 5536 Ἰησοῦ
547 5467 825 5535 Χριστοῦ,
852 5466 948 5520 καὶ
985 5467 1023 5532 ἡ
1057 5465 1258 5535 ἀγάπη
1293 5466 1396 5518 τοῦ
1437 5467 1583 5520 Θεοῦ
1614 5468 1709 5519 καὶ
1746 5469 1864 5518 Πα-

279 5561 454 5628 τρός,
480 5559 576 5613 καί
604 5561 642 5626 ή
682 5557 962 5612 κοινωνία
1001 5556 1104 5610 τοῦ
1143 5557 1312 5624 ἁγίου
1339 5557 1864 5625 Πνεύματος.”υψει

282 5650 612 5718 σωζομένην
632 5648 952 5701 ἀκολουθίαν
981 5664 994 5677 ο
1020 5649 1218 5700 ἐνοικεί
1244 5649 1342 5716 μὲν
1366 5647 1473 5717 γὰρ
1499 5652 1529 5717 ή
1555 5649 1671 5700 θεία
1697 5649 1737 5700 Τ
1746 5649 1863 5718 pa;

361 5746 412 5774 ³⁸³
438 5742 481 5795 II
510 5741 636 5795 Cor.
660 5757 776 5803 xm.
824 5743 908 5795 13.

663 5837 931 5893 l'ATtmL.
967 5835 1079 5892 Gn.
1125 5833 1401 5893 XXXIV.

1963 4558 2133 4611 Porro
2167 4554 2627 4624 quemadmodum
2671 4556 2824 4625 juxta
2873 4554 3299 4609 ecclesiasticam
3333 4554 3530 4622 legem,

1962 4646 2018 4699 in
2045 4645 2261 4700 delictis
2301 4644 2630 4714 deprehensi
2682 4643 2985 4712 corporeis,
3029 4650 3385 4713 segregantur
3411 4641 3535 4711 qui-

1963 4735 2086 4791 dem
2141 4737 2376 4804 primum
2415 4750 2512 4804 per
2561 4735 2938 4799 sacerdotem;
2975 4733 3176 4788 deinde
3216 4733 3533 4803 praescripta

1963 4825 2269 4879 canonibus
2321 4823 2647 4894 paenitentia
2709 4822 2974 4885 exhibita,
3022 4821 3393 4876 communioni
3447 4835 3535 4875 re-

1964 4914 2305 4978 stituuntur;
2340 4912 2435 4981 qui
2469 4927 2600 4966 vero
2629 4912 2749 4966 sine
2781 4912 3085 4966 offensione
3125 4920 3182 4964 et
3209 4925 3347 4979 pure
3381 4911 3534 4965 vixe-

1963 5014 2110 5065 runt,
2139 5014 2538 5074 promoventur
2569 5003 2634 5057 ad
2671 5002 3063 5066 sacerdotium,
3088 5010 3144 5056 et
3175 5002 3244 5057 ab
3271 5002 3531 5058 exteriori

1961 5098 2082 5150 loco
2120 5095 2350 5148 interius
2398 5092 2465 5146 ad
2512 5092 2700 5146 altaris
2751 5092 3006 5146 viciniam
3051 5090 3296 5155 admissi,
3331 5099 3534 5146 statum

1958 5190 2067 5256 jam
2094 5194 2149 5239 et
2176 5183 2424 5237 ordinem
2474 5181 2772 5250 accipiunt,
2803 5190 2861 5234 ut
2891 5180 3126 5234 ministri
3149 5188 3204 5236 et
3232 5195 3536 5234 assessores

1968 5277 2196 5331 Domino
2221 5273 2389 5337 fiant;
2425 5270 2493 5324 ad
2525 5271 2865 5325 consimilem
2911 5270 3135 5324 modum
3187 5286 3299 5324 rem
3345 5286 3404 5325 se
3441 5271 3538 5325 ha-

1972 5369 2103 5423 bere
2144 5375 2463 5436 reputemus
2502 5367 2557 5420 in
2603 5364 2705 5418 hac
2735 5363 2960 5433 mystica
3007 5362 3247 5432 Spiritus
3285 5377 3537 5417 commu-

1975 5459 2162 5522 nione,
2200 5472 2308 5526 qua
2339 5456 2547 5511 dictum
2573 5454 2643 5508 ab
2675 5453 2935 5523 Apostolo
2964 5463 3083 5507 est:
3115 5452 3301 5510 Gratia
3327 5453 3538 5508 Domini

1973 5552 2137 5605 nostri
2169 5550 2292 5604 Jesu
2323 5548 2539 5612 Christi,
2567 5547 2796 5600 charitas
2817 5545 2911 5600 Dei
2943 5553 2991 5598 et
3020 5545 3215 5606 Patris,
3242 5555 3288 5599 ct
3312 5559 3538 5598 commu-

1974 5645 2166 5697 m’ratio
2194 5641 2364 5696 sancti
2406 5638 2632 5710 Spiritus
2647 5638 2711 5692 ³⁰.
2745 5636 2987 5702 Videbis,
3023 5637 3267 5705 inquam,
3307 5637 3539 5693 similem

3133 5825 3207 5884 30
