4044 6532
646 323 749 388 931

1876 319 1939 381 S.
1984 318 2303 380 MACARII
2343 319 2667 382 EGYPTII
3732 332 3812 398 932

644 436 741 493 hic
760 450 981 508 quoque
1010 436 1169 507 quasi
1194 433 1502 506 disciplina
1529 432 1801 491 ordinem.
1824 431 2049 488 Habitat
2074 431 2214 489 enim

2327 432 2389 485 εν
2415 434 2482 503 τῇ
2514 431 2771 503 καθαρῶς
2799 431 3001 506 ἀκούσῃ
3020 432 3192 504 ψυχῇ,
3223 432 3328 504 τῆς
3351 432 3498 498 θείας
3520 441 3811 510 χρηστότητις

644 524 834 581 divina
870 525 1115 581 Trinitas
1160 524 1215 579 in
1258 524 1444 580 anima
1480 538 1617 595 pure
1648 522 2041 587 vivente,.cum
2067 522 2223 592 adju-

644 625 811 671 vante
855 615 1028 686 ipsam
1062 616 1261 671 divinae
1304 612 1661 684 benignitatis
1710 612 1949 679 auxilio;
2010 612 2223 667 habitat

644 717 830 763 autem
856 722 968 761 non
1001 706 1054 760 in
1095 714 1363 774 quantum
1389 704 1444 759 in
1479 718 1539 758 se
1573 711 1692 768 est;
1734 704 1811 758 sic
1837 702 1985 757 enim
2020 710 2106 756 est
2134 702 2222 755 in-

644 798 1158 869 comprehensibilis
1204 796 1492 859 universaa.
1520 802 1726 865 quanta
1768 800 1874 858 est,
1912 800 2218 853 creaturae;

642 891 743 946 sed
769 891 827 944 in
850 898 1114 959 quantum
1143 896 1304 956 aptus
1328 895 1385 941 et
1412 900 1581 955 capax
1606 893 1693 939 est
1714 884 1900 938 homo.
1924 883 2219 951 Postquam

642 997 778 1037 vero
808 982 989 1035 anima
1023 980 1078 1033 in
1129 978 1391 1049 quopiam
1441 975 1757 1040 oﬂ‘enderit,
1814 973 2221 1044 transgrediens

642 1073 898 1127 ordinem
938 1071 1207 1134 divinum,
1247 1085 1312 1125 ac
1357 1069 1453 1124 Dei
1486 1068 1744 1138 spiritum
1788 1064 2216 1128 contristaverit,

641 1159 863 1229 ejicitur
902 1167 960 1213 et
997 1165 1316 1230 segregatur
1338 1172 1371 1211 a
1396 1154 1669 1226 spirituali
1710 1152 1902 1208 lzetitia
1932 1166 2107 1215 mens,
2138 1150 2220 1204 di-

640 1252 771 1307 vina
799 1251 1022 1321 quidem
1064 1251 1266 1322 gratia,
1311 1256 1369 1304 et
1415 1248 1684 1302 charitate
1736 1244 1910 1309 omni,
1945 1252 2000 1298 et
2028 1254 2221 1311 cpera-

642 1340 794 1397 tione
825 1340 1068 1411 Spiritus
1095 1356 1216 1396 sese
1241 1338 1734 1399 contrahentibus;
1778 1336 1928 1405 lapsa
1968 1334 2023 1387 in
2065 1330 2218 1386 defe-

642 1442 795 1489 ctum
822 1435 1003 1488 anima
1028 1431 1418 1487 aﬂlictionibus
1441 1430 1683 1493 interim,
1708 1436 1765 1483 et
1797 1424 2215 1490 tentationihus,

642 1535 702 1583 et
753 1526 1116 1596 malignorum
1174 1524 1470 1593 spirituum
1520 1519 1925 1583 vexationibus,
1973 1516 2215 1581 tradita;

644 1615 827 1687 quoad
856 1629 1049 1671 rursus
1090 1626 1240 1669 recte
1284 1614 1394 1683 jam
1438 1611 1744 1675 ambulans,
1795 1609 1978 1664 denuo
2030 1624 2089 1663 se
2146 1609 2215 1664 ad

640 1705 881 1777 Spiritus
945 1704 1347 1773 beneplacitum
1402 1701 1776 1771 adaptaverit;
1826 1698 2026 1754 deinde
2065 1698 2216 1753 velut

2331 522 2853 593 συνεφαπτομένης·
2885 525 3089 577 Evotst
3120 525 3177 578 δὲ
3219 526 3281 578 οὐ
3324 526 3445 579 καθ’
3476 526 3502 579 ὃ
3526 530 3680 581 ὲστινο
3709 532 3815 600 ἀχὼ-

2328 630 2493 685 ρητος
2524 612 2633 681 γὰρ
2657 615 2751 666 καὶ
2779 613 2918 684 αὐτῇ
2954 614 3104 685 πάσῃ
3130 618 3198 686 τῇ
3230 616 3439 670 κτίσει*
3467 617 3591 670 ἀλλά
3610 620 3812 677 καθ’ὀσον

2322 705 2454 772 γοῦν
2504 704 2825 774 ἐπιτηδείως
2888 705 3003 774 εχει
3054 706 3150 759 καὶ
3196 706 3459 771 δεκτικῶς
3504 708 3534 760 δ
3571 709 3813 778 ἄνθρωπος

2322 796 2547 850 ἐπειδὰν
2577 795 2635 850 δέ
2656 814 2708 849 τι
2741 799 3079 867 παρατραπῇ
3111 797 3209 865 τῆς
3238 796 3317 867 τῷ
3355 797 3473 867 Θεῷ
3503 800 3628 853 κατά
3645 802 3814 871 γνώμην

2320 886 2625 956 διαγωγῆς,
2648 888 2743 941 καὶ
2767 887 2829 940 τὸ
2874 886 3018 941 θεῖον
3044 887 3270 958 Πνεῦμα
3295 888 3597 959 λυπήσειεν,
3621 893 3815 946 tuam:-

2318 995 2412 1032 ται
2457 980 2553 1031 καὶ
2596 978 2921 1049 ἀφορίζεται
2950 978 3053 1048 τῆς
3091 980 3469 1049 πνευματικῆς
3504 982 3816 1052 εὐφροσύνηςί

2320 1070 2600 1141 νοῦςοτῆς
2653 1072 2752 1142 μὲν
2792 1071 2944 1134 θείας
2984 1069 3210 1140 χάριτος
3254 1073 3351 1122 καὶ
3389 1071 3488 1140 τῆς
3526 1072 3730 1140 ἀγάπης,
3753 1078 3816 1127 καὶ

2320 1161 2501 1230 πάσης
2534 1160 2634 1230 τῆς
2658 1161 2869 1230 ἀγαθῆς
2895 1159 2990 1213 τοῦ
3016 1159 3332 1229 Πνεῦματος
3364 1162 3628 1231 ινεργείας
3654 1167 3815 1218 cuml-

2319 1250 2586 1322 λομένηςο
2627 1252 2840 1305 ἐκείνου
2868 1252 2926 1305 δὲ
2959 1250 3173 1321 θλίψεσί
3212 1268 3273 1305 τε
3303 1253 3397 1305 καὶ
3444 1256 3732 1324 πειρασμοῖς
3753 1258 3817 1309 καὶ

2318 1346 2578 1415 πονηροῖς
2629 1346 2907 1414 πνεύμασι
2936 1344 3405 1415 παραδιδομένουο
3443 1346 3535 1400 καὶ
3579 1348 3739 1417 μέχρις
3772 1350 3816 1403 ἂν

2321 1434 2485 1489 πάλιν
2515 1435 2920 1507 ὀρθοποδίσειεν
2945 1437 2979 1505 ἡ
3003 1436 3150 1506 ψυχὴ
3172 1436 3311 1505 πρὸς
3338 1435 3439 1505 τὴν
3459 1436 3550 1490 τοῦ
3573 1437 3819 1506 nudam;

2318 1526 2679 1598 εὐαρέστησιν
2698 1542 2713 1556 ⁶
2746 1523 2865 1580 εἶτα
2901 1528 2991 1580 διὰ
3016 1528 3197 1597 πάσης
3220 1527 3645 1597 ὲξομολογήσεώς
3669 1545 3715 1581 τε
3752 1534 3819 1583 καὶ

2318 1616 2704 1679 ταπεινώσεως
2739 1616 2838 1687 τὴν
2867 1616 3156 1686 μετάνοιαν
3186 1616 3593 1687 ἑπιδειξαμένη,
3628 1619 3727 1671 τότε
3755 1624 3820 1674 καὶ

2319 1704 2476 1772 αὖθις
2504 1708 2606 1779 τῆς
2631 1709 2939 1778 ἐπισκοπῆς
2984 1707 3235 1772 ἀξιοῦται
3272 1708 3374 1777 τῆς
3399 1710 3631 1778 χάριτος,
3657 1712 3733 1763 καὶ
3750 1712 3819 1779 τὴν

642 1814 741 1868 per
769 1810 962 1851 omnes
988 1793 1362 1849 circumducta
1396 1791 1780 1862 poeuitentium
1813 1789 2036 1859 gradus,
2083 1803 2214 1842 con-

2315 1801 2567 1872 οὑράνιον
2605 1798 2949 1869 εὐφροσύνην
2999 1798 3167 1852 πλέον
3205 1798 3240 1870 ἢ
3288 1799 3433 1853 κατά
3483 1799 3678 1870 πρῶτον
3720 1802 3821 1855 ἀπο-

638 1887 884 1945 fessione
915 1902 1113 1956 nempe
1146 1895 1204 1941 et
1231 1885 1634 1951 humiliatione,
1655 1882 1975 1937 visitatione
2003 1881 2217 1936 tandem

643 1980 845 2035 iterum
880 1978 1070 2049 gratia:
1117 1978 1347 2042 beatur;
1387 1975 1521 2045 quin
1554 1982 1609 2029 et
1645 1973 1886 2029 cmlestis
1909 1973 2219 2027 uberiorem

642 2072 919 2128 interdum
963 2084 1277 2124 mensuram
1315 2066 1516 2122 laetitiae
1548 2064 1765 2134 recipit.
1796 2063 1950 2129 Quod
1995 2064 2041 2118 si
2072 2063 2219 2117 nulla

642 2165 699 2218 in
746 2178 804 2217 re
850 2161 1115 2230 Spiritum
1143 2156 1691 2222 contristaverit,sed
1731 2157 1884 2226 juxta
1926 2156 2023 2210 Dei
2054 2156 2222 2209 bene-

641 2254 903 2324 placitum
941 2250 1158 2315 vixerit,
1183 2250 1400 2305 cunctis
1442 2248 1625 2319 pravis
1663 2246 2087 2317 cogitationibus
2118 2262 2212 2301 va-

639 2346 752 2401 lide
816 2345 1096 2410 resistens,
1153 2344 1494 2411 Dominoque
1557 2340 1828 2395 indivulse
1886 2338 2210 2406 adhaerens;

642 2437 769 2494 talis
797 2436 998 2492 merito
1021 2450 1086 2490 ac
1127 2441 1531 2504 consequenter
1567 2447 1849 2501 nunquam
1902 2432 2213 2500 interrupto

640 2536 807 2583 auctu
853 2526 1073 2598 proiicit
1100 2525 1305 2589 anima,
1353 2523 1623 2592 donisque
1654 2520 2027 2577 ineﬂ‘abilibus
2052 2522 2211 2591 207

641 2619 969 2685 instruitur;
1009 2632 1113 2673 nec
1159 2631 1271 2670 non
1296 2630 1329 2669 a
1360 2615 1532 2686 gloria
1583 2613 1639 2667 in
1686 2613 1935 2684 gloriam,
1964 2628 1994 2667 a
2025 2613 2212 2682 quiete

639 2716 698 2771 in
752 2715 1138 2786 perfectiorem
1184 2712 1426 2782 quietem
1462 2710 1843 2766 transferetur.
1879 2709 2124 2778 Denique
2156 2717 2213 2762 et

2317 1892 2605 1961 λαμϐάνει.
2648 1892 2712 1944 Ei
2740 1892 2797 1944 δὲ
2830 1890 2968 1961 πρὸς
2992 1890 3162 1961 μηδὲν
3207 1892 3272 1944 τὸ
3312 1890 3537 1960 Πνεῦμα
3569 1891 3819 1959 λυπήοτιιν,

2318 1984 2432 2037 ἀλλ’
2463 1984 2547 2051 είη
2574 1983 2724 2047 ζῶσά
2747 1999 2808 2035 τε
2836 1982 3171 2052 εὐαρέστως,
3196 1984 3292 2037 καὶ
3316 1982 3592 2052 λογισμοῖς
3623 1984 3707 2052 μὲν
3723 1986 3821 2037 πᾶσι

2320 2076 2576 2145 πονηροῖς
2627 2075 3077 2145 ἀντιταττομένη,
3117 2074 3195 2144 τῷ
3248 2076 3441 2145 κυρίῳ
3488 2075 3543 2127 δὲ
3572 2075 3822 2144 unum

2320 2163 2637 2231 διαπαντὸς,
2668 2166 2700 2235 ἡ
2740 2163 2967 2233 τοιαύτη
3018 2163 3245 2226 δικαίως
3284 2164 3396 2232 ἄρα
3444 2164 3539 2217 καὶ
3573 2163 3820 2225 ἀκολούθως

2319 2257 2619 2327 προκόπτει
2649 2255 2817 2325 ψυχὴ,
2854 2256 2951 2309 καὶ
2981 2254 3201 2326 δωρεῶν
3228 2255 3455 2323 ἀφάτων
3479 2255 3720 2320 ἀξιοῦται,
3747 2257 3825 2307 ἀπὸ

2319 2348 2478 2418 δόξης
2497 2350 2578 2411 είς
2598 2348 2780 2413 δόξαν,
2808 2348 2904 2401 καὶ
2926 2346 3035 2401 ἀπὸ
3057 2348 3421 2409 ἀναπαύσεως
3446 2350 3524 2411 είς
3542 2347 3817 2416 τελειοτέραν

2319 2439 2631 2493 ἀνάπαυσιν
2673 2439 3048 2507 μετατίθεται.
3086 2433 3219 2491 Εἶτα
3244 2439 3340 2493 καί
3367 2440 3449 2500 είς
3473 2438 3533 2491 τὸ
3563 2438 3739 2492 τέλειον
3757 2436 3824 2490 τοῦ

2319 2529 2750 2602 Χριστιανισμοῦ
2778 2530 2977 2601 μέτρον
3000 2530 3333 2601 ἀφικομένη,
3351 2534 3468 2594 τοῖς
3487 2532 3692 2591 τελείοις
3706 2530 3824 2601 ἐργά-

2316 2639 2457 2684 ταις,
2508 2621 2603 2674 καὶ
2663 2623 2774 2684 τοῖς
2822 2619 3074 2692 ἀμώμοις
3124 2621 3218 2673 τοῦ
3270 2621 3512 2691 Χριστοῦ
3560 2621 3825 2688 λειτουργοῖς

2318 2710 2459 2764 κατά
2488 2709 2587 2780 τὴν
2612 2708 2831 2763 αἰώνιον
2862 2710 3028 2763 αὑτοῦ
3059 2712 3458 2781 συνταγήσεται
3491 2709 3752 2781 βασιλείαν.

640 2824 814 2882 usque
858 2809 924 2867 ad
976 2822 1320 2882 supremum,
1352 2822 1461 2878 quo
1513 2804 1816 2877 perducere
1861 2803 2312 2862 Clnistianismus
2337 2805 2617 2862 hominem
2660 2813 2861 2878 patest,
2911 2806 3267 2875 perfectionis
3318 2808 3532 2876 apicem
3574 2819 3825 2877 progressa,

638 2907 902 2978 perfectis
931 2903 1220 2977 operariis,
1263 2910 1320 2956 et
1357 2900 1649 2970 iuculpatis
1679 2898 1885 2955 Christi
1942 2899 2208 2954 ministris
2245 2899 2302 2955 in
2335 2909 2544 2956 aeterno
2573 2916 2743 2972 regno
2770 2898 3120 2971 adjrmgetur.

711 2998 903 3055 XXIX.
938 2999 1060 3053 Haec
1092 3011 1214 3067 quae
1258 2994 1513 3049 videmus
1549 2992 1603 3047 in
1648 2992 1813 3061 paulo
1846 3000 1973 3046 ante
2004 3006 2210 3046 memo-

640 3100 762 3145 rato
787 3104 1069 3144 sacrorum
1105 3088 1236 3150 ritu,
1268 3087 1471 3155 ﬁguras
1492 3099 1613 3138 esse
1642 3092 1771 3152 puta
1797 3092 1853 3136 ct
1877 3084 2096 3137 umbras
2117 3096 2212 3137 oc-

2389 2990 2519 3045 KO’.
2555 2993 2635 3045 Τὰ
2683 2992 2993 3062 φαινόμενα
3039 2991 3211 3045 ταῦτα
3268 2990 3477 3055 τύπους
3505 2990 3611 3046 οἵου
3655 3010 3731 3061 μοι
3763 2993 3828 3043 καὶ

2321 3082 2479 3146 σκιὰς
2524 3084 2634 3137 τῶν
2661 3085 2911 3155 κρυφίων
2949 3081 3125 3139 εἶναι’
3160 3084 3251 3137 τὸν
3300 3084 3430 3137 ναδν
3478 3084 3567 3138 τὸν
3611 3084 3827 3154 ὁρώμενον

640 3182 940 3236 cultorum.
987 3177 1271 3247 Templum
1318 3182 1447 3243 puta
1495 3172 1732 3237 visibile,
1774 3172 1996 3237 cordis;
2027 3187 2212 3228 sacer-

2318 3174 2413 3229 τοῦ
2441 3175 2540 3245 τῆς
2567 3176 2793 3247 καρδίας
2817 3174 2968 3241 ναοῦ,
2999 3176 3093 3229 τὸν
3115 3175 3283 3247 ίερέα,
3303 3175 3401 3229 τοῦ
3426 3174 3666 3245 ἀληθινοῦ
3688 3175 3828 3242 ἱερέως

640 3274 847 3335 dotem,
876 3269 991 3323 veri
1014 3265 1317 3322 sacerdotis
1347 3263 1554 3320 Christi
1589 3262 1821 3333 gratiam
1849 3280 1864 3315 :
1894 3272 1952 3317 et
1976 3262 2055 3316 sic
2084 3277 2214 3332 por—

640 3375 727 3415 ro.
761 3361 831 3416 Ut
876 3359 1043 3428 igitur
1100 3356 1157 3411 in
1193 3354 1437 3410 Ecclesia
1487 3353 1690 3408 visibili
1737 3352 1842 3406 nisi
1881 3353 2034 3422 prius
2083 3350 2215 3405 ﬁant

642 3468 812 3508 sacra:
858 3452 1145 3515 lectiones,
1174 3458 1230 3504 et
1272 3462 1395 3518 quae
1448 3457 1646 3502 caetera
1692 3460 1903 3501 canone
1955 3445 2216 3500 ecclesia-

641 3546 782 3602 stico
832 3543 1095 3613 consequi
1153 3540 1383 3604 debent,
1414 3538 1736 3608 procedant,
1789 3536 2106 3607 psalmodia:
2159 3546 2216 3593 et

639 3651 857 3693 sacrum
913 3635 1096 3705 ipsum
1144 3630 1464 3703 mysterium
1526 3628 1779 3698 corporis
1823 3636 1880 3682 et
1933 3629 2217 3699 sanguinis

637 3729 846 3787 Christi
893 3726 1078 3797 peragi
1124 3740 1156 3779 a
1200 3722 1507 3784 sacerdote,
1535 3721 1940 3789 inconsequens
1981 3731 2084 3778 est.
2119 3720 2213 3777 Vi-

638 3824 825 3879 cissim
870 3829 1075 3881 autem,
1118 3817 1165 3872 si
1210 3816 1297 3870 vel
1334 3813 1568 3869 maxime
1610 3813 2016 3868 ecclesiasticus
2039 3828 2214 3869 canon

638 3915 893 3983 expletus
926 3909 1114 3972 fuerit,
1158 3904 1365 3961 oblatio
1414 3912 1599 3958 autem
1661 3902 1891 3973 mystica
1930 3917 2041 3957 non
2070 3904 2216 3957 cele-

638 4004 831 4060 bretur
859 3997 1215 4060 asacerdote,
1262 4010 1366 4049 nec
1419 3992 1751 4049 eucharistia
1797 4001 1853 4047 et
1901 3992 2216 4049 communio

639 4092 891 4164 corporis
920 4088 1124 4146 Christi
1155 4084 1592 4148 administretur,
1636 4082 1781 4137 haud
1834 4082 2076 4152 perfecte
2122 4083 2217 4138 ab-

639 4185 874 4240 solvitur
900 4178 1398 4236 ecclesiasticarum
1445 4173 1898 4228 ceremoniarum
1953 4173 2111 4238 ordo,
2159 4182 2216 4230 et

639 4287 867 4329 mancus
903 4270 1246 4337 mutilnsque
1280 4266 1376 4321 Dei
1421 4265 1606 4319 cultus
1648 4278 1713 4317 ac
1753 4262 1944 4333 religio
1976 4272 2079 4318 cst.
2125 4264 2217 4322 Sic

639 4363 778 4419 mihi
809 4370 868 4416 tu
905 4359 974 4415 de
993 4358 1309 4414 Christiano
1328 4353 1576 4422 quolibet
1600 4352 1797 4422 cogita.
1824 4351 1879 4406 Si
1901 4353 2049 4406 enim
2085 4352 2133 4408 is
2159 4355 2215 4409 in

636 4452 851 4527 jejunio
878 4448 1101 4521 quidem
1125 4456 1181 4503 et
1213 4444 1419 4515 vigilia,
1459 4452 1516 4499 et
1560 4443 1616 4496 in
1665 4440 1964 4511 psalmodia
2007 4442 2137 4496 item
2160 4453 2217 4500 et

2314 3267 2413 3336 τῆς
2439 3266 2535 3320 τοῦ
2566 3267 2806 3333 Χριστοῦ
2827 3268 3048 3338 χάριτος
3067 3285 3082 3299 ·
3113 3268 3208 3321 καὶ
3230 3267 3428 3335 ἑφεξῆς
3450 3266 3633 3327 οὕτως.
3667 3265 3826 3327 ὀπερ

2314 3352 2407 3411 οὖν
2437 3358 2580 3412 κατά
2611 3360 2776 3429 τήνδε
2805 3360 2906 3430 τὴν
2928 3359 3133 3430 δρατὴν
3172 3358 3520 3427 Ἐκκλησίαν,
3555 3358 3616 3410 ἆν
3643 3356 3705 3425 μὴ
3730 3356 3828 3423 apd.

2315 3465 2472 3519 τερον
2498 3451 2552 3502 αἱ
2582 3449 2946 3519 ἀναγνώσεις,
2978 3451 3035 3505 ai
3055 3450 3370 3521 ψαλμῳδξαι
3403 3467 3466 3504 τε
3496 3449 3588 3503 καὶ
3619 3450 3693 3512 τίς
3718 3453 3825 3502 ἐστιν

2315 3539 2610 3594 ἀκολουθία
2653 3542 2748 3595 τοῦ
2795 3541 3250 3614 ἐκκλησιαστικοῦ
3317 3541 3552 3611 βαθμοῦ,
3597 3540 3827 3612 προχωρή-

2322 3644 2488 3696 σειεν,
2528 3631 2662 3685 αὐτὸ
2692 3631 2753 3685 τὸ
2787 3631 2931 3686 θεῖον
2968 3634 3270 3703 μυστήριον
3289 3632 3387 3686 τοῦ
3422 3632 3667 3701 σώματός
3693 3648 3741 3683 τε
3760 3632 3825 3682 καὶ

2316 3721 2549 3790 αἵματος
2594 3721 2691 3776 τοῦ
2722 3721 2963 3793 Χριστοῦ
3008 3724 3098 3777 τὸν
3146 3722 3297 3793 ίερέα
3328 3723 3598 3776 ἐπιτελεῖν
3623 3722 3711 3775 οὐκ
3734 3720 3827 3774 ἀπό·

2316 3807 2528 3864 λουθον.
2572 3808 2705 3865 Εἶτα
2738 3812 2845 3865 κάν
2890 3813 2997 3875 πᾶς
3031 3811 3131 3881 μὲν
3158 3812 3187 3862 ό
3229 3810 3673 3881 ἐκκλησιαστικδς
3696 3808 3826 3863 uuln

2316 3900 2616 3972 ὲπιτεθείη,
2666 3904 2699 3971 ἡ
2749 3904 2984 3973 μυστικὴ
3031 3903 3087 3956 δὲ
3133 3904 3234 3971 τῆς
3285 3905 3600 3975 προσφορᾶς
3646 3903 3733 3955 ὖπδ
3759 3900 3825 3953 τοῦ

2320 3993 2511 4062 ἱερέως
2538 3994 2875 4065 εὐχαριστία,
2916 3994 3011 4049 καὶ
3050 3995 3083 4065 ή
3117 3994 3373 4047 κοινωνία
3389 3994 3488 4048 τοῦ
3520 3994 3738 4063 σώματος
3759 3990 3825 4044 τοῦ

2316 4085 2554 4156 Χριστοῦ
2604 4086 2678 4156 μὴ
2709 4086 2958 4156 γένηται,
3006 4085 3131 4140 οὔτε
3164 4087 3194 4139 ὀ
3235 4086 3673 4156 ἐκκλησιαστικὸς
3698 4084 3826 4146 isch-

2318 4173 2622 4244 σιουργήθη
2648 4174 2870 4243 θεσμὸς,
2913 4176 3009 4228 καὶ
3046 4174 3270 4246 ἐλλιπής
3297 4177 3449 4229 ἐστιν
3477 4178 3512 4246 ἠ
3539 4174 3733 4243 λατρεία
3758 4170 3825 4225 τοῦ

2319 4264 2659 4336 μυστηρίου·
2696 4263 2840 4318 οὕτω
2874 4281 2966 4334 μοι
3007 4266 3104 4318 καὶ
3134 4266 3203 4318 τὰ
3247 4265 3345 4318 τοῦ
3388 4261 3700 4334 Χριστιανοῦ
3720 4260 3822 4311 νόιι’

2318 4355 2385 4409 ἂν
2417 4340 2524 4424 γὰρ
2557 4355 2812 4424 νηστείαν
2846 4355 2947 4425 μὲν
2977 4356 3071 4408 καί⁵
3096 4354 3407 4425 ἀγρυπνίαν
3431 4356 3528 4409 καὶ
3550 4353 3823 4423 ψαλμφδίιν.

2316 4446 2444 4518 ὅλην
2474 4464 2532 4500 τε
2563 4446 2796 4517 ἄσκησιν
2823 4447 2917 4501 καὶ
2948 4448 3152 4518 ἀρετὴν
3179 4451 3360 4500 πᾶσαν
3394 4442 3731 4517 κατορθωκὼς
3746 4441 3821 4507 εἴη·

641 4547 703 4602 in
751 4542 969 4599 cunctis
1008 4538 1201 4596 oiﬁciis
1235 4536 1500 4590 virtutum
1554 4533 1934 4588 universarum
1971 4535 2119 4589 omni
2152 4550 2211 4589 se

2316 4539 2352 4608 ἠ
2378 4538 2617 4611 μυστικὴ
2640 4539 2697 4592 δὲ
2722 4540 2817 4592 τοῦ
2857 4539 3176 4611 Πνεύματος
3207 4539 3465 4609 ἐνέργεια
3489 4539 3568 4609 τῷ
3593 4539 3825 4600 (iustasq-

641 4636 928 4706 diligentia
955 4630 1266 4689 exercuerit
1295 4646 1308 4682 :
1341 4641 1442 4682 nec
1477 4636 1658 4680 tamen
1681 4639 1751 4677 eo
1774 4639 2011 4693 unquam
2046 4624 2212 4694 proﬁ-

643 4724 1167 4801 ciendopertingat,
1200 4728 1262 4775 ut
1301 4717 1530 4785 mystica
1576 4713 1817 4782 Spiritus
1860 4716 2107 4783 operatio
2152 4715 2207 4769 in

640 4817 800 4875 altari
845 4815 1028 4873 cordis
1064 4814 1187 4883 ejus
1228 4825 1259 4865 a
1303 4808 1475 4879 gratia
1522 4820 1649 4862 cum
1692 4818 1856 4860 sensu
1906 4805 2125 4870 intimo,
2154 4813 2211 4862 et

640 4915 823 4969 omnis
861 4906 1166 4980 spiritualis
1213 4900 1414 4974 quietis
1468 4915 1666 4955 arcana
1708 4900 2042 4970 experientia
2083 4917 2209 4970 per-

640 5014 851 5073 agatur,
880 4998 1198 5069 imperfecta
1230 4992 1402 5048 fuerit
1430 4998 1541 5046 tota
1577 4990 1670 5045 illa
1706 4989 2023 5058 praecedens
2043 4991 2215 5047 series

2317 4629 2419 4699 ρίῳ
2443 4630 2543 4700 τῆς
2571 4630 2739 4683 αὐτοῦ
2770 4632 3002 4700 καρδίας
3030 4632 3136 4685 ὑπὸ
3166 4635 3266 4703 τῆς
3286 4632 3511 4701 χάριτος
3541 4629 3653 4684 κατ’
3674 4625 3820 4692 cim-

2314 4735 2398 4772 σιν
2432 4721 2613 4774 πᾶσαν
2650 4723 2743 4775 καὶ
2792 4724 3175 4793 πνευματικὴν
3222 4725 3539 4777 ἀνάπαυσιν
3569 4723 3641 4792 μὴ
3666 4705 3826 4770 ’ἔπιτε-

2310 4811 2475 4879 λοίτο,
2505 4813 2701 4884 ἀτελὴς
2726 4815 2760 4885 ἡ
2790 4814 2969 4868 τοιάδε
2998 4816 3147 4868 πᾶσα
3168 4814 3269 4884 τῆς
3291 4816 3579 4884 ἀσκήσεως
3598 4805 3823 4864 ἀκολουθία

2312 4905 2406 4958 καὶ
2450 4904 2638 4973 σχεδὸν
2689 4906 2855 4976 ἀργὴ,
2901 4906 3000 4958 οὐκ
3046 4905 3248 4974 ἔχουσα
3292 4905 3391 4975 τὴν
3434 4904 3530 4959 τοῦ
3574 4900 3825 4969 “minus;

2313 4995 2636 5061 ἀγαλλίασιν
2660 4998 2937 5067 μυστικῶς
2965 4998 3024 5051 εν
3055 5000 3121 5066 τῇ
3152 4997 3351 5067 καρδία
3377 4995 3762 5068 ἐνεργουμένην·

639 5096 1017 5165 religiosarum
1060 5085 1531 5147 observationum,
1560 5088 1620 5137 et
1677 5079 1850 5136 ferme
1884 5079 2095 5136 inutilis
2164 5096 2275 5136 non
2310 5082 2521 5141 habens
2560 5086 2984 5143 exsultationem
3013 5088 3378 5157 spiritualem,
3408 5102 3608 5142 arcane
3636 5078 3826 5139 incede

636 5187 982 5259 productam.

708 5278 876 5334 XXX.
921 5276 1131 5331 Bonum
1169 5282 1257 5330 est
1296 5271 1587 5346 jejunium,
1629 5268 1773 5324 bona
1817 5266 2023 5339 vigilia.
2061 5267 2206 5323 bona

636 5370 894 5426 similiter
908 5366 1088 5423 omnis
1104 5364 1447 5429 exercitatio,
1463 5371 1521 5417 et
1541 5362 1651 5429 vita
1669 5374 1897 5430 peregre
1924 5359 2205 5427 traducta;

632 5470 894 5516 caeterum
942 5460 1058 5513 hac
1086 5455 1351 5528 promtnia
1379 5460 1510 5509 sunt
1538 5461 1715 5507 status
1742 5458 1799 5505 et
1827 5450 2203 5505 conversatio—

634 5556 724 5607 nis
748 5552 919 5606 Deum
950 5564 1078 5606 vere
1109 5547 1445 5613 amantium;
1495 5544 1641 5599 unde
1684 5542 2054 5598 inconsultum
2080 5557 2206 5610 pro-

636 5648 781 5700 iecto
795 5654 881 5698 est
909 5644 976 5697 iis
1004 5654 1333 5713 magnopere
1354 5637 1651 5693 conlidere.
1676 5636 1771 5691 ESt
1787 5635 1961 5700 enim,
1983 5635 2205 5705 quando

637 5732 823 5804 gratia:
864 5731 1147 5802 cujusdam
1176 5729 1473 5800 participes
1500 5727 1695 5783 ﬁamus
1719 5743 1734 5780 :
1761 5734 1815 5779 et
1852 5734 1966 5779 tum
1997 5724 2203 5780 malitia

2375 5270 2455 5323 A'.
2504 5267 2683 5323 Καλὸν
2734 5271 2769 5341 ἡ
2807 5272 3049 5342 νηστεία,
3102 5272 3265 5326 καλὸν
3315 5269 3667 5343 ήάγρυπνὶα,
3696 5264 3827 5319 acan

2302 5361 2503 5431 ὁμοίως
2539 5361 2853 5431 ήάσκησις,
2898 5364 2993 5416 καὶ
3032 5364 3067 5433 ἡ
3113 5365 3207 5416 ἐπὶ
3252 5364 3413 5435 ξένης
3466 5364 3729 5432 διαγωτή⁸
3762 5356 3827 5407 u‘.

2302 5450 2578 5520 προοίμια
2612 5450 2784 5505 ταῦτα
2821 5451 3095 5514 πολιτείας
3129 5452 3410 5521 θεοφιλοῦς
3439 5471 3457 5485 ·
3508 5455 3760 5519 ἀλόγιστον
3786 5443 3826 5495 ἃ

2311 5542 2551 5611 ἀτεχνῶς
2582 5542 2641 5595 τὸ
2667 5543 2854 5607 ἁπλῶς
2888 5546 3001 5606 τοῖς
3047 5545 3309 5609 τοιούτοις
3349 5548 3679 5618 ἐπιθιρρεἰν.
3712 5538 3825 5599 Ἐἱτι

2312 5633 2421 5704 γὰρ
2449 5635 2536 5687 ὅτε
2566 5634 2660 5687 καὶ
2696 5635 2918 5704 χάριτός
2951 5653 3095 5700 τινος
3127 5638 3184 5690 ὲν
3226 5642 3429 5710 μετοχῇ
3475 5629 3824 5702 καθιστάμεθγ

2314 5727 2406 5780 καὶ
2431 5727 2464 5796 ἡ
2494 5728 2663 5780 κακία
2692 5726 2839 5781 ἔνδον
2884 5727 3303 5801 ὑποκαθημένη,
3358 5732 3612 5799 καθάπερ
3662 5730 3710 5779 εν
