4044 6528
263 343 367 403 933

1443 346 1673 407 LIBER
1710 345 1808 406 DE
1848 345 2299 408 CHARITATE.

3392 341 3493 404 93$

263 452 378 505 ἄνω
406 446 675 513 λέλεκται,
722 448 1002 518 σοφίζεται
1049 448 1143 503 καὶ
1193 446 1733 522 ὕποχωρεῖ,ἐκοῦσα,
1767 451 1828 503 οὐ

1939 451 2083 508 intus
2110 453 2164 507 in
2191 451 2354 508 nobis
2384 449 2674 506 subsidens
2723 448 2907 520 (prout
2954 447 3209 517 superius
3247 454 3330 507 est
3380 464 3494 504 mc-

268 540 504 610 πράττει
530 537 602 591 τά
645 539 846 608 ἐαυτῆς
876 555 889 570 ο
924 538 1059 593 ἀλλά
1090 540 1239 592 ποιεῖ
1261 540 1481 611 νομίσαι
1508 540 1601 594 τὸν
1630 541 1833 613 ἀνθρω⁸

268 647 393 694 πον,
430 629 857 700 διακεκαθάρθαι
889 629 980 683 τὸν
1010 629 1134 683 νοῦν
1160 646 1175 660 ·
1215 629 1310 684 καὶ
1347 629 1408 684 τὸ
1437 630 1621 686 λοιπὸν
1647 632 1832 700 ἐξάγει

267 723 405 790 πρὸς
438 721 614 790 οῖησιν
639 720 1000 790 τελειότητος.
1035 714 1171 774 Εἶτα
1198 720 1507 792 λῃστρικῶν
1534 722 1833 776 ἐπιτίθεται

264 812 361 864 καὶ
382 811 492 865 τῶν
526 811 853 864 κατωτάτων
882 812 1009 880 ἄχρι
1034 812 1331 882 καταφέρει
1356 814 1455 882 τῆς
1482 812 1608 882 γῆς.
1640 813 1703 865 Οί
1726 814 1834 883 γὰρ

262 899 543 970 ἄνθρωποι
600 898 861 961 πολλάκις
910 899 1115 953 εἴκοσιν
1161 898 1255 971 ἐτη
1320 901 1601 970 γενόμενοι
1638 899 1833 972 λῃσταί

265 1007 413 1054 τινες
436 990 468 1061 ἢ
499 990 833 1060 στρατιῶται
860 990 921 1043 τὸ
945 992 1310 1062 ἐπιτήδευμα,
1342 991 1589 1062 μηχανάς
1612 1009 1670 1044 τε
1693 991 1836 1045 κατὰ

267 1083 376 1135 τῶν
420 1081 694 1151 πολεμίων
746 1082 1088 1144 ἐπίστανται,
1123 1081 1495 1151 ὐποκάθηνταί
1526 1099 1584 1135 τε
1624 1083 1719 1137 καὶ
1757 1082 1837 1135 ἐν·

268 1169 429 1241 ἑδρας
473 1171 766 1233 ἐπινοοῦσι,
800 1172 892 1224 καὶ
935 1170 1001 1224 τά
1033 1172 1141 1224 τῶν
1204 1172 1413 1243 ἐχθρῶν
1466 1173 1837 1244 λαμϐάνουσιν

265 1254 403 1322 ὦτα,
428 1262 522 1315 καί⁵
548 1263 848 1315 κτείνουσιν
870 1261 1208 1327 ἀνελπίστως
1241 1281 1307 1317 πε
1318 1264 1645 1336 ριϐαλόντες.
1678 1265 1835 1336 Πόσῳ

269 1370 332 1422 γε
364 1353 564 1424 μᾶλλον
595 1355 630 1424 ἡ
670 1353 835 1406 κακία
866 1346 1135 1423 τοσαύτας
1169 1353 1412 1425 χιλιάδας
1440 1356 1575 1409 ἐτῶν
1604 1372 1835 1427 γεγενη-

272 1446 433 1513 μένη,
475 1445 571 1498 καὶ
602 1442 763 1497 τοῦτο
803 1444 963 1514 ἔργον
988 1444 1191 1515 ἐαυτῆς
1214 1446 1520 1516 τεθειμένη,
1567 1446 1627 1499 τὸ
1674 1463 1839 1500 σπου-

268 1535 548 1590 δαιότατον
594 1535 654 1589 τὸ
682 1534 901 1588 ἀπολεῖν
945 1535 1147 1607 ψυχὰς,
1182 1537 1402 1608 ἐνέδρας
1445 1533 1551 1591 εἶδε
1582 1537 1837 1602 τοιαύτας

270 1632 331 1684 ἐν
364 1627 669 1699 ἀποκρύφῳ
689 1629 786 1697 τῆς
802 1629 1030 1701 καρδίας
1053 1631 1308 1693 ἐπινοεῖν,
1329 1628 1426 1683 καὶ
1447 1628 1587 1684 κατὰ
1612 1630 1838 1700 καιροὺς

272 1726 534 1795 ἀτρεμεῖν
570 1722 841 1793 ἐπίτηδες,
877 1723 973 1777 καὶ
1004 1723 1078 1795 μὴ
1123 1725 1367 1795 ἐνεργεῖν
1389 1739 1403 1756 '
1444 1724 1584 1779 ὥστε
1607 1725 1705 1797 τὴν
1733 1724 1838 1795 ψυ-

1933 551 2204 599 moratum
2243 558 2272 597 a
2306 541 2488 610 nobis)
2537 538 2769 595 subdole
2812 538 2922 610 agit
2955 546 3013 594 et
3055 546 3252 608 Sponte
3278 552 3336 595 se
3370 538 3511 593 sub-

1935 636 2135 701 trahit;
2164 651 2267 691 nec
2290 642 2574 705 operatur,
2607 647 2727 703 qua:
2776 645 2876 685 sua
2913 639 3061 685 sunt.
3084 629 3192 684 Sed
3222 628 3498 684 hominem

1935 725 2165 789 inducit,
2192 724 2549 780 utexistimet
2613 729 2854 777 mentem
2891 736 3043 775 suam
3085 735 3204 775 esse
3238 720 3501 775 emunda—

1934 824 2081 870 tam:
2110 823 2166 869 et
2203 814 2282 870 sic
2310 829 2475 884 porro
2504 812 2735 883 impellit
2764 811 3020 866 eumdem
3058 809 3114 863 in
3143 809 3502 879 perfectionis

1933 907 2365 977 persuasionem.
2416 905 2555 959 Tum
2601 918 2734 959 vero
2775 903 3048 957 latronum
3081 900 3187 955 ritu
3239 900 3293 954 in
3322 898 3499 970 ipsum

1933 999 2063 1056 facit
2092 1000 2377 1069 impetum,
2406 1014 2645 1068 eumque
2676 998 2731 1053 in
2768 996 2953 1051 intima
2977 1010 3149 1064 usque
3178 1003 3339 1051 terra:
3366 1010 3502 1063 prm-

1933 1093 2148 1163 cipitat.
2184 1093 2324 1148 Sunt
2366 1093 2618 1147 homines
2668 1089 2919 1145 innutriti
2976 1089 3291 1144 tractationi
3325 1103 3506 1143 armo-

1936 1199 2082 1249 rum,
2115 1185 2206 1254 qui
2237 1183 2399 1237 annis
2424 1182 2614 1252 viginti
2654 1190 2750 1234 aut
2800 1180 3113 1243 latrocinio,
3155 1187 3249 1234 aut
3295 1179 3505 1234 militia:

1935 1294 2267 1345 assuevere;
2299 1277 2501 1348 quippe
2552 1276 2736 1331 sciunt
2776 1276 3214 1330 machinationes
3256 1275 3311 1329 in
3337 1274 3505 1329 rebus

1935 1369 2284 1424 militaribus.
2328 1368 2395 1423 Hi
2425 1365 2733 1430 subsident,
2762 1373 2819 1421 et
2851 1364 3066 1421 insidiis
3097 1364 3410 1430 intendunt,
3441 1380 3507 1418 ac

1938 1460 2175 1515 hostium
2210 1468 2469 1515 avertunt
2490 1473 2684 1523 aures;
2711 1465 2768 1512 et
2788 1457 2868 1511 sic
2901 1456 3208 1511 insilientes
3228 1440 3505 1510 trucidant

1935 1563 2003 1603 ex
2042 1548 2361 1619 improviso.
2415 1550 2631 1615 Quanto
2678 1546 2850 1618 magis
2898 1546 3128 1612 malitia,
3158 1554 3239 1599 tot
3270 1544 3503 1598 millium

1938 1653 2229 1702 annorum,
2254 1648 2310 1694 et
2338 1654 2476 1710 opus
2502 1640 2607 1694 hoc
2644 1636 2912 1710 perdendi
2944 1637 3153 1693 animas
3174 1635 3277 1691 sibi
3306 1649 3507 1704 propo—

1939 1742 2098 1793 nens,
2132 1728 2361 1782 insidias
2403 1726 2618 1783 noverit
2652 1725 2921 1798 ejusmodi
2956 1725 3014 1779 in
3051 1724 3235 1779 cordis
3271 1723 3507 1778 abscon-

413 1790 648 1870 ‘élxﬁaat
696 1790 832 1887 πρὸς
882 1790 1077 1887 οἴησιν-
1119 1790 1490 1891 τελειότητος;
1540 1819 1599 1873 Ὀ
1656 1790 1838 1889 μέντοι

1940 1814 2056 1870 dito
2083 1790 2473 1877 comminisci,
2507 1824 2565 1871 et
2615 1790 2954 1887 temporibus
2981 1812 3308 1883 opportunis
3331 1810 3398 1865 de
3424 1810 3510 1864 in-

271 1908 525 1978 θεμέλιος
549 1906 641 1961 τοῦ
668 1906 1127 1979 Χριστιανισμοῦ,
1162 1908 1266 1963 κᾶν
1290 1909 1471 1974 πάσας
1497 1928 1579 1975 τις
1607 1912 1840 1985 μετέλθῃ

270 1998 639 2062 δικαιοσύνας,
677 1999 750 2069 μὴ
783 1998 1229 2053 ἐπαναπαύεσθαι
1267 2000 1492 2063 τούτων,
1539 2001 1675 2070 μηδὲ
1720 2001 1840 2054 ἐπι-

271 2090 521 2163 θαῤῥεῖν,
548 2090 683 2161 μηδὲ
722 2089 864 2161 μέγα
893 2108 946 2144 τι
974 2090 1334 2162 πεποιηκέναι
1362 2089 1673 2160 λογίζεσθαι
1695 2108 1712 2126 ο
1735 2091 1840 2147 κᾶν

274 2184 502 2254 μέτοχος
530 2185 752 2255 χάριτος
774 2185 1037 2254 καταστῇ,
1068 2182 1144 2254 μὴ
1170 2182 1392 2253 νομίσαι
1416 2182 1834 2254 κατειληφέναιο

275 2272 412 2339 μηδὲ
439 2274 760 2344 κατακόρως
789 2272 935 2343 ἐχειν
954 2288 968 2304 ο
1000 2273 1136 2327 ἀλλὰ
1162 2274 1353 2344 πεινᾷν
1402 2272 1525 2327 τότε
1558 2277 1653 2327 καὶ
1680 2272 1838 2346 διψᾷν

266 2360 349 2424 δὲ,
403 2362 621 2416 πενθεῖν
652 2365 745 2417 καὶ
794 2364 1022 2431 κλαίειν,
1057 2365 1152 2420 καὶ
1200 2364 1669 2438 συντετριμμένην
1701 2365 1808 2420 δλω

267 2452 371 2523 τὴν
393 2453 619 2524 καρδίαν
651 2454 816 2524 ἔχειν.
1806 2492 1809 2495 ν

1936 1906 2191 1961 dustria?
2216 1905 2332 1961 [mo
2362 1906 2603 1976 quietam
2630 1921 2753 1961 esse
2792 1914 2849 1961 et
2877 1920 2988 1960 non
3024 1904 3264 1973 operari,
3297 1910 3359 1956 ut
3384 1899 3508 1954 ani-

1936 2012 2080 2051 mam
2102 1997 2275 2069 ipsam
2297 1999 2351 2053 in
2377 1998 2787 2068 persuasionem
2808 1996 3164 2068 perfectionis
3196 1991 3508 2065 pertrahat?

1937 2087 2379 2144 Fundamentum
2436 2090 2621 2159 itaque
2677 2087 3086 2145 Christianismi
3125 2095 3231 2148 est,
3272 2092 3507 2154 quanta-

1937 2196 2154 2252 cunque
2186 2183 2311 2252 quis
2354 2181 2555 2237 obierit
2594 2180 2837 2235 omnium
2871 2178 3046 2234 oﬂicia
3082 2177 3375 2241 virtutum,
3420 2173 3510 2227 his

1935 2280 2118 2328 tamen
2148 2290 2257 2327 non
2297 2272 2684 2343 acquiescere;
2738 2286 2849 2325 non
2901 2270 2970 2325 iis
3026 2267 3341 2345 confidere;
3396 2278 3507 2318 non

1935 2362 2063 2421 inde
2085 2381 2340 2436 magnum
2369 2366 2501 2436 quid
2544 2380 2602 2420 se
2627 2364 2823 2420 fecisse
2877 2370 3173 2433 reputare;
3200 2373 3382 2429 neque
3412 2356 3508 2411 ubi

1933 2463 2121 2532 gratiae
2160 2464 2437 2533 particeps
2459 2470 2543 2517 est
2571 2462 2769 2526 factus,
2798 2469 3049 2531 repente,
3076 2474 3142 2514 ac
3165 2474 3224 2514 se
3262 2469 3512 2526 compre-

268 2548 529 2604 hendisse
549 2550 802 2605 arbitrari
831 2568 844 2617 ;
880 2551 1053 2607 multo
1074 2549 1260 2608 minus
1283 2552 1435 2609 velut
1457 2554 1566 2627 jam
1596 2562 1845 2613 saturum
1876 2558 2070 2625 etiari;
2100 2559 2234 2629 quin
2268 2567 2386 2613 tum
2434 2557 2607 2629 magis
2652 2555 2863 2612 esurire
2888 2569 2955 2610 ac
3004 2553 3193 2619 sitire;
3223 2550 3412 2620 lugere
3442 2564 3509 2604 ac

267 2645 424 2709 ﬂere,
452 2660 515 2700 ac
539 2645 835 2699 contritum
871 2645 1088 2715 penitus
1110 2662 1207 2702 eor
1236 2648 1460 2703 habere.

342 2734 469 2789 A-A'.
502 2736 628 2788 Νόει
651 2752 739 2805 μοι
766 2737 867 2807 τὴν
892 2740 1267 2812 πνευματικὴν
1298 2743 1634 2797 κατάστασιν
1663 2744 1839 2809 οὔτως

263 2824 436 2894 ἔχειν.
493 2824 727 2878 ’Υπόθου
774 2825 898 2879 τινὰ
943 2821 1082 2880 εἶναι
1126 2824 1407 2898 βασιλικὸν
1437 2827 1619 2885 οίκοψ
1659 2833 1838 2902 τούτῳ

260 2915 327 2969 δὲ
355 2914 522 2979 αὐλάς
552 2915 766 2969 ὑπεῖναι
795 2916 1108 2988 διαφόρους,
1157 2920 1255 2973 καὶ
1306 2920 1556 2992 πρόθυρά
1588 2939 1710 2976 τινα
1744 2924 1839 2976 καὶ⁸

261 3007 448 3071 οἰκίας
492 3007 658 3071 ἄλλας
699 3008 1003 3082 ἐξωτέρας·
1054 3011 1152 3064 καὶ
1194 3010 1336 3065 οὕτω
1388 3012 1553 3067 πάλιν
1603 3013 1745 3067 κατὰ
1775 3013 1837 3068 τὸ

262 3098 566 3153 ἀκόλουθον
593 3099 900 3169 ἐνδοτέρας,
936 3102 994 3154 ἐν
1020 3097 1110 3165 αἷς
1138 3103 1238 3175 τὴν
1266 3103 1558 3176 πορφύραν
1587 3104 1684 3159 καὶ
1710 3105 1836 3169 τοὺς

261 3188 579 3259 θησαυροὺς
619 3189 767 3253 εἰκὸς
799 3190 1148 3246 ἀποκεῖσθαι.
1191 3188 1324 3246 Εἶτα
1366 3194 1461 3247 καὶ
1507 3195 1606 3264 τὴν
1634 3194 1836 3249 τούτων

260 3273 428 3340 αὖθις
456 3277 756 3350 ἐσωτέραν,
785 3279 921 3333 ὅπου
945 3280 1045 3349 τὴν
1077 3281 1366 3353 βασιλικὴν
1387 3278 1524 3337 εῖναι
1558 3284 1837 3355 διαγωγὴν

260 3369 596 3440 ἐπιτήδειον.
636 3370 848 3441 Ὠσπερ
873 3365 969 3425 οὖν
992 3370 1049 3423 εῐ
1092 3388 1179 3434 τις
1214 3372 1313 3436 τὰς
1355 3372 1628 3445 ἐξωτέρας
1671 3376 1838 3439 αὐλάς

256 3476 329 3512 τε
365 3461 462 3513 καὶ
513 3459 683 3530 μονάς
710 3462 1049 3531 ἀπαντήσας,
1073 3463 1121 3516 εί
1155 3462 1296 3528 δόξει
1328 3465 1453 3529 τοὺς
1480 3465 1627 3519 ἔνδον
1659 3467 1839 3531 οτκους

257 3550 675 3621 κατειληφέναι,
711 3553 1094 3624 πεπλάνηται’
1143 3555 1283 3609 οὕτω
1330 3556 1394 3627 δὴ
1448 3557 1545 3611 καὶ
1593 3559 1735 3613 κατὰ
1779 3560 1840 3611 τὸ

258 3644 640 3713 πνευματικὸν
665 3642 995 3707 ἀκολούθως.
1019 3646 1084 3698 Oi
1117 3648 1258 3716 πρὸς
1280 3648 1526 3718 γαστέρα
1559 3649 1653 3702 καὶ
1674 3648 1840 3703 ὕπνον

255 3733 680 3803 διαμαχόμενοι,
709 3734 944 3803 ψαλμοῖς
961 3751 1021 3787 τε
1049 3734 1147 3787 καὶ
1175 3736 1364 3806 εὐχαῖς
1384 3737 1648 3806 διηνεκῶς
1674 3754 1842 3806 προσ-

258 3824 541 3895 κείμενοι,
576 3825 650 3895 μὴ
684 3825 1059 3895 νομιζέτωσαν
1083 3825 1183 3897 ἤδη
1230 3825 1324 3879 τοῦ
1362 3828 1552 3891 τέλους
1596 3828 1693 3881 καὶ
1739 3828 1842 3898 τῆς

259 3915 666 3980 καταπαύσεως
694 3900 699 3905 ’
729 3915 1008 3981 ἐπιϐῆναι.
1064 3917 1274 3982 Πόθεν;
1329 3919 1451 3971 Ἔτι
1502 3918 1613 3987 γάρ
1659 3919 1841 3983 αὐτοῖς

260 4008 404 4079 περὶ
434 4009 503 4062 τά
529 4008 780 4079 πρόθυρα
816 4009 911 4063 καὶ
941 4009 1042 4071 τὰς
1070 4009 1241 4073 αὐλὰς
1280 4011 1313 4081 ἡ
1345 4008 1662 4081 ἀναστροφή
1684 4026 1702 4043 ⁶
1743 4011 1842 4082 οὐχ

260 4099 363 4152 ἵνα
386 4098 485 4169 τὴν
522 4098 810 4170 πορφύραν
854 4099 949 4152 καὶ
985 4100 1114 4163 τοὺς
1161 4098 1471 4171 θησαυροὺς
1520 4100 1842 4157 ὑποκεῖσθαι

259 4187 397 4246 τοὺς
418 4187 726 4258 βασιλικοὺς
757 4188 1026 4259 ὑπάρχει·
1054 4189 1157 4243 κᾶν
1187 4190 1409 4261 χάριτός
1428 4207 1575 4254 τινος
1597 4208 1729 4244 πνευ
1738 4207 1842 4260 μα-

262 4279 434 4348 τικῆς
458 4278 770 4349 ἠξιώθησαν
794 4296 810 4312 ο
834 4280 971 4349 μηδὲ
989 4279 1148 4335 τοῦτο
1165 4281 1330 4336 πάλιν
1348 4282 1544 4345 αὐτοὺς
1560 4282 1839 4348 ἀπατάτω,

260 4369 365 4423 τοῦ
381 4369 567 4433 τέλους
586 4372 867 4441 ἐπιτυχεῖν
884 4386 899 4401 °
918 4373 1147 4443 ἐρευνᾷν
1170 4364 1264 4426 οὖν
1281 4371 1576 4443 προσῆκεν,
1608 4372 1656 4425 εί
1686 4366 1843 4443 εὗρεν

2011 2746 2202 2801 XXXI.
2242 2746 2432 2817 Cogita
2467 2745 2623 2810 mihi,
2673 2745 2754 2799 sic
2802 2757 2860 2797 se
2912 2740 3116 2795 habere
3162 2738 3503 2809 spiritualem

1940 2844 2163 2892 statum.
2196 2837 2363 2908 Finge
2407 2836 2506 2891 tibi
2548 2834 2731 2890 animo
2781 2831 3047 2902 palatium
3102 2828 3376 2899 quoddam
3419 2842 3508 2881 re-

1938 2926 2109 2996 gium,
2132 2928 2273 2983 aulis
2294 2938 2552 2983 constans
2585 2925 2853 2989 diversis;
2883 2939 2947 2978 ac
2983 2921 3254 2977 vestibula
3283 2919 3504 2989 quidem

1942 3018 2216 3088 principio
2262 3027 2498 3083 exstare,
2552 3025 2846 3086 partesque
2906 3014 3214 3067 anteriores
3268 3009 3507 3068 aedium;

1943 3113 2057 3161 tum
2096 3107 2410 3163 introrsum
2435 3108 2694 3162 continua
2731 3104 2873 3162 serie
2910 3102 3151 3172 penitins
3190 3098 3512 3155 recedentes

1938 3198 2093 3261 alias,
2143 3199 2196 3254 in
2247 3199 2452 3269 quibus
2480 3208 2537 3254 et
2562 3213 2859 3269 purpuram
2888 3206 2945 3251 et
2988 3196 3275 3250 thesauros
3313 3190 3510 3247 verisi-

1938 3289 2066 3344 mile
2103 3289 2174 3343 sit
2209 3289 2382 3344 latere
2429 3289 2690 3359 reposita.
2733 3287 2941 3343 Deinde
2988 3299 3181 3340 rursus
3234 3290 3357 3354 post
3409 3282 3510 3336 has

1939 3381 2118 3438 adhuc
2140 3382 2403 3437 interiora
2433 3382 2598 3451 208
2623 3380 2941 3436 conclavia:
2989 3379 3082 3434 ubi
3118 3378 3387 3433 diversari
3415 3392 3512 3432 rex

1939 3474 2056 3545 ipse
2085 3475 2348 3529 creditur.
2377 3475 2449 3531 Ut
2479 3474 2646 3543 igitur
2679 3472 2723 3527 si
2752 3472 3024 3541 quispiam
3065 3468 3375 3524 istiusmodi
3414 3483 3511 3523 ex-

1941 3558 2099 3614 timas
2135 3568 2343 3614 tantum
2383 3560 2644 3629 quasdam
2687 3558 2830 3613 forte
2871 3559 3152 3627 ingressus
3176 3556 3510 3615 mansiones.

1937 3651 2280 3707 existimaret
2309 3668 2367 3707 se
2394 3652 2509 3722 ipsa
2531 3654 2637 3723 jam
2670 3651 2969 3722 penetralia
3006 3650 3270 3705 domicilii
3303 3658 3510 3713 tenere.

1939 3745 2297 3800 vehementer
2320 3752 2566 3800 erraret:
2600 3744 2675 3799 ita
2723 3744 2780 3797 in
2821 3744 2988 3799 rebus
3037 3741 3420 3812 spiritualihus
3451 3755 3513 3796 se

1941 3851 2028 3891 res
2063 3837 2266 3904 habet;
2298 3837 2393 3906 qui
2427 3836 2632 3891 bellum
2665 3835 2843 3891 ventri
2870 3844 2927 3890 et
2963 3850 3152 3890 somno
3190 3833 3510 3895 inferentes.

1943 3927 2001 3981 in
2038 3928 2373 3997 psalmorum
2407 3943 2627 3997 quoque
2675 3925 3080 3989 decantatione,
3126 3933 3183 3979 et
3220 3925 3512 3979 continua-

1942 4015 2092 4072 tione
2124 4031 2350 4087 precum
2381 4023 2755 4086 perseverant,
2781 4031 2850 4071 ne
2881 4024 3075 4084 putent
3109 4030 3166 4070 se
3196 4014 3513 4083 pervenisse

1938 4104 2050 4176 jam
2080 4107 2149 4162 ad
2183 4115 2407 4173 metam,
2437 4121 2501 4162 ac
2522 4105 2729 4176 quietis
2758 4106 3096 4161 inscendisse
3127 4106 3328 4161 cubile.
3359 4106 3513 4161 Unde

1942 4200 2089 4256 enim
2129 4200 2246 4256 haec
2288 4200 2609 4271 persuasio?
2635 4200 2829 4255 Adhuc
2866 4215 3056 4255 eorum
3091 4200 3145 4253 in
3174 4200 3514 4268 primoribus

1943 4290 2252 4362 porticibus
2294 4294 2349 4347 et
2375 4291 2523 4346 circa
2569 4290 2722 4345 aulas
2762 4290 2933 4345 haeret
2968 4289 3345 4354 conversatio;
3373 4304 3513 4343 non-

1945 4382 2076 4437 dum
2108 4382 2203 4437 ubi
2234 4397 2477 4452 purpura
2522 4392 2579 4437 et
2629 4382 2875 4438 thesauri
2902 4382 3036 4453 regii
3079 4391 3209 4435 sunt
3249 4381 3512 4451 repositi;

264 4464 330 4516 ἐν
377 4461 456 4532 τῷ
495 4462 802 4533 όστρακίνῳ
853 4462 1027 4534 τούτῳ
1078 4464 1263 4517 σκεύει
1305 4465 1399 4518 τὸν
1446 4465 1746 4536 θησαυρόνο
1788 4465 1838 4518 εί

1944 4475 2069 4531 licet
2089 4475 2276 4545 gratim
2294 4474 2594 4544 spiritualis
2610 4474 2840 4544 alicujus
2865 4475 2975 4528 sint
2997 4474 3173 4539 beati;
3200 4488 3289 4537 ne,
3307 4487 3512 4543 quaeso,

263 4551 559 4605 ἐνεδύσατο
601 4552 694 4606 τοῦ
750 4552 1068 4624 Πνεύματος
1122 4554 1223 4626 τὴν
1277 4556 1566 4628 πορφύραν
1586 4572 1603 4590 ⁸
1654 4559 1703 4610 εί
1749 4557 1841 4611 τὸν

267 4642 501 4714 βασιλέα
530 4639 637 4695 εἶδε
668 4644 762 4696 καὶ
778 4643 1149 4698 ἀνεπαύσατο.
1176 4645 1286 4699 Καὶ
1301 4646 1409 4717 γὰρ
1432 4648 1544 4700 οίου
1567 4665 1655 4717 μοι
1679 4648 1843 4702 πάλιν

262 4736 372 4807 τὴν
398 4734 497 4806 μὲν
534 4734 712 4806 ψυχὴν
759 4735 920 4805 βάθος
948 4753 1000 4789 τι
1020 4735 1166 4807 ἔχειν
1217 4737 1312 4791 καὶ
1355 4738 1490 4811 μέλη
1524 4738 1715 4809 πολλὰ,
1744 4739 1843 4810 τὴν

262 4827 329 4880 δὲ
364 4826 638 4897 ἁμαρτίαν
678 4827 1102 4883 ὕπεισελθοῦσαν
1140 4830 1207 4883 τά
1241 4830 1376 4902 μέλη
1411 4831 1609 4896 πάντα,
1641 4831 1737 4886 καὶ
1774 4831 1845 4886 τά

263 4918 522 4988 νοήματα
538 4918 633 4988 τῆς
647 4919 875 4990 καρδίας
892 4920 1222 4975 καταλαϐεῖν
1242 4939 1256 4953 ο
1276 4920 1394 4976 εἶτα
1415 4922 1843 4995 ἐπιζητήσαντος

265 5009 371 5065 τοῦ
402 5010 717 5081 Πνεύματος
744 5013 842 5083 τὴν
874 5013 1056 5086 χάριν.
1088 5014 1284 5079 ἐλθεῖν,
1317 5014 1411 5069 καὶ
1441 5014 1535 5069 δύο
1553 5016 1715 5086 τυχὸν
1744 5015 1845 5087 τῆς

262 5102 448 5173 ψυχῆς
501 5104 639 5176 μέρη
689 5106 1036 5175 περιλαϐεῖν·
1070 5106 1161 5161 τὸν
1204 5105 1300 5161 οὖν
1338 5107 1583 5179 ἀπείρως
1628 5106 1841 5178 ἔχοντα,

262 5197 409 5268 πρὸς
440 5196 540 5268 τῆς
578 5197 801 5269 χάριτος
852 5197 1055 5269 ταύτης
1085 5198 1573 5269 παρακαλούμενον
1623 5198 1845 5271 δόκησις

266 5289 413 5359 ἔχει,
447 5287 622 5341 πάντα
666 5290 735 5341 τά
767 5287 903 5359 μέλη
935 5288 1036 5358 τῆς
1085 5289 1265 5361 ψυχῆς
1316 5289 1699 5361 κατειλῆφθαι,
1748 5291 1844 5344 καὶ

263 5380 375 5449 τὴν
410 5379 685 5449 ἁμαρτίαν
718 5379 855 5442 ὅλως
885 5378 1242 5449 ἐκριζῶσθαι,
1300 5381 1376 5452 μὴ
1404 5381 1601 5443 εἰδότα,
1653 5381 1735 5434 ὅτι
1784 5379 1845 5433 τὸ

266 5471 525 5524 πλεῖστον
563 5471 727 5541 μέρος
774 5471 944 5542 αὐτῆς
975 5470 1054 5523 ἐτι
1102 5471 1435 5542 κατάσχετον
1486 5472 1578 5525 ὑπ’
1628 5472 1844 5541 ἐκείνης

262 5564 444 5618 ἐστίν.
488 5563 639 5617 Ἔνον
668 5562 799 5635 γὰρ,
843 5562 919 5628 ὡς
950 5563 1210 5628 πολλάκις
1254 5563 1568 5636 δεδήλωται,
1620 5564 1716 5617 καὶ
1746 5564 1845 5633 τὴν

263 5656 432 5727 χάριν
461 5655 819 5720 ἀδιαλείπτως
860 5657 1126 5728 ἐνεργεῖν,
1156 5654 1216 5709 ὃν
1244 5656 1445 5727 τρόπον
1478 5654 1755 5726 ὀφθαλμὸν
1788 5655 1845 5707 ἐν

264 5747 347 5818 τῷ
376 5746 613 5820 σώματι,
649 5748 744 5804 καί
789 5751 1025 5804 συνεῖναι
1051 5747 1150 5818 τὴν
1172 5746 1368 5802 κακίαν
1397 5746 1844 5802 ὑποκλέπτονσαν

1944 4565 2048 4622 hoc
2076 4581 2172 4621 eos
2198 4564 2457 4634 decipiat,
2492 4572 2553 4619 ut
2587 4566 2796 4635 apicem
2831 4564 3133 4634 arripuisse
3160 4565 3269 4634 jam
3304 4577 3361 4617 se
3391 4577 3516 4632 per-

1942 4656 2198 4713 fectionis
2222 4663 2440 4727 putent.
2466 4656 2767 4727 Explorare
2800 4657 3036 4725 aliquem
3064 4656 3276 4725 aequius
3311 4654 3510 4717 fuerit;

1943 4753 2141 4824 ecquid
2182 4752 2239 4808 in
2295 4767 2394 4807 suo
2433 4768 2563 4808 vase
2623 4752 2777 4808 ﬁctili
2838 4752 3151 4805 thesaurum
3207 4748 3513 4803 invenerit?

1944 4842 2154 4913 Ecquid
2183 4842 2295 4914 jam
2321 4842 2564 4899 induerit
2593 4842 2832 4912 Spiritus
2862 4840 3295 4913 purpuram?An
3327 4853 3510 4909 regem

1943 4929 2166 4998 viderit,
2193 4940 2250 4986 et
2283 4928 2704 5001 conquieverit?
2749 4929 2964 4985 Etenim
3004 4928 3253 4982 existima
3292 4940 3511 4980 rursum

1944 5020 2183 5076 animam
2211 5021 2432 5091 quidem
2468 5019 2898 5091 profunditatem
2947 5017 3259 5089 quampiam
3286 5015 3512 5075 habere.

1943 5121 2000 5167 et
2045 5111 2290 5167 membra
2334 5112 2542 5179 multa;
2604 5119 2892 5181 peccatum
2934 5119 3116 5163 autem
3174 5105 3512 5176 subrepsissc

1943 5210 2101 5274 putet
2151 5203 2207 5258 in
2256 5203 2500 5258 membra
2548 5202 2752 5266 omnia,
2797 5210 2852 5255 et
2897 5198 3254 5270 cogitationes
3293 5211 3513 5267 quoque

1944 5289 2129 5345 cordis
2156 5304 2473 5360 occupasse.
2494 5288 2699 5343 Deinde
2721 5295 3010 5358 postquam
3040 5285 3204 5340 homo
3226 5281 3514 5353 requisivit

1946 5378 2183 5450 Spiritus
2229 5380 2482 5450 gratiam,
2530 5395 2649 5434 eam
2691 5378 2901 5443 venire,
2945 5388 2999 5432 et
3041 5376 3178 5431 duas
3217 5375 3493 5446 apprehen

1946 5471 2091 5527 disse
2126 5470 2354 5526 forsitan
2386 5470 2581 5525 animae
2617 5478 2819 5541 partes.
2844 5469 2902 5522 Id
2933 5483 3057 5524 cum
3089 5468 3317 5522 sentiret
3345 5467 3523 5537 impc~

1946 5561 2088 5617 ritus
2125 5562 2312 5633 gratiae
2354 5562 2537 5632 hujus,
2567 5561 2847 5633 Opinatur,
2880 5560 3134 5614 universa
3164 5559 3373 5630 pariter
3393 5559 3513 5614 ani-

1947 5667 2047 5707 mte
2076 5653 2319 5707 membra
2350 5652 2540 5724 gratiae
2569 5651 2963 5722 comprehensa
2989 5651 3039 5704 vi
3069 5650 3264 5715 teneri,
3288 5660 3351 5704 ac
3383 5665 3513 5719 pec-

1947 5754 2127 5801 catum
2150 5760 2217 5801 ex
2242 5760 2305 5802 ea
2344 5759 2571 5815 prorsus
2612 5744 2983 5805 eradicatum;
3018 5738 3270 5799 nesciens
3302 5737 3508 5813 pleras-

3500 5948 3523 5977 Ι
