4044 6506
561 356 668 420 935

1783 339 1786 342 ’
1824 357 1881 416 s.
1923 356 2245 417 MACARII
2284 353 2608 416 ABGYPTH

3729 355 3830 420 9‘76

558 485 667 544 que
693 468 876 524 adhuc
910 467 1106 525 animae
1131 477 1315 540 partes
1365 470 1624 540 occupari
1654 484 1684 524 a
1718 477 1962 540 peccato.
2001 469 2149 526 Con-
2177 521 2182 532 γ

2265 469 2347 540 τὴν
2365 469 2625 523 διάνοιαν.
2664 467 2726 520 Ὀ
2747 467 2927 521 τοίνυν
2957 467 3034 540 μὴ
3058 468 3355 541 διακρίνειν
3379 468 3565 534 εἰδὼς,
3584 467 3661 534 ὡς
3697 472 3831 539 μέγα

559 576 718 618 oesso
751 561 900 616 enim
929 559 1014 632 (ut
1055 559 1256 630 saepius
1295 559 1729 614 demonstratum
1766 561 1872 628 est)
1902 559 2137 631 gratiam

559 651 939 707 indesinenter
983 649 1239 720 operari,
1280 649 1421 704 sicut
1473 649 1692 703 oculum
1752 649 1808 704 in
1870 665 2138 720 corpore;

559 761 686 801 cum
713 760 780 800 eo
828 753 1008 799 tamen
1068 741 1428 796 nihilominus
1464 751 1549 796 est
1577 757 1790 809 verum,
1823 741 1986 797 simul
2015 758 2140 797 cum

561 851 628 891 ea
666 837 894 891 subesse
928 834 1136 905 pariter
1173 833 1459 898 malitiam,
1490 833 1728 890 latenter
1765 843 2007 890 mentem
2039 835 2142 891 fal-

561 930 788 985 lentem.
817 928 918 994 Qui
941 942 1076 997 ergo
1098 926 1245 981 haud
1278 926 1411 981 satis
1438 926 1592 980 novit
1620 926 1957 993 discernere,
1984 929 2143 998 quasi

563 1034 818 1090 magnum
843 1017 973 1088 quid
999 1018 1111 1087 jam
1145 1015 1538 1082 sitassecutus,
1562 1033 1817 1088 magnum
1843 1018 2050 1088 aliquid
2075 1017 2144 1073 de

563 1126 622 1165 se
662 1109 780 1179 ipso
823 1107 1118 1177 opinatur;
1161 1115 1218 1162 et
1259 1107 1414 1177 quasi
1459 1107 1652 1163 ultima
1697 1109 2018 1178 purgatione
2073 1109 2140 1164 ad

563 1215 763 1272 purum
810 1206 1070 1254 excoctus
1121 1199 1211 1265 sit,
1261 1198 1505 1253 inﬂatur.
1540 1198 1645 1253 Sed
1678 1200 1912 1253 multum
1951 1215 1981 1253 a
2012 1214 2146 1254 vero

562 1293 721 1346 abest
751 1292 868 1346 haec
896 1291 1017 1362 ejus
1048 1292 1342 1346 vanissima
1375 1291 1678 1362 persuasio.
1715 1293 1786 1348 Ut
1821 1293 1968 1346 enim
2002 1307 2145 1362 prae-

564 1384 768 1438 cedens
792 1398 971 1438 sermo
994 1384 1342 1450 monstravit,
1369 1399 1459 1438 ars
1480 1384 1595 1438 haec
1623 1393 1704 1439 est
1728 1384 1941 1438 Satanae
1960 1425 1976 1450 ,
2005 1398 2147 1453 quo-

565 1475 691 1530 dam
723 1487 972 1544 tempore
1002 1475 1069 1529 dc
1099 1475 1370 1530 industria
1410 1492 1468 1530 se
1496 1475 1859 1540 abscondere,
1879 1490 1964 1540 ac,
1991 1476 2147 1546 quasi

567 1566 908 1632 recessisset,
937 1567 1302 1622 intermittere
1341 1566 1552 1635 operari
1588 1583 1708 1636 quae
1759 1567 2014 1634 solebat;
2044 1567 2150 1623 hoc

568 1658 903 1726 spectantis,
960 1667 1019 1712 ut
1067 1667 1418 1728 arrogantem
1475 1657 1559 1713 sui
1628 1658 1885 1713 fiduciam
1950 1675 2146 1728 parum

569 1749 747 1804 cautis
819 1750 1200 1818 spiritualibus
1272 1750 1576 1820 ingeneret.
1660 1750 2150 1806 Verumenimvero

2249 577 2303 614 τι
2334 559 2678 630 κατειληφὼς
2712 558 2838 630 ἤδη,
2876 559 3019 631 μέγα
3047 578 3099 614 τι
3129 562 3256 633 περὶ
3286 562 3484 616 ἑαυτοῦ
3515 564 3724 622 οίεται,
3747 563 3836 612 καὶ

2252 652 2327 716 ὡς
2351 652 2449 723 τὴν
2494 652 2732 722 ἐσχάτην
2765 651 3034 722 κάθαρσιν
3083 651 3433 724 συνεσχηκὼς
3489 653 3833 720 τετύςωτας·

2251 743 2395 815 ἔχειν
2424 742 2482 797 δὲ
2511 743 2608 814 τὴν
2660 741 2918 814 ἀλήθειαν
2964 745 3373 813 συνηγοροῦσιν
3418 744 3595 814 αὐτῷ,
3640 742 3836 795 πολλοῦ

2250 851 2314 903 γε
2348 833 2444 896 καὶ
2472 834 2570 888 δεῖ.
2610 833 2700 897 Ὠς
2727 833 2836 904 γὰρ
2866 835 2894 887 ὁ
2932 832 3090 903 λόγος
3133 834 3344 903 φθάσας
3377 835 3645 904 ἐδήλωσε,
3680 836 3837 903 τέχνη

2251 924 2330 995 τῷ
2363 925 2579 978 Σατανᾶ
2623 923 2720 977 καὶ
2749 923 2925 994 αῦτη’
2967 925 3110 978 κατά
3156 942 3309 989 τινας
3362 925 3593 997 χρόνους
3647 926 3836 978 suam

2255 1014 2629 1085 παραχωρεῖν,
2686 1011 2782 1065 καὶ
2827 1012 2900 1067 τὰ
2947 1010 3177 1065 εἰωθότα
3244 1013 3319 1084 μὴ
3377 1013 3651 1083 ἐνεργεῖν,
3706 1015 3839 1064 κατὰ

2257 1105 2482 1168 σκοπὸν,
2521 1102 2617 1156 τοῦ
2668 1102 2844 1173 οἴησιν
2910 1101 3248 1174 τελειότητος
3308 1105 3422 1167 τοῖς
3477 1103 3841 1173 ἀσκουμένεις

2257 1195 2550 1250 ὑποϐαλεῖν
2576 1212 2589 1226 ·
2618 1193 2756 1248 ἀλλὰ
2781 1194 2856 1267 μὴ
2879 1197 2907 1250 ὁ
2926 1194 3176 1264 φυτεύων
3200 1195 3500 1266 ἀμπελῶνα
3520 1194 3843 1265 παραπῦδας

2255 1287 2510 1359 λαμϐάνῃ
2543 1287 2637 1339 καὶ
2663 1286 2755 1340 τὸν
2776 1285 2988 1356 καρπόν
3013 1301 3027 1315 ·
3052 1285 3094 1357 ἢ
3121 1287 3148 1338 ὁ
3183 1284 3424 1357 σπείρων
3449 1285 3516 1338 τὰ
3549 1286 3843 1356 σπέρματα

2257 1382 2314 1434 ὲν
2343 1382 2408 1452 τῇ
2440 1381 2510 1452 γῇ
2561 1380 2655 1433 καὶ
2695 1378 2794 1450 τὴν
2842 1377 3176 1449 συγκομιδὴν
3219 1378 3384 1442 εὐθὺς
3424 1379 3754 1450 ἐποιήσατο.
3787 1377 3846 1429 Τί

2257 1471 2351 1537 δέ;
2381 1470 2446 1522 τὸ
2468 1469 2754 1542 ἁρτιγενὲς
2780 1470 2993 1524 παιδίον
3031 1469 3208 1539 ἥψατο
3251 1471 3600 1542 παραχρῆμα
3625 1473 3732 1540 τῆς
3764 1485 3848 1521 τε·

2263 1561 2572 1633 λειότητος;
2605 1560 2938 1632 Ἀπόδλεψον
2977 1562 3056 1626 είς
3107 1561 3197 1615 τὸν
3264 1561 3507 1632 Ἰησοῦν
3567 1564 3635 1616 ἐκ
3693 1560 3850 1622 ποίας

2259 1654 2417 1726 δόξης
2469 1654 2597 1718 rw;
2626 1653 2764 1708 Θεοῦ
2814 1655 2908 1708 καὶ
2945 1653 3079 1717 Θεὸς
3113 1653 3188 1707 ὣν
3235 1655 3265 1708 ὁ
3311 1654 3574 1725 Χριστὸς.
3631 1655 3717 1716 εἰς
3766 1646 3851 1705 οἷα

2264 1747 2432 1818 πάθη,
2467 1747 2562 1799 καὶ
2589 1746 2835 1816 ἀτιμίαν,
2863 1747 2956 1799 καὶ¹
2993 1745 3228 1816 σταυρὸν
3258 1744 3500 1816 κατέϐη·
3542 1745 3643 1798 καὶ
3690 1743 3852 1796 πάλιν

568 1838 664 1908 qui
708 1840 919 1908 plantat
968 1840 1206 1904 vincam,
1254 1839 1399 1894 haud
1448 1841 1632 1895 statim
1678 1842 1978 1897 vindemiat
2025 1843 2146 1914 ejus

2265 1839 2408 1902 ὅπως
2441 1837 2529 1891 διὰ
2567 1836 2772 1908 ταύτην
2819 1836 2986 1892 αὐτοῦ
3031 1837 3128 1908 τὴν
3167 1837 3496 1891 ταπείνωσιν
3528 1835 3850 1907 ὑπερήρθη,

569 1930 830 1985 fructum.
869 1931 1058 2002 Neque
1109 1931 1203 2002 qui
1255 1946 1441 1986 semen
1492 1933 1547 1986 in
1599 1941 1802 1987 terram
1845 1934 1998 2003 jacit,
2034 1933 2153 1988 fru-

573 2032 821 2077 mentum
857 2023 1051 2077 eodem
1101 2031 1350 2093 tempore
1377 2023 1433 2078 in
1464 2023 1663 2078 horrea
1705 2025 1984 2084 convehit.
2009 2026 2152 2094 Quid

571 2113 746 2182 ergo?
778 2127 846 2166 an
883 2127 1076 2167 recens
1118 2122 1281 2168 natus
1331 2113 1512 2168 infans
1542 2114 1801 2183 perfecta:
1842 2115 2027 2171 subito
2077 2117 2161 2171 in-

572 2211 915 2256 crementum
957 2203 1285 2273 adipiscitur
1326 2205 1546 2260 tetatis?
1580 2207 1812 2276 Respice
1848 2207 1904 2262 in
1946 2208 2157 2264 Jesum.

573 2290 650 2345 Ex
675 2301 877 2361 quanta
911 2293 1084 2362 gloria
1102 2294 1274 2349 Filius
1307 2295 1400 2348 Dei
1429 2303 1484 2349 et
1509 2295 1652 2350 Deus
1675 2312 1797 2351 cum
1829 2305 1977 2352 esset
1999 2297 2161 2353 Chri-

575 2391 713 2448 stus,
745 2383 800 2436 in
834 2393 970 2452 quot
1003 2385 1302 2455 qualesque
1341 2387 1754 2456 perpessiones,
1802 2387 2159 2458 ignominiam

574 2481 630 2529 et
671 2489 891 2529 crucem
940 2475 1326 2542 descenderit;

2265 1931 2359 1984 καὶ
2386 1931 2446 1984 ὲν
2482 1930 2633 2002 δεξιᾷ
2655 1930 2750 1984 τοῦ
2784 1930 2996 2002 ΙῙατρδς
3019 1930 3294 1984 ἐκάθισεν.
3341 1930 3401 1984 Ὀ
3427 1930 3484 1982 δέ
3513 1946 3580 1996 γε
3609 1927 3854 1996 πονηρὸς

2264 2023 2387 2092 δφις
2413 2022 2477 2076 ὲκ
2504 2019 2730 2093 πρώτης
2757 2021 2836 2093 τῷ
2871 2020 3045 2090 Ἀδὰμ
3075 2020 3410 2091 ὐποσπείρας
3443 2019 3706 2088 θεότητος
3739 2022 3856 2071 ἐπι.

2268 2113 2332 2167 θυ
2341 2113 2492 2184 μίαν,
2515 2114 2594 2177 είς
2614 2112 2732 2167 οἵαν
2763 2112 2925 2166 αὐτὸν
2944 2113 3259 2184 κατήγαγεν
3281 2111 3505 2182 ἀτιμίαν
3533 2111 3626 2164 διὰ
3646 2111 3855 2177 ταύτης

2265 2203 2328 2276 δὴ
2353 2205 2451 2275 τῆς
2475 2204 2726 2274 οίήσεως.
2752 2202 2936 2257 Ταῦτα
2965 2203 3145 2257 τοίνυν
3173 2202 3333 2265 αὐτὸς
3357 2201 3561 2254 ἐννοῶν
3585 2199 3854 2268 ἀσφάλιζε

2269 2297 2494 2351 σεαυτὸν
2539 2297 2638 2366 ὅση
2672 2295 2924 2367 δύναμις,
2972 2297 3069 2350 καὶ
3110 2296 3376 2362 σπούδαζε
3417 2292 3725 2348 ταπεινοῦν
3775 2293 3855 2344 ἀεὶ

2265 2390 2366 2462 τὴν
2397 2387 2649 2461 καρδίαν,
2685 2387 2780 2442 καὶ
2814 2388 3282 2460 συντετριμμένην
3316 2387 3484 2458 ἔχειν.

1412 2486 1468 2532 et
1524 2494 1717 2533 rursus
1798 2487 2025 2550 propter
2075 2481 2225 2536 illam
2266 2480 2440 2552 ipsam
2504 2481 2624 2552 ejus
2677 2479 3119 2535 humiliationem
3182 2479 3634 2549 superexaltatus
3709 2475 3854 2530 idem

577 2564 766 2628 fuerit,
790 2564 928 2620 adeo
958 2575 1017 2620 ut
1046 2566 1235 2621 sedeat
1266 2566 1334 2621 ad
1364 2568 1546 2624 Patris
1582 2568 1888 2624 dexteram.
1927 2568 1996 2624 At
2024 2570 2200 2625 malus
2238 2585 2468 2640 serpens
2509 2567 2885 2625 subseminata
2921 2569 3099 2640 primo
3137 2584 3237 2624 suo
3266 2583 3497 2624 susurro
3567 2570 3627 2624 in
3662 2569 3851 2624 Διιδωί

575 2657 759 2710 animo
793 2657 1094 2728 cupiditate
1122 2657 1448 2725 divinitatis,
1475 2659 1530 2714 in
1548 2669 1806 2729 quantam
1841 2661 2020 2730 ipsum
2049 2661 2250 2732 dejecit
2287 2661 2668 2732 ignominiam,
2713 2659 2862 2716 illius
2912 2659 3293 2730 superbissimi
3343 2660 3493 2731 justa
3559 2662 3853 2730 punitione

574 2747 857 2804 desiderii.
909 2750 1036 2805 Haec
1090 2751 1259 2821 igitur
1298 2751 1415 2822 ipse
1454 2763 1735 2823 reputans,
1773 2755 1998 2809 consule
2032 2754 2152 2820 tibi,
2227 2755 2574 2811 constituens
2607 2763 2874 2828 quantum
2905 2761 3062 2824 potes
3124 2752 3183 2807 in
3217 2767 3413 2809 securo
3463 2767 3559 2808 res
3610 2763 3776 2820 tuas;
3803 2764 3857 2808 et

574 2843 736 2901 stude
767 2859 985 2915 semper
1018 2846 1314 2902 humiliare
1357 2855 1512 2903 tuum
1560 2863 1675 2915 cor,
1709 2857 1766 2903 et
1794 2848 1929 2904 illud
1955 2847 2159 2905 habere
2193 2851 2518 2906 contritum.

580 3042 839 3058 *-

589 3169 594 3172 ’
728 3203 1924 3380 ΜΑΚΑΡΙΟΥ
2038 3203 2488 3378 ΤΟΥ
2597 3202 3694 3381 ΜΕΓΑΑΟΥ

1530 3479 1790 3566 ΠΕΡΙ
1853 3473 2539 3569 ΕΛΕΥΘΕΡΙΑΣ
2613 3478 2909 3567 ΝΟΟΣ

2063 3659 2351 3725 ΛΟΓΟΣ,

1450 3984 2251 4144 MACARII
2382 3979 3002 4140 MAGNI

1330 4273 1496 4363 DE
1629 4207 2450 4362 LIBERTATE
2596 4265 3131 4360 MENTIS

2050 4463 2373 4527 LIBER.

661 4775 825 4846 209
849 4774 888 4829 Ι.
908 4773 1045 4829 Cum
1090 4769 1336 4826 audieris
1352 4767 1703 4824 descendisse
1719 4767 2000 4824 Christum
2019 4765 2074 4820 in
2092 4768 2174 4821 in-

2347 4765 2427 4820 A'.
2464 4765 2629 4821 Ὅταν
2676 4763 2913 4838 ἀκούσῃς
2937 4802 2952 4828 ,
3002 4763 3084 4817 ὅτι
3122 4762 3408 4818 κατελθὼν
3456 4767 3486 4820 ὁ
3517 4765 3746 4837 Χριστὸς
3781 4769 3850 4826 εἷς

591 4873 757 4936 feros,
777 4881 832 4925 et
867 4869 1121 4924 detentas
1149 4867 1264 4922 illic
1295 4866 1504 4921 animas
1529 4863 1792 4919 liberasse
1814 4905 1828 4929 ,
1863 4877 1973 4919 non
2004 4863 2164 4932 longe

591 4965 796 5018 distare
829 4961 920 5016 illa
943 4960 1012 5014 ab
1059 4959 1168 5024 his,
1196 4973 1318 5028 quae
1345 4972 1494 5011 nunc
1529 4965 1817 5026 geruntur,
1850 4963 2002 5024 puta.
2061 4952 2165 5009 Co-

590 5057 699 5127 gita
733 5053 866 5109 mihi
901 5051 1215 5121 sepulcrum
1239 5064 1361 5103 esse
1417 5063 1534 5102 cor.
1562 5047 1640 5101 lbi
1695 5045 2054 5116 cogitationes
2111 5054 2168 5099 et

592 5154 805 5202 mentes
835 5142 1081 5198 defossas
1101 5140 1250 5212 gravi
1275 5138 1450 5194 teneri
1469 5137 1897 5208 comprehensas
1912 5136 2164 5205 caligine.

590 5238 754 5294 Venit
785 5234 969 5308 ligitur
998 5233 1264 5287 Dominus
1307 5229 1375 5285 ad
1410 5230 1624 5283 animas
1653 5229 1709 5283 in
1772 5227 1965 5283 inferis
1989 5227 2169 5297 ipsum

594 5331 837 5384 clamore
862 5339 1059 5396 magno
1087 5325 1427 5384 invocantes,
1464 5321 1520 5374 in
1557 5318 1891 5390 profundum
1921 5318 2181 5374 videlicet

594 5420 778 5477 cordis
815 5415 1080 5480 advenit;
1131 5421 1188 5467 et
1252 5411 1329 5466 ibi
1359 5411 1520 5465 morti
1568 5411 1869 5481 imperans.
1904 5409 2128 5463 Dimitte
2159 5450 2175 5473 ,

592 5515 690 5578 ait,
738 5512 956 5566 clausas
1022 5504 1187 5561 isthic
1239 5503 1473 5566 animas,
1522 5517 1611 5556 me
1655 5499 1750 5570 qui
1806 5514 2028 5569 possum
2077 5514 2172 5554 eas

593 5603 853 5667 liberare,
906 5609 970 5654 ut
1013 5597 1067 5653 id
1122 5595 1315 5650 faciam
1383 5601 1624 5647 orantes.
1689 5590 1899 5645 Deinde
1952 5604 2170 5660 gravem

592 5692 831 5764 lapidem
877 5703 1168 5745 removens
1196 5684 1602 5755 superpositum
1659 5681 1875 5746 animm,
1903 5680 2172 5735 tumulum

595 5782 794 5855 aperit,
819 5789 876 5838 et
930 5795 1051 5852 qua:
1085 5791 1214 5835 vere
1247 5785 1366 5832 erat
1398 5783 1636 5841 mortua,
1668 5771 1990 5828 resuscitat:
2025 5788 2174 5841 quae-

2272 4856 2436 4930 ᾷδου,
2490 4857 2587 4921 τὰς
2640 4857 2903 4926 κατόχους
2953 4857 3074 4909 ἐκεῖ
3113 4854 3294 4927 ψυχὰς
3376 4859 3748 4931 ἀνερρῦςατο.
3787 4860 3851 4928 μὴ

2277 4945 2492 5019 μακρὰν
2523 4943 2658 5000 εἴναι
2687 4945 2859 5000 ταῦτα
2893 4945 2988 4999 καὶ
3016 4944 3123 4998 τῶν
3152 4945 3246 5000 νῦν
3271 4948 3622 5019 τελουμένων
3650 4948 3846 5016 νόμιζε.

2275 5040 2402 5092 Οἴου
2436 5056 2525 5110 μοι
2551 5038 2660 5110 γὰρ
2691 5041 2954 5110 μνημεῖον
2980 5034 3120 5094 εἷναι
3145 5041 3247 5111 τὴν
3275 5041 3530 5110 καρδίαν⁹
3557 5043 3715 5093 κάκεῖ
3736 5042 3852 5099 ta-‘J;

2275 5133 2566 5202 λογισμοὺς
2629 5133 2723 5185 καὶ
2767 5132 2858 5184 τὸν
2901 5130 3025 5184 νοῦν
3070 5131 3428 5202 κατωρύχθαι
3478 5133 3640 5204 βαρεῖ
3682 5135 3856 5184 σκύτει

2276 5207 3032 5294 κατειλημμένους.Ἕρχεται
3060 5223 3354 5295 τοιγαροῦν
3381 5226 3410 5277 ὁ
3433 5223 3642 5296 Κύριος
3667 5227 3744 5286 εἰς
3763 5221 3856 5284 τὰς

2275 5319 2333 5371 ἐν
2363 5316 2488 5388 ᾅδου
2521 5314 2896 5387 ἐπιϐοωμένας
2926 5317 3089 5370 αὑτὸν
3119 5315 3301 5387 ψυχὰς
3321 5358 3336 5380 ,
3375 5318 3456 5379 είς
3488 5315 3547 5369 τὸ
3577 5315 3737 5385 βάθος
3768 5313 3856 5382 5r,-

2275 5410 2408 5480 λαδὴ
2445 5409 2540 5480 τῆς
2568 5409 2815 5478 καρδίας,
2850 5411 3010 5462 κάκεῖ
3042 5407 3120 5480 τῷ
3149 5407 3368 5478 θανάτῳ
3399 5407 3852 5478 ἐγκελευόμενος·

2279 5497 2616 5568 Ἀνάπεμπε,
2643 5497 2824 5564 λέγει,
2858 5498 2957 5562 τὰς
2975 5496 3495 5571 ὲγκ[εκ]λεισμένας
3526 5497 3720 5566 ψυχάς,
3766 5497 3857 5556 τὶς

2280 5591 2379 5660 ἐμὲ
2398 5590 2488 5643 τὸν
2509 5589 2776 5661 ῥύσασθαι
2803 5589 3097 5662 δυνάμενον
3117 5589 3482 5662 ἑκξητοῦσας.
3506 5586 3639 5643 Εἶτα
3658 5590 3746 5641 τὸν
3768 5589 3860 5657 ﬁa-

2283 5683 2382 5755 ρὺν
2398 5683 2544 5738 λίθον
2562 5683 2755 5756 διάρας
2770 5683 2860 5736 τὸν
2878 5688 2943 5755 τῇ
2961 5682 3106 5757 ψυχῇ
3127 5684 3501 5754 ἐπικείμενον,
3521 5684 3611 5737 τόν
3627 5699 3683 5735 τε
3695 5682 3856 5747 τάξον

2282 5774 2520 5846 ἀνοίγει,
2557 5775 2651 5829 καὶ
2681 5775 2772 5829 τὸν
2802 5774 2860 5829 ἐν
2892 5774 3118 5846 ἀληθείᾳ.
3147 5775 3342 5847 νεκρὸν
3372 5776 3566 5846 ἀνιστᾷ
3591 5817 3605 5841 ,
3645 5776 3735 5828 καὶ
3765 5772 3858 5841 τῆς
