4044 6528
281 316 386 383 937

1324 318 1556 379 LIBER
1595 316 1692 377 DE
1731 316 2161 379 LIBERTATE
2195 318 2500 378 MENTIS.

3426 324 3531 387 938

274 395 851 506 ἀφεγγοῦςθφυλακῆς
894 432 995 504 τὴν
1037 430 1495 503 ἐγκεκλεισμένην
1536 434 1713 506 ψυχὴν
1748 435 1853 489 ἀπ-

1959 450 2066 504 que
2104 434 2338 489 obscura
2370 431 2620 490 custodia
2666 432 2927 489 conclusa
2957 433 3269 501 tenebatur,
3292 436 3530 494 animam

274 527 550 584 αλλάττει.

350 615 426 670 B’.
482 615 808 685 Συμσαίνει,
861 615 1029 685 φησι,
1078 615 1339 679 πολλάκις
1386 615 1728 685 διαλέγεσθαί
1768 633 1850 669 σοι

275 708 381 761 καθ
405 708 417 729 ’
461 708 730 777 ὑποϐολὴν
762 710 820 762 ὲν
862 708 1062 778 καρδίᾳ
1103 708 1194 761 τὸν
1223 710 1487 775 Σατανᾶν,
1534 708 1650 771 καὶ,
1688 708 1850 772 Σύνες

275 799 380 851 ὃσα
412 798 662 869 εἴργασαι
692 798 926 869 πονηρά,
960 798 1158 866 λέγειν·
1192 801 1604 870 ἀναπέπλησται
1629 818 1708 853 σοι
1726 802 1851 853 ἀνο-

281 890 424 958 μιῶν
452 890 484 960 ὴ
513 890 681 960 ψυχὴ,
721 890 1025 961 βεϐάρησαι
1056 891 1281 954 πολλαῖς
1324 893 1415 945 καὶ
1441 892 1854 961 χαλεπωτάταις

278 982 598 1050 ἁμαρτίαις.
631 984 723 1051 Μὴ
749 981 1060 1036 λανθανέτω
1084 982 1216 1050 γοῦν
1248 1000 1306 1036 σε
1332 985 1489 1036 τοῦτο
1517 984 1687 1036 ποιῶν
1706 1022 1722 1048 ,
1758 983 1855 1036 καὶ⁵

277 1073 633 1142 προσχήματι
676 1074 1059 1136 ταπεινώσεως
1107 1075 1187 1137 είς
1229 1075 1539 1141 ἀπόγνωσιν
1578 1074 1852 1129 συνωθῶν.

275 1163 399 1229 Ἀφ’
424 1159 484 1215 οὗ
510 1163 617 1232 γὰρ
641 1162 730 1217 διά
751 1166 851 1233 τῆς
872 1163 1237 1235 παραϐάσεως
1260 1165 1586 1234 εἰσέφρησεν
1606 1166 1639 1235 ἡ
1662 1164 1853 1230 κακία,

277 1254 515 1322 πάροδον
562 1254 689 1325 ἔσχε
737 1255 1083 1324 διαλέγεσθαι
1127 1255 1474 1325 καθεκάστην
1512 1255 1709 1327 τρόπον
1734 1255 1858 1309 τινά

270 1347 342 1414 τῇ
386 1344 534 1414 ψυχῇ
585 1345 662 1407 ὡς
706 1345 996 1417 ἄνθρωπον
1038 1347 1351 1417 ἀνθρώπῳ,
1402 1347 1497 1399 καὶ
1546 1347 1856 1401 ὑποτιθέναι

272 1436 346 1488 τά
390 1437 589 1490 ἄτοπα.
642 1437 959 1506 Ἀπόκριναι
1004 1437 1292 1507 τοιγαροῦν
1334 1438 1483 1509 αὑτῷ
1539 1437 1601 1491 σύ
1630 1453 1643 1465 ⁸
1691 1437 1857 1492 Ἀλλ’

272 1524 397 1593 ἔχω
442 1526 548 1593 τὰς
591 1528 697 1582 τοῦ
730 1530 878 1583 Θεοῦ
908 1530 1348 1597 διαϐεϐαιὼσεις
1374 1531 1741 1601 ἐγγράφους-⁸
1775 1533 1859 1587 οὐ

278 1617 907 1689 ϐούλομαι,λέγοντος,
937 1621 1043 1675 τὸν
1067 1623 1324 1676 θάνατον
1352 1622 1457 1677 τοῦ
1484 1623 1857 1692 ἁμαρτωλοῦ,

270 1710 357 1775 ὠς
403 1710 469 1763 τὸ
512 1710 869 1781 ἐπιστρέψαι
904 1713 1003 1766 διὰ
1028 1715 1350 1783 μετανοίας
1389 1715 1486 1771 καί
1520 1713 1628 1781 ζῇν
1652 1716 1857 1770 αὐτόν.

1953 528 2173 582 liberat.

2022 620 2090 674 ll.
2112 619 2395 691 Contingit
2421 635 2563 690 szepe
2578 620 2924 675 insusurrare
2950 619 3049 675 tibi
3071 618 3328 674 Satanam
3352 620 3407 674 in
3438 636 3535 675 au-

1953 726 2068 769 rem
2087 711 2301 782 {cordis,
2327 720 2383 766 et
2410 712 2594 768 dicere
2630 729 2643 765 :
2677 712 2794 768 Scis
2836 720 2971 780 quot
2996 718 3051 766 et
3087 720 3291 779 quanta
3338 726 3536 780 perpe-

1954 801 2110 855 trasti
2145 801 2327 855 mala?
2351 802 2558 871 repleta
2584 802 2682 857 tibi
2717 800 3021 857 sceleribus
3042 808 3127 855 est
3155 799 3339 854 anima
3369 817 3384 865 ;
3412 816 3537 869 gra-

1952 891 2101 946 varis
2152 893 2341 947 multis
2366 902 2423 948 et
2462 893 2785 948 foedissimis
2820 893 3079 963 peccatis.
3110 893 3229 947 Non
3261 900 3313 947 te
3346 892 3534 953 lateat,

1956 991 2340 1051 suggerentem
2392 983 2522 1037 talia
2574 983 2775 1037 malum
2809 982 3113 1039 daemonem
3143 981 3197 1035 id
3248 995 3429 1051 agere,
3479 988 3539 1033 ut

1956 1080 2010 1126 te
2044 1072 2099 1125 in
2128 1072 2587 1142 desperationem,
2617 1072 2943 1127 humilitatis
2978 1081 3267 1142 praetextu,
3305 1079 3537 1125 contru-

1957 1163 2070 1217 dat.
2105 1164 2182 1217 Ex
2228 1179 2338 1231 quo
2371 1163 2521 1217 enim
2550 1178 2646 1232 per
2680 1164 3173 1231 transgressionem
3208 1164 3440 1232 primam
3468 1163 3541 1216 ir-

1958 1254 2132 1324 repsit
2170 1255 2226 1307 in
2260 1255 2538 1308 hominem
2564 1254 2790 1318 malitia,
2820 1254 2960 1311 liber
2984 1254 3169 1309 aditus
3198 1254 3417 1308 diabolo
3440 1254 3539 1307 da-

1959 1356 2049 1401 tus
2093 1356 2178 1400 est
2206 1345 2453 1399 animam
2501 1344 2749 1413 quotidie
2816 1344 3227 1413 alloquendam,
3277 1354 3335 1400 ut
3374 1345 3539 1399 homo

1958 1436 2261 1500 hominem,
2287 1445 2344 1488 et
2364 1435 2431 1489 ad
2447 1435 2624 1489 eidem
2646 1434 2986 1505 suggerenda
3006 1433 3265 1488 a‘bsurda.
3293 1435 3542 1503 Respon-

1959 1525 2028 1581 de
2052 1526 2217 1595 igitur
2256 1524 2333 1578 illi
2362 1534 2443 1577 tu:
2473 1524 2542 1578 At
2562 1524 2724 1578 habeo
2755 1525 2977 1593 scriptas
3012 1525 3424 1578 asseveratione:
3444 1524 3540 1577 Dei

1960 1617 2149 1671 aientis
2182 1633 2195 1667 :
2220 1614 2357 1668 Nolo
2390 1624 2608 1669 mortem
2637 1617 2955 1685 peccatoris;
2984 1616 3077 1669 sed
3118 1622 3174 1667 ut
3204 1623 3541 1668 convertatur

1960 1726 2054 1779 per
2082 1710 2461 1779 paenitentiam,
2490 1717 2536 1761 et
2559 1710 2695 1764 vivat
2713 1708 2778 1765 ³¹.
2799 1709 2975 1775 Quam
3006 1708 3152 1764 enim
3175 1709 3337 1763 aliam
3361 1708 3540 1778 potuit

273 1798 344 1852 Τί
389 1800 497 1871 γὰρ
543 1801 797 1855 ἐϐούλετο
846 1804 995 1873 αὑτῷ
1043 1805 1076 1874 ἡ
1122 1804 1387 1867 κάθοδος,
1440 1806 1494 1858 εί
1533 1822 1596 1874 γε
1632 1806 1706 1878 μὴ
1730 1810 1853 1870 τοὺς

1962 1807 2165 1861 habere
2211 1821 2433 1862 causam
2491 1807 2887 1871 descendendi,
2946 1808 3055 1863 nisi
3108 1817 3167 1863 ut
3221 1816 3539 1877 peccatores

269 1892 639 1961 ἁμαρτωλοὺς
667 1894 853 1957 σώσει,
888 1895 985 1947 καὶ
1015 1897 1142 1959 τοὺς
1172 1898 1228 1949 ὲν
1256 1898 1437 1951 σκότει
1467 1899 1691 1967 φωτίσει
1710 1939 1724 1965 ,
1760 1899 1854 1954 καὶ

271 1980 605 2050 ζυοποιήσει
635 1982 761 2045 τοὺς
790 1983 1270 2055 τεθανατωμένους
1291 2003 1305 2052 ;

349 2070 425 2124 Γ¹.
464 2072 673 2143 Ὠσπερ
704 2076 738 2143 ἠ
764 2072 979 2127 ἐναντία
1009 2075 1259 2146 δύναμις,
1290 2076 1432 2131 οὕτω
1459 2078 1523 2148 δὴ
1555 2078 1649 2131 καὶ
1676 2080 1709 2147 ἡ
1737 2077 1854 2133 θεία

267 2162 438 2231 χάρις
470 2166 843 2237 προτρεπτικὴ
867 2206 882 2233 ,
916 2168 1019 2222 οὐκ
1049 2168 1428 2239 ἀναγκαστικὴ
1457 2169 1730 2223 δείκνυται
1759 2166 1854 2223 οὗ·

271 2269 347 2304 σα
366 2291 383 2318 ,
417 2253 482 2305 ἵν’
509 2253 679 2317 ὅντως
703 2258 835 2325 ἡμῖν
862 2259 923 2310 τὸ
952 2258 1234 2330 ἐλεύθερόν
1262 2275 1323 2313 τε
1365 2261 1459 2312 καὶ
1508 2261 1856 2326 αὐτεξούσιον

272 2343 655 2413 περισώζοιτο.
722 2347 906 2418 Ταύτῃ
957 2366 1040 2403 τοι
1093 2350 1189 2404 καὶ
1238 2352 1323 2420 ἐφ’
1371 2347 1453 2413 οἷς
1498 2356 1527 2406 ό
1570 2353 1857 2423 ἄνθρωπος

268 2434 583 2505 ἐργάσηται
615 2440 806 2502 κακοῖς
838 2441 975 2510 πρὸς
1001 2439 1095 2493 τοῦ
1120 2442 1336 2495 Σατανᾶ
1364 2443 1728 2513 ὑπαγόμενος,
1759 2446 1857 2516 οὐχ

267 2527 303 2577 ὁ
338 2526 584 2589 Σατανᾶς
635 2528 837 2596 μᾶλλον
863 2570 880 2595 ,
936 2531 1053 2584 ἀλλ’
1088 2532 1251 2595 αὐτὸς
1282 2535 1310 2586 ὁ
1337 2532 1621 2603 ἄνθρωπος
1649 2537 1747 2606 τὴν
1772 2553 1855 2589 τι·-

272 2618 492 2688 μωρίαν
535 2619 954 2688 εἰσπράττεται,
990 2621 1066 2684 ώς
1102 2622 1176 2693 μὴ
1214 2622 1305 2693 βίᾳ
1335 2623 1648 2688 συνελαθεὶς
1671 2664 1687 2689 ,
1741 2626 1855 2679 ἀλλ’

273 2708 395 2777 ἰδίῳ
427 2706 689 2779 θελήματι
734 2710 978 2774 πεισθεὶς
1016 2713 1083 2781 τῇ
1125 2713 1319 2784 κακίᾳ.
1366 2714 1769 2785 Παραπλησίως
1798 2716 1856 2769 δὲ

274 2797 387 2849 κάν
431 2797 511 2869 τῷ
545 2798 775 2870 ἀγαθῷ·
828 2800 929 2853 οὐκ
977 2802 1274 2872 ἐπιγράφει
1320 2802 1383 2855 τὸ
1411 2804 1635 2872 γεγονὸς
1664 2806 1853 2877 ἑαυτῇ,

264 2886 412 2941 ἀλλά
440 2889 516 2959 τῷ
539 2889 810 2962 ἀνθρώπῳ
840 2894 873 2963 ἡ
902 2893 1083 2963 χάρις,
1112 2895 1207 2949 καὶ
1235 2894 1324 2948 διὰ
1348 2894 1506 2949 τοῦτο
1528 2896 1687 2962 δόξαν
1708 2897 1858 2968 αὐτῷ

273 2980 657 3052 περιτίθησιν,
711 2984 793 3036 ὅτι
843 2985 1006 3048 αὐτὸς
1054 2986 1233 3054 ἐαυτῷ
1267 2986 1360 3040 τοῦ
1396 2988 1602 3056 ἀγαθοῦ
1634 2989 1857 3059 γέγονεν

264 3066 465 3132 αἴτιος.
502 3068 637 3122 Οὐδὲ
669 3071 778 3140 γάρ
810 3072 1193 3145 ἀναγκαστικῇ
1224 3075 1475 3145 δυνάμει,
1506 3076 1582 3141 ώς
1613 3078 1850 3149 εἴρηται,

266 3160 654 3231 συνδεσμοῦσα
682 3164 847 3218 αὑτοῦ
875 3165 938 3219 τὸ
963 3164 1193 3237 θέλημα,
1228 3171 1375 3221 ποιεῖ
1403 3169 1672 3240 ἄτρεπτον
1699 3172 1733 3241 ἡ
1760 3172 1856 3239 χά-

1882 3129 1929 3191 C

1957 1904 2137 1959 salvos
2165 1903 2389 1964 laceret,
2404 1906 2653 1973 jacentes
2686 1904 2741 1958 in
2768 1904 3013 1959 tenebris
3039 1904 3392 1968 illuminaret,
3413 1902 3541 1956 vita:

1957 1995 2215 2050 redderet
2269 2005 2518 2049 mortuos
2538 1995 2559 2048 ’ἒ

2026 2088 2117 2141 ill.
2154 2087 2225 2144 Ut
2257 2087 2570 2143 adversaria
2597 2096 2861 2158 potestas,
2896 2088 2971 2142 ita
3014 2095 3072 2142 et
3128 2087 3319 2141 divina
3360 2086 3536 2156 gratia

1956 2193 2058 2233 ceu
2091 2178 2417 2243 hortatoria,
2444 2194 2553 2234 non
2580 2179 2968 2234 necessitatem
3003 2178 3277 2233 inducens
3300 2191 3421 2231 esse
3448 2192 3540 2229 os-

1958 2265 2236 2333 tenditur;
2275 2275 2336 2320 ut
2375 2282 2504 2321 vere
2528 2266 2689 2322 nobis
2718 2268 2962 2328 libertas,
3005 2275 3062 2321 et
3112 2267 3284 2321 nostri
3346 2275 3545 2336 potens

1956 2356 2250 2410 arbitrium
2301 2366 2572 2411 servetur.
2599 2358 2732 2412 Inde
2789 2365 2893 2420 est,
2933 2372 3034 2410 cur
3053 2372 3267 2419 eorum,
3302 2355 3541 2424 qureho-

1959 2461 2050 2499 mo
2089 2445 2351 2500 inductus
2382 2462 2410 2500 a
2457 2446 2657 2501 Satana
2714 2446 3117 2517 perpetraverit
3175 2447 3335 2508 mala,
3369 2461 3477 2499 non
3508 2460 3550 2498 ιι

1961 2534 2163 2589 Satana
2218 2535 2403 2603 potius
2421 2536 2714 2606 exigantur
2735 2525 2931 2605 pinnae,
2978 2551 3144 2606 quam
3191 2535 3259 2590 ab
3315 2534 3545 2589 homine

1959 2627 2111 2696 ipso;
2148 2636 2335 2696 utpote
2368 2628 2461 2697 qui
2492 2644 2603 2682 non
2642 2628 2695 2682 vi
2734 2628 2983 2694 adactus,
3034 2627 3130 2683 sed
3176 2628 3399 2697 pr0pria
3439 2642 3543 2680 vos

1958 2715 2173 2771 luntate
2219 2731 2511 2786 persuasus
2528 2758 2542 2780 ,
2565 2716 2785 2771 malitiae
2813 2716 3130 2771 assenserit.
3152 2716 3417 2771 Similiter
3438 2731 3504 2769 an
3520 2744 3540 2756 ο

1961 2814 2072 2860 tem
2094 2813 2152 2860 et
2182 2805 2237 2859 in
2282 2805 2450 2869 bono,
2485 2820 2596 2860 non
2628 2805 2855 2861 ascribit
2899 2821 3219 2861 successum
3262 2804 3391 2868 sibi,
3442 2801 3541 2858 sed

1961 2895 2173 2952 homini
2196 2898 2391 2968 gratia,
2443 2906 2499 2951 et
2515 2898 2566 2951 ei
2615 2906 2845 2967 propter
2868 2898 2973 2953 hoc
3006 2897 3236 2969 gloriam
3269 2894 3498 2965 apponit
3520 2935 3535 2959 ,

1960 2989 2221 3058 quoniam
2245 2990 2361 3059 ipse
2392 2989 2497 3045 sibi
2529 2990 2659 3044 boni
2707 3005 2870 3044 causa
2914 2988 3101 3044 fuerit.
3164 2989 3353 3057 Neque
3390 2986 3538 3040 enim

1962 3080 2347 3134 necessitatem
2398 3079 2693 3134 inducente
2720 3079 2796 3141 vi,
2832 3088 2892 3133 ut
2930 3080 3139 3134 dictum
3170 3085 3274 3140 est,
3300 3078 3540 3132 constri-

1961 3176 2104 3223 ctam
2153 3170 2328 3240 ipsius
2374 3172 2715 3224 voluntatem
2750 3170 2880 3224 facit
2932 3170 3268 3223 immobilem
3316 3169 3536 3239 gratia;

268 3268 397 3322 ριςο
453 3253 589 3307 ἀλλὰ
641 3256 820 3309 καίτοι
869 3256 1140 3325 συνοῦσα,
1191 3259 1267 3329 τῷ
1301 3260 1635 3333 αὑτεξουσίῳ
1682 3280 1853 3333 παρα·-

1960 3260 2077 3327 sed,
2132 3262 2299 3316 etiam
2335 3276 2460 3317 cum
2493 3277 2736 3331 praesens
2785 3260 2963 3325 adest,
3003 3260 3181 3315 libero
3210 3260 3359 3316 cedit
3392 3260 3541 3314 arbi-

263 3346 462 3415 χωρεῖ,
496 3345 582 3398 ἴνα
610 3346 767 3417 δῆλον
799 3348 886 3416 εἴη
917 3348 978 3402 τὺ
1003 3349 1097 3402 τοῦ
1126 3351 1291 3404 αὑτοῦ
1318 3351 1552 3423 θέλημα,
1574 3354 1722 3417 ὅπως
1742 3354 1854 3424 εχει

264 3435 412 3505 πρὸς
441 3438 642 3509 ἀρετὴν
680 3438 713 3508 ἢ
750 3440 973 3496 κακίαν.
1030 3444 1228 3495 Κείται
1253 3443 1363 3514 γὰρ
1396 3445 1457 3497 οὐ
1485 3447 1551 3517 τῇ
1581 3446 1741 3515 φύσει
1768 3448 1853 3501 νό-

266 3543 399 3596 μος,
426 3529 560 3582 ἀλλά
580 3530 655 3600 τῷ
679 3532 745 3583 αὑ
755 3531 1015 3601 τεξουσίῳ
1037 3535 1139 3605 τῆς
1159 3536 1555 3606 προαιρέσεως,
1572 3537 1852 3610 τραπῆναι

262 3617 560 3690 δυναμένῳ
593 3621 733 3691 πρὸς
764 3620 825 3674 τὸ
851 3623 1057 3693 ἀγαθὸν
1085 3626 1177 3679 καὶ
1204 3626 1393 3683 κακόν.

340 3793 415 3849 Δ’.
449 3796 745 3853 Φυλάττειν
766 3799 850 3853 δεῖ
873 3798 974 3871 τὴν
1001 3799 1211 3871 ψυχὴν,
1248 3802 1344 3855 καὶ
1374 3803 1703 3875 ἀνομίλητον
1728 3822 1853 3859 συν-

255 3891 457 3958 τηρεῖν
487 3887 729 3961 βεϐήλων
763 3892 855 3945 καὶ
884 3894 1134 3963 πονηρῶν
1163 3893 1458 3965 λογισμῶν.
1490 3895 1698 3967 Ὥσπερ
1743 3897 1851 3969 γὰρ

255 3978 332 4031 τὸ
360 3979 518 4050 σῶμα
552 3980 766 4051 σώματι
798 3984 1052 4037 συνελθὸν
1080 3986 1254 4057 ἑτέρῳ
1277 4024 1293 4050 ,
1341 3988 1478 4057 πρὸς
1508 3989 1849 4058 ἀκαθαρσίαν

261 4070 580 4139 μιαίνεται’
637 4072 778 4127 οὕτω
822 4075 887 4144 δὴ
936 4077 1031 4129 καὶ
1076 4076 1225 4147 ψυχὴ
1271 4076 1551 4150 φθείρεται
1594 4082 1850 4151 πονηροῖς

258 4163 659 4227 συνδοιάξουσα
709 4166 804 4220 καὶ
848 4171 1063 4237 μιαροῖς
1106 4168 1421 4239 λογισμοῖς,
1459 4172 1761 4242 συνᾴδουσά
1788 4190 1847 4226 τε

257 4256 453 4321 αὐτοῖς
481 4259 573 4311 καὶ
601 4260 956 4331 συντιθεμένη
976 4276 992 4293 ο
1027 4262 1147 4331 οὐχὶ
1177 4264 1295 4324 τοῖς
1322 4262 1422 4332 τῆς
1450 4264 1716 4333 πονηρίας
1749 4265 1847 4333 μό-

256 4362 381 4412 νον,
412 4347 545 4400 ἀλλά
570 4351 663 4401 καὶ
696 4351 931 4420 ἑκάστης
957 4351 1173 4415 κακίας’
1209 4346 1341 4415 οἷον,
1373 4353 1649 4417 ἀπιστίας,
1670 4352 1843 4415 δόλου,

254 4410 590 4504 κενοδοξίας,
618 4440 813 4510 ὀργῆς,
845 4410 937 4494 καῖ
962 4410 1181 4511 φθόνου,
1210 4445 1303 4496 καὶ
1328 4410 1526 4515 εριδος.
1553 4410 1663 4498 κᾷι
1684 4410 1843 4498 τοῦτό
1876 4410 1920 4463 D

253 4530 391 4584 ἑστι
421 4532 483 4583 τὸ
510 4533 817 4601 καθαίρειν
845 4534 1099 4600 ἑαυτοὺς
1131 4535 1250 4589 ἀπὸ
1275 4536 1503 4602 παντὸς
1523 4538 1843 4606 μολυσμοῦ

255 4622 496 4691 σαρκὸς
526 4624 626 4677 καί
657 4626 1018 4691 πνεύματος.
1056 4620 1211 4679 Εἶναι
1238 4626 1347 4697 γάρ
1379 4627 1493 4680 οίου
1523 4627 1613 4679 καὶ
1640 4628 1847 4699 φθορὰν

255 4713 364 4765 καὶ
391 4713 651 4783 πορνείαν
686 4716 743 4765 ἐν
771 4713 849 4782 τῷ
876 4714 1073 4781 ἀφανεῖ
1100 4713 1198 4783 τῆς
1222 4713 1421 4783 ψυχῆς,
1456 4713 1543 4766 διὰ
1572 4714 1848 4784 λογισμῶν

252 4803 486 4857 ἀτόπων
530 4804 934 4873 ἐνεργουμένην
960 4820 975 4835 ·
1030 4804 1126 4857 καὶ
1174 4805 1363 4876 ὥσπερ
1395 4807 1499 4859 τὸν
1528 4808 1848 4875 φθείροντα

252 4894 375 4947 τὸν
412 4894 564 4948 ναὸν
607 4894 715 4948 τοῦ
747 4894 927 4959 Θεοῦ,
980 4895 1122 4949 κατά
1164 4895 1256 4949 τὸν
1292 4896 1466 4966 μέγαν
1494 4898 1843 4966 Ἀπόστολον,

251 4984 471 5057 φθερεῖ
493 4985 713 5040 τοῦτον
734 4988 766 5040 ὀ
798 4986 962 5053 Θεὸς,
994 4986 1131 5056 ὅπερ
1158 4986 1218 5041 τὸ
1243 4986 1404 5057 σῶμά
1425 4987 1592 5040 ἐστιν’
1618 4986 1760 5041 οὕτω
1777 4987 1844 5058 δὴ

252 5076 363 5130 καὶ
405 5078 434 5129 ὁ
474 5075 711 5148 φθείρων
747 5074 927 5146 ψυχήν
965 5092 1024 5128 τε
1070 5074 1165 5128 καὶ
1206 5075 1363 5139 νοῦν,
1397 5076 1473 5146 τῷ
1502 5075 1844 5130 συντίθεσθαι

250 5170 376 5231 τοῖς
408 5168 663 5233 ἀτόποις,
712 5168 981 5237 τιμωρίας
1016 5168 1165 5221 ἐστὶν
1193 5167 1514 5232 ὑπεύθυνος.
1548 5168 1843 5221 Φυλάττειν

250 5258 558 5331 τοιγαροῦν
590 5261 859 5331 προσήκει
888 5258 1138 5330 καθάπερ
1168 5260 1230 5312 τὸ
1260 5260 1417 5329 σῶμα
1442 5260 1638 5331 ὁρατοῦ
1662 5262 1845 5331 ἀμαρ-

250 5354 335 5423 τή
347 5369 535 5421 ματος,
566 5352 709 5406 οὕτω
731 5355 825 5407 καὶ
852 5352 952 5423 τὴν
974 5351 1151 5421 ψυχὴν
1179 5353 1454 5423 λογισμῶν
1480 5354 1726 5415 ἀτόπων,
1761 5355 1843 5406 ὅτι

253 5444 456 5514 νύμφη
505 5444 739 5514 Χριστοῦ
781 5448 927 5497 ἐστιν
950 5460 963 5474 ·
1014 5446 1396 5514 Ἦρμοσὰμην
1427 5448 1535 5513 γὰρ
1565 5444 1719 5514 ὑμᾶς
1753 5444 1844 5497 ἑνί

250 5534 439 5603 ἀνδρὶ
483 5536 781 5606 παρθένον
810 5537 1005 5607 ἁγνὴν
1046 5535 1435 5605 παραστῆσαι
1464 5536 1545 5601 τῷ
1573 5535 1802 5604 Χριστῷ
1824 5552 1838 5566 ο

286 5716 289 5717 ⁷
336 5710 377 5745 ³’¹
418 5713 616 5771 Etet-ii.
644 5730 794 5779 χχιιι,
828 5716 909 5769 ll.
988 5717 1028 5747 ³³
1060 5694 1241 5771 ncbr.
1273 5729 1360 5781 ιιι,
1399 5714 1453 5767 l.‘
1524 5715 1565 5745 ⁸³
1605 5713 1775 5767 lCur.
1818 5725 1898 5776 ill,

1959 3351 2066 3405 trio
2089 3368 2103 3417 ;
2130 3352 2623 3417 utmanifestetur,
2653 3365 2903 3420 quaenam
2930 3351 3005 3405 sit
3056 3351 3177 3421 ejus
3230 3349 3487 3404 voluntas
3521 3367 3535 3414 ;

1957 3441 2038 3495 uti
2068 3456 2128 3495 se
2169 3441 2369 3496 habeat
2411 3457 2539 3511 erga
2600 3442 2863 3495 virtutem
2901 3448 2959 3495 et
3024 3439 3310 3494 malitiam.
3353 3438 3536 3495 Posita

1954 3530 2158 3600 quippe
2188 3530 2276 3585 lex
2304 3538 2407 3595 est,
2450 3546 2558 3584 non
2590 3540 2825 3595 natura},
2862 3529 2957 3585 sed
2988 3530 3072 3584 sui
3119 3531 3359 3599 compoti
3383 3530 3536 3585 arbi-

1956 3621 2088 3682 trio,
2120 3621 2407 3676 electionis
2451 3620 2504 3675 in
2554 3622 2883 3676 alterutrum
2938 3619 3184 3687 domino,
3222 3636 3419 3691 nempe
3467 3621 3536 3675 ad

1954 3711 2161 3766 bonum
2185 3721 2241 3766 et
2267 3712 2490 3765 malum.

2025 3803 2112 3858 IV.
2142 3803 2433 3858 Custodire
2460 3809 2678 3871 oportet
2704 3801 2965 3870 animam,
2987 3818 3219 3873 eamque
3248 3818 3279 3858 a
3301 3818 3536 3860 conver-

1950 3894 2163 3949 satione
2197 3894 2361 3963 210
2388 3909 2579 3949 arcere
2628 3893 2979 3963 profanarum
3013 3895 3388 3964 malarumque
3438 3911 3536 3953 cos

1951 3984 2298 4055 gitationum.
2328 3984 2397 4040 Ut
2430 3984 2577 4039 enim
2602 3997 2804 4053 corpus
2823 3999 2947 4038 cum
2983 3998 3213 4054 corpore
3240 3986 3439 4040 coiens
3464 3986 3532 4039 ad

1952 4074 2359 4129 immunditiam
2401 4074 2668 4143 polluitur
2696 4091 2711 4140 ;
2750 4074 2830 4129 sic
2862 4083 2918 4129 et
2939 4074 3121 4128 anima
3158 4077 3533 4145 corrumpitur

1948 4167 2108 4222 malis
2136 4175 2193 4221 et
2221 4166 2457 4221 sordidis
2504 4167 2757 4236 copulata
2807 4166 3257 4236 cogitationibus,
3305 4179 3535 4225 concor,

1948 4256 2196 4325 dansque
2220 4262 2276 4312 et
2304 4255 2609 4315 assentiens
2641 4272 2653 4308 :
2683 4268 2786 4309 nec
2815 4254 2884 4309 iis
2921 4255 3097 4310 solum
3143 4270 3265 4323 qua:
3308 4254 3377 4308 ad
3432 4241 3541 4312 ne;

1948 4345 2177 4417 quitiam
2235 4353 2291 4401 et
2361 4344 2779 4413 impuritatem,
2844 4344 2938 4399 scd
2999 4352 3056 4399 et
3128 4344 3237 4398 illis
3280 4360 3401 4413 quae
3461 4342 3530 4398 ad

1947 4436 2182 4506 quodvis
2236 4434 2467 4489 malitia).
2500 4434 2789 4503 impellunt
2828 4449 3001 4502 genus
3036 4434 3242 4498 :velut,
3297 4433 3532 4489 inﬁdeli-

1947 4528 2094 4593 tatis,
2123 4528 2256 4591 doli,
2313 4542 2465 4581 vanae
2512 4526 2720 4596 gloriae,
2775 4525 2889 4588 inn,
2949 4512 3201 4589 inuidiae,
3262 4524 3413 4581 rixa).
3462 4525 3532 4579 Et

1946 4621 2053 4676 hoc
2087 4629 2172 4676 est
2201 4638 2214 4674 :
2246 4618 2507 4674 Mundare
2544 4620 2795 4689 nosipsos
2842 4617 2905 4672 ab
2936 4618 3080 4671 omni
3130 4618 3529 4688 inquinamento

1945 4712 2120 4767 carnis
2155 4719 2202 4763 et
2262 4695 2479 4779 spiritus
2516 4709 2583 4761 ³².
2652 4708 2782 4763 Esse
2855 4708 3004 4762 enim
3059 4706 3352 4777 quamdam
3394 4715 3529 4776 puta

1947 4812 2003 4858 et
2028 4800 2444 4871 corruptionem
2478 4808 2535 4855 et
2603 4798 3026 4854 fornicationem
3077 4798 3130 4852 in
3165 4798 3382 4852 occulto
3412 4798 3527 4850 ani-

1948 4912 2052 4951 ma:
2085 4895 2153 4949 ab
2180 4893 2415 4963 impuris
2444 4891 2553 4945 illis
2592 4890 3025 4961 cogitationibus
3043 4897 3439 4959 perpetratam;
3472 4897 3528 4943 ct

1948 4982 2443 5056 quemadmodum:
2488 4982 2591 5047 Qui
2622 4980 2875 5050 templum
2898 4980 2995 5041 Dei
3038 4979 3309 5034 violaverit
3355 4979 3526 5050 (juxta

1950 5094 2207 5152 magnum
2242 5074 2586 5147 Apostolum)
2609 5076 2869 5145 disperdet
2895 5074 3049 5128 illum
3077 5074 3219 5128 Deus
3254 5074 3333 5140 ³³;
3376 5073 3525 5141 quod

1950 5171 2046 5225 Dei
2102 5169 2364 5237 templum
2394 5180 2595 5233 corpus
2619 5173 2737 5229 est;
2767 5164 2847 5218 sic
2914 5163 3010 5233 qui
3048 5163 3244 5232 polluit
3287 5163 3525 5216 animam

1949 5270 2005 5317 et
2033 5270 2295 5325 mentem,
2340 5257 2691 5313 assentiendo
2713 5256 2913 5325 pravis,
2948 5270 3163 5324 prunam
3192 5256 3381 5324 utique
3427 5255 3525 5308 dc-

1951 5352 2060 5407 bet.
2107 5349 2396 5405 Custodire
2426 5348 2593 5417 igitur
2622 5345 2903 5410 convenit,
2934 5344 3077 5399 sicut
3101 5360 3132 5398 a
3172 5344 3373 5398 visibili
3402 5359 3527 5413 pce-

1949 5453 2071 5499 cato
2094 5456 2314 5510 corpus,
2347 5440 2419 5494 ita
2437 5450 2493 5495 ct
2515 5439 2751 5495 animam
2779 5437 3247 5508 acogitationibus
3288 5436 3526 5489 immun-

1950 5535 2078 5599 dis;
2123 5533 2382 5601 quoniam
2411 5531 2527 5587 haec
2562 5546 2761 5601 sponsa
2820 5530 3028 5589 Christi
3081 5538 3165 5586 est
3198 5548 3211 5582 :
3259 5524 3521 5599 Despondi

1952 5706 2033 5761 l7.
