4044 6508
519 312 625 374 939

1776 314 1833 372 S.
1874 310 2189 371 MACARII
2232 312 2549 373 ASGYPTII

3659 308 3767 384 9ιο

519 426 657 477 enim
689 438 798 485 vos,
838 421 935 487 ait,
985 422 1082 475 uni
1136 422 1248 478 viro
1287 423 1542 493 virginem
1594 431 1801 476 castam
1849 420 2089 473 exhibere

2199 421 2306 486 καὶ,
2332 422 2507 490 [Idan
2534 422 2781 492 φυλακῇ
2809 422 2974 492 τήρει
2996 423 3112 493 τὴν
3130 422 3399 493 καρδίαν,
3421 419 3523 491 τῆς
3542 379 3772 491 VM:

519 511 724 567 Christo
743 510 806 564 “.
874 508 1018 564 Audi
1070 525 1290 580 quoque
1343 510 1683 579 Scripturam
1755 507 2032 561 dicentem
2074 520 2089 560 :

521 600 676 655 Omni
706 600 945 654 custodia
970 616 1120 654 serva
1146 616 1237 653 cor
1254 608 1402 652 tuum
1424 617 1443 663 ;
1464 600 1591 669 quia
1623 613 1686 650 ea:
1711 598 1824 666 ipso
1843 597 1950 649 vita
1972 610 2095 664 pro-

518 694 653 746 rcdit
672 693 740 745 ³³.
761 694 826 747 Et
857 708 870 745 :
898 692 1183 745 Perversas
1210 692 1547 762 cogitationes
1568 703 1821 751 separare
1850 704 1883 740 a
1905 685 2012 740 Deo
2024 684 2092 751 ³⁶;

522 799 713 838 rursus
776 783 926 838 disce
992 798 1023 837 a
1070 783 1256 836 divina
1305 782 1359 836 id
1388 782 1622 836 docente
1641 779 1947 849 Scriptura.

590 871 655 926 ν.
693 871 983 925 Rationem
1018 870 1199 939 exigat
1235 886 1263 925 a
1289 885 1387 924 sua
1449 868 1835 937 unusquisque
1862 867 2043 920 anima
2075 906 2091 930 ,

522 963 844 1017 discernens
889 970 945 1017 et
974 961 1286 1030 explorans,
1330 960 1398 1015 ad
1418 974 1672 1030 quamam
1717 957 2004 1013 adiciatur.
2026 956 2097 1011 Et

522 1051 566 1104 si
603 1051 747 1105 haud
773 1065 1081 1105 consonans
1110 1051 1204 1104 Dei
1224 1051 1435 1121 legibus
1461 1048 1755 1119 contigerit
1773 1047 1959 1102 videre
1976 1062 2093 1111 cor;

522 1140 669 1192 omni
705 1146 903 1193 conatu
924 1138 1389 1207 quemadmodum
1421 1153 1641 1207 corpus,
1672 1138 1745 1191 ita
1772 1146 1829 1192 et
1855 1143 2094 1189 mentem

521 1245 849 1285 conservare
885 1230 1257 1299 incorruptam
1284 1230 1520 1293 studeat,
1553 1238 1718 1297 atque
1751 1226 1984 1296 impuris
2008 1240 2098 1278 as-

520 1333 741 1372 sensum
781 1320 1213 1388 cogitationibus
1252 1327 1564 1389 negantem.
1598 1319 1655 1373 Si
1696 1317 1918 1387 quidem
1965 1316 2097 1368 velit

515 1395 669 1464 luxta
740 1411 1165 1479 promissionem
1246 1410 1524 1464 introduci
1579 1410 1634 1462 in
1674 1408 1988 1463 convictum
2042 1412 2099 1459 et

518 1502 720 1557 choros
760 1518 1019 1574 purarum
1049 1504 1329 1573 virginum
1354 1503 1419 1553 ³⁷.
1447 1501 1796 1556 Cohabilatio
1839 1500 1987 1552 enim
2043 1506 2099 1552 et

522 1595 805 1650 familiaris
822 1594 1165 1649 conversatio
1182 1594 1336 1663 puris
1355 1594 1581 1648 omnino
1597 1602 1653 1648 et
1674 1592 1728 1646 in
1752 1592 1887 1647 recti
1913 1605 2099 1646 amore

522 1686 641 1742 rixis
677 1688 944 1755 promissa
981 1694 1066 1741 est
1095 1687 1403 1741 animabus.

2192 513 2357 567 ἄκουε
2383 514 2671 584 λεγούσης·
2709 518 2779 569 ἐκ
2811 516 2920 586 γὰρ
2949 517 3175 571 τούτων
3204 514 3401 580 ἔξοδοι
3431 511 3615 581 ζωῆς’
3653 512 3769 573 καὶ.

2193 603 2486 668 Σκολιοὺς
2530 605 2599 657 δὲ
2644 606 2975 676 λογισμοὺς
3015 605 3279 675 χωρίζειν
3308 604 3428 659 ἀπὸ
3454 602 3639 667 Θεοῦ.
3677 601 3773 654 καὶ

2194 690 2358 745 πάλιν
2385 692 2486 761 τῆς
2512 693 2662 757 θείας
2690 694 3048 767 διδασκούσης
3071 695 3295 766 Γραφῆς
3332 694 3595 765 μάνθανε.

2265 864 2340 922 Ε’.
2400 866 2572 934 Λόγον
2613 865 2917 920 ἁπαιτείτω
2958 867 3058 937 τὴν
3097 865 3291 919 ἑαυτοῦ
3321 863 3502 935 ψυχὴν
3540 862 3772 923 ἕκαστος

2194 960 2503 1029 ἀνακρίνων
2550 959 2646 1011 καὶ
2698 957 3001 1027 βασανίζων
3028 996 3043 1020 ,
3095 956 3207 1010 τίσι
3254 956 3579 1026 πρόσκειται
3605 969 3620 983 ·
3677 953 3773 1005 καί

2194 1052 2243 1104 εί
2277 1051 2351 1120 μὴ
2384 1047 2785 1118 συμφωνοῦσαν
2818 1049 3105 1119 συμϐαίνει
3152 1049 3262 1109 τοῖς
3291 1044 3387 1099 τοῦ
3414 1044 3555 1096 Θεοῦ
3585 1042 3769 1113 νόμοις

2193 1144 2292 1210 τὴν
2322 1142 2550 1211 καρδίαν
2581 1145 2745 1212 όρᾷν,
2786 1142 2936 1210 πάσῃ
2966 1138 3196 1209 δυνάμει
3222 1137 3475 1205 καθάπερ
3499 1135 3565 1188 τδ
3592 1135 3769 1201 σῶμα,

2195 1236 2337 1288 οὕτω
2366 1235 2429 1304 δὴ
2475 1236 2572 1287 καὶ
2614 1235 2705 1287 τὸν
2733 1232 2858 1287 νοῦν
2898 1232 3179 1302 διατηρεῖν
3209 1228 3445 1297 ἄφθορον
3472 1220 3771 1284 σπουδάζει

2196 1344 2295 1390 τω,
2325 1327 2421 1379 καὶ
2449 1327 2560 1389 τοῖς
2589 1328 2844 1395 πονηροῖς
2869 1324 3159 1377 ἀσύνθετον
3185 1322 3487 1392 λογισμοῖς.
3520 1318 3592 1369 Et
3615 1333 3679 1383 γε
3708 1315 3768 1384 δὴ

2199 1419 2437 1489 βούλοιτο
2490 1420 2632 1474 κατὰ
2676 1420 2774 1489 τὴν
2818 1420 3113 1488 ὑπόσχεσιν
3154 1416 3253 1486 τὴν
3290 1410 3543 1482 καθαρὰν
3571 1408 3768 1463 ἐσοικί-

2200 1517 2425 1566 σασθαι⁶
2476 1512 2756 1581 ἐνοικῆσαι
2785 1511 2894 1583 γὰρ
2923 1513 3019 1565 καὶ
3045 1507 3491 1580 ἐμπεριπατῆσαι
3520 1505 3643 1563 ταῖς
3670 1518 3769 1553 κα-

2198 1604 2392 1676 θαραῖς
2429 1604 2649 1666 πάντως
2701 1602 2796 1656 καὶ
2838 1600 3149 1670 φιλοκάλοις
3177 1598 3379 1668 ψυχαῖς
3409 1592 3766 1663 ἐπήγγελται.

596 1776 679 1831 Vl.
708 1776 860 1833 Sicut
880 1778 993 1847 agri
1026 1777 1233 1846 proprii
1263 1776 1715 1846 diligentissimus
1740 1774 1967 1831 colonus
1989 1790 2092 1830 no-

2270 1782 2327 1847 ς
2327 1787 2362 1832 ⁸.
2390 1779 2603 1849 Ὠσπερ
2632 1779 2660 1831 ὁ
2687 1778 2785 1847 τῆς
2805 1776 2937 1840 ἰδίας
2955 1777 3057 1847 γῆς
3083 1773 3507 1846 ἐπιμελεστάτος
3527 1770 3771 1840 γεωργὸς

519 1871 611 1918 vat
633 1880 758 1918 eum
799 1864 953 1933 prius
994 1871 1050 1919 et
1090 1879 1156 1919 ex
1190 1879 1257 1919 eo
1292 1864 1478 1933 spinas
1526 1863 1700 1927 tollit;
1733 1878 1797 1918 ac
1833 1872 1947 1915 tum
2000 1861 2097 1916 de-

521 1968 670 2008 mum
706 1954 885 2024 injicit
912 1955 1166 2017 semina;
1214 1954 1288 2007 ita
1342 1962 1398 2008 et
1442 1953 1536 2022 qui
1576 1969 1607 2008 a
1656 1953 1769 2009 Deo
1816 1960 2097 2021 exspectat

522 2055 823 2101 sementem
866 2047 1055 2116 gratia:
1095 2046 1365 2115 accipere,
1425 2059 1663 2114 purgare
1707 2044 1863 2113 prius
1931 2042 2096 2097 debet

525 2137 723 2191 anima:
755 2153 867 2191 sua:
889 2151 1112 2207 agrum;
1160 2146 1218 2191 ut
1247 2151 1434 2191 semen
1464 2136 1662 2190 deinde
1718 2134 1773 2187 in
1800 2148 1927 2189 eum
1957 2131 2094 2185 inci-

525 2228 663 2283 dens
698 2228 960 2296 Spiritus,
1010 2226 1284 2296 perfectos
1307 2235 1363 2281 et
1392 2226 1727 2295 multiplices
1754 2224 1948 2279 reddat
1978 2222 2096 2277 fru-

525 2329 665 2375 ctus.
697 2320 831 2374 Nam
866 2319 923 2373 ni
979 2319 1084 2374 hoc
1116 2318 1209 2373 ﬁat
1232 2326 1360 2373 ante
1420 2318 1603 2373 omnia
1627 2355 1642 2380 ,
1674 2325 1730 2371 et
1764 2315 1873 2369 nisi
1931 2329 2094 2368 mun-

522 2411 737 2465 daverit
778 2410 903 2479 quis
943 2410 1185 2478 seipsum
1223 2409 1291 2462 ab
1329 2409 1479 2463 omni
1524 2408 1945 2475 inquinamento
1971 2420 2095 2458 car-

525 2501 613 2556 nis
650 2510 706 2555 et
734 2501 985 2570 spiritus,
1015 2514 1146 2554 caro
1171 2506 1258 2553 est
1284 2508 1341 2553 et
1368 2496 1612 2567 sanguis,
1636 2504 1693 2550 et
1732 2494 1893 2565 longe
1932 2494 2098 2548 distat

525 2609 554 2644 a
582 2590 716 2644 vita.
1004 2630 1017 2641 ,λ

595 2682 706 2737 Vll.
752 2680 1130 2749 Undecunque
1164 2677 1343 2734 bostis
1379 2674 1820 2732 machinationes
1866 2679 2095 2737 astulas,

524 2774 681 2831 dolos
704 2781 759 2828 et
793 2772 1082 2836 maleﬁcia,
1134 2770 1557 2838 circumspicere
1594 2774 1828 2836 oportet.
1882 2764 2097 2819 Etenim

528 2871 588 2917 ut
622 2862 863 2932 Spiritus
919 2869 1144 2916 sanctus
1164 2876 1263 2929 per
1298 2860 1526 2915 Paulum
1554 2875 1566 2910 :
1608 2856 1692 2911 Fit
1721 2854 1956 2909 omnibus
1988 2870 2101 2907 om-

526 2954 639 3016 nia,
672 2959 728 3005 ut
753 2965 931 3005 omnes
965 2949 1135 3006 calvos
1161 2949 1323 3019 faciat
1366 2948 1409 2978 ³⁸
1436 2966 1448 3002 :
1480 2946 1558 3002 sic
1597 2954 1652 3000 et
1696 2944 1915 3014 spiritui
1956 2942 2099 2996 malo

528 3054 585 3102 in
629 3046 813 3101 studio
836 3055 942 3109 est,
973 3044 1159 3100 omnia
1194 3043 1337 3105 ﬁeri,
1378 3051 1649 3096 utomnes
1686 3038 1739 3093 in
1811 3037 2095 3092 interitum

528 3138 816 3207 propellat.
850 3138 1039 3205 Itaque
1070 3136 1117 3189 is
1176 3149 1301 3188 cum
1365 3132 1657 3187 orantibus
1723 3130 1887 3185 simul
1936 3145 2096 3184 orare

527 3229 785 3290 simulat,
820 3227 874 3281 id
909 3236 1185 3296 spectans,
1245 3234 1305 3279 ut
1351 3238 1418 3278 ex
1450 3224 1562 3293 ipsa
1615 3221 1865 3279 oratione
1921 3229 2103 3275 sumat

528 3338 717 3379 ansam
744 3321 1055 3392 decipiendi
1089 3328 1337 3375 orantem
1364 3319 1726 3389 subjiciatque
1742 3316 1923 3372 eidem
1953 3332 2104 3373 arro-

528 3424 747 3487 gantem
779 3412 1221 3477 conﬁdentiam;
1285 3426 1409 3465 cum
1427 3409 1805 3481 jejunantibus
1839 3409 2049 3479 jejunat
2083 3446 2100 3472 ,

531 3516 593 3560 ut
618 3506 768 3576 ipsos
812 3504 1075 3560 inanibus
1094 3502 1335 3572 decipiat
1365 3510 1423 3557 et
1449 3501 1766 3566 dementet;
1793 3499 2102 3569 Scriptura-

530 3612 653 3651 rum
678 3594 1013 3651 habentibus
1031 3594 1311 3659 notitiam,
1366 3592 1641 3647 similibus
1700 3592 1796 3646 dat
1828 3606 2053 3661 operam
2084 3630 2101 3654 ,

529 3687 635 3743 sub
665 3686 849 3756 specie
902 3686 1144 3741 scientiae
1175 3685 1404 3753 cupiens
1433 3699 1529 3739 eos
1582 3684 1921 3743 subvertere.
1964 3681 2103 3738 Cum

529 3779 698 3849 aliqui
735 3777 1091 3833 revelationis
1120 3777 1330 3831 lumine
1372 3777 1629 3842 beantur,
1664 3775 1884 3830 videtur
1908 3785 1965 3829 et
1987 3775 2103 3844 ipse

531 3870 801 3941 ejusmodi
835 3869 1061 3925 habere.
1113 3868 1477 3938 Transﬁgurat
1501 3870 1641 3922 enim
1670 3869 1771 3935 (ait
1808 3868 2103 3937 Paulusjse

533 3961 764 4016 Satanas
794 3961 851 4014 in
885 3960 1132 4031 angeium
1156 3961 1286 4013 lucis
1319 3960 1384 4014 ⁸³.
1409 3961 1477 4016 Ut
1496 3960 1757 4030 opinione
1796 3961 1935 4014 (icta:
1968 3959 2105 4014 lucis

532 4051 793 4121 deceptos
825 4050 894 4104 ad
946 4065 1005 4107 se
1056 4050 1313 4127 adducat.
1356 4051 1444 4115 Et,
1506 4060 1566 4105 ut
1608 4060 1803 4106 cuneta
1833 4051 2104 4121 ejusmodi

524 4147 701 4219 semel
730 4145 1004 4215 colligam,
1043 4144 1185 4197 mira
1238 4157 1297 4197 se
1338 4144 1539 4198 artium
1583 4144 1888 4199 subtilitate
1921 4144 2105 4197 omnia

530 4235 751 4299 variat,
792 4249 903 4304 quo
950 4232 1309 4288 similitudine
1358 4235 1694 4305 subjugatos,
1744 4235 1871 4289 boni
1923 4234 2106 4303 specie

532 4324 847 4393 apparentia
894 4323 951 4377 in
977 4338 1163 4377 veram
1191 4322 1391 4377 alliciat
1441 4324 1959 4394 irrcparabilemque
1984 4341 2107 4394 per-

2196 1873 2415 1925 ἀνανεοῖ
2438 1870 2641 1939 ταύτην
2670 1870 2833 1939 πρότε
2844 1885 2955 1937 ρον,
2975 1867 3071 1923 καὶ
3094 1868 3193 1929 τὰς
3212 1866 3456 1927 ἀκάνθας
3472 1863 3769 1934 περιαιρεί,

2196 1960 2296 2017 εἷθ’
2345 1965 2487 2016 οὕτω
2528 1962 2856 2017 καταϐάλλει
2903 1961 2970 2015 τὰ
3013 1959 3304 2029 σπέρματα
3326 1974 3342 1989 ο
3380 1955 3526 2009 οὕτω
3558 1952 3774 2007 καὶτὸν

2196 2054 2347 2124 παρὰ
2374 2053 2510 2108 Θεοῦ
2542 2053 2928 2125 προσδοκῶντα
2955 2054 3056 2122 τῆς
3082 2050 3302 2120 χάριτος
3333 2047 3541 2118 σπόρον
3564 2044 3769 2108 λαϐεῖν,

2197 2147 2481 2217 καθαίρειν
2529 2146 2797 2217 πρότερον
2848 2144 2955 2215 χρὴ
3004 2144 3106 2211 τῆς
3155 2140 3350 2195 ἐαυτοῦ
3391 2138 3626 2209 καρδίας
3676 2136 3774 2205 τὴν

2197 2239 2320 2309 γῆν,
2355 2237 2421 2290 ἵν’
2450 2238 2480 2290 ό
2507 2236 2706 2306 σπόρος
2736 2234 2924 2287 πεσὼν
2951 2233 3047 2286 τοῦ
3074 2232 3211 2286 Πνεύ
3221 2247 3389 2301 ματος
3418 2227 3657 2289 ἐντελεῖς
3683 2224 3777 2278 καὶ

2197 2327 2629 2392 πολλαπλασίους
2658 2325 2841 2395 ἀποδῷ
2872 2326 2997 2388 τοὺς
3022 2322 3295 2392 καρπούς
3333 2320 3408 2383 ὡς
3436 2321 3487 2373 εί
3514 2318 3592 2389 μὴ
3617 2315 3779 2371 τοῦτο

2197 2420 2409 2489 γένοιτο
2436 2417 2725 2490 πρότερον,
2755 2416 2849 2469 καὶ
2875 2414 3089 2485 καθάρῃ
3116 2430 3200 2479 τις
3224 2410 3416 2464 ἑαυτὸν
3440 2408 3553 2463 ἀπὸ
3576 2406 3776 2467 παντὸς

2200 2510 2477 2585 μολυσμοῦ
2507 2509 2708 2580 σαρκὸς
2741 2509 2835 2562 καὶ
2861 2506 3192 2576 πνεύματος,
3230 2503 3367 2572 σάρξ
3392 2503 3544 2555 ἐστιν
3574 2500 3657 2554 ἐτι
3684 2498 3778 2551 καὶ

2198 2599 2357 2674 αἷμα.
2392 2602 2487 2657 καὶ
2518 2600 2736 2672 μακρὰν
2763 2598 3040 2667 ἀφέστηκε
3070 2597 3168 2665 τῆς
3195 2594 3365 2663 ζωῆς.

2271 2700 2344 2753 Z'.
2402 2696 2747 2766 Πανταχόθεν
2775 2695 2871 2756 τὰς
2896 2692 2990 2746 τοῦ
3020 2689 3213 2761 ἐχθροῦ
3250 2687 3617 2760 μαγγανείας,
3650 2684 3778 2745 τοὺς

2200 2790 2383 2853 δόλους
2406 2807 2467 2843 τε
2498 2789 2593 2842 καὶ
2620 2786 2717 2848 τὰς
2742 2784 3078 2853 κακουργίας
3098 2823 3113 2845 ,
3150 2782 3385 2848 ὀξύτατα
3412 2780 3780 2849 περισκοπεῖν

2199 2883 2299 2937 δεῖ.
2350 2881 2461 2934 Καὶ
2496 2880 2608 2950 γὰρ
2653 2878 2729 2941 ὡς
2775 2876 2837 2929 τδ
2879 2874 3105 2943 Πνεῦμα
3147 2873 3209 2927 τὸ
3250 2872 3404 2939 am»
3435 2871 3525 2923 διὰ
3560 2867 3778 2922 Παύλου

2200 2973 2266 3025 τὰ
2295 2973 2474 3029 πάντα
2499 2969 2754 3038 γενέσθαι
2783 2966 2969 3036 φησὶν,
3006 2966 3093 3019 ἵνα
3120 2965 3246 3029 τοὺς
3272 2964 3483 3025 πάντας
3510 2960 3778 3031 κερδήσῃ

2128 3087 2168 3143 C
2200 3063 2343 3117 οὕτω
2375 3063 2438 3133 δὴ
2484 3061 2577 3116 καὶ
2608 3063 2671 3129 τῇ
2704 3058 2872 3129 κακία
2905 3057 3149 3125 γίνεσθαι
3177 3055 3355 3108 πάντα
3384 3052 3477 3107 διὰ
3507 3050 3774 3117 σπουδῆς,

2199 3155 2274 3217 ὠς
2323 3154 2449 3216 τοὺς
2496 3152 2705 3212 πάντας
2755 3147 3102 3219 παραπέμψῃ
3143 3150 3210 3217 τῇ
3252 3144 3533 3214 ἀπωλείαο
3582 3142 3779 3211 ἀμέλει

2198 3245 2314 3305 τοῖς
2357 3239 2669 3311 εὐχομένοις
2719 3236 2795 3300 ὡς
2833 3236 3224 3305 συνευχόμενος
3252 3232 3606 3301 ὑποκρίνεται
3638 3226 3781 3280 κατά

2204 3333 2405 3388 σκοπὸν
2451 3331 2548 3385 τοῦ
2593 3329 2867 3400 προφάσει
2901 3327 3070 3396 εὐχῆς
3100 3324 3407 3395 ἐμϐαλόντα
3435 3321 3575 3392 πρὸς
3600 3321 3781 3389 οίησιν

2201 3425 2519 3494 ἀπατῆσαιι
2573 3423 2690 3484 τοῖς
2728 3418 3051 3488 νηστεύουαι
3103 3413 3487 3485 συννηστεύειν
3512 3453 3528 3477 ,
3578 3412 3780 3471 αὐτοὺς

2201 3519 2377 3587 οἰήσει
2425 3513 2712 3584 φενακίσαι
2758 3510 3082 3581 βουλόμενος
3107 3524 3124 3542 ο
3182 3508 3296 3569 τοῖς
3344 3505 3529 3574 έχουσι
3574 3501 3783 3569 γνῶσιν

2201 3607 2433 3678 Γραφῶν
2467 3604 2770 3675 ἐπιτηδεύει
2804 3603 2872 3657 τά
2900 3603 3062 3672 ὅμοια
3085 3639 3105 3665 ,
3138 3599 3491 3669 προσχήματι
3523 3593 3784 3663 γνώσεως

2204 3697 2479 3753 ἐπιποθῶν
2528 3697 2722 3759 αὐτοὺς
2772 3691 3288 3765 παρακρούσασθαι·
3340 3691 3454 3750 τοῖς
3498 3684 3778 3740 amuli-

2203 3790 2349 3859 ψεων
2377 3786 2554 3856 φωτὸς
2581 3783 2985 3849 καταξιωθεῐσι.
3012 3779 3414 3851 παραπλησίως
3440 3776 3589 3845 ἔχειν
3606 3775 3778 3827 δοκεῖ.

2205 3873 2781 3945 Μετασχηματίζεται
2812 3873 2943 3943 γὰρ,
2973 3871 3158 3942 γησὶν,
3193 3873 3227 3924 d
3256 3864 3529 3932 Σατανᾶς
3557 3868 3649 3932 εις
3677 3865 3781 3933 ἆγ-

2205 3972 2387 4039 τενιον
2408 3967 2621 4036 φωτός*
2658 3966 2745 4018 ίνα
2776 3966 2841 4035 τῇ
2868 3964 3088 4033 δοκήσει
3114 3960 3209 4015 τοῦ
3231 3959 3577 4029 καταλλήλου
3603 3958 3780 4027 φωτὸς

2206 4062 2515 4130 ἀπατήσας,
2549 4058 2629 4121 είς
2652 4057 2848 4111 ἑαυτὸν
2877 4055 3255 4123 ἐπαγάγηται·
3296 4052 3392 4106 καὶ
3420 4051 3610 4109 άπλῶς
3637 4049 3783 4102 οὕτω

2207 4152 2344 4223 πρὸς
2375 4150 2551 4203 πάντα
2580 4147 2917 4203 ποικίλλεται
2943 4147 3040 4199 καὶ
3063 4148 3175 4208 τοῖς
3194 4145 3380 4205 πᾶσιν,
3405 4142 3493 4195 ἵνα
3512 4141 3591 4209 τῷ
3612 4140 3779 4209 ὁμοίῳ

2207 4236 2555 4308 χειρούμενος
2587 4236 2937 4303 εὐλογοφανεῖ
2974 4232 3241 4304 προφάσει
3276 4230 3511 4300 προξενῇ
3547 4230 3647 4298 τὴν
3677 4230 3780 4280 ti:-

2208 4327 2402 4381 ώλειαν
2430 4343 2445 4357 ο
2500 4324 2862 4395 Λογισμοὺς,
2892 4324 3046 4392 φησὶ,
3078 4320 3500 4389 καθαιροῦντες
3527 4319 3627 4375 καί
3657 4316 3771 4371 πᾶν

533 4415 734 4469 niciem
757 4431 772 4467 :
797 4412 1053 4478 Comitia,
1072 4413 1274 4483 inquit,
1293 4415 1613 4469 destruentes
1636 4425 1683 4469 et
1727 4433 1934 4470 omnem
1972 4417 2098 4471 alti-

2205 4418 2420 4485 ὕψωμα
2442 4416 2835 4483 ἐπαιρόμενον
2869 4414 3018 4469 κατὰ
3046 4412 3156 4479 τῆς
3176 4410 3446 4480 γνώσεως
3475 4408 3581 4462 τοῦ
3607 4407 3774 4462 Θεοῦ.

535 4506 773 4558 tudinem
797 4503 1206 4558 extollententsc
1254 4506 1503 4565 adversus
1556 4510 1827 4562 scientiam
1869 4509 1965 4561 Dei
2014 4510 2060 4541 “’
2088 4548 2100 4561 .

533 4598 668 4652 Vide
686 4612 973 4667 quousque
1017 4597 1287 4666 superbus
1316 4598 1406 4652 ille
1440 4598 1703 4667 impostor
1734 4602 1967 4656 audendi
1988 4617 2107 4671 pro-

536 4691 761 4747 terviam
792 4690 1070 4753 extendat,
1103 4699 1163 4744 ut
1202 4706 1310 4745 non
1332 4691 1548 4746 dubitet
1599 4694 1786 4747 conari
1831 4710 1927 4749 eos
1959 4695 2106 4765 ipsos

536 4783 793 4853 dejicere,
826 4782 919 4851 qui
954 4781 1112 4849 211
1137 4780 1383 4835 divinum
1453 4782 1666 4837 Numen
1708 4784 1761 4837 in
1793 4786 2103 4855 cognitione

536 4872 782 4930 veritatis
803 4871 1137 4941 possideant.
1170 4870 1240 4925 Ut
1270 4870 1406 4925 adeo
1445 4886 1897 4944 unumquemque
1940 4891 2106 4944 opor-

537 4973 645 5019 teat
669 4978 767 5019 cor
794 4976 954 5016 suum
986 4961 1136 5016 omni
1156 4962 1406 5015 custodia
1428 4978 1677 5029 servare;
1714 4966 2049 5037 multamque
2074 4982 2105 5023 ο

540 5057 651 5111 Deo
674 5052 1021 5125 prudentiam
1042 5068 1285 5123 poscere,
1312 5062 1372 5109 ut
1388 5054 1481 5109 det
1508 5056 1667 5111 nobis
1695 5058 2107 5128 deprehendere

534 5142 821 5198 diabolicae
834 5142 1188 5211 malignitatis
1210 5152 1376 5198 artes.
1396 5144 1769 5216 Praetereaque
1785 5149 2104 5210 exercitare,

533 5251 595 5290 ac
614 5234 771 5305 quasi
790 5233 1074 5288 elaborare
1108 5243 1347 5291 mentem
1390 5249 1455 5289 ac
1494 5236 1851 5306 cogitationes
1890 5249 2108 5294 nostras

532 5325 807 5381 elimando
860 5339 960 5394 per
1016 5323 1357 5393 spiritualem
1408 5340 1597 5380 curam
1660 5328 1777 5380 sine
1827 5327 2105 5382 intermis-

534 5418 687 5472 sione
710 5415 986 5479 convenit,
1015 5422 1071 5468 et
1089 5416 1155 5469 ad
1178 5416 1273 5470 Dei
1294 5417 1629 5473 voluntatem
1646 5418 1905 5489 adaptare
1927 5419 2103 5487 ipsas;

2208 4511 2349 4579 Ὅρα
2380 4508 2543 4579 μέχρι
2572 4507 2666 4560 καὶ
2689 4507 2849 4559 τίνων
2875 4508 2906 4559 ό
2925 4504 3141 4567 ἀλαζὼν
3166 4503 3395 4559 ἐκτείνει
3416 4502 3480 4555 τὸ
3498 4501 3771 4569 τόλμημα,

2203 4601 2282 4670 τῷ
2322 4598 2603 4669 βούλεσθαι
2651 4598 2745 4649 καὶ
2784 4596 2910 4658 τοὺς
2939 4595 3041 4665 ἥδη
3070 4595 3132 4648 τὸ
3153 4594 3309 4646 Θεῖον
3335 4593 3458 4646 κατ’
3486 4592 3775 4658 ἐπίγνωσιν

2204 4688 2460 4757 ἀληθείας
2510 4687 2729 4756 ἐχοντας
2774 4686 3143 4751 κατενεγκεῖν.
3170 4683 3331 4735 ’Ὥστε
3376 4680 3529 4752 πάσῃ
3565 4681 3772 4748 φυλακῇ

2205 4782 2391 4849 τηρεῖν
2442 4778 2542 4848 τὴν
2587 4776 2783 4831 ἐαυτοῦ
2825 4775 3052 4845 καρδίαν
3077 4774 3221 4844 χρὴ,
3278 4773 3481 4843 πολλὴν
3522 4789 3584 4825 τε
3628 4771 3775 4840 παρὰ

2205 4870 2343 4926 Θεοῦ
2371 4874 2471 4941 τὴν
2494 4869 2707 4923 σύνεσιν
2738 4869 2930 4929 αίτεῖν,
2956 4867 3043 4923 ἵνα
3068 4866 3145 4935 δῷ
3176 4867 3308 4935 ἡμῖν
3334 4865 3435 4927 τὰς
3460 4864 3557 4932 τῆς
3580 4866 3772 4922 κακίας

2205 4961 2398 5031 τέχνας
2426 4961 2637 5030 ιρωρᾷν.
2674 4957 3037 5028 Ἔργάζεσθαι
3055 4956 3112 5011 δὲ
3140 4956 3235 5010 καὶ
3260 4957 3516 5010 ἐκπονεῖν
3540 4955 3634 5008 τὸν
3655 4953 3770 5007 νοῦν

2207 5055 2266 5106 ἐν
2315 5053 2527 5105 συνέσει
2578 5052 2672 5105 καί⁴
2713 5052 2837 5113 τοὺς
2866 5049 3161 5119 λογισμοὺς
3190 5050 3458 5119 προςήκει
3490 5048 3766 5119 διηνεκῶς.

2208 5147 2301 5198 καὶ
2344 5144 2481 5213 πρὸς
2505 5143 2601 5197 τοῦ
2629 5142 2766 5195 Θεοῦ
2795 5142 3005 5212 θέλημα
3038 5140 3387 5212 καταρτίζειν
3414 5140 3611 5201 αὐτούς
3630 5155 3645 5169 ·
3677 5138 3769 5189 οὐκ

2212 5238 2325 5289 ἐστι
2357 5236 2543 5289 τούτου
2575 5234 2759 5306 μεῖζον
2786 5234 2948 5305 ἔργον
2984 5234 3019 5304 ἢ
3061 5232 3422 5305 τιμιώτερον·
3462 5229 3769 5299 Ἐεομοιιό-

2206 5345 2383 5395 τησις
2426 5326 2563 5397 γὰρ,
2604 5325 2768 5395 φησι,
2825 5323 2925 5378 καὶ
2964 5322 3445 5395 μεγαλοπρέπεια
3495 5320 3562 5372 τὸ
3598 5314 3763 5387 sm

2204 5419 2409 5474 αὐτοῦ.

535 5524 644 5577 quo
672 5524 782 5563 non
808 5511 986 5582 majus
1006 5521 1113 5569 nec
1140 5508 1436 5577 pretiosius
1472 5525 1611 5581 opus
1634 5520 1736 5567 est.
1767 5511 2053 5581 Confessio,
2090 5510 2234 5564 enim
2265 5512 2362 5576 ait,
2381 5521 2429 5565 et
2458 5509 2849 5582 magniﬁcentia
2867 5525 2997 5580 opus
3012 5508 3123 5578 ejus
3147 5508 3213 5563 “.

630 5647 671 5723 ‘_‘
716 5648 761 5723 I1
780 5648 904 5703 Cor.
944 5653 1094 5723 $71.2.
1117 5652 1161 5682 ³³
1198 5653 1356 5723 Prov.
1392 5669 1462 5715 tv,
1502 5653 1591 5705 ‘23.
1670 5654 1861 5723 "Sap.
1906 5670 1940 5719 t,
1969 5653 2022 5711 5..

541 5717 581 5748 ⁴⁶
614 5717 678 5772 ll.
722 5715 851 5772 Cor.
881 5737 931 5785 x,
954 5720 1004 5774 5.
1082 5724 1121 5753 ⁸¹
1148 5722 1342 5777 l’salm.
1374 5739 1457 5786 cx,
1501 5723 1551 5776 5.

2121 5655 2164 5687 δ’
2199 5656 2366 5735 Apoc.
2405 5671 2459 5722 Χ,
2503 5653 2591 5709 22.

2696 5649 2929 5709 "lCor.
2968 5666 3042 5721 lx,
3081 5653 3171 5713 22.
3279 5650 3323 5683 ³⁸
3351 5649 3396 5705 ll
3424 5648 3552 5706 Cor.
3588 5646 3761 5715 11,“.
