4044 6520
268 318 363 385 941

1314 314 1545 375 LIBER
1584 313 1682 376 DE
1722 314 2146 378 LIBERTATE
2184 318 2491 381 MENTIS.

3421 320 3529 389 942

336 431 419 486 η’.
467 428 546 497 Τῇ
580 425 812 497 φιλοθέῳ
839 424 983 499 ψυχῇ
1005 467 1020 493 ,
1056 426 1163 481 κᾶν
1193 425 1371 481 πάντα
1399 428 1467 482 τά
1497 427 1675 496 ἀγαθά
1708 428 1850 499 πρά-

2026 432 2161 487 Vill.
2208 433 2305 489 Dei
2347 433 2789 501 amantianimaa,
2840 447 3120 508 utcunque
3147 438 3329 495 omnia
3380 439 3525 495 bona

264 519 428 584 ξειεν,
466 517 616 570 οὐδὲν
650 517 838 587 ἑαυτῇ,
873 515 1011 570 ἀλλά
1038 516 1116 587 τῷ
1140 516 1258 587 Θεῷ
1285 516 1490 573 ἕκαστα
1516 519 1843 588 ἐπιγράφειν

262 612 401 675 ἔθος.
458 608 643 681 Ταύτῃ
701 626 785 662 τοι
837 609 931 664 καὶ
963 609 992 661 δ
1020 608 1151 674 Θεὸς
1182 610 1344 663 πάλιν
1372 611 1439 681 τῇ
1471 609 1615 677 ύγιεῖ
1639 610 1844 679 ταύτης

262 703 358 756 καὶ
407 701 540 773 ὀρθῇ
590 700 805 755 συνέσει
848 700 943 755 καὶ
989 698 1189 771 γνώσει
1222 698 1499 771 προσχὼν,
1532 700 1844 754 τούναντίον

260 794 446 867 ἐκείνῃ
476 792 654 848 πάντα
679 791 978 861 λογίζεται·
1014 793 1108 847 καὶ
1134 791 1209 856 ὼς
1237 792 1408 862 αὐτῆς
1434 790 1718 863 καμούσης
1751 793 1844 847 καὶ

261 882 394 955 παρ’
424 884 621 955 ἑαυτῆς
650 884 709 935 τὸ
731 883 850 937 ὅλον
870 884 1274 959 ἐργασαμένης,
1298 884 1395 950 τὰς
1415 885 1712 949 ἀντιδόσεις
1734 886 1845 939 ἐπι-

263 976 485 1047 μετρεῖ⁶
530 974 715 1028 καίτον
742 975 895 1041 δόξαν
923 974 1071 1049 αὐτῴ
1113 976 1249 1047 πρὸς
1275 975 1453 1044 κρίσιν
1490 978 1623 1047 ἡμῖν
1645 976 1842 1041 ἐλθεῖν,

259 1068 414 1119 οὐδὲν
464 1066 601 1138 πρὸς
642 1066 900 1137 ἀλήθειαν
949 1067 1029 1140 τῷ
1068 1066 1340 1139 ἀνθρώπῳ
1378 1068 1584 1121 δίκαιον
1613 1067 1843 1139 εὑρεθή-

272 1178 436 1213 τεται·
475 1161 597 1213 ἐπεὶ
629 1161 723 1215 καὶ
752 1164 821 1213 τὰ
848 1161 1129 1233 χρήματα,
1168 1161 1262 1213 καὶ⁵
1291 1160 1360 1213 τὰ
1383 1160 1642 1215 δοκοῦντα
1666 1161 1845 1217 πάντα

262 1251 421 1301 ταυτὶ
462 1248 643 1316 ἀγαθὰ
666 1287 683 1315 ,
741 1248 810 1301 δι’
844 1242 918 1301 ὧν
952 1249 1047 1305 καὶ
1078 1250 1317 1303 εὐποιεῖν
1349 1249 1576 1314 ἕκαστος
1598 1250 1843 1318 δύναται,

261 1340 473 1393 ἐκείνου
501 1339 631 1406 sici,
666 1340 739 1410 γῆ
770 1340 865 1394 καὶ
893 1342 1068 1395 πάντα
1097 1341 1165 1395 τά
1194 1342 1253 1395 ἐν
1281 1342 1417 1413 αὐτῇ
1437 1359 1451 1373 ·
1491 1341 1623 1396 αὐτὸ
1654 1344 1713 1396 τὸ
1743 1342 1848 1398 σῶ-

268 1450 370 1500 μα,
402 1431 497 1484 καὶ
528 1431 666 1503 αὑτὴ
698 1433 730 1502 ἠ
756 1432 923 1502 ψυχή·
957 1432 1015 1485 ού
1046 1431 1153 1503 μὴν
1178 1431 1314 1486 ἀλλά
1336 1434 1431 1486 καὶ
1454 1433 1585 1486 αὐτὸ
1606 1432 1667 1487 τὸ
1680 1430 1843 1501 εἶναι,

262 1520 552 1591 ἅνθρωπος
589 1523 729 1575 κατὰ
758 1521 917 1591 χάριν
949 1521 1081 1590 ἔχει.
1116 1520 1180 1575 Τί
1207 1521 1388 1575 τοίνυν
1421 1521 1571 1593 αύτῷ
1600 1521 1845 1578 λείπεται

263 1612 399 1666 ἴδιον
423 1652 439 1679 ,
494 1613 578 1683 ἐφ’
608 1607 651 1680 ᾧ
685 1614 745 1666 τὸ
776 1614 1028 1684 οἰηθῆναι
1063 1612 1096 1685 ἢ
1129 1613 1486 1685 δικαιωθῆναι
1515 1615 1661 1670 κατά
1688 1615 1845 1684 λόγον

1947 518 2138 587 faciat,
2166 525 2301 579 nihil
2333 526 2460 592 sibi,
2492 526 2587 582 sed
2619 528 2725 583 Deo
2748 536 2943 583 cuncta
2965 528 3240 585 ascribere
3270 544 3388 585 mos
3416 538 3522 585 est.

1942 612 2013 666 At
2038 614 2184 668 Deus
2210 615 2451 671 vicissim
2493 633 2679 673 sanam
2710 619 2829 688 ejus
2852 626 2908 673 et
2956 627 3197 681 rectam,
3251 634 3375 679 cum
3428 621 3527 676 ad-

1943 702 2206 759 mistione
2224 706 2551 774 prudentiae,
2599 707 2887 763 scientiam
2946 707 3254 772 attendens,
3299 709 3352 762 in
3395 724 3527 764 con-

1945 795 2175 850 trarium
2204 796 2362 865 plane
2390 798 2611 855 modum
2633 798 2817 854 omnia
2861 798 2966 868 ipsi
3001 799 3264 868 imputat;
3287 814 3352 853 ac
3378 802 3525 855 velut

1946 876 2036 937 illa
2064 884 2178 939 sola
2200 885 2521 952 laborasset,
2545 895 2603 943 et
2628 889 2744 945 suis
2774 888 2938 945 unius
2962 888 3175 944 viribus
3196 888 3253 943 in
3286 889 3522 945 solidum

1945 983 2141 1028 cuncta
2175 976 2498 1047 peregisset,
2546 978 2625 1035 sic
2664 980 2715 1034 ei
2748 979 3229 1035 remunerationes
3284 980 3522 1036 admeti-

1948 1071 2058 1118 tur.
2095 1065 2392 1120 Enimvero
2430 1067 2474 1123 si
2506 1069 2618 1123 Deo
2648 1069 2866 1127 luberet
2896 1070 3071 1141 rigido
3100 1071 3388 1129 nobiseum
3437 1072 3525 1142 ju-

1944 1153 2091 1208 dicio
2140 1171 2302 1226 agere
2328 1196 2344 1221 ,
2378 1158 2515 1213 nihil
2577 1175 2805 1230 prorsus
2856 1161 3065 1218 homini
3090 1162 3159 1219 ab
3188 1179 3254 1218 eo
3272 1179 3400 1218 vere
3428 1163 3523 1218 de-

1944 1246 2122 1302 bitum
2183 1250 2548 1317 reperiretur,
2610 1251 3056 1323 quandoquidem
3108 1255 3517 1322 possessiones,

1945 1340 2201 1412 pecunia,
2259 1349 2566 1411 cunt-taque
2591 1341 2754 1415 hujus
2783 1345 2907 1401 vitae
2952 1346 3112 1411 bona,
3145 1363 3267 1417 qua:
3312 1347 3522 1402 instru-

1945 1439 2132 1485 menta
2162 1431 2303 1487 bene
2340 1433 2615 1502 operandi
2648 1433 2807 1488 bonis
2852 1443 3002 1500 sunt,
3031 1436 3087 1490 in
3142 1437 3377 1493 solidum
3402 1438 3522 1507 ejus

1948 1523 2198 1589 dominio
2229 1524 2530 1594 subjacent.
2600 1523 2827 1579 Terram
2878 1534 2932 1579 et
2967 1526 3222 1581 universa
3271 1542 3394 1596 qua:
3429 1527 3523 1582 illa

1946 1614 2056 1671 fert
2094 1626 2190 1672 aut
2219 1617 2467 1672 continet
2495 1633 2509 1682 ;
2567 1616 2745 1687 ipsum
2780 1632 2999 1687 corpus,
3044 1617 3216 1687 ipsam
3239 1617 3472 1674 animam
3501 1654 3517 1683 ,

260 1704 415 1771 ’ἑξει;
456 1706 594 1774 πλὴν
627 1705 760 1759 ἀλλὰ
789 1705 992 1775 ταύτην
1026 1707 1055 1759 ὁ
1082 1706 1215 1769 Θεὸς
1251 1704 1515 1777 μεγίστην
1548 1704 1609 1772 ἐξ
1633 1706 1845 1777 ἀνθρώσι-

1950 1706 2044 1767 sed
2083 1714 2142 1759 et
2196 1707 2371 1777 ipsum
2397 1722 2539 1773 esse,
2574 1708 2737 1764 homo
2782 1722 2879 1778 per
2903 1708 3131 1779 gratiam
3170 1708 3520 1775 babehQuid

263 1812 385 1849 πων
416 1796 627 1866 δέχεται
660 1796 853 1866 χάριν,
903 1796 998 1850 καὶ
1042 1794 1201 1851 τοῦτο
1236 1775 1347 1849 τῶν
1380 1775 1844 1868 προσφερομένων

1951 1800 2117 1875 igitur
2159 1775 2267 1873 ipsi
2309 1802 2643 1871 relinquitur
2687 1775 2993 1875 proprium,
3055 1804 3202 1860 unde
3250 1805 3424 1876 possit
3464 1806 3519 1860 in

263 1890 464 1959 ἐκείνῳ
493 1890 551 1942 τὸ
576 1890 955 1960 χαριέστατον,
979 1888 1039 1941 τὸ
1063 1888 1163 1959 τὴν
1187 1887 1365 1959 ψυχὴν
1394 1889 1571 1952 καλῶς
1596 1890 1847 1959 ἐπιγνοῦ-

1951 1888 2339 1945 contidentiam
2389 1888 2592 1953 inﬂari,
2638 1898 2732 1944 aut
2759 1905 2912 1961 spem
2938 1893 3229 1963 concipere
3277 1908 3403 1949 vera
3437 1910 3523 1948 ra-

240 5656 256 5685 Ι

265 1998 370 2035 σαν
397 1983 542 2045 ὅπως
571 1980 682 2050 ἔχει
708 1980 777 2033 τά
799 1980 948 2044 ὄντα,
982 1980 1159 2033 πάντα
1186 1981 1392 2049 ὅσαπερ
1422 1979 1486 2033 ἂν
1513 1983 1639 2050 ποιῇ
1665 1982 1848 2049 ἀγαθά

265 2074 367 2127 καὶ
408 2074 508 2127 ὅσα
550 2072 747 2141 κάμνει
796 2071 886 2125 διὰ
920 2069 1073 2135 Θεὸν,
1108 2070 1209 2124 ὃσα
1234 2086 1294 2123 τε
1322 2069 1535 2138 συνίησι
1565 2071 1660 2124 καὶ
1685 2070 1849 2140 γινώ-

265 2178 420 2227 σκει,
466 2161 614 2233 αὐτῷ
643 2160 985 2231 λογίζεσθαι,
1023 2160 1119 2217 καὶ
1174 2159 1322 2232 αὐτῷ
1353 2159 1414 2212 τὸ
1460 2158 1682 2230 σύμπαν
1717 2160 1848 2215 ἀνα-

262 2255 499 2309 τιθέναι.

1954 1980 2100 2033 tione
2142 1977 2323 2033 nixam
2355 1978 2642 2037 obtinendi
2688 1979 2939 2035 districto
2965 1981 3175 2051 judicio
3202 1982 3357 2053 quasi
3397 1984 3521 2054 jure

1954 2069 2058 2127 sibi
2098 2069 2347 2125 debitum
2383 2069 2661 2140 quidpiam
2684 2070 2707 2124 ‘i
2734 2069 3006 2126 Caeterum
3038 2071 3180 2139 hanc
3231 2072 3520 2129 tnaximam

1954 2175 2022 2214 ex
2058 2159 2373 2215 hominibus
2405 2158 2546 2214 Deus
2582 2154 2819 2231 perCipit
2838 2160 3066 2231 gratiam
3093 2178 3108 2229 ;
3134 2169 3189 2217 et
3217 2161 3324 2216 hoc
3354 2177 3421 2217 ex
3454 2161 3522 2218 iis

1950 2268 2073 2324 qua:
2127 2252 2231 2322 ipsi
2278 2251 2586 2308 offeruntur
2638 2269 2807 2308 unum
2856 2254 3018 2324 longe
3063 2254 3519 2324 iucundissimum

263 2349 503 2413 accidit;
549 2347 728 2402 anima
777 2362 886 2410 res,
923 2346 1005 2400 uti
1084 2361 1143 2401 se
1200 2360 1328 2400 vere
1358 2344 1584 2410 habent,
1607 2354 1897 2416 agnoscat;
1937 2354 1994 2401 et
2018 2361 2354 2416 quaecunque
2381 2345 2512 2399 facit
2541 2346 2703 2411 bona,
2729 2361 3069 2417 qumcunque
3092 2356 3315 2417 propter
3348 2347 3522 2404 Deum

263 2440 413 2494 mala
452 2441 660 2504 tolerat,
694 2454 1032 2509 quaecunque
1097 2438 1352 2508 intelligit
1382 2448 1439 2494 et
1464 2439 1653 2505 sentit,
1691 2438 1924 2508 imputet
1955 2455 2211 2510 supremo
2243 2439 2528 2510 largitori,
2570 2449 2625 2494 et
2656 2440 2750 2493 uni
2783 2440 2835 2495 ei
2878 2449 3100 2510 accepta
3134 2439 3353 2495 referat.

340 2534 417 2589 8'.
458 2534 668 2603 Ὠσπερ
710 2533 924 2605 Ἰσραὴλ
953 2533 1058 2598 ἓως
1091 2535 1191 2604 μὲν
1223 2533 1532 2603 εὐαρέστως
1561 2530 1673 2604 εἶχε
1705 2533 1840 2602 πρὸς
1894 2548 1899 2557 ³

266 2628 363 2680 τὸν
408 2626 719 2695 Δεσπότην,
776 2626 1018 2693 καίτοιγε
1067 2625 1322 2679 οὐδέποτε
1372 2626 1471 2693 μὲν
1520 2624 1597 2688 ὡς
1639 2624 1841 2695 ἐχρῆν*

266 2719 412 2789 πλὴν
438 2718 551 2770 ἀλλ’
580 2713 673 2770 οὖν
698 2716 801 2779 ἕως
826 2717 998 2771 ἐδόκει
1028 2718 1153 2787 ὑγιῆ
1177 2733 1300 2770 τινα
1324 2715 1505 2779 ποσῶς
1528 2715 1663 2785 πρὸς
1686 2715 1847 2768 αὑτὸν

266 2812 421 2881 ἔχειν
472 2811 568 2880 τὴν
610 2810 827 2873 πίστιν,
885 2810 1075 2872 στύλος
1125 2808 1297 2879 πυρὸς
1330 2809 1424 2862 καὶ
1454 2809 1649 2878 νεφέλη
1684 2806 1850 2867 αὑτοῦ

269 2904 587 2975 προηγεῖτο,
614 2901 857 2959 θάλασσα
896 2901 951 2957 δὲ
979 2900 1126 2972 αὐτῷ
1164 2899 1460 2973 ὑπεχώρει,
1496 2903 1591 2957 καὶ
1644 2899 1853 2971 μυρίων

269 2996 448 3048 ἄλλων
475 2994 715 3047 ἀπέλαυε
757 2994 1075 3063 θαυμασίων
1101 3009 1117 3026 ο
1139 2993 1299 3048 ὁπότε
1328 2994 1387 3046 δὲ
1432 2993 1532 3064 τῆς
1558 2993 1694 3063 πρὸς
1720 2992 1853 3045 Θεὸν

270 3084 490 3148 εὐνοίας
518 3085 782 3153 ἀφίστατο
801 3125 815 3147 ,
852 3085 975 3138 τότε
1008 3086 1103 3139 καὶ
1128 3086 1243 3146 τοῖς
1269 3085 1486 3154 ἐχθροῖς
1514 3083 1849 3154 παρεδίδοτο.

2020 2534 2114 2589 IX.
2168 2535 2323 2591 Sicut
2378 2538 2670 2601 lsraelitas,
2724 2536 2901 2606 quoad
2941 2536 3161 2605 quidem
3204 2535 3273 2591 ad
3308 2535 3524 2591 Domini

1948 2624 2352 2695 beneplacitum
2378 2643 2435 2682 se
2467 2617 2882 2682 conformarunt
2909 2625 3032 2695 (etsi
3052 2642 3333 2695 nunquam
3354 2625 3406 2679 id
3442 2626 3522 2682 illi

1949 2731 2013 2773 ea
2035 2733 2141 2787 qua
2154 2726 2474 2787 oportuerat
2504 2718 2787 2788 diligentia
2811 2716 3100 2782 fecerunt),
3128 2732 3316 2772 verum
3341 2731 3519 2786 quan-

1950 2805 2042 2876 diu
2074 2806 2266 2861 saltem
2294 2806 2348 2860 in
2377 2806 2616 2875 speciem
2641 2821 2770 2866 sana
2804 2806 2858 2860 in
2889 2820 3012 2861 eum
3036 2805 3143 2861 [ide
3170 2821 3228 2865 se
3264 2808 3522 2876 prmditos

1951 2906 2230 2969 utcunque
2265 2897 2544 2968 operando
2573 2905 2970 2963 monstrarunt,
3005 2899 3258 2954 columna
3302 2899 3444 2969 ignis
3466 2909 3524 2956 et

1949 2991 2128 3049 nubes
2174 2990 2429 3062 premat,
2480 3006 2628 3045 mare
2680 2998 2862 3044 autem
2912 2989 2979 3049 iis
3024 2989 3161 3051 dans
3213 2992 3524 3047 transituris

1950 3083 2094 3151 viam
2139 3084 2468 3149 recedebat;
2496 3082 2709 3153 ipsique
2731 3082 3142 3153 innumerisque
3185 3082 3307 3139 aliis
3351 3083 3523 3153 adjuti

270 3178 370 3230 καὶ
410 3176 674 3239 δουλείαις
716 3179 942 3247 πικραῖς
980 3175 1395 3247 κατειργάζετο.
1432 3174 1590 3229 Οὕτω
1626 3192 1714 3243 μοι
1738 3174 1848 3228 νόει

1951 3175 2107 3233 miris
2137 3176 2406 3246 operibus
2422 3176 2577 3232 fuere
2601 3193 2615 3242 ;
2637 3175 3050 3245 quandoautem
3071 3192 3102 3245 a
3138 3175 3522 3232 ﬁdelitateDeo

270 3270 373 3323 καὶ
406 3269 497 3322 ἐπὶ
524 3269 622 3338 τῆς
645 3269 853 3338 ψυχῆς*
902 3270 936 3338 ἠ
980 3268 1067 3322 διά
1099 3269 1198 3337 τῆς
1225 3268 1445 3337 χάριτος
1471 3267 1563 3321 τὸν
1585 3267 1719 3320 Θεὸν
1745 3268 1846 3323 ἐπ-

270 3361 444 3429 έγνω,
482 3362 573 3414 καὶ
601 3360 707 3414 ἀπὸ
740 3360 927 3430 ρύπων
958 3359 1058 3429 μὲν
1086 3357 1362 3429 ἐκαθάρθη
1394 3357 1605 3413 πολλῶν
1632 3358 1694 3413 τὸ
1715 3357 1850 3428 πρό-

269 3469 435 3522 τερον
458 3492 475 3516 ,
526 3448 642 3505 εἶτα
691 3453 784 3507 καὶ
827 3451 1065 3521 χαρίτων
1116 3450 1247 3519 ἀγία
1290 3450 1513 3519 γέγονε,
1547 3449 1645 3521 τὴν
1675 3467 1848 3521 προσ-

270 3546 517 3613 ήκουσαν
541 3544 597 3598 δὲ
622 3544 683 3597 οὑ
712 3543 994 3613 φυλάξασα
1020 3542 1097 3612 τῷ
1118 3542 1355 3613 οὐρανίῳ
1375 3541 1529 3612 ἀνδρὶ
1555 3542 1643 3595 διὰ
1666 3541 1851 3604 Ιτέλους

270 3636 511 3702 εὔνοιαν,
547 3636 771 3700 ἐξέπεσε
803 3637 903 3705 τῆς
935 3638 1080 3705 ζωῆς
1108 3629 1177 3705 ἦς
1210 3635 1435 3704 μέτοχος
1460 3634 1722 3702 ἐγεγόνει.
1751 3636 1853 3687 Au.

271 3729 438 3781 νατὸν
483 3728 593 3798 γὰρ
642 3728 721 3798 τῷ
764 3730 1124 3798 ἀντικειμένῳ
1158 3727 1254 3780 καὶ
1284 3726 1394 3780 τῶν
1426 3728 1505 3789 είς
1531 3727 1603 3779 τὰ
1629 3724 1853 3781 τοιαῦτα

272 3820 600 3889 φθασάντων
633 3820 1058 3891 κατεπαίρεσθαι
1096 3820 1290 3890 μέτρα.
1328 3819 1494 3872 Ὥστε
1520 3818 1851 3886 ἀγωνιστέον

270 3914 449 3980 ὁπόση
501 3912 768 3981 δύναμις,
822 3913 919 3965 xui.
971 3912 1108 3982 μετά
1154 3909 1319 3979 φόϐου
1367 3909 1464 3962 καὶ
1507 3910 1709 3979 τρόμου
1755 3911 1852 3979 τῆς

273 3998 487 4053 ἑαυτῶν
538 3998 682 4071 ζωῆς
730 3999 1089 4069 ἐπιμελητέον
1116 4040 1130 4064 ,
1190 3997 1424 4069 μάλιστα
1471 3999 1583 4059 τοῖς
1616 3999 1729 4052 ὅσοι
1759 3996 1852 4051 τοῦ

273 4090 598 4160 ιῐνεύματος
648 4090 741 4145 τοῦ
787 4091 1022 4162 Χριστοῦ
1070 4091 1329 4160 γεγόνασι
1384 4091 1642 4161 μέτοχοι,
1697 4089 1855 4143 τοῦτο

273 4182 415 4250 μηδὲ
470 4183 663 4252 μικρὸν
718 4183 751 4253 ἢ
801 4182 940 4252 μέγα
989 4182 1055 4237 δι’
1090 4182 1383 4251 ὀλιγωρίαν
1431 4183 1623 4246 ποιεῖν,
1662 4180 1756 4235 καὶ
1786 4181 1854 4234 δι’

270 4274 413 4327 αὐτὸ
436 4274 594 4327 τοῦτο
623 4273 718 4329 τοῦ
756 4275 961 4344 Κυρίου
990 4273 1214 4345 Πνεῦμα
1248 4274 1461 4328 λυπεῖν.
1510 4275 1725 4344 Ὠσπερ
1748 4273 1855 4343 γὰρ

271 4364 440 4430 Χαρὰ
468 4365 688 4433 γίνεται
718 4365 787 4419 ἐν
808 4363 888 4429 τῷ
910 4364 1167 4432 οὐρανῷ,
1184 4364 1329 4423 καθά
1352 4366 1564 4435 φησινή
1584 4364 1852 4435 Ἀλήθεια,

270 4453 378 4509 ἐπὶ
426 4453 514 4522 ἀνί
564 4454 888 4523 ἁμαρτωλῷ
918 4455 1351 4523 μετανοοῦντι’
1397 4454 1540 4509 οὓτω
1585 4455 1677 4509 καὶ
1710 4453 1854 4524 λύπη

1948 3270 2132 3327 debita
2163 3269 2502 3335 defecerunt,
2546 3279 2677 3327 tunc
2701 3280 2756 3325 et
2780 3269 3033 3326 hostibus
3066 3278 3197 3324 sunt
3246 3268 3437 3336 dediti,
3466 3278 3524 3326 et

1950 3360 2087 3417 diris
2109 3361 2469 3431 servitutibus
2495 3361 2673 3419 attriti
2728 3368 2878 3417 sunt.
2906 3360 2998 3415 Sic
3025 3368 3082 3416 et
3110 3369 3168 3415 tu
3202 3370 3417 3430 reputa,
3450 3359 3526 3415 si-

1950 3450 2103 3517 milia
2142 3452 2462 3522 contingere
2534 3451 2749 3515 animae,
2817 3458 3103 3520 postquam
3144 3463 3244 3519 per
3291 3448 3523 3519 gratiam

1952 3545 2125 3601 Deum
2158 3553 2488 3614 agnoverat;
2518 3551 2807 3614 postquam
2837 3558 2867 3598 a
2899 3542 3087 3599 multis
3133 3556 3232 3611 per
3266 3553 3525 3595 eumsor-

1952 3637 2117 3692 dibus
2138 3636 2546 3700 fueratabluta,
2588 3634 2889 3705 gratiisque
2914 3642 3179 3704 praeterea
3217 3639 3521 3697 exornata;

1952 3743 2079 3787 cum
2147 3726 2310 3782 ﬁdem
2363 3726 2797 3794 charitatemque
2834 3732 2916 3780 tot
2941 3721 3257 3779 nominibus
3309 3720 3525 3777 debitas

1953 3819 2163 3883 caelesti
2194 3834 2295 3875 suo
2326 3832 2530 3887 sponso
2562 3817 2629 3875 ad
2662 3825 2967 3873 extremum
3014 3830 3127 3869 non
3155 3812 3471 3883 prastiterit
3504 3851 3523 3879 ,

1954 3920 2017 3963 ut
2036 3907 2251 3963 excidat
2281 3907 2411 3971 vita,
2439 3905 2598 3975 cujus
2617 3904 2890 3973 particeps
2908 3900 3253 3957 eratetl‘ecta.
3273 3900 3352 3955 Eo
3376 3899 3524 3954 enim

1955 4016 2128 4070 usque
2150 4000 2422 4069 potestvis
2442 3997 2677 4052 exitialis
2693 3996 2905 4051 Satanae
2920 3993 3253 4065 pertingere,
3274 4003 3333 4048 ut
3353 3990 3522 4047 etiam

1955 4106 2051 4146 eos
2080 4088 2323 4160 dejiciat,
2368 4087 2462 4157 qui
2502 4086 2573 4141 ad
2609 4095 2719 4157 tam
2733 4084 3023 4157 sublimem
3054 4084 3219 4139 istum
3241 4080 3524 4152 dignitatis

1954 4180 2324 4236 ascenderunt
2360 4178 2591 4251 apicem.
2621 4177 2889 4245 Quocirca
2938 4172 3380 4231 contendendum
3411 4179 3527 4227 tota

1956 4274 2161 4328 virtute
2194 4284 2298 4337 est,
2323 4281 2385 4327 ut
2430 4286 2556 4327 cum
2596 4270 2793 4325 timore
2841 4276 2898 4323 et
2924 4275 3161 4323 tremore
3209 4262 3527 4334 invigiletur

1956 4364 2347 4427 conservanda:
2376 4361 2653 4434 spirituali
2686 4360 2811 4415 vita:
2842 4376 2857 4427 ;
2902 4360 2969 4415 iis
2995 4358 3252 4422 maxime,
3278 4355 3373 4424 qui
3404 4352 3527 4427 Spi-

1957 4456 2096 4510 ritus
2137 4454 2341 4510 Christi
2372 4454 2665 4525 participes
2705 4460 2836 4508 sunt
2893 4450 3044 4506 tacti.
3083 4449 3258 4519 Quam
3286 4446 3377 4515 ad
3410 4461 3527 4501 rem

272 4545 441 4599 πάλιν
484 4548 575 4599 ἐπὶ
621 4548 719 4617 μιᾷ
748 4545 890 4616 ψυχῇ
927 4550 1025 4617 τῆς
1054 4548 1273 4602 αἰωνίου
1304 4547 1450 4617 ζωῆς
1477 4546 1843 4617 ἐκπιπτούσῃ.

1950 4547 2252 4603 cavendum
2282 4547 2573 4618 diligenter
2610 4554 2715 4611 est,
2763 4559 2832 4601 ne
2880 4542 3014 4612 quid
3072 4542 3144 4597 ab
3193 4541 3262 4597 iis
3296 4552 3525 4609 parvum

270 4651 372 4697 aut
426 4658 682 4712 magnum
703 4643 1003 4697 oscitanter
1032 4644 1143 4709 ﬁat,
1209 4644 1354 4699 unde
1386 4643 1667 4713 contingat
1732 4643 1946 4698 Domini
2007 4644 2272 4714 Spiritum
2308 4643 2641 4699 contristari.
2707 4638 3180 4707 Quemadmodum
3205 4637 3351 4692 enim
3381 4636 3528 4691 Gau-

269 4732 420 4786 dium
473 4742 549 4787 est
593 4735 648 4789 in
677 4734 824 4795 caelo,
870 4743 928 4789 ut
980 4735 1194 4792 Veritas
1249 4742 1500 4801 testatur,
1567 4752 1724 4802 super
1780 4753 1883 4789 uno
1922 4747 2187 4807 peccatore
2234 4738 2591 4808 penitentiam
2622 4740 2805 4805 agente
2834 4732 2879 4775 δ’
2917 4749 2934 4799 ;
2968 4732 3048 4787 sic
3096 4738 3153 4785 et
3199 4742 3401 4795 maeror
3445 4726 3527 4782 vi-

268 4823 463 4883 cissim
541 4839 706 4895 super
761 4842 867 4881 una
939 4827 1119 4881 anima
1178 4827 1467 4881 excidente
1522 4826 1591 4881 ab
1641 4834 1843 4882 eterna
1880 4830 2012 4885 vita.

352 4919 406 4973 I'.
447 4919 618 4974 Ὅταν
668 4919 813 4990 ψυχὴ
858 4923 955 4991 τῆς
997 4921 1220 4993 χάριτος
1264 4920 1607 4989 καταξιωθῇ,
1641 4921 1764 4973 τότε
1793 4920 1856 4991 δὴ

272 5013 379 5066 καὶ
428 5014 677 5082 χρήσιμα
721 5014 892 5084 ταύτῃ
948 5014 1185 5083 μάλιστα
1229 5012 1453 5083 γνῶσις,
1494 5012 1729 5076 σύνεσις,
1764 5012 1860 5066 καὶ

268 5104 580 5173 διάκρισις*
622 5104 767 5175 ἅπερ
795 5105 927 5173 γοῦν
958 5105 1053 5158 καὶ
1080 5104 1219 5157 αὐτὰ
1246 5104 1378 5167 Θεὸς
1405 5104 1619 5161 δίδωσιν
1646 5106 1860 5175 ἐκείνης

279 5198 547 5266 αἰτούσης
572 5237 588 5260 ,
645 5198 787 5251 ὥστε
835 5197 1143 5268 εὐαρέστως
1194 5197 1366 5268 αὐτὴν
1411 5197 1730 5267 διακονῆσαι
1781 5196 1860 5267 τῷ

274 5289 583 5360 Πνεύματι,
618 5290 647 5343 ὸ
677 5291 771 5344 καὶ
797 5289 1110 5360 κατηξιώθη
1136 5289 1344 5353 λαϐεῖν,
1381 5289 1455 5360 μὴ
1483 5289 1855 5359 κλεπτομένην

275 5382 390 5434 ὑπ’)
438 5381 634 5445 κακίας
657 5423 671 5447 ,
711 5382 785 5455 μὴ
820 5382 1196 5452 σφαλλομένην
1226 5381 1292 5433 δι’
1322 5379 1635 5449 ἀγνωσίαν,
1677 5378 1766 5449 μὴ.
1779 5378 1856 5449 τῷ

276 5456 508 5540 ἀμελεῖν
538 5474 631 5526 καὶ
661 5475 879 5543 ἀφόϐως
910 5473 1009 5543 ζῇν
1042 5475 1556 5544 παρατρεπομένην,
1586 5471 1683 5527 καὶ
1709 5470 1857 5543 παρά

276 5562 345 5615 τὸ
371 5564 697 5619 Δεσποτικόν
725 5582 779 5618 τι
809 5564 1278 5636 διαπραττομένην
1304 5563 1535 5635 θέλημα.

360 5744 401 5775 δ’
425 5743 558 5799 Luc.
603 5761 687 5809 xv,
719 5744 797 5799 l0.

2023 4922 2093 4979 Χ.
2145 4923 2374 4991 Quando
2393 4922 2582 4993 gratiae
2607 4919 2981 4990 dignationem
3005 4913 3281 4984 acceperit
3322 4912 3523 4975 anima,

1955 5021 2089 5067 tunc
2124 5012 2176 5066 ei
2216 5012 2450 5065 maxime
2472 5010 2637 5064 utiles
2679 5016 2810 5063 sunt
2848 5006 3100 5067 scientia,
3132 5002 3423 5073 prudentia
3469 5010 3527 5054 et

1955 5104 2242 5170 discretio;
2270 5119 2408 5173 quas
2443 5112 2734 5172 propterea
2767 5103 2912 5172 ipsas
2946 5115 3036 5154 res
3060 5099 3207 5154 Deus
3242 5097 3343 5161 illi,
3368 5095 3527 5151 dum-

1956 5196 2121 5252 modo
2164 5196 2425 5265 postulet,
2455 5194 2708 5263 largitur,
2747 5200 2808 5246 ut
2857 5192 2923 5246 ad
2982 5188 3383 5258 beneplacitum
3429 5199 3528 5253 per

1956 5288 2055 5342 bas
2075 5286 2250 5356 possit
2283 5287 2491 5340 servire
2514 5284 2767 5353 Spiritui,
2799 5283 2945 5353 quod
2969 5289 3032 5335 ut
3069 5281 3292 5343 faceret,
3319 5285 3404 5332 est
3446 5274 3525 5328 illi

1956 5394 2055 5449 per
2075 5378 2308 5447 gratiam
2349 5374 2649 5440 indultum;
2678 5374 2734 5428 in
2770 5388 2881 5443 quo
2925 5387 3120 5427 cavere
3159 5368 3393 5438 sollicite
3429 5367 3530 5421 de-

1960 5468 2249 5537 bet,212
2279 5483 2350 5522 ne
2378 5467 2458 5521 illi
2503 5466 2762 5535 subrepat
2792 5463 3059 5523 insidians
3087 5462 3271 5517 innata
3296 5460 3525 5524 malitia,

1963 5575 2031 5613 ne
2071 5558 2286 5614 labatur
2314 5574 2411 5629 per
2443 5557 2842 5629 ignorantiam;
2878 5570 2947 5611 ne
2978 5553 3204 5620 idcirco,
3235 5549 3383 5622 quod
3433 5564 3528 5604 ne-
