4044 6540
549 336 654 398 9ί3

1781 336 1840 395 S.
1882 334 2197 394 MACARII
2241 335 2560 400 {EGYPTII

3687 338 3789 405 955

550 449 820 519 gligenter
856 454 912 501 et
944 444 1063 501 sine
1135 445 1329 502 timore
1378 446 1543 509 vivat,
1594 453 1940 515 pervertatur
2004 441 2073 494 ad
2137 442 2343 513 aliquid
2399 446 2691 517 agendum,
2740 448 2886 519 quod
2939 450 3156 510 Domini
3193 453 3463 511 voluntati
3513 469 3625 509 non
3659 471 3791 508 con-

546 549 727 608 gruat.

624 630 712 685 Xl.
741 630 898 686 Sicut
926 628 1177 700 operatio
1200 629 1516 694 aﬂ‘ectuum,
1538 641 1659 697 qua:
1686 634 1771 680 est
1788 624 2015 695 spiritus
2033 638 2115 675 er-

2296 622 2398 676 lA'.
2436 624 2647 698 Ὥσπερ
2681 628 2714 698 ἡ
2746 627 2997 698 ἐνέργεια
3029 630 3139 686 τῶν
3170 633 3389 697 παθῶν,
3423 636 3563 703 ὅπερ
3597 634 3710 686 ἐστὶ
3734 632 3793 683 τὸ

549 725 714 787 raris,
757 722 1107 777 tenebrarum
1146 733 1203 779 et
1251 722 1459 793 peccati
1504 719 1769 774 mundum
1814 717 1961 771 hunc
2006 714 2125 769 aui-

550 827 724 876 mans,
767 812 823 866 in
848 827 917 867 eo
947 812 1284 868 domicilium
1317 812 1530 866 obtinet
1564 811 1806 874 homine,
1866 806 1963 878 qui
2003 806 2123 876 ple-

548 919 660 958 nus
701 912 882 975 turget
931 904 1151 959 dictatis
1191 903 1473 974 sapientia:
1512 902 1748 958 carnalis
1779 918 1795 968 ;
1829 900 1904 956 ita
1932 917 1963 956 e
1993 912 2126 954 con—

549 995 738 1059 trario,
767 996 851 1049 vis
896 1003 952 1049 et
996 994 1246 1064 operatio
1288 994 1459 1049 lucidi
1519 993 1760 1063 Spiritus
1809 992 1863 1046 in
1899 990 2121 1046 homine

547 1082 886 1137 sanctiﬁcato
917 1082 1168 1149 habitat;
1200 1083 1354 1154 juxta
1405 1082 1679 1138 dicentem
1712 1099 1727 1135 :
1779 1081 1861 1135 An
1892 1082 2071 1151 σηιενί
2092 1110 2120 1122 -

547 1181 781 1226 mentum
804 1174 1039 1242 quwritis
1066 1175 1199 1245 ejus,
1228 1176 1318 1246 qui
1347 1176 1402 1228 in
1427 1191 1509 1228 me
1531 1174 1781 1245 loquitur,
1819 1173 2014 1229 Christi
2034 1174 2124 1227 "?

548 1264 617 1318 Et
652 1280 847 1319 rursus
900 1281 915 1319 :
960 1266 1083 1322 Vivo
1123 1276 1297 1321 autem
1332 1266 1451 1336 jam
1497 1283 1601 1320 non
1644 1283 1736 1335 ego
1766 1281 1785 1320 :
1826 1266 1953 1320 vivit
2005 1281 2123 1319 vero

544 1357 603 1411 in
632 1373 714 1411 me
742 1356 977 1413 Christus
994 1359 1060 1415 “.
1084 1361 1151 1415 Et
1186 1376 1200 1412 :
1236 1358 1538 1430 Quicunque
1566 1361 1621 1413 in
1642 1359 1849 1416 Christo
1870 1360 2123 1430 baptizati

547 1450 691 1513 estis,
718 1449 983 1505 Christum
1007 1452 1253 1506 induistis
1286 1452 1353 1506 ".
1381 1452 1449 1507 Et
1480 1450 1745 1506 Dominus
1769 1468 1785 1504 :
1852 1450 2122 1504 Veniemus

549 1555 643 1610 ego
666 1551 715 1594 et
744 1540 913 1595 Pater
940 1558 1105 1607 meus,
1122 1552 1170 1595 et
1194 1543 1515 1596 mansionem
1539 1542 1682 1613 apud
1706 1557 1826 1594 eum
1847 1542 2118 1612 faciemus.

2223 712 2517 783 ἐγκόσμιον
2560 716 2776 788 πνεῦμα
2825 718 2925 789 τῆς
2969 719 3218 792 πλάνης,
3270 723 3365 777 τοῦ
3418 725 3651 784 σκότους
3698 723 3796 789 τῆς

2224 804 2518 875 ἁμαρτιας,
2560 806 2831 879 ἀνθρώπῳ
2854 810 3084 882 τοιούτῳ
3117 812 3183 867 ἂν
3212 816 3571 885 ὲνοικήσειεν,
3602 815 3661 877 ὃς
3685 814 3792 868 διά-

2223 895 2401 959 πλεώς
2421 899 2539 951 ἐστι
2560 901 2908 971 φρονήματος
2932 906 3219 976 σαρκικοῦ·
3252 905 3395 960 οὕτω
3417 907 3582 960 πάλιν
3605 908 3637 974 ἡ
3659 908 3787 975 ὲνέρ

2221 988 2345 1057 γειά
2372 1007 2431 1043 τε
2463 990 2557 1043 καὶ
2580 992 2807 1063 δύναμις
2831 993 2926 1048 τοῦ
2955 997 3213 1065 φωτεινοῦ
3242 1000 3566 1068 Πνεῦματος
3593 999 3795 1067 ἀνθρώ,

2222 1097 2310 1150 πῳ
2343 1082 2420 1149 τῷ
2444 1083 2759 1150 ἀγιασθὲντι
2790 1086 3125 1155 ὲγκατοικεῖ,
3163 1092 3303 1143 κατά
3328 1092 3419 1143 τὸν
3444 1091 3694 1143 εἰπόνταο
3734 1094 3798 1143 Ei

2220 1170 2476 1240 δοκιμὴν
2499 1172 2716 1239 ζητεῖτε
2742 1177 2849 1231 τοῦ
2872 1179 2943 1231 ἐν
2977 1179 3110 1249 ἐμοῖ
3147 1181 3488 1247 ,λαλοῦντος
3514 1183 3733 1248 Χριστε
3744 1181 3798 1241 ὗς

2220 1262 2314 1315 καὶ
2340 1258 2524 1325 αὖθιςο
2561 1264 2654 1318 Ζῶ
2675 1264 2743 1317 δὲ
2772 1268 2883 1319 οὐκ
2908 1268 2995 1321 ἔτι
3016 1269 3149 1338 ἐγὼ,
3184 1268 3251 1338 ζῇ
3285 1270 3354 1323 δὲ
3385 1271 3457 1323 ἐν
3488 1271 3621 1338 ἐμοὶ
3660 1272 3795 1337 Χρι-

2219 1356 2366 1423 στός
2391 1370 2405 1384 ·
2461 1360 2553 1410 καὶ
2575 1400 2590 1422 ,
2627 1359 2792 1412 Ὅσοι
2838 1358 2908 1412 δὲ
2950 1363 3037 1427 εἰς
3072 1363 3330 1429 Χριστὸν
3371 1363 3794 1426 ἐϐαπτίσθητε,

2218 1448 2475 1514 Χριστὸν
2506 1448 2908 1505 ἐνεδύσασθε·
2947 1452 3041 1504 καὶ
3072 1453 3101 1505 ὀ
3134 1453 3354 1523 Κύριος·
3391 1454 3799 1520 Ἐλευσόιιεοα

2218 1537 2332 1607 ἐγώ
2358 1555 2423 1591 τε
2469 1539 2566 1593 καὶ
2599 1542 2632 1593 ὁ
2662 1541 2860 1608 Πατήρ
2885 1559 3005 1610 μου
3030 1584 3044 1606 ,
3098 1544 3195 1597 καὶ
3233 1543 3436 1612 μονὴν
3470 1544 3612 1610 παρ’
3638 1540 3799 1605 uti“?

550 1630 675 1686 llzec
704 1648 813 1688 non
837 1632 1091 1697 obscure,
1118 1649 1296 1703 neque
1326 1635 1521 1700 otiose,
1566 1634 1662 1689 sed
1707 1634 1764 1687 in
1803 1634 2009 1687 virtute
2066 1642 2115 1689 et

2220 1630 2573 1699 ποιήσομεν.
2629 1632 2813 1686 Ταῦτα
2859 1635 2959 1688 οὐκ
3003 1636 3249 1705 ἀδήλως,
3299 1634 3407 1688 οὐδ’
3451 1634 3795 1702 ἄνεργήτωςν

550 1726 779 1780 veritate
820 1726 909 1791 iis,
944 1726 1038 1796 qui
1089 1726 1238 1797 digni
1263 1728 1558 1793 habentur,
1592 1728 1801 1784 insunt.
1832 1726 1947 1783 Lex
1974 1728 2115 1783 enim

2219 1719 2335 1772 ἀλλ’
2388 1721 2448 1773 ἑν
2494 1721 2721 1793 δυνάμει
2771 1727 2865 1778 καὶ
2914 1725 3141 1796 ἀληθείᾳ
3189 1727 3302 1785 τοῖς
3348 1724 3798 1793 καταξιουμένοις

548 1816 702 1884 prius
728 1831 981 1871 sermone
1006 1826 1229 1886 experte
1255 1819 1576 1877 substantia:
1611 1821 1914 1876 instruebat
1938 1821 2115 1876 homi-

2220 1810 2515 1877 ἐγγίνεται.
2561 1812 2619 1863 '0
2670 1813 2768 1881 μὲν
2807 1814 2916 1885 γὰρ
2947 1816 3109 1884 νόμος
3150 1816 3210 1869 τὸ
3235 1814 3499 1885 πρότερον
3529 1814 3680 1882 λόγῳ
3711 1816 3800 1864 ἀν-

549 1920 665 1971 nes,
689 1921 852 1977 grave
878 1907 1013 1977 ipsis
1043 1914 1099 1961 et
1144 1907 1493 1979 importabile
1548 1910 1837 1980 imponens
1873 1913 2064 1983 jugum
2100 1950 2115 1976 ,

2220 1902 2508 1973 υποστάτῳ
2538 1902 2841 1973 ἐπέστρεφε
2871 1905 2995 1968 τοὺς
3022 1906 3371 1975 ἀνθρώπους,
3410 1905 3583 1977 βαρὺν
3613 1906 3801 1965 αὐτοῖς

545 2006 604 2051 ct
629 1996 840 2051 nullum
874 1997 1062 2051 valens
1088 1997 1369 2068 porrigere
1412 2000 1715 2067 auxilium;
1749 2017 1817 2057 ex
1860 2017 1927 2057 eo
1969 2001 2114 2071 quod

2219 1990 2313 2043 καὶ
2344 1991 2683 2063 δυτφόρητον
2706 1994 2965 2059 ἐπιτιθεὶς
3009 1996 3099 2047 τὸν
3128 1995 3292 2063 ζυγὸν
3316 2036 3331 2059 ,
3380 1997 3474 2048 καὶ
3522 1995 3802 2063 μηδεμίαν

548 2100 660 2138 non
715 2092 901 2155 posset
929 2085 1194 2142 virtutem
1246 2088 1486 2159 Spiritus
1521 2090 1790 2147 conferre.
1835 2091 1989 2147 Sicut
2042 2092 2115 2147 ait

2217 2080 2373 2145 εἰδὼς
2394 2082 2605 2154 ὀρέγειν
2630 2083 2900 2154 βοήθειαν,
2929 2086 3085 2139 τοῦτο
3111 2086 3167 2139 δὲ
3194 2085 3346 2158 παρὰ
3367 2086 3429 2139 τὸ
3452 2086 3529 2156 μὴ
3553 2086 3801 2146 δυνατῶς

547 2174 788 2230 Paulus:
833 2175 973 2229 Nam
1006 2178 1146 2247 quod
1166 2179 1482 2249 impossibile
1504 2191 1620 2236 erat
1652 2182 1784 2253 legi,
1810 2184 1865 2237 in
1903 2199 2005 2253 quo
2033 2184 2115 2237 in-

2216 2172 2358 2244 ἔχειν
2388 2173 2486 2245 τὴν
2515 2175 2609 2229 τοῦ
2642 2176 2958 2245 Πνεύματος
2981 2177 3205 2246 δύναμιν
3236 2180 3495 2247 παρέχειν
3517 2195 3534 2212 ·
3581 2178 3659 2230 τὸ
3692 2177 3800 2245 γὰρ

546 2264 974 2337 ﬁrmabaturper
1002 2284 1217 2323 carnem
1246 2269 1312 2335 ",
1363 2279 1473 2325 etc.
1500 2272 1584 2327 Ab
1633 2272 1873 2326 adventu
1931 2281 2114 2327 autem

2216 2263 2538 2331 ἀδύνατον,
2567 2267 2722 2337 φησὶ,
2755 2267 2863 2321 τοῦ
2888 2269 3076 2336 νόμου
3109 2268 3179 2321 ἐν
3203 2262 3251 2335 ᾧ
3276 2268 3523 2335 ἠσθένει
3553 2267 3658 2320 διὰ
3691 2267 3803 2333 τῆς

545 2354 751 2410 Christi
782 2358 987 2412 ostium
1016 2359 1205 2429 gratia:
1225 2360 1585 2417 credentibus
1613 2362 1671 2416 in
1689 2364 1923 2419 veritate
1953 2380 2115 2435 aper-

2216 2357 2439 2426 σαρκὸς
2458 2397 2473 2423 ,
2511 2358 2605 2412 καὶ
2633 2358 2782 2429 ἑξῆς.
2821 2358 2955 2411 Ἀπὸ
2985 2358 3041 2411 δὲ
3068 2358 3166 2427 τῆς
3190 2358 3427 2429 Χριστοῦ
3458 2359 3796 2427 παρουσίας,

548 2454 662 2499 tum
694 2448 1046 2519 est;Deique
1068 2449 1244 2505 virtus
1292 2458 1348 2506 et
1409 2451 1657 2522 operatio
1706 2452 1945 2524 Spiritus
1982 2455 2115 2526 ipsis

2216 2451 2246 2522 η
2284 2449 2425 2521 θύρα
2475 2451 2574 2522 τῆς
2607 2451 2830 2524 χάριτος
2860 2454 2975 2515 τοῖς
3007 2454 3065 2506 ὲν
3095 2453 3325 2523 ἀληθείᾳ
3353 2452 3692 2506 πιστεύσασι
3724 2452 3801 2503 δι-

546 2535 948 2606 suppeditatur.

2216 2540 2441 2613 ηνοεχθη
2472 2582 2487 2608 ,
2540 2541 2770 2613 δύναμίς
2798 2560 2857 2596 τε
2888 2542 3024 2596 Θεοῦ
3074 2544 3166 2596 καὶ
3194 2542 3447 2613 ἐνέργεια
3474 2542 3799 2612 Πνεύματος

2213 2635 2398 2698 αὐτοῖς
2426 2637 2766 2705 χορηγεῖται.

2284 2723 2381 2779 IB'.
2436 2723 2710 2794 Χριστοῦ,
2758 2724 2859 2793 τῆς
2900 2724 3122 2795 πρώτης
3167 2724 3259 2778 καὶ
3306 2725 3549 2795 φυσικῆς
3590 2724 3799 2791 ἀγειθό⁴

2212 2828 2394 2882 τητος,
2423 2812 2524 2883 τὴν
2545 2811 2753 2883 δωρεὰν
2779 2811 2873 2864 τοῦ
2894 2812 3204 2893 Πνεῦματος
3230 2816 3343 2877 τοῖς
3366 2813 3537 2877 θείοις
3560 2814 3799 2879 διαπέμ-

612 2712 729 2770 Xll.
756 2716 1047 2789 Postquam
1070 2719 1345 2785 Christus,
1385 2722 1561 2794 prima
1585 2732 1641 2780 et
1659 2726 1926 2782 naturalis
1956 2727 2115 2782 boni-

543 2814 650 2869 tas,
682 2805 888 2862 donum
912 2808 1153 2879 Spiritus
1190 2813 1393 2870 divinis
1444 2816 1746 2871 transmisit
1787 2817 2110 2888 discipulis;

541 2898 740 2955 exinde
757 2900 1110 2958 credentibus
1133 2904 1320 2960 divina
1355 2907 1445 2962 illa
1476 2908 1655 2964 virtus
1674 2909 2033 2976 obumbrans,
2056 2920 2114 2967 et

2216 2900 2414 2971 ψαντος
2468 2899 2767 2970 μαθηταῖς,
2822 2898 3030 2953 ἐκεῖθεν
3080 2901 3251 2954 ἅπασι
3291 2902 3409 2963 τοῖς
3438 2900 3799 2952 πιστεύουσιν

540 3004 729 3045 eorum
754 2992 1066 3049 inhabitans
1092 2995 1324 3062 animas,
1369 2998 1621 3054 medetur
1647 3001 1869 3071 quidem
1900 3003 2113 3072 passio~

2216 2996 2246 3065 ή
2278 2993 2399 3046 θεία
2425 2992 2658 3063 δύναμις
2689 2991 2869 3062 ἐκείνη
2899 2991 3325 3056 ἐπισκιάζουσα,
3362 2993 3459 3045 καὶ
3492 2993 3621 3048 tui:
3650 2992 3797 3043 ἑκεί-

545 3081 709 3137 nibus
729 3085 962 3152 peccati,
994 3087 1239 3142 tenebris
1268 3098 1451 3144 autem
1480 3098 1539 3145 et
1570 3100 1749 3147 morte
1784 3093 1933 3163 ipsos
1972 3094 2112 3151 libe-

2216 3102 2319 3139 νων
2351 3082 2746 3152 ὲγκατοικοῦσα
2775 3081 2971 3153 ψυχαῖς
2995 3122 3011 3147 ,
3054 3083 3171 3136 ἰᾶτο
3202 3082 3303 3153 μὲν
3332 3082 3443 3136 τῶν
3471 3082 3671 3135 παθῶν
3700 3082 3799 3149 τῆς

542 3180 648 3226 rat.
677 3172 920 3229 Eatenus
946 3175 1150 3245 quippe
1167 3184 1225 3232 et
1257 3179 1539 3236 vulnerata
1576 3190 1632 3237 et
1664 3195 1886 3238 carcere
1926 3184 2110 3241 clausa

2212 3173 2509 3245 ἁμαρτιας,
2540 3172 2633 3227 τοῦ
2662 3173 2887 3235 σκότους
2914 3171 2973 3224 δὲ
3000 3172 3093 3224 καὶ
3120 3172 3218 3242 τῆς
3242 3170 3571 3242 πκρὼσεως
3598 3170 3798 3230 αὐτοὺς

542 3266 662 3315 erat
697 3262 881 3317 anima
905 3309 917 3321 .
953 3273 1009 3318 et
1051 3265 1281 3334 caligine
1319 3271 1527 3338 peccati
1560 3272 1806 3342 undique
1859 3289 2113 3346 compre-

2216 3266 2523 3339 ἀπήλλαττε
2548 3281 2564 3298 ⁸
2619 3264 2711 3319 καὶ
2757 3267 2866 3335 γὰρ
2922 3264 3083 3335 μέχρι
3115 3262 3234 3317 τότε
3264 3260 3714 3335 τετραυματιστό
3738 3275 3795 3310 τι

542 3351 733 3407 hensa.
768 3354 1016 3424 Denique
1058 3372 1207 3412 nunc
1236 3373 1457 3429 quoque
1490 3361 1672 3416 anima
1721 3363 1966 3419 nondum
1983 3382 2108 3437 gra-

541 3444 675 3499 tiam
695 3446 886 3501 sortita
906 3448 1303 3506 inhabitantem
1339 3454 1397 3508 in
1426 3469 1486 3509 se
1512 3454 1805 3511 Dominum
1837 3458 2112 3527 habendi;

542 3552 645 3592 nec
668 3537 722 3591 iu
753 3552 813 3593 se
838 3539 1029 3596 intime
1051 3544 1325 3600 sentiendi
1350 3546 1733 3603 iul'ormantem
1749 3552 2113 3609 animantem-

539 3644 648 3700 que
679 3645 819 3697 sese,
853 3649 916 3688 ac
944 3636 1167 3704 penitus
1195 3637 1581 3696 fecundantem
1615 3644 1764 3698 omni
1792 3648 2111 3715 operatione

540 3722 796 3778 virtutem
825 3724 1061 3795 Spiritus
1094 3727 1288 3795 divini,
1314 3731 1371 3784 in
1394 3732 1635 3788 tenebris
1656 3735 1838 3790 adhuc
1860 3748 1965 3792 est.
1983 3738 2113 3804 Qui-

542 3815 646 3869 bus
667 3823 849 3871 autem
875 3816 1045 3872 divini
1079 3819 1319 3889 Spiritus
1341 3825 1661 3893 supervenit
1692 3828 1884 3896 gratia,
1911 3838 1967 3884 et
1991 3830 2115 3886 imis

540 3911 741 3965 mentis
769 3910 1012 3980 ipsorum
1043 3916 1415 3983 penetralibus
1445 3918 1647 3974 insedit
1672 3936 1687 3986 ;
1712 3920 1799 3976 bis
1847 3937 1976 3978 sane
2008 3924 2115 3980 Do-

542 4003 724 4057 minus
756 4004 875 4058 vice
906 4005 1102 4060 animae
1128 4016 1233 4062 est.
1290 4006 1394 4073 Qui
1428 4012 1567 4064 enim
1591 4012 1821 4067 adhaeret
1848 4012 1956 4067 Deo
2004 4015 2113 4086 (di-

540 4096 701 4150 vinus
731 4097 807 4151 ait
834 4097 1168 4167 Apostolus),
1202 4101 1257 4154 in
1290 4117 1454 4157 unum
1479 4120 1598 4158 cum
1616 4121 1674 4157 eo
1690 4105 1942 4172 coalescet
1969 4106 2114 4176 ,δρί-

540 4187 699 4240 ritum
719 4187 784 4240 ⁵⁸.
808 4187 877 4241 Ει
914 4189 1030 4257 ipse
1055 4189 1338 4257 Dominus,
1372 4191 1518 4247 Sicut
1538 4201 1612 4261 tu,
1640 4194 1819 4265 Pater,
1844 4199 1899 4253 in
1928 4215 2031 4265 me,
2066 4209 2116 4253 et

541 4295 635 4350 rgo
662 4281 718 4334 in
750 4288 816 4344 te,
848 4282 925 4335 ita
949 4289 997 4334 et
1025 4284 1129 4353 ipsi
1152 4285 1207 4338 in
1226 4285 1370 4339 nobis
1400 4303 1561 4341 unum
1594 4288 1701 4342 sint
1726 4289 1790 4347 ⁸⁸.
1823 4290 1868 4346 0
1894 4292 2115 4348 bonita-

548 4381 657 4425 tem
685 4379 741 4426 et
764 4370 1137 4441 dignationem
1170 4374 1439 4431 indultam
1481 4387 1695 4434 tantum
1741 4381 2015 4451 depressae
2082 4398 2112 4439 a

544 4460 754 4515 malitia
810 4462 1092 4517 hominum
1154 4469 1397 4521 naturae!
1443 4468 1717 4524 Caternm
1766 4472 1847 4525 uti
1893 4472 2113 4542 quando

544 4545 802 4614 pravitati
830 4547 1088 4601 vitiorum
1120 4550 1455 4616 adhaerebat,
1487 4552 1689 4617 anima,
1732 4569 1899 4609 unum
1941 4556 2113 4610 idem—

2215 3360 2310 3413 καὶ
2342 3358 2719 3428 πεφυλάκιστο
2752 3359 2786 3427 ἡ
2815 3355 2960 3427 ψυχὴ
2986 3356 3080 3410 καὶ
3104 3357 3185 3424 τῷ
3208 3355 3356 3426 ζόφῳ
3384 3357 3488 3422 τῆς
3514 3353 3795 3424 ἁμαρτίας

2212 3452 2439 3521 κάτοχος
2482 3446 2570 3521 ἦν.
2630 3446 2849 3517 Ἀμέλει
2896 3448 2990 3501 καὶ
3026 3446 3123 3501 νῦν
3148 3448 3293 3517 ψυχὴ
3341 3448 3509 3517 μήπω
3543 3446 3796 3499 σύνοικον

2213 3542 2357 3611 ἔχειν
2410 3538 2699 3606 ἀξιωθεῖσα
2749 3540 2841 3593 τὸν
2885 3540 3119 3609 Κύριον,
3161 3540 3293 3610 μηδὲ
3323 3541 3428 3609 τὴν
3455 3539 3552 3592 τοῦ
3586 3538 3794 3606 ἀγαθοῦ

2213 3632 2530 3702 Πνεῦματος
2562 3632 2789 3702 δύναμιν
2818 3632 3187 3704 ὲνεργητικῶς
3216 3634 3353 3703 αὑτῇ
3387 3633 3486 3685 καὶ
3514 3633 3669 3686 κατὰ
3696 3635 3796 3683 πᾶα

2214 3743 2314 3778 σαν
2345 3726 2573 3795 δύναμιν
2602 3726 2696 3779 καὶ
2721 3725 3094 3796 πληροφορίαν
3122 3723 3609 3795 ὲπισκηνῶσασαν,
3635 3727 3698 3776 ἐν
3722 3723 3797 3792 τῷ

2216 3817 2397 3872 σκότει
2426 3816 2594 3871 ἐστίν·
2624 3811 2706 3881 οἷς
2734 3818 2790 3871 δὲ
2819 3816 2913 3870 τοῦ
2942 3817 3087 3870 θείου
3114 3815 3431 3885 Πνεῦματος
3461 3816 3795 3884 tremimus

2214 3908 2373 3979 χάρις
2397 3948 2413 3975 ,
2446 3908 2543 3961 καὶ
2570 3911 2682 3972 τοῖς
2710 3908 3029 3979 βαθυτάτοις
3060 3906 3156 3960 τοῦ
3198 3907 3317 3970 νοὸς
3360 3907 3550 3960 αὐτῶν
3597 3908 3796 3973 ἐγκατ-

2214 4000 2430 4073 ᾠκησε,
2464 4000 2671 4064 τούτοις
2717 3999 2781 4071 δὴ
2825 3999 2916 4052 καὶ
2960 4001 2987 4052 ὁ
3028 3998 3232 4069 Κύριος
3255 3999 3330 4061 ὡς
3364 3997 3513 4069 ψυχὴ
3546 3999 3795 4065 γίνεταιο

2228 4094 2291 4145 Ὃ
2319 4093 2429 4160 γὰρ
2461 4090 2839 4160 κολλώμενος
2863 4090 2943 4156 τῷ
2963 4091 3172 4157 Κυρίῳ,
3207 4091 3237 4143 ὁ
3260 4090 3402 4153 θεῖός
3432 4107 3607 4160 φησιν
3644 4090 3797 4143 Ἀπό-

2217 4185 2427 4248 στολος,
2480 4185 2569 4250 εις
2597 4182 2667 4236 ἐν
2695 4182 2930 4250 πνεῦμα
2958 4182 3129 4236 ἔσται
3154 4198 3169 4211 ·
3217 4183 3312 4235 καὶ
3344 4182 3511 4245 αὐτὸς
3537 4181 3602 4234 δὲ
3628 4184 3659 4234 ὁ
3684 4182 3795 4234 K15-

2216 4290 2349 4348 ριος·
2384 4276 2614 4344 Ὠσπερ
2636 4274 2752 4343 ἐγὼ
2787 4273 2884 4327 καὶ
2913 4273 2997 4327 σὺ
3031 4273 3325 4343 ἕνέσμεν,
3361 4273 3465 4326 ἵνα
3493 4274 3601 4327 καὶ
3634 4269 3795 4328 οὕτω

2211 4369 2282 4421 ἐν
2323 4367 2470 4436 ἡμῖν
2517 4366 2589 4420 ἓν
2627 4362 2798 4422 ὦσιν.
2836 4367 2903 4418 Ὢ
2932 4365 3266 4437 ἀγαθότητος
3303 4367 3400 4418 καὶ
3431 4365 3689 4428 εὐδοκίας

2212 4457 2403 4527 ἔτυχεν
2452 4458 2486 4526 ὴ
2536 4455 2681 4509 οὕτω
2722 4455 2859 4526 πρὸς
2889 4455 2988 4524 τῆς
3019 4456 3214 4519 κακίας
3248 4458 3662 4510 ταπεινωθεῖσα
3694 4457 3795 4508 τῶν

2213 4547 2515 4617 ἀνθρώπων
2562 4546 2760 4616 φύσιςί
2818 4546 2965 4618 Πλὴν
3003 4546 3118 4599 ἀλλ’
3147 4548 3269 4599 ἐπεὶ
3297 4548 3389 4600 καὶ
3419 4552 3488 4617 τῇ
3518 4549 3797 4619 [401013969

540 4652 651 4705 que
691 4639 847 4708 quasi
874 4652 997 4692 cum
1032 4639 1166 4709 ipsis
1208 4649 1359 4709 erat;
1396 4650 1452 4697 et
1496 4658 1807 4713 quanquam
1834 4647 2108 4715 propriam

2216 4641 2324 4694 τῶν
2371 4639 2561 4694 παθῶν
2608 4641 2641 4710 ὴ
2687 4639 2832 4710 ψυχὴ
2883 4638 3113 4693 συνοῦσα
3141 4639 3200 4691 ἒν
3236 4638 3429 4709 ὥσπερ
3472 4640 3599 4709 μετ’
3634 4642 3794 4707 αὖτῆς

545 4724 785 4793 habebat
815 4726 1174 4794 voluntatem,
1210 4737 1395 4784 tamen
1411 4731 1560 4799 quod
1592 4731 1667 4785 illi
1723 4732 1969 4803 lubebat,
2010 4751 2112 4790 ne-

543 4815 736 4885 quibat
781 4815 984 4873 facere.
1014 4818 1168 4885 Quod
1184 4828 1241 4875 et
1272 4818 1474 4877 Paulus
1496 4821 1567 4877 de
1596 4838 1654 4877 se
1685 4825 1792 4878 ait:
1834 4824 1949 4879 Non
1976 4827 2114 4880 enim

545 4905 688 4975 quod
711 4906 828 4959 volo
848 4908 946 4960 hoc
993 4908 1134 4969 facio
1165 4910 1211 4941 '°
1240 4925 1256 4976 ;
1312 4916 1522 4980 quanto
1543 4910 1736 4982 utique
1781 4914 1955 4984 magis
2015 4915 2111 4970 Dei

542 4996 747 5052 virtute
776 5013 899 5053 cum
922 4999 1261 5056 sanctiﬁcata
1321 5010 1379 5057 et
1431 5003 1597 5074 digna
1648 5020 1717 5059 eo
1754 5004 1898 5060 facta
1929 5007 2110 5062 anima

544 5088 935 5153 conveniente,
981 5090 1035 5144 in
1085 5107 1251 5146 unam
1299 5092 1391 5148 illa
1432 5109 1557 5148 cum
1614 5095 1727 5150 Deo
1770 5098 2110 5153 voluntatem

543 5169 697 5224 erit?
724 5170 813 5227 Fit
835 5173 983 5227 enim
1018 5176 1199 5231 anima
1237 5186 1369 5232 tunc
1419 5194 1551 5234 vere
1582 5183 1738 5247 quasi
1786 5181 1965 5239 anima
1992 5183 2111 5245 Dei.

545 5277 646 5329 per
681 5269 786 5321 hoc
807 5265 953 5334 quod
981 5277 1195 5335 sponte,
1256 5277 1314 5324 et
1334 5285 1400 5324 ex
1444 5270 1728 5340 proposito
1774 5274 1985 5343 regenti
2051 5290 2111 5330 se

544 5354 822 5413 submittit
842 5359 971 5414 boni
995 5359 1234 5429 Spiritus
1284 5362 1504 5427 virtuti;
1537 5370 1594 5416 et
1625 5378 1724 5431 per
1749 5367 1983 5435 propriae
2013 5383 2109 5422 vo-

492 5465 494 5467 ’
540 5448 776 5506 mutatis
818 5450 936 5505 vias
1003 5466 1113 5505 non
1164 5450 1401 5524 amplius
1476 5453 1739 5508 ambulat.
1767 5453 1897 5520 Quis
1970 5458 2112 5515 enim

614 5673 659 5704 "
691 5674 749 5750 ll
783 5674 909 5750 _Cor.
934 5692 1042 5741 xm.
1073 5676 1152 5750 '5.‘
1173 5747 1184 5750 _
1205 5676 1247 5707 ""
1270 5676 1390 5750 Gal:
1420 5691 1478 5741 lt,
1526 5678 1613 5733 20.
1691 5679 1735 5711 ⁸⁸
1771 5680 1888 5737 Gal.
1920 5698 2001 5750 ιιι,
2035 5681 2123 5739 9.7.

546 5744 631 5802 Π.
710 5744 932 5809 "loau.
973 5746 1213 5811 xvu,2l.
1293 5748 1336 5779 ⁵ο
1370 5749 1524 5803 Rom.
1556 5764 1670 5814 van,
1714 5751 1793 5806 l9.

2217 4729 2285 4805 ἧν
2315 4775 2329 4799 ,
2385 4732 2488 4786 κᾶν
2539 4733 2668 4795 ἴδιος
2712 4728 2825 4803 εἶχε
2871 4732 3117 4802 θέλημα,
3162 4733 3298 4786 ἀλλά
3337 4734 3400 4785 τὸ
3430 4734 3634 4786 δοκοῦν
3665 4736 3796 4803 αὐτῇ

2220 4824 2394 4876 ποιεῖν
2443 4822 2542 4874 οὐκ
2585 4820 2827 4874 ἐδύνατο.
2860 4823 2924 4874 Ὃ
2956 4822 3052 4874 καὶ
3085 4819 3296 4882 Παῦλὸς
3326 4836 3528 4889 φησιν·
3572 4823 3663 4873 Οὐ
3694 4821 3797 4887 γὰρ

2219 4914 2251 4967 ὃ
2284 4913 2436 4969 θέλω
2467 4912 2641 4966 τοῦτο
2666 4910 2814 4965 ποιῶ
2835 4928 2849 4941 ·
2905 4911 3057 4981 πόσῳ
3084 4928 3147 4978 γε
3181 4910 3381 4980 μᾶλλον
3409 4912 3509 4981 τῆς
3538 4910 3640 4963 τοῦ
3667 4908 3793 4963 Θεοῦ

2215 5004 2499 5073 δυνάμεως
2538 5004 2604 5073 τῇ
2639 5000 2963 5071 ἀγιασθείσῃ
2991 5001 3085 5053 καὶ
3109 5000 3235 5071 ἁξῐᾳ
3259 4999 3452 5052 τούτου
3477 4998 3792 5066 γεγενημέ-

2216 5112 2280 5165 νῃ
2326 5094 2470 5163 ψυχῇ
2522 5090 2881 5155 συνελθούσης
2900 5130 2916 5153 ,
2960 5090 3041 5151 εἰς
3070 5089 3127 5141 ἓν
3156 5088 3303 5157 αὐτῷ
3330 5089 3483 5142 ἔσται
3511 5089 3581 5142 τὸ
3607 5089 3793 5141 τούτου

2213 5186 2464 5254 θέλημας
2513 5183 2722 5251 γίνεται
2766 5181 2874 5252 γὰρ
2920 5182 2952 5249 ἡ
2997 5180 3142 5250 ψυχὴ
3188 5180 3310 5232 τότε
3353 5181 3492 5248 πρὸς
3532 5178 3792 5249 ἀλήθειαν

2210 5278 2286 5337 ὡς
2321 5276 2467 5345 ψυχὴ
2500 5273 2594 5327 τοῦ
2628 5273 2832 5344 Κυρίου
2858 5289 2871 5303 ο
2925 5271 3003 5342 τῷ
3046 5273 3222 5324 ἑκοντὶ
3258 5271 3354 5331 καὶ
3388 5272 3535 5324 κατὰ
3568 5272 3792 5340 γνώμην

2211 5370 2316 5423 ὑπὸ
2342 5369 2444 5437 τῆς
2469 5366 2562 5420 τοῦ
2592 5364 2799 5432 ἀγαθοῦ
2830 5362 3146 5433 Πνεύματος
3170 5362 3461 5429 δυνάμεως
3495 5362 3789 5431 βασιλεύε-

2210 5458 2357 5522 σθαι,
2408 5457 2504 5512 καὶ
2548 5454 2814 5526 θελήματι
2840 5454 2956 5524 ἰδίῳ
2988 5452 3185 5524 μηκέτι
3214 5452 3389 5523 αὐτὴν
3416 5452 3785 5524 πορεῦεσθαι’

2233 5683 2277 5713 ⁵⁸
2306 5682 2461 5737 Joan.
2498 5696 2607 5747 xw,
2636 5680 2726 5735 9.5.
2808 5679 2864 5751 ,⁸⁷
2907 5679 3063 5735 Rom.
3118 5692 3212 5742 vn,
3243 5678 3296 5732 5.
3398 5677 3445 5711 ⁵³
3494 5676 3516 5733 l
3556 5676 3689 5735 Cor.
3716 5690 3786 5740 vr,
